4024 6198
328 315 433 375 395
881 321 893 335 ‘
1370 306 1886 368 GLAPBYRORUM
1929 312 1995 367 IN
2034 309 2319 369 EXODUM
2358 310 2487 369 LIB.
2527 315 2567 369 ι.
3482 323 3587 381 δςη

328 431 422 485 καὶ
453 428 744 501 ίσότητιτῇ
776 428 912 501 πρὸς
941 426 1171 490 αὐτὸν,ὀ
1199 425 1259 491 ἒξ
1287 426 1454 481 αὐτοῦ
1474 444 1532 481 τε
1556 427 1653 481 καὶ
1679 428 1737 479 ὲν
1758 426 1893 497 αὐτᾷ

2011 430 2311 484 secundum
2363 440 2615 486 naturam
2665 430 2854 495 Filius,
2888 430 3182 488 demittcns
3234 435 3475 506 seipsum
3517 443 3585 496 ad

327 527 468 582 κατὰ
497 524 661 596 φύσιν
697 523 844 589 Υίδς,
880 522 1072 586 καθεὶς
1105 522 1294 577 ἑαυτὸν
1321 525 1401 588 είς
1430 523 1682 589 κένωσιν,
1715 523 1893 593 γέγονε

2010 521 2440 603 οξίιιιιηίιίοηειιιι
2465 523 2641 577 factus
2659 533 2745 578 est
2764 524 2908 578 sicut
2930 540 3031 579 nos
3056 526 3193 591 ⁸⁶·¹¹,
3225 536 3389 598 atque
3415 539 3583 587 utsa-

324 618 451 674 καθ’
472 618 643 689 ἡμᾶς,
672 615 748 681 ὥς
768 633 933 687 φησιν
948 617 977 670 6
999 615 1165 685 σοφὸς
1191 615 1589 687 εὐαγγελιστὴς
1631 616 1893 688 Ἰωάννης.

2008 612 2169 681 piens
2191 614 2525 684 evangelista
2548 615 2786 671 Joannes
2809 615 3105 685 inquit,1in
3129 622 3353 690 propria
3372 626 3541 679 venit.
3560 647 3575 675 ι

329 730 349 763 1
384 712 469 775 είς
498 710 568 764 τὰ
598 708 709 763 ἴδια
733 704 954 779 ἦλθεν.»
989 706 1296 778 ’Δπεστάλη
1328 707 1458 778 γὰρ,
1499 707 1574 771 ὡς
1601 708 1763 771 αὐτός
1800 707 1893 761 πού

2005 703 2204 759 Missus
2226 706 2373 760 enim
2408 715 2513 771 est,
2538 714 2599 761 ut
2625 707 2856 778 ipsemet
2881 709 3012 763 alibi
3047 709 3247 779 inquit,
3286 731 3303 763 1
3349 713 3415 768 ad
3456 733 3587 771 oves

322 819 544 877 φησιν,ι
579 804 656 865 είς
684 799 756 854 τὰ
788 799 1110 854 ἀπολωλότα
1139 797 1389 869 πρόϐατα
1420 798 1569 852 οἴκου
1615 797 1831 871 Ἰσραήλ
1850 812 1893 849 Ἰ

2008 798 2256 868 perditas
2277 799 2474 854 domus
2496 799 2662 854 Israel
2693 799 2793 865 ’³,ι
2827 799 2921 855 sed
2956 801 3067 856 asui
3091 800 3271 872 ipsum
3296 820 3405 859 non
3434 822 3586 863 rece-

321 894 439 949 ἀλλ*
473 912 494 946 1
521 896 569 947 οἰ
596 893 719 947 ἴδιοι
742 890 907 946 αὐτὸν
937 890 1000 944 οὐ
1045 890 1380 961 παρὲΑαῦον.
1420 907 1439 941 ι
1484 888 1774 959 Τοιγάρτοι
1805 889 1896 941 καὶ

320 987 443 1040 λίαν
476 984 740 1058 ἑπῃτιᾶτο
782 982 982 1045 αὐτοὺς
1026 981 1117 1036 διὰ
1173 981 1359 1052 φωνῆς
1412 981 1635 1035 Ἡσαΐου
1686 979 1862 1047 λέγων
1886 995 1899 1011 ’

322 1100 340 1131 ι
379 1080 613 1141 Ἀκουε,
656 1075 873 1148 οὐρανὲ,
910 1074 1006 1129 καὶ
1057 1073 1342 1138 ἑνωτίζου,
1375 1075 1408 1143 ἡ
1441 1072 1537 1143 γῆ,
1578 1074 1660 1125 ὅτι
1693 1070 1901 1143 Κύριος

317 1172 615 1242 ἐλάλησεν·
651 1169 816 1233 Υίοὺς
859 1167 1130 1237 ἐγέννησα
1162 1166 1255 1220 καὶ
1290 1164 1504 1236 ὕψωσα,
1558 1163 1712 1217 αὐτοὶ
1748 1163 1804 1216 δέ
1833 1179 1899 1234 με

316 1264 613 1335 ἠθέτησαν.
637 1260 821 1331 Ἔγνω
851 1259 979 1331 βοὺς
1014 1259 1105 1312 τὸν
1131 1258 1495 1329 κτησάμενον.
1531 1257 1627 1310 καὶ
1655 1255 1775 1319 ὄνος
1801 1255 1899 1327 τὴν

315 1357 533 1427 φάτνην
563 1353 658 1407 τοῦ
698 1352 892 1420 κυρίου
933 1349 1120 1412 αὑτοῦ,
1162 1347 1382 1420 Ἰσραὴλ
1408 1347 1465 1401 δέ
1498 1364 1565 1417 με
1606 1346 1706 1400 οὐκ
1734 1345 1895 1414 ἔγνω,

314 1448 409 1501 καὶ
433 1449 464 1501 6
495 1445 624 1508 λαός
651 1461 721 1516 με
752 1443 812 1497 οὐ
842 1441 1066 1511 συνῆκε.
1104 1459 1122 1493 ι
1158 1437 1691 1511 Προσκεκρουκότων
1722 1435 1785 1508 δὴ
1803 1432 1896 1488 οὖν

210 1540 213 1543 ’
313 1535 426 1589 τῶν
453 1534 513 1602 ἐξ
532 1533 764 1604 αἵματος
792 1530 1028 1603 Ἰσραὴλ.
1057 1529 1152 1582 καὶ
1173 1528 1261 1582 τὸν
1288 1526 1449 1598 φύσει
1475 1543 1535 1580 τε
1558 1526 1653 1579 καὶ
1679 1524 1896 1596 ἀληθῶς

311 1625 598 1695 Δεσπότην
620 1623 721 1676 οὐκ
733 1620 1149 1690 ὲπεγνωκὸτων,
1164 1618 1546 1689 εἱσκέκληνται
1561 1615 1647 1669 διὰ
1661 1616 1896 1679 πίστεως

309 1720 357 1772 ti
385 1716 501 1770 τῶν
531 1714 768 1768 εἰδώλων
790 1711 1183 1784 προσκυνηταὶ,
1209 1709 1302 1763 καὶ
1323 1709 1356 1780 ἠ
1378 1707 1484 1762 τῶν
1509 1706 1685 1760 ἀθέων
1705 1706 1894 1760 ἀνοσία

2004 898 2205 960 perunt
2229 892 2293 945 ’ἣ
2328 910 2346 943 ι
2383 890 2539 947 Unde
2569 901 2625 947 et
2645 892 2889 963 graviter
2913 908 3009 949 eos
3032 896 3323 965 accusavit,
3342 911 3443 967 per
3488 915 3583 952 vo-

2002 996 2121 1038 cem
2156 983 2329 1049 Isaiae,
2359 984 2582 1040 dicens:
2605 1004 2622 1037 1
2651 985 3129 1052 Audi,cmlum,et
3151 990 3393 1054 attende,
3413 998 3579 1054 terra.

2002 1076 2132 1149 quia
2157 1077 2424 1133 Dominus
2446 1078 2664 1134 locutus
2695 1085 2779 1133 est
2805 1096 2818 1132 :
2848 1078 3015 1134 Filios
3039 1081 3324 1151 procreavi
3351 1092 3408 1136 et
3431 1085 3581 1139 exal-

2004 1168 2148 1235 tavi;
2179 1168 2342 1241 249
2362 1170 2466 1240 ipsi
2496 1178 2680 1225 autem
2708 1186 2795 1227 me
2828 1172 3156 1243 reiecerunt.
3192 1172 3461 1249 cognovit
3482 1176 3581 1232 bos

1999 1272 2373 1326 possessorem
2416 1274 2599 1325 suum,
2649 1267 2706 1314 et
2726 1259 2915 1316 asinus
2936 1275 3179 1331 pnesepe
3207 1258 3414 1316 domini
3439 1264 3523 1318 sui
3557 1280 3573 1317 :

2000 1343 2166 1402 Israel
2190 1357 2373 1404 autem
2398 1365 2485 1405 me
2536 1365 2647 1405 non
2693 1351 2968 1423 cognovit,
3004 1367 3108 1407 nec
3152 1353 3389 1424 populus
3425 1370 3582 1410 meus

1999 1454 2088 1495 me
2120 1439 2391 1496 intellexit
2414 1442 2480 1494 ⁸⁸.
2513 1459 2532 1493 ι
2579 1441 2715 1497 Cum
2755 1443 2924 1513 igitur
2972 1443 3234 1498 lsraelitaa
3276 1458 3470 1500 verum
3515 1461 3579 1500 ac

1998 1532 2307 1587 naturalem
2343 1533 2637 1588 Dominum
2676 1549 2787 1589 non
2813 1535 3194 1606 cognoverint,
3227 1543 3359 1593 tunc
3399 1540 3579 1594 vocati

1998 1630 2125 1676 sunt
2144 1638 2242 1691 per
2268 1620 2429 1678 ﬁdem
2459 1623 2731 1679 idolorum
2759 1625 3021 1688 cultores,
3055 1633 3110 1680 et
3150 1627 3440 1684 atheorum
3472 1630 3577 1686 im-

2000 1729 2139 1784 pura
2159 1721 2323 1785 atque
2346 1716 2700 1771 exsecrabilis
2720 1717 3038 1781 multitudo,
3064 1730 3224 1773 suum
3249 1718 3580 1791 Redempto-

307 1826 369 1864 τι
401 1808 502 1863 καὶ
529 1805 907 1878 βδελυρωτάτη
941 1802 1152 1874 πληθὺς
1199 1801 1415 1869 ἐπέγνω
1444 1799 1536 1852 τὸν
1577 1799 1893 1870 Λυτρωτήν.

1999 1820 2111 1861 rem
2167 1807 2440 1877 cognovit.
2477 1807 2653 1878 Atque
2678 1808 2783 1864 hoc
2806 1808 2984 1878 ipsum
3022 1819 3143 1865 erat
3165 1811 3312 1881 quod
3338 1828 3437 1883 per
3456 1785 3580 1868 ver-

311 1901 425 1956 Καὶ
455 1899 615 1954 τοῦτο
645 1894 713 1970 ἦν
743 1899 850 1970 ἄρα
892 1896 953 1949 τὸ
983 1895 1072 1949 διὰ
1118 1894 1305 1964 φωνῆς
1352 1890 1649 1965 προφητῶν
1684 1893 1797 1955 τοῖς
1837 1891 1896 1958 ἐξ

318 1991 547 2061 Ἰσραὴλ
577 1987 1167 2060 προαναφωνούμενονθ
1210 2003 1228 2036 ι
1270 1982 1605 2053 Καθὲστηκα
1643 1980 1729 2049 ἐφ’
1753 1981 1897 2052 ὑμᾶς

307 2080 574 2144 σκοπούς.
622 2078 919 2133 ’Δκούσατε
962 2079 1061 2148 τῆς
1103 2075 1289 2146 φωνῆς
1319 2074 1421 2145 τῆς
1450 2073 1769 2141 σάλπιγγος·
1803 2072 1897 2125 καὶ

307 2168 500 2228 εἶπαν·
535 2172 651 2225 Οὐκ
678 2168 1052 2240 ἀκουσόμεθα.
1095 2166 1193 2221 Διά
1222 2164 1383 2220 τοῦτο
1411 2165 1616 2236 ἢκουσε
1649 2163 1717 2218 τὰ
1743 2162 1892 2234 ἔθνη,

307 2266 403 2320 καὶ⁵
431 2266 484 2319 οἱ
515 2265 902 2335 ποιμαίνοντες
921 2260 991 2314 ci
1036 2259 1263 2331 ποίμνια
1292 2256 1496 2312 αὐτῶν.
1531 2258 1755 2321 Ἀκουε,
1784 2258 1854 2329 γῆ
1877 2273 1893 2289 ο

317 2353 459 2411 Ἰδοὺ
483 2354 597 2424 ἐγὼ
621 2354 813 2421 ἐπάγω
835 2352 929 2406 ἐπὶ
947 2351 1038 2405 τὸν
1061 2350 1190 2405 λαὸν
1222 2349 1410 2403 τοῦτον
1436 2347 1604 2412 κακὰ,
1635 2348 1726 2402 τὸν
1758 2364 1896 2419 καρ-

305 2447 414 2501 πὺν
476 2446 829 2517 ἀποστροφῆς
870 2443 1072 2507 αὐτῶν,
1096 2444 1175 2497 ὅτι
1205 2440 1282 2512 τῷ
1312 2441 1457 2512 λόγῳ
1492 2458 1594 2512 μου
1633 2440 1694 2495 οὐ
1729 2457 1900 2514 προσ-

301 2537 494 2610 έσχον,
520 2538 617 2592 καὶ
650 2537 740 2591 τὸν
761 2536 927 2606 νόμον
960 2552 1065 2609 μου
1093 2531 1410 2590 ἀπώσαντο.
1433 2552 1452 2586 ι
1479 2532 1671 2606 Ἀθρει
1692 2533 1758 2607 δὴ
1778 2529 1894 2601 οὖν,

298 2632 472 2704 ἄθρει
505 2628 821 2700 περιφανῶς
851 2628 913 2683 τὸ
952 2630 1276 2700 μυστήριον,
1329 2628 1427 2681 καὶ
1469 2624 1545 2691 ὼς
1590 2626 1649 2680 ἐν
1680 2642 1745 2695 γε
1783 2627 1898 2691 τοῖς

298 2723 459 2779 κατά
492 2723 720 2786 Μωσέα,
768 2721 1022 2794 καθάπερ
1045 2720 1185 2793 ἔφην
1212 2719 1439 2793 ἀρτίως.
1488 2718 1684 2788 Γέγονε
1731 2719 1832 2790 μὲν
1866 2720 1898 2774 ὀ

297 2815 605 2878 Θεσπέσιος
630 2815 836 2887 Μωσῆς
859 2814 924 2867 ἐκ
951 2813 1129 2884 φυλῆς
1154 2830 1216 2866 τε
1246 2812 1342 2866 καὶ
1363 2811 1597 2882 αἳματος
1615 2809 1709 2863 τοῦ
1738 2808 1898 2864 Acut.

300 2907 705 2980 Κεχρημάτικε
734 2907 791 2961 δὲ
835 2905 929 2959 καὶ
965 2905 1127 2968 αὐτὸς
1166 2907 1196 2960 6
1234 2900 1608 2975 Ἐμμανουὴλ,
1648 2901 1794 2966 ὅσιός
1835 2917 1895 2954 τε

296 3001 398 3054 καὶ
434 3000 668 3082 ἄκεκος,
690 2996 783 3053 καὶ
808 2998 1102 3071 ἀρχιερεὺς
1135 2997 1256 3061 ὅλος
1287 2994 1362 3050 ὢν
1386 2993 1561 3068 ἱερός·
1600 2995 1649 3048 εἰ
1694 2994 1788 3048 καὶ⁸
1831 2995 1897 3048 ἐκ

1996 1896 2129 1954 bum
2173 1898 2569 1969 prophetarum
2613 1900 3095 1972 praesignificatum
3141 1910 3227 1958 est
3268 1903 3573 1960 lsraelitis:

2005 2004 2023 2037 1
2065 1985 2340 2041 Constitui
2369 2002 2535 2058 super
2574 2004 2673 2045 vos
2696 1990 3089 2059 speculatores.
3135 1989 3334 2047 Audite
3385 2009 3575 2048 vocem

1997 2077 2175 2131 tubae:
2198 2088 2254 2133 et
2274 2077 2552 2143 dixerunt,
2572 2079 2696 2134 Non
2737 2079 3047 2136 audiemus.
3086 2080 3216 2138 Ideo
3246 2083 3580 2141 audiverunt

1992 2174 2204 2239 gentes,
2231 2171 2398 2241 etqui
2429 2178 2663 2241 pascunt
2686 2172 3163 2244 gregesipsarum.
3190 2173 3356 2240 Audi,
3380 2185 3525 2232 terra
3560 2195 3576 2232 :

1995 2255 2138 2312 Ecce
2168 2273 2269 2329 ego
2294 2258 2509 2315 adduco
2561 2259 2615 2314 in
2651 2261 2914 2332 populum
2955 2261 3104 2318 hunc
3133 2264 3298 2329 mala,
3335 2265 3577 2324 fructum

1993 2349 2299 2407 aversionis
2341 2366 2474 2418 suae,
2511 2351 2642 2423 quia
2689 2352 2861 2408 verbo
2904 2368 3029 2408 meo
3059 2369 3174 2409 non
3200 2359 3576 2421 attenderunt,

1993 2439 2281 2513 legemque
2321 2458 2501 2500 meam
2524 2444 2845 2514 repulerunt
2866 2444 2932 2499 “.
2981 2464 3000 2497 ι
3034 2444 3170 2501 Vide
3231 2447 3421 2520 igitur,
3453 2450 3578 2506 vide

1994 2530 2348 2588 manifestum
2412 2531 2618 2589 Christi
2668 2534 3025 2606 mysterium,
3073 2534 3239 2591 etiam
3263 2536 3320 2592 in
3362 2538 3432 2595 iis
3456 2554 3580 2610 qum

1994 2620 2183 2678 Mosen
2224 2624 2571 2695 contingunt,
2610 2625 3075 2695 quemadmodum
3123 2627 3232 2699 jam
3272 2628 3406 2684 dixi.
3441 2629 3575 2685 Nam

1995 2710 2173 2769 Moses
2195 2721 2359 2769 natus
2376 2721 2463 2770 est
2492 2730 2559 2771 ex
2606 2716 2757 2772 tribu
2792 2725 2850 2774 et
2869 2718 3137 2789 sanguine
3161 2719 3311 2776 Levi.
3339 2720 3580 2777 Vocatus

1994 2812 2179 2861 autem
2223 2815 2308 2863 est
2350 2806 2517 2863 etiam
2566 2809 2889 2867 Emmanuel
2941 2820 3167 2869 sanctus
3211 2820 3268 2868 et
3312 2811 3581 2871 innocens

1994 2895 2243 2968 pontifex
2282 2897 2351 2963 ⁸⁷,
2409 2907 2470 2953 ut
2501 2899 2597 2970 qui
2642 2909 2795 2958 totus
2834 2901 2907 2958 sit
2952 2912 3217 2960 sanctus:
3245 2904 3458 2962 etiamsi
3492 2906 3578 2963 ia—

1996 2989 2274 3061 telligatur
2310 3005 2379 3046 ex
2424 2991 2575 3047 tribu
2620 2992 2782 3059 Juda,
2823 3001 2886 3049 ut
2918 2995 3157 3052 celebris
3201 3006 3257 3053 et
3295 3013 3392 3055 rex
3453 3015 3576 3057 esse

293 3095 403 3165 τῆς
460 3081 635 3145 Ἰούδα
661 3092 835 3144 νοοῖτο
860 3089 1053 3161 φυλῆς,
1086 3089 1174 3143 ἵνα
1203 3089 1299 3143 καὶ
1328 3086 1569 3159 ὑμνητὸς
1597 3086 1692 3140 καὶ
1740 3085 1891 3186 βασιῖ

1997 3081 2277 3148 credatur,
2343 3084 2474 3149 item
2505 3091 2567 3139 ut
2592 3085 2770 3156 palam
2810 3084 2905 3143 ﬁat
2934 3089 3306 3146 sacerdotium
3369 3090 3422 3147 ei
3465 3108 3577 3148 non

292 3184 435 3248 λεὺς
467 3178 611 3236 εἶναι
648 3180 997 3252 πιστεύηται,
1046 3180 1142 3234 καὶ
1180 3180 1265 3234 ὅτι
1317 3178 1393 3251 μὴ
1427 3177 1568 3232 κατὰ
1613 3177 1792 3249 σάρκα
1833 3176 1893 3230 τὸ

1997 3175 2304 3231 secundum
2335 3191 2556 3232 carnem
2587 3186 2922 3248 competere,
2951 3182 3412 3250 quemadmodum
3459 3184 3576 3241 fere

294 3276 456 3349 ἱερὸν
484 3273 662 3344 αὐτῷ,
703 3272 955 3343 καθάπερ
987 3271 1177 3342 ἀμέλει
1202 3270 1299 3323 καὶ
1322 3272 1438 3334 τοῖς
1464 3267 1737 3324 Ἰουδαίων
1764 3267 1893 3322 καθ-

290 3370 566 3440 ηγηταῖς,
610 3365 725 3420 ἀλλ’
747 3365 822 3429 ὡς
871 3362 995 3435 Θεῷ
1032 3379 1091 3416 τε
1124 3364 1219 3419 καὶ
1261 3361 1475 3433 βασιλεῖ
1514 3360 1625 3415 τῶν
1665 3360 1802 3414 ὅλων
1835 3360 1892 3412 ὲν

290 3459 571 3532 ἁγιασμῷ
594 3476 652 3512 τε
683 3458 774 3512 καὶ
800 3456 947 3531 δόξῃ.
986 3453 1199 3509 Οὐκοῦν
1228 3454 1258 3507 6
1290 3452 1461 3518 τύπος
1492 3453 1552 3507 ὲν
1583 3452 1892 3522 σαρκικοῖς,

289 3556 364 3610 ἶν’
395 3554 551 3625 ὑπὲρ
578 3553 755 3623 σάρκα
781 3550 842 3605 τὸ
860 3547 1084 3620 ἀληθὲς,
1114 3546 1362 3603 τουτέστι
1384 3544 1643 3618 Χριστὸς,
1662 3543 1720 3607 ὃς
1740 3544 1893 3616 ἀρτι-

290 3648 460 3717 γενὲς
491 3649 695 3700 νοεῖται
729 3641 938 3696 παιδίον
962 3640 1053 3696 διά
1091 3655 1174 3692 τοι
1204 3638 1305 3708 τὴν
1330 3637 1429 3709 τῆς
1471 3635 1725 3707 θεότητος
1752 3637 1892 3689 ἁκαο

288 3742 453 3805 κίαν,
492 3738 664 3811 ηγσυν
714 3735 799 3790 ὃτι
843 3733 1037 3803 γέγονε
1076 3732 1174 3785 νέα
1210 3731 1413 3794 κτίσις.
1460 3728 1890 3799 Ἀποδυσάμενοι

288 3834 411 3905 γὰρ
440 3831 545 3901 τὴν
581 3831 641 3882 ὲν
679 3827 858 3900 φθορᾷ
903 3825 1228 3911 παλαίωσιιθ
1282 3826 1364 3887 εἰς
1404 3822 1700 3894 καινότητα
1743 3820 1891 3911 ζωῆς

290 3917 858 3997 μετακεχωρήκαμεν
881 3917 940 3969 ὲν
963 3914 1132 3986 αὐτῷ.
1161 3910 1280 3969 Νέα
1315 3913 1373 3967 δὲ
1405 3912 1595 3984 ὥσπερ
1622 3912 1799 3975 κτίσις
1829 3910 1893 3965 τὸ

288 4010 533 4081 βρέφος.
565 4007 690 4061 Ὀτι
713 4006 771 4060 δὲ
799 4005 1039 4070 ἀκακίας
1069 4004 1341 4076 σύμὸολον
1365 4005 1427 4058 τὸ
1461 4001 1749 4074 ἀρτιγενές
1773 4003 1892 4056 ἐστι

290 4099 549 4158 παιδίον,
598 4096 983 4168 ἀταλαίπωρον
1043 4096 1173 4150 ἰδεῖν
1221 4094 1317 4149 καὶ
1371 4094 1430 4159 ἐξ
1481 4091 1682 4155 αὐτῶν,
1732 4091 1891 4163 εἴπερ

286 4191 485 4247 ιλοιτὸ
514 4208 622 4257 τις,
654 4190 764 4244 τῶν
795 4188 889 4244 τοῦ
926 4189 1181 4260 Σωτῆρος
1214 4186 1536 4260 παραδεῖξαι
1560 4184 1754 4252 λόγων.
1782 4181 1891 4236 Γύ-

285 4304 431 4339 ναια
464 4284 569 4354 μὲν
600 4282 710 4355 γὰρ
756 4281 1090 4353 προσεπύθει
1132 4280 1289 4345 ποτὲ,
1336 4279 1432 4334 καὶ
1476 4276 1541 4349 δὴ
1571 4276 1666 4330 ml.
1713 4274 1888 4347 βρέφη

286 4373 613 4446 προσῆγον,
653 4372 739 4424 ἴνα
772 4371 934 4442 ἐπιθῇ
977 4372 1163 4433 αὐτοῖς
1204 4369 1304 4434 τὰς
1355 4370 1566 4440 χεῖρας.
1603 4365 1747 4422 καθὰ
1795 4367 1890 4434 γέ-

1993 3261 2309 3318 Iudaeorum
2327 3265 2623 3336 praefectis,
2658 3266 2755 3323 sed
2783 3275 3044 3341 tanquam
3075 3269 3189 3326 Deo
3224 3283 3281 3329 et
3310 3274 3422 3342 regi
3447 3277 3576 3330 uni-

1994 3369 2279 3409 versorum
2344 3354 2399 3412 in
2449 3356 2884 3415 sanctificatione
2958 3368 3017 3415 et
3066 3360 3256 3430 gloria.
3310 3361 3575 3429 Quocirca

1995 3451 2155 3516 typus
2174 3446 2336 3501 estin
2362 3447 2696 3515 carnalibus,
2723 3458 2971 3522 utsupra
3027 3466 3272 3517 carnem,
3322 3454 3428 3511 hoc
3487 3465 3577 3511 est

1992 3535 2268 3605 Christus,
2309 3538 2484 3595 veluti
2543 3555 2738 3598 recens
2774 3552 2951 3600 natus.
2978 3542 3160 3601 infans
3214 3545 3573 3617 intelligatur.

1992 3639 2221 3701 propter
2277 3630 2586 3687 divinitatis
2652 3633 3047 3701 innocentiam,
3085 3635 3201 3691 sive
3238 3638 3365 3706 quia
3397 3636 3577 3694 factus

1992 3729 2077 3775 est
2099 3736 2239 3776 nova
2278 3729 2532 3776 creatura
2558 3722 2622 3776 ³³.
2657 3722 2770 3778 Nos
2789 3723 2938 3779 enim
2973 3724 3124 3779 exuti
3158 3733 3431 3784 vetustate
3450 3743 3574 3797 quat

1991 3811 2161 3867 veluti
2182 3812 2239 3866 in
2269 3811 2626 3881 corruptione
2668 3821 2809 3877 erat,
2843 3813 2899 3866 in
2948 3812 3246 3869 novitatem
3291 3814 3418 3871 vitae
3454 3822 3571 3870 tra-

1991 3899 2143 3956 ducti
2201 3916 2395 3955 sumus
2451 3901 2505 3954 in
2534 3899 2670 3970 ipso.
2718 3901 2869 3955 Nova
2924 3910 3109 3972 autem
3162 3903 3572 3973 quodammodo

1991 3999 2245 4047 creatura
2294 4001 2379 4047 est
2413 3990 2610 4046 infans.
2657 3991 2927 4046 Caeterum
2989 3993 3137 4064 quod
3172 3994 3352 4052 infans
3396 4013 3572 4069 nuper

1988 4088 2153 4152 natus
2184 4081 2256 4135 sit
2279 4080 2586 4152 symbolum
2612 4080 2961 4148 innocentiae,
2996 4082 3156 4140 facile
3211 4095 3297 4141 est
3342 4087 3573 4143 cuilibet

1990 4148 2178 4227 videre
2210 4148 2385 4227 vel‘ex
2406 4172 2542 4243 ipsis
2564 4171 2860 4228 Salvatoris
2882 4173 3088 4231 verbis.
3127 4175 3386 4234 Mulieres
3418 4177 3567 4233 enim

1990 4264 2289 4335 aliquando
2307 4251 2570 4335 ad'ipsum
2594 4274 2968 4328 accesserunt,
2992 4266 3230 4323 infantes
3252 4284 3440 4325 secum
3463 4271 3568 4326 du-

1990 4364 2197 4423 centes,
2216 4367 2277 4413 ιιι
2297 4357 2434 4430 ipsis
2462 4372 2655 4411 manus
2680 4357 3005 4426 imponeret.
3034 4357 3299 4428 Discipuli
3328 4376 3484 4426 vero,
3516 4361 3567 4417 id

282 4481 575 4538 γραπται.
612 4463 807 4534 Ὄχλον
852 4463 911 4516 δὲ
955 4464 1280 4534 νομίσαντες
1318 4458 1480 4523 εἶναι,
1535 4460 1799 4530 ἀπεῖργον
1838 4458 1888 4511 οἱ

1994 4446 2214 4517 indigne
2228 4448 2489 4512 ferentes,
2511 4462 2605 4501 eas
2625 4446 2907 4501 arcebant.
2932 4446 3144 4513 Quibus
3159 4448 3249 4503 ille
3279 4466 3293 4502 :
3325 4468 3343 4500 1
3367 4449 3567 4517 Sinite,

284 4557 571 4629 μαθηταί.
613 4555 675 4610 '0
701 4555 760 4610 δὲ
796 4554 928 4627 πρὸς
977 4554 1205 4618 αὐτούς’
1262 4572 1281 4607 1
1326 4554 1527 4622 ⁵Ἀφετε
1556 4551 1625 4606 τὰ
1671 4550 1885 4614 παιδία,

280 4649 469 4721 φησι,
494 4648 590 4701 καὶ
614 4648 693 4720 μὴ
714 4647 995 4717 κωλύσητε
1037 4645 1175 4701 αὐτὰ
1205 4643 1461 4716 ἔρχεσθαι
1483 4643 1617 4714 πρός
1651 4658 1717 4714 με
1736 4657 1752 4671 ο
1777 4640 1886 4694 τῶν

277 4739 415 4809 γὰρ
430 4736 689 4792 τοιούτων
712 4738 857 4791 ἐστὶν
875 4739 909 4809 ἡ
924 4736 1172 4808 βασιλεία
1195 4736 1302 4789 τῶν
1325 4734 1591 4805 οὐρανῶν.
1614 4752 1633 4785 ι
1666 4730 1885 4803 Ἐπειδὴ

276 4830 345 4884 δέ
380 4847 522 4883 ποτε
558 4831 650 4883 καὶ
673 4829 1022 4901 διαλογισμὸς
1054 4828 1306 4900 εἰσῆλθεν
1334 4829 1392 4883 ὲν
1426 4826 1631 4890 αὐτοῖς,
1660 4825 1744 4889 τίς
1776 4824 1885 4897 ἄρα

280 4922 513 4994 μείζων
542 4923 599 4975 ἑν
629 4919 696 4993 τῇ
728 4921 980 4994 βασιλείᾳ
1011 4921 1119 4976 τῶν
1144 4919 1410 4992 οὐρανῶν·
1444 4919 1548 4989 ἔφη
1584 4917 1693 4989 γὰρ
1714 4917 1887 4979 οὕτως

280 5018 442 5087 ἡμῖν
484 5015 513 5066 6
561 5016 724 5085 σοφὸς
783 5014 1193 5085 εὐαγγελιστής·
1228 5011 1645 5083 ἐπιλαϐόμενος,
1716 5010 1886 5081 φησί,

274 5100 538 5163 παιδίον,
572 5100 799 5173 ἔστησεν
831 5102 963 5157 αὐτὸ
997 5104 1054 5155 ὲν
1082 5102 1256 5172 μέσῳ,
1288 5096 1561 5159 καὶεῖπεν
1583 5116 1596 5129 '
1632 5117 1651 5151 1
1693 5098 1886 5170 Ἀμὴν,

271 5193 451 5264 ἀμὴν
487 5192 634 5261 λέγω
662 5193 815 5265 ὑμῖν,
851 5193 947 5246 ἐὰν
998 5194 1073 5265 μὴ
1110 5194 1388 5262 στραφῆτε
1420 5193 1514 5247 καὶ
1545 5189 1778 5263 γένησθε
1813 5189 1889 5253 ὡς

1994 4537 2193 4610 inquit,
2227 4540 2504 4610 parvulos,
2526 4553 2628 4593 nec
2657 4537 3056 4609 prohibeteeos
3105 4539 3174 4595 ad
3209 4556 3294 4596 me
3332 4542 3523 4597 venire
3553 4559 3565 4594 :

1995 4630 2186 4684 talium
2219 4632 2366 4686 enim
2390 4640 2476 4687 est
2502 4645 2730 4702 regnum
2772 4630 3042 4687 caelorum
3079 4633 3143 4686 ”.
3187 4652 3205 4685 ι
3251 4632 3386 4689 Item
3434 4634 3568 4690 alibi

1992 4721 2363 4794 disputatione
2387 4730 2508 4777 orta
2555 4723 2699 4778 inter
2724 4723 2889 4794 ipsos,
2923 4725 3176 4796 quisnam
3217 4728 3393 4802 major
3422 4739 3569 4783 esset

1994 4814 2050 4868 in
2089 4829 2257 4887 regno
2286 4816 2550 4870 ccelorum
2583 4813 2679 4887 (ita
2704 4815 2850 4870 enim
2903 4816 3043 4872 dixit
3074 4818 3295 4889 sapiens
3332 4834 3567 4889 evange-

1992 4907 2161 4977 lista),
2181 4915 2464 4977 acceptum
2478 4908 2768 4977 parvulum
2792 4908 2985 4964 statuit
3003 4910 3059 4964 in
3084 4909 3287 4974 medio,
3312 4919 3369 4965 et
3391 4911 3563 4965 dixit:

1996 5018 2015 5049 1
2055 4999 2250 5060 Amen,
2287 5013 2448 5052 amen
2481 4999 2606 5053 dico
2642 4999 2817 5062 vobis,
2842 5000 2946 5055 nisi
2984 5000 3233 5055 conversi
3265 5000 3483 5055 fueritis
3510 5008 3567 5056 et

1985 5085 2168 5141 effecti
2200 5085 2416 5147 sicuthi
2442 5086 2679 5156 parvuli,
2702 5103 2810 5143 non
2841 5088 3224 5161 ingrediemini
3249 5088 3304 5144 in
3334 5104 3563 5160 regnum

1988 5181 2252 5235 cmlorum
2291 5178 2357 5232 ³⁸.
2394 5198 2412 5230 ι
2468 5179 2632 5261 250
2657 5179 2799 5247 Quid
2843 5188 3028 5235 autem
3081 5179 3154 5235 sit
3191 5182 3461 5245 converti,
3509 5191 3566 5236 et

255 5283 352 5336 ’τὰ
398 5282 595 5336 παιδία
625 5282 822 5350 ταῦτα,
864 5284 924 5338 οὐ
951 5284 1028 5355 μὴ
1058 5283 1339 5353 εἰσέλθητε
1374 5284 1454 5346 είς
1483 5282 1582 5351 τὴν
1610 5280 1887 5352 βασιλείαν

1994 5273 2266 5346 quomodo
2324 5271 2599 5329 soleamus
2677 5273 2865 5345 pueris
2931 5272 3300 5340 conformari,
3349 5277 3567 5348 aperuit

262 5375 403 5428 τῶν
433 5372 704 5445 οὐρανῶν.
740 5392 758 5426 ι
795 5376 908 5431 Καὶ
936 5375 987 5428 τι
1027 5377 1088 5431 τὸ
1120 5376 1453 5447 στραφῆναι,
1489 5375 1583 5429 καὶ
1610 5376 1723 5438 τοῖς
1756 5389 1884 5426 παιο

1994 5367 2184 5421 beatus
2235 5363 2437 5420 Paulus
2494 5364 2584 5420 his
2632 5363 2819 5421 verbis
2887 5380 2902 5418 :
2962 5382 2982 5416 1
3032 5364 3274 5431 Fratres,
3324 5382 3397 5423 ne
3441 5367 3564 5423 sitis

258 5468 433 5531 διοις
466 5467 619 5537 ἡμᾶς
652 5465 1035 5537 ἐξομοιοῦσθαι
1079 5468 1273 5538 φιλεῖν,
1320 5467 1566 5536 διεσάφει
1597 5465 1825 5538 γράφων
1856 5464 1885 5515 6

1994 5459 2145 5531 pueri
2169 5455 2445 5522 sensibus,
2469 5457 2564 5513 sed
2593 5458 2647 5513 in
2677 5457 2886 5514 malitia
2925 5456 3047 5513 sitis
3082 5456 3351 5515 infantes:
3383 5460 3557 5516 sensi-

344 5665 488 5737 “:‘f
517 5664 723 5737 Philip.
754 5682 813 5737 ιι,
843 5667 895 5720 7.
972 5667 1019 5697 ’³
1051 5666 1239 5737 Matth,
1270 5682 1360 5737 sv,
1404 5665 1492 5721 24.
1573 5663 1794 5737 "Joan.
1837 5681 1874 5727 ι,

1994 5709 1997 5720 .
2080 5666 2121 5737 ε’
2148 5666 2248 5722 lsa.
2281 5681 2320 5731 ι,
2343 5664 2398 5737 2.
2429 5665 2485 5720 5.
2560 5665 2605 5696 “
2637 5662 2936 5730 ,ιρι-θηλὴ,
2993 5662 3079 5732 l7,
3131 5663 3219 5719 18.
3298 5663 3344 5694 ⁸⁷
3395 5662 3572 5721 llebr-

276 5754 379 5805 νει,
408 5734 508 5791 Ξϐ.
586 5734 724 5791 ΤΠ
748 5735 876 5791 Cor.
937 5736 1107 5799 v,l7.
1181 5736 1224 5767 ’³
1267 5736 1400 5789 [.uc.
1454 5752 1600 5801 xvm,
1663 5736 1748 5788 13.
1830 5737 1874 5766 ³⁸

1994 5736 2143 5794 lauit.
2171 5752 2318 5804 xvm,
2354 5735 2407 5791 5.

3086 5826 3157 5889 l3

619 5829 892 5890 ΡΑτιιῡι..
939 5829 1054 5889 Gn.
1104 5829 1305 5889 LXIX.
