  <div class='ocr_page' id='page_1' title='image "/cluster/home/n/w/nwhite01/storage/ocr_20150623/69/hvd.32044073501983/203.png"; bbox 0 0 4022 6198; ppageno 0'>
   <div class='ocr_carea' id='block_1_1' title="bbox 460 324 567 381">
    <p class='ocr_par' dir='ltr' id='par_1_1' title="bbox 460 324 567 381">
     <span class='ocr_line' id='line_1_1' title="bbox 460 324 567 381; baseline 0.019 -3"><span class='ocrx_word' id='word_1_1' title='bbox 460 324 567 381; x_wconf 70' lang='lat'><strong>595</strong></span> 
     </span>
    </p>
   </div>
   <div class='ocr_carea' id='block_1_2' title="bbox 1480 284 2695 369">
    <p class='ocr_par' dir='ltr' id='par_1_2' title="bbox 1480 284 2695 369">
     <span class='ocr_line' id='line_1_2' title="bbox 1480 284 2695 369; baseline -0.007 -1"><span class='ocrx_word' id='word_1_2' title='bbox 1480 284 1544 369; x_wconf 5' lang='lat' dir='ltr'><strong>is.</strong></span> <span class='ocrx_word' id='word_1_3' title='bbox 1583 308 1854 366; x_wconf 78' lang='lat' dir='ltr'><strong>CYRlLLl</strong></span> <span class='ocrx_word' id='word_1_4' title='bbox 1893 305 2359 362; x_wconf 63' lang='lat' dir='ltr'><strong>mmmam</strong></span> <span class='ocrx_word' id='word_1_5' title='bbox 2397 300 2695 360; x_wconf 68' lang='lat' dir='ltr'><strong>meumr</strong></span> 
     </span>
    </p>
   </div>
   <div class='ocr_carea' id='block_1_3' title="bbox 3605 294 3713 350">
    <p class='ocr_par' dir='ltr' id='par_1_3' title="bbox 3605 294 3713 350">
     <span class='ocr_line' id='line_1_3' title="bbox 3605 294 3713 350; baseline -0.019 0"><span class='ocrx_word' id='word_1_6' title='bbox 3605 294 3713 350; x_wconf 79' lang='lat'><strong>596</strong></span> 
     </span>
    </p>
   </div>
   <div class='ocr_carea' id='block_1_4' title="bbox 465 408 2053 498">
    <p class='ocr_par' dir='ltr' id='par_1_4' title="bbox 465 417 2033 498">
     <span class='ocr_line' id='line_1_4' title="bbox 465 417 2033 498; baseline -0.01 -11"><span class='ocrx_word' id='word_1_7' title='bbox 465 434 566 487; x_wconf 86' lang='lat' dir='ltr'><strong>bus</strong></span> <span class='ocrx_word' id='word_1_8' title='bbox 594 437 776 485; x_wconf 84' lang='lat' dir='ltr'><strong>autem</strong></span> <span class='ocrx_word' id='word_1_9' title='bbox 802 434 978 483; x_wconf 86' lang='lat' dir='ltr'><strong>estote</strong></span> <span class='ocrx_word' id='word_1_10' title='bbox 1001 425 1231 498; x_wconf 97' lang='lat' dir='ltr'><strong>perfecti</strong></span> <span class='ocrx_word' id='word_1_11' title='bbox 1262 426 1325 480; x_wconf 80' lang='lat'><strong>&quot;.</strong></span> <span class='ocrx_word' id='word_1_12' title='bbox 1353 444 1368 477; x_wconf 76' lang='grc' dir='ltr'><strong>ι</strong></span> <span class='ocrx_word' id='word_1_13' title='bbox 1404 423 1632 481; x_wconf 90' lang='lat' dir='ltr'><strong>Constat</strong></span> <span class='ocrx_word' id='word_1_14' title='bbox 1671 422 1839 494; x_wconf 73' lang='lat' dir='ltr'><strong>igitur</strong></span> <span class='ocrx_word' id='word_1_15' title='bbox 1873 417 2033 476; x_wconf 87' lang='lat' dir='ltr'><strong>Chri-</strong></span> 
     </span>
    </p>
   </div>
   <div class='ocr_carea' id='block_1_5' title="bbox 2152 408 3713 498">
    <p class='ocr_par' dir='ltr' id='par_1_5' title="bbox 2152 408 3713 491">
     <span class='ocr_line' id='line_1_5' title="bbox 2152 408 3713 491; baseline -0.006 -19"><span class='ocrx_word' id='word_1_16' title='bbox 2152 417 2410 491; x_wconf 76' lang='grc' dir='ltr'>μακάριος</span> <span class='ocrx_word' id='word_1_17' title='bbox 2453 417 2698 480; x_wconf 71' lang='grc' dir='ltr'>Παῦλος·</span> <span class='ocrx_word' id='word_1_18' title='bbox 2750 434 2768 466; x_wconf 82' lang='grc' dir='ltr'><strong>ι</strong></span> <span class='ocrx_word' id='word_1_19' title='bbox 2821 411 3085 482; x_wconf 67' lang='grc' dir='ltr'>Ἀδελφοί,</span> <span class='ocrx_word' id='word_1_20' title='bbox 3138 410 3212 481; x_wconf 79' lang='grc' dir='ltr'>μὴ</span> <span class='ocrx_word' id='word_1_21' title='bbox 3245 408 3437 463; x_wconf 84' lang='grc' dir='ltr'>παιδία</span> <span class='ocrx_word' id='word_1_22' title='bbox 3497 408 3713 478; x_wconf 76' lang='grc' dir='ltr'>γίνεσθε</span> 
     </span>
    </p>
   </div>
   <div class='ocr_carea' id='block_1_6' title="bbox 463 513 2033 594">
    <p class='ocr_par' dir='ltr' id='par_1_6' title="bbox 463 513 2033 594">
     <span class='ocr_line' id='line_1_6' title="bbox 463 513 2033 594; baseline -0.009 -15"><span class='ocrx_word' id='word_1_23' title='bbox 463 534 607 580; x_wconf 86' lang='lat' dir='ltr'><strong>stum</strong></span> <span class='ocrx_word' id='word_1_24' title='bbox 632 533 854 594; x_wconf 89' lang='lat' dir='ltr'><strong>propter</strong></span> <span class='ocrx_word' id='word_1_25' title='bbox 875 521 1099 576; x_wconf 87' lang='lat' dir='ltr'><strong>deitatis</strong></span> <span class='ocrx_word' id='word_1_26' title='bbox 1131 518 1498 575; x_wconf 77' lang='lat' dir='ltr'><strong>innocentiam</strong></span> <span class='ocrx_word' id='word_1_27' title='bbox 1529 526 1787 585; x_wconf 81' lang='lat' dir='ltr'><strong>tanquam</strong></span> <span class='ocrx_word' id='word_1_28' title='bbox 1828 513 1885 567; x_wconf 90' lang='lat' dir='ltr'><strong>in</strong></span> <span class='ocrx_word' id='word_1_29' title='bbox 1909 527 2033 583; x_wconf 88' lang='lat' dir='ltr'><strong>par—</strong></span> 
     </span>
    </p>
   </div>
   <div class='ocr_carea' id='block_1_7' title="bbox 465 603 2036 686">
    <p class='ocr_par' dir='ltr' id='par_1_7' title="bbox 465 603 2036 686">
     <span class='ocr_line' id='line_1_7' title="bbox 465 603 2036 686; baseline -0.013 -12"><span class='ocrx_word' id='word_1_30' title='bbox 465 619 592 674; x_wconf 76' lang='lat' dir='ltr'><strong>vulo</strong></span> <span class='ocrx_word' id='word_1_31' title='bbox 618 614 933 686; x_wconf 80' lang='lat' dir='ltr'><strong>significari.</strong></span> <span class='ocrx_word' id='word_1_32' title='bbox 960 613 1135 667; x_wconf 84' lang='lat' dir='ltr'><strong>Porro</strong></span> <span class='ocrx_word' id='word_1_33' title='bbox 1157 610 1209 664; x_wconf 90' lang='lat' dir='ltr'><strong>in</strong></span> <span class='ocrx_word' id='word_1_34' title='bbox 1239 609 1412 665; x_wconf 90' lang='lat' dir='ltr'><strong>sacris</strong></span> <span class='ocrx_word' id='word_1_35' title='bbox 1432 605 1659 673; x_wconf 74' lang='lat' dir='ltr'><strong>Litteris</strong></span> <span class='ocrx_word' id='word_1_36' title='bbox 1681 603 1846 659; x_wconf 78' lang='lat' dir='ltr'><strong>Musis</strong></span> <span class='ocrx_word' id='word_1_37' title='bbox 1878 610 2036 673; x_wconf 88' lang='lat' dir='ltr'><strong>pater</strong></span> 
     </span>
    </p>
   </div>
   <div class='ocr_carea' id='block_1_8' title="bbox 465 689 2036 771">
    <p class='ocr_par' dir='ltr' id='par_1_8' title="bbox 465 689 2036 771">
     <span class='ocr_line' id='line_1_8' title="bbox 465 689 2036 771; baseline -0.015 -6"><span class='ocrx_word' id='word_1_38' title='bbox 465 708 685 765; x_wconf 88' lang='lat' dir='ltr'><strong>silentio</strong></span> <span class='ocrx_word' id='word_1_39' title='bbox 711 703 962 760; x_wconf 76' lang='lat' dir='ltr'><strong>censulto</strong></span> <span class='ocrx_word' id='word_1_40' title='bbox 987 698 1299 771; x_wconf 64' lang='lat' dir='ltr'><strong>praateritus</strong></span> <span class='ocrx_word' id='word_1_41' title='bbox 1336 706 1439 753; x_wconf 89' lang='lat' dir='ltr'><strong>est.</strong></span> <span class='ocrx_word' id='word_1_42' title='bbox 1467 696 1723 750; x_wconf 86' lang='lat' dir='ltr'><strong>Licuerat</strong></span> <span class='ocrx_word' id='word_1_43' title='bbox 1752 691 1899 746; x_wconf 91' lang='lat' dir='ltr'><strong>enim</strong></span> <span class='ocrx_word' id='word_1_44' title='bbox 1949 689 2036 744; x_wconf 87' lang='lat' dir='ltr'><strong>di-</strong></span> 
     </span>
    </p>
   </div>
   <div class='ocr_carea' id='block_1_9' title="bbox 465 779 2038 856">
    <p class='ocr_par' dir='ltr' id='par_1_9' title="bbox 465 779 2038 856">
     <span class='ocr_line' id='line_1_9' title="bbox 465 779 2038 856; baseline -0.014 0"><span class='ocrx_word' id='word_1_45' title='bbox 465 815 588 856; x_wconf 89' lang='lat' dir='ltr'><strong>cere</strong></span> <span class='ocrx_word' id='word_1_46' title='bbox 618 816 632 852; x_wconf 93' lang='lat'><strong>:</strong></span> <span class='ocrx_word' id='word_1_47' title='bbox 664 797 762 851; x_wconf 83' lang='lat' dir='ltr'><strong>Hic</strong></span> <span class='ocrx_word' id='word_1_48' title='bbox 791 795 877 848; x_wconf 87' lang='lat' dir='ltr'><strong>vir</strong></span> <span class='ocrx_word' id='word_1_49' title='bbox 902 792 1059 848; x_wconf 78' lang='lat' dir='ltr'><strong>duxit</strong></span> <span class='ocrx_word' id='word_1_50' title='bbox 1092 780 1320 847; x_wconf 79' lang='lat' dir='ltr'><strong>uxorem</strong></span> <span class='ocrx_word' id='word_1_51' title='bbox 1357 805 1426 845; x_wconf 81' lang='lat' dir='ltr'><strong>ex</strong></span> <span class='ocrx_word' id='word_1_52' title='bbox 1452 788 1666 843; x_wconf 84' lang='lat' dir='ltr'><strong>ﬁliabus</strong></span> <span class='ocrx_word' id='word_1_53' title='bbox 1716 782 1885 849; x_wconf 85' lang='lat' dir='ltr'><strong>Levi;</strong></span> <span class='ocrx_word' id='word_1_54' title='bbox 1941 779 2038 836; x_wconf 91' lang='lat' dir='ltr'><strong>sed</strong></span> 
     </span>
    </p>
   </div>
   <div class='ocr_carea' id='block_1_10' title="bbox 465 873 2039 955">
    <p class='ocr_par' dir='ltr' id='par_1_10' title="bbox 465 873 2039 955">
     <span class='ocr_line' id='line_1_10' title="bbox 465 873 2039 955; baseline -0.014 -7"><span class='ocrx_word' id='word_1_55' title='bbox 465 893 672 949; x_wconf 82' lang='lat' dir='ltr'><strong>dictum</strong></span> <span class='ocrx_word' id='word_1_56' title='bbox 703 897 806 952; x_wconf 89' lang='lat' dir='ltr'><strong>est,</strong></span> <span class='ocrx_word' id='word_1_57' title='bbox 849 907 866 939; x_wconf 78' lang='grc' dir='ltr'><strong>ι</strong></span> <span class='ocrx_word' id='word_1_58' title='bbox 889 887 1019 941; x_wconf 86' lang='lat' dir='ltr'><strong>Erat</strong></span> <span class='ocrx_word' id='word_1_59' title='bbox 1054 884 1336 955; x_wconf 65' lang='lat' dir='ltr'><strong>quidam,»</strong></span> <span class='ocrx_word' id='word_1_60' title='bbox 1373 889 1435 934; x_wconf 90' lang='lat' dir='ltr'><strong>ut</strong></span> <span class='ocrx_word' id='word_1_61' title='bbox 1454 879 1675 948; x_wconf 84' lang='lat' dir='ltr'><strong>oblique</strong></span> <span class='ocrx_word' id='word_1_62' title='bbox 1707 873 2039 947; x_wconf 77' lang='lat' dir='ltr'><strong>significaret</strong></span> 
     </span>
    </p>
   </div>
   <div class='ocr_carea' id='block_1_11' title="bbox 464 968 2035 1036">
    <p class='ocr_par' dir='ltr' id='par_1_11' title="bbox 464 968 2035 1036">
     <span class='ocr_line' id='line_1_11' title="bbox 464 968 2035 1036; baseline -0.012 -1"><span class='ocrx_word' id='word_1_63' title='bbox 464 970 745 1035; x_wconf 85' lang='lat' dir='ltr'><strong>Christum</strong></span> <span class='ocrx_word' id='word_1_64' title='bbox 768 975 1071 1031; x_wconf 87' lang='lat' dir='ltr'><strong>secundum</strong></span> <span class='ocrx_word' id='word_1_65' title='bbox 1092 988 1311 1029; x_wconf 87' lang='lat' dir='ltr'><strong>carnem</strong></span> <span class='ocrx_word' id='word_1_66' title='bbox 1338 986 1447 1025; x_wconf 92' lang='lat' dir='ltr'><strong>non</strong></span> <span class='ocrx_word' id='word_1_67' title='bbox 1496 968 1756 1023; x_wconf 86' lang='lat' dir='ltr'><strong>habuisse</strong></span> <span class='ocrx_word' id='word_1_68' title='bbox 1800 972 2035 1036; x_wconf 85' lang='lat' dir='ltr'><strong>patrem,</strong></span> 
     </span>
    </p>
   </div>
   <div class='ocr_carea' id='block_1_12' title="bbox 466 1054 2040 1143">
    <p class='ocr_par' dir='ltr' id='par_1_12' title="bbox 466 1054 2040 1143">
     <span class='ocr_line' id='line_1_12' title="bbox 466 1054 2040 1143; baseline -0.011 -16"><span class='ocrx_word' id='word_1_69' title='bbox 466 1084 777 1143; x_wconf 85' lang='lat' dir='ltr'><strong>quanquam</strong></span> <span class='ocrx_word' id='word_1_70' title='bbox 829 1066 1029 1137; x_wconf 84' lang='lat' dir='ltr'><strong>Joseph</strong></span> <span class='ocrx_word' id='word_1_71' title='bbox 1078 1065 1250 1136; x_wconf 88' lang='lat' dir='ltr'><strong>ipsius</strong></span> <span class='ocrx_word' id='word_1_72' title='bbox 1282 1073 1437 1133; x_wconf 88' lang='lat' dir='ltr'><strong>pater</strong></span> <span class='ocrx_word' id='word_1_73' title='bbox 1471 1060 1542 1115; x_wconf 88' lang='lat' dir='ltr'><strong>sit</strong></span> <span class='ocrx_word' id='word_1_74' title='bbox 1572 1058 1812 1113; x_wconf 89' lang='lat' dir='ltr'><strong>habitus.</strong></span> <span class='ocrx_word' id='word_1_75' title='bbox 1853 1074 1872 1106; x_wconf 73' lang='grc' dir='ltr'><strong>ι</strong></span> <span class='ocrx_word' id='word_1_76' title='bbox 1911 1054 2040 1109; x_wconf 84' lang='lat' dir='ltr'><strong>Erat</strong></span> 
     </span>
    </p>
   </div>
   <div class='ocr_carea' id='block_1_13' title="bbox 455 1146 2038 1230">
    <p class='ocr_par' dir='ltr' id='par_1_13' title="bbox 455 1146 2038 1230">
     <span class='ocr_line' id='line_1_13' title="bbox 455 1146 2038 1230; baseline -0.013 -10"><span class='ocrx_word' id='word_1_77' title='bbox 455 1173 671 1228; x_wconf 62' lang='lat' dir='ltr'><strong>autem,</strong></span> <span class='ocrx_word' id='word_1_78' title='bbox 704 1161 905 1230; x_wconf 85' lang='lat' dir='ltr'><strong>inquit,</strong></span> <span class='ocrx_word' id='word_1_79' title='bbox 930 1173 1067 1229; x_wconf 90' lang='lat' dir='ltr'><strong>puer</strong></span> <span class='ocrx_word' id='word_1_80' title='bbox 1084 1157 1304 1226; x_wconf 83' lang='lat' dir='ltr'><strong>elegans</strong></span> <span class='ocrx_word' id='word_1_81' title='bbox 1325 1151 1676 1222; x_wconf 34' lang='lat' dir='ltr'><strong>“Ir-Etenim</strong></span> <span class='ocrx_word' id='word_1_82' title='bbox 1707 1168 1724 1201; x_wconf 78' lang='grc' dir='ltr'><strong>ι</strong></span> <span class='ocrx_word' id='word_1_83' title='bbox 1762 1146 2038 1218; x_wconf 87' lang='lat' dir='ltr'><strong>speciosus</strong></span> 
     </span>
    </p>
   </div>
   <div class='ocr_carea' id='block_1_14' title="bbox 458 1242 2040 1323">
    <p class='ocr_par' dir='ltr' id='par_1_14' title="bbox 458 1242 2040 1323">
     <span class='ocr_line' id='line_1_14' title="bbox 458 1242 2040 1323; baseline -0.013 -15"><span class='ocrx_word' id='word_1_84' title='bbox 458 1251 639 1310; x_wconf 76' lang='lat' dir='ltr'><strong>forma</strong></span> <span class='ocrx_word' id='word_1_85' title='bbox 673 1266 789 1323; x_wconf 69' lang='lat' dir='ltr'><strong>pra:</strong></span> <span class='ocrx_word' id='word_1_86' title='bbox 819 1249 947 1303; x_wconf 84' lang='lat' dir='ltr'><strong>ﬁliis</strong></span> <span class='ocrx_word' id='word_1_87' title='bbox 986 1246 1269 1301; x_wconf 88' lang='lat' dir='ltr'><strong>hominum</strong></span> <span class='ocrx_word' id='word_1_88' title='bbox 1303 1261 1322 1294; x_wconf 75' lang='grc' dir='ltr'><strong>ι</strong></span> <span class='ocrx_word' id='word_1_89' title='bbox 1368 1250 1426 1299; x_wconf 88' lang='lat' dir='ltr'><strong>et</strong></span> <span class='ocrx_word' id='word_1_90' title='bbox 1455 1248 1682 1295; x_wconf 89' lang='lat' dir='ltr'><strong>vocatus</strong></span> <span class='ocrx_word' id='word_1_91' title='bbox 1718 1247 1822 1302; x_wconf 88' lang='lat' dir='ltr'><strong>est,</strong></span> <span class='ocrx_word' id='word_1_92' title='bbox 1864 1243 1921 1291; x_wconf 92' lang='lat' dir='ltr'><strong>et</strong></span> <span class='ocrx_word' id='word_1_93' title='bbox 1955 1242 2040 1289; x_wconf 89' lang='lat' dir='ltr'><strong>est</strong></span> 
     </span>
    </p>
   </div>
   <div class='ocr_carea' id='block_1_15' title="bbox 467 1327 2040 1409">
    <p class='ocr_par' dir='ltr' id='par_1_15' title="bbox 467 1327 2040 1409">
     <span class='ocr_line' id='line_1_15' title="bbox 467 1327 2040 1409; baseline -0.013 -7"><span class='ocrx_word' id='word_1_94' title='bbox 467 1346 740 1403; x_wconf 83' lang='lat' dir='ltr'><strong>Christus.</strong></span> <span class='ocrx_word' id='word_1_95' title='bbox 768 1343 908 1409; x_wconf 77' lang='lat' dir='ltr'><strong>Hinc</strong></span> <span class='ocrx_word' id='word_1_96' title='bbox 926 1340 1001 1394; x_wconf 91' lang='lat' dir='ltr'><strong>ita</strong></span> <span class='ocrx_word' id='word_1_97' title='bbox 1045 1339 1197 1393; x_wconf 91' lang='lat' dir='ltr'><strong>illum</strong></span> <span class='ocrx_word' id='word_1_98' title='bbox 1225 1336 1354 1391; x_wconf 89' lang='lat' dir='ltr'><strong>alibi</strong></span> <span class='ocrx_word' id='word_1_99' title='bbox 1389 1333 1681 1403; x_wconf 90' lang='lat' dir='ltr'><strong>compellat</strong></span> <span class='ocrx_word' id='word_1_100' title='bbox 1712 1331 1908 1385; x_wconf 88' lang='lat' dir='ltr'><strong>beatus</strong></span> <span class='ocrx_word' id='word_1_101' title='bbox 1930 1327 2040 1382; x_wconf 88' lang='lat' dir='ltr'><strong>Da-</strong></span> 
     </span>
    </p>
   </div>
   <div class='ocr_carea' id='block_1_16' title="bbox 469 1419 2038 1501">
    <p class='ocr_par' dir='ltr' id='par_1_16' title="bbox 469 1419 2038 1501">
     <span class='ocr_line' id='line_1_16' title="bbox 469 1419 2038 1501; baseline -0.015 -10"><span class='ocrx_word' id='word_1_102' title='bbox 469 1437 558 1491; x_wconf 80' lang='lat' dir='ltr'><strong>vid</strong></span> <span class='ocrx_word' id='word_1_103' title='bbox 616 1453 629 1489; x_wconf 89' lang='lat'><strong>:</strong></span> <span class='ocrx_word' id='word_1_104' title='bbox 682 1453 699 1486; x_wconf 81' lang='grc' dir='ltr'><strong>ι</strong></span> <span class='ocrx_word' id='word_1_105' title='bbox 763 1431 1061 1501; x_wconf 75' lang='lat' dir='ltr'><strong>Accingere</strong></span> <span class='ocrx_word' id='word_1_106' title='bbox 1100 1426 1278 1498; x_wconf 79' lang='lat' dir='ltr'><strong>gladio</strong></span> <span class='ocrx_word' id='word_1_107' title='bbox 1311 1433 1406 1478; x_wconf 90' lang='lat' dir='ltr'><strong>tuo</strong></span> <span class='ocrx_word' id='word_1_108' title='bbox 1455 1437 1619 1492; x_wconf 86' lang='lat' dir='ltr'><strong>super</strong></span> <span class='ocrx_word' id='word_1_109' title='bbox 1654 1419 1832 1474; x_wconf 91' lang='lat' dir='ltr'><strong>femur</strong></span> <span class='ocrx_word' id='word_1_110' title='bbox 1863 1423 2038 1480; x_wconf 87' lang='lat' dir='ltr'><strong>tuum,</strong></span> 
     </span>
    </p>
   </div>
   <div class='ocr_carea' id='block_1_17' title="bbox 471 1505 2041 1600">
    <p class='ocr_par' dir='ltr' id='par_1_17' title="bbox 471 1505 2041 1600">
     <span class='ocr_line' id='line_1_17' title="bbox 471 1505 2041 1600; baseline -0.018 -14"><span class='ocrx_word' id='word_1_111' title='bbox 471 1538 665 1600; x_wconf 88' lang='lat' dir='ltr'><strong>potens</strong></span> <span class='ocrx_word' id='word_1_112' title='bbox 692 1525 832 1580; x_wconf 87' lang='lat' dir='ltr'><strong>facie</strong></span> <span class='ocrx_word' id='word_1_113' title='bbox 855 1530 911 1577; x_wconf 91' lang='lat' dir='ltr'><strong>et</strong></span> <span class='ocrx_word' id='word_1_114' title='bbox 937 1517 1349 1592; x_wconf 86' lang='lat' dir='ltr'><strong>pulchritudine</strong></span> <span class='ocrx_word' id='word_1_115' title='bbox 1376 1515 1440 1568; x_wconf 85' lang='grc'><strong>⁸³.</strong></span> <span class='ocrx_word' id='word_1_116' title='bbox 1491 1532 1509 1566; x_wconf 82' lang='grc'>›</span> <span class='ocrx_word' id='word_1_117' title='bbox 1540 1512 1712 1567; x_wconf 88' lang='lat' dir='ltr'><strong>Nemo</strong></span> <span class='ocrx_word' id='word_1_118' title='bbox 1751 1522 1882 1562; x_wconf 90' lang='lat' dir='ltr'><strong>vero</strong></span> <span class='ocrx_word' id='word_1_119' title='bbox 1935 1505 2041 1560; x_wconf 84' lang='lat' dir='ltr'><strong>du-</strong></span> 
     </span>
    </p>
   </div>
   <div class='ocr_carea' id='block_1_18' title="bbox 468 1602 2043 1687">
    <p class='ocr_par' dir='ltr' id='par_1_18' title="bbox 468 1602 2043 1687">
     <span class='ocr_line' id='line_1_18' title="bbox 468 1602 2043 1687; baseline -0.016 -11"><span class='ocrx_word' id='word_1_120' title='bbox 468 1619 748 1682; x_wconf 83' lang='lat' dir='ltr'><strong>bitaverit,</strong></span> <span class='ocrx_word' id='word_1_121' title='bbox 769 1615 902 1687; x_wconf 90' lang='lat' dir='ltr'><strong>quin</strong></span> <span class='ocrx_word' id='word_1_122' title='bbox 924 1609 1279 1684; x_wconf 87' lang='lat' dir='ltr'><strong>pulchritudo</strong></span> <span class='ocrx_word' id='word_1_123' title='bbox 1297 1605 1631 1675; x_wconf 81' lang='lat' dir='ltr'><strong>intelligatur</strong></span> <span class='ocrx_word' id='word_1_124' title='bbox 1655 1602 1721 1657; x_wconf 88' lang='lat' dir='ltr'><strong>de</strong></span> <span class='ocrx_word' id='word_1_125' title='bbox 1744 1615 1808 1655; x_wconf 90' lang='lat' dir='ltr'><strong>ea</strong></span> <span class='ocrx_word' id='word_1_126' title='bbox 1823 1614 1944 1669; x_wconf 65' lang='lat' dir='ltr'><strong>quae</strong></span> <span class='ocrx_word' id='word_1_127' title='bbox 1960 1605 2043 1653; x_wconf 89' lang='lat' dir='ltr'><strong>est</strong></span> 
     </span>
    </p>
   </div>
   <div class='ocr_carea' id='block_1_19' title="bbox 2138 502 3717 580">
    <p class='ocr_par' dir='ltr' id='par_1_19' title="bbox 2138 502 3717 580">
     <span class='ocr_line' id='line_1_19' title="bbox 2138 502 3717 580; baseline -0.004 -19"><span class='ocrx_word' id='word_1_128' title='bbox 2138 511 2259 572; x_wconf 87' lang='grc' dir='ltr'>ταῖς</span> <span class='ocrx_word' id='word_1_129' title='bbox 2277 510 2490 580; x_wconf 74' lang='grc' dir='ltr'>φρεσὶν.</span> <span class='ocrx_word' id='word_1_130' title='bbox 2516 508 2651 563; x_wconf 81' lang='grc' dir='ltr'>ἀλλὰ</span> <span class='ocrx_word' id='word_1_131' title='bbox 2678 510 2744 579; x_wconf 76' lang='grc' dir='ltr'><strong>τῇ</strong></span> <span class='ocrx_word' id='word_1_132' title='bbox 2774 504 2944 576; x_wconf 79' lang='grc' dir='ltr'>κακίᾳ</span> <span class='ocrx_word' id='word_1_133' title='bbox 2969 502 3261 572; x_wconf 78' lang='grc' dir='ltr'><strong>νηπιάζετε</strong></span> <span class='ocrx_word' id='word_1_134' title='bbox 3283 519 3298 533; x_wconf 78' lang='grc'><em>’</em></span> <span class='ocrx_word' id='word_1_135' title='bbox 3327 505 3451 566; x_wconf 87' lang='grc' dir='ltr'>ταῖς</span> <span class='ocrx_word' id='word_1_136' title='bbox 3476 502 3532 556; x_wconf 85' lang='grc' dir='ltr'>δὲ</span> <span class='ocrx_word' id='word_1_137' title='bbox 3553 503 3717 572; x_wconf 77' lang='grc' dir='ltr'>φρεσὶ</span> 
     </span>
    </p>
   </div>
   <div class='ocr_carea' id='block_1_20' title="bbox 2138 591 3711 670">
    <p class='ocr_par' dir='ltr' id='par_1_20' title="bbox 2138 591 3711 670">
     <span class='ocr_line' id='line_1_20' title="bbox 2138 591 3711 670; baseline -0.006 -16"><span class='ocrx_word' id='word_1_138' title='bbox 2138 600 2331 654; x_wconf 84' lang='grc' dir='ltr'>τέλειοι</span> <span class='ocrx_word' id='word_1_139' title='bbox 2360 599 2607 669; x_wconf 75' lang='grc' dir='ltr'>γίνεσθε.</span> <span class='ocrx_word' id='word_1_140' title='bbox 2648 617 2667 650; x_wconf 74' lang='grc' dir='ltr'><strong>ι</strong></span> <span class='ocrx_word' id='word_1_141' title='bbox 2705 600 2945 670; x_wconf 80' lang='grc' dir='ltr'>Ἀραρεν</span> <span class='ocrx_word' id='word_1_142' title='bbox 2973 591 3066 651; x_wconf 83' lang='grc' dir='ltr'>οὖν</span> <span class='ocrx_word' id='word_1_143' title='bbox 3098 596 3180 649; x_wconf 82' lang='grc' dir='ltr'><strong>ὅτι</strong></span> <span class='ocrx_word' id='word_1_144' title='bbox 3213 593 3303 648; x_wconf 81' lang='grc' dir='ltr'><strong>διὰ</strong></span> <span class='ocrx_word' id='word_1_145' title='bbox 3340 592 3438 666; x_wconf 81' lang='grc' dir='ltr'><strong>τὴν</strong></span> <span class='ocrx_word' id='word_1_146' title='bbox 3469 593 3567 665; x_wconf 84' lang='grc' dir='ltr'>τῆς</span> <span class='ocrx_word' id='word_1_147' title='bbox 3592 592 3711 647; x_wconf 82' lang='grc' dir='ltr'>θεό-</span> 
     </span>
    </p>
   </div>
   <div class='ocr_carea' id='block_1_21' title="bbox 2140 683 3714 759">
    <p class='ocr_par' dir='ltr' id='par_1_21' title="bbox 2140 683 3714 759">
     <span class='ocr_line' id='line_1_21' title="bbox 2140 683 3714 759; baseline -0.004 -16"><span class='ocrx_word' id='word_1_148' title='bbox 2140 706 2301 759; x_wconf 85' lang='grc' dir='ltr'>τητος</span> <span class='ocrx_word' id='word_1_149' title='bbox 2351 690 2587 744; x_wconf 81' lang='grc' dir='ltr'><strong>ἀκακίαν</strong></span> <span class='ocrx_word' id='word_1_150' title='bbox 2634 690 2710 753; x_wconf 85' lang='grc' dir='ltr'><strong>ὡς</strong></span> <span class='ocrx_word' id='word_1_151' title='bbox 2763 688 2821 741; x_wconf 80' lang='grc' dir='ltr'><strong>ὲν</strong></span> <span class='ocrx_word' id='word_1_152' title='bbox 2865 684 3322 758; x_wconf 83' lang='grc' dir='ltr'>νηπίῳ’Χριστὸς</span> <span class='ocrx_word' id='word_1_153' title='bbox 3372 683 3714 755; x_wconf 73' lang='grc' dir='ltr'>σημαίνεται.</span> 
     </span>
    </p>
   </div>
   <div class='ocr_carea' id='block_1_22' title="bbox 2142 776 3717 853">
    <p class='ocr_par' dir='ltr' id='par_1_22' title="bbox 2142 776 3717 853">
     <span class='ocr_line' id='line_1_22' title="bbox 2142 776 3717 853; baseline -0.005 -20"><span class='ocrx_word' id='word_1_154' title='bbox 2142 781 2435 853; x_wconf 83' lang='grc' dir='ltr'>Σεσίγηται</span> <span class='ocrx_word' id='word_1_155' title='bbox 2466 781 2524 835; x_wconf 81' lang='grc' dir='ltr'>δὲ</span> <span class='ocrx_word' id='word_1_156' title='bbox 2559 780 2652 835; x_wconf 76' lang='grc' dir='ltr'>καὶ</span> <span class='ocrx_word' id='word_1_157' title='bbox 2680 782 2740 834; x_wconf 85' lang='grc' dir='ltr'><strong>ὲν</strong></span> <span class='ocrx_word' id='word_1_158' title='bbox 2764 781 2876 843; x_wconf 88' lang='grc' dir='ltr'>τοῖς</span> <span class='ocrx_word' id='word_1_159' title='bbox 2900 779 3064 850; x_wconf 81' lang='grc' dir='ltr'><strong>ἱεροῖς</strong></span> <span class='ocrx_word' id='word_1_160' title='bbox 3091 776 3418 847; x_wconf 86' lang='grc' dir='ltr'>Γράμμασιν</span> <span class='ocrx_word' id='word_1_161' title='bbox 3448 776 3717 844; x_wconf 78' lang='grc' dir='ltr'>οἰκονομι-</span> 
     </span>
    </p>
   </div>
   <div class='ocr_carea' id='block_1_23' title="bbox 2142 867 3717 944">
    <p class='ocr_par' dir='ltr' id='par_1_23' title="bbox 2142 867 3717 944">
     <span class='ocr_line' id='line_1_23' title="bbox 2142 867 3717 944; baseline -0.006 -16"><span class='ocrx_word' id='word_1_162' title='bbox 2142 872 2252 937; x_wconf 87' lang='grc' dir='ltr'><strong>κῶς</strong></span> <span class='ocrx_word' id='word_1_163' title='bbox 2281 876 2310 928; x_wconf 81' lang='grc' dir='ltr'>ὁ</span> <span class='ocrx_word' id='word_1_164' title='bbox 2346 873 2590 936; x_wconf 84' lang='grc' dir='ltr'>Μωσέως</span> <span class='ocrx_word' id='word_1_165' title='bbox 2614 873 2818 944; x_wconf 86' lang='grc' dir='ltr'>πατήρ.</span> <span class='ocrx_word' id='word_1_166' title='bbox 2842 872 2954 925; x_wconf 77' lang='grc' dir='ltr'><strong>Καὶ</strong></span> <span class='ocrx_word' id='word_1_167' title='bbox 2973 870 3081 943; x_wconf 86' lang='lat'><strong>7&amp;9</strong></span> <span class='ocrx_word' id='word_1_168' title='bbox 3107 869 3227 923; x_wconf 77' lang='grc' dir='ltr'>ὲνὺν</span> <span class='ocrx_word' id='word_1_169' title='bbox 3256 870 3429 922; x_wconf 84' lang='grc' dir='ltr'>εἰπεῖν</span> <span class='ocrx_word' id='word_1_170' title='bbox 3449 884 3462 897; x_wconf 78' lang='grc'><em>’</em></span> <span class='ocrx_word' id='word_1_171' title='bbox 3498 867 3556 920; x_wconf 85' lang='lat'><strong>&#39;0</strong></span> <span class='ocrx_word' id='word_1_172' title='bbox 3570 867 3717 921; x_wconf 81' lang='grc' dir='ltr'>δεῖνα</span> 
     </span>
    </p>
   </div>
   <div class='ocr_carea' id='block_1_24' title="bbox 2140 952 3713 1035">
    <p class='ocr_par' dir='ltr' id='par_1_24' title="bbox 2140 952 3713 1035">
     <span class='ocr_line' id='line_1_24' title="bbox 2140 952 3713 1035; baseline -0.006 -17"><span class='ocrx_word' id='word_1_173' title='bbox 2140 963 2301 1035; x_wconf 78' lang='grc' dir='ltr'>τυχὸν</span> <span class='ocrx_word' id='word_1_174' title='bbox 2323 963 2513 1019; x_wconf 75' lang='grc' dir='ltr'>ἔλαϐεν</span> <span class='ocrx_word' id='word_1_175' title='bbox 2531 965 2596 1017; x_wconf 82' lang='grc' dir='ltr'><strong>ὲκ</strong></span> <span class='ocrx_word' id='word_1_176' title='bbox 2610 962 2718 1015; x_wconf 90' lang='grc' dir='ltr'><strong>τῶν</strong></span> <span class='ocrx_word' id='word_1_177' title='bbox 2739 960 3052 1033; x_wconf 83' lang='grc' dir='ltr'>θυγατέρων</span> <span class='ocrx_word' id='word_1_178' title='bbox 3073 960 3225 1015; x_wconf 79' lang='grc' dir='ltr'>Δευῖ’</span> <span class='ocrx_word' id='word_1_179' title='bbox 3243 958 3306 1012; x_wconf 83' lang='grc' dir='ltr'><strong>τὸ</strong></span> <span class='ocrx_word' id='word_1_180' title='bbox 3329 952 3554 1025; x_wconf 54' lang='grc' dir='ltr'>δὲμἯν</span> <span class='ocrx_word' id='word_1_181' title='bbox 3573 974 3677 1021; x_wconf 82' lang='grc' dir='ltr'>τις,</span> <span class='ocrx_word' id='word_1_182' title='bbox 3694 976 3713 1007; x_wconf 70' lang='grc' dir='ltr'><strong>ι</strong></span> 
     </span>
    </p>
   </div>
   <div class='ocr_carea' id='block_1_25' title="bbox 2143 1049 3721 1128">
    <p class='ocr_par' dir='ltr' id='par_1_25' title="bbox 2143 1049 3721 1128">
     <span class='ocr_line' id='line_1_25' title="bbox 2143 1049 3721 1128; baseline -0.005 -18"><span class='ocrx_word' id='word_1_183' title='bbox 2143 1056 2424 1128; x_wconf 75' lang='grc' dir='ltr'>φησὶν,ὅτι</span> <span class='ocrx_word' id='word_1_184' title='bbox 2450 1056 2543 1112; x_wconf 76' lang='grc' dir='ltr'><strong>καὶ</strong></span> <span class='ocrx_word' id='word_1_185' title='bbox 2576 1054 2805 1126; x_wconf 80' lang='grc' dir='ltr'><strong>ἀπάτωρ</strong></span> <span class='ocrx_word' id='word_1_186' title='bbox 2832 1054 2893 1108; x_wconf 82' lang='grc' dir='ltr'><strong>τὸ</strong></span> <span class='ocrx_word' id='word_1_187' title='bbox 2934 1052 3078 1107; x_wconf 84' lang='grc' dir='ltr'>κατὰ</span> <span class='ocrx_word' id='word_1_188' title='bbox 3104 1052 3285 1124; x_wconf 81' lang='grc' dir='ltr'>σάρκα</span> <span class='ocrx_word' id='word_1_189' title='bbox 3318 1050 3552 1121; x_wconf 74' lang='grc' dir='ltr'>Χριστὸς</span> <span class='ocrx_word' id='word_1_190' title='bbox 3582 1049 3721 1103; x_wconf 72' lang='grc' dir='ltr'>πλαο</span> 
     </span>
    </p>
   </div>
   <div class='ocr_carea' id='block_1_26' title="bbox 2124 1142 3719 1217">
    <p class='ocr_par' dir='ltr' id='par_1_26' title="bbox 2124 1142 3719 1217">
     <span class='ocr_line' id='line_1_26' title="bbox 2124 1142 3719 1217; baseline -0.003 -18"><span class='ocrx_word' id='word_1_191' title='bbox 2124 1148 2277 1215; x_wconf 73' lang='grc' dir='ltr'>ιγίως</span> <span class='ocrx_word' id='word_1_192' title='bbox 2302 1146 2604 1217; x_wconf 82' lang='grc' dir='ltr'>ύποδηλῶν,</span> <span class='ocrx_word' id='word_1_193' title='bbox 2647 1145 2787 1214; x_wconf 80' lang='grc' dir='ltr'>πλὴν</span> <span class='ocrx_word' id='word_1_194' title='bbox 2828 1146 2886 1197; x_wconf 80' lang='grc' dir='ltr'><strong>ὲν</strong></span> <span class='ocrx_word' id='word_1_195' title='bbox 2916 1143 3121 1214; x_wconf 66' lang='grc' dir='ltr'>ὑποψίᾳ</span> <span class='ocrx_word' id='word_1_196' title='bbox 3148 1142 3338 1211; x_wconf 87' lang='grc' dir='ltr'>γέγονε</span> <span class='ocrx_word' id='word_1_197' title='bbox 3368 1142 3570 1213; x_wconf 81' lang='grc' dir='ltr'>πατήρ·</span> <span class='ocrx_word' id='word_1_198' title='bbox 3604 1144 3719 1195; x_wconf 77' lang='grc' dir='ltr'><strong>ἐνο-</strong></span> 
     </span>
    </p>
   </div>
   <div class='ocr_carea' id='block_1_27' title="bbox 2147 1225 3717 1306">
    <p class='ocr_par' dir='ltr' id='par_1_27' title="bbox 2147 1225 3717 1306">
     <span class='ocr_line' id='line_1_27' title="bbox 2147 1225 3717 1306; baseline -0.003 -19"><span class='ocrx_word' id='word_1_199' title='bbox 2147 1236 2335 1306; x_wconf 79' lang='grc' dir='ltr'>μίζετο</span> <span class='ocrx_word' id='word_1_200' title='bbox 2359 1234 2470 1306; x_wconf 87' lang='lat'><strong>7&amp;9</strong></span> <span class='ocrx_word' id='word_1_201' title='bbox 2515 1234 2629 1296; x_wconf 80' lang='grc' dir='ltr'>υίὸς</span> <span class='ocrx_word' id='word_1_202' title='bbox 2674 1229 2814 1286; x_wconf 75' lang='grc' dir='ltr'>εἶναι</span> <span class='ocrx_word' id='word_1_203' title='bbox 2854 1233 3074 1302; x_wconf 76' lang='grc' dir='ltr'>Ἰωσήφ.</span> <span class='ocrx_word' id='word_1_204' title='bbox 3117 1251 3136 1283; x_wconf 77' lang='grc' dir='ltr'><strong>ι</strong></span> <span class='ocrx_word' id='word_1_205' title='bbox 3188 1230 3328 1285; x_wconf 81' lang='grc' dir='ltr'>Ἀλλ’</span> <span class='ocrx_word' id='word_1_206' title='bbox 3364 1225 3433 1301; x_wconf 78' lang='grc' dir='ltr'>ἧν</span> <span class='ocrx_word' id='word_1_207' title='bbox 3481 1232 3717 1291; x_wconf 80' lang='grc' dir='ltr'>ἀστεῖον,</span> 
     </span>
    </p>
   </div>
   <div class='ocr_carea' id='block_1_28' title="bbox 2145 1322 3722 1398">
    <p class='ocr_par' dir='ltr' id='par_1_28' title="bbox 2145 1322 3722 1398">
     <span class='ocr_line' id='line_1_28' title="bbox 2145 1322 3722 1398; baseline -0.005 -17"><span class='ocrx_word' id='word_1_208' title='bbox 2145 1327 2299 1398; x_wconf 77' lang='grc' dir='ltr'>φησὶ,</span> <span class='ocrx_word' id='word_1_209' title='bbox 2335 1327 2394 1379; x_wconf 70' lang='grc' dir='ltr'><strong>τ’)</strong></span> <span class='ocrx_word' id='word_1_210' title='bbox 2421 1325 2652 1380; x_wconf 83' lang='grc' dir='ltr'><strong>παιδίον.</strong></span> <span class='ocrx_word' id='word_1_211' title='bbox 2698 1328 2717 1375; x_wconf 64' lang='grc' dir='ltr'><strong>ι</strong></span> <span class='ocrx_word' id='word_1_212' title='bbox 2753 1324 2864 1377; x_wconf 79' lang='grc' dir='ltr'><strong>Καὶ</strong></span> <span class='ocrx_word' id='word_1_213' title='bbox 2890 1323 3000 1393; x_wconf 83' lang='lat'><strong>7&amp;9</strong></span> <span class='ocrx_word' id='word_1_214' title='bbox 3047 1342 3066 1374; x_wconf 78' lang='grc' dir='ltr'><strong>ι</strong></span> <span class='ocrx_word' id='word_1_215' title='bbox 3105 1323 3304 1394; x_wconf 83' lang='grc' dir='ltr'><strong>ὡραῖος</strong></span> <span class='ocrx_word' id='word_1_216' title='bbox 3336 1322 3519 1377; x_wconf 73' lang='grc' dir='ltr'>κάλλει</span> <span class='ocrx_word' id='word_1_217' title='bbox 3566 1326 3722 1392; x_wconf 66' lang='grc' dir='ltr'>παρὰ</span> 
     </span>
    </p>
   </div>
   <div class='ocr_carea' id='block_1_29' title="bbox 2144 1413 3721 1488">
    <p class='ocr_par' dir='ltr' id='par_1_29' title="bbox 2144 1413 3721 1488">
     <span class='ocr_line' id='line_1_29' title="bbox 2144 1413 3721 1488; baseline -0.005 -15"><span class='ocrx_word' id='word_1_218' title='bbox 2144 1422 2269 1483; x_wconf 67' lang='grc' dir='ltr'>τοὺς</span> <span class='ocrx_word' id='word_1_219' title='bbox 2297 1419 2444 1481; x_wconf 76' lang='grc' dir='ltr'>υἱοὺς</span> <span class='ocrx_word' id='word_1_220' title='bbox 2481 1416 2591 1471; x_wconf 91' lang='grc' dir='ltr'><strong>τῶν</strong></span> <span class='ocrx_word' id='word_1_221' title='bbox 2616 1414 2919 1488; x_wconf 86' lang='grc' dir='ltr'>ἀνθρώπων</span> <span class='ocrx_word' id='word_1_222' title='bbox 2951 1434 2970 1466; x_wconf 73' lang='grc' dir='ltr'><strong>ι</strong></span> <span class='ocrx_word' id='word_1_223' title='bbox 3018 1413 3332 1486; x_wconf 85' lang='grc' dir='ltr'>ὠνόμασταί</span> <span class='ocrx_word' id='word_1_224' title='bbox 3363 1431 3422 1468; x_wconf 89' lang='grc' dir='ltr'>τε</span> <span class='ocrx_word' id='word_1_225' title='bbox 3465 1416 3560 1467; x_wconf 76' lang='grc' dir='ltr'>καὶ</span> <span class='ocrx_word' id='word_1_226' title='bbox 3602 1413 3721 1467; x_wconf 75' lang='grc' dir='ltr'>ἔστι</span> 
     </span>
    </p>
   </div>
   <div class='ocr_carea' id='block_1_30' title="bbox 2146 1504 3723 1579">
    <p class='ocr_par' dir='ltr' id='par_1_30' title="bbox 2146 1504 3723 1579">
     <span class='ocr_line' id='line_1_30' title="bbox 2146 1504 3723 1579; baseline -0.005 -15"><span class='ocrx_word' id='word_1_227' title='bbox 2146 1509 2397 1579; x_wconf 84' lang='grc' dir='ltr'>Χριστός.</span> <span class='ocrx_word' id='word_1_228' title='bbox 2445 1508 2744 1577; x_wconf 83' lang='grc' dir='ltr'>Ἐπεφώνει</span> <span class='ocrx_word' id='word_1_229' title='bbox 2780 1507 2837 1561; x_wconf 81' lang='grc' dir='ltr'>δὲ</span> <span class='ocrx_word' id='word_1_230' title='bbox 2861 1505 3010 1577; x_wconf 81' lang='grc' dir='ltr'>αὐτῷ</span> <span class='ocrx_word' id='word_1_231' title='bbox 3039 1506 3133 1560; x_wconf 66' lang='grc' dir='ltr'><strong>ποια)⁵</strong></span> <span class='ocrx_word' id='word_1_232' title='bbox 3153 1505 3380 1579; x_wconf 79' lang='grc' dir='ltr'>ἑτέρωθί</span> <span class='ocrx_word' id='word_1_233' title='bbox 3418 1522 3522 1567; x_wconf 72' lang='grc' dir='ltr'><strong>που</strong></span> <span class='ocrx_word' id='word_1_234' title='bbox 3558 1504 3723 1558; x_wconf 70' lang='grc' dir='ltr'>πάλιν</span> 
     </span>
    </p>
   </div>
   <div class='ocr_carea' id='block_1_31' title="bbox 2146 1596 3722 1669">
    <p class='ocr_par' dir='ltr' id='par_1_31' title="bbox 2146 1596 3722 1669">
     <span class='ocr_line' id='line_1_31' title="bbox 2146 1596 3722 1669; baseline -0.002 -15"><span class='ocrx_word' id='word_1_235' title='bbox 2146 1603 2174 1655; x_wconf 86' lang='grc' dir='ltr'>ὁ</span> <span class='ocrx_word' id='word_1_236' title='bbox 2202 1600 2486 1663; x_wconf 82' lang='grc' dir='ltr'><strong>Θεσπέσιος</strong></span> <span class='ocrx_word' id='word_1_237' title='bbox 2525 1599 2709 1652; x_wconf 76' lang='grc' dir='ltr'>Δαόίδ’</span> <span class='ocrx_word' id='word_1_238' title='bbox 2752 1616 2771 1650; x_wconf 74' lang='grc' dir='ltr'><strong>ι</strong></span> <span class='ocrx_word' id='word_1_239' title='bbox 2818 1597 3130 1668; x_wconf 75' lang='grc' dir='ltr'>Περίζωσαι</span> <span class='ocrx_word' id='word_1_240' title='bbox 3163 1598 3263 1669; x_wconf 80' lang='grc' dir='ltr'><strong>τὴν</strong></span> <span class='ocrx_word' id='word_1_241' title='bbox 3304 1596 3577 1666; x_wconf 73' lang='grc' dir='ltr'><strong>ῥομφαίαν</strong></span> <span class='ocrx_word' id='word_1_242' title='bbox 3623 1614 3722 1651; x_wconf 75' lang='grc' dir='ltr'>σω</span> 
     </span>
    </p>
   </div>
   <div class='ocr_carea' id='block_1_32' title="bbox 466 1688 2053 1784">
    <p class='ocr_par' dir='ltr' id='par_1_32' title="bbox 466 1690 2045 1784">
     <span class='ocr_line' id='line_1_32' title="bbox 466 1690 2045 1784; baseline -0.016 -17"><span class='ocrx_word' id='word_1_243' title='bbox 466 1715 528 1769; x_wconf 76' lang='lat' dir='ltr'><strong>in</strong></span> <span class='ocrx_word' id='word_1_244' title='bbox 545 1711 715 1784; x_wconf 78' lang='lat' dir='ltr'><strong>gloria</strong></span> <span class='ocrx_word' id='word_1_245' title='bbox 738 1715 794 1763; x_wconf 90' lang='lat' dir='ltr'><strong>et</strong></span> <span class='ocrx_word' id='word_1_246' title='bbox 811 1715 1007 1761; x_wconf 89' lang='lat' dir='ltr'><strong>natura</strong></span> <span class='ocrx_word' id='word_1_247' title='bbox 1030 1702 1250 1757; x_wconf 89' lang='lat' dir='ltr'><strong>deitatis</strong></span> <span class='ocrx_word' id='word_1_248' title='bbox 1263 1698 1444 1755; x_wconf 88' lang='lat' dir='ltr'><strong>omnia</strong></span> <span class='ocrx_word' id='word_1_249' title='bbox 1465 1690 2045 1766; x_wconf 87' lang='lat' dir='ltr'><strong>superantis,quando-</strong></span> 
     </span>
    </p>
   </div>
   <div class='ocr_carea' id='block_1_33' title="bbox 2152 1688 3723 1784">
    <p class='ocr_par' dir='ltr' id='par_1_33' title="bbox 2152 1688 3723 1784">
     <span class='ocr_line' id='line_1_33' title="bbox 2152 1688 3723 1784; baseline -0.002 -40"><span class='ocrx_word' id='word_1_250' title='bbox 2152 1690 2356 1784; x_wconf 63' lang='grc' dir='ltr'>ἑπῖτὸν</span> <span class='ocrx_word' id='word_1_251' title='bbox 2381 1689 2553 1761; x_wconf 85' lang='grc' dir='ltr'>μηρόν</span> <span class='ocrx_word' id='word_1_252' title='bbox 2577 1706 2691 1756; x_wconf 89' lang='grc' dir='ltr'>σου,</span> <span class='ocrx_word' id='word_1_253' title='bbox 2726 1688 2918 1769; x_wconf 81' lang='grc' dir='ltr'>δυνατὲ</span> <span class='ocrx_word' id='word_1_254' title='bbox 2964 1691 3031 1759; x_wconf 81' lang='grc' dir='ltr'><strong>τῇ</strong></span> <span class='ocrx_word' id='word_1_255' title='bbox 3067 1689 3363 1760; x_wconf 82' lang='grc' dir='ltr'>ῶραιότητί</span> <span class='ocrx_word' id='word_1_256' title='bbox 3396 1706 3489 1742; x_wconf 86' lang='grc' dir='ltr'><strong>σου</strong></span> <span class='ocrx_word' id='word_1_257' title='bbox 3518 1689 3610 1742; x_wconf 77' lang='grc' dir='ltr'><strong>καὶ</strong></span> <span class='ocrx_word' id='word_1_258' title='bbox 3641 1690 3723 1759; x_wconf 81' lang='grc' dir='ltr'>τῷ</span> 
     </span>
    </p>
   </div>
   <div class='ocr_carea' id='block_1_34' title="bbox 472 1764 2053 1876">
    <p class='ocr_par' dir='ltr' id='par_1_34' title="bbox 472 1764 2043 1876">
     <span class='ocr_line' id='line_1_34' title="bbox 472 1764 1547 1784; baseline -0.019 2"><span class='ocrx_word' id='word_1_259' title='bbox 472 1764 528 1769; x_wconf 79' lang='grc'><strong>”““</strong></span> <span class='ocrx_word' id='word_1_260' title='bbox 545 1764 593 1784; x_wconf 52' lang='grc' dir='ltr'><strong>ον</strong></span> <span class='ocrx_word' id='word_1_261' title='bbox 608 1764 621 1766; x_wconf 73' lang='lat'>&#39;</span> <span class='ocrx_word' id='word_1_262' title='bbox 1534 1764 1547 1766; x_wconf 54' lang='grc' dir='ltr'>ν</span> 
     </span>
     <span class='ocr_line' id='line_1_35' title="bbox 472 1780 2043 1876; baseline -0.018 -15"><span class='ocrx_word' id='word_1_263' title='bbox 472 1803 693 1876; x_wconf 89' lang='lat' dir='ltr'><strong>quidem</strong></span> <span class='ocrx_word' id='word_1_264' title='bbox 719 1798 902 1855; x_wconf 91' lang='lat' dir='ltr'><strong>carnis</strong></span> <span class='ocrx_word' id='word_1_265' title='bbox 927 1793 1449 1867; x_wconf 82' lang='lat' dir='ltr'><strong>gloriationesnemo</strong></span> <span class='ocrx_word' id='word_1_266' title='bbox 1468 1783 1781 1854; x_wconf 89' lang='lat' dir='ltr'><strong>ascripserit</strong></span> <span class='ocrx_word' id='word_1_267' title='bbox 1804 1780 2043 1841; x_wconf 85' lang='lat' dir='ltr'><strong>Christo,</strong></span> 
     </span>
    </p>
   </div>
   <div class='ocr_carea' id='block_1_35' title="bbox 2152 1764 3727 1876">
    <p class='ocr_par' dir='ltr' id='par_1_35' title="bbox 2152 1764 3727 1876">
     <span class='ocr_line' id='line_1_36' title="bbox 2152 1764 3727 1876; baseline -0.002 -40"><span class='ocrx_word' id='word_1_268' title='bbox 2152 1782 2332 1837; x_wconf 78' lang='grc' dir='ltr'>κάλλει</span> <span class='ocrx_word' id='word_1_269' title='bbox 2367 1799 2480 1876; x_wconf 83' lang='grc' dir='ltr'>σου.</span> <span class='ocrx_word' id='word_1_270' title='bbox 2569 1780 2806 1876; x_wconf 78' lang='grc' dir='ltr'>Νοητέον</span> <span class='ocrx_word' id='word_1_271' title='bbox 2830 1764 2885 1834; x_wconf 77' lang='grc' dir='ltr'>δὲ</span> <span class='ocrx_word' id='word_1_272' title='bbox 2910 1781 2993 1835; x_wconf 85' lang='grc' dir='ltr'><strong>ὃτι</strong></span> <span class='ocrx_word' id='word_1_273' title='bbox 3023 1780 3084 1834; x_wconf 80' lang='grc' dir='ltr'><strong>τὸ</strong></span> <span class='ocrx_word' id='word_1_274' title='bbox 3106 1780 3301 1845; x_wconf 83' lang='grc' dir='ltr'>κάλλος</span> <span class='ocrx_word' id='word_1_275' title='bbox 3323 1780 3384 1834; x_wconf 82' lang='grc' dir='ltr'><strong>τὸ</strong></span> <span class='ocrx_word' id='word_1_276' title='bbox 3411 1782 3487 1844; x_wconf 87' lang='grc' dir='ltr'>ὼς</span> <span class='ocrx_word' id='word_1_277' title='bbox 3510 1781 3567 1833; x_wconf 82' lang='grc' dir='ltr'>ἐν</span> <span class='ocrx_word' id='word_1_278' title='bbox 3591 1781 3727 1855; x_wconf 69' lang='grc' dir='ltr'><strong>δόξῃ</strong></span> 
     </span>
    </p>
   </div>
   <div class='ocr_carea' id='block_1_36' title="bbox 472 1867 2053 1965">
    <p class='ocr_par' dir='ltr' id='par_1_36' title="bbox 472 1870 2041 1965">
     <span class='ocr_line' id='line_1_37' title="bbox 472 1870 2041 1965; baseline -0.018 -16"><span class='ocrx_word' id='word_1_279' title='bbox 472 1908 649 1965; x_wconf 89' lang='lat' dir='ltr'><strong>neque</strong></span> <span class='ocrx_word' id='word_1_280' title='bbox 671 1891 724 1945; x_wconf 92' lang='lat' dir='ltr'><strong>in</strong></span> <span class='ocrx_word' id='word_1_281' title='bbox 745 1887 971 1960; x_wconf 81' lang='lat' dir='ltr'><strong>gloriam</strong></span> <span class='ocrx_word' id='word_1_282' title='bbox 998 1883 1171 1955; x_wconf 89' lang='lat' dir='ltr'><strong>ipsius</strong></span> <span class='ocrx_word' id='word_1_283' title='bbox 1186 1878 1461 1937; x_wconf 77' lang='lat' dir='ltr'><strong>censuerit</strong></span> <span class='ocrx_word' id='word_1_284' title='bbox 1489 1874 1665 1930; x_wconf 88' lang='lat' dir='ltr'><strong>:absit</strong></span> <span class='ocrx_word' id='word_1_285' title='bbox 1687 1874 1809 1927; x_wconf 91' lang='lat' dir='ltr'><strong>hoc.</strong></span> <span class='ocrx_word' id='word_1_286' title='bbox 1845 1870 2041 1924; x_wconf 87' lang='lat' dir='ltr'><strong>Totum</strong></span> 
     </span>
    </p>
   </div>
   <div class='ocr_carea' id='block_1_37' title="bbox 2152 1867 3724 1965">
    <p class='ocr_par' dir='ltr' id='par_1_37' title="bbox 2152 1867 3724 1965">
     <span class='ocr_line' id='line_1_38' title="bbox 2152 1867 3724 1965; baseline -0.003 -42"><span class='ocrx_word' id='word_1_287' title='bbox 2152 1889 2228 1965; x_wconf 72' lang='lat' dir='ltr'><strong>re,</strong></span> <span class='ocrx_word' id='word_1_288' title='bbox 2254 1869 2540 1965; x_wconf 59' lang='lat' dir='ltr'><strong>(pqtt‘.,xa&#39;t</strong></span> <span class='ocrx_word' id='word_1_289' title='bbox 2572 1869 2733 1938; x_wconf 86' lang='grc' dir='ltr'>φύσει</span> <span class='ocrx_word' id='word_1_290' title='bbox 2760 1869 2860 1939; x_wconf 81' lang='grc' dir='ltr'><strong>τῆς</strong></span> <span class='ocrx_word' id='word_1_291' title='bbox 2885 1868 3024 1939; x_wconf 83' lang='grc' dir='ltr'>ὑπὲρ</span> <span class='ocrx_word' id='word_1_292' title='bbox 3057 1869 3232 1922; x_wconf 80' lang='grc' dir='ltr'>πάντα</span> <span class='ocrx_word' id='word_1_293' title='bbox 3251 1868 3501 1939; x_wconf 74' lang='grc' dir='ltr'>θεότητος</span> <span class='ocrx_word' id='word_1_294' title='bbox 3525 1867 3627 1921; x_wconf 78' lang='grc' dir='ltr'><strong>οὐκ</strong></span> <span class='ocrx_word' id='word_1_295' title='bbox 3655 1868 3724 1919; x_wconf 84' lang='grc' dir='ltr'>ἂν</span> 
     </span>
    </p>
   </div>
   <div class='ocr_carea' id='block_1_38' title="bbox 471 1961 2044 2054">
    <p class='ocr_par' dir='ltr' id='par_1_38' title="bbox 471 1961 2044 2054">
     <span class='ocr_line' id='line_1_39' title="bbox 471 1961 2044 2054; baseline -0.02 -11"><span class='ocrx_word' id='word_1_296' title='bbox 471 1988 618 2043; x_wconf 89' lang='lat' dir='ltr'><strong>cnim</strong></span> <span class='ocrx_word' id='word_1_297' title='bbox 653 1980 971 2054; x_wconf 90' lang='lat' dir='ltr'><strong>mysterium</strong></span> <span class='ocrx_word' id='word_1_298' title='bbox 1000 1972 1393 2031; x_wconf 79' lang='lat' dir='ltr'><strong>incarnationis</strong></span> <span class='ocrx_word' id='word_1_299' title='bbox 1425 1969 1596 2040; x_wconf 81' lang='lat' dir='ltr'><strong>ipsius</strong></span> <span class='ocrx_word' id='word_1_300' title='bbox 1629 1971 1714 2020; x_wconf 80' lang='lat' dir='ltr'><strong>est</strong></span> <span class='ocrx_word' id='word_1_301' title='bbox 1744 1961 2044 2019; x_wconf 75' lang='lat' dir='ltr'><strong>exinanitio</strong></span> 
     </span>
    </p>
   </div>
   <div class='ocr_carea' id='block_1_39' title="bbox 473 2052 2041 2136">
    <p class='ocr_par' dir='ltr' id='par_1_39' title="bbox 473 2052 2041 2136">
     <span class='ocr_line' id='line_1_40' title="bbox 473 2052 2041 2136; baseline -0.019 -2"><span class='ocrx_word' id='word_1_302' title='bbox 473 2089 529 2134; x_wconf 88' lang='lat' dir='ltr'><strong>et</strong></span> <span class='ocrx_word' id='word_1_303' title='bbox 547 2052 881 2136; x_wconf 82' lang='lat' dir='ltr'><strong>humiliatio,</strong></span> <span class='ocrx_word' id='word_1_304' title='bbox 907 2069 1052 2124; x_wconf 87' lang='lat' dir='ltr'><strong>sicut</strong></span> <span class='ocrx_word' id='word_1_305' title='bbox 1084 2064 1305 2136; x_wconf 90' lang='lat' dir='ltr'><strong>scripsit</strong></span> <span class='ocrx_word' id='word_1_306' title='bbox 1326 2063 1394 2117; x_wconf 93' lang='lat' dir='ltr'><strong>de</strong></span> <span class='ocrx_word' id='word_1_307' title='bbox 1419 2077 1487 2114; x_wconf 91' lang='lat' dir='ltr'><strong>eo</strong></span> <span class='ocrx_word' id='word_1_308' title='bbox 1514 2057 1783 2129; x_wconf 89' lang='lat' dir='ltr'><strong>propheta</strong></span> <span class='ocrx_word' id='word_1_309' title='bbox 1832 2052 1999 2108; x_wconf 88' lang='lat' dir='ltr'><strong>Isaias</strong></span> <span class='ocrx_word' id='word_1_310' title='bbox 2027 2068 2041 2104; x_wconf 87' lang='lat'><strong>:</strong></span> 
     </span>
    </p>
   </div>
   <div class='ocr_carea' id='block_1_40' title="bbox 481 2149 2045 2231">
    <p class='ocr_par' dir='ltr' id='par_1_40' title="bbox 481 2149 2045 2231">
     <span class='ocr_line' id='line_1_41' title="bbox 481 2149 2045 2231; baseline -0.015 -9"><span class='ocrx_word' id='word_1_311' title='bbox 481 2192 500 2222; x_wconf 75' lang='grc' dir='ltr'><strong>ι</strong></span> <span class='ocrx_word' id='word_1_312' title='bbox 532 2171 603 2225; x_wconf 89' lang='lat' dir='ltr'><strong>Et</strong></span> <span class='ocrx_word' id='word_1_313' title='bbox 631 2166 871 2220; x_wconf 80' lang='lat' dir='ltr'><strong>vidimus</strong></span> <span class='ocrx_word' id='word_1_314' title='bbox 898 2162 1098 2231; x_wconf 88' lang='lat' dir='ltr'><strong>ipsum,</strong></span> <span class='ocrx_word' id='word_1_315' title='bbox 1126 2164 1184 2211; x_wconf 91' lang='lat' dir='ltr'><strong>et</strong></span> <span class='ocrx_word' id='word_1_316' title='bbox 1204 2169 1318 2209; x_wconf 88' lang='lat' dir='ltr'><strong>non</strong></span> <span class='ocrx_word' id='word_1_317' title='bbox 1332 2152 1571 2208; x_wconf 88' lang='lat' dir='ltr'><strong>habebat</strong></span> <span class='ocrx_word' id='word_1_318' title='bbox 1587 2149 1848 2219; x_wconf 89' lang='lat' dir='ltr'><strong>speciem,</strong></span> <span class='ocrx_word' id='word_1_319' title='bbox 1866 2158 2045 2214; x_wconf 88' lang='lat' dir='ltr'><strong>neque</strong></span> 
     </span>
    </p>
   </div>
   <div class='ocr_carea' id='block_1_41' title="bbox 474 2238 2047 2335">
    <p class='ocr_par' dir='ltr' id='par_1_41' title="bbox 474 2238 2047 2335">
     <span class='ocr_line' id='line_1_42' title="bbox 474 2238 2047 2335; baseline -0.017 -19"><span class='ocrx_word' id='word_1_320' title='bbox 474 2254 941 2335; x_wconf 85' lang='lat' dir='ltr'><strong>pulchritudinem</strong></span> <span class='ocrx_word' id='word_1_321' title='bbox 977 2267 992 2303; x_wconf 89' lang='lat'><strong>:</strong></span> <span class='ocrx_word' id='word_1_322' title='bbox 1033 2248 1127 2303; x_wconf 91' lang='lat' dir='ltr'><strong>sed</strong></span> <span class='ocrx_word' id='word_1_323' title='bbox 1158 2245 1371 2319; x_wconf 88' lang='lat' dir='ltr'><strong>species</strong></span> <span class='ocrx_word' id='word_1_324' title='bbox 1410 2244 1528 2314; x_wconf 83' lang='lat' dir='ltr'><strong>ejus</strong></span> <span class='ocrx_word' id='word_1_325' title='bbox 1554 2249 1671 2297; x_wconf 90' lang='lat' dir='ltr'><strong>erat</strong></span> <span class='ocrx_word' id='word_1_326' title='bbox 1693 2238 1832 2294; x_wconf 85' lang='lat' dir='ltr'><strong>infra</strong></span> <span class='ocrx_word' id='word_1_327' title='bbox 1855 2251 2047 2291; x_wconf 90' lang='lat' dir='ltr'><strong>omnes</strong></span> 
     </span>
    </p>
   </div>
   <div class='ocr_carea' id='block_1_42' title="bbox 476 2314 2047 2409">
    <p class='ocr_par' dir='ltr' id='par_1_42' title="bbox 476 2314 2047 2409">
     <span class='ocr_line' id='line_1_43' title="bbox 478 2314 1204 2335; baseline -0.022 0"><span class='ocrx_word' id='word_1_328' title='bbox 478 2314 531 2335; x_wconf 47' lang='grc' dir='ltr'>ικ</span> <span class='ocrx_word' id='word_1_329' title='bbox 1186 2314 1204 2319; x_wconf 77' lang='lat'><strong>-</strong></span> 
     </span>
     <span class='ocr_line' id='line_1_44' title="bbox 476 2314 2047 2409; baseline -0.018 0"><span class='ocrx_word' id='word_1_330' title='bbox 476 2354 617 2408; x_wconf 83' lang='lat' dir='ltr'><strong>filios</strong></span> <span class='ocrx_word' id='word_1_331' title='bbox 661 2346 944 2404; x_wconf 87' lang='lat' dir='ltr'><strong>hominum</strong></span> <span class='ocrx_word' id='word_1_332' title='bbox 985 2341 1054 2395; x_wconf 73' lang='lat'><strong>“.</strong></span> <span class='ocrx_word' id='word_1_333' title='bbox 1110 2358 1129 2392; x_wconf 76' lang='grc' dir='ltr'><strong>ι</strong></span> <span class='ocrx_word' id='word_1_334' title='bbox 1195 2339 1551 2409; x_wconf 82' lang='lat' dir='ltr'><strong>Nequaquam</strong></span> <span class='ocrx_word' id='word_1_335' title='bbox 1618 2348 1749 2388; x_wconf 84' lang='lat' dir='ltr'><strong>vero</strong></span> <span class='ocrx_word' id='word_1_336' title='bbox 1812 2314 2047 2385; x_wconf 83' lang='lat' dir='ltr'><strong>dicimus</strong></span> 
     </span>
    </p>
   </div>
   <div class='ocr_carea' id='block_1_43' title="bbox 475 2425 2048 2517">
    <p class='ocr_par' dir='ltr' id='par_1_43' title="bbox 475 2425 2048 2517">
     <span class='ocr_line' id='line_1_45' title="bbox 475 2425 2048 2517; baseline -0.015 -16"><span class='ocrx_word' id='word_1_337' title='bbox 475 2443 619 2517; x_wconf 90' lang='lat' dir='ltr'><strong>quod</strong></span> <span class='ocrx_word' id='word_1_338' title='bbox 654 2437 1011 2513; x_wconf 85' lang='lat' dir='ltr'><strong>propheticus</strong></span> <span class='ocrx_word' id='word_1_339' title='bbox 1037 2448 1218 2490; x_wconf 92' lang='lat' dir='ltr'><strong>sermo</strong></span> <span class='ocrx_word' id='word_1_340' title='bbox 1245 2430 1405 2486; x_wconf 92' lang='lat' dir='ltr'><strong>nobis</strong></span> <span class='ocrx_word' id='word_1_341' title='bbox 1436 2427 1656 2483; x_wconf 89' lang='lat' dir='ltr'><strong>deitatis</strong></span> <span class='ocrx_word' id='word_1_342' title='bbox 1696 2425 2048 2499; x_wconf 79' lang='lat' dir='ltr'><strong>gloriationes</strong></span> 
     </span>
    </p>
   </div>
   <div class='ocr_carea' id='block_1_44' title="bbox 472 2515 2050 2605">
    <p class='ocr_par' dir='ltr' id='par_1_44' title="bbox 472 2515 2050 2605">
     <span class='ocr_line' id='line_1_46' title="bbox 472 2515 2050 2605; baseline -0.015 -15"><span class='ocrx_word' id='word_1_343' title='bbox 472 2515 732 2605; x_wconf 74' lang='lat' dir='ltr'><strong>exponat,</strong></span> <span class='ocrx_word' id='word_1_344' title='bbox 761 2527 857 2584; x_wconf 89' lang='lat' dir='ltr'><strong>sed</strong></span> <span class='ocrx_word' id='word_1_345' title='bbox 892 2525 1075 2598; x_wconf 92' lang='lat' dir='ltr'><strong>potius</strong></span> <span class='ocrx_word' id='word_1_346' title='bbox 1101 2519 1393 2594; x_wconf 85' lang='lat' dir='ltr'><strong>persuadet</strong></span> <span class='ocrx_word' id='word_1_347' title='bbox 1416 2519 1575 2572; x_wconf 89' lang='lat' dir='ltr'><strong>nobis</strong></span> <span class='ocrx_word' id='word_1_348' title='bbox 1597 2526 1658 2570; x_wconf 91' lang='lat' dir='ltr'><strong>ut</strong></span> <span class='ocrx_word' id='word_1_349' title='bbox 1683 2515 2050 2584; x_wconf 80' lang='lat' dir='ltr'><strong>intelligamus</strong></span> 
     </span>
    </p>
   </div>
   <div class='ocr_carea' id='block_1_45' title="bbox 475 2604 2046 2696">
    <p class='ocr_par' dir='ltr' id='par_1_45' title="bbox 475 2604 2046 2696">
     <span class='ocr_line' id='line_1_47' title="bbox 475 2604 2046 2696; baseline -0.015 -13"><span class='ocrx_word' id='word_1_350' title='bbox 475 2604 712 2696; x_wconf 74' lang='lat' dir='ltr'><strong>eaquae</strong></span> <span class='ocrx_word' id='word_1_351' title='bbox 749 2621 930 2677; x_wconf 87' lang='lat' dir='ltr'><strong>carnis</strong></span> <span class='ocrx_word' id='word_1_352' title='bbox 978 2624 1127 2681; x_wconf 89' lang='lat' dir='ltr'><strong>sunt,</strong></span> <span class='ocrx_word' id='word_1_353' title='bbox 1181 2614 1374 2669; x_wconf 84' lang='lat' dir='ltr'><strong>collata</strong></span> <span class='ocrx_word' id='word_1_354' title='bbox 1416 2625 1540 2664; x_wconf 89' lang='lat' dir='ltr'><strong>cum</strong></span> <span class='ocrx_word' id='word_1_355' title='bbox 1589 2607 1759 2680; x_wconf 80' lang='lat' dir='ltr'><strong>gloria</strong></span> <span class='ocrx_word' id='word_1_356' title='bbox 1807 2604 2046 2670; x_wconf 85' lang='lat' dir='ltr'><strong>deitatis,</strong></span> 
     </span>
    </p>
   </div>
   <div class='ocr_carea' id='block_1_46' title="bbox 478 2696 2052 2793">
    <p class='ocr_par' dir='ltr' id='par_1_46' title="bbox 478 2696 2052 2793">
     <span class='ocr_line' id='line_1_48' title="bbox 478 2696 2052 2793; baseline -0.013 -21"><span class='ocrx_word' id='word_1_357' title='bbox 478 2732 703 2793; x_wconf 85' lang='lat' dir='ltr'><strong>prorsus</strong></span> <span class='ocrx_word' id='word_1_358' title='bbox 760 2713 963 2770; x_wconf 90' lang='lat' dir='ltr'><strong>nullius</strong></span> <span class='ocrx_word' id='word_1_359' title='bbox 992 2724 1115 2766; x_wconf 89' lang='lat' dir='ltr'><strong>esse</strong></span> <span class='ocrx_word' id='word_1_360' title='bbox 1162 2702 1448 2764; x_wconf 85' lang='lat' dir='ltr'><strong>momenti,</strong></span> <span class='ocrx_word' id='word_1_361' title='bbox 1499 2706 1593 2754; x_wconf 89' lang='lat' dir='ltr'><strong>aut</strong></span> <span class='ocrx_word' id='word_1_362' title='bbox 1642 2697 1827 2770; x_wconf 87' lang='lat' dir='ltr'><strong>pretii.</strong></span> <span class='ocrx_word' id='word_1_363' title='bbox 1875 2696 2052 2751; x_wconf 80' lang='lat' dir='ltr'><strong>Filius</strong></span> 
     </span>
    </p>
   </div>
   <div class='ocr_carea' id='block_1_47' title="bbox 476 2787 2053 2877">
    <p class='ocr_par' dir='ltr' id='par_1_47' title="bbox 476 2787 2053 2877">
     <span class='ocr_line' id='line_1_49' title="bbox 476 2787 2053 2877; baseline -0.015 -12"><span class='ocrx_word' id='word_1_364' title='bbox 476 2788 644 2866; x_wconf 17' lang='lat' dir='ltr'><strong>enim,</strong></span> <span class='ocrx_word' id='word_1_365' title='bbox 674 2807 728 2862; x_wconf 92' lang='lat' dir='ltr'><strong>in</strong></span> <span class='ocrx_word' id='word_1_366' title='bbox 757 2806 942 2877; x_wconf 90' lang='lat' dir='ltr'><strong>specie</strong></span> <span class='ocrx_word' id='word_1_367' title='bbox 985 2797 1240 2873; x_wconf 88' lang='lat' dir='ltr'><strong>apparuit</strong></span> <span class='ocrx_word' id='word_1_368' title='bbox 1267 2792 1561 2849; x_wconf 89' lang='lat' dir='ltr'><strong>admodum</strong></span> <span class='ocrx_word' id='word_1_369' title='bbox 1612 2787 1867 2844; x_wconf 83' lang='lat' dir='ltr'><strong>deformi.</strong></span> <span class='ocrx_word' id='word_1_370' title='bbox 1907 2788 2053 2843; x_wconf 86' lang='lat' dir='ltr'><strong>Deus</strong></span> 
     </span>
    </p>
   </div>
   <div class='ocr_carea' id='block_1_48' title="bbox 476 2877 2053 2964">
    <p class='ocr_par' dir='ltr' id='par_1_48' title="bbox 476 2877 2053 2964">
     <span class='ocr_line' id='line_1_50' title="bbox 476 2877 2053 2964; baseline -0.016 -7"><span class='ocrx_word' id='word_1_371' title='bbox 476 2900 625 2956; x_wconf 84' lang='lat' dir='ltr'><strong>enim</strong></span> <span class='ocrx_word' id='word_1_372' title='bbox 649 2913 771 2954; x_wconf 90' lang='lat' dir='ltr'><strong>cum</strong></span> <span class='ocrx_word' id='word_1_373' title='bbox 790 2892 861 2951; x_wconf 90' lang='lat' dir='ltr'><strong>sit</strong></span> <span class='ocrx_word' id='word_1_374' title='bbox 883 2899 1075 2964; x_wconf 90' lang='lat' dir='ltr'><strong>suapte</strong></span> <span class='ocrx_word' id='word_1_375' title='bbox 1100 2898 1316 2950; x_wconf 89' lang='lat' dir='ltr'><strong>natura,</strong></span> <span class='ocrx_word' id='word_1_376' title='bbox 1340 2884 1518 2939; x_wconf 90' lang='lat' dir='ltr'><strong>factus</strong></span> <span class='ocrx_word' id='word_1_377' title='bbox 1540 2890 1624 2938; x_wconf 92' lang='lat' dir='ltr'><strong>est</strong></span> <span class='ocrx_word' id='word_1_378' title='bbox 1645 2881 1830 2935; x_wconf 92' lang='lat' dir='ltr'><strong>homo.</strong></span> <span class='ocrx_word' id='word_1_379' title='bbox 1862 2877 2053 2934; x_wconf 84' lang='lat' dir='ltr'><strong>Inﬁni-</strong></span> 
     </span>
    </p>
   </div>
   <div class='ocr_carea' id='block_1_49' title="bbox 479 2966 2056 3053">
    <p class='ocr_par' dir='ltr' id='par_1_49' title="bbox 479 2966 2056 3053">
     <span class='ocr_line' id='line_1_51' title="bbox 479 2966 2056 3053; baseline -0.016 -9"><span class='ocrx_word' id='word_1_380' title='bbox 479 2990 551 3046; x_wconf 89' lang='lat' dir='ltr'><strong>tis</strong></span> <span class='ocrx_word' id='word_1_381' title='bbox 581 2996 763 3050; x_wconf 86' lang='lat' dir='ltr'><strong>autem</strong></span> <span class='ocrx_word' id='word_1_382' title='bbox 793 2974 850 3042; x_wconf 85' lang='lat' dir='ltr'><strong>et</strong></span> <span class='ocrx_word' id='word_1_383' title='bbox 872 2974 1394 3053; x_wconf 87' lang='lat' dir='ltr'><strong>incomparabilibus</strong></span> <span class='ocrx_word' id='word_1_384' title='bbox 1414 2969 1743 3027; x_wconf 76' lang='lat' dir='ltr'><strong>differentiis</strong></span> <span class='ocrx_word' id='word_1_385' title='bbox 1764 2966 1944 3021; x_wconf 91' lang='lat' dir='ltr'><strong>minor</strong></span> <span class='ocrx_word' id='word_1_386' title='bbox 1970 2972 2056 3020; x_wconf 91' lang='lat' dir='ltr'><strong>est</strong></span> 
     </span>
    </p>
   </div>
   <div class='ocr_carea' id='block_1_50' title="bbox 479 3078 1040 3151">
    <p class='ocr_par' dir='ltr' id='par_1_50' title="bbox 479 3078 1040 3151">
     <span class='ocr_line' id='line_1_52' title="bbox 479 3078 1040 3151; baseline -0.016 -13"><span class='ocrx_word' id='word_1_387' title='bbox 479 3082 646 3137; x_wconf 89' lang='lat' dir='ltr'><strong>homo</strong></span> <span class='ocrx_word' id='word_1_388' title='bbox 672 3094 835 3151; x_wconf 88' lang='lat' dir='ltr'><strong>quam</strong></span> <span class='ocrx_word' id='word_1_389' title='bbox 872 3078 1040 3131; x_wconf 89' lang='lat' dir='ltr'><strong>Deus.</strong></span> 
     </span>
    </p>
   </div>
   <div class='ocr_carea' id='block_1_51' title="bbox 2145 1958 3722 2032">
    <p class='ocr_par' dir='ltr' id='par_1_51' title="bbox 2145 1958 3722 2032">
     <span class='ocr_line' id='line_1_53' title="bbox 2145 1958 3722 2032; baseline -0.003 -17"><span class='ocrx_word' id='word_1_390' title='bbox 2145 1962 2434 2017; x_wconf 75' lang='grc' dir='ltr'>ὲνδοιὰσειέ</span> <span class='ocrx_word' id='word_1_391' title='bbox 2462 1979 2544 2025; x_wconf 88' lang='grc' dir='ltr'><strong>τις</strong></span> <span class='ocrx_word' id='word_1_392' title='bbox 2568 1976 2581 1989; x_wconf 75' lang='grc'><strong>⁸</strong></span> <span class='ocrx_word' id='word_1_393' title='bbox 2614 1961 2675 2014; x_wconf 79' lang='grc' dir='ltr'><strong>ού</strong></span> <span class='ocrx_word' id='word_1_394' title='bbox 2704 1959 2813 2032; x_wconf 90' lang='lat'><strong>7&amp;9</strong></span> <span class='ocrx_word' id='word_1_395' title='bbox 2853 1960 3051 2032; x_wconf 84' lang='grc' dir='ltr'>δήπου</span> <span class='ocrx_word' id='word_1_396' title='bbox 3082 1959 3151 2014; x_wconf 83' lang='grc' dir='ltr'><strong>τὰ</strong></span> <span class='ocrx_word' id='word_1_397' title='bbox 3193 1959 3395 2031; x_wconf 81' lang='grc' dir='ltr'>σαρκὸς</span> <span class='ocrx_word' id='word_1_398' title='bbox 3428 1958 3722 2030; x_wconf 79' lang='grc' dir='ltr'>αὐχήματα</span> 
     </span>
    </p>
   </div>
   <div class='ocr_carea' id='block_1_52' title="bbox 2147 2049 3723 2126">
    <p class='ocr_par' dir='ltr' id='par_1_52' title="bbox 2147 2049 3723 2126">
     <span class='ocr_line' id='line_1_54' title="bbox 2147 2049 3723 2126; baseline -0.004 -18"><span class='ocrx_word' id='word_1_399' title='bbox 2147 2054 2394 2126; x_wconf 77' lang='grc' dir='ltr'><strong>περιθείη</strong></span> <span class='ocrx_word' id='word_1_400' title='bbox 2416 2072 2499 2118; x_wconf 70' lang='grc' dir='ltr'><strong>τις</strong></span> <span class='ocrx_word' id='word_1_401' title='bbox 2523 2052 2672 2123; x_wconf 78' lang='grc' dir='ltr'>αὐτῷ</span> <span class='ocrx_word' id='word_1_402' title='bbox 2699 2052 2940 2124; x_wconf 85' lang='grc' dir='ltr'><strong>Χριστῷ,</strong></span> <span class='ocrx_word' id='word_1_403' title='bbox 2974 2052 3161 2115; x_wconf 71' lang='grc' dir='ltr'>καὶείς</span> <span class='ocrx_word' id='word_1_404' title='bbox 3185 2051 3340 2115; x_wconf 80' lang='grc' dir='ltr'>δόξαν</span> <span class='ocrx_word' id='word_1_405' title='bbox 3363 2049 3527 2104; x_wconf 79' lang='grc' dir='ltr'>αὐτοῦ</span> <span class='ocrx_word' id='word_1_406' title='bbox 3551 2067 3723 2105; x_wconf 59' lang='grc' dir='ltr'>κατα-</span> 
     </span>
    </p>
   </div>
   <div class='ocr_carea' id='block_1_53' title="bbox 2145 2138 3725 2213">
    <p class='ocr_par' dir='ltr' id='par_1_53' title="bbox 2145 2138 3725 2213">
     <span class='ocr_line' id='line_1_55' title="bbox 2145 2138 3725 2213; baseline -0.003 -16"><span class='ocrx_word' id='word_1_407' title='bbox 2145 2145 2424 2213; x_wconf 76' lang='grc' dir='ltr'><strong>λογιεῖται,</strong></span> <span class='ocrx_word' id='word_1_408' title='bbox 2459 2141 2655 2195; x_wconf 82' lang='grc' dir='ltr'>πολλοῦ</span> <span class='ocrx_word' id='word_1_409' title='bbox 2679 2158 2744 2210; x_wconf 85' lang='grc' dir='ltr'><strong>γε</strong></span> <span class='ocrx_word' id='word_1_410' title='bbox 2780 2141 2878 2194; x_wconf 91' lang='grc' dir='ltr'>δεῖ.</span> <span class='ocrx_word' id='word_1_411' title='bbox 2914 2141 3158 2204; x_wconf 83' lang='grc' dir='ltr'>Κένωσις</span> <span class='ocrx_word' id='word_1_412' title='bbox 3189 2141 3297 2211; x_wconf 92' lang='lat'><strong>7&amp;9</strong></span> <span class='ocrx_word' id='word_1_413' title='bbox 3329 2138 3478 2210; x_wconf 82' lang='grc' dir='ltr'>αύτῷ</span> <span class='ocrx_word' id='word_1_414' title='bbox 3506 2139 3597 2193; x_wconf 57' lang='grc' dir='ltr'><strong>καὶ⁸</strong></span> <span class='ocrx_word' id='word_1_415' title='bbox 3626 2157 3725 2193; x_wconf 86' lang='grc' dir='ltr'>τα-</span> 
     </span>
    </p>
   </div>
   <div class='ocr_carea' id='block_1_54' title="bbox 2147 2231 3727 2305">
    <p class='ocr_par' dir='ltr' id='par_1_54' title="bbox 2147 2231 3727 2305">
     <span class='ocr_line' id='line_1_56' title="bbox 2147 2231 3727 2305; baseline -0.004 -16"><span class='ocrx_word' id='word_1_416' title='bbox 2147 2234 2403 2298; x_wconf 85' lang='grc' dir='ltr'>πείνωσις</span> <span class='ocrx_word' id='word_1_417' title='bbox 2439 2234 2539 2305; x_wconf 83' lang='grc' dir='ltr'>τῆς</span> <span class='ocrx_word' id='word_1_418' title='bbox 2583 2231 2721 2304; x_wconf 81' lang='grc' dir='ltr'>μετὰ</span> <span class='ocrx_word' id='word_1_419' title='bbox 2761 2231 2963 2303; x_wconf 74' lang='grc' dir='ltr'>σαρκὸς</span> <span class='ocrx_word' id='word_1_420' title='bbox 3004 2232 3318 2303; x_wconf 76' lang='grc' dir='ltr'><strong>οἰκονομίας</strong></span> <span class='ocrx_word' id='word_1_421' title='bbox 3356 2231 3476 2285; x_wconf 85' lang='grc' dir='ltr'>ὅλον</span> <span class='ocrx_word' id='word_1_422' title='bbox 3510 2231 3625 2283; x_wconf 77' lang='grc' dir='ltr'>ἐστὶ</span> <span class='ocrx_word' id='word_1_423' title='bbox 3660 2232 3727 2282; x_wconf 75' lang='grc' dir='ltr'><strong>τὸ</strong></span> 
     </span>
    </p>
   </div>
   <div class='ocr_carea' id='block_1_55' title="bbox 2151 2320 3724 2398">
    <p class='ocr_par' dir='ltr' id='par_1_55' title="bbox 2151 2320 3724 2398">
     <span class='ocr_line' id='line_1_57' title="bbox 2151 2320 3724 2398; baseline -0.004 -19"><span class='ocrx_word' id='word_1_424' title='bbox 2151 2326 2466 2398; x_wconf 79' lang='grc' dir='ltr'>μυστήριον.</span> <span class='ocrx_word' id='word_1_425' title='bbox 2500 2323 2706 2395; x_wconf 78' lang='grc' dir='ltr'>Γράφει</span> <span class='ocrx_word' id='word_1_426' title='bbox 2733 2322 2789 2377; x_wconf 83' lang='grc' dir='ltr'><strong>δέ</strong></span> <span class='ocrx_word' id='word_1_427' title='bbox 2828 2340 2930 2375; x_wconf 88' lang='grc' dir='ltr'><strong>που</strong></span> <span class='ocrx_word' id='word_1_428' title='bbox 2965 2322 3060 2376; x_wconf 74' lang='grc' dir='ltr'><strong>καὶ</strong></span> <span class='ocrx_word' id='word_1_429' title='bbox 3092 2325 3120 2375; x_wconf 88' lang='grc' dir='ltr'><strong>ὀ</strong></span> <span class='ocrx_word' id='word_1_430' title='bbox 3166 2323 3451 2394; x_wconf 79' lang='grc' dir='ltr'><strong>προφήτης</strong></span> <span class='ocrx_word' id='word_1_431' title='bbox 3497 2320 3724 2381; x_wconf 64' lang='grc' dir='ltr'>Ἡσαΐας</span> 
     </span>
    </p>
   </div>
   <div class='ocr_carea' id='block_1_56' title="bbox 2149 2405 3719 2486">
    <p class='ocr_par' dir='ltr' id='par_1_56' title="bbox 2149 2405 3719 2486">
     <span class='ocr_line' id='line_1_58' title="bbox 2149 2405 3719 2486; baseline -0.004 -17"><span class='ocrx_word' id='word_1_432' title='bbox 2149 2417 2278 2486; x_wconf 74' lang='grc' dir='ltr'>περὶ</span> <span class='ocrx_word' id='word_1_433' title='bbox 2304 2413 2468 2469; x_wconf 80' lang='grc' dir='ltr'>αὐτοῦ</span> <span class='ocrx_word' id='word_1_434' title='bbox 2486 2432 2498 2444; x_wconf 78' lang='grc'><em>’</em></span> <span class='ocrx_word' id='word_1_435' title='bbox 2524 2434 2543 2466; x_wconf 80' lang='grc' dir='ltr'><strong>ι</strong></span> <span class='ocrx_word' id='word_1_436' title='bbox 2568 2415 2676 2468; x_wconf 69' lang='grc' dir='ltr'>Καὶ</span> <span class='ocrx_word' id='word_1_437' title='bbox 2700 2412 2915 2484; x_wconf 76' lang='grc' dir='ltr'>εἴδομεν</span> <span class='ocrx_word' id='word_1_438' title='bbox 2934 2413 3117 2477; x_wconf 79' lang='grc' dir='ltr'>αὐτὸν,</span> <span class='ocrx_word' id='word_1_439' title='bbox 3148 2413 3242 2466; x_wconf 73' lang='grc' dir='ltr'>καὶ</span> <span class='ocrx_word' id='word_1_440' title='bbox 3262 2414 3363 2466; x_wconf 78' lang='grc' dir='ltr'><strong>οὐκ</strong></span> <span class='ocrx_word' id='word_1_441' title='bbox 3387 2408 3530 2482; x_wconf 77' lang='grc' dir='ltr'>εἶχεν</span> <span class='ocrx_word' id='word_1_442' title='bbox 3558 2405 3719 2474; x_wconf 80' lang='grc' dir='ltr'>είδος,</span> 
     </span>
    </p>
   </div>
   <div class='ocr_carea' id='block_1_57' title="bbox 2148 2499 3725 2575">
    <p class='ocr_par' dir='ltr' id='par_1_57' title="bbox 2148 2499 3725 2575">
     <span class='ocr_line' id='line_1_59' title="bbox 2148 2499 3725 2575; baseline -0.004 -15"><span class='ocrx_word' id='word_1_443' title='bbox 2148 2506 2271 2560; x_wconf 77' lang='grc' dir='ltr'>οὐδὲ</span> <span class='ocrx_word' id='word_1_444' title='bbox 2307 2505 2527 2569; x_wconf 80' lang='grc' dir='ltr'>κάλλος,</span> <span class='ocrx_word' id='word_1_445' title='bbox 2566 2523 2583 2556; x_wconf 76' lang='grc' dir='ltr'><strong>ι</strong></span> <span class='ocrx_word' id='word_1_446' title='bbox 2619 2503 2760 2559; x_wconf 75' lang='grc' dir='ltr'>ἀλλὰ</span> <span class='ocrx_word' id='word_1_447' title='bbox 2784 2504 2845 2558; x_wconf 84' lang='grc' dir='ltr'>τὸ</span> <span class='ocrx_word' id='word_1_448' title='bbox 2876 2499 3014 2569; x_wconf 76' lang='grc' dir='ltr'>εἶδος</span> <span class='ocrx_word' id='word_1_449' title='bbox 3037 2503 3200 2558; x_wconf 80' lang='grc' dir='ltr'>αὐτοῦ</span> <span class='ocrx_word' id='word_1_450' title='bbox 3232 2505 3445 2575; x_wconf 82' lang='grc' dir='ltr'>ἄτιμον,</span> <span class='ocrx_word' id='word_1_451' title='bbox 3475 2502 3725 2555; x_wconf 69' lang='grc' dir='ltr'>ἐκλεῖπον</span> 
     </span>
    </p>
   </div>
   <div class='ocr_carea' id='block_1_58' title="bbox 2151 2594 3722 2671">
    <p class='ocr_par' dir='ltr' id='par_1_58' title="bbox 2151 2594 3722 2671">
     <span class='ocr_line' id='line_1_60' title="bbox 2151 2594 3722 2671; baseline -0.003 -19"><span class='ocrx_word' id='word_1_452' title='bbox 2151 2598 2298 2671; x_wconf 82' lang='grc' dir='ltr'>παρὰ</span> <span class='ocrx_word' id='word_1_453' title='bbox 2336 2598 2544 2659; x_wconf 82' lang='grc' dir='ltr'><strong>πάντας</strong></span> <span class='ocrx_word' id='word_1_454' title='bbox 2592 2599 2710 2662; x_wconf 74' lang='grc' dir='ltr'>τοὺς</span> <span class='ocrx_word' id='word_1_455' title='bbox 2744 2598 2893 2662; x_wconf 77' lang='grc' dir='ltr'>υἱοὺς</span> <span class='ocrx_word' id='word_1_456' title='bbox 2921 2597 3030 2651; x_wconf 84' lang='grc' dir='ltr'><strong>τῶν</strong></span> <span class='ocrx_word' id='word_1_457' title='bbox 3065 2596 3387 2669; x_wconf 86' lang='grc' dir='ltr'>ἀνθρώπων.</span> <span class='ocrx_word' id='word_1_458' title='bbox 3423 2596 3530 2649; x_wconf 72' lang='grc' dir='ltr'>Καὶ</span> <span class='ocrx_word' id='word_1_459' title='bbox 3562 2595 3624 2648; x_wconf 85' lang='grc' dir='ltr'><strong>ού</strong></span> <span class='ocrx_word' id='word_1_460' title='bbox 3655 2594 3722 2664; x_wconf 79' lang='grc' dir='ltr'>δή</span> 
     </span>
    </p>
   </div>
   <div class='ocr_carea' id='block_1_59' title="bbox 2151 2685 3722 2761">
    <p class='ocr_par' dir='ltr' id='par_1_59' title="bbox 2151 2685 3722 2761">
     <span class='ocr_line' id='line_1_61' title="bbox 2151 2685 3722 2761; baseline -0.003 -17"><span class='ocrx_word' id='word_1_461' title='bbox 2151 2690 2253 2744; x_wconf 90' lang='grc' dir='ltr'><strong>πού</strong></span> <span class='ocrx_word' id='word_1_462' title='bbox 2292 2707 2493 2761; x_wconf 86' lang='grc' dir='ltr'>φαμεν,</span> <span class='ocrx_word' id='word_1_463' title='bbox 2521 2692 2604 2747; x_wconf 69' lang='grc' dir='ltr'><strong>ὅτι</strong></span> <span class='ocrx_word' id='word_1_464' title='bbox 2632 2689 2742 2743; x_wconf 90' lang='grc' dir='ltr'>τῶν</span> <span class='ocrx_word' id='word_1_465' title='bbox 2778 2689 2880 2758; x_wconf 81' lang='grc' dir='ltr'><strong>τῆς</strong></span> <span class='ocrx_word' id='word_1_466' title='bbox 2916 2688 3167 2759; x_wconf 85' lang='grc' dir='ltr'>θεότητος</span> <span class='ocrx_word' id='word_1_467' title='bbox 3210 2687 3542 2759; x_wconf 81' lang='grc' dir='ltr'><strong>αὐχημάτων</strong></span> <span class='ocrx_word' id='word_1_468' title='bbox 3569 2687 3598 2739; x_wconf 84' lang='grc' dir='ltr'><strong>ὀ</strong></span> <span class='ocrx_word' id='word_1_469' title='bbox 3624 2685 3722 2740; x_wconf 89' lang='grc' dir='ltr'><strong>τοῦ</strong></span> 
     </span>
    </p>
   </div>
   <div class='ocr_carea' id='block_1_60' title="bbox 2153 2776 3727 2854">
    <p class='ocr_par' dir='ltr' id='par_1_60' title="bbox 2153 2776 3727 2854">
     <span class='ocr_line' id='line_1_62' title="bbox 2153 2776 3727 2854; baseline -0.004 -19"><span class='ocrx_word' id='word_1_470' title='bbox 2153 2782 2432 2854; x_wconf 78' lang='grc' dir='ltr'>προφήτου</span> <span class='ocrx_word' id='word_1_471' title='bbox 2462 2777 2827 2851; x_wconf 83' lang='grc' dir='ltr'>καταγορεύει</span> <span class='ocrx_word' id='word_1_472' title='bbox 2854 2778 3029 2847; x_wconf 83' lang='grc' dir='ltr'>λόγος,</span> <span class='ocrx_word' id='word_1_473' title='bbox 3064 2780 3242 2833; x_wconf 79' lang='grc' dir='ltr'>έκεῖνο</span> <span class='ocrx_word' id='word_1_474' title='bbox 3282 2777 3338 2831; x_wconf 83' lang='grc' dir='ltr'><strong>δὲ</strong></span> <span class='ocrx_word' id='word_1_475' title='bbox 3371 2776 3571 2849; x_wconf 78' lang='grc' dir='ltr'>μᾶλλον</span> <span class='ocrx_word' id='word_1_476' title='bbox 3594 2777 3727 2830; x_wconf 76' lang='grc' dir='ltr'><strong>ἀναο</strong></span> 
     </span>
    </p>
   </div>
   <div class='ocr_carea' id='block_1_61' title="bbox 2154 2867 3729 2943">
    <p class='ocr_par' dir='ltr' id='par_1_61' title="bbox 2154 2867 3729 2943">
     <span class='ocr_line' id='line_1_63' title="bbox 2154 2867 3729 2943; baseline -0.004 -16"><span class='ocrx_word' id='word_1_477' title='bbox 2154 2873 2330 2928; x_wconf 81' lang='grc' dir='ltr'>πείθει</span> <span class='ocrx_word' id='word_1_478' title='bbox 2353 2874 2514 2940; x_wconf 84' lang='grc' dir='ltr'>νοεῖν,</span> <span class='ocrx_word' id='word_1_479' title='bbox 2539 2872 2623 2926; x_wconf 79' lang='grc' dir='ltr'>ὅτι</span> <span class='ocrx_word' id='word_1_480' title='bbox 2647 2874 2711 2943; x_wconf 80' lang='grc' dir='ltr'>τῇ</span> <span class='ocrx_word' id='word_1_481' title='bbox 2748 2870 2849 2942; x_wconf 76' lang='grc' dir='ltr'>τῆς</span> <span class='ocrx_word' id='word_1_482' title='bbox 2893 2870 3147 2940; x_wconf 82' lang='grc' dir='ltr'>θεότητος</span> <span class='ocrx_word' id='word_1_483' title='bbox 3170 2869 3295 2941; x_wconf 82' lang='grc' dir='ltr'>δόξῃ</span> <span class='ocrx_word' id='word_1_484' title='bbox 3330 2867 3729 2941; x_wconf 76' lang='grc' dir='ltr'>συγκρινόμενα</span> 
     </span>
    </p>
   </div>
   <div class='ocr_carea' id='block_1_62' title="bbox 2153 2958 3727 3035">
    <p class='ocr_par' dir='ltr' id='par_1_62' title="bbox 2153 2958 3727 3035">
     <span class='ocr_line' id='line_1_64' title="bbox 2153 2958 3727 3035; baseline -0.005 -17"><span class='ocrx_word' id='word_1_485' title='bbox 2153 2964 2223 3018; x_wconf 83' lang='grc' dir='ltr'><strong>τά</strong></span> <span class='ocrx_word' id='word_1_486' title='bbox 2258 2965 2479 3035; x_wconf 82' lang='grc' dir='ltr'>σαρκὸς,</span> <span class='ocrx_word' id='word_1_487' title='bbox 2525 2963 2743 3026; x_wconf 74' lang='grc' dir='ltr'>οὐδενὸς</span> <span class='ocrx_word' id='word_1_488' title='bbox 2783 2962 2912 3029; x_wconf 77' lang='grc' dir='ltr'>ἄξια</span> <span class='ocrx_word' id='word_1_489' title='bbox 2955 2964 3203 3031; x_wconf 84' lang='grc' dir='ltr'>φανεῖται</span> <span class='ocrx_word' id='word_1_490' title='bbox 3247 2961 3427 3029; x_wconf 77' lang='grc' dir='ltr'>λόγου.</span> <span class='ocrx_word' id='word_1_491' title='bbox 3479 2960 3566 3014; x_wconf 87' lang='grc' dir='ltr'>Ἐν</span> <span class='ocrx_word' id='word_1_492' title='bbox 3594 2958 3727 3012; x_wconf 83' lang='grc' dir='ltr'>εῖδει</span> 
     </span>
    </p>
   </div>
   <div class='ocr_carea' id='block_1_63' title="bbox 2155 3048 3727 3124">
    <p class='ocr_par' dir='ltr' id='par_1_63' title="bbox 2155 3048 3727 3124">
     <span class='ocr_line' id='line_1_65' title="bbox 2155 3048 3727 3124; baseline -0.004 -17"><span class='ocrx_word' id='word_1_493' title='bbox 2155 3053 2264 3124; x_wconf 88' lang='lat'><strong>7&amp;9</strong></span> <span class='ocrx_word' id='word_1_494' title='bbox 2290 3054 2528 3123; x_wconf 83' lang='grc' dir='ltr'>πέφηνεν</span> <span class='ocrx_word' id='word_1_495' title='bbox 2556 3054 2584 3105; x_wconf 84' lang='grc' dir='ltr'><strong>ὁ</strong></span> <span class='ocrx_word' id='word_1_496' title='bbox 2609 3052 2738 3114; x_wconf 80' lang='grc' dir='ltr'>Υἱὸς</span> <span class='ocrx_word' id='word_1_497' title='bbox 2766 3050 2844 3121; x_wconf 79' lang='grc' dir='ltr'>τῷ</span> <span class='ocrx_word' id='word_1_498' title='bbox 2860 3050 2980 3104; x_wconf 89' lang='grc' dir='ltr'>λίαν</span> <span class='ocrx_word' id='word_1_499' title='bbox 3009 3049 3446 3120; x_wconf 84' lang='grc' dir='ltr'>άκαλλεστάστῳ.</span> <span class='ocrx_word' id='word_1_500' title='bbox 3464 3048 3596 3112; x_wconf 68' lang='grc' dir='ltr'>Θεὸς</span> <span class='ocrx_word' id='word_1_501' title='bbox 3615 3048 3727 3118; x_wconf 82' lang='lat'><strong>7&amp;9</strong></span> 
     </span>
    </p>
   </div>
   <div class='ocr_carea' id='block_1_64' title="bbox 479 3143 3729 3238">
    <p class='ocr_par' dir='ltr' id='par_1_64' title="bbox 479 3143 3729 3238">
     <span class='ocr_line' id='line_1_66' title="bbox 479 3143 3729 3238; baseline -0.015 -12"><span class='ocrx_word' id='word_1_502' title='bbox 479 3172 555 3229; x_wconf 84' lang='grc' dir='ltr'>ῶν</span> <span class='ocrx_word' id='word_1_503' title='bbox 589 3143 732 3227; x_wconf 58' lang='grc' dir='ltr'>κατά</span> <span class='ocrx_word' id='word_1_504' title='bbox 755 3169 938 3238; x_wconf 86' lang='grc' dir='ltr'>φύσιν,</span> <span class='ocrx_word' id='word_1_505' title='bbox 966 3165 1157 3234; x_wconf 84' lang='grc' dir='ltr'>γέγονε</span> <span class='ocrx_word' id='word_1_506' title='bbox 1187 3158 1311 3213; x_wconf 80' lang='grc' dir='ltr'>καθ’</span> <span class='ocrx_word' id='word_1_507' title='bbox 1345 3156 1513 3228; x_wconf 76' lang='grc' dir='ltr'>ἡμᾶς.</span> <span class='ocrx_word' id='word_1_508' title='bbox 1550 3151 1886 3223; x_wconf 81' lang='grc' dir='ltr'>Ἀμέτρητον</span> <span class='ocrx_word' id='word_1_509' title='bbox 1913 3144 2050 3201; x_wconf 83' lang='grc' dir='ltr'>δὲτὸ</span> <span class='ocrx_word' id='word_1_510' title='bbox 2090 3143 2442 3215; x_wconf 76' lang='grc' dir='ltr'>μεσολαϐοῦν,</span> <span class='ocrx_word' id='word_1_511' title='bbox 2461 3145 2556 3198; x_wconf 72' lang='grc' dir='ltr'><strong>καὶ</strong></span> <span class='ocrx_word' id='word_1_512' title='bbox 2612 3143 2964 3215; x_wconf 85' lang='grc' dir='ltr'>άσυγκρίτοις</span> <span class='ocrx_word' id='word_1_513' title='bbox 2990 3143 3277 3215; x_wconf 77' lang='grc' dir='ltr'>διαφοραῖς</span> <span class='ocrx_word' id='word_1_514' title='bbox 3336 3144 3729 3213; x_wconf 48' lang='lat' dir='ltr'><strong>permensa”</strong></span> 
     </span>
    </p>
   </div>
   <div class='ocr_carea' id='block_1_65' title="bbox 480 3255 1095 3328">
    <p class='ocr_par' dir='ltr' id='par_1_65' title="bbox 480 3255 1095 3328">
     <span class='ocr_line' id='line_1_67' title="bbox 480 3255 1095 3328; baseline -0.02 -7"><span class='ocrx_word' id='word_1_515' title='bbox 480 3266 615 3322; x_wconf 81' lang='grc' dir='ltr'>Θεοῦ</span> <span class='ocrx_word' id='word_1_516' title='bbox 648 3264 709 3317; x_wconf 82' lang='grc' dir='ltr'>τδ</span> <span class='ocrx_word' id='word_1_517' title='bbox 734 3255 1095 3328; x_wconf 72' lang='grc' dir='ltr'>ἀνθρώπινον.</span> 
     </span>
    </p>
   </div>
   <div class='ocr_carea' id='block_1_66' title="bbox 551 3316 2053 3417">
    <p class='ocr_par' dir='ltr' id='par_1_66' title="bbox 551 3331 2053 3417">
     <span class='ocr_line' id='line_1_68' title="bbox 551 3331 2053 3417; baseline -0.019 -4"><span class='ocrx_word' id='word_1_518' title='bbox 551 3359 603 3413; x_wconf 84' lang='grc'>5.</span> <span class='ocrx_word' id='word_1_519' title='bbox 625 3356 892 3412; x_wconf 67' lang='lat' dir='ltr'><strong>Caeterum</strong></span> <span class='ocrx_word' id='word_1_520' title='bbox 910 3348 1038 3403; x_wconf 87' lang='lat' dir='ltr'><strong>vide</strong></span> <span class='ocrx_word' id='word_1_521' title='bbox 1060 3341 1496 3417; x_wconf 90' lang='lat' dir='ltr'><strong>quomodo,cum</strong></span> <span class='ocrx_word' id='word_1_522' title='bbox 1522 3334 1779 3417; x_wconf 73' lang='lat' dir='ltr'><strong>masculis</strong></span> <span class='ocrx_word' id='word_1_523' title='bbox 1802 3331 2053 3389; x_wconf 89' lang='lat' dir='ltr'><strong>omnibus</strong></span> 
     </span>
    </p>
   </div>
   <div class='ocr_carea' id='block_1_67' title="bbox 2152 3316 3732 3417">
    <p class='ocr_par' dir='ltr' id='par_1_67' title="bbox 2232 3316 3732 3394">
     <span class='ocr_line' id='line_1_69' title="bbox 2232 3316 3732 3394; baseline -0.004 -18"><span class='ocrx_word' id='word_1_524' title='bbox 2232 3330 2293 3377; x_wconf 88' lang='grc' dir='ltr'>ε’.</span> <span class='ocrx_word' id='word_1_525' title='bbox 2311 3321 2501 3394; x_wconf 76' lang='grc' dir='ltr'>’Δθρει</span> <span class='ocrx_word' id='word_1_526' title='bbox 2526 3320 2582 3374; x_wconf 81' lang='grc' dir='ltr'>δὲ</span> <span class='ocrx_word' id='word_1_527' title='bbox 2599 3321 2746 3384; x_wconf 85' lang='grc' dir='ltr'>ὅπως</span> <span class='ocrx_word' id='word_1_528' title='bbox 2773 3321 2879 3374; x_wconf 79' lang='grc' dir='ltr'><strong>πᾶν</strong></span> <span class='ocrx_word' id='word_1_529' title='bbox 2904 3318 3071 3391; x_wconf 82' lang='grc' dir='ltr'>ἄρσεν</span> <span class='ocrx_word' id='word_1_530' title='bbox 3093 3316 3538 3371; x_wconf 75' lang='grc' dir='ltr'>ἐπιϐουλεύεσθαι</span> <span class='ocrx_word' id='word_1_531' title='bbox 3562 3334 3732 3389; x_wconf 76' lang='grc' dir='ltr'>προσ-</span> 
     </span>
    </p>
   </div>
   <div class='ocr_carea' id='block_1_68' title="bbox 482 3414 2056 3509">
    <p class='ocr_par' dir='ltr' id='par_1_68' title="bbox 482 3414 2056 3509">
     <span class='ocr_line' id='line_1_70' title="bbox 482 3414 2056 3509; baseline -0.019 -4"><span class='ocrx_word' id='word_1_532' title='bbox 482 3446 712 3505; x_wconf 88' lang='lat' dir='ltr'><strong>insidias</strong></span> <span class='ocrx_word' id='word_1_533' title='bbox 763 3439 947 3496; x_wconf 88' lang='lat' dir='ltr'><strong>moliri</strong></span> <span class='ocrx_word' id='word_1_534' title='bbox 993 3436 1249 3509; x_wconf 74' lang='lat' dir='ltr'><strong>iussisset</strong></span> <span class='ocrx_word' id='word_1_535' title='bbox 1310 3431 1554 3493; x_wconf 88' lang='lat' dir='ltr'><strong>Pharao,</strong></span> <span class='ocrx_word' id='word_1_536' title='bbox 1596 3414 1794 3480; x_wconf 71' lang='lat' dir='ltr'><strong>mulier</strong></span> <span class='ocrx_word' id='word_1_537' title='bbox 1834 3422 2056 3494; x_wconf 86' lang='lat' dir='ltr'><strong>quidem</strong></span> 
     </span>
    </p>
   </div>
   <div class='ocr_carea' id='block_1_69' title="bbox 484 3513 2057 3612">
    <p class='ocr_par' dir='ltr' id='par_1_69' title="bbox 484 3513 2057 3612">
     <span class='ocr_line' id='line_1_71' title="bbox 484 3513 2057 3612; baseline -0.018 -16"><span class='ocrx_word' id='word_1_538' title='bbox 484 3534 605 3612; x_wconf 65' lang='lat' dir='ltr'><strong>the</strong></span> <span class='ocrx_word' id='word_1_539' title='bbox 632 3541 947 3609; x_wconf 89' lang='lat' dir='ltr'><strong>pepererat,</strong></span> <span class='ocrx_word' id='word_1_540' title='bbox 973 3528 1213 3585; x_wconf 88' lang='lat' dir='ltr'><strong>occultat</strong></span> <span class='ocrx_word' id='word_1_541' title='bbox 1252 3522 1472 3595; x_wconf 90' lang='lat' dir='ltr'><strong>quidem</strong></span> <span class='ocrx_word' id='word_1_542' title='bbox 1509 3518 1807 3583; x_wconf 81' lang='lat' dir='ltr'><strong>infantem;</strong></span> <span class='ocrx_word' id='word_1_543' title='bbox 1856 3513 2057 3570; x_wconf 88' lang='lat' dir='ltr'><strong>demit-</strong></span> 
     </span>
    </p>
   </div>
   <div class='ocr_carea' id='block_1_70' title="bbox 484 3608 2060 3693">
    <p class='ocr_par' dir='ltr' id='par_1_70' title="bbox 484 3608 2060 3693">
     <span class='ocr_line' id='line_1_72' title="bbox 484 3608 2060 3693; baseline -0.018 -6"><span class='ocrx_word' id='word_1_544' title='bbox 484 3608 606 3688; x_wconf 69' lang='lat' dir='ltr'><strong>tens</strong></span> <span class='ocrx_word' id='word_1_545' title='bbox 632 3608 764 3684; x_wconf 82' lang='lat' dir='ltr'><strong>vero</strong></span> <span class='ocrx_word' id='word_1_546' title='bbox 795 3624 1057 3693; x_wconf 88' lang='lat' dir='ltr'><strong>deinceps</strong></span> <span class='ocrx_word' id='word_1_547' title='bbox 1077 3628 1133 3676; x_wconf 89' lang='lat' dir='ltr'><strong>et</strong></span> <span class='ocrx_word' id='word_1_548' title='bbox 1156 3614 1447 3673; x_wconf 89' lang='lat' dir='ltr'><strong>includens</strong></span> <span class='ocrx_word' id='word_1_549' title='bbox 1473 3611 1678 3666; x_wconf 81' lang='lat' dir='ltr'><strong>fiscella</strong></span> <span class='ocrx_word' id='word_1_550' title='bbox 1698 3608 1934 3678; x_wconf 89' lang='lat' dir='ltr'><strong>scirpea,</strong></span> <span class='ocrx_word' id='word_1_551' title='bbox 1973 3620 2060 3660; x_wconf 88' lang='lat' dir='ltr'><strong>re-</strong></span> 
     </span>
    </p>
   </div>
   <div class='ocr_carea' id='block_1_71' title="bbox 482 3702 2060 3796">
    <p class='ocr_par' dir='ltr' id='par_1_71' title="bbox 482 3702 2060 3796">
     <span class='ocr_line' id='line_1_73' title="bbox 482 3702 2060 3796; baseline -0.018 -18"><span class='ocrx_word' id='word_1_552' title='bbox 482 3723 640 3796; x_wconf 80' lang='lat' dir='ltr'><strong>ponit</strong></span> <span class='ocrx_word' id='word_1_553' title='bbox 696 3719 851 3773; x_wconf 88' lang='lat' dir='ltr'><strong>illum</strong></span> <span class='ocrx_word' id='word_1_554' title='bbox 876 3716 933 3770; x_wconf 92' lang='lat' dir='ltr'><strong>in</strong></span> <span class='ocrx_word' id='word_1_555' title='bbox 980 3712 1222 3769; x_wconf 89' lang='lat' dir='ltr'><strong>arculam</strong></span> <span class='ocrx_word' id='word_1_556' title='bbox 1285 3716 1343 3765; x_wconf 89' lang='lat' dir='ltr'><strong>et</strong></span> <span class='ocrx_word' id='word_1_557' title='bbox 1379 3705 1565 3776; x_wconf 88' lang='lat' dir='ltr'><strong>abjicit</strong></span> <span class='ocrx_word' id='word_1_558' title='bbox 1588 3703 1647 3757; x_wconf 91' lang='lat' dir='ltr'><strong>in</strong></span> <span class='ocrx_word' id='word_1_559' title='bbox 1683 3702 1862 3756; x_wconf 90' lang='lat' dir='ltr'><strong>lacum</strong></span> <span class='ocrx_word' id='word_1_560' title='bbox 1893 3703 2060 3752; x_wconf 79' lang='lat' dir='ltr'><strong>:m0x</strong></span> 
     </span>
    </p>
   </div>
   <div class='ocr_carea' id='block_1_72' title="bbox 485 3797 2061 3882">
    <p class='ocr_par' dir='ltr' id='par_1_72' title="bbox 485 3797 2061 3882">
     <span class='ocr_line' id='line_1_74' title="bbox 485 3797 2061 3882; baseline -0.018 -12"><span class='ocrx_word' id='word_1_561' title='bbox 485 3824 665 3870; x_wconf 85' lang='lat' dir='ltr'><strong>tamen</strong></span> <span class='ocrx_word' id='word_1_562' title='bbox 693 3810 871 3882; x_wconf 89' lang='lat' dir='ltr'><strong>ipsum</strong></span> <span class='ocrx_word' id='word_1_563' title='bbox 894 3805 1108 3876; x_wconf 89' lang='lat' dir='ltr'><strong>recipit,</strong></span> <span class='ocrx_word' id='word_1_564' title='bbox 1125 3803 1178 3858; x_wconf 90' lang='lat' dir='ltr'><strong>in</strong></span> <span class='ocrx_word' id='word_1_565' title='bbox 1207 3802 1343 3873; x_wconf 85' lang='lat' dir='ltr'><strong>ipsis</strong></span> <span class='ocrx_word' id='word_1_566' title='bbox 1364 3800 1522 3871; x_wconf 89' lang='lat' dir='ltr'><strong>aquis</strong></span> <span class='ocrx_word' id='word_1_567' title='bbox 1542 3797 1846 3856; x_wconf 90' lang='lat' dir='ltr'><strong>inventum,</strong></span> <span class='ocrx_word' id='word_1_568' title='bbox 1872 3804 2061 3861; x_wconf 89' lang='lat' dir='ltr'><strong>perse-</strong></span> 
     </span>
    </p>
   </div>
   <div class='ocr_carea' id='block_1_73' title="bbox 484 3880 2056 3972">
    <p class='ocr_par' dir='ltr' id='par_1_73' title="bbox 484 3880 2056 3972">
     <span class='ocr_line' id='line_1_75' title="bbox 484 3880 2056 3972; baseline -0.019 -10"><span class='ocrx_word' id='word_1_569' title='bbox 484 3904 694 3962; x_wconf 85' lang='lat' dir='ltr'><strong>cutoris</strong></span> <span class='ocrx_word' id='word_1_570' title='bbox 716 3880 896 3972; x_wconf 83' lang='lat' dir='ltr'><strong>ipsius</strong></span> <span class='ocrx_word' id='word_1_571' title='bbox 942 3897 1072 3961; x_wconf 83' lang='lat' dir='ltr'><strong>filia,</strong></span> <span class='ocrx_word' id='word_1_572' title='bbox 1107 3910 1229 3966; x_wconf 61' lang='lat' dir='ltr'><strong>quat</strong></span> <span class='ocrx_word' id='word_1_573' title='bbox 1280 3892 1457 3964; x_wconf 90' lang='lat' dir='ltr'><strong>aperit</strong></span> <span class='ocrx_word' id='word_1_574' title='bbox 1507 3885 1729 3958; x_wconf 91' lang='lat' dir='ltr'><strong>quidem</strong></span> <span class='ocrx_word' id='word_1_575' title='bbox 1771 3880 2056 3943; x_wconf 82' lang='lat' dir='ltr'><strong>fiscellam,</strong></span> 
     </span>
    </p>
   </div>
   <div class='ocr_carea' id='block_1_74' title="bbox 484 3971 2062 4067">
    <p class='ocr_par' dir='ltr' id='par_1_74' title="bbox 484 3971 2062 4067">
     <span class='ocr_line' id='line_1_76' title="bbox 484 3971 2062 4067; baseline -0.018 -15"><span class='ocrx_word' id='word_1_576' title='bbox 484 3996 904 4067; x_wconf 82' lang='lat' dir='ltr'><strong>vagientemquc</strong></span> <span class='ocrx_word' id='word_1_577' title='bbox 928 3988 1191 4044; x_wconf 89' lang='lat' dir='ltr'><strong>infantem</strong></span> <span class='ocrx_word' id='word_1_578' title='bbox 1230 3982 1563 4053; x_wconf 90' lang='lat' dir='ltr'><strong>conspicata,</strong></span> <span class='ocrx_word' id='word_1_579' title='bbox 1616 3974 1767 4048; x_wconf 90' lang='lat' dir='ltr'><strong>quod</strong></span> <span class='ocrx_word' id='word_1_580' title='bbox 1797 3971 2062 4028; x_wconf 69' lang='lat' dir='ltr'><strong>Hebmus</strong></span> 
     </span>
    </p>
   </div>
   <div class='ocr_carea' id='block_1_75' title="bbox 486 4067 2059 4149">
    <p class='ocr_par' dir='ltr' id='par_1_75' title="bbox 486 4067 2059 4149">
     <span class='ocr_line' id='line_1_77' title="bbox 486 4067 2059 4149; baseline -0.018 -6"><span class='ocrx_word' id='word_1_581' title='bbox 486 4095 635 4145; x_wconf 87' lang='lat' dir='ltr'><strong>esset</strong></span> <span class='ocrx_word' id='word_1_582' title='bbox 667 4083 953 4138; x_wconf 86' lang='lat' dir='ltr'><strong>manifeste</strong></span> <span class='ocrx_word' id='word_1_583' title='bbox 976 4077 1252 4149; x_wconf 79' lang='lat' dir='ltr'><strong>intelligit,</strong></span> <span class='ocrx_word' id='word_1_584' title='bbox 1282 4073 1632 4142; x_wconf 90' lang='lat' dir='ltr'><strong>reddiditque</strong></span> <span class='ocrx_word' id='word_1_585' title='bbox 1658 4067 1709 4123; x_wconf 93' lang='lat' dir='ltr'><strong>ei</strong></span> <span class='ocrx_word' id='word_1_586' title='bbox 1731 4079 1853 4137; x_wconf 71' lang='lat' dir='ltr'><strong>qua:</strong></span> <span class='ocrx_word' id='word_1_587' title='bbox 1888 4075 2059 4147; x_wconf 81' lang='lat' dir='ltr'><strong>pepe—</strong></span> 
     </span>
    </p>
   </div>
   <div class='ocr_carea' id='block_1_76' title="bbox 486 4156 2061 4237">
    <p class='ocr_par' dir='ltr' id='par_1_76' title="bbox 486 4156 2061 4237">
     <span class='ocr_line' id='line_1_78' title="bbox 486 4156 2061 4237; baseline -0.017 0"><span class='ocrx_word' id='word_1_588' title='bbox 486 4190 633 4237; x_wconf 87' lang='lat' dir='ltr'><strong>rerat</strong></span> <span class='ocrx_word' id='word_1_589' title='bbox 655 4176 1031 4236; x_wconf 86' lang='lat' dir='ltr'><strong>nutriendum,</strong></span> <span class='ocrx_word' id='word_1_590' title='bbox 1058 4171 1368 4227; x_wconf 91' lang='lat' dir='ltr'><strong>mercedem</strong></span> <span class='ocrx_word' id='word_1_591' title='bbox 1402 4169 1629 4237; x_wconf 89' lang='lat' dir='ltr'><strong>insuper</strong></span> <span class='ocrx_word' id='word_1_592' title='bbox 1675 4156 2061 4218; x_wconf 83' lang='lat' dir='ltr'><strong>nutricationis</strong></span> 
     </span>
    </p>
   </div>
   <div class='ocr_carea' id='block_1_77' title="bbox 489 4246 2063 4342">
    <p class='ocr_par' dir='ltr' id='par_1_77' title="bbox 489 4246 2063 4342">
     <span class='ocr_line' id='line_1_79' title="bbox 489 4246 2063 4342; baseline -0.015 -18"><span class='ocrx_word' id='word_1_593' title='bbox 489 4269 769 4342; x_wconf 89' lang='lat' dir='ltr'><strong>pollicens.</strong></span> <span class='ocrx_word' id='word_1_594' title='bbox 806 4263 962 4335; x_wconf 75' lang='lat'><strong>251</strong></span> <span class='ocrx_word' id='word_1_595' title='bbox 1007 4262 1179 4329; x_wconf 85' lang='lat' dir='ltr'><strong>Quem</strong></span> <span class='ocrx_word' id='word_1_596' title='bbox 1210 4259 1377 4330; x_wconf 81' lang='lat' dir='ltr'><strong>igitur</strong></span> <span class='ocrx_word' id='word_1_597' title='bbox 1411 4269 1634 4310; x_wconf 89' lang='lat' dir='ltr'><strong>sensum</strong></span> <span class='ocrx_word' id='word_1_598' title='bbox 1687 4252 1842 4306; x_wconf 88' lang='lat' dir='ltr'><strong>hisce</strong></span> <span class='ocrx_word' id='word_1_599' title='bbox 1893 4246 2063 4302; x_wconf 88' lang='lat' dir='ltr'><strong>rebus</strong></span> 
     </span>
    </p>
   </div>
   <div class='ocr_carea' id='block_1_78' title="bbox 460 4337 2061 4434">
    <p class='ocr_par' dir='ltr' id='par_1_78' title="bbox 460 4337 2061 4434">
     <span class='ocr_line' id='line_1_80' title="bbox 460 4337 2061 4434; baseline -0.019 -16"><span class='ocrx_word' id='word_1_600' title='bbox 460 4337 919 4434; x_wconf 77' lang='lat' dir='ltr'><strong>,applicabimus?</strong></span> <span class='ocrx_word' id='word_1_601' title='bbox 972 4361 1067 4410; x_wconf 90' lang='lat' dir='ltr'><strong>aut</strong></span> <span class='ocrx_word' id='word_1_602' title='bbox 1124 4350 1268 4423; x_wconf 91' lang='lat' dir='ltr'><strong>quod</strong></span> <span class='ocrx_word' id='word_1_603' title='bbox 1333 4345 1657 4419; x_wconf 84' lang='lat' dir='ltr'><strong>mysterium</strong></span> <span class='ocrx_word' id='word_1_604' title='bbox 1711 4337 2061 4396; x_wconf 90' lang='lat' dir='ltr'><strong>considerare</strong></span> 
     </span>
    </p>
   </div>
   <div class='ocr_carea' id='block_1_79' title="bbox 492 4427 2064 4510">
    <p class='ocr_par' dir='ltr' id='par_1_79' title="bbox 492 4427 2064 4510">
     <span class='ocr_line' id='line_1_81' title="bbox 492 4427 2064 4510; baseline -0.02 0"><span class='ocrx_word' id='word_1_605' title='bbox 492 4427 859 4510; x_wconf 70' lang='lat' dir='ltr'><strong>necessarium</strong></span> <span class='ocrx_word' id='word_1_606' title='bbox 885 4446 1001 4502; x_wconf 86' lang='lat' dir='ltr'><strong>est?</strong></span> <span class='ocrx_word' id='word_1_607' title='bbox 1018 4444 1155 4500; x_wconf 84' lang='lat' dir='ltr'><strong>Nam</strong></span> <span class='ocrx_word' id='word_1_608' title='bbox 1177 4451 1303 4497; x_wconf 88' lang='lat' dir='ltr'><strong>ante</strong></span> <span class='ocrx_word' id='word_1_609' title='bbox 1328 4442 1623 4494; x_wconf 87' lang='lat' dir='ltr'><strong>adventum</strong></span> <span class='ocrx_word' id='word_1_610' title='bbox 1647 4430 1853 4488; x_wconf 88' lang='lat' dir='ltr'><strong>Christi</strong></span> <span class='ocrx_word' id='word_1_611' title='bbox 1879 4427 2064 4482; x_wconf 90' lang='lat' dir='ltr'><strong>nullus</strong></span> 
     </span>
    </p>
   </div>
   <div class='ocr_carea' id='block_1_80' title="bbox 491 4517 2061 4601">
    <p class='ocr_par' dir='ltr' id='par_1_80' title="bbox 491 4517 2061 4601">
     <span class='ocr_line' id='line_1_82' title="bbox 491 4517 2061 4601; baseline -0.02 -1"><span class='ocrx_word' id='word_1_612' title='bbox 491 4543 765 4599; x_wconf 89' lang='lat' dir='ltr'><strong>masculus</strong></span> <span class='ocrx_word' id='word_1_613' title='bbox 793 4546 912 4601; x_wconf 81' lang='lat' dir='ltr'><strong>erat</strong></span> <span class='ocrx_word' id='word_1_614' title='bbox 938 4544 1093 4593; x_wconf 80' lang='lat' dir='ltr'><strong>extra</strong></span> <span class='ocrx_word' id='word_1_615' title='bbox 1136 4532 1387 4589; x_wconf 88' lang='lat' dir='ltr'><strong>insidias.</strong></span> <span class='ocrx_word' id='word_1_616' title='bbox 1424 4526 1725 4583; x_wconf 80' lang='lat' dir='ltr'><strong>Masculum</strong></span> <span class='ocrx_word' id='word_1_617' title='bbox 1748 4528 1931 4576; x_wconf 90' lang='lat' dir='ltr'><strong>autem</strong></span> <span class='ocrx_word' id='word_1_618' title='bbox 1972 4517 2061 4570; x_wconf 88' lang='lat' dir='ltr'><strong>in-</strong></span> 
     </span>
    </p>
   </div>
   <div class='ocr_carea' id='block_1_81' title="bbox 489 4611 2060 4705">
    <p class='ocr_par' dir='ltr' id='par_1_81' title="bbox 489 4611 2060 4705">
     <span class='ocr_line' id='line_1_83' title="bbox 489 4611 2060 4705; baseline -0.021 -14"><span class='ocrx_word' id='word_1_619' title='bbox 489 4634 785 4705; x_wconf 81' lang='lat' dir='ltr'><strong>telligimus</strong></span> <span class='ocrx_word' id='word_1_620' title='bbox 817 4644 944 4686; x_wconf 90' lang='lat' dir='ltr'><strong>eum</strong></span> <span class='ocrx_word' id='word_1_621' title='bbox 992 4626 1085 4696; x_wconf 89' lang='lat' dir='ltr'><strong>qui</strong></span> <span class='ocrx_word' id='word_1_622' title='bbox 1130 4621 1364 4694; x_wconf 87' lang='lat' dir='ltr'><strong>spiritali</strong></span> <span class='ocrx_word' id='word_1_623' title='bbox 1402 4618 1601 4673; x_wconf 89' lang='lat' dir='ltr'><strong>robore</strong></span> <span class='ocrx_word' id='word_1_624' title='bbox 1651 4611 1913 4685; x_wconf 63' lang='lat' dir='ltr'><strong>praeditus</strong></span> <span class='ocrx_word' id='word_1_625' title='bbox 1954 4612 2060 4670; x_wconf 90' lang='lat' dir='ltr'><strong>est,</strong></span> 
     </span>
    </p>
   </div>
   <div class='ocr_carea' id='block_1_82' title="bbox 490 4698 2062 4796">
    <p class='ocr_par' dir='ltr' id='par_1_82' title="bbox 490 4698 2062 4796">
     <span class='ocr_line' id='line_1_84' title="bbox 490 4698 2062 4796; baseline -0.018 -17"><span class='ocrx_word' id='word_1_626' title='bbox 490 4698 646 4796; x_wconf 69' lang='lat' dir='ltr'><strong>cuius</strong></span> <span class='ocrx_word' id='word_1_627' title='bbox 688 4722 901 4777; x_wconf 82' lang='lat' dir='ltr'><strong>fructus</strong></span> <span class='ocrx_word' id='word_1_628' title='bbox 948 4718 1057 4773; x_wconf 92' lang='lat' dir='ltr'><strong>erit</strong></span> <span class='ocrx_word' id='word_1_629' title='bbox 1105 4716 1323 4785; x_wconf 89' lang='lat' dir='ltr'><strong>placere</strong></span> <span class='ocrx_word' id='word_1_630' title='bbox 1351 4711 1483 4765; x_wconf 91' lang='lat' dir='ltr'><strong>Deo.</strong></span> <span class='ocrx_word' id='word_1_631' title='bbox 1525 4708 1587 4763; x_wconf 86' lang='lat' dir='ltr'><strong>In</strong></span> <span class='ocrx_word' id='word_1_632' title='bbox 1615 4703 1865 4777; x_wconf 88' lang='lat' dir='ltr'><strong>periculo</strong></span> <span class='ocrx_word' id='word_1_633' title='bbox 1894 4698 2062 4770; x_wconf 81' lang='lat' dir='ltr'><strong>igitur</strong></span> 
     </span>
    </p>
   </div>
   <div class='ocr_carea' id='block_1_83' title="bbox 489 4792 2066 4873">
    <p class='ocr_par' dir='ltr' id='par_1_83' title="bbox 489 4792 2066 4873">
     <span class='ocr_line' id='line_1_85' title="bbox 489 4792 2066 4873; baseline -0.018 -4"><span class='ocrx_word' id='word_1_634' title='bbox 489 4825 738 4873; x_wconf 66' lang='lat' dir='ltr'><strong>versatur</strong></span> <span class='ocrx_word' id='word_1_635' title='bbox 758 4810 1053 4873; x_wconf 81' lang='lat' dir='ltr'><strong>masculus,</strong></span> <span class='ocrx_word' id='word_1_636' title='bbox 1088 4805 1286 4861; x_wconf 88' lang='lat' dir='ltr'><strong>Satana</strong></span> <span class='ocrx_word' id='word_1_637' title='bbox 1311 4818 1438 4859; x_wconf 87' lang='lat' dir='ltr'><strong>eum</strong></span> <span class='ocrx_word' id='word_1_638' title='bbox 1465 4795 1760 4855; x_wconf 88' lang='lat' dir='ltr'><strong>mundanis</strong></span> <span class='ocrx_word' id='word_1_639' title='bbox 1809 4792 2066 4860; x_wconf 83' lang='lat' dir='ltr'><strong>volupta-</strong></span> 
     </span>
    </p>
   </div>
   <div class='ocr_carea' id='block_1_84' title="bbox 493 4878 2066 4972">
    <p class='ocr_par' dir='ltr' id='par_1_84' title="bbox 493 4878 2066 4972">
     <span class='ocr_line' id='line_1_86' title="bbox 493 4878 2066 4972; baseline -0.021 -9"><span class='ocrx_word' id='word_1_640' title='bbox 493 4908 637 4963; x_wconf 75' lang='lat' dir='ltr'><strong>tibus</strong></span> <span class='ocrx_word' id='word_1_641' title='bbox 661 4912 916 4972; x_wconf 81' lang='lat' dir='ltr'><strong>tanquam</strong></span> <span class='ocrx_word' id='word_1_642' title='bbox 950 4899 1067 4952; x_wconf 86' lang='lat' dir='ltr'><strong>luto</strong></span> <span class='ocrx_word' id='word_1_643' title='bbox 1102 4906 1167 4950; x_wconf 88' lang='lat' dir='ltr'><strong>ac</strong></span> <span class='ocrx_word' id='word_1_644' title='bbox 1187 4908 1346 4949; x_wconf 87' lang='lat' dir='ltr'><strong>coeno</strong></span> <span class='ocrx_word' id='word_1_645' title='bbox 1374 4892 1754 4959; x_wconf 81' lang='lat' dir='ltr'><strong>immergente,</strong></span> <span class='ocrx_word' id='word_1_646' title='bbox 1788 4896 1851 4937; x_wconf 89' lang='lat' dir='ltr'><strong>ac</strong></span> <span class='ocrx_word' id='word_1_647' title='bbox 1893 4878 2066 4933; x_wconf 76' lang='lat' dir='ltr'><strong>suffo-</strong></span> 
     </span>
    </p>
   </div>
   <div class='ocr_carea' id='block_1_85' title="bbox 490 4969 2069 5068">
    <p class='ocr_par' dir='ltr' id='par_1_85' title="bbox 490 4969 2069 5068">
     <span class='ocr_line' id='line_1_87' title="bbox 490 4969 2069 5068; baseline -0.02 -16"><span class='ocrx_word' id='word_1_648' title='bbox 490 5005 648 5055; x_wconf 71' lang='lat' dir='ltr'><strong>cante</strong></span> <span class='ocrx_word' id='word_1_649' title='bbox 677 4969 1004 5068; x_wconf 75' lang='lat' dir='ltr'><strong>generaliter</strong></span> <span class='ocrx_word' id='word_1_650' title='bbox 1035 5002 1131 5043; x_wconf 89' lang='lat' dir='ltr'><strong>eos</strong></span> <span class='ocrx_word' id='word_1_651' title='bbox 1153 4986 1247 5056; x_wconf 89' lang='lat' dir='ltr'><strong>qui</strong></span> <span class='ocrx_word' id='word_1_652' title='bbox 1268 4982 1396 5040; x_wconf 91' lang='lat' dir='ltr'><strong>forti</strong></span> <span class='ocrx_word' id='word_1_653' title='bbox 1423 4980 1608 5036; x_wconf 88' lang='lat' dir='ltr'><strong>animo</strong></span> <span class='ocrx_word' id='word_1_654' title='bbox 1647 4969 2069 5036; x_wconf 86' lang='lat' dir='ltr'><strong>contemnebant</strong></span> 
     </span>
    </p>
   </div>
   <div class='ocr_carea' id='block_1_86' title="bbox 498 5063 2072 5153">
    <p class='ocr_par' dir='ltr' id='par_1_86' title="bbox 498 5063 2072 5153">
     <span class='ocr_line' id='line_1_88' title="bbox 498 5063 2072 5153; baseline -0.022 -7"><span class='ocrx_word' id='word_1_655' title='bbox 498 5063 813 5148; x_wconf 76' lang='lat' dir='ltr'><strong>mollitiem.</strong></span> <span class='ocrx_word' id='word_1_656' title='bbox 842 5080 1065 5153; x_wconf 87' lang='lat' dir='ltr'><strong>etquod</strong></span> <span class='ocrx_word' id='word_1_657' title='bbox 1094 5078 1467 5134; x_wconf 87' lang='lat' dir='ltr'><strong>effeminatum</strong></span> <span class='ocrx_word' id='word_1_658' title='bbox 1492 5079 1595 5135; x_wconf 90' lang='lat' dir='ltr'><strong>est,</strong></span> <span class='ocrx_word' id='word_1_659' title='bbox 1622 5069 1697 5145; x_wconf 23' lang='lat' dir='ltr'><strong>in‘</strong></span> <span class='ocrx_word' id='word_1_660' title='bbox 1720 5063 1968 5121; x_wconf 90' lang='lat' dir='ltr'><strong>moribus</strong></span> <span class='ocrx_word' id='word_1_661' title='bbox 2014 5064 2072 5113; x_wconf 91' lang='lat' dir='ltr'><strong>et</strong></span> 
     </span>
    </p>
   </div>
   <div class='ocr_carea' id='block_1_87' title="bbox 492 5149 2065 5235">
    <p class='ocr_par' dir='ltr' id='par_1_87' title="bbox 492 5149 2065 5235">
     <span class='ocr_line' id='line_1_89' title="bbox 492 5149 2065 5235; baseline -0.02 -1"><span class='ocrx_word' id='word_1_662' title='bbox 492 5180 606 5233; x_wconf 73' lang='lat' dir='ltr'><strong>vita</strong></span> <span class='ocrx_word' id='word_1_663' title='bbox 627 5177 908 5232; x_wconf 87' lang='lat' dir='ltr'><strong>nimirum.</strong></span> <span class='ocrx_word' id='word_1_664' title='bbox 939 5149 1100 5227; x_wconf 60' lang='lat' dir='ltr'><strong>Unde</strong></span> <span class='ocrx_word' id='word_1_665' title='bbox 1127 5175 1183 5222; x_wconf 89' lang='lat' dir='ltr'><strong>et</strong></span> <span class='ocrx_word' id='word_1_666' title='bbox 1209 5164 1419 5235; x_wconf 86' lang='lat' dir='ltr'><strong>Spiritu</strong></span> <span class='ocrx_word' id='word_1_667' title='bbox 1446 5159 1611 5216; x_wconf 80' lang='lat' dir='ltr'><strong>aﬂlati</strong></span> <span class='ocrx_word' id='word_1_668' title='bbox 1638 5158 1918 5217; x_wconf 81' lang='lat' dir='ltr'><strong>dixerunt,</strong></span> <span class='ocrx_word' id='word_1_669' title='bbox 1961 5149 2065 5205; x_wconf 87' lang='lat' dir='ltr'><strong>ob-</strong></span> 
     </span>
    </p>
   </div>
   <div class='ocr_carea' id='block_1_88' title="bbox 494 5246 2064 5341">
    <p class='ocr_par' dir='ltr' id='par_1_88' title="bbox 494 5246 2064 5341">
     <span class='ocr_line' id='line_1_90' title="bbox 494 5246 2064 5341; baseline -0.016 -19"><span class='ocrx_word' id='word_1_670' title='bbox 494 5268 805 5341; x_wconf 78' lang='lat' dir='ltr'><strong>stupefacti,</strong></span> <span class='ocrx_word' id='word_1_671' title='bbox 832 5266 1091 5327; x_wconf 90' lang='lat' dir='ltr'><strong>arbitror,</strong></span> <span class='ocrx_word' id='word_1_672' title='bbox 1112 5261 1182 5317; x_wconf 92' lang='lat' dir='ltr'><strong>ob</strong></span> <span class='ocrx_word' id='word_1_673' title='bbox 1212 5255 1579 5314; x_wconf 90' lang='lat' dir='ltr'><strong>universalem</strong></span> <span class='ocrx_word' id='word_1_674' title='bbox 1607 5252 1766 5307; x_wconf 89' lang='lat' dir='ltr'><strong>istam</strong></span> <span class='ocrx_word' id='word_1_675' title='bbox 1778 5248 1845 5304; x_wconf 89' lang='lat' dir='ltr'><strong>ad</strong></span> <span class='ocrx_word' id='word_1_676' title='bbox 1864 5246 2064 5301; x_wconf 87' lang='lat' dir='ltr'><strong>malum</strong></span> 
     </span>
    </p>
   </div>
   <div class='ocr_carea' id='block_1_89' title="bbox 495 5335 2069 5418">
    <p class='ocr_par' dir='ltr' id='par_1_89' title="bbox 495 5335 2069 5418">
     <span class='ocr_line' id='line_1_91' title="bbox 495 5335 2069 5418; baseline -0.017 -5"><span class='ocrx_word' id='word_1_677' title='bbox 495 5335 914 5418; x_wconf 70' lang='lat' dir='ltr'><strong>declinationem</strong></span> <span class='ocrx_word' id='word_1_678' title='bbox 945 5372 958 5408; x_wconf 89' lang='lat'>:</span> <span class='ocrx_word' id='word_1_679' title='bbox 994 5373 1011 5405; x_wconf 78' lang='grc' dir='ltr'><strong>ι</strong></span> <span class='ocrx_word' id='word_1_680' title='bbox 1036 5351 1238 5408; x_wconf 86' lang='lat' dir='ltr'><strong>Omnes</strong></span> <span class='ocrx_word' id='word_1_681' title='bbox 1295 5346 1728 5407; x_wconf 88' lang='lat' dir='ltr'><strong>declinaverunt,</strong></span> <span class='ocrx_word' id='word_1_682' title='bbox 1784 5337 1946 5393; x_wconf 84' lang='lat' dir='ltr'><strong>simul</strong></span> <span class='ocrx_word' id='word_1_683' title='bbox 1985 5335 2069 5388; x_wconf 89' lang='lat' dir='ltr'><strong>in-</strong></span> 
     </span>
    </p>
   </div>
   <div class='ocr_carea' id='block_1_90' title="bbox 497 5431 2072 5511">
    <p class='ocr_par' dir='ltr' id='par_1_90' title="bbox 497 5431 2072 5511">
     <span class='ocr_line' id='line_1_92' title="bbox 497 5431 2072 5511; baseline -0.019 -5"><span class='ocrx_word' id='word_1_684' title='bbox 497 5451 659 5507; x_wconf 79' lang='lat' dir='ltr'><strong>utiles</strong></span> <span class='ocrx_word' id='word_1_685' title='bbox 681 5449 807 5505; x_wconf 88' lang='lat' dir='ltr'><strong>facti</strong></span> <span class='ocrx_word' id='word_1_686' title='bbox 836 5454 963 5503; x_wconf 88' lang='lat' dir='ltr'><strong>sunt</strong></span> <span class='ocrx_word' id='word_1_687' title='bbox 987 5461 1002 5511; x_wconf 92' lang='lat'><strong>;</strong></span> <span class='ocrx_word' id='word_1_688' title='bbox 1032 5458 1138 5497; x_wconf 87' lang='lat' dir='ltr'><strong>non</strong></span> <span class='ocrx_word' id='word_1_689' title='bbox 1163 5447 1248 5494; x_wconf 88' lang='lat' dir='ltr'><strong>est</strong></span> <span class='ocrx_word' id='word_1_690' title='bbox 1269 5438 1361 5508; x_wconf 89' lang='lat' dir='ltr'><strong>qui</strong></span> <span class='ocrx_word' id='word_1_691' title='bbox 1394 5436 1557 5491; x_wconf 85' lang='lat' dir='ltr'><strong>faciat</strong></span> <span class='ocrx_word' id='word_1_692' title='bbox 1574 5434 1779 5489; x_wconf 87' lang='lat' dir='ltr'><strong>bonum</strong></span> <span class='ocrx_word' id='word_1_693' title='bbox 1812 5447 1826 5483; x_wconf 88' lang='lat'><strong>:</strong></span> <span class='ocrx_word' id='word_1_694' title='bbox 1850 5441 1959 5484; x_wconf 79' lang='lat' dir='ltr'><strong>non</strong></span> <span class='ocrx_word' id='word_1_695' title='bbox 1986 5431 2072 5479; x_wconf 88' lang='lat' dir='ltr'><strong>est</strong></span> 
     </span>
    </p>
   </div>
   <div class='ocr_carea' id='block_1_91' title="bbox 496 5513 2067 5610">
    <p class='ocr_par' dir='ltr' id='par_1_91' title="bbox 496 5513 2067 5610">
     <span class='ocr_line' id='line_1_93' title="bbox 496 5513 2067 5610; baseline -0.02 -11"><span class='ocrx_word' id='word_1_696' title='bbox 496 5558 567 5598; x_wconf 86' lang='lat' dir='ltr'><strong>ne</strong></span> <span class='ocrx_word' id='word_1_697' title='bbox 593 5556 736 5597; x_wconf 90' lang='lat' dir='ltr'><strong>unus</strong></span> <span class='ocrx_word' id='word_1_698' title='bbox 771 5538 993 5610; x_wconf 89' lang='lat' dir='ltr'><strong>quidem</strong></span> <span class='ocrx_word' id='word_1_699' title='bbox 1017 5534 1082 5588; x_wconf 85' lang='grc'><strong>³⁸.</strong></span> <span class='ocrx_word' id='word_1_700' title='bbox 1123 5552 1139 5584; x_wconf 75' lang='grc' dir='ltr'><strong>ι</strong></span> <span class='ocrx_word' id='word_1_701' title='bbox 1178 5529 1353 5600; x_wconf 86' lang='lat' dir='ltr'><strong>Inepti</strong></span> <span class='ocrx_word' id='word_1_702' title='bbox 1396 5527 1544 5584; x_wconf 87' lang='lat' dir='ltr'><strong>enim</strong></span> <span class='ocrx_word' id='word_1_703' title='bbox 1583 5536 1696 5581; x_wconf 89' lang='lat' dir='ltr'><strong>tum</strong></span> <span class='ocrx_word' id='word_1_704' title='bbox 1735 5519 1961 5578; x_wconf 90' lang='lat' dir='ltr'><strong>omnino</strong></span> <span class='ocrx_word' id='word_1_705' title='bbox 1999 5513 2067 5571; x_wconf 88' lang='lat' dir='ltr'><strong>ad</strong></span> 
     </span>
    </p>
   </div>
   <div class='ocr_carea' id='block_1_92' title="bbox 571 5698 2099 5809">
    <p class='ocr_par' dir='ltr' id='par_1_92' title="bbox 571 5698 2099 5809">
     <span class='ocr_line' id='line_1_94' title="bbox 571 5698 2099 5809; baseline -0.01 -41"><span class='ocrx_word' id='word_1_706' title='bbox 571 5715 609 5748; x_wconf 79' lang='grc'><strong>³⁸</strong></span> <span class='ocrx_word' id='word_1_707' title='bbox 641 5711 807 5777; x_wconf 80' lang='lat' dir='ltr'><strong>lCor.</strong></span> <span class='ocrx_word' id='word_1_708' title='bbox 833 5710 1042 5809; x_wconf 40' lang='lat' dir='ltr'><strong>unﬁt):</strong></span> <span class='ocrx_word' id='word_1_709' title='bbox 1121 5708 1163 5740; x_wconf 82' lang='lat'><strong>&quot;</strong></span> <span class='ocrx_word' id='word_1_710' title='bbox 1199 5706 1372 5762; x_wconf 78' lang='lat' dir='ltr'><strong>Exod.</strong></span> <span class='ocrx_word' id='word_1_711' title='bbox 1402 5722 1460 5770; x_wconf 81' lang='grc' dir='ltr'><strong>ιι,</strong></span> <span class='ocrx_word' id='word_1_712' title='bbox 1488 5704 1542 5759; x_wconf 74' lang='grc'>2.</span> <span class='ocrx_word' id='word_1_713' title='bbox 1622 5701 1667 5736; x_wconf 84' lang='grc'>³³</span> <span class='ocrx_word' id='word_1_714' title='bbox 1694 5699 1832 5755; x_wconf 86' lang='lat' dir='ltr'><strong>Psal.</strong></span> <span class='ocrx_word' id='word_1_715' title='bbox 1869 5713 2009 5764; x_wconf 81' lang='lat' dir='ltr'><strong>xuv,</strong></span> <span class='ocrx_word' id='word_1_716' title='bbox 2048 5698 2099 5753; x_wconf 71' lang='grc'>4.</span> 
     </span>
    </p>
   </div>
   <div class='ocr_carea' id='block_1_93' title="bbox 2157 3408 3725 3485">
    <p class='ocr_par' dir='ltr' id='par_1_93' title="bbox 2157 3408 3725 3485">
     <span class='ocr_line' id='line_1_95' title="bbox 2157 3408 3725 3485; baseline -0.005 -15"><span class='ocrx_word' id='word_1_717' title='bbox 2157 3414 2444 3485; x_wconf 85' lang='grc' dir='ltr'>τεταχότος</span> <span class='ocrx_word' id='word_1_718' title='bbox 2472 3414 2566 3467; x_wconf 85' lang='grc' dir='ltr'><strong>τοῦ</strong></span> <span class='ocrx_word' id='word_1_719' title='bbox 2593 3410 2817 3484; x_wconf 82' lang='grc' dir='ltr'>Φαραὼ,</span> <span class='ocrx_word' id='word_1_720' title='bbox 2858 3410 3091 3483; x_wconf 84' lang='grc' dir='ltr'>κρύπτει</span> <span class='ocrx_word' id='word_1_721' title='bbox 3134 3409 3230 3480; x_wconf 80' lang='grc' dir='ltr'>μὲν</span> <span class='ocrx_word' id='word_1_722' title='bbox 3254 3409 3316 3463; x_wconf 80' lang='grc' dir='ltr'><strong>τὸ</strong></span> <span class='ocrx_word' id='word_1_723' title='bbox 3352 3408 3550 3481; x_wconf 82' lang='grc' dir='ltr'>βρέφος</span> <span class='ocrx_word' id='word_1_724' title='bbox 3577 3411 3611 3480; x_wconf 76' lang='grc' dir='ltr'>ἡ</span> <span class='ocrx_word' id='word_1_725' title='bbox 3635 3426 3725 3462; x_wconf 74' lang='grc' dir='ltr'>τεο</span> 
     </span>
    </p>
   </div>
   <div class='ocr_carea' id='block_1_94' title="bbox 2159 3497 3727 3574">
    <p class='ocr_par' dir='ltr' id='par_1_94' title="bbox 2159 3497 3727 3574">
     <span class='ocr_line' id='line_1_96' title="bbox 2159 3497 3727 3574; baseline -0.007 -14"><span class='ocrx_word' id='word_1_726' title='bbox 2159 3504 2333 3561; x_wconf 84' lang='grc' dir='ltr'>κοῦσα</span> <span class='ocrx_word' id='word_1_727' title='bbox 2354 3503 2510 3574; x_wconf 85' lang='grc' dir='ltr'>γυνὴ,</span> <span class='ocrx_word' id='word_1_728' title='bbox 2546 3501 2796 3556; x_wconf 83' lang='grc' dir='ltr'>καθιεῖσα</span> <span class='ocrx_word' id='word_1_729' title='bbox 2825 3501 2882 3554; x_wconf 80' lang='grc' dir='ltr'>δὲ</span> <span class='ocrx_word' id='word_1_730' title='bbox 2911 3500 3047 3571; x_wconf 81' lang='grc' dir='ltr'>μετὰ</span> <span class='ocrx_word' id='word_1_731' title='bbox 3069 3498 3229 3552; x_wconf 86' lang='grc' dir='ltr'>τοῦτο</span> <span class='ocrx_word' id='word_1_732' title='bbox 3250 3499 3343 3552; x_wconf 78' lang='grc' dir='ltr'>καὶ</span> <span class='ocrx_word' id='word_1_733' title='bbox 3364 3497 3727 3567; x_wconf 77' lang='grc' dir='ltr'>ὲγκατακλείο</span> 
     </span>
    </p>
   </div>
   <div class='ocr_carea' id='block_1_95' title="bbox 2161 3589 3730 3667">
    <p class='ocr_par' dir='ltr' id='par_1_95' title="bbox 2161 3589 3730 3667">
     <span class='ocr_line' id='line_1_97' title="bbox 2161 3589 3730 3667; baseline -0.006 -16"><span class='ocrx_word' id='word_1_734' title='bbox 2161 3613 2302 3651; x_wconf 88' lang='grc' dir='ltr'>σασα</span> <span class='ocrx_word' id='word_1_735' title='bbox 2328 3598 2395 3667; x_wconf 79' lang='grc' dir='ltr'>τῇ</span> <span class='ocrx_word' id='word_1_736' title='bbox 2433 3593 2579 3666; x_wconf 78' lang='grc' dir='ltr'>θίὸῃ,</span> <span class='ocrx_word' id='word_1_737' title='bbox 2619 3593 2739 3665; x_wconf 81' lang='grc' dir='ltr'>ῆτοι</span> <span class='ocrx_word' id='word_1_738' title='bbox 2769 3594 2838 3663; x_wconf 71' lang='grc' dir='ltr'><strong>τῇ</strong></span> <span class='ocrx_word' id='word_1_739' title='bbox 2875 3590 3119 3661; x_wconf 80' lang='grc' dir='ltr'>κλεὶστῇ,</span> <span class='ocrx_word' id='word_1_740' title='bbox 3156 3589 3336 3660; x_wconf 80' lang='grc' dir='ltr'>ῥίπτει</span> <span class='ocrx_word' id='word_1_741' title='bbox 3372 3590 3471 3661; x_wconf 83' lang='grc' dir='ltr'><strong>μὲν</strong></span> <span class='ocrx_word' id='word_1_742' title='bbox 3511 3590 3645 3643; x_wconf 76' lang='grc' dir='ltr'>αὐτὸ</span> <span class='ocrx_word' id='word_1_743' title='bbox 3670 3590 3730 3642; x_wconf 72' lang='grc' dir='ltr'><strong>ἐν</strong></span> 
     </span>
    </p>
   </div>
   <div class='ocr_carea' id='block_1_96' title="bbox 2158 3681 3734 3755">
    <p class='ocr_par' dir='ltr' id='par_1_96' title="bbox 2158 3681 3734 3755">
     <span class='ocr_line' id='line_1_98' title="bbox 2158 3681 3734 3755; baseline -0.005 -11"><span class='ocrx_word' id='word_1_744' title='bbox 2158 3692 2271 3752; x_wconf 88' lang='grc' dir='ltr'>τοῖς</span> <span class='ocrx_word' id='word_1_745' title='bbox 2300 3688 2498 3751; x_wconf 70' lang='grc' dir='ltr'>ἕλεσιν,</span> <span class='ocrx_word' id='word_1_746' title='bbox 2541 3681 2982 3755; x_wconf 79' lang='grc' dir='ltr'>άναλαμὸάνειδὲ</span> <span class='ocrx_word' id='word_1_747' title='bbox 3014 3681 3355 3753; x_wconf 84' lang='grc' dir='ltr'>παραχρῆμα</span> <span class='ocrx_word' id='word_1_748' title='bbox 3382 3682 3510 3752; x_wconf 84' lang='grc' dir='ltr'>παρ’</span> <span class='ocrx_word' id='word_1_749' title='bbox 3545 3681 3734 3745; x_wconf 80' lang='grc' dir='ltr'>αὐτοῖς</span> 
     </span>
    </p>
   </div>
   <div class='ocr_carea' id='block_1_97' title="bbox 2160 3773 3739 3853">
    <p class='ocr_par' dir='ltr' id='par_1_97' title="bbox 2160 3773 3739 3853">
     <span class='ocr_line' id='line_1_99' title="bbox 2160 3773 3739 3853; baseline -0.006 -18"><span class='ocrx_word' id='word_1_750' title='bbox 2160 3779 2396 3853; x_wconf 81' lang='grc' dir='ltr'>εὑροῦσα</span> <span class='ocrx_word' id='word_1_751' title='bbox 2424 3780 2539 3841; x_wconf 87' lang='grc' dir='ltr'>τοῖς</span> <span class='ocrx_word' id='word_1_752' title='bbox 2574 3776 2763 3830; x_wconf 78' lang='grc' dir='ltr'>ὕδασιν</span> <span class='ocrx_word' id='word_1_753' title='bbox 2793 3776 2827 3846; x_wconf 87' lang='grc' dir='ltr'>ή</span> <span class='ocrx_word' id='word_1_754' title='bbox 2853 3773 2950 3827; x_wconf 86' lang='grc' dir='ltr'><strong>τοῦ</strong></span> <span class='ocrx_word' id='word_1_755' title='bbox 2977 3773 3265 3835; x_wconf 81' lang='grc' dir='ltr'>διώκοντος</span> <span class='ocrx_word' id='word_1_756' title='bbox 3295 3775 3446 3837; x_wconf 78' lang='grc' dir='ltr'>παῖς,</span> <span class='ocrx_word' id='word_1_757' title='bbox 3474 3773 3568 3826; x_wconf 73' lang='grc' dir='ltr'><strong>καὶ</strong></span> <span class='ocrx_word' id='word_1_758' title='bbox 3591 3773 3739 3826; x_wconf 66' lang='lat' dir='ltr'><strong>tivo!-</strong></span> 
     </span>
    </p>
   </div>
   <div class='ocr_carea' id='block_1_98' title="bbox 2159 3863 3731 3943">
    <p class='ocr_par' dir='ltr' id='par_1_98' title="bbox 2159 3863 3731 3943">
     <span class='ocr_line' id='line_1_100' title="bbox 2159 3863 3731 3943; baseline 0.005 -25"><span class='ocrx_word' id='word_1_759' title='bbox 2159 3884 2247 3939; x_wconf 81' lang='grc' dir='ltr'><strong>γει</strong></span> <span class='ocrx_word' id='word_1_760' title='bbox 2280 3872 2378 3943; x_wconf 79' lang='grc' dir='ltr'>μὲν</span> <span class='ocrx_word' id='word_1_761' title='bbox 2414 3871 2514 3941; x_wconf 86' lang='grc' dir='ltr'>τὴν</span> <span class='ocrx_word' id='word_1_762' title='bbox 2552 3868 2732 3940; x_wconf 80' lang='grc' dir='ltr'>θίὸην,</span> <span class='ocrx_word' id='word_1_763' title='bbox 2765 3863 2883 3925; x_wconf 60' lang='grc' dir='ltr'><strong>εἷα</strong></span> <span class='ocrx_word' id='word_1_764' title='bbox 2910 3866 3098 3920; x_wconf 85' lang='grc' dir='ltr'>κλαῖον</span> <span class='ocrx_word' id='word_1_765' title='bbox 3124 3863 3365 3935; x_wconf 75' lang='grc' dir='ltr'>εὑροῦσα</span> <span class='ocrx_word' id='word_1_766' title='bbox 3403 3865 3467 3918; x_wconf 79' lang='grc' dir='ltr'>τὸ</span> <span class='ocrx_word' id='word_1_767' title='bbox 3508 3864 3731 3937; x_wconf 73' lang='grc' dir='ltr'>βρέφος.</span> 
     </span>
    </p>
   </div>
   <div class='ocr_carea' id='block_1_99' title="bbox 2159 3956 3734 4032">
    <p class='ocr_par' dir='ltr' id='par_1_99' title="bbox 2159 3956 3734 4032">
     <span class='ocr_line' id='line_1_101' title="bbox 2159 3956 3734 4032; baseline -0.005 -15"><span class='ocrx_word' id='word_1_768' title='bbox 2159 3964 2240 4017; x_wconf 80' lang='grc' dir='ltr'><strong>ὅτι</strong></span> <span class='ocrx_word' id='word_1_769' title='bbox 2271 3978 2332 4015; x_wconf 87' lang='grc' dir='ltr'><strong>τε</strong></span> <span class='ocrx_word' id='word_1_770' title='bbox 2368 3960 2622 4032; x_wconf 74' lang='grc' dir='ltr'>Ἐϐραῖος</span> <span class='ocrx_word' id='word_1_771' title='bbox 2644 3959 2728 4029; x_wconf 84' lang='grc' dir='ltr'>εἷη</span> <span class='ocrx_word' id='word_1_772' title='bbox 2754 3956 3003 4027; x_wconf 77' lang='grc' dir='ltr'>συνίησιν</span> <span class='ocrx_word' id='word_1_773' title='bbox 3032 3956 3294 4028; x_wconf 77' lang='grc' dir='ltr'>ἀκριϐῶς,</span> <span class='ocrx_word' id='word_1_774' title='bbox 3321 3957 3415 4010; x_wconf 70' lang='grc' dir='ltr'><strong>καὶ</strong></span> <span class='ocrx_word' id='word_1_775' title='bbox 3441 3956 3734 4011; x_wconf 79' lang='grc' dir='ltr'>ἀναδίδωσι</span> 
     </span>
    </p>
   </div>
   <div class='ocr_carea' id='block_1_100' title="bbox 2159 4048 3733 4127">
    <p class='ocr_par' dir='ltr' id='par_1_100' title="bbox 2159 4048 3733 4127">
     <span class='ocr_line' id='line_1_102' title="bbox 2159 4048 3733 4127; baseline -0.004 -19"><span class='ocrx_word' id='word_1_776' title='bbox 2159 4054 2380 4127; x_wconf 81' lang='grc' dir='ltr'>τρέφειν</span> <span class='ocrx_word' id='word_1_777' title='bbox 2419 4054 2486 4123; x_wconf 84' lang='grc' dir='ltr'>τῇ</span> <span class='ocrx_word' id='word_1_778' title='bbox 2508 4048 2765 4120; x_wconf 82' lang='grc' dir='ltr'>τεκούσῃ,</span> <span class='ocrx_word' id='word_1_779' title='bbox 2800 4048 2965 4103; x_wconf 85' lang='grc' dir='ltr'>πάλιν</span> <span class='ocrx_word' id='word_1_780' title='bbox 2996 4048 3186 4120; x_wconf 79' lang='grc' dir='ltr'>μισθὸν</span> <span class='ocrx_word' id='word_1_781' title='bbox 3211 4048 3320 4102; x_wconf 90' lang='grc' dir='ltr'><strong>τῶν</strong></span> <span class='ocrx_word' id='word_1_782' title='bbox 3352 4048 3567 4119; x_wconf 86' lang='grc' dir='ltr'>τροφῶν</span> <span class='ocrx_word' id='word_1_783' title='bbox 3596 4049 3733 4102; x_wconf 83' lang='grc' dir='ltr'>ὑπο-</span> 
     </span>
    </p>
   </div>
   <div class='ocr_carea' id='block_1_101' title="bbox 2165 4142 3734 4220">
    <p class='ocr_par' dir='ltr' id='par_1_101' title="bbox 2165 4142 3734 4220">
     <span class='ocr_line' id='line_1_103' title="bbox 2165 4142 3734 4220; baseline -0.003 -18"><span class='ocrx_word' id='word_1_784' title='bbox 2165 4148 2423 4220; x_wconf 81' lang='grc' dir='ltr'>σχομένη.</span> <span class='ocrx_word' id='word_1_785' title='bbox 2445 4146 2579 4198; x_wconf 86' lang='grc' dir='ltr'>Τίνα</span> <span class='ocrx_word' id='word_1_786' title='bbox 2607 4142 2671 4215; x_wconf 80' lang='grc' dir='ltr'><strong>δη</strong></span> <span class='ocrx_word' id='word_1_787' title='bbox 2690 4143 2813 4198; x_wconf 89' lang='grc' dir='ltr'>νοῦν</span> <span class='ocrx_word' id='word_1_788' title='bbox 2841 4143 3257 4215; x_wconf 81' lang='grc' dir='ltr'>ὲφαρμόσαιμεν</span> <span class='ocrx_word' id='word_1_789' title='bbox 3286 4143 3350 4196; x_wconf 81' lang='grc' dir='ltr'>ἂν</span> <span class='ocrx_word' id='word_1_790' title='bbox 3369 4144 3480 4206; x_wconf 88' lang='grc' dir='ltr'>τοῖς</span> <span class='ocrx_word' id='word_1_791' title='bbox 3503 4143 3734 4197; x_wconf 79' lang='grc' dir='ltr'>τοιοῖσδε</span> 
     </span>
    </p>
   </div>
   <div class='ocr_carea' id='block_1_102' title="bbox 2161 4234 3734 4310">
    <p class='ocr_par' dir='ltr' id='par_1_102' title="bbox 2161 4234 3734 4310">
     <span class='ocr_line' id='line_1_104' title="bbox 2161 4234 3734 4310; baseline -0.004 -16"><span class='ocrx_word' id='word_1_792' title='bbox 2161 4242 2374 4310; x_wconf 78' lang='grc' dir='ltr'>λόγοις;</span> <span class='ocrx_word' id='word_1_793' title='bbox 2429 4238 2463 4310; x_wconf 79' lang='grc' dir='ltr'>ἢ</span> <span class='ocrx_word' id='word_1_794' title='bbox 2504 4237 2557 4291; x_wconf 85' lang='grc' dir='ltr'>τί</span> <span class='ocrx_word' id='word_1_795' title='bbox 2600 4237 2663 4290; x_wconf 80' lang='grc' dir='ltr'>τὺ</span> <span class='ocrx_word' id='word_1_796' title='bbox 2699 4236 2994 4307; x_wconf 80' lang='grc' dir='ltr'>μυστήριον</span> <span class='ocrx_word' id='word_1_797' title='bbox 3032 4234 3347 4306; x_wconf 89' lang='grc' dir='ltr'>περιαθρεῖν</span> <span class='ocrx_word' id='word_1_798' title='bbox 3400 4236 3734 4303; x_wconf 72' lang='grc' dir='ltr'>άναγκαῖονς</span> 
     </span>
    </p>
   </div>
   <div class='ocr_carea' id='block_1_103' title="bbox 2162 4325 3735 4402">
    <p class='ocr_par' dir='ltr' id='par_1_103' title="bbox 2162 4325 3735 4402">
     <span class='ocr_line' id='line_1_105' title="bbox 2162 4325 3735 4402; baseline -0.006 -15"><span class='ocrx_word' id='word_1_799' title='bbox 2162 4330 2277 4402; x_wconf 81' lang='grc' dir='ltr'>Πρὸ</span> <span class='ocrx_word' id='word_1_800' title='bbox 2320 4330 2426 4401; x_wconf 83' lang='grc' dir='ltr'>μὲν</span> <span class='ocrx_word' id='word_1_801' title='bbox 2456 4328 2566 4399; x_wconf 90' lang='lat'><strong>7&amp;9</strong></span> <span class='ocrx_word' id='word_1_802' title='bbox 2590 4326 2689 4398; x_wconf 82' lang='grc' dir='ltr'>τῆς</span> <span class='ocrx_word' id='word_1_803' title='bbox 2711 4325 2805 4380; x_wconf 86' lang='grc' dir='ltr'><strong>τοῦ</strong></span> <span class='ocrx_word' id='word_1_804' title='bbox 2836 4325 3090 4396; x_wconf 76' lang='grc' dir='ltr'>Σωτῆρος</span> <span class='ocrx_word' id='word_1_805' title='bbox 3127 4325 3282 4397; x_wconf 78' lang='grc' dir='ltr'>ἡμῶν</span> <span class='ocrx_word' id='word_1_806' title='bbox 3311 4325 3606 4396; x_wconf 75' lang='grc' dir='ltr'>ἐπιδημίας</span> <span class='ocrx_word' id='word_1_807' title='bbox 3631 4327 3735 4379; x_wconf 76' lang='grc' dir='ltr'>οὐκ</span> 
     </span>
    </p>
   </div>
   <div class='ocr_carea' id='block_1_104' title="bbox 2160 4417 3737 4494">
    <p class='ocr_par' dir='ltr' id='par_1_104' title="bbox 2160 4417 3737 4494">
     <span class='ocr_line' id='line_1_106' title="bbox 2160 4417 3737 4494; baseline -0.004 -17"><span class='ocrx_word' id='word_1_808' title='bbox 2160 4418 2229 4494; x_wconf 80' lang='grc' dir='ltr'><strong>ἦν</strong></span> <span class='ocrx_word' id='word_1_809' title='bbox 2256 4422 2348 4475; x_wconf 74' lang='grc' dir='ltr'><strong>ἐπὶ</strong></span> <span class='ocrx_word' id='word_1_810' title='bbox 2378 4421 2476 4491; x_wconf 83' lang='grc' dir='ltr'><strong>τῆς</strong></span> <span class='ocrx_word' id='word_1_811' title='bbox 2505 4420 2610 4490; x_wconf 85' lang='grc' dir='ltr'>γῆς</span> <span class='ocrx_word' id='word_1_812' title='bbox 2630 4418 2695 4472; x_wconf 79' lang='grc' dir='ltr'><strong>τὸ</strong></span> <span class='ocrx_word' id='word_1_813' title='bbox 2734 4417 2901 4489; x_wconf 81' lang='grc' dir='ltr'>ἄρσεν</span> <span class='ocrx_word' id='word_1_814' title='bbox 2934 4418 3410 4473; x_wconf 76' lang='grc' dir='ltr'>ἀνεπιϐούλευτον.</span> <span class='ocrx_word' id='word_1_815' title='bbox 3449 4419 3652 4489; x_wconf 82' lang='grc' dir='ltr'>Ἀρσεν</span> <span class='ocrx_word' id='word_1_816' title='bbox 3679 4418 3737 4471; x_wconf 79' lang='grc' dir='ltr'>δὲ</span> 
     </span>
    </p>
   </div>
   <div class='ocr_carea' id='block_1_105' title="bbox 2163 4504 3735 4582">
    <p class='ocr_par' dir='ltr' id='par_1_105' title="bbox 2163 4504 3735 4582">
     <span class='ocr_line' id='line_1_107' title="bbox 2163 4504 3735 4582; baseline -0.004 -15"><span class='ocrx_word' id='word_1_817' title='bbox 2163 4510 2392 4582; x_wconf 85' lang='grc' dir='ltr'>νοοῦμεν</span> <span class='ocrx_word' id='word_1_818' title='bbox 2415 4510 2476 4563; x_wconf 82' lang='grc' dir='ltr'><strong>τὸ</strong></span> <span class='ocrx_word' id='word_1_819' title='bbox 2501 4510 2576 4574; x_wconf 85' lang='grc' dir='ltr'><strong>ῶς</strong></span> <span class='ocrx_word' id='word_1_820' title='bbox 2604 4512 2662 4563; x_wconf 79' lang='grc' dir='ltr'><strong>ἐν</strong></span> <span class='ocrx_word' id='word_1_821' title='bbox 2695 4509 2920 4579; x_wconf 86' lang='grc' dir='ltr'>ἀνδρείᾳ</span> <span class='ocrx_word' id='word_1_822' title='bbox 2942 4511 3006 4579; x_wconf 84' lang='grc' dir='ltr'>τῇ</span> <span class='ocrx_word' id='word_1_823' title='bbox 3044 4512 3408 4581; x_wconf 81' lang='grc' dir='ltr'>πνευματικῇ,</span> <span class='ocrx_word' id='word_1_824' title='bbox 3443 4509 3538 4564; x_wconf 73' lang='grc' dir='ltr'>καὶ</span> <span class='ocrx_word' id='word_1_825' title='bbox 3567 4504 3636 4582; x_wconf 76' lang='grc' dir='ltr'>ἧς</span> <span class='ocrx_word' id='word_1_826' title='bbox 3665 4510 3735 4563; x_wconf 80' lang='grc' dir='ltr'>ἂν</span> 
     </span>
    </p>
   </div>
   <div class='ocr_carea' id='block_1_106' title="bbox 2164 4598 3736 4671">
    <p class='ocr_par' dir='ltr' id='par_1_106' title="bbox 2164 4598 3736 4671">
     <span class='ocr_line' id='line_1_108' title="bbox 2164 4598 3736 4671; baseline -0.003 -14"><span class='ocrx_word' id='word_1_827' title='bbox 2164 4599 2274 4657; x_wconf 78' lang='grc' dir='ltr'>εἷεν</span> <span class='ocrx_word' id='word_1_828' title='bbox 2306 4601 2507 4671; x_wconf 72' lang='grc' dir='ltr'>καρποὶ</span> <span class='ocrx_word' id='word_1_829' title='bbox 2528 4599 2596 4653; x_wconf 86' lang='grc' dir='ltr'>τά</span> <span class='ocrx_word' id='word_1_830' title='bbox 2623 4598 2917 4653; x_wconf 88' lang='grc' dir='ltr'>άνδάνοντα</span> <span class='ocrx_word' id='word_1_831' title='bbox 2938 4599 3016 4671; x_wconf 85' lang='grc' dir='ltr'>τῷ</span> <span class='ocrx_word' id='word_1_832' title='bbox 3031 4599 3170 4671; x_wconf 82' lang='grc' dir='ltr'>Θεῷ.</span> <span class='ocrx_word' id='word_1_833' title='bbox 3198 4599 3403 4653; x_wconf 81' lang='grc' dir='ltr'>Οὐκοῦν</span> <span class='ocrx_word' id='word_1_834' title='bbox 3418 4601 3475 4653; x_wconf 79' lang='grc' dir='ltr'>ὲν</span> <span class='ocrx_word' id='word_1_835' title='bbox 3501 4600 3736 4670; x_wconf 80' lang='grc' dir='ltr'>κινδύνῳ</span> 
     </span>
    </p>
   </div>
   <div class='ocr_carea' id='block_1_107' title="bbox 2095 4675 3734 4761">
    <p class='ocr_par' dir='ltr' id='par_1_107' title="bbox 2095 4675 3734 4761">
     <span class='ocr_line' id='line_1_109' title="bbox 2095 4675 3734 4761; baseline -0.002 -16"><span class='ocrx_word' id='word_1_836' title='bbox 2095 4675 2139 4732; x_wconf 79' lang='lat' dir='ltr'><strong>D</strong></span> <span class='ocrx_word' id='word_1_837' title='bbox 2163 4691 2227 4745; x_wconf 71' lang='grc' dir='ltr'><strong>τὸ</strong></span> <span class='ocrx_word' id='word_1_838' title='bbox 2258 4691 2442 4761; x_wconf 75' lang='grc' dir='ltr'>ἄρσεν,</span> <span class='ocrx_word' id='word_1_839' title='bbox 2488 4689 2767 4761; x_wconf 69' lang='grc' dir='ltr'>μονονουχὶ</span> <span class='ocrx_word' id='word_1_840' title='bbox 2806 4692 2925 4751; x_wconf 88' lang='grc' dir='ltr'>ταῖς</span> <span class='ocrx_word' id='word_1_841' title='bbox 2970 4691 3263 4761; x_wconf 83' lang='grc' dir='ltr'>κοσμικαῖς</span> <span class='ocrx_word' id='word_1_842' title='bbox 3307 4690 3520 4761; x_wconf 72' lang='grc' dir='ltr'>ἡδοναῖς</span> <span class='ocrx_word' id='word_1_843' title='bbox 3562 4683 3653 4742; x_wconf 79' lang='grc' dir='ltr'>οἷά</span> <span class='ocrx_word' id='word_1_844' title='bbox 3674 4707 3734 4742; x_wconf 89' lang='grc' dir='ltr'><strong>τε</strong></span> 
     </span>
    </p>
   </div>
   <div class='ocr_carea' id='block_1_108' title="bbox 2167 4780 3737 4854">
    <p class='ocr_par' dir='ltr' id='par_1_108' title="bbox 2167 4780 3737 4854">
     <span class='ocr_line' id='line_1_110' title="bbox 2167 4780 3737 4854; baseline -0.001 -18"><span class='ocrx_word' id='word_1_845' title='bbox 2167 4782 2446 4854; x_wconf 79' lang='grc' dir='ltr'>βορϐόροις</span> <span class='ocrx_word' id='word_1_846' title='bbox 2474 4782 2506 4852; x_wconf 78' lang='grc' dir='ltr'>ἢ</span> <span class='ocrx_word' id='word_1_847' title='bbox 2535 4781 2801 4852; x_wconf 86' lang='grc' dir='ltr'>τέλμασιν</span> <span class='ocrx_word' id='word_1_848' title='bbox 2846 4780 3194 4851; x_wconf 81' lang='grc' dir='ltr'>ὲγκαθιέντος</span> <span class='ocrx_word' id='word_1_849' title='bbox 3228 4781 3321 4835; x_wconf 86' lang='grc' dir='ltr'><strong>τοῦ</strong></span> <span class='ocrx_word' id='word_1_850' title='bbox 3367 4782 3606 4854; x_wconf 79' lang='grc' dir='ltr'>Σατανᾶ,</span> <span class='ocrx_word' id='word_1_851' title='bbox 3640 4783 3737 4834; x_wconf 77' lang='grc' dir='ltr'>καὶ</span> 
     </span>
    </p>
   </div>
   <div class='ocr_carea' id='block_1_109' title="bbox 2166 4850 3739 4945">
    <p class='ocr_par' dir='ltr' id='par_1_109' title="bbox 2166 4850 3739 4945">
     <span class='ocr_line' id='line_1_111' title="bbox 2166 4850 3739 4945; baseline -0.001 -19"><span class='ocrx_word' id='word_1_852' title='bbox 2166 4850 2620 4941; x_wconf 79' lang='grc' dir='ltr'>ὲναποπνίγοντος</span> <span class='ocrx_word' id='word_1_853' title='bbox 2637 4850 2773 4935; x_wconf 78' lang='grc' dir='ltr'>τοὺς</span> <span class='ocrx_word' id='word_1_854' title='bbox 2810 4873 3282 4945; x_wconf 83' lang='grc' dir='ltr'>παραιτουμένους</span> <span class='ocrx_word' id='word_1_855' title='bbox 3317 4850 3600 4933; x_wconf 67' lang='grc' dir='ltr'>τδᾶναλκι</span> <span class='ocrx_word' id='word_1_856' title='bbox 3639 4873 3739 4926; x_wconf 82' lang='grc' dir='ltr'>καὶ</span> 
     </span>
    </p>
   </div>
   <div class='ocr_carea' id='block_1_110' title="bbox 2166 4963 3738 5038">
    <p class='ocr_par' dir='ltr' id='par_1_110' title="bbox 2166 4963 3738 5038">
     <span class='ocr_line' id='line_1_112' title="bbox 2166 4963 3738 5038; baseline -0.001 -19"><span class='ocrx_word' id='word_1_857' title='bbox 2166 4966 2532 5038; x_wconf 83' lang='grc' dir='ltr'>θηλυπρεπὲς,</span> <span class='ocrx_word' id='word_1_858' title='bbox 2572 4963 2635 5017; x_wconf 81' lang='grc' dir='ltr'>τὸ</span> <span class='ocrx_word' id='word_1_859' title='bbox 2666 4963 2739 5026; x_wconf 82' lang='grc' dir='ltr'>ὡς</span> <span class='ocrx_word' id='word_1_860' title='bbox 2779 4965 2836 5017; x_wconf 79' lang='grc' dir='ltr'><strong>ὲν</strong></span> <span class='ocrx_word' id='word_1_861' title='bbox 2875 4964 2994 5035; x_wconf 71' lang='grc' dir='ltr'>ἤθει</span> <span class='ocrx_word' id='word_1_862' title='bbox 3024 4965 3167 5034; x_wconf 74' lang='grc' dir='ltr'>φημὶ</span> <span class='ocrx_word' id='word_1_863' title='bbox 3194 4964 3288 5019; x_wconf 76' lang='grc' dir='ltr'><strong>καὶ</strong></span> <span class='ocrx_word' id='word_1_864' title='bbox 3323 4964 3565 5033; x_wconf 87' lang='grc' dir='ltr'>τρόποις.</span> <span class='ocrx_word' id='word_1_865' title='bbox 3606 4964 3738 5018; x_wconf 81' lang='grc' dir='ltr'>τοι·</span> 
     </span>
    </p>
   </div>
   <div class='ocr_carea' id='block_1_111' title="bbox 2167 5051 3738 5128">
    <p class='ocr_par' dir='ltr' id='par_1_111' title="bbox 2167 5051 3738 5128">
     <span class='ocr_line' id='line_1_113' title="bbox 2167 5051 3738 5128; baseline -0.001 -20"><span class='ocrx_word' id='word_1_866' title='bbox 2167 5057 2363 5128; x_wconf 82' lang='grc' dir='ltr'>γάρτοι</span> <span class='ocrx_word' id='word_1_867' title='bbox 2380 5057 2472 5110; x_wconf 83' lang='grc' dir='ltr'><strong>καὶ</strong></span> <span class='ocrx_word' id='word_1_868' title='bbox 2488 5056 2726 5125; x_wconf 79' lang='grc' dir='ltr'>ἔφασκον</span> <span class='ocrx_word' id='word_1_869' title='bbox 2744 5057 2792 5108; x_wconf 89' lang='grc' dir='ltr'>οἱ</span> <span class='ocrx_word' id='word_1_870' title='bbox 2812 5054 3257 5125; x_wconf 78' lang='grc' dir='ltr'>Πνευματοφόροι</span> <span class='ocrx_word' id='word_1_871' title='bbox 3275 5051 3738 5123; x_wconf 81' lang='grc' dir='ltr'>κατατεθηπότες,</span> 
     </span>
    </p>
   </div>
   <div class='ocr_carea' id='block_1_112' title="bbox 2166 5144 3743 5219">
    <p class='ocr_par' dir='ltr' id='par_1_112' title="bbox 2166 5144 3743 5219">
     <span class='ocr_line' id='line_1_114' title="bbox 2166 5144 3743 5219; baseline -0.003 -17"><span class='ocrx_word' id='word_1_872' title='bbox 2166 5144 2321 5219; x_wconf 73' lang='grc' dir='ltr'>οἶμαί</span> <span class='ocrx_word' id='word_1_873' title='bbox 2357 5164 2481 5211; x_wconf 89' lang='grc' dir='ltr'>που,</span> <span class='ocrx_word' id='word_1_874' title='bbox 2517 5147 2618 5217; x_wconf 77' lang='grc' dir='ltr'>τὴν</span> <span class='ocrx_word' id='word_1_875' title='bbox 2649 5144 2904 5199; x_wconf 79' lang='grc' dir='ltr'>ἁπάντων</span> <span class='ocrx_word' id='word_1_876' title='bbox 2939 5145 3209 5217; x_wconf 73' lang='grc' dir='ltr'>ἐκτροπὴν</span> <span class='ocrx_word' id='word_1_877' title='bbox 3250 5147 3344 5200; x_wconf 71' lang='grc' dir='ltr'><strong>ἐπὶ</strong></span> <span class='ocrx_word' id='word_1_878' title='bbox 3387 5144 3448 5199; x_wconf 80' lang='grc' dir='ltr'>τὸ</span> <span class='ocrx_word' id='word_1_879' title='bbox 3490 5145 3567 5217; x_wconf 78' lang='grc' dir='ltr'>μὴ</span> <span class='ocrx_word' id='word_1_880' title='bbox 3616 5144 3743 5217; x_wconf 78' lang='grc' dir='ltr'>ἔχον</span> 
     </span>
    </p>
   </div>
   <div class='ocr_carea' id='block_1_113' title="bbox 2168 5234 3744 5309">
    <p class='ocr_par' dir='ltr' id='par_1_113' title="bbox 2168 5234 3744 5309">
     <span class='ocr_line' id='line_1_115' title="bbox 2168 5234 3744 5309; baseline -0.001 -18"><span class='ocrx_word' id='word_1_881' title='bbox 2168 5237 2371 5309; x_wconf 85' lang='grc' dir='ltr'>ὀρθῶς·</span> <span class='ocrx_word' id='word_1_882' title='bbox 2403 5255 2422 5288; x_wconf 78' lang='grc' dir='ltr'><strong>ι</strong></span> <span class='ocrx_word' id='word_1_883' title='bbox 2460 5236 2669 5299; x_wconf 83' lang='grc' dir='ltr'>Πάντες</span> <span class='ocrx_word' id='word_1_884' title='bbox 2716 5235 3014 5300; x_wconf 77' lang='grc' dir='ltr'>ἐξέκλιναν,</span> <span class='ocrx_word' id='word_1_885' title='bbox 3054 5234 3171 5305; x_wconf 71' lang='grc' dir='ltr'>ἅμα</span> <span class='ocrx_word' id='word_1_886' title='bbox 3208 5235 3611 5308; x_wconf 79' lang='grc' dir='ltr'>ἠχρειῶθησαν,</span> <span class='ocrx_word' id='word_1_887' title='bbox 3639 5238 3744 5290; x_wconf 69' lang='grc' dir='ltr'><strong>οὐκ</strong></span> 
     </span>
    </p>
   </div>
   <div class='ocr_carea' id='block_1_114' title="bbox 2170 5324 3746 5398">
    <p class='ocr_par' dir='ltr' id='par_1_114' title="bbox 2170 5324 3746 5398">
     <span class='ocr_line' id='line_1_116' title="bbox 2170 5324 3746 5398; baseline -0.001 -16"><span class='ocrx_word' id='word_1_888' title='bbox 2170 5328 2286 5382; x_wconf 79' lang='grc' dir='ltr'>ἔστι</span> <span class='ocrx_word' id='word_1_889' title='bbox 2318 5326 2488 5380; x_wconf 87' lang='grc' dir='ltr'>ποιῶν</span> <span class='ocrx_word' id='word_1_890' title='bbox 2520 5327 2887 5398; x_wconf 78' lang='grc' dir='ltr'>χρηστότητα,</span> <span class='ocrx_word' id='word_1_891' title='bbox 2912 5328 3013 5381; x_wconf 80' lang='grc' dir='ltr'>οὐκ</span> <span class='ocrx_word' id='word_1_892' title='bbox 3053 5325 3200 5381; x_wconf 76' lang='grc' dir='ltr'>ἐστιν</span> <span class='ocrx_word' id='word_1_893' title='bbox 3236 5328 3341 5391; x_wconf 73' lang='grc' dir='ltr'><strong>ἕως</strong></span> <span class='ocrx_word' id='word_1_894' title='bbox 3378 5328 3515 5392; x_wconf 74' lang='grc' dir='ltr'>ἑνός.</span> <span class='ocrx_word' id='word_1_895' title='bbox 3566 5348 3585 5380; x_wconf 76' lang='grc' dir='ltr'><strong>ι</strong></span> <span class='ocrx_word' id='word_1_896' title='bbox 3631 5324 3746 5382; x_wconf 82' lang='grc' dir='ltr'><strong>Ἦν</strong></span> 
     </span>
    </p>
   </div>
   <div class='ocr_carea' id='block_1_115' title="bbox 2170 5416 3861 5491">
    <p class='ocr_par' dir='ltr' id='par_1_115' title="bbox 2170 5416 3861 5491">
     <span class='ocr_line' id='line_1_117' title="bbox 2170 5416 3861 5491; baseline -0.002 -18"><span class='ocrx_word' id='word_1_897' title='bbox 2170 5419 2280 5491; x_wconf 86' lang='lat'><strong>7&amp;9</strong></span> <span class='ocrx_word' id='word_1_898' title='bbox 2314 5417 2415 5490; x_wconf 74' lang='grc' dir='ltr'>ήδη</span> <span class='ocrx_word' id='word_1_899' title='bbox 2463 5434 2583 5480; x_wconf 88' lang='grc' dir='ltr'>πως</span> <span class='ocrx_word' id='word_1_900' title='bbox 2626 5416 2723 5470; x_wconf 82' lang='grc' dir='ltr'>καὶ</span> <span class='ocrx_word' id='word_1_901' title='bbox 2765 5418 3183 5490; x_wconf 81' lang='grc' dir='ltr'>ἀνεπιτήδευτον</span> <span class='ocrx_word' id='word_1_902' title='bbox 3220 5417 3499 5483; x_wconf 88' lang='grc' dir='ltr'>παντελῶς</span> <span class='ocrx_word' id='word_1_903' title='bbox 3537 5418 3747 5473; x_wconf 65' lang='grc' dir='ltr'>ἅπασιν</span> <span class='ocrx_word' id='word_1_904' title='bbox 3848 5450 3861 5455; x_wconf 87' lang='grc'><strong><em>-</em></strong></span> 
     </span>
    </p>
   </div>
   <div class='ocr_carea' id='block_1_116' title="bbox 2170 5507 3744 5613">
    <p class='ocr_par' dir='ltr' id='par_1_116' title="bbox 2170 5507 3744 5613">
     <span class='ocr_line' id='line_1_118' title="bbox 2170 5507 3744 5613; baseline -0.004 -46"><span class='ocrx_word' id='word_1_905' title='bbox 2170 5508 2477 5583; x_wconf 79' lang='grc' dir='ltr'>ἀνθρώποις</span> <span class='ocrx_word' id='word_1_906' title='bbox 2503 5509 2563 5562; x_wconf 83' lang='grc' dir='ltr'>τὺ</span> <span class='ocrx_word' id='word_1_907' title='bbox 2597 5508 2821 5578; x_wconf 79' lang='grc' dir='ltr'>ἀγαθὸν,</span> <span class='ocrx_word' id='word_1_908' title='bbox 2849 5509 2949 5564; x_wconf 85' lang='grc' dir='ltr'>οὐκ</span> <span class='ocrx_word' id='word_1_909' title='bbox 2983 5509 3238 5584; x_wconf 67' lang='grc' dir='ltr'>ἀφιέντος</span> <span class='ocrx_word' id='word_1_910' title='bbox 3272 5507 3617 5613; x_wconf 43' lang='grc' dir='ltr'>άνδῦζεσθαι</span> <span class='ocrx_word' id='word_1_911' title='bbox 3648 5508 3744 5562; x_wconf 79' lang='grc' dir='ltr'><strong>τοῦ</strong></span> 
     </span>
    </p>
   </div>
   <div class='ocr_carea' id='block_1_117' title="bbox 2172 5693 3441 5765">
    <p class='ocr_par' dir='ltr' id='par_1_117' title="bbox 2172 5693 3441 5765">
     <span class='ocr_line' id='line_1_119' title="bbox 2172 5693 3441 5765; baseline -0.004 -9"><span class='ocrx_word' id='word_1_912' title='bbox 2172 5697 2216 5731; x_wconf 69' lang='grc'><strong>³⁸</strong></span> <span class='ocrx_word' id='word_1_913' title='bbox 2246 5697 2349 5755; x_wconf 81' lang='lat' dir='ltr'><strong>Isa.</strong></span> <span class='ocrx_word' id='word_1_914' title='bbox 2377 5711 2487 5760; x_wconf 84' lang='lat' dir='ltr'><strong>un,</strong></span> <span class='ocrx_word' id='word_1_915' title='bbox 2517 5693 2574 5758; x_wconf 75' lang='grc'>2,</span> <span class='ocrx_word' id='word_1_916' title='bbox 2602 5693 2657 5747; x_wconf 80' lang='lat'><strong>3.</strong></span> <span class='ocrx_word' id='word_1_917' title='bbox 2738 5693 2782 5727; x_wconf 85' lang='grc'><em>³³</em></span> <span class='ocrx_word' id='word_1_918' title='bbox 2811 5693 2958 5750; x_wconf 79' lang='lat' dir='ltr'><strong>Psal.</strong></span> <span class='ocrx_word' id='word_1_919' title='bbox 3004 5712 3120 5765; x_wconf 79' lang='lat' dir='ltr'><strong>xm,</strong></span> <span class='ocrx_word' id='word_1_920' title='bbox 3146 5696 3214 5764; x_wconf 79' lang='lat'><strong>3,</strong></span> <span class='ocrx_word' id='word_1_921' title='bbox 3263 5710 3352 5765; x_wconf 80' lang='lat' dir='ltr'><strong>LII,</strong></span> <span class='ocrx_word' id='word_1_922' title='bbox 3388 5697 3441 5751; x_wconf 73' lang='grc'>6.</span> 
     </span>
    </p>
   </div>
  </div>
