4024 6198
248 344 339 405 397
1014 338 1029 355 ’
1255 341 1773 405 GLAPHYRORUM
1813 347 1880 406 IN
1935 344 2217 405 EXODUM
2273 348 2399 404 LIB.
2441 350 2483 403 I.
3394 352 3496 407 398

245 462 334 532 τῆς
361 460 640 534 ἁμαρτίας
654 458 902 534 εὑρετοῦ.
946 461 1163 534 Ἐπειδὴ
1184 463 1240 517 δὲ
1262 464 1451 533 γέγονε
1488 466 1607 538 μεθ’
1634 465 1811 537 ἡμῶν,

1917 467 2124 521 bonum
2148 475 2307 520 erant
2332 465 2605 527 homines,
2634 478 2741 517 non
2770 460 3124 533 permittente
3148 473 3294 519 recte
3338 481 3498 536 agere

244 552 331 607 καὶ
376 554 492 615 τοῖς
529 552 1035 624 ἐπιϐουλευομένοις
1073 554 1386 627 ἐναρίθμιος
1413 553 1481 629 ἦν
1524 559 1553 610 ό
1604 559 1817 629 Ἐμμα-

240 642 418 714 νουὴλ,
444 642 508 696 τὸ
528 643 689 712 φύσει
711 660 771 697 τε
796 644 891 698 καὶ
909 644 1125 716 ἀληθῶς
1146 636 1313 719 ἄρρεν
1336 646 1555 718 βρέφος,
1570 651 1817 708 τουτέστι

239 735 293 788 τὸ
320 734 659 807 θρύπτεσθαι
689 734 762 807 μὴ
793 736 953 800 είδός’
989 737 1052 791 οὑ
1092 737 1201 809 γάρ
1238 738 1641 810 μεμαλάκισται
1681 742 1818 813 πρὸς

238 826 549 897 ἁμαρτίαν
588 826 801 881 διέλαθε
841 828 939 898 μὲν
982 829 1041 881 ὲν
1078 828 1275 900 ἀρχαῖς
1305 830 1395 883 τὸν
1443 830 1681 902 ἄρχοντα
1721 833 1817 887 τοῦ

238 918 433 982 αίῶνος
464 918 659 972 τούτου
680 937 693 949 ’
741 919 1045 990 κέκρυπται
1069 920 1179 991 γὰρ
1205 921 1266 974 τὸ
1298 922 1529 987 παιδίον,
1569 924 1818 978 τουτέστι

237 1010 484 1080 Μωσῆς·
516 1010 805 1081 ἐπειδὴδὲ
846 1010 1119 1082 προῆλθεν
1157 1013 1236 1075 είς
1285 1012 1519 1084 ἡλικίαν,
1566 1019 1679 1079 τοῖς
1721 1015 1816 1068 τοῦ

236 1100 487 1155 διαϐόλου
522 1104 946 1173 στρατηγήμασι
980 1103 1440 1175 κατατεθηγμένη
1485 1105 1622 1177 πρὸς
1673 1124 1819 1176 μιαιο

237 1193 424 1265 φονίαν
448 1195 483 1263 ἡ
499 1192 736 1273 τεκοῦσα
764 1193 1083 1265 Συναγωγή·
1109 1196 1317 1267 πέφηνε
1341 1195 1447 1269 γὰρ
1466 1195 1525 1263 ἐξ
1551 1199 1817 1252 Ἰουδαίων

236 1288 263 1339 ό
296 1285 444 1339 κατὰ
497 1285 676 1361 adfata
714 1285 970 1355 Χριστός·
1025 1286 1381 1341 κατέκλεισεν
1430 1289 1489 1342 ὲν
1543 1289 1815 1361 μνημείῳ.

237 1375 414 1438 Τύπος
453 1376 502 1427 δ’
542 1373 621 1427 lu
677 1377 888 1444 γένοιτο
932 1377 1026 1431 καὶ
1066 1377 1221 1431 τοῦδε
1281 1373 1460 1450 σαφὴς
1503 1378 1591 1433 διὰ
1620 1380 1819 1454 ,χειρὸς

234 1466 423 1539 ὥσπερ
444 1467 548 1538 τῆς
579 1468 713 1532 ἰδίας
742 1468 949 1539 μητρὸς
976 1471 1033 1522 ὲν
1053 1472 1120 1541 τῇ
1140 1469 1448 1542 καλουμένῃ
1479 1469 1604 1542 θίϐῃ
1630 1471 1816 1524 καθιέ-

236 1563 452 1631 μενοςό
499 1562 726 1630 Μωσῆς,
773 1560 866 1614 καὶ
895 1562 1032 1631 πρός
1089 1578 1154 1630 γε
1190 1561 1402 1627 τούτοις
1449 1564 1815 1635 ἐκτιθέμενος.

245 1651 611 1724 Ἦλλοτρίωσε
664 1654 773 1726 γὰρ
826 1645 1025 1724 ἑαυτῆς
1068 1655 1169 1709 ,τὸν
1227 1654 1576 1726 Ἑμμανουὴλ
1623 1658 1655 1725 ἡ
1711 1657 1819 1710 τῶν

246 1743 523 1799 Ἰουδαίων
546 1746 868 1817 Συναγωγή.
904 1746 1045 1800 Ἀλλ’
1061 1748 1096 1818 ἦ
1124 1765 1187 1816 γε
1203 1747 1297 1801 τοῦ
1324 1744 1522 1820 Φαραὼ
1549 1748 1814 1819 θυγάτηρ,

1921 559 2129 629 peccati
2166 566 2408 613 auclore.
2443 555 2511 612 At
2534 571 2664 611 vero
2695 566 2987 626 postquam
3015 556 3195 611 factus
3242 566 3326 611 est
3354 572 3501 611 unus

1918 664 1986 705 ex
2009 649 2188 713 nobis,
2218 657 2380 719 atque
2413 648 2482 703 iis
2503 647 2705 718 quibus
2739 646 2951 701 insidia:
2980 647 3356 708 struebantur,
3398 664 3497 702 an‘

1919 750 2241 796 numeratus
2292 750 2377 796 est
2411 740 2753 805 Emmanuel,
2778 748 2970 810 suapte
3027 748 3223 796 natura
3275 755 3338 795 ac
3367 756 3497 796 vere

1918 834 2215 897 masculus,
2260 832 2554 886 deliciandi
2583 832 2833 898 nescius,
2891 840 3082 901 utpote
3131 832 3226 902 qui
3273 848 3382 887 non
3429 832 3501 887 sit

1918 925 2198 981 emollitus
2233 924 2297 978 ad
2324 932 2630 994 peceatum,
2658 923 2824 977 latuit
2859 923 3082 989 quidem
3107 923 3267 977 initio
3289 923 3499 993 princi-

1918 1032 2043 1088 pem
2070 1016 2293 1083 muudi;
2344 1015 2648 1071 occultatus
2666 1016 2816 1070 enim
2843 1014 2950 1070 fuit
2984 1030 3143 1086 puer,
3179 1015 3377 1079 Moses,
3417 1015 3501 1069 in-

1918 1118 2431 1179 quam;postquam
2458 1118 2643 1163 autem
2676 1108 2930 1179 pervenit
2955 1108 3025 1162 ad
3070 1113 3308 1171 aetatem,
3368 1115 3501 1162 tunc
3548 1104 3551 1111 ’

1920 1199 2202 1271 Synagoga
2252 1214 2376 1270 qua:
2431 1199 2611 1269 ipsum
2648 1199 2887 1269 peperit,
2934 1198 3191 1254 Christus
3235 1199 3386 1253 enim
3416 1208 3504 1254 est

1920 1280 2227 1347 secundum
2251 1306 2471 1346 carnem
2493 1306 2560 1345 ex
2591 1290 2796 1345 Iudaeis
2823 1299 3001 1355 ortus,
3050 1289 3386 1347 inﬂammata
3432 1292 3503 1343 ad

1919 1382 2123 1437 caedem
2165 1382 2514 1452 patrandam,
2569 1382 2841 1438 conclusit
2884 1396 3010 1436 eum
3054 1381 3109 1435 in
3160 1381 3497 1451 sepulcrum.

1919 1473 2096 1528 Moses
2145 1481 2330 1528 autem
2369 1473 2644 1529 demissus
2664 1483 2829 1544 atque
2865 1472 3149 1542 expositus
3202 1471 3256 1525 in
3295 1470 3498 1526 ﬁscella

1920 1563 2152 1634 scirpea,
2181 1579 2280 1633 per
2309 1579 2531 1619 manum
2557 1580 2668 1620 sua:
2691 1564 2906 1629 matris,
2958 1563 3286 1619 manifestus
3332 1563 3500 1634 hujus

1921 1653 2000 1708 rei
2026 1662 2110 1709 est
2132 1663 2312 1725 typus.
2344 1655 2625 1727 Siquidem
2655 1667 2709 1710 et
2729 1657 3043 1713 Judzeorum
3065 1657 3345 1728 Synagoga
3371 1656 3504 1711 alie-

1922 1744 2131 1800 navita
2165 1746 2342 1816 seipsa
2386 1747 2819 1803 Emmanuelem.
2870 1748 2976 1804 Sed
3008 1748 3312 1804 Pharaonis
3366 1748 3497 1810 ﬁlia,

232 1838 534 1902 τουτέστιν,
591 1839 639 1910 η
674 1838 735 1904 ἐξ
782 1839 950 1893 ὲθνῶν
1009 1839 1326 1911 Ἐκκλησία,
1367 1841 1544 1895 καίτοι
1601 1840 1811 1913 πατέρα

1918 1836 2024 1892 hoc
2044 1846 2148 1902 est,
2173 1811 2415 1894 Ecclesia
2442 1841 2708 1911 gentium,
2733 1841 2838 1896 etsi
2868 1850 3080 1912 patrem
3113 1841 3372 1896 Satanam
3403 1843 3503 1895 ha.

233 1931 363 1983 ποτὲ
410 1930 661 2000 λαχοῦσα
683 1929 777 1984 τὸν
820 1930 1098 1994 Σατανᾶν,
1147 1932 1391 2005 εὑρίσκει
1439 1936 1571 2006 παρ’
1605 1934 1813 1998 ὕδασιν,

233 2015 305 2074 ὧν
339 2019 411 2075 ἃν
440 2024 621 2075 νοοῖτο
647 2022 818 2086 τύπος
849 2021 909 2075 τὸ
932 2021 1083 2091 ᾶγιον
1116 2022 1419 2095 βάπτισμα,
1452 2024 1521 2079 δι’
1552 2020 1612 2081 οὗ
1639 2026 1735 2078 καὶ
1758 2026 1816 2078 ὲν

232 2105 274 2179 ᾧ
304 2113 545 2184 Χριστὸς
583 2113 918 2184 εὑρίσκεται,
960 2114 1057 2168 καὶ
1087 2113 1294 2184 ἀνοίγει
1334 2115 1435 2185 τὴν
1478 2116 1657 2188 θίϐην.
1692 2117 1814 2170 Ὅτι

231 2206 338 2276 γὰρ
378 2203 441 2258 οὑ
502 2204 818 2276 μεμένηκεν
863 2207 920 2258 ὲν
963 2208 1199 2278 νεκροῖς,
1248 2206 1450 2261 ἀνεϐίω
1501 2208 1558 2262 δὲ
1614 2208 1814 2279 μᾶλλον

232 2297 486 2366 πατήσας
518 2296 610 2349 τὸν
646 2295 897 2363 θάνατον,
930 2295 1034 2364 ἔξω
1063 2315 1121 2351 τε
1161 2300 1431 2370 μνημείου
1465 2300 1678 2370 γέγονε,
1715 2319 1813 2356 πε-

230 2386 592 2441 πιστεύκασιν
613 2388 830 2459 άληθῶς
856 2391 903 2442 οί
928 2389 1016 2445 διὰ
1044 2390 1282 2454 πίστεως
1308 2393 1605 2464 εὑρηκότες
1633 2393 1724 2447 τὸν
1746 2393 1812 2448 δι’

228 2481 383 2549 ἡμᾶς
428 2482 511 2545 είς
558 2480 812 2544 θάνατον,
861 2482 948 2535 ἴνα
997 2482 1094 2536 καὶ
1135 2482 1278 2555 ὑπὲρ
1319 2485 1477 2556 ἡμῶν
1521 2488 1601 2550 είς
1643 2486 1806 2559 ζωήν.

120 2632 123 2635 _
226 2572 497 2643 Εὑρίσκει
522 2572 579 2625 δὲ
609 2572 796 2626 κλαῖον
814 2572 876 2626 τδ
904 2571 1137 2627 παιδίον.
1170 2575 1610 2647 Περιτευξόμεθα
1635 2575 1693 2630 δὲ
1717 2577 1811 2632 καὶ

223 2668 396 2739 ἡμεῖς
430 2666 511 2737 τῷ
547 2666 771 2739 Χριστῷ
792 2667 889 2736 τὴν
914 2668 1023 2721 τῶν
1056 2665 1326 2722 Ἰουδαίων
1352 2662 1694 2737 ἀνοσιότητα,
1715 2668 1812 2722 καὶ

224 2760 290 2813 τὰ
317 2761 405 2823 είς
438 2758 599 2814 αὑτὸν
624 2761 885 2828 γεγονότα
919 2760 1280 2832 διηγουμένῳ,
1318 2757 1603 2830 μονονουχὶ
1631 2758 1688 2813 δὲ
1716 2758 1810 2813 καὶ

225 2851 499 2909 κλαίοντι,
535 2852 962 2924 Δυσφορητικῶς
996 2852 1105 2924 γάρ
1136 2868 1301 2921 φησιν
1323 2868 1336 2881 ’
1381 2870 1401 2902 ι
1436 2850 1671 2922 Ὠρυξαν
1699 2854 1812 2922 χεῖ·-

224 2942 326 3014 ράς
364 2960 473 3013 μου
500 2942 596 2995 καὶ
628 2943 795 3007 πόδας
833 2959 956 3014 μου,
990 2943 1364 3014 ἐξηρίθμησαν
1400 2942 1575 2997 πάντα
1597 2942 1663 2996 τὰ
1677 2942 1811 2998 ὀστᾶ

224 3048 352 3101 μου.
400 3030 567 3084 Αὐτοὶ
591 3030 647 3084 δὲ
683 3029 1040 3103 κατενόησαν,
1069 3028 1164 3084 καὶ
1192 3029 1407 3083 ἑπεῖδόν
1440 3048 1508 3100 με
1527 3046 1538 3060 ·
1572 3031 1811 3103 διεμερί-

1918 1928 2121 1992 buerit,
2155 1929 2359 1984 invenit
2392 1931 2571 2001 ipsum
2601 1931 2670 1985 ad
2702 1949 2893 2003 aquas,
2916 1949 3039 2004 quae
3081 1941 3270 2006 typum
3299 1939 3501 2006 gerunt

1917 2017 2093 2071 sancti
2129 2017 2407 2088 baptismi,
2439 2035 2540 2091 per
2575 2036 2739 2090 quem
2769 2029 2824 2076 et
2848 2021 2903 2077 in
2929 2038 3039 2093 quo
3061 2022 3317 2079 Christus
3341 2023 3499 2078 inve-

1916 2108 2089 2174 nitur,
2120 2118 2285 2180 atque
2320 2112 2501 2181 aperit
2529 2111 2812 2167 ﬁscellam.
2857 2112 2994 2168 Nam
3044 2114 3192 2184 quod
3245 2114 3501 2170 Christus

1916 2215 2028 2256 non
2049 2203 2315 2258 manserit
2340 2204 2396 2259 in
2426 2204 2681 2269 mortuis,
2705 2205 2840 2274 quin
2873 2205 3060 2275 potius
3127 2206 3501 2261 resurrexerit

1915 2292 1971 2346 in
1999 2293 2192 2357 vitam,
2255 2302 2431 2349 morte
2491 2295 2726 2365 pedibus
2759 2297 3103 2361 conculcata,
3154 2303 3211 2351 et
3237 2312 3269 2352 e
3299 2312 3499 2352 monua

1913 2392 2101 2440 mento
2138 2386 2211 2441 sit
2244 2387 2535 2450 excitatus.
2571 2387 2914 2443 crediderint
2961 2404 3093 2444 vere
3138 2389 3219 2444 illi
3253 2390 3347 2460 qui
3400 2405 3503 2461 per

1915 2476 2077 2533 fidem
2130 2487 2455 2550 repererunt
2485 2495 2613 2536 eum
2678 2490 2903 2551 propter
2972 2496 3075 2535 nos
3107 2491 3411 2547 mortuum,
3437 2491 3500 2535 ut

1912 2567 2056 2625 idem
2074 2585 2177 2639 pro
2192 2571 2354 2626 nobis
2369 2571 2438 2626 ad
2457 2571 2625 2626 vitam
2650 2571 3056 2642 ingrederetur.
3073 2571 3290 2627 Invenit
3312 2581 3496 2627 autem

1912 2659 2175 2717 infantem
2200 2663 2526 2733 vagientem.
2553 2665 2905 2719 Inveniemus
2942 2672 3126 2719 autem
3169 2664 3336 2719 etiam
3396 2681 3499 2721 nos

1908 2749 2214 2817 Christum,
2239 2754 2554 2809 Iudaeorum
2588 2754 2923 2825 impietatem
2957 2770 3187 2825 quaeque
3226 2755 3281 2810 in
3318 2756 3498 2826 ipsum

1910 2843 2305 2898 commiserunt
2323 2852 2667 2907 narrantem,
2695 2859 2759 2898 ac
2791 2851 3003 2897 tantum
3030 2860 3138 2898 non
3160 2845 3491 2914 plorantem.

1911 2935 2136 2990 Maestus
2162 2934 2309 2990 enim
2345 2934 2485 2989 dixit
2514 2952 2528 2988 :
2568 2953 2586 2985 ι
2616 2934 2899 2990 Fuderunt
2923 2951 3124 2991 manus
3147 2952 3298 2991 meas
3318 2944 3375 2991 et
3405 2951 3500 3007 pe-

1910 3022 2212 3092 desmeos;
2251 3025 2597 3080 dinumerata
2628 3032 2754 3082 sunt
2792 3026 2978 3081 omnia
3016 3042 3141 3082 ossa
3203 3042 3344 3082 mea.
3385 3026 3495 3104 Ipsi

222 3139 396 3176 σαντο
420 3123 491 3176 τὰ
519 3122 709 3192 ἱμάτιά
737 3139 838 3194 μου
862 3122 1095 3186 ἑαυτοῖς,
1133 3120 1230 3175 καί
1256 3120 1351 3174 ἐπὶ
1382 3121 1474 3174 τὸν
1515 3121 1809 3193 ίματισμόν

1915 3129 2097 3177 autem
2142 3121 2628 3177 consideraverunt
2669 3128 2727 3174 et
2773 3120 3132 3191 inspexerunt
3165 3120 3326 3191 252
3384 3136 3492 3184 me,

224 3234 331 3287 μου
381 3213 578 3267 ἔϐαλον
609 3212 826 3283 κλῆρον.
885 3233 903 3265 ι
951 3213 1059 3267 Καὶ
1111 3212 1216 3285 μὴν
1265 3213 1362 3267 καὶ
1403 3214 1632 3286 ἑτέρωθί
1667 3230 1805 3269 που·

229 3304 530 3358 «Ἔδωκαν
547 3303 627 3366 είς
643 3303 703 3355 τὸ
725 3301 925 3373 βρῶμά
952 3319 1052 3374 μου
1080 3303 1265 3375 χολὴν,
1300 3304 1395 3357 καὶ
1421 3306 1500 3366 είς
1526 3303 1624 3375 τὴν
1649 3304 1810 3374 δίψαν

189 3430 197 3439 ο
221 3416 329 3468 μου
383 3397 642 3450 ὲπότισάν
683 3413 751 3467 με
788 3395 928 3463 ὅξος.
971 3415 990 3447 ι
1024 3397 1148 3450 Ὀτι
1195 3392 1253 3450 δὲ
1297 3396 1391 3451 καὶ
1419 3395 1480 3462 ἐξ
1539 3396 1808 3454 Ἰουδαίων

221 3490 476 3561 πέφηνεν
502 3489 532 3540 ὀ
553 3487 807 3557 Χριστὸς,
831 3486 1044 3556 ἐπέγνω
1078 3503 1136 3540 τε
1172 3489 1268 3542 καὶ
1294 3488 1659 3543 πεπίστευκεν
1690 3492 1722 3560 ἠ
1751 3489 1811 3555 ἐξ

218 3581 399 3636 ιθνῶν
461 3578 775 3650 Ἐκκλησία.
830 3598 849 3632 ι
896 3574 1033 3634 Είπε
1079 3580 1213 3649 γὰρ,
1262 3580 1446 3650 φησὶν,
1493 3582 1808 3655 ήθυγάτηρ

503 3669 635 3723 Ἀπὸ
672 3669 783 3722 τῶν
810 3668 1039 3724 παιδίων
1081 3669 1191 3723 τῶν
1238 3669 1507 3740 Ἐϐραίων
1549 3671 1730 3727 τοῦτο.
1785 3693 1803 3724 ι

222 3762 374 3834 Πλὴν
401 3761 487 3815 δτι
515 3760 654 3814 κατὰ
691 3761 917 3832 καιροὺς
945 3759 1099 3832 παρὰ
1128 3760 1229 3831 τῆς
1272 3760 1331 3824 ἐξ
1371 3761 1539 3815 ἐθνῶν
1581 3763 1810 3833 Ἑκκληο

222 3852 350 3914 σίας
395 3851 609 3916 δέξεται
647 3851 882 3923 Χριστὸν
918 3854 952 3923 ἡ
997 3851 1107 3905 τῶν
1164 3851 1435 3907 Ἰουδαίων
1483 3854 1806 3927 Συναγωγὴ,

222 3942 760 4015 μυσταγωγούμενοι
792 3943 1038 4014 δηλονότι
1074 3944 1137 3997 τὸ
1175 3942 1263 3997 ἐπ’
1297 3943 1447 4015 αὑτῷ
1487 3945 1806 4016 μυστήριον,

219 4033 606 4107 παραδείξειεν
632 4034 700 4087 ἂν
734 4033 825 4086 καὶ
855 4034 976 4087 λίαν
1014 4034 1255 4105 ἀμογητὶ
1297 4038 1362 4090 ὲκ
1401 4035 1502 4107 τῆς
1536 4036 1809 4107 θυγατρὸς

214 4123 431 4197 Φαραὼ
464 4123 869 4196 παραδέξασθαι
897 4125 959 4179 τὸ
985 4128 1202 4182 παιδίον
1222 4128 1321 4200 τὴν
1355 4128 1621 4183 τεκοῦσαν
1650 4131 1804 4186 αὑτό.

229 4217 546 4289 ἐκθεμένη
587 4217 695 4289 γὰρ
724 4216 914 4290 ὥσπερ
947 4219 1039 4273 τὸν
1075 4221 1288 4291 Ἰησοῦν
1316 4224 1349 4292 ἡ
1387 4221 1496 4275 τῶν
1536 4222 1808 4276 Ἰουδαίων

216 4310 555 4379 Συναγωγή,
581 4309 676 4362 καὶ⁸
707 4309 1060 4364 ἀποϐαλοῦσα
1098 4312 1220 4376 ταῖς
1256 4312 1586 4378 ἀπειθείαις,
1625 4315 1683 4368 ἐν
1719 4331 1810 4368 τε·

212 4402 498 4465 λευταίοις
533 4401 695 4455 αὑτὸν
725 4405 935 4472 καιροῖς
978 4404 1342 4474 παραδέξεται
1377 4408 1500 4470 ταῖς
1537 4407 1637 4477 τῆς
1689 4407 1809 4460 Ἐκ-

1911 3213 2101 3284 partiti
2121 3222 2249 3268 sunt
2282 3212 2426 3267 inter
2449 3227 2508 3266 se
2535 3211 2862 3267 vestimenta
2918 3227 3059 3277 mea,
3102 3220 3158 3268 et
3188 3227 3354 3283 super
3396 3228 3495 3268 ve-

1912 3312 2054 3359 stem
2103 3315 2279 3358 meam
2329 3303 2605 3357 miserunt
2656 3311 2861 3358 sortem
2906 3303 2972 3358 “.
3039 3323 3057 3355 ι
3101 3304 3237 3359 Item
3294 3303 3424 3359 alibi
3480 3322 3493 3360 :

1920 3415 1938 3447 ι
1960 3396 2243 3451 Dederunt
2266 3395 2321 3449 in
2352 3409 2533 3450 escam
2570 3410 2747 3450 meam
2775 3394 2869 3459 fel,
2905 3404 2963 3450 et
2986 3395 3042 3450 in
3079 3394 3173 3450 siti
3226 3411 3346 3450 mea
3391 3410 3489 3466 po.

1912 3496 2171 3544 taverunt
2197 3503 2282 3542 me
2315 3494 2472 3542 aceto
2498 3487 2565 3540 ".
2602 3506 2620 3539 ι
2681 3487 2837 3553 Quod
2881 3502 3015 3544 vero
3058 3486 3313 3543 Christus
3341 3499 3499 3545 ortus

1911 3578 1984 3633 sit
2000 3594 2068 3633 ex
2081 3577 2304 3643 Iudaeis,
2332 3576 2588 3649 cognovit
2609 3584 2665 3632 et
2687 3577 2923 3633 credidit
2960 3579 3203 3649 gentium
3228 3577 3492 3636 Ecclesia.

1919 3688 1939 3722 ι
1967 3666 2104 3724 Filia
2127 3669 2275 3725 enim
2297 3666 2623 3732 Pharaonis,
2654 3669 2854 3740 inquit,
2906 3670 3046 3725 dixit
3072 3691 3084 3725 :
3118 3674 3197 3727 Ex
3248 3658 3497 3729 Hebraeis

1910 3768 1997 3817 est
2049 3760 2228 3816 infans
2274 3760 2366 3816 hic
2395 3759 2460 3814 ³⁸.
2509 3781 2528 3812 ι
2561 3761 2953 3817 Verumtamen
3005 3764 3153 3833 quod
3213 3765 3491 3837 Synagoga

1909 3850 2225 3907 Iudaeorum
2261 3861 2552 3922 receptura
2576 3853 2648 3907 sit
2673 3851 2956 3908 Christum
2982 3854 3143 3909 exiis
3175 3856 3269 3925 qui
3296 3857 3495 3912 sintex

1911 3942 2157 3997 Ecclesia
2193 3943 2462 4013 gentium,
2488 3942 2663 4012 ipsius
2699 3943 2961 4014 mysterio
2985 3943 3279 4010 instructa,
3332 3946 3493 4001 facile

1913 4033 2015 4088 tibi
2047 4033 2512 4088 demonstraverit
2558 4034 2823 4102 parvulus
2844 4048 2943 4103 per
2977 4032 3145 4090 ﬁliam
3188 4034 3495 4092 Pharaonis

1911 4124 2073 4180 matri
2097 4123 2365 4179 redditus.
2379 4122 2514 4178 Nam
2536 4134 2592 4179 et
2612 4124 2929 4180 Iudaeorum
2943 4125 3246 4199 Synagoga,
3273 4128 3491 4187 tametsi

1908 4211 2097 4267 Jesum
2122 4210 2528 4281 quodammodo
2551 4214 2872 4282 exposuerit
2897 4222 3062 4285 atque
3092 4217 3359 4288 abjecerit
3396 4235 3496 4291 per

1911 4302 2366 4369 inobedientiam,
2398 4312 2580 4359 tamen
2608 4304 2665 4361 in
2682 4306 3001 4361 novissimis
3040 4309 3385 4377 temporibus
3408 4326 3495 4364 re-

1909 4396 2073 4467 cipiet
2094 4412 2243 4462 eum,
2279 4396 2618 4468 argumentis
2649 4396 2908 4451 Ecclesia
2939 4411 3223 4466 persuasa.
3251 4399 3321 4453 Et
3344 4402 3490 4470 quod

215 4494 462 4567 κλησίας
492 4496 993 4569 μυσταγωγουμένη
1024 4501 1248 4568 φωναῖς.
1275 4497 1387 4555 Καὶ
1414 4502 1497 4555 ὅτι
1529 4499 1604 4573 μὴ
1632 4501 1805 4573 ἀκερ-

1915 4482 2023 4546 non
2050 4489 2121 4544 sit
2146 4489 2355 4559 absque
2376 4487 2652 4551 mercede,
2678 4485 2774 4543 sed
2812 4503 3006 4559 magna
3046 4503 3174 4559 spes
3210 4491 3492 4560 proposita

212 4586 336 4651 δές,
378 4585 495 4639 ἀλλ’
522 4589 580 4639 ἐν
605 4586 867 4655 μεγάλαις
904 4587 1086 4643 ἐλπίσι
1109 4589 1172 4642 τὸ
1213 4590 1404 4661 χρῆμα
1435 4590 1575 4661 αὑτὴ
1618 4589 1806 4644 λοιπὸν

214 4676 695 4749 ἀναπεπεισμένη.
728 4678 838 4733 Θέα
863 4680 972 4751 γάρ
990 4681 1185 4751 ὄπωςή
1211 4678 1303 4734 τοῦ
1334 4679 1534 4753 Φαραὼ
1557 4681 1807 4751 θυγάτηρ

218 4769 461 4839 μισθοὺς
480 4770 846 4840 ἐπηγγέλλετο
870 4774 936 4845 τῇ
960 4771 1207 4835 Μωσέως
1229 4772 1421 4843 μητρὶ,
1450 4772 1804 4845 παιδοκομείν

215 4861 459 4933 ἑλομένῃ
491 4863 550 4916 τὸ
577 4862 636 4927 ἐξ
672 4864 860 4934 αὐτῆς.
890 4863 1101 4919 Οὐκοῦν
1130 4866 1164 4935 ἡ
1200 4865 1446 4929 Μωσέως
1472 4863 1687 4933 γένεσις
1710 4865 1805 4919 καὶ

213 4953 288 5006 τὰ
319 4951 415 5003 ἐπ’
436 4950 585 5022 αὑτῷ
604 4953 1046 5023 κατασημήνειεν
1078 4953 1145 5008 ἂν
1173 4955 1269 5009 καλ⁸
1305 4954 1453 5026 μάλα
1492 4954 1680 5024 σαφῶς
1696 4958 1811 5018 τοῖς

215 5043 522 5114 ἀρτίφροσι
549 5044 612 5099 τδ
643 5045 882 5115 Χριστοῦ
920 5047 1245 5118 μυστήριον,
1268 5047 1336 5101 δι’
1368 5042 1430 5102 οὑ
1468 5049 1564 5101 καὶ
1602 5047 1715 5119 μεθ’
1747 5040 1810 5102 οὗ

214 5135 299 5205 τῷ
333 5134 457 5206 Θεῷ
484 5137 581 5191 καὶ
620 5138 862 5210 Πατρὶή
907 5138 1034 5205 δόξα
1063 5141 1160 5194 σὺν
1205 5139 1346 5211 ἁγίῳ
1389 5139 1669 5211 Πνεύματι
1715 5139 1810 5195 νῦν

215 5228 322 5281 καὶ
346 5227 437 5281 ἀεὶ
472 5227 571 5283 καὶ
590 5229 672 5293 είς
690 5231 816 5295 τοὺς
841 5232 1181 5303 ἀπεράντους
1208 5232 1430 5297 αἰῶνας.
1466 5232 1660 5303 Ἀμήν.

692 5346 822 5400 Ἔτι
861 5346 998 5414 περὶ
1038 5344 1320 5412 Μωσέως.

292 5446 375 5509 ς’.
400 5439 516 5513 Τὴν
555 5439 803 5503 Μωσέως
832 5439 1048 5507 γένεσιν
1096 5434 1703 5508 πολυπραγμονοῦντες,
1734 5434 1810 5501 ὡς

216 5529 300 5584 ενι
335 5532 398 5585 τὸ
427 5529 664 5603 Χριστοῦ
694 5529 990 5601 μυστήριον
1026 5527 1395 5599 διεδείκνυμεν
1427 5527 1525 5599 τῆς
1551 5528 1659 5581 τῶν
1680 5545 1807 5599 νοη-

227 5625 415 5693 μάτων
453 5624 764 5694 ίσχνότητος
797 5620 1206 5692 διαγραφούσης
1242 5619 1404 5673 αὑτὸν
1447 5618 1810 5691 οἰκονομικῶς

1913 4580 1967 4637 ei
2004 4581 2096 4646 sit,
2121 4579 2499 4636 confirmatur.
2525 4578 2663 4635 Vide
2688 4580 2836 4636 enim
2860 4579 3141 4651 quomodo
3198 4579 3309 4636 filia
3348 4581 3491 4636 Pha-

1912 4672 2100 4728 raonis
2128 4670 2447 4744 promiserit
2467 4670 2627 4726 matri
2661 4669 2828 4728 Musis
2871 4672 3202 4739 mercedem,
3252 4682 3315 4729 ut
3356 4674 3491 4730 velit

1913 4777 2078 4833 quem
2130 4769 2418 4832 pepererat
2472 4761 2742 4818 enutrirc.
2799 4762 3168 4831 Quamobrem
3233 4763 3493 4821 nativitas

1914 4853 2078 4909 Hosis
2103 4863 2161 4908 et
2188 4869 2311 4924 qua:
2334 4854 2387 4909 ei
2416 4853 2739 4909 acciderunt
2771 4856 3074 4912 clarissime
3108 4856 3491 4926 significaram

1908 4944 2152 5001 cordatis
2171 4943 2379 5000 Christi
2411 4946 2758 5014 mysterium,
2787 4961 2887 5016 per
2913 4960 3077 5015 quem
3106 4955 3165 5001 et
3220 4960 3345 5002 cum
3375 4961 3488 5016 quo

1908 5037 1981 5092 sit
2003 5037 2115 5092 Deo
2145 5044 2203 5091 et
2249 5035 2398 5091 Patri
2438 5036 2610 5106 gloria
2634 5052 2759 5091 cum
2787 5044 2978 5093 sancto
3000 5037 3210 5106 Spiritu
3238 5053 3385 5093 nunc
3430 5052 3487 5093 et

1908 5145 2145 5201 semper,
2176 5139 2233 5185 et
2257 5124 2360 5199 per
2386 5128 2599 5187 infinita
2630 5131 2846 5187 saecula.
2866 5131 3057 5186 Amen.

2434 5347 2674 5422 Amplius
2707 5350 2770 5403 de
2794 5346 2955 5404 Μοεε.

1977 5439 2388 5498 6.Nativitatem
2405 5441 2607 5497 Christi
2626 5456 2727 5511 pro
2750 5441 2892 5496 virili
2914 5441 3487 5513 inquirentes,Christi

1906 5522 2226 5605 mysterium
2251 5532 2613 5596 omendimus,
2652 5531 2780 5603 quia
2804 5532 3078 5589 subtilitas
3101 5550 3295 5589 sensus
3320 5531 3487 5605 spiri-

1909 5623 2073 5678 tualis
2106 5621 2364 5678 describit
2399 5620 2581 5693 ipsum
2630 5631 2777 5678 certa
2811 5623 3020 5680 ratione
3048 5622 3101 5679 in
3151 5640 3324 5695 nuper
3355 5630 3487 5680 nato

287 5799 340 5832 ⁸⁸
359 5800 501 5859 Psal.
544 5803 654 5863 fit,
684 5801 765 5863 I7,
810 5799 890 5853 18.
970 5799 1010 5830 ³⁷
1042 5798 1181 5853 Psal.
1210 5796 1498 5881 vaut,22.
1580 5796 1620 5825 ³⁸
1653 5795 1823 5851 Exod.
1852 5808 1909 5862 ιι,
1946 5796 1996 5851 0.
