4022 6198
472 310 578 373 393

1501 314 1555 370 S.
1596 314 1870 371 CYRILLI
1908 316 2380 375 ALEXANDRINI
2419 316 2738 374 ARCHIEP.

3624 317 3729 373 £60

472 426 678 483 infante
728 434 955 497 propter
987 425 1212 483 deitatis
1243 427 1638 495 innocentiam,
1683 444 2058 499 summamque

2166 432 2222 485 ὲν
2250 431 2527 503 ἀρτιγενεϊ
2569 429 2764 502 νηπίῳ,
2801 429 2890 484 διά
2922 445 3003 483 τοι
3048 427 3147 501 τὴν
3179 425 3279 501 τῆς
3307 426 3563 501 θεότητος
3603 430 3740 485 ﬁxa-

468 518 876 589 simplieitatem
929 526 984 573 et
1031 518 1426 584 sinceritatem,
1467 528 1562 574 aut
1606 530 1753 576 certe
1796 535 1866 576 eo
1909 522 2055 591 quod

470 626 609 666 nova
638 619 890 665 creatura
928 610 1199 679 apparuit.
1225 608 1494 665 Caeterum
1521 627 1620 683 age
1672 627 1911 677 rursum,
1949 614 2057 668 alio

469 702 637 756 etiam
675 702 837 756 modo
869 701 1284 756 consideremus
1305 702 1715 759 Emmanuelem
1743 704 2054 776 ﬁguratum.

474 792 621 848 Finis
657 793 804 848 enim
834 788 968 863 legis
997 808 1061 848 ac
1083 795 1474 864 prophetarum
1510 795 1763 852 Christus
1786 800 1851 852 ³⁸⁹.
1908 818 1926 849 ι
1962 799 2036 854 Fa

469 895 616 938 etum
646 892 730 940 est
753 894 935 939 autem
959 885 1016 940 in
1044 885 1241 942 diebus
1264 886 1392 953 illis,
1424 904 1653 959 magnus
1682 888 1857 946 factus
1881 890 2059 946 Moses

469 975 639 1030 exivit
681 974 750 1029 ad
785 976 986 1032 fratres
1022 992 1153 1033 suos
1202 978 1389 1045 Israel,
1415 995 1649 1050 cumque
1690 982 2059 1045 intellexisset

469 1081 663 1121 eorum
687 1067 1061 1135 aﬁlictionem,
1088 1078 1145 1125 et
1174 1070 1404 1127 vidisset
1439 1072 1717 1127 hominem
1743 1072 2058 1145 [Egyptium

471 1159 870 1228 percutientem
916 1160 1210 1231 quemdam
1240 1178 1307 1217 ex
1364 1162 1629 1219 fratribus
1660 1165 1776 1219 suis
1812 1182 1878 1221 ex
1932 1166 2060 1221 ﬁiiis

470 1249 637 1305 lsrael
657 1291 672 1315 ,
704 1250 820 1321 ipse
855 1253 1205 1323 perlustratis
1235 1253 1479 1324 undique
1506 1256 1737 1327 singulis
1784 1273 1909 1315 cum
1957 1274 2057 1312 ne~

470 1341 675 1395 minem
698 1341 947 1408 vidisset,
966 1342 1167 1397 occidit
1187 1343 1522 1416 Egyptiam,
1547 1362 1712 1417 quem
1741 1357 1798 1402 et
1818 1349 1874 1402 in
1896 1348 2061 1404 sabu-

469 1433 523 1487 lo
571 1433 879 1489 abscondit.
925 1434 1193 1506 Egressus
1241 1446 1425 1492 autem
1467 1438 1556 1493 die
1599 1440 1861 1503 secundo,
1909 1439 2059 1497 videt

472 1523 611 1579 duos
631 1523 783 1579 viros
823 1524 1086 1581 Hebraaos
1109 1525 1372 1593 rixantes,
1403 1534 1459 1582 et
1488 1528 1623 1583 dicit
1660 1529 1883 1585 facienti
1912 1531 2055 1602 inju—

472 1614 609 1670 riam
638 1633 651 1668 :
675 1613 786 1670 Cur
811 1622 868 1671 tu
893 1618 1137 1686 percutis
1158 1618 1505 1688 proximum?
1540 1619 1636 1676 Ille
1666 1628 1853 1677 autem
1877 1622 2013 1676 dixit
2040 1640 2052 1675 :

467 1706 604 1774 Quis
639 1714 691 1761 te
719 1708 1005 1766 constituit
1035 1708 1344 1780 principem
1371 1719 1427 1764 et
1454 1711 1696 1781 judicem
1721 1728 1886 1783 super
1924 1714 2057 1770 nos?

2164 521 2309 585 κίαν,
2341 521 2436 574 καὶ
2467 520 2530 573 τὸ
2566 520 2912 590 ἁκάκουργον
2940 518 3241 583 παντελῶς.
3266 519 3363 572 καὶ⁹
3387 519 3449 572 τὸ
3476 520 3557 583 είς
3592 519 3741 574 ἅπαν

2166 611 2391 677 ἁπλοῦν,
2418 612 2584 683 ἤγουν
2608 612 2689 665 ὅτι
2716 610 2811 663 νέα
2846 609 3055 679 πέφηνε
3087 609 3282 673 κτίσις.
3325 609 3489 663 Ἀλλὰ
3513 611 3646 682 φέρε
3676 612 3742 683 δὴ

2165 704 2326 758 πάλιν
2352 704 2444 757 καὶ
2469 703 2591 757 καθ’
2624 703 2811 773 ἓτερον
2840 701 3039 773 τρόπον
3063 700 3498 773 καταθρήσωμεν
3516 704 3574 755 ὲν
3591 703 3742 773 αὐτῷ

2164 793 2255 847 τὸν
2298 792 2648 865 Ἐμμανουὴλ
2676 792 3073 864 μορφούμενον.
3110 791 3276 855 Τέλος
3304 793 3413 865 γὰρ
3446 793 3610 864 νόμου
3646 800 3742 849 καὶ

2165 888 2460 961 προφητῶν
2488 888 2516 940 6
2542 887 2796 959 Χριστός.
2844 904 2862 936 ι
2919 886 3169 955 Ἐγένετο
3209 884 3408 950 τοίνυν,
3458 886 3646 955 φησὶν,
3684 887 3741 939 ὲν

2165 983 2282 1042 ταῖς
2317 980 2551 1049 ἡμέραις
2579 982 2696 1042 ταῖς
2715 978 2938 1042 πολλαῖς
2964 977 3223 1040 ἐκείναις,
3258 978 3432 1048 μέγας
3453 979 3741 1048 γενόμενος

2164 1072 2369 1141 Μωσῆς
2394 1070 2582 1141 ἐξῆλθε
2625 1069 2763 1141 πρὸς
2787 1072 2911 1130 τοὺς
2950 1069 3212 1139 ἀδελφοὺς
3245 1068 3410 1122 αὑτοῦ
3438 1069 3565 1133 τοὺς
3592 1070 3744 1131 υἱοὺς

2176 1162 2430 1232 Ἰσραήλ·
2467 1162 2811 1232 κατανοήσας
2849 1160 2904 1213 δὲ
2938 1159 3031 1213 τὸν
3069 1160 3232 1214 πόνον
3263 1160 3466 1221 αὐτῶν,
3503 1162 3605 1231 ὁρᾷ
3648 1159 3742 1213 ἄν·

2166 1249 2383 1321 θρωπον
2421 1251 2717 1318 Αἰγύπτιον
2752 1250 3024 1305 τύπτοντα
3076 1250 3328 1321 Ἐϐραῖον
3357 1250 3465 1304 τῶν
3494 1249 3742 1319 ἀδελφῶν

2165 1340 2388 1395 ἑαυτοῦ’
2432 1342 2525 1394 καὶ
2553 1341 2802 1405 πατάξας
2842 1341 2933 1393 τὸν
2966 1322 3286 1408 Αίγύπτιον,
3323 1341 3739 1413 ἕκρυψεναὺτον

2165 1434 2225 1484 ὲν
2255 1434 2319 1502 τῇ
2367 1433 2556 1502 ἄμμῳ.
2611 1430 2875 1498 Ἐξελθὼν
2915 1431 2971 1486 δὲ
3004 1435 3072 1503 τῇ
3118 1433 3301 1505 ἡμέρᾳ
3344 1433 3593 1504 δευτέρᾳ,
3637 1435 3742 1505 ὁρᾷ

2163 1523 2259 1577 δύο
2293 1524 2490 1593 ἄνδρας
2530 1522 2817 1593 Ἐϐραίους
2848 1524 3422 1597 διαπληκτιζομένους,
3465 1526 3560 1579 καὶ
3591 1525 3739 1592 λέγει

2163 1613 2240 1683 τῷ
2275 1612 2582 1666 ἀδικοῦντι·
2620 1616 2772 1667 Διατί
2804 1615 2870 1668 σὺ
2892 1616 3119 1680 τύπτεις
3155 1617 3243 1670 τὸν
3276 1617 3537 1689 πλησίον;
3585 1618 3643 1671 Ὀ
3682 1619 3743 1671 δὲ

2166 1700 2309 1758 εἷπε*
2347 1705 2442 1767 Τίς
2471 1722 2532 1757 σε
2570 1707 2905 1776 κατέστησεν
2941 1708 3177 1779 ἄρχοντα
3224 1710 3319 1763 καὶ
3356 1711 3615 1782 δικαστὴν
3653 1714 3738 1779 ἐσθ’

472 1799 632 1870 253
655 1800 915 1870 Nunquid
940 1801 1195 1857 occidere
1222 1818 1309 1857 me
1341 1810 1400 1856 tu
1444 1804 1549 1869 vis,
1588 1805 2051 1875 quemadmodum

2161 1798 2334 1867 ἡμεῖςῖ
2371 1796 2437 1849 Ἣ
2463 1797 2671 1851 ἀνελεῖν
2692 1816 2759 1869 με
2786 1800 2848 1852 σὺ
2872 1799 3066 1864 θέλεις.
3089 1801 3146 1854 ὃν
3168 1803 3366 1873 τρόπον
3380 1803 3589 1865 ἀνεῖλες
3611 1802 3740 1873 χθὲς

469 1890 719 1947 occidisti
769 1890 889 1946 heri
929 1891 1281 1962 Egyptium?
1306 1893 1514 1949 Timuit
1548 1903 1729 1950 autem
1778 1895 1973 1961 Moses,
2002 1905 2057 1950 et

470 1982 547 2037 ait
580 2001 592 2036 :
619 1983 674 2039 Si
703 1970 781 2038 sic
812 1983 1165 2039 manifestum
1194 1984 1399 2039 factum
1421 1994 1506 2040 est
1529 1986 1759 2040 verbum
1782 1986 1926 2039 hoc?
1949 1986 2060 2041 Au—

469 2074 609 2129 divit
633 2082 815 2131 autem
858 2074 1071 2129 Pharao
1094 2074 1326 2129 verbum
1367 2075 1493 2139 hoc,
1516 2084 1572 2130 et
1604 2076 1887 2146 quaerebat
1907 2078 2057 2132 occi-

469 2166 600 2220 dere
625 2165 831 2221 Mosen.
854 2166 1102 2221 Recessit
1125 2175 1308 2221 autem
1330 2168 1507 2223 Moses
1527 2184 1559 2222 a
1584 2180 1879 2239 conspectu
1914 2170 2057 2225 Pha—

471 2259 674 2325 raonis,
699 2267 752 2314 et
796 2259 1070 2315 habitavit
1094 2259 1321 2315 interra
1372 2261 1607 2316 Madian.
1652 2261 1787 2317 Cum
1820 2263 2059 2319 venisset

470 2359 655 2407 autem
680 2351 735 2405 in
755 2360 898 2405 terra
914 2351 1153 2417 Madian,
1178 2351 1324 2407 sedit
1339 2353 1492 2423 juxta
1508 2360 1732 2423 puteum
1744 2392 1763 2423 ,ι
1783 2353 1851 2406 At
1875 2368 2058 2406 sacer--

468 2444 584 2499 doti
604 2443 817 2499 Madian
841 2452 1003 2500 erant
1024 2451 1232 2514 septem
1252 2443 1376 2500 ﬁlim
1407 2455 1695 2516 pascentes
1725 2461 1858 2500 oves
1886 2444 2059 2514 patris

465 2536 551 2594 sui
574 2535 786 2593 Jethro.
815 2534 954 2592 Cum
979 2535 1261 2593 venissent
1288 2545 1494 2602 autem,
1532 2536 2057 2607 hauriebantquoad

469 2630 836 2701 impleverunt
881 2631 1121 2695 canales,
1147 2637 1210 2684 ut
1234 2629 1573 2698 adaquarent
1613 2646 1744 2686 oves
1780 2630 1952 2701 patris
1972 2631 2056 2686 sui

466 2720 678 2775 Jethro.
724 2719 1191 2791 Supervenientes
1242 2731 1427 2778 autem
1481 2730 1733 2793 pastores
1777 2722 2058 2793 ejecerunt

467 2829 589 2879 eas;
638 2828 872 2884 surgens
915 2822 1099 2871 autem
1137 2814 1315 2870 Moses
1353 2815 1609 2872 liberavit
1649 2831 1763 2879 eas,
1793 2822 1849 2870 et
1871 2814 2057 2869 hausit

468 2917 666 2972 aquam
691 2902 823 2969 illis,
846 2910 903 2958 et
923 2903 1216 2975 adaquavit
1237 2919 1367 2960 oves
1402 2905 1640 2961 illarum.
1683 2905 1936 2962 Rcversa:
1955 2921 2054 2960 au-

469 2998 578 3046 tem
607 3000 736 3047 sunt
760 2992 826 3047 ad
873 2994 1081 3065 Baguel
1123 3003 1335 3065 patrem
1361 3011 1544 3050 suum.
1573 2996 1668 3051 Ille
1707 3004 1890 3052 autem
1919 2996 2057 3050 dixit

465 3083 582 3138 eis:
607 3082 787 3149 Quare
822 3082 1182 3140 festinavistis
1221 3085 1564 3141 adveniendo
1590 3085 1792 3164 hodie?
1815 3086 1922 3141 Illa:
1959 3102 2055 3140 au-

470 3183 579 3230 tem
609 3174 869 3230 dixerunt
895 3193 907 3228 :
936 3176 1113 3231 Homo
1151 3175 1440 3248 Egyptius
1468 3177 1722 3233 liberavit
1751 3193 1853 3233 nos
1877 3194 1907 3232 a
1958 3194 2060 3249 pa-

467 3264 733 3328 storibus,
771 3272 827 3318 et
850 3264 1033 3320 hausit
1061 3280 1259 3334 aquam
1291 3265 1473 3330 nobis,
1501 3273 1555 3320 et
1608 3266 1901 3337 adaquavit
1930 3284 2062 3323 oves

470 3362 707 3416 nostras.
741 3354 835 3409 llle
880 3364 1067 3409 autem
1113 3354 1254 3410 dixit
1287 3355 1503 3411 ﬁliabus
1529 3357 1645 3412 suis
1678 3376 1691 3412 :
1721 3358 1789 3412 Et
1815 3359 1911 3412 ubi
1945 3360 2062 3414 est?

468 3459 570 3497 cur
598 3443 679 3498 sic
702 3442 991 3499 dimisistis
1033 3444 1352 3500 hominem?
1393 3446 1595 3501 Vocate
1631 3446 1800 3517 igitur
1819 3463 1968 3514 eum,
2001 3457 2063 3504 ut

469 3532 723 3589 comedat
746 3548 963 3603 panem.
993 3533 1270 3589 Habitavit
1296 3541 1481 3589 autem
1515 3536 1693 3592 Moses
1708 3537 1854 3607 apud
1878 3538 2060 3593 homi-

471 3641 617 3690 nem,
642 3635 697 3680 et
733 3624 885 3679 dedit
926 3624 1230 3697 Sephoram
1262 3626 1427 3682 ﬁliam
1457 3643 1614 3683 suam
1654 3628 1786 3685 Mosi
1810 3645 2057 3685 uxorem.

472 3719 530 3774 In
555 3727 747 3773 ventre
791 3724 974 3771 autem
1023 3717 1233 3772 habens
1276 3717 1495 3784 mulier,
1538 3718 1753 3789 peperit
1783 3719 1976 3786 ﬁlium,
2005 3730 2065 3776 et

473 3809 686 3869 vocavit
727 3823 929 3863 nomen
957 3809 1076 3880 ejus
1128 3808 1379 3873 Gersam,
1420 3809 1811 3877 dicens:Quia
1850 3811 2062 3868 advena

471 3917 594 3958 sum
638 3900 693 3955 in
740 3908 889 3955 terra
942 3899 1116 3956 aliena
1153 3900 1220 3954 ‘°.
1267 3919 1286 3952 ι
1329 3900 1512 3982 Atque
1568 3902 1686 3958 haec
1725 3902 1949 3973 quidem
1991 3903 2060 3959 de

472 3992 637 4047 Mose.
669 3991 825 4049 Nune
861 3999 1046 4047 autem
1071 3992 1249 4047 oratio
1274 4000 1463 4047 nostra
1485 3992 1554 4047 ad
1596 4008 1818 4049 sensum
1853 3993 2060 4050 intimae

472 4082 931 4138 eonsiderationis
952 4097 1011 4138 se
1047 4091 1351 4155 convertet,
1376 4084 1625 4139 tribuens
1656 4084 1920 4140 nimirum
1969 4086 2059 4140 hi-

474 4172 658 4226 storiae
684 4170 830 4241 quod
871 4171 1105 4227 maxime
1129 4174 1179 4226 ei
1211 4176 1487 4241 convenit;
1513 4184 1569 4230 et
1588 4175 1719 4230 item
1741 4176 1889 4247 quod
1901 4177 2058 4233 vide-

472 4271 564 4317 tur
593 4277 750 4333 posse
779 4262 1050 4334 spirituali
1090 4264 1358 4320 inservire
1385 4267 1738 4337 expositioni,
1772 4269 1825 4324 id
1849 4269 2059 4327 scilicet

470 4352 541 4408 ad
562 4351 764 4408 Christi
793 4352 1107 4408 institutum
1131 4353 1395 4409 referens.

540 4658 592 4711 7.
613 4654 832 4710 Audisti
857 4654 1042 4723 itaque
1066 4652 1214 4722 quod
1237 4651 1416 4709 Moses
1441 4653 1793 4725 jamﬁadultus
1814 4655 2064 4711 exiverit

2165 1886 2254 1940 τὸν
2275 1887 2607 1955 Αίγύπτιονς
2640 1887 2910 1956 Ἐφοϐἠθη
2933 1889 2990 1941 δὲ
3011 1891 3235 1961 Μωσῆς,
3257 1891 3353 1944 καὶ
3375 1887 3549 1946 εἶπενο
3565 1892 3628 1944 Εἰ
3647 1892 3744 1945 οὗ·

2164 1995 2271 2040 τως
2295 1978 2536 2048 ἐμφανὲς
2555 1978 2745 2047 γέγονε
2762 1981 2823 2033 τὸ
2845 1981 2911 2050 ρῆ
2919 1998 2995 2049 μα
3016 1981 3443 2049 τοῦτοςἮκουσε
3466 1983 3521 2037 δὲ
3541 1982 3743 2055 Φαραὼ

2163 2070 2223 2123 τὸ
2248 2071 2402 2141 ῥῆμα
2435 2071 2613 2137 τοῦτο,
2647 2074 2740 2126 καὶ
2775 2073 2954 2145 ἐζήτει
2984 2073 3192 2128 ἀνελεῖν
3238 2074 3329 2128 τὸν
3367 2077 3592 2145 Μωοῆν.
3621 2074 3745 2130 Ἀν-

2165 2164 2411 2234 εχώρησε
2439 2163 2493 2216 δὲ
2516 2165 2721 2235 Μωσῆς
2763 2166 2871 2219 ἀπὸ
2902 2165 3195 2237 προσώπου
3231 2167 3451 2239 Φαραὼ,
3487 2169 3577 2221 καὶ
3606 2187 3744 2222 κατ-

2163 2254 2379 2326 ᾠκησεν
2407 2257 2464 2309 ἐν
2494 2260 2563 2326 γῇ
2587 2257 2834 2328 Μαδιάμ.
2864 2256 3065 2311 Ἐλθὼν
3094 2258 3150 2311 δὲ
3189 2260 3245 2313 ὲν
3274 2261 3343 2329 τῇ
3383 2261 3452 2330 γῇ
3492 2259 3741 2327 Μαδιὰμ.

2164 2346 2415 2400 ἐκάθισεν
2447 2348 2539 2401 ἐπὶ
2570 2349 2663 2402 τοῦ
2696 2349 2950 2420 φρέατος.
2980 2349 3071 2420 Τῷ
3101 2349 3159 2403 δὲ
3184 2351 3322 2419 ἱερεῖ
3344 2350 3570 2421 Μαδιὰμ
3597 2346 3744 2423 ἦσαν

2165 2438 2304 2491 ἑπτὰ
2327 2437 2625 2510 θυγατέρες
2650 2440 3037 2511 ποιμαίνουσαι
3054 2441 3119 2496 τὰ
3144 2442 3394 2513 πρόϐατα
3412 2442 3505 2495 τοῦ
3537 2444 3743 2515 πατρὶς

2163 2528 2344 2583 αὐτῶν
2379 2530 2568 2602 Ἰοθόρ.
2603 2532 3057 2605 Παραγενόμεναι
3082 2534 3137 2587 δὲ
3168 2533 3414 2605 ἤντλουν,
3445 2534 3548 2597 ἕως
3581 2535 3747 2603 ἔπλη-

2166 2640 2267 2675 σαν
2295 2622 2390 2686 τᾶς
2420 2622 2739 2695 δεξαμενὰς,
2784 2626 3001 2680 ποτίσαι
3030 2627 3097 2681 τὰ
3124 2627 3375 2698 πρόϐατα
3414 2626 3506 2680 τοῦ
3535 2628 3744 2697 πατρὸς

2162 2714 2343 2768 αὐτῶν
2373 2717 2563 2789 Ἰοθόρ.
2585 2718 3028 2789 Παραγενόμενοι
3049 2719 3106 2773 δὲ
3130 2720 3179 2773 οἱ
3203 2720 3461 2789 ποιμένες
3488 2717 3743 2783 ἐξέϐαλον

2163 2807 2331 2873 αὐτὰς
2351 2825 2364 2838 ·
2390 2809 2632 2873 ἀναστὰς
2660 2809 2714 2862 δὲ
2760 2811 2964 2882 Μωσῆς
2995 2811 3267 2883 ἐρρύσατο
3299 2810 3492 2876 αὑτὰς,
3528 2812 3622 2866 καὶ
3643 2812 3746 2882 ἣν-

2161 2899 2360 2970 τλησεν
2389 2902 2601 2966 αὐταῖς,
2628 2903 2725 2955 καὶ
2753 2903 2971 2956 ἐπότισε
2993 2903 3063 2957 τὰ
3095 2903 3344 2974 πρόϐατα
3374 2904 3574 2958 αὐτῶν.
3594 2905 3747 2975 Παρι-

2162 2989 2410 3056 εγένοντο
2442 2989 2496 3044 δὲ
2524 2990 2660 3061 πρὸς
2701 2991 2969 3063 Ῥαγουὴ).
2990 2992 3082 3045 τὸν
3115 2994 3323 3065 πατέρα
3349 2994 3547 3050 αὐτῶν.
3593 2994 3649 3047 Ὀ
3681 2995 3742 3048 δὲ

2162 3076 2314 3134 εἶπεν
2359 3082 2580 3146 αὐταῖς·
2614 3082 2679 3135 Τί
2729 3084 2812 3136 ὅτι
2865 3082 3163 3154 ἐταχύνατε
3202 3084 3297 3137 τοῦ
3332 3085 3742 3155 παραγενέσθαι

2087 3160 2129 3216 C
2163 3172 2435 3244 σήμερον;
2468 3174 2531 3226 Αἱ
2557 3174 2613 3227 δὲ
2646 3169 2803 3228 εἷπον
2824 3191 2837 3206 ’
2882 3175 3203 3248 ’Ἄνθρωπος
3244 3176 3541 3244 Αἰγύπτιος
3573 3178 3740 3250 app:-

2160 3280 2294 3316 σατο
2325 3265 2472 3335 ἡμᾶς
2496 3265 2560 3318 ἐκ
2582 3264 2690 3318 τῶν
2718 3265 3012 3337 ποιμένων,
3044 3267 3138 3321 καὶ¹
3170 3267 3433 3339 ἤντλησεν
3458 3269 3609 3338 ἡμῖν,
3639 3269 3741 3321 καὶ

2158 3354 2375 3409 ὲπότισε
2404 3356 2472 3409 τὰ
2495 3356 2743 3427 πρόϐατα
2774 3359 2807 3428 ἡ
2818 3356 2955 3426 μῶν.
2992 3359 3048 3412 Ὀ
3076 3358 3132 3411 δὲ
3166 3352 3287 3411 εἶπε
3311 3361 3434 3423 ταῖς
3460 3358 3743 3430 θυγατρά-

2160 3463 2246 3499 σιν
2275 3446 2440 3500 αὐτοῦ
2463 3464 2475 3476 '
2507 3447 2620 3501 Καὶ
2657 3448 2759 3500 ποῦ
2799 3450 2949 3515 East;
2980 3451 3074 3503 καὶ
3102 3450 3190 3503 ἵνα
3224 3450 3277 3502 τί
3298 3449 3471 3514 οὕτως
3502 3450 3741 3503 καταλε-

2158 3538 2380 3593 λοίπατε
2414 3541 2503 3593 τὸν
2539 3540 2862 3610 ἄνθρωπον;
2909 3542 3193 3598 Καλέσατε
3238 3538 3333 3597 οὖν
3368 3543 3531 3597 αὑτὸν
3583 3545 3739 3607 ὅπως

2158 3630 2306 3701 φάγῃ
2333 3631 2515 3702 ἄρτον.
2536 3633 2867 3706 Κατῳκίσθη
2892 3633 2949 3687 δὲ
2966 3634 3174 3705 Μωσῆς
3186 3634 3332 3707 παρά
3345 3634 3424 3705 τῷ
3438 3634 3535 3688 ἀνθ
3543 3634 3741 3706 ρώπῳ,

2157 3721 2251 3775 καὶ
2286 3722 2493 3789 ἐξέδοτο
2539 3724 2844 3795 Σεπφωράν
2881 3727 2980 3796 τὴν
3033 3724 3309 3798 θυγατέρα
3351 3726 3514 3780 αὑτοῦ
3561 3728 3741 3798 Mucii

2156 3818 2412 3882 γυναῖκα.
2468 3816 2558 3870 Ἐν
2600 3817 2803 3888 γαστρὶ
2834 3817 2889 3871 δὲ
2929 3816 3273 3873 συλλαϐοῦσα
3314 3819 3347 3888 ἠ
3386 3817 3523 3889 γυνὴ
3550 3817 3746 3872 ἔτεκεν

2155 3907 2289 3969 υίὺν.
2319 3908 2415 3961 καὶ
2444 3909 2769 3980 ἐπωνόμασε
2792 3911 2996 3980 Μωσῆς
3012 3909 3070 3964 τὸ
3092 3911 3265 3982 ὄνομα
3293 3910 3459 3965 αὑτοῦ
3480 3911 3741 3982 Γψσὰμ,

2153 3998 2350 4068 λέγων,
2381 4000 2462 4052 ὅτι
2487 4000 2757 4071 Πάροικός
2787 4003 2901 4072 εἰμι
2925 4003 2982 4056 ἐν
3021 4005 3092 4074 γῇ
3112 4002 3386 4074 ἀλλοτρία.
3419 4019 3438 4054 ι
3478 3994 3605 4054 *Ωδε
3636 4001 3741 4072 μὲν

2154 4085 2247 4144 οὖν
2276 4090 2344 4144 τὰ
2392 4092 2657 4155 Μωσέως.
2704 4092 2949 4167 Θεωρίας
2978 4092 3035 4146 δὲ
3059 4094 3160 4164 τῆς
3186 4093 3444 4148 ἐσωτάτω
3481 4092 3740 4164 συνθήσει

2157 4182 2320 4236 πάλιν
2365 4185 2496 4255 ἡμῖν
2518 4186 2546 4238 6
2568 4184 2743 4253 λόγος,
2772 4186 3138 4257 ἀπονέμοντες
3167 4188 3232 4257 τῇ
3266 4185 3477 4257 ἱστορίᾳ
3513 4186 3593 4239 ὅτι
3631 4185 3741 4254 μά-

2155 4273 2312 4330 λιστα
2342 4277 2403 4329 τὸ
2430 4277 2641 4346 πρέπον
2681 4278 2851 4351 αὐτῇ·
2883 4279 2944 4332 τὸ
2989 4278 3047 4332 δὲ
3084 4279 3208 4333 ὅσον
3246 4279 3312 4334 ἂν
3348 4280 3591 4348 φαίνοιτο
3613 4282 3739 4342 ταῖς

2155 4372 2554 4436 πνευματικαῖς
2587 4360 2932 4441 ἀφηγήσεσιν
2969 4371 3266 4443 ὑπηρετεῖν
3297 4366 3357 4425 εὖ
3402 4370 3550 4440 μάλα
3580 4370 3742 4424 δυνά-

2163 4478 2354 4529 μενον,
2400 4460 2559 4514 τοῦτο
2608 4464 2959 4534 περιτρέπων.
3004 4465 3085 4526 είς
3124 4462 3439 4533 οἰκονομίαν
3488 4462 3590 4531 τὴν
3641 4462 3740 4514 ἐπὶ

2158 4553 2402 4624 Χριστῷ.

2231 4642 2297 4710 ζ’.
2347 4644 2607 4699 Διεπύθου
2662 4645 2719 4701 δὲ
2767 4647 2849 4700 ὅτι
2904 4646 3078 4718 μέγας
3131 4644 3420 4716 γενόμενος
3496 4643 3739 4714 Μωσῆς.

466 4748 537 4803 ad
562 4747 761 4801 fratres
787 4760 936 4801 suos.
971 4743 1151 4799 Verus
1174 4743 1451 4814 siquidem
1482 4753 1568 4801 est
1602 4745 1824 4802 divinus
1850 4746 2054 4803 Paulus

2161 4735 2347 4808 ἐξῆλθε
2371 4735 2506 4807 πρὸς
2535 4736 2657 4801 τοὺς
2680 4737 2940 4807 ἀδελφοὺς
2958 4736 3141 4793 αὐτοῦ.
3170 4738 3281 4791 Καὶ
3302 4736 3411 4807 γάρ
3435 4737 3583 4788 ἐστιν
3602 4734 3746 4806 ἁληο

468 4842 544 4895 ita
569 4838 852 4895 scribens:
887 4856 905 4889 ι
935 4836 1169 4905 Quando
1202 4845 1386 4892 autem
1414 4838 1567 4894 venit
1593 4838 1879 4908 plenitudo
1910 4847 2053 4894 tem-

466 4931 639 5002 poris,
677 4930 831 4987 misit
865 4930 1012 4986 Deus
1034 4929 1235 4985 Filium
1264 4945 1445 4995 suum,
1479 4939 1668 4985 natum
1701 4945 1767 4985 ex
1797 4930 2051 4997 muliere,

468 5022 671 5076 factum
695 5021 798 5076 sub
819 5021 938 5091 lege
968 5020 1034 5074 δι.
1067 5038 1086 5071 ι
1115 5019 1251 5086 Quis
1283 5020 1450 5091 igitur
1492 5020 1779 5076 commode
1822 5021 2052 5093 intelligi

467 5110 667 5166 debeat
687 5111 885 5166 modus
911 5110 1074 5181 hujus
1103 5109 1171 5166 ad
1211 5124 1313 5166 nos
1336 5110 1613 5166 missionis
1635 5110 1727 5166 hic
1748 5111 2050 5181 patefactae,

467 5207 563 5253 aut
596 5199 728 5270 quid
753 5199 825 5254 sit
852 5200 997 5269 quod
1040 5215 1166 5255 eum
1202 5214 1482 5268 egressum
1505 5214 1627 5254 esse
1661 5199 1928 5264 dicamus,
1952 5216 2052 5256 ne-

467 5290 769 5346 cessarium
785 5290 894 5344 erit
921 5290 1211 5360 dispicere.
1235 5289 1314 5344 An
1346 5303 1458 5344 non
1483 5289 1724 5344 Verbum
1753 5291 1847 5346 Dei
1876 5291 2052 5347 Patris

468 5381 522 5436 in
544 5397 611 5436 eo
632 5380 778 5452 quod
793 5381 935 5437 sicut
956 5380 1189 5446 uos,hoc
1207 5390 1292 5435 est
1306 5379 1675 5444 homo,faetus
1689 5390 1792 5446 est,
1811 5381 2051 5452 quodam

470 5470 634 5525 modo
658 5470 726 5525 de
752 5485 811 5526 se
849 5484 1129 5541 egressum
1169 5484 1290 5524 esse
1312 5468 1699 5535 concedemus,
1724 5480 1780 5525 et
1804 5485 1836 5523 a
1867 5466 2052 5526 divina

468 5559 643 5628 gloria
664 5561 819 5630 quasi
867 5558 1194 5616 recessisse?
1228 5560 1503 5632 siquidem
1546 5560 1679 5615 illud
1731 5577 1923 5616 verum
1967 5573 2053 5618 est

538 5736 585 5771 ³⁸
620 5736 856 5802 Rom.x,
895 5736 949 5791 4.
1025 5736 1069 5769 ⁸ο
1102 5736 1275 5791 Exod.
1303 5752 1362 5802 ιι,
1418 5737 1597 5791 11-22.
1678 5740 1720 5770 “
1758 5737 1937 5794 Galat.
1980 5754 2055 5806 IV,
2091 5740 2141 5795 4.

2157 4826 2254 4899 θὴς
2282 4827 2312 4879 6
2353 4828 2638 4892 θεσπέσιος
2667 4830 2893 4898 γράφων
2929 4828 3138 4894 Παῦλος
3157 4845 3173 4861 ·
3202 4848 3222 4881 ε
3259 4828 3389 4882 Ὅτε
3429 4827 3486 4881 δὲ
3514 4823 3648 4899 ἦλθε
3679 4828 3745 4880 τὸ

2158 4919 2432 4991 πλήρωμα
2463 4918 2557 4974 τοῦ
2587 4920 2779 4991 χρόνου
2800 4960 2814 4985 ,
2847 4920 3226 4989 ἐξαπέστειλεν
3257 4922 3286 4975 6
3314 4919 3447 4982 Θεὸς
3479 4922 3574 4973 τὸν
3611 4917 3745 4971 Υὶὸν

2159 5011 2323 5065 αὐτοῦ
2349 5012 2635 5083 γενόμενον
2655 5013 2718 5066 ἐκ
2740 5014 2997 5083 γυναικὸς
3016 5053 3031 5076 ,
3052 5015 3343 5083 γενόμενον
3367 5010 3473 5066 ὑπὸ
3489 5010 3674 5081 νόμον.
3717 5029 3738 5060 ι

2160 5103 2257 5167 Τίς
2287 5103 2353 5175 δὴ
2392 5100 2488 5158 οὗν
2514 5104 2622 5175 ἄρα
2654 5107 2812 5159 νοοῖτ’
2844 5105 2909 5160 ἂν
2951 5106 3177 5169 εἰκότως
3204 5106 3302 5176 τῆς
3332 5103 3520 5157 ἐνθάδε
3549 5100 3761 5170 δηλοψ.

2162 5198 2331 5269 μένης
2367 5197 2670 5270 ἀποστολῆς
2695 5200 2724 5253 ό
2749 5198 2979 5270 τρόπος,
3006 5197 3039 5268 ἢ
3066 5197 3120 5250 τί
3144 5196 3203 5250 τὸ
3235 5193 3596 5265 ἐκϐεϐηκέναι
3629 5192 3743 5262 φή-

2160 5305 2324 5360 σομεν
2343 5328 2359 5353 ,
2388 5287 2622 5343 κατιδεῖν
2652 5290 2967 5357 ἀναγκαῖον.
2999 5288 3070 5341 Ἣ
3099 5286 3209 5359 γὰρ
3235 5286 3358 5355 οὐχὶ
3383 5284 3475 5337 τὸν
3507 5284 3575 5335 ὲκ
3600 5280 3744 5333 Θεοῦ

2157 5380 2366 5451 Πατρὸς
2409 5379 2580 5449 Λόγον
2626 5381 2684 5433 ὲν
2730 5382 2842 5445 τοῖς
2881 5378 3004 5434 καθ’
3045 5379 3195 5450 ἡμᾶς
3236 5375 3527 5446 γεγονότα,
3583 5388 3767 5424 τουτ-.

2156 5471 2303 5525 ἐστιν
2327 5470 2633 5545 ἄνθρωπον,
2652 5472 2933 5543 μονονουχὶ
2964 5472 3056 5526 καὶ
3082 5467 3441 5540 ἐκϐεϐηκέναι
3468 5462 3742 5533 δώσομεν»

2157 5561 2262 5628 ἔξω
2289 5579 2348 5617 τε
2389 5563 2638 5632 γενέσθαι
2676 5563 2774 5634 τῆς
2810 5559 3148 5637 θεοπρεποῦς
3179 5557 3414 5632 ἐροῦμεν
3453 5554 3742 5642 εὐκλείας.
