4022 6198
262 243 359 299 ΜΗ

254 447 499 517 καθῆκεν
538 444 733 499 ἑαυτὸν
780 446 861 511 είς
899 446 1150 502 κένωσιν.
1191 447 1301 501 Καὶ
1342 447 1472 517 γοῦν
1522 450 1837 519 ἐκπεπερα-

257 538 462 609 σμένης
487 536 589 609 ἥδη
609 537 710 607 τῆς
736 537 1067 607 οίκονομίας,
1096 540 1184 593 ὅτε
1215 539 1309 591 καὶ
1332 539 1627 610 ἀναφοιτᾷν
1643 537 1834 609 ἔμελλε

252 614 393 699 πρὸς
414 629 508 682 τὸν
534 627 752 699 Πατέρα
778 627 1146 699 συνεδρεύσων
1179 629 1327 700 αὐτῷ
1347 670 1361 693 ,
1390 630 1485 683 καὶ
1513 628 1618 682 τῶν
1662 629 1834 697 ὑπερ-

252 721 434 773 τάτων
456 719 855 790 ἐπιθησόμενος
884 718 1096 774 θὼκων·
1131 740 1148 773 ι
1183 721 1365 791 Πάτερ
1384 762 1397 780 .
1427 719 1587 788 φησὶ,
1618 717 1837 783 δόξασόν

254 830 325 882 με
346 797 433 883 ⁶τῇ
471 812 596 882 δόξη
629 805 665 885 ᾗ
693 807 838 882 εἶχον
881 812 987 883 πρὸ
1021 812 1115 866 τοῦ
1147 813 1237 866 τὸν
1269 813 1474 883 κόσμον
1515 811 1655 867 εἶναι
1688 811 1836 882 παρὰ

256 906 360 960 σοί.
417 923 435 955 ι
477 906 536 957 Ὀ
562 904 620 957 δὲ
648 904 879 977 οὐρανοῦ
916 905 1008 958 καὶ
1030 905 1134 976 γῆς
1163 906 1367 976 Κύριος
1394 907 1470 969 ὡς
1504 905 1633 969 Θεὸς
1664 906 1838 974 ἀνημ-

256 996 422 1066 μένος
452 995 725 1060 οὗσιωδῶς
767 995 877 1048 τῶν
916 995 1053 1049 ὅλων
1094 996 1156 1049 τὸ
1199 997 1428 1068 κράτος,
1460 997 1558 1049 οὐκ
1597 996 1665 1050 ἂν
1696 995 1835 1062 ἐξοί-

254 1084 409 1154 χοιτό
440 1100 557 1148 πως
583 1082 838 1137 τῶν-καθ’
861 1085 1051 1137 ἑαυτὸν
1073 1086 1131 1139 ὲν
1155 1088 1222 1155 τῇ
1246 1086 1434 1140 δούλου
1460 1089 1639 1159 μορφῇ
1676 1103 1838 1156 γεγον-

250 1173 385 1237 νὼς·
413 1176 442 1228 ό
477 1174 535 1229 δὲ
567 1176 625 1229 έν
648 1169 694 1244 ᾧ
724 1175 927 1246 ζῶμεν,
960 1177 1054 1230 καὶ
1079 1175 1394 1248 κινούμεθα,
1430 1179 1527 1232 καὶ
1551 1180 1749 1247 ἐσμὲν,
1788 1180 1837 1231 εί

253 1265 381 1336 μεθ’
421 1266 582 1338 ἡμῶν
606 1267 780 1339 ὁρῷτο
820 1266 1026 1338 γυμνὸς
1068 1267 1162 1321 καὶ
1205 1269 1263 1321 ὲν
1307 1270 1615 1341 μνήμασιν,
1665 1271 1714 1322 εἰ
1747 1270 1839 1323 καὶ

250 1357 460 1410 ἀνεϐίω
482 1357 643 1411 πάλιν
669 1358 747 1422 ὡς
770 1357 918 1428 ζωὴ,
941 1358 1041 1412 οὑκ
1064 1358 1212 1429 αὖτῷ
1229 1360 1432 1424 δόξειεν
1456 1359 1561 1428 ἔξω
1584 1360 1838 1428 γενέσθαι

251 1448 433 1518 βραχὺ
467 1448 577 1500 τῶν
615 1448 695 1502 ὅτι
738 1449 974 1517 μάὶιστα
1004 1449 1320 1521 πρεπόντων
1349 1450 1516 1521 αὐτῷ.
1554 1446 1685 1504 Εἶτα
1718 1450 1838 1512 πῶς

250 1540 554 1593 ἐνδοιάσειέ
578 1556 696 1604 τις;
739 1539 1037 1612 Ἑκϐέϐηκε
1065 1541 1244 1594 τοίνυν
1267 1539 1403 1614 πρὸς
1424 1542 1550 1605 τοὺς
1577 1542 1838 1611 ἀδελφοὺς

250 1630 421 1684 αὑτοῦ
442 1675 456 1695 ,
487 1630 772 1693 τουτέστι,
813 1632 938 1694 τοὺς
964 1633 1112 1695 υἱοὺς
1152 1631 1390 1703 Ἰσραήλ.
1423 1631 1612 1685 Αὐτῶν
1637 1631 1746 1704 γὰρ
1779 1632 1836 1685 αί

1281 242 1804 301 GLAPHYRORUM
1843 246 1910 301 ιΝ
1947 242 2233 301 EXODUM
2289 244 2418 301 LIB.
2458 244 2500 298 Ι.

136 412 143 419 ,
256 358 404 427 sine!
451 354 601 408 ἐστὶν
628 352 856 424 ἀληθὲς,
879 355 960 408 ὅτι
986 354 1235 419 πλούσιος
1259 354 1334 409 ὢν
1365 355 1675 426 ὲπτὼχευσε
1694 395 1709 419 ,
1742 358 1835 411 καὶ

1946 354 2105 425 quod,
2153 370 2278 411 cum
2321 354 2478 411 dives
2509 353 2699 421 fuerit,
2727 367 2938 425 pauper
2968 352 3145 409 factus
3170 351 3239 406 sit
3265 352 3330 417 “,
3357 363 3413 409 et
3436 372 3526 410 sc-

3421 235 3522 294 403

1944 446 2126 517 ipsum
2142 447 2429 505 demiserit
2460 448 2516 503 in
2532 446 2975 503 'exinanitionem
2992 447 3056 500 ⁵³.
3073 445 3151 500 Ex
3169 459 3279 515 quo
3306 455 3361 501 et
3390 461 3525 501 con-

1942 549 2211 595 summata
2257 555 2355 595 sua
2401 539 2897 605 administratione,
2939 540 3053 610 jam
3091 553 3412 593 reversurus
3459 539 3524 593 ad

1944 630 2187 695 Patrem,
2206 632 2368 705 254
2389 642 2554 703 atque
2570 647 2888 688 assessurus
2912 631 2985 695 ei,
3013 639 3178 701 atque
3204 631 3342 686 adeo
3364 647 3528 701 super

1943 736 2135 778 omnes
2155 725 2384 779 thronos
2404 740 2732 780 ascensurus
2756 742 2768 778 :
2801 743 2819 775 ‹
2847 724 3025 787 Pater,
3054 722 3149 786 ait,
3176 722 3418 793 gloriﬁca
3441 738 3525 776 me

1942 811 2116 881 gloria
2155 829 2318 883 quam
2360 814 2550 881 habui,
2590 815 2911 885 priusquam
2949 814 3038 869 hic
3077 814 3312 869 mundus
3354 825 3522 879 esset,

1943 904 2087 972 apud
2133 914 2184 959 te
2210 904 2276 960 νδ.
2308 924 2328 957 ι
2372 906 2529 973 Quod
2567 917 2749 962 autem
2798 908 3059 962 Dominus
3086 907 3208 961 coeli
3237 922 3299 961 ac
3343 916 3522 970 terrm,

1944 1002 2131 1063 utpote
2157 996 2249 1064 qui
2278 996 2421 1050 Deus
2439 1000 2530 1059 sit,
2555 1006 2611 1052 et
2634 997 2992 1067 spiritualitcr
3011 996 3208 1050 habeat
3226 996 3523 1066 potentiam

1946 1086 2114 1142 totius
2151 1087 2415 1153 universi,
2449 1103 2557 1143 non
2603 1090 2774 1158 possit
2804 1104 2831 1141 a
2877 1088 3059 1159 seipso
3097 1087 3404 1149 discedere,
3460 1102 3526 1139 co

1942 1178 2091 1247 quod
2113 1178 2342 1234 formam
2376 1181 2521 1236 servi
2550 1181 2822 1251 acceperit
2847 1198 2859 1237 :
2888 1180 2980 1234 ille
3003 1193 3135 1232 vero
3173 1179 3227 1231 in
3252 1194 3362 1247 quo
3386 1177 3525 1230 vivi-

1944 1282 2086 1334 mus,
2120 1284 2405 1325 movemur
2426 1277 2483 1326 et
2510 1286 2701 1326 sumus
2726 1270 2793 1335 *‘,
2821 1270 2940 1326 etsi
2964 1269 3250 1324 nobiscum
3275 1267 3527 1323 videatur

1944 1365 2215 1422 mortuus,
2233 1366 2290 1413 et
2311 1359 2367 1413 in
2383 1360 2754 1415 monumentis
2772 1360 2959 1423 fuisse,
2981 1359 3221 1428 itemque
3244 1358 3523 1421 revixisse,

1946 1456 2009 1502 ut
2031 1448 2124 1518 qui
2159 1449 2230 1504 sit
2256 1465 2355 1520 per
2377 1465 2436 1506 se
2458 1449 2591 1516 vita,
2613 1459 2797 1506 tamen
2824 1465 2889 1506 ne
2921 1451 3192 1505 tantillum
3212 1450 3434 1519 quidem
3457 1449 3526 1504 ab

1945 1540 2159 1610 iisquae
2198 1541 2301 1611 ipsi
2336 1543 2859 1599 convenientissima
2904 1550 3051 1608 sunt,
3095 1544 3375 1613 sejunctus
3401 1542 3523 1596 fuit.

1944 1629 2078 1698 Quis
2113 1631 2260 1687 enim
2293 1631 2667 1689 dubitaverit?
2702 1633 2969 1705 Egressus
2997 1641 3081 1688 cst
3117 1634 3284 1704 igitur
3317 1632 3384 1687 ad
3415 1633 3527 1689 fra-

252 1721 611 1791 ὲπαγγελίαι,
636 1721 815 1775 αὐτῶν
837 1723 888 1775 οἱ
914 1722 1145 1794 πατέρες
1161 1762 1175 1785 ,
1206 1722 1341 1794 πρὸς
1366 1721 1458 1786 οὓς
1480 1722 1547 1777 τὰ
1573 1724 1841 1795 ἐπηγγελ-

1946 1731 2055 1777 tres
2083 1738 2233 1788 suos,
2276 1724 2379 1779 hoc
2416 1735 2521 1791 est,
2561 1725 2630 1780 ad
2671 1724 2813 1780 ﬁlios
2855 1725 3047 1780 ISrael.
3085 1725 3333 1796 Ipsorum
3379 1724 3525 1783 enim

256 1815 416 1885 μένα.
462 1813 757 1883 Τοιγάρτοι
789 1813 1046 1884 ἔφασκεν
1097 1833 1114 1866 ι
1168 1813 1284 1869 Οὐκ
1314 1812 1626 1885 ἀπεστάλην
1671 1816 1720 1868 εί
1762 1816 1837 1886 μὴ

252 1907 333 1968 είς
356 1904 428 1958 τὰ
454 1905 706 1976 πρόϐατα
731 1904 1142 1959 τὰκάπολωλότα
1167 1905 1320 1961 οἴκου
1354 1905 1587 1977 Ἰσραήλ.
1622 1925 1642 1957 ι
1681 1906 1843 1961 Ἀλλᾶ

251 1998 435 2068 δεινὴν
462 1997 559 2051 καὶ
594 1997 873 2053 δύσοιστον
904 1997 1121 2068 ἀληθῶς
1161 1998 1528 2069 ὑπομένοντας
1556 1996 1654 2069 τὴν
1681 1998 1841 2051 πλεο-

256 2088 438 2157 νεξίαν
478 2089 768 2161 (ἐπεπήδα
791 2089 901 2162 γὰρ
925 2089 1074 2144 ὥσπε
1083 2108 1116 2162 ρ
1143 2089 1444 2162 συντρίϐων
1474 2092 1504 2143 ό
1530 2090 1839 2161 Σατανᾶς),

256 2179 583 2252 ἐλευθεροῦν
613 2180 911 2235 ἐσκέπτετο
929 2221 944 2246 ,
975 2183 1069 2236 καὶ
1098 2182 1260 2235 πόνου
1292 2181 1492 2245 παντὸς
1517 2181 1843 2250 ἀποφαίνειν

257 2271 738 2342 ἀπηλλαγμένους.
780 2271 1122 2337 ’Δπεκτονὼς
1151 2272 1207 2327 δὲ
1235 2273 1435 2344 τρόπον
1464 2273 1588 2326 τινὰ
1615 2272 1705 2326 τὸν
1737 2273 1843 2327 ὀιδι⁸

258 2365 369 2415 κεῖν
410 2363 726 2434 ᾑρημένον,
773 2364 1116 2436 κατέκρυψεν
1146 2367 1225 2429 εἰς
1256 2366 1393 2436 γῆν,
1437 2364 1747 2430 τουτέστιν,
1784 2367 1842 2421 έν

257 2455 365 2515 τοῖς
397 2452 745 2522 ὑποχθονίοις
764 2452 930 2507 ἐτίθει
963 2455 1158 2524 μέρεσι
1175 2494 1190 2520 ,
1216 2455 1554 2510 κατακλείων
1581 2457 1662 2520 είς
1686 2456 1842 2528 ᾅδην.

257 2542 427 2595 Τοῦτό
453 2543 541 2596 τοί
570 2560 712 2613 φημι
744 2544 803 2597 τι
833 2546 891 2598 ἑν
921 2545 1133 2619 ψάμμῳ
1159 2534 1422 2618 κρύπτειν
1451 2547 1724 2602 τεθνεῶτα
1751 2546 1845 2603 τὸν

255 2638 580 2705 Αίγύπτιον.
635 2641 758 2693 Ὀτι
801 2639 859 2693 δὲ
900 2639 970 2694 τὰ
997 2641 1105 2695 τῶν
1151 2642 1443 2714 δαιμονίων
1491 2643 1719 2715 θεομισῆ
1753 2645 1846 2699 καὶ

255 2728 550 2800 ἀκάθαρτα
584 2729 747 2802 στίφη
775 2733 844 2803 τῇ
887 2731 983 2787 τοῦ
1015 2734 1268 2805 Σωτῆρος
1299 2735 1456 2806 ἡμῶν
1501 2735 1731 2806 ἀρρήτῳ
1756 2735 1847 2789 δυ-

257 2820 419 2891 νάμει
450 2821 823 2893 συνηλαύνετο
851 2826 929 2889 είς
952 2825 1043 2879 τὸν
1068 2824 1201 2898 ᾅδην
1218 2866 1235 2892 ,
1263 2827 1648 2893 κατεδικάζετο
1673 2827 1730 2882 δὲ
1748 2827 1846 2899 τὴν

257 2912 495 2966 ἄϐυσσον
524 2915 695 2966 οἰκεῖν
713 2955 728 2978 ,
758 2915 1027 2985 ἀναμάθοι
1056 2934 1139 2982 τις
1168 2917 1234 2972 ἂν
1261 2918 1355 2977 καὶ
1385 2917 1530 2990 μάλα
1553 2918 1753 2992 ῥᾳδίως
1781 2920 1846 2974 lx

1940 1822 2069 1868 sunt
2087 1814 2496 1883 promissiones,
2527 1817 2773 1886 ipsorum
2802 1817 2932 1872 item
2958 1824 3142 1886 patres
3167 1817 3371 1885 quibus
3397 1831 3528 1885 pro—

1941 1906 2233 1961 missiones
2266 1906 2423 1963 facta:
2466 1915 2614 1964 sunt.
2664 1909 2820 1966 Unde
2855 1916 2911 1964 et
2946 1909 3063 1979 ipse
3111 1908 3300 1964 dixit:
3347 1926 3365 1959 ι
3407 1908 3528 1963 Non

1941 2011 2065 2052 sum
2089 1996 2292 2054 missus
2322 1999 2430 2054 nisi
2453 1999 2524 2054 ad
2551 2014 2682 2055 oves
2704 2000 2949 2070 perditas
2984 1999 3181 2055 domus
3202 2000 3369 2055 Israel
3400 2000 3445 2031 “
3504 2018 3522 2051 ›

1941 2088 2454 2155 Verumenimvero,
2493 2103 2621 2145 cum
2685 2091 2985 2160 reperisset
3037 2090 3332 2145 nonnullos
3380 2091 3530 2161 gravi

1941 2185 2106 2247 atque
2153 2178 2500 2234 intoleranda
2547 2180 2834 2251 tyrannide
2869 2195 3162 2251 oppressos
3211 2180 3543 2253 (insultabat-

1940 2268 2089 2323 enim
2119 2270 2200 2325 eis
2229 2271 2637 2341 praedabundus
2667 2271 2941 2341 Satanas),
2961 2273 3199 2328 liberare
3222 2272 3529 2337 contendit,

1941 2370 2106 2431 atque
2131 2362 2203 2418 ab
2239 2365 2389 2419 omni
2418 2363 2711 2420 amictione
2746 2364 3052 2420 vindicare.
3075 2364 3324 2436 Cumque
3355 2365 3533 2420 inter-

1942 2450 2163 2508 fecisset
2187 2453 2592 2524 quodammodo
2614 2471 2739 2511 eum
2763 2455 2859 2526 qui
2889 2471 2991 2511 nos
3012 2456 3213 2528 injuria
3240 2455 3531 2520 alliciebat,

1942 2544 2185 2600 occuluit
2216 2545 2271 2601 in
2296 2555 2464 2611 terra,
2508 2548 2613 2603 hoc
2636 2556 2741 2612 est,
2774 2547 2829 2602 in
2871 2548 3246 2604 subterraneis
3282 2548 3537 2618 partibus

1943 2636 2253 2702 constituit,
2289 2638 2626 2693 concludens
2653 2638 2711 2693 in
2752 2638 3051 2693 infernum.
3085 2639 3202 2694 Hoc
3224 2640 3374 2694 enim
3411 2652 3550 2694 esse.

1944 2743 2146 2787 censeo
2188 2738 2467 2785 mortuum
2495 2729 2809 2802 Egyptium
2844 2730 2901 2785 in
2945 2731 3139 2786 sabulo
3172 2729 3531 2785 abscondere.

1942 2817 2215 2875 Caterum
2236 2820 2386 2891 quod
2415 2821 2576 2877 turba
2607 2819 3005 2877 daemoniorum
3032 2819 3210 2876 invisa
3236 2819 3350 2875 Deo
3371 2825 3536 2890 atque

1944 2911 2249 2977 immunda,
2284 2909 2553 2966 inell‘abili
2603 2910 2907 2966 Salvatoris
2944 2912 3120 2967 nostri
3163 2910 3411 2982 potentia
3441 2909 3543 2965 de-

254 2999 364 3053 τῶν
391 3002 774 3071 εὐαγγελικῶν
802 3006 1264 3079 ἀναγνωσμάτων.
1304 3028 1324 3063 ι
1356 3010 1711 3084 Παρεκάλουν
1735 3010 1844 3085 γὰρ

1946 3009 2100 3058 trusa
2133 3002 2289 3058 sitin
2342 3002 2644 3067 infernum,
2671 3002 2920 3073 adeoque
2967 3003 3034 3061 ad
3086 3000 3452 3059 habitandum
3478 3000 3537 3057 in

252 3093 421 3144 αὑτὸν
438 3135 451 3153 ,
481 3062 652 3165 ξησὶν
668 3136 684 3161 ,
709 3099 757 3150 οἱ
780 3062 1069 3169 δαίμδνεςξ
1092 3062 1280 3174 μη

1946 3095 2142 3167 abysso
2168 3095 2552 3160 condemnata,
2566 3094 2727 3151 facile
2743 3062 2869 3164 quis
2883 3109 2949 3149 ex
2966 3093 3281 3165 evangeliea
3299 3093 3537 3150 lectione

250 3183 353 3254 τὴν
378 3184 626 3239 ἄϐυσσον
646 3187 918 3244 ἀπελθεῖν.
952 3209 972 3245 ι
1012 3191 1099 3256 Ὠς
1121 3192 1232 3265 γὰρ
1255 3193 1493 3266 πληθύος
1510 3196 1611 3267 ἤδη
1640 3194 1849 3267 πολλῆς

253 3279 822 3350 προαπεσταλμένης,
856 3283 906 3335 οι
944 3283 1383 3355 περιλειῃθέντες
1418 3286 1497 3342 ἔτι
1526 3288 1843 3359 προσιόντες

255 3366 612 3436 παρεκάλουν
636 3370 883 3424 ἀνεῖσθαι
906 3370 1043 3437 τέως
1067 3373 1252 3438 αὐτοῖς
1270 3375 1334 3428 τὸ
1351 3377 1462 3440 τοῖς
1479 3376 1687 3447 ἑτέροις
1713 3392 1845 3446 συγ-

254 3457 711 3529 κατακρίνεσθαι.
747 3460 867 3514 Ὅτι
916 3460 974 3515 δὲ
1019 3464 1377 3536 κατῃκίζοντο
1419 3465 1520 3535 τῆς
1568 3465 1648 3529 εἰς
1696 3465 1844 3536 ἡμᾶς

251 3550 546 3621 ὠμότητος
572 3552 1025 3625 εἰσπραττόμενοι
1054 3554 1242 3621 δίκας,
1274 3556 1586 3628 καταθεῷτό
1624 3574 1706 3621 τις
1742 3556 1843 3622 ἂν,

255 3644 304 3694 ei
342 3642 629 3710 βούλοιτο,
671 3646 764 3698 καὶ
796 3645 1063 3718 ἀμογητὶ,
1112 3648 1567 3720 ἀνακεκραγότων
1604 3649 1839 3703 άκούωψ

258 3751 281 3783 ι
324 3734 464 3796 Ἔα,
498 3735 553 3788 τί
598 3736 729 3805 ἡμῖν
772 3737 868 3789 καὶ
910 3737 1024 3803 σοι,
1084 3738 1256 3810 Ἰησοῦ
1284 3739 1610 3811 Ναζαρηνές
1641 3734 1845 3805 τΗλθιες

252 3818 364 3878 ὧδε
394 3825 503 3898 πρὸ
535 3826 733 3897 καιροῦ
779 3826 1067 3898 βασανίσαι
1110 3832 1288 3901 ημᾶςς
1330 3848 1349 3883 ι
1386 3830 1595 3885 Οὐκοῦν
1624 3831 1842 3903 ἐπειδή-

253 3932 369 3987 περ
395 3916 652 3972 ἐτεθέατο
688 3919 920 3989 Χριστὸς
952 3920 1238 3993 ἀφορήτως
1268 3921 1586 3992 ἐγκείμενον
1616 3924 1731 3985 τοῖς
1754 3922 1847 3976 ἐπὶ

250 4009 367 4076 γῆς
393 4007 487 4061 τὸν
523 4006 859 4087 Αἱχύπτιον,
889 4009 1235 4081 κατέκρυψεν
1264 4012 1426 4066 αὑτὸν
1451 4013 1531 4075 είς
1564 4011 1654 4066 τὸν
1687 4011 1844 4084 ᾅδην.

255 4096 439 4150 Τοῦτό
463 4115 549 4151 τοι
583 4099 749 4153 πάλιν
778 4100 856 4163 ὡς
886 4102 943 4154 ἐν
974 4105 1153 4165 σκιαῖς
1185 4103 1276 4157 καὶ
1300 4102 1490 4167 τύποις
1528 4103 1851 4158 ἀποτετέλε-

252 4207 361 4243 κεν
400 4190 641 4260 Ἰησοῦς,
686 4193 715 4242 ὁ
741 4191 1059 4256 διαϐιϐάσας
1092 4194 1183 4247 τὸν
1225 4193 1494 4268 Ἰορδάνην
1527 4197 1652 4261 τοὺς
1700 4197 1848 4259 υἱοὺς

265 4281 532 4352 Ἰσραὴλ,
577 4284 674 4335 καὶ
721 4287 1105 4358 στρατηγήσας
1140 4287 1273 4356 μετὰ
1308 4288 1532 4342 Μωσέα.
1571 4288 1848 4358 Κατέδησε

1944 3183 2226 3245 didicerit.
2264 3203 2283 3238 ι
2332 3184 2618 3256 Ηοεεώαιιι
2649 3183 2799 3240 enim
2823 3200 2973 3251 eum,
3003 3185 3203 3255 inquit,
3236 3183 3535 3251 daemones,

1942 3292 2014 3333 ne
2036 3277 2361 3348 praeciperet
2389 3278 2496 3333 sibi
2519 3286 2580 3332 ut
2605 3277 2662 3333 in
2693 3278 2952 3350 abyssum
2986 3275 3388 3333 descenderent
3411 3276 3477 3330 ".
3513 3295 3530 3328 ι

1941 3367 2080 3424 Nam
2109 3382 2236 3424 cum
2280 3384 2475 3441 magna
2513 3369 2812 3425 multitudo
2843 3371 2956 3441 jam
2984 3369 3230 3439 ingressa
3255 3376 3423 3433 esset,
3446 3367 3538 3422 isti

1944 3461 2041 3532 qui
2070 3460 2268 3532 reliqui
2315 3468 2475 3518 erant
2504 3462 2831 3518 accedentes
2882 3460 3149 3532 rogabant
3170 3474 3298 3516 eum
3329 3461 3542 3545 remitti

1945 3552 2100 3625 ipsis,
2131 3570 2204 3611 ne
2227 3569 2355 3610 cum
2410 3555 2535 3610 aliis
2573 3555 3099 3611 condemnarentur.
3145 3551 3305 3620 Quod
3352 3559 3540 3606 autem

1944 3646 2126 3717 puniti
2177 3647 2291 3702 sint
2319 3646 2666 3703 crudelitatis
2704 3661 2838 3711 sum,
2872 3660 2981 3716 qua
3014 3644 3280 3700 adversus
3308 3659 3410 3699 nos
3453 3644 3545 3709 usi.

1946 3744 2097 3803 sunt,
2135 3753 2328 3808 poenas
2358 3739 2596 3803 luentes,
2643 3738 2783 3794 citra
2814 3736 3096 3808 negotium
3125 3736 3220 3805 qui
3269 3736 3418 3790 volet
3445 3734 3539 3791 de-

1946 3829 2327 3901 prehenderit,
2350 3830 2579 3886 audiens
2594 3829 2897 3884 clamantes
2941 3846 2953 3881 :
2997 3846 3015 3877 ι
3049 3825 3202 3891 Sine,
3224 3825 3358 3896 quid
3378 3826 3541 3882 nobis

1946 3930 2004 3977 et
2039 3921 2161 3986 tibi,
2191 3922 2321 3978 Iesu
2349 3920 2668 3975 Nazarene?
2692 3916 2903 3975 Venisti
2931 3917 3041 3972 huc
3061 3924 3123 3972 ut
3168 3926 3294 3972 ante
3325 3925 3548 3987 tempus

1948 4029 2049 4069 nos
2066 4021 2323 4082 torqueas
2339 4009 2425 4065 ‘3?
2459 4031 2477 4062 ι
2512 4009 2649 4066 Cum
2668 4008 2833 4079 igitur
2858 4007 3112 4064 Christus
3130 4007 3360 4064 vidisset
3374 4008 3548 4063 istum

1946 4102 2259 4174 [Egyptium
2311 4116 2435 4157 esse
2496 4100 2792 4155 molestum
2858 4099 3198 4164 hominibus,
3253 4097 3543 4155 abscondit

1951 4194 2127 4265 ipsum
2153 4193 2207 4248 in
2254 4192 2552 4248 infernum.
2597 4191 2713 4248 Hoc
2754 4192 2937 4262 ipsum
2971 4193 3138 4247 etiam
3180 4198 3437 4261 tanquam
3483 4191 3541 4248 in

1951 4285 2162 4341 umbris
2190 4300 2255 4340 ac
2283 4284 2425 4356 typis
2458 4282 2815 4354 repraesentat
2851 4283 3038 4346 Josue,
3064 4281 3158 4352 qui
3200 4280 3339 4336 ﬁlios
3374 4281 3541 4337 Israel

246 4372 379 4443 γὰρ
408 4375 462 4425 ὲν
482 4373 726 4445 σπηλαίῳ
749 4375 875 4439 τοὺς
896 4375 1056 4430 πέντε
1077 4376 1184 4429 τῶν
1217 4378 1558 4449 Ἀμορραίων
1586 4379 1843 4448 βασιλεῖς,

1950 4392 2049 4446 per
2068 4376 2363 4432 Iordanem
2392 4374 2654 4439 traduxit,
2677 4382 2735 4430 et
2766 4373 2877 4428 dux
2898 4372 3028 4428 belli
3054 4371 3157 4426 fuit
3180 4379 3305 4440 post
3330 4370 3541 4427 Mosen.

249 4464 518 4530 πλαγίως
544 4468 677 4536 ἡμῖν
706 4465 800 4519 τοῦ
828 4466 1003 4520 τύπου
1042 4470 1537 4537 προαναφαίνοντος
1555 4511 1569 4535 ,
1608 4472 1689 4526 ὅτι
1712 4476 1850 4542 μετὰ

246 4556 366 4626 τὴν
416 4556 470 4608 ὲν
496 4556 646 4628 νόμῳ
678 4557 956 4612 πολιτείαν
986 4560 1324 4632 ἀναδειχθεὶς
1364 4559 1458 4633 ἐφ”
1484 4546 1630 4633 ἡμᾶς
1661 4564 1690 4615 ὁ
1718 4565 1850 4632 Ἑμ-

251 4647 519 4719 μανονὴλ
551 4648 839 4719 βασιλεὺς,
866 4651 993 4715 τοὺς
1018 4652 1128 4706 τῶν
1170 4653 1462 4725 δαιμονίων
1491 4654 1847 4727 ἐξάρχοντας,

245 4738 528 4811 καθάπερ
551 4741 608 4793 ἐν
660 4738 814 4809 βαθεῖ
845 4746 1249 4815 κατασφραγιεῖ
1282 4743 1529 4815 σπηλαίῳ
1572 4748 1683 4808 τοῖς
1714 4746 1851 4799 ὑπο-

248 4829 506 4903 χθονίοις
540 4837 752 4905 μυχοῖς.
787 4835 1158 4908 ’Δνῃρημένου
1187 4837 1252 4910 δὴ
1278 4835 1374 4893 οὖν
1403 4839 1498 4893 τοῦ
1529 4840 1852 4911 ἐγκειμένου

248 4925 364 4979 καὶ
398 4923 698 4988 Θλίϐοντος,
728 4928 796 4998 τῇ
821 4927 1007 4999 ἡμέρᾳ
1033 4930 1098 5002 τῇ
1130 4929 1358 5001 δευτέρᾳ
1378 4969 1393 4995 ,
1424 4931 1586 5002 φησι,
1615 4930 1710 4985 δύο
1738 4931 1854 4986 δια-

249 5013 727 5085 πληκτιζομένων
769 5016 1071 5089 Ἐϐραίων,
1124 5018 1428 5092 βραϐευτὴς
1464 5023 1544 5086 εις
1577 5022 1739 5092 μέσον
1769 5022 1858 5094 εἴη

247 5106 482 5174 Μωσῆς
501 5150 516 5169 ,
544 5108 639 5162 καὶ
665 5108 994 5180 διαλλακτὴς
1036 5112 1117 5176 εἰς
1154 5114 1377 5185 εἰρήνην
1408 5116 1518 5177 τοῖς
1560 5114 1859 5186 ἀφιλαλλήο

246 5199 378 5261 λως
429 5197 787 5271 διεστηκόσιν.
823 5200 919 5265 Είς
952 5202 1151 5275 ἔχθραν
1183 5204 1522 5277 ἐνεφαίνετο,
1573 5206 1743 5275 λέγων
1782 5205 1859 5277 τῷ

244 5288 709 5354 καταϐιάζεσθαι
755 5293 846 5347 τὸν
893 5295 1120 5366 ἀδελφὸν
1169 5295 1440 5352 ὲθέλοντι’
1479 5316 1498 5350 ι
1553 5298 1670 5353 Ἵνα
1700 5298 1753 5352 τί
1792 5298 1857 5352 σὺ

244 5384 502 5445 τὲπτεις
531 5382 622 5436 τὸν
654 5384 912 5455 πλησίον;
954 5386 1011 5441 '0
1038 5388 1094 5441 δὲ
1127 5389 1263 5461 πρὸς
1299 5389 1482 5446 αὐτόν·
1513 5390 1607 5454 Τίς
1638 5408 1696 5444 σε
1725 5407 1859 5443 κατ·

1953 4467 2086 4523 Nam
2122 4468 2214 4522 hic
2252 4468 2309 4522 in
2333 4466 2595 4537 spelunca
2617 4464 2861 4535 quinque
2895 4463 3340 4519 Amorrlueorum
3382 4478 3542 4533 reges

1957 4559 2162 4631 ligavit,
2201 4550 2659 4629 praesigniﬁcante
2699 4556 2964 4612 nimirum
2994 4555 3217 4626 oblique
3250 4554 3355 4611 hoc
3391 4563 3541 4626 typo,

1955 4652 2101 4723 quod
2126 4659 2251 4721 post
2300 4651 2470 4707 vitam
2510 4651 2567 4705 in
2597 4650 2716 4722 lege
2761 4648 3084 4705 Emmanuel
3123 4664 3218 4705 rex
3250 4659 3442 4707 noster
3472 4650 3545 4706 sit

1954 4744 2285 4808 declaratus,
2326 4742 2487 4825 2.55
2519 4742 2917 4798 dzemoniorum
2978 4741 3259 4812 principes
3284 4750 3543 4813 tanquam

1958 4852 2011 4889 .n
2034 4835 2305 4905 profunda
2322 4834 2577 4890 etabdita
2594 4834 2984 4904 obsignaturus
3010 4834 3272 4901 spelunca
3290 4834 3343 4887 in
3369 4847 3544 4903 pene-

1956 4924 2187 4978 tralibus
2248 4922 2646 4977 subterraneis.
2702 4920 2933 4995 Sublato
2978 4921 3145 4990 igitur
3188 4935 3257 4976 eo
3290 4920 3389 4989 qui
3441 4934 3559 4981 nos

1953 5014 2245 5086 aﬂligebat,
2282 5014 2509 5069 Postero
2551 5012 2663 5078 die,
2696 5012 2896 5082 inquit,
2933 5019 3079 5066 mota
3106 5011 3219 5065 rixa
3258 5010 3402 5066 inter
3432 5010 3543 5067 lle-

1954 5108 2153 5173 brrcos,
2178 5114 2463 5177 sequester
2491 5106 2548 5161 in
2579 5107 2823 5185 medium
2848 5103 3115 5176 processit
3144 5103 3321 5159 Moses
3333 5112 3389 5159 et
3407 5118 3559 5161 con-,
3668 5180 3671 5183 Α

1956 5201 2194 5265 ciliator,
2226 5207 2288 5254 ut
2319 5198 2530 5255 scilicet
2557 5198 2627 5254 ad
2649 5212 2840 5269 pacem
2867 5211 2964 5252 eos
2983 5195 3077 5266 qui
3103 5194 3377 5251 hostiliter
3400 5195 3547 5251 inter

1964 5309 2023 5349 se
2046 5291 2454 5347 contendebant
2481 5289 2788 5353 reduceret,
2832 5288 3022 5345 dicens
3050 5286 3101 5342 ei
3123 5288 3219 5357 qui
3240 5286 3397 5342 fratri
3432 5286 3545 5342 vim

1964 5384 2170 5440 inferre
2211 5381 2431 5437 volebat
2469 5398 2482 5434 :
2520 5400 2537 5433 ι
2578 5380 2761 5448 Quare
2820 5388 2877 5434 tu
2931 5380 3176 5449 percutis
3233 5377 3546 5451 proximum

246 5473 515 5543 έστησεν
548 5475 784 5547 ἄρχοντα
810 5478 903 5531 καὶ
931 5477 1195 5551 δικαστὴν
1224 5482 1306 5551 ἐφ’
1332 5484 1482 5554 ἡμᾶς
1507 5498 1523 5548 ;
1555 5482 1624 5535 Ἢ
1651 5480 1844 5535 eum

1966 5475 2161 5532 tuum?
2190 5472 2259 5529 At
2293 5472 2384 5527 ille
2415 5490 2429 5525 :
2461 5470 2596 5539 Quis
2630 5479 2704 5537 te,
2741 5469 2941 5542 inquit,
2971 5471 3254 5528 constituit
3294 5479 3546 5527 nostrum
3598 5514 3611 5529 .

334 5588 392 5617 ⁸³
435 5584 637 5661 ligor.
673 5603 784 5661 vni,
812 5586 866 5642 9.
938 5589 983 5623 ”
1017 5590 1214 5661 Philip.
1264 5609 1321 5657 ιι,
1361 5576 1412 5647 7ἶ
1486 5592 1703 5649 “Joau.
1744 5606 1871 5656 xm,
1904 5589 1956 5644 5.
2038 5587 2079 5620 “
2110 5586 2230 5643 Act.
2263 5597 2395 5651 xm,
2418 5581 2491 5642 28
2592 5581 2635 5615 “
2668 5581 2859 5645 Matth.
2886 5598 2974 5648 xv,
3001 5580 3091 5638 24.
3167 5583 3210 5615 ⁸⁷
3241 5583 3376 5639 Luc.
3433 5599 3547 5653 rm,

256 5654 354 5713 3|.
457 5652 498 5687 “
526 5656 791 5722 ibid.,28.
