  <div class='ocr_page' id='page_1' title='image "/cluster/home/n/w/nwhite01/storage/ocr_20150623/69/hvd.32044073501983/207.png"; bbox 0 0 4024 6198; ppageno 0'>
   <div class='ocr_carea' id='block_1_1' title="bbox 421 242 3691 313">
    <p class='ocr_par' dir='ltr' id='par_1_1' title="bbox 421 242 3691 313">
     <span class='ocr_line' id='line_1_1' title="bbox 421 242 3691 313; baseline -0.004 0"><span class='ocrx_word' id='word_1_1' title='bbox 421 253 526 313; x_wconf 60' lang='grc' dir='ltr'><strong>ωδ</strong></span> <span class='ocrx_word' id='word_1_2' title='bbox 1415 252 1470 309; x_wconf 87' lang='lat' dir='ltr'><strong>S.</strong></span> <span class='ocrx_word' id='word_1_3' title='bbox 1513 251 1786 309; x_wconf 77' lang='lat' dir='ltr'><strong>CYRILLI</strong></span> <span class='ocrx_word' id='word_1_4' title='bbox 1826 246 2293 306; x_wconf 73' lang='lat' dir='ltr'><strong>ALEXANDRINI</strong></span> <span class='ocrx_word' id='word_1_5' title='bbox 2333 246 2655 303; x_wconf 80' lang='lat' dir='ltr'><strong>ARCHIEP.</strong></span> <span class='ocrx_word' id='word_1_6' title='bbox 3581 242 3691 299; x_wconf 75' lang='grc' dir='ltr'><strong>ιοι</strong></span> 
     </span>
    </p>
   </div>
   <div class='ocr_carea' id='block_1_2' title="bbox 422 358 2026 444">
    <p class='ocr_par' dir='ltr' id='par_1_2' title="bbox 422 364 2003 444">
     <span class='ocr_line' id='line_1_2' title="bbox 422 364 2003 444; baseline -0.005 -18"><span class='ocrx_word' id='word_1_7' title='bbox 422 368 725 444; x_wconf 82' lang='lat' dir='ltr'><strong>principem</strong></span> <span class='ocrx_word' id='word_1_8' title='bbox 760 376 817 422; x_wconf 89' lang='lat' dir='ltr'><strong>et</strong></span> <span class='ocrx_word' id='word_1_9' title='bbox 853 366 1129 438; x_wconf 75' lang='lat' dir='ltr'><strong>iudicem?</strong></span> <span class='ocrx_word' id='word_1_10' title='bbox 1156 365 1240 420; x_wconf 79' lang='lat' dir='ltr'><strong>An</strong></span> <span class='ocrx_word' id='word_1_11' title='bbox 1278 365 1589 422; x_wconf 84' lang='lat' dir='ltr'><strong>interﬁcere</strong></span> <span class='ocrx_word' id='word_1_12' title='bbox 1626 381 1713 422; x_wconf 89' lang='lat' dir='ltr'><strong>me</strong></span> <span class='ocrx_word' id='word_1_13' title='bbox 1750 364 1908 435; x_wconf 89' lang='lat' dir='ltr'><strong>cupis</strong></span> <span class='ocrx_word' id='word_1_14' title='bbox 1935 379 2003 419; x_wconf 89' lang='lat' dir='ltr'><strong>eo</strong></span> 
     </span>
    </p>
   </div>
   <div class='ocr_carea' id='block_1_3' title="bbox 2123 358 3682 444">
    <p class='ocr_par' dir='ltr' id='par_1_3' title="bbox 2123 358 3682 434">
     <span class='ocr_line' id='line_1_3' title="bbox 2123 358 3682 434; baseline -0.004 -18"><span class='ocrx_word' id='word_1_15' title='bbox 2123 379 2181 434; x_wconf 78' lang='grc' dir='ltr'><strong>με</strong></span> <span class='ocrx_word' id='word_1_16' title='bbox 2208 364 2273 418; x_wconf 77' lang='grc' dir='ltr'>σὺ</span> <span class='ocrx_word' id='word_1_17' title='bbox 2299 363 2473 427; x_wconf 78' lang='grc' dir='ltr'>θέλεις</span> <span class='ocrx_word' id='word_1_18' title='bbox 2492 363 2553 416; x_wconf 85' lang='grc' dir='ltr'><strong>δν</strong></span> <span class='ocrx_word' id='word_1_19' title='bbox 2574 362 2776 433; x_wconf 75' lang='grc' dir='ltr'>τρόπον</span> <span class='ocrx_word' id='word_1_20' title='bbox 2801 358 3008 422; x_wconf 75' lang='grc' dir='ltr'><strong>ἀνεῖλες</strong></span> <span class='ocrx_word' id='word_1_21' title='bbox 3028 360 3118 411; x_wconf 79' lang='grc' dir='ltr'>τὸν</span> <span class='ocrx_word' id='word_1_22' title='bbox 3142 359 3442 427; x_wconf 76' lang='grc' dir='ltr'>Αἰγύπτιον</span> <span class='ocrx_word' id='word_1_23' title='bbox 3464 358 3625 429; x_wconf 74' lang='grc' dir='ltr'>χθέςς</span> <span class='ocrx_word' id='word_1_24' title='bbox 3661 378 3682 411; x_wconf 74' lang='grc' dir='ltr'><strong>ι</strong></span> 
     </span>
    </p>
   </div>
   <div class='ocr_carea' id='block_1_4' title="bbox 423 449 2026 529">
    <p class='ocr_par' dir='ltr' id='par_1_4' title="bbox 423 452 2006 529">
     <span class='ocr_line' id='line_1_4' title="bbox 423 452 2006 529; baseline -0.004 -15"><span class='ocrx_word' id='word_1_25' title='bbox 423 459 584 517; x_wconf 88' lang='lat' dir='ltr'><strong>modo</strong></span> <span class='ocrx_word' id='word_1_26' title='bbox 618 474 728 529; x_wconf 92' lang='lat' dir='ltr'><strong>quo</strong></span> <span class='ocrx_word' id='word_1_27' title='bbox 774 455 1104 513; x_wconf 73' lang='lat' dir='ltr'><strong>interfecisti</strong></span> <span class='ocrx_word' id='word_1_28' title='bbox 1142 455 1320 527; x_wconf 83' lang='lat' dir='ltr'><strong>pridie</strong></span> <span class='ocrx_word' id='word_1_29' title='bbox 1355 454 1668 528; x_wconf 66' lang='lat' dir='ltr'><strong>Egyptium</strong></span> <span class='ocrx_word' id='word_1_30' title='bbox 1702 453 1785 508; x_wconf 70' lang='lat'><strong>&quot;1&#39;</strong></span> <span class='ocrx_word' id='word_1_31' title='bbox 1808 473 1826 505; x_wconf 76' lang='grc' dir='ltr'><strong>ι</strong></span> <span class='ocrx_word' id='word_1_32' title='bbox 1869 452 2006 507; x_wconf 86' lang='lat' dir='ltr'><strong>Nam</strong></span> 
     </span>
    </p>
   </div>
   <div class='ocr_carea' id='block_1_5' title="bbox 2123 449 3691 529">
    <p class='ocr_par' dir='ltr' id='par_1_5' title="bbox 2123 449 3691 525">
     <span class='ocr_line' id='line_1_5' title="bbox 2123 449 3691 525; baseline -0.001 -19"><span class='ocrx_word' id='word_1_33' title='bbox 2123 453 2584 525; x_wconf 80' lang='grc' dir='ltr'>[Ιροκατακλείσας</span> <span class='ocrx_word' id='word_1_34' title='bbox 2627 452 2738 523; x_wconf 83' lang='grc' dir='ltr'><strong>γάρ</strong></span> <span class='ocrx_word' id='word_1_35' title='bbox 2770 450 2960 521; x_wconf 81' lang='grc' dir='ltr'>ὥσπερ</span> <span class='ocrx_word' id='word_1_36' title='bbox 2987 451 3070 513; x_wconf 79' lang='grc' dir='ltr'><strong>εἰς</strong></span> <span class='ocrx_word' id='word_1_37' title='bbox 3097 449 3229 521; x_wconf 70' lang='grc' dir='ltr'>ᾂδην</span> <span class='ocrx_word' id='word_1_38' title='bbox 3258 450 3350 503; x_wconf 79' lang='grc' dir='ltr'>τὸν</span> <span class='ocrx_word' id='word_1_39' title='bbox 3378 450 3628 504; x_wconf 77' lang='grc' dir='ltr'><strong>Σατανᾶν</strong></span> <span class='ocrx_word' id='word_1_40' title='bbox 3658 452 3691 504; x_wconf 80' lang='grc' dir='ltr'>ὁ</span> 
     </span>
    </p>
   </div>
   <div class='ocr_carea' id='block_1_6' title="bbox 421 541 2026 619">
    <p class='ocr_par' dir='ltr' id='par_1_6' title="bbox 421 543 2010 618">
     <span class='ocr_line' id='line_1_6' title="bbox 421 543 2010 618; baseline -0.005 -12"><span class='ocrx_word' id='word_1_41' title='bbox 421 566 545 612; x_wconf 88' lang='lat' dir='ltr'><strong>cum</strong></span> <span class='ocrx_word' id='word_1_42' title='bbox 595 548 917 606; x_wconf 82' lang='lat' dir='ltr'><strong>Emmanuel</strong></span> <span class='ocrx_word' id='word_1_43' title='bbox 963 548 1218 603; x_wconf 78' lang='lat' dir='ltr'><strong>Satanam</strong></span> <span class='ocrx_word' id='word_1_44' title='bbox 1258 546 1415 618; x_wconf 89' lang='lat' dir='ltr'><strong>prius</strong></span> <span class='ocrx_word' id='word_1_45' title='bbox 1452 547 1611 617; x_wconf 90' lang='lat' dir='ltr'><strong>quasi</strong></span> <span class='ocrx_word' id='word_1_46' title='bbox 1648 543 2010 600; x_wconf 75' lang='lat' dir='ltr'><strong>conclusisset</strong></span> 
     </span>
    </p>
   </div>
   <div class='ocr_carea' id='block_1_7' title="bbox 2123 541 3691 619">
    <p class='ocr_par' dir='ltr' id='par_1_7' title="bbox 2123 541 3691 619">
     <span class='ocr_line' id='line_1_7' title="bbox 2123 541 3691 619; baseline 0.026 -49"><span class='ocrx_word' id='word_1_47' title='bbox 2123 545 2502 619; x_wconf 70' lang='grc' dir='ltr'>,Εμμανουὴλ,</span> <span class='ocrx_word' id='word_1_48' title='bbox 2540 543 2883 614; x_wconf 81' lang='grc' dir='ltr'>δικαιοσύνης</span> <span class='ocrx_word' id='word_1_49' title='bbox 2927 543 3183 611; x_wconf 74' lang='grc' dir='ltr'>ἐφαίνετο</span> <span class='ocrx_word' id='word_1_50' title='bbox 3232 541 3537 614; x_wconf 78' lang='grc' dir='ltr'>βραϐευτὴς</span> <span class='ocrx_word' id='word_1_51' title='bbox 3576 547 3691 608; x_wconf 58' lang='grc' dir='ltr'><strong>τρῖς</strong></span> 
     </span>
    </p>
   </div>
   <div class='ocr_carea' id='block_1_8' title="bbox 423 634 2026 713">
    <p class='ocr_par' dir='ltr' id='par_1_8' title="bbox 423 636 2011 713">
     <span class='ocr_line' id='line_1_8' title="bbox 423 636 2011 713; baseline -0.008 -12"><span class='ocrx_word' id='word_1_52' title='bbox 423 645 477 701; x_wconf 81' lang='lat' dir='ltr'><strong>in</strong></span> <span class='ocrx_word' id='word_1_53' title='bbox 514 642 753 708; x_wconf 85' lang='lat' dir='ltr'><strong>inferno,</strong></span> <span class='ocrx_word' id='word_1_54' title='bbox 791 641 1048 712; x_wconf 77' lang='lat' dir='ltr'><strong>prodibat</strong></span> <span class='ocrx_word' id='word_1_55' title='bbox 1070 641 1299 713; x_wconf 80' lang='lat' dir='ltr'><strong>justitia:</strong></span> <span class='ocrx_word' id='word_1_56' title='bbox 1326 639 1598 694; x_wconf 73' lang='lat' dir='ltr'><strong>mediator</strong></span> <span class='ocrx_word' id='word_1_57' title='bbox 1623 636 1915 700; x_wconf 86' lang='lat' dir='ltr'><strong>lsraelitis,</strong></span> <span class='ocrx_word' id='word_1_58' title='bbox 1950 643 2011 689; x_wconf 91' lang='lat' dir='ltr'><strong>ut</strong></span> 
     </span>
    </p>
   </div>
   <div class='ocr_carea' id='block_1_9' title="bbox 2123 634 3690 713">
    <p class='ocr_par' dir='ltr' id='par_1_9' title="bbox 2123 634 3690 711">
     <span class='ocr_line' id='line_1_9' title="bbox 2123 634 3690 711; baseline -0.002 -18"><span class='ocrx_word' id='word_1_59' title='bbox 2123 639 2166 706; x_wconf 71' lang='grc' dir='ltr'>εξ</span> <span class='ocrx_word' id='word_1_60' title='bbox 2220 638 2472 711; x_wconf 80' lang='grc' dir='ltr'>Ἰσραὴλ,</span> <span class='ocrx_word' id='word_1_61' title='bbox 2524 638 2617 692; x_wconf 58' lang='grc' dir='ltr'><strong>καλ⁵</strong></span> <span class='ocrx_word' id='word_1_62' title='bbox 2661 636 3015 708; x_wconf 84' lang='grc' dir='ltr'>φιλαλληλίας</span> <span class='ocrx_word' id='word_1_63' title='bbox 3057 634 3413 700; x_wconf 85' lang='grc' dir='ltr'>διδάσκαλος,</span> <span class='ocrx_word' id='word_1_64' title='bbox 3468 637 3690 705; x_wconf 80' lang='grc' dir='ltr'><strong>ἀγάπης</strong></span> 
     </span>
    </p>
   </div>
   <div class='ocr_carea' id='block_1_10' title="bbox 424 724 2026 803">
    <p class='ocr_par' dir='ltr' id='par_1_10' title="bbox 424 724 2007 803">
     <span class='ocr_line' id='line_1_10' title="bbox 424 724 2007 803; baseline -0.006 -14"><span class='ocrx_word' id='word_1_65' title='bbox 424 742 628 790; x_wconf 62' lang='lat' dir='ltr'><strong>mutuae</strong></span> <span class='ocrx_word' id='word_1_66' title='bbox 658 731 973 786; x_wconf 77' lang='lat' dir='ltr'><strong>dilectionis</strong></span> <span class='ocrx_word' id='word_1_67' title='bbox 1006 731 1287 803; x_wconf 78' lang='lat' dir='ltr'><strong>magister,</strong></span> <span class='ocrx_word' id='word_1_68' title='bbox 1317 728 1782 801; x_wconf 87' lang='lat' dir='ltr'><strong>jubebatquidem</strong></span> <span class='ocrx_word' id='word_1_69' title='bbox 1815 732 1876 780; x_wconf 84' lang='lat' dir='ltr'><strong>ut</strong></span> <span class='ocrx_word' id='word_1_70' title='bbox 1895 724 2007 780; x_wconf 90' lang='lat' dir='ltr'><strong>fra-</strong></span> 
     </span>
    </p>
   </div>
   <div class='ocr_carea' id='block_1_11' title="bbox 2123 724 3677 803">
    <p class='ocr_par' dir='ltr' id='par_1_11' title="bbox 2123 727 3677 802">
     <span class='ocr_line' id='line_1_11' title="bbox 2123 727 3677 802; baseline -0.01 -16"><span class='ocrx_word' id='word_1_71' title='bbox 2123 730 2211 799; x_wconf 60' lang='lat' dir='ltr'><strong>tév</strong></span> <span class='ocrx_word' id='word_1_72' title='bbox 2243 731 2341 800; x_wconf 81' lang='grc' dir='ltr'>τῆς</span> <span class='ocrx_word' id='word_1_73' title='bbox 2378 732 2460 793; x_wconf 88' lang='grc' dir='ltr'><strong>εἰς</strong></span> <span class='ocrx_word' id='word_1_74' title='bbox 2495 730 2759 797; x_wconf 78' lang='grc' dir='ltr'>ἀδελφοὺς</span> <span class='ocrx_word' id='word_1_75' title='bbox 2792 727 3204 799; x_wconf 86' lang='grc' dir='ltr'>μεταποιεῖσθαι</span> <span class='ocrx_word' id='word_1_76' title='bbox 3235 729 3505 794; x_wconf 81' lang='grc' dir='ltr'><strong>κελεύων,</strong></span> <span class='ocrx_word' id='word_1_77' title='bbox 3537 731 3677 802; x_wconf 75' lang='grc' dir='ltr'>εἰρή.</span> 
     </span>
    </p>
   </div>
   <div class='ocr_carea' id='block_1_12' title="bbox 426 820 2026 896">
    <p class='ocr_par' dir='ltr' id='par_1_12' title="bbox 426 823 2009 892">
     <span class='ocr_line' id='line_1_12' title="bbox 426 823 2009 892; baseline -0.004 -14"><span class='ocrx_word' id='word_1_78' title='bbox 426 837 596 879; x_wconf 82' lang='lat' dir='ltr'><strong>ternae</strong></span> <span class='ocrx_word' id='word_1_79' title='bbox 621 824 880 879; x_wconf 88' lang='lat' dir='ltr'><strong>charitati</strong></span> <span class='ocrx_word' id='word_1_80' title='bbox 909 823 1215 887; x_wconf 82' lang='lat' dir='ltr'><strong>studerent,</strong></span> <span class='ocrx_word' id='word_1_81' title='bbox 1256 830 1313 878; x_wconf 89' lang='lat' dir='ltr'><strong>et</strong></span> <span class='ocrx_word' id='word_1_82' title='bbox 1336 830 1397 877; x_wconf 92' lang='lat' dir='ltr'><strong>ut</strong></span> <span class='ocrx_word' id='word_1_83' title='bbox 1424 835 1555 892; x_wconf 87' lang='lat' dir='ltr'><strong>pace</strong></span> <span class='ocrx_word' id='word_1_84' title='bbox 1583 829 1748 890; x_wconf 87' lang='lat' dir='ltr'><strong>atque</strong></span> <span class='ocrx_word' id='word_1_85' title='bbox 1778 833 2009 874; x_wconf 83' lang='lat' dir='ltr'><strong>concor-</strong></span> 
     </span>
    </p>
   </div>
   <div class='ocr_carea' id='block_1_13' title="bbox 2123 820 3690 896">
    <p class='ocr_par' dir='ltr' id='par_1_13' title="bbox 2123 820 3690 896">
     <span class='ocr_line' id='line_1_13' title="bbox 2123 820 3690 896; baseline -0.002 -18"><span class='ocrx_word' id='word_1_86' title='bbox 2123 841 2206 896; x_wconf 69' lang='lat' dir='ltr'><strong>m;</strong></span> <span class='ocrx_word' id='word_1_87' title='bbox 2232 824 2289 877; x_wconf 78' lang='grc' dir='ltr'>δὲ</span> <span class='ocrx_word' id='word_1_88' title='bbox 2315 826 2408 877; x_wconf 77' lang='grc' dir='ltr'>καὶ</span> <span class='ocrx_word' id='word_1_89' title='bbox 2431 823 2735 893; x_wconf 65' lang='grc' dir='ltr'>δμικιιυχίας</span> <span class='ocrx_word' id='word_1_90' title='bbox 2756 821 2910 875; x_wconf 75' lang='grc' dir='ltr'>οὐδὲν</span> <span class='ocrx_word' id='word_1_91' title='bbox 2927 820 3184 891; x_wconf 77' lang='grc' dir='ltr'>ἡγεῖσθαι</span> <span class='ocrx_word' id='word_1_92' title='bbox 3208 823 3270 874; x_wconf 80' lang='grc' dir='ltr'>τὸ</span> <span class='ocrx_word' id='word_1_93' title='bbox 3294 825 3542 892; x_wconf 72' lang='grc' dir='ltr'>ἄμεινον.</span> <span class='ocrx_word' id='word_1_94' title='bbox 3570 822 3690 875; x_wconf 56' lang='lat' dir='ltr'><strong>Tm.</strong></span> 
     </span>
    </p>
   </div>
   <div class='ocr_carea' id='block_1_14' title="bbox 424 910 2026 989">
    <p class='ocr_par' dir='ltr' id='par_1_14' title="bbox 424 910 2006 985">
     <span class='ocr_line' id='line_1_14' title="bbox 424 910 2006 985; baseline -0.004 -15"><span class='ocrx_word' id='word_1_95' title='bbox 424 916 513 970; x_wconf 87' lang='lat' dir='ltr'><strong>dia</strong></span> <span class='ocrx_word' id='word_1_96' title='bbox 564 915 701 973; x_wconf 87' lang='lat' dir='ltr'><strong>nihil</strong></span> <span class='ocrx_word' id='word_1_97' title='bbox 744 916 1011 974; x_wconf 86' lang='lat' dir='ltr'><strong>haberent</strong></span> <span class='ocrx_word' id='word_1_98' title='bbox 1038 915 1338 985; x_wconf 83' lang='lat' dir='ltr'><strong>antiquius.</strong></span> <span class='ocrx_word' id='word_1_99' title='bbox 1370 913 1526 973; x_wconf 84' lang='lat' dir='ltr'><strong>Unde</strong></span> <span class='ocrx_word' id='word_1_100' title='bbox 1569 921 1624 975; x_wconf 81' lang='lat' dir='ltr'><strong>et</strong></span> <span class='ocrx_word' id='word_1_101' title='bbox 1672 912 1788 982; x_wconf 89' lang='lat' dir='ltr'><strong>ipse</strong></span> <span class='ocrx_word' id='word_1_102' title='bbox 1826 910 2006 965; x_wconf 81' lang='lat' dir='ltr'><strong>dixit:</strong></span> 
     </span>
    </p>
   </div>
   <div class='ocr_carea' id='block_1_15' title="bbox 2123 910 3693 989">
    <p class='ocr_par' dir='ltr' id='par_1_15' title="bbox 2123 914 3693 989">
     <span class='ocr_line' id='line_1_15' title="bbox 2123 914 3693 989; baseline -0.002 -18"><span class='ocrx_word' id='word_1_103' title='bbox 2123 919 2301 989; x_wconf 72' lang='grc' dir='ltr'>γάρτοι</span> <span class='ocrx_word' id='word_1_104' title='bbox 2342 917 2437 972; x_wconf 79' lang='grc' dir='ltr'>καὶ</span> <span class='ocrx_word' id='word_1_105' title='bbox 2483 916 2758 986; x_wconf 71' lang='grc' dir='ltr'>ἔφασκεν·</span> <span class='ocrx_word' id='word_1_106' title='bbox 2809 935 2827 966; x_wconf 83' lang='grc' dir='ltr'><strong>ι</strong></span> <span class='ocrx_word' id='word_1_107' title='bbox 2884 915 3125 986; x_wconf 82' lang='grc' dir='ltr'>Εἰρήνην</span> <span class='ocrx_word' id='word_1_108' title='bbox 3168 914 3270 985; x_wconf 79' lang='grc' dir='ltr'>τὴν</span> <span class='ocrx_word' id='word_1_109' title='bbox 3312 915 3453 985; x_wconf 79' lang='grc' dir='ltr'>ἐμὴν</span> <span class='ocrx_word' id='word_1_110' title='bbox 3498 914 3693 985; x_wconf 87' lang='grc' dir='ltr'>δίδωμι</span> 
     </span>
    </p>
   </div>
   <div class='ocr_carea' id='block_1_16' title="bbox 432 1004 2026 1079">
    <p class='ocr_par' dir='ltr' id='par_1_16' title="bbox 432 1004 2008 1064">
     <span class='ocr_line' id='line_1_16' title="bbox 432 1004 2008 1064; baseline -0.004 0"><span class='ocrx_word' id='word_1_111' title='bbox 432 1030 448 1057; x_wconf 75' lang='grc' dir='ltr'><strong>ι</strong></span> <span class='ocrx_word' id='word_1_112' title='bbox 481 1010 677 1064; x_wconf 86' lang='lat' dir='ltr'><strong>Pacem</strong></span> <span class='ocrx_word' id='word_1_113' title='bbox 714 1024 889 1064; x_wconf 85' lang='lat' dir='ltr'><strong>meam</strong></span> <span class='ocrx_word' id='word_1_114' title='bbox 920 1008 990 1064; x_wconf 90' lang='lat' dir='ltr'><strong>do</strong></span> <span class='ocrx_word' id='word_1_115' title='bbox 1019 1008 1176 1064; x_wconf 83' lang='lat' dir='ltr'><strong>vobis</strong></span> <span class='ocrx_word' id='word_1_116' title='bbox 1196 1009 1264 1063; x_wconf 84' lang='lat'><strong>&#39;°.</strong></span> <span class='ocrx_word' id='word_1_117' title='bbox 1295 1028 1312 1059; x_wconf 77' lang='grc' dir='ltr'><strong>ι</strong></span> <span class='ocrx_word' id='word_1_118' title='bbox 1343 1006 1480 1063; x_wconf 90' lang='lat' dir='ltr'><strong>Cum</strong></span> <span class='ocrx_word' id='word_1_119' title='bbox 1524 1014 1706 1061; x_wconf 86' lang='lat' dir='ltr'><strong>autem</strong></span> <span class='ocrx_word' id='word_1_120' title='bbox 1743 1004 2008 1059; x_wconf 69' lang='lat' dir='ltr'><strong>deberent</strong></span> 
     </span>
    </p>
   </div>
   <div class='ocr_carea' id='block_1_17' title="bbox 2123 1004 3698 1079">
    <p class='ocr_par' dir='ltr' id='par_1_17' title="bbox 2123 1004 3698 1079">
     <span class='ocr_line' id='line_1_17' title="bbox 2123 1004 3698 1079; baseline -0.004 -17"><span class='ocrx_word' id='word_1_121' title='bbox 2123 1010 2290 1079; x_wconf 74' lang='grc' dir='ltr'>5μίν,›</span> <span class='ocrx_word' id='word_1_122' title='bbox 2322 1010 2386 1062; x_wconf 84' lang='grc' dir='ltr'>Οί</span> <span class='ocrx_word' id='word_1_123' title='bbox 2409 1007 2488 1069; x_wconf 84' lang='grc' dir='ltr'>δὲ,</span> <span class='ocrx_word' id='word_1_124' title='bbox 2513 1008 2611 1078; x_wconf 80' lang='grc' dir='ltr'>τὴν</span> <span class='ocrx_word' id='word_1_125' title='bbox 2635 1007 2925 1077; x_wconf 77' lang='grc' dir='ltr'><strong>εἰσήγησιν</strong></span> <span class='ocrx_word' id='word_1_126' title='bbox 2950 1004 3237 1058; x_wconf 74' lang='grc' dir='ltr'>ἐπαινέσαι</span> <span class='ocrx_word' id='word_1_127' title='bbox 3266 1004 3385 1057; x_wconf 80' lang='grc' dir='ltr'>δέον</span> <span class='ocrx_word' id='word_1_128' title='bbox 3405 1045 3420 1070; x_wconf 93' lang='grc'><strong>,</strong></span> <span class='ocrx_word' id='word_1_129' title='bbox 3447 1007 3543 1056; x_wconf 79' lang='grc' dir='ltr'>καὶ</span> <span class='ocrx_word' id='word_1_130' title='bbox 3563 1004 3698 1058; x_wconf 83' lang='grc' dir='ltr'>θαυ-</span> 
     </span>
    </p>
   </div>
   <div class='ocr_carea' id='block_1_18' title="bbox 426 1096 2026 1171">
    <p class='ocr_par' dir='ltr' id='par_1_18' title="bbox 426 1096 2012 1169">
     <span class='ocr_line' id='line_1_18' title="bbox 426 1096 2012 1169; baseline -0.002 -16"><span class='ocrx_word' id='word_1_131' title='bbox 426 1101 567 1155; x_wconf 81' lang='lat' dir='ltr'><strong>Imnc</strong></span> <span class='ocrx_word' id='word_1_132' title='bbox 600 1100 1005 1155; x_wconf 87' lang='lat' dir='ltr'><strong>institutionem</strong></span> <span class='ocrx_word' id='word_1_133' title='bbox 1047 1100 1302 1163; x_wconf 83' lang='lat' dir='ltr'><strong>laudare,</strong></span> <span class='ocrx_word' id='word_1_134' title='bbox 1342 1108 1508 1169; x_wconf 85' lang='lat' dir='ltr'><strong>atque</strong></span> <span class='ocrx_word' id='word_1_135' title='bbox 1560 1096 1821 1152; x_wconf 90' lang='lat' dir='ltr'><strong>admirari</strong></span> <span class='ocrx_word' id='word_1_136' title='bbox 1860 1096 2012 1166; x_wconf 86' lang='lat' dir='ltr'><strong>pacis</strong></span> 
     </span>
    </p>
   </div>
   <div class='ocr_carea' id='block_1_19' title="bbox 2123 1096 3695 1171">
    <p class='ocr_par' dir='ltr' id='par_1_19' title="bbox 2123 1097 3695 1170">
     <span class='ocr_line' id='line_1_19' title="bbox 2123 1097 3695 1170; baseline -0.004 -15"><span class='ocrx_word' id='word_1_137' title='bbox 2123 1103 2283 1169; x_wconf 64' lang='lat' dir='ltr'><strong>adeat</strong></span> <span class='ocrx_word' id='word_1_138' title='bbox 2313 1102 2404 1154; x_wconf 84' lang='grc' dir='ltr'><strong>τὸν</strong></span> <span class='ocrx_word' id='word_1_139' title='bbox 2433 1099 2788 1170; x_wconf 79' lang='grc' dir='ltr'>διαλλακτὴν,</span> <span class='ocrx_word' id='word_1_140' title='bbox 2813 1099 2911 1169; x_wconf 82' lang='grc' dir='ltr'>τῆς</span> <span class='ocrx_word' id='word_1_141' title='bbox 2936 1098 3159 1170; x_wconf 79' lang='grc' dir='ltr'><strong>εἰρήνης</strong></span> <span class='ocrx_word' id='word_1_142' title='bbox 3183 1097 3276 1150; x_wconf 74' lang='grc' dir='ltr'>τὸν</span> <span class='ocrx_word' id='word_1_143' title='bbox 3304 1097 3543 1168; x_wconf 73' lang='grc' dir='ltr'>χορηγὸν</span> <span class='ocrx_word' id='word_1_144' title='bbox 3562 1138 3577 1160; x_wconf 90' lang='grc'><strong>,</strong></span> <span class='ocrx_word' id='word_1_145' title='bbox 3599 1097 3695 1150; x_wconf 73' lang='grc' dir='ltr'>καὶ</span> 
     </span>
    </p>
   </div>
   <div class='ocr_carea' id='block_1_20' title="bbox 423 1188 2026 1266">
    <p class='ocr_par' dir='ltr' id='par_1_20' title="bbox 423 1188 2010 1262">
     <span class='ocr_line' id='line_1_20' title="bbox 423 1188 2010 1262; baseline -0.004 -13"><span class='ocrx_word' id='word_1_146' title='bbox 423 1201 705 1249; x_wconf 79' lang='lat' dir='ltr'><strong>auctorem</strong></span> <span class='ocrx_word' id='word_1_147' title='bbox 735 1208 798 1247; x_wconf 90' lang='lat' dir='ltr'><strong>ac</strong></span> <span class='ocrx_word' id='word_1_148' title='bbox 821 1193 1020 1249; x_wconf 90' lang='lat' dir='ltr'><strong>ducem</strong></span> <span class='ocrx_word' id='word_1_149' title='bbox 1061 1192 1367 1257; x_wconf 87' lang='lat' dir='ltr'><strong>charitatis,</strong></span> <span class='ocrx_word' id='word_1_150' title='bbox 1401 1191 1729 1262; x_wconf 56' lang='lat' dir='ltr'><strong>optimaque</strong></span> <span class='ocrx_word' id='word_1_151' title='bbox 1763 1188 2010 1258; x_wconf 78' lang='lat' dir='ltr'><strong>discipli-</strong></span> 
     </span>
    </p>
   </div>
   <div class='ocr_carea' id='block_1_21' title="bbox 2123 1188 3697 1266">
    <p class='ocr_par' dir='ltr' id='par_1_21' title="bbox 2123 1189 3697 1266">
     <span class='ocr_line' id='line_1_21' title="bbox 2123 1189 3697 1266; baseline -0.004 -18"><span class='ocrx_word' id='word_1_152' title='bbox 2123 1196 2210 1266; x_wconf 76' lang='grc' dir='ltr'>τῆς</span> <span class='ocrx_word' id='word_1_153' title='bbox 2248 1194 2471 1264; x_wconf 79' lang='grc' dir='ltr'><strong>ἀγάπης</strong></span> <span class='ocrx_word' id='word_1_154' title='bbox 2500 1195 2594 1247; x_wconf 73' lang='grc' dir='ltr'>τὸν</span> <span class='ocrx_word' id='word_1_155' title='bbox 2623 1192 2889 1262; x_wconf 80' lang='grc' dir='ltr'>πρύτανιν</span> <span class='ocrx_word' id='word_1_156' title='bbox 2908 1230 2921 1257; x_wconf 88' lang='lat'><strong>,</strong></span> <span class='ocrx_word' id='word_1_157' title='bbox 2961 1189 3070 1244; x_wconf 81' lang='grc' dir='ltr'><strong>τῶν</strong></span> <span class='ocrx_word' id='word_1_158' title='bbox 3101 1189 3338 1261; x_wconf 85' lang='grc' dir='ltr'>ἀρίστων</span> <span class='ocrx_word' id='word_1_159' title='bbox 3372 1190 3558 1251; x_wconf 80' lang='grc' dir='ltr'>αὐτοῖς</span> <span class='ocrx_word' id='word_1_160' title='bbox 3588 1206 3697 1258; x_wconf 81' lang='grc' dir='ltr'>μα·-</span> 
     </span>
    </p>
   </div>
   <div class='ocr_carea' id='block_1_22' title="bbox 424 1279 2026 1358">
    <p class='ocr_par' dir='ltr' id='par_1_22' title="bbox 424 1282 2013 1357">
     <span class='ocr_line' id='line_1_22' title="bbox 424 1282 2013 1357; baseline -0.007 -13"><span class='ocrx_word' id='word_1_161' title='bbox 424 1299 509 1344; x_wconf 75' lang='grc' dir='ltr'><strong>ηεε</strong></span> <span class='ocrx_word' id='word_1_162' title='bbox 545 1286 1175 1357; x_wconf 84' lang='lat' dir='ltr'><strong>magistrum,summam</strong></span> <span class='ocrx_word' id='word_1_163' title='bbox 1203 1285 1259 1339; x_wconf 92' lang='lat' dir='ltr'><strong>in</strong></span> <span class='ocrx_word' id='word_1_164' title='bbox 1281 1284 1461 1354; x_wconf 91' lang='lat' dir='ltr'><strong>ipsum</strong></span> <span class='ocrx_word' id='word_1_165' title='bbox 1494 1282 1834 1352; x_wconf 87' lang='lat' dir='ltr'><strong>impietatem</strong></span> <span class='ocrx_word' id='word_1_166' title='bbox 1857 1294 2013 1338; x_wconf 78' lang='lat' dir='ltr'><strong>exer-</strong></span> 
     </span>
    </p>
   </div>
   <div class='ocr_carea' id='block_1_23' title="bbox 2123 1279 3692 1358">
    <p class='ocr_par' dir='ltr' id='par_1_23' title="bbox 2123 1279 3692 1358">
     <span class='ocr_line' id='line_1_23' title="bbox 2123 1279 3692 1358; baseline -0.004 -19"><span class='ocrx_word' id='word_1_167' title='bbox 2123 1287 2179 1355; x_wconf 72' lang='grc' dir='ltr'>5η</span> <span class='ocrx_word' id='word_1_168' title='bbox 2188 1287 2372 1358; x_wconf 88' lang='grc' dir='ltr'>μάτων</span> <span class='ocrx_word' id='word_1_169' title='bbox 2393 1285 2486 1338; x_wconf 73' lang='grc' dir='ltr'><strong>τὸν</strong></span> <span class='ocrx_word' id='word_1_170' title='bbox 2508 1282 2810 1355; x_wconf 82' lang='grc' dir='ltr'>ἡγούμενον</span> <span class='ocrx_word' id='word_1_171' title='bbox 2824 1323 2839 1347; x_wconf 93' lang='grc'><strong>,</strong></span> <span class='ocrx_word' id='word_1_172' title='bbox 2862 1279 3324 1350; x_wconf 82' lang='grc' dir='ltr'>δεδυσσεϐήκασιν</span> <span class='ocrx_word' id='word_1_173' title='bbox 3345 1280 3405 1333; x_wconf 77' lang='grc' dir='ltr'><strong>ού</strong></span> <span class='ocrx_word' id='word_1_174' title='bbox 3433 1279 3692 1352; x_wconf 87' lang='grc' dir='ltr'>μετρίως.</span> 
     </span>
    </p>
   </div>
   <div class='ocr_carea' id='block_1_24' title="bbox 423 1371 2026 1450">
    <p class='ocr_par' dir='ltr' id='par_1_24' title="bbox 423 1374 2009 1447">
     <span class='ocr_line' id='line_1_24' title="bbox 423 1374 2009 1447; baseline -0.002 -17"><span class='ocrx_word' id='word_1_175' title='bbox 423 1384 679 1430; x_wconf 86' lang='lat' dir='ltr'><strong>cuerunt.</strong></span> <span class='ocrx_word' id='word_1_176' title='bbox 701 1375 886 1447; x_wconf 86' lang='lat' dir='ltr'><strong>Neque</strong></span> <span class='ocrx_word' id='word_1_177' title='bbox 906 1376 1055 1432; x_wconf 88' lang='lat' dir='ltr'><strong>enim</strong></span> <span class='ocrx_word' id='word_1_178' title='bbox 1077 1392 1203 1432; x_wconf 90' lang='lat' dir='ltr'><strong>eum</strong></span> <span class='ocrx_word' id='word_1_179' title='bbox 1226 1375 1423 1430; x_wconf 89' lang='lat' dir='ltr'><strong>ducem</strong></span> <span class='ocrx_word' id='word_1_180' title='bbox 1446 1374 1552 1429; x_wconf 88' lang='lat' dir='ltr'><strong>sibi</strong></span> <span class='ocrx_word' id='word_1_181' title='bbox 1581 1380 2009 1444; x_wconf 88' lang='lat' dir='ltr'><strong>proposuerunt.</strong></span> 
     </span>
    </p>
   </div>
   <div class='ocr_carea' id='block_1_25' title="bbox 2123 1371 3697 1450">
    <p class='ocr_par' dir='ltr' id='par_1_25' title="bbox 2123 1371 3697 1450">
     <span class='ocr_line' id='line_1_25' title="bbox 2123 1371 3697 1450; baseline -0.006 -16"><span class='ocrx_word' id='word_1_182' title='bbox 2123 1381 2187 1435; x_wconf 78' lang='grc' dir='ltr'><strong>Οὐ</strong></span> <span class='ocrx_word' id='word_1_183' title='bbox 2222 1378 2330 1450; x_wconf 81' lang='grc' dir='ltr'><strong>γὰρ</strong></span> <span class='ocrx_word' id='word_1_184' title='bbox 2361 1376 2643 1432; x_wconf 70' lang='grc' dir='ltr'>ἱποιοῦντο</span> <span class='ocrx_word' id='word_1_185' title='bbox 2684 1375 3026 1447; x_wconf 83' lang='grc' dir='ltr'>καθηγητήν.</span> <span class='ocrx_word' id='word_1_186' title='bbox 3072 1372 3235 1427; x_wconf 82' lang='grc' dir='ltr'>Ἀλλὰ</span> <span class='ocrx_word' id='word_1_187' title='bbox 3259 1372 3439 1426; x_wconf 87' lang='grc' dir='ltr'>καίτοι</span> <span class='ocrx_word' id='word_1_188' title='bbox 3471 1372 3561 1426; x_wconf 76' lang='grc' dir='ltr'>διὰ</span> <span class='ocrx_word' id='word_1_189' title='bbox 3593 1371 3697 1442; x_wconf 80' lang='grc' dir='ltr'>τῆς</span> 
     </span>
    </p>
   </div>
   <div class='ocr_carea' id='block_1_26' title="bbox 422 1466 2026 1540">
    <p class='ocr_par' dir='ltr' id='par_1_26' title="bbox 422 1466 2013 1540">
     <span class='ocr_line' id='line_1_26' title="bbox 422 1466 2013 1540; baseline -0.004 -14"><span class='ocrx_word' id='word_1_190' title='bbox 422 1467 494 1526; x_wconf 75' lang='lat' dir='ltr'><strong>At</strong></span> <span class='ocrx_word' id='word_1_191' title='bbox 530 1483 660 1523; x_wconf 82' lang='lat' dir='ltr'><strong>vero</strong></span> <span class='ocrx_word' id='word_1_192' title='bbox 689 1468 908 1525; x_wconf 86' lang='lat' dir='ltr'><strong>dicente</strong></span> <span class='ocrx_word' id='word_1_193' title='bbox 947 1470 1066 1540; x_wconf 85' lang='lat' dir='ltr'><strong>ipso</strong></span> <span class='ocrx_word' id='word_1_194' title='bbox 1101 1485 1199 1540; x_wconf 91' lang='lat' dir='ltr'><strong>per</strong></span> <span class='ocrx_word' id='word_1_195' title='bbox 1228 1484 1420 1524; x_wconf 84' lang='lat' dir='ltr'><strong>vocem</strong></span> <span class='ocrx_word' id='word_1_196' title='bbox 1461 1467 1801 1525; x_wconf 68' lang='lat' dir='ltr'><strong>Psalmistaa:</strong></span> <span class='ocrx_word' id='word_1_197' title='bbox 1837 1485 1854 1517; x_wconf 79' lang='grc' dir='ltr'><strong>ι</strong></span> <span class='ocrx_word' id='word_1_198' title='bbox 1900 1466 2013 1537; x_wconf 84' lang='lat' dir='ltr'><strong>Ego</strong></span> 
     </span>
    </p>
   </div>
   <div class='ocr_carea' id='block_1_27' title="bbox 2123 1466 3697 1540">
    <p class='ocr_par' dir='ltr' id='par_1_27' title="bbox 2123 1466 3697 1540">
     <span class='ocr_line' id='line_1_27' title="bbox 2123 1466 3697 1540; baseline -0.004 -13"><span class='ocrx_word' id='word_1_199' title='bbox 2123 1471 2207 1528; x_wconf 79' lang='grc' dir='ltr'><strong>τοῦ</strong></span> <span class='ocrx_word' id='word_1_200' title='bbox 2241 1471 2551 1534; x_wconf 81' lang='grc' dir='ltr'>Ψάλλοντος</span> <span class='ocrx_word' id='word_1_201' title='bbox 2580 1470 2764 1540; x_wconf 80' lang='grc' dir='ltr'>φωνῆς</span> <span class='ocrx_word' id='word_1_202' title='bbox 2787 1468 3000 1538; x_wconf 79' lang='grc' dir='ltr'>λέγοντι</span> <span class='ocrx_word' id='word_1_203' title='bbox 3028 1466 3234 1536; x_wconf 62' lang='grc' dir='ltr'>σαφῶς</span> <span class='ocrx_word' id='word_1_204' title='bbox 3273 1466 3456 1536; x_wconf 63' lang='grc' dir='ltr'><strong>(Ἐγὼ</strong></span> <span class='ocrx_word' id='word_1_205' title='bbox 3482 1467 3541 1520; x_wconf 83' lang='grc' dir='ltr'>δὲ</span> <span class='ocrx_word' id='word_1_206' title='bbox 3565 1484 3697 1521; x_wconf 82' lang='grc' dir='ltr'>κατ-</span> 
     </span>
    </p>
   </div>
   <div class='ocr_carea' id='block_1_28' title="bbox 423 1556 2026 1632">
    <p class='ocr_par' dir='ltr' id='par_1_28' title="bbox 423 1559 2012 1632">
     <span class='ocr_line' id='line_1_28' title="bbox 423 1559 2012 1632; baseline -0.003 -16"><span class='ocrx_word' id='word_1_207' title='bbox 423 1562 761 1618; x_wconf 86' lang='lat' dir='ltr'><strong>constitutus</strong></span> <span class='ocrx_word' id='word_1_208' title='bbox 794 1578 915 1618; x_wconf 89' lang='lat' dir='ltr'><strong>sum</strong></span> <span class='ocrx_word' id='word_1_209' title='bbox 959 1578 1055 1618; x_wconf 74' lang='lat' dir='ltr'><strong>rex</strong></span> <span class='ocrx_word' id='word_1_210' title='bbox 1098 1562 1168 1618; x_wconf 90' lang='lat' dir='ltr'><strong>ab</strong></span> <span class='ocrx_word' id='word_1_211' title='bbox 1208 1563 1329 1632; x_wconf 89' lang='lat' dir='ltr'><strong>ipso</strong></span> <span class='ocrx_word' id='word_1_212' title='bbox 1376 1576 1543 1631; x_wconf 87' lang='lat' dir='ltr'><strong>super</strong></span> <span class='ocrx_word' id='word_1_213' title='bbox 1592 1559 1724 1615; x_wconf 89' lang='lat' dir='ltr'><strong>Sion</strong></span> <span class='ocrx_word' id='word_1_214' title='bbox 1770 1565 2012 1614; x_wconf 87' lang='lat' dir='ltr'><strong>montem</strong></span> 
     </span>
    </p>
   </div>
   <div class='ocr_carea' id='block_1_29' title="bbox 2123 1556 3704 1632">
    <p class='ocr_par' dir='ltr' id='par_1_29' title="bbox 2123 1556 3704 1631">
     <span class='ocr_line' id='line_1_29' title="bbox 2123 1556 3704 1631; baseline -0.003 -15"><span class='ocrx_word' id='word_1_215' title='bbox 2123 1560 2349 1631; x_wconf 84' lang='grc' dir='ltr'>εστάθην</span> <span class='ocrx_word' id='word_1_216' title='bbox 2384 1559 2636 1631; x_wconf 75' lang='grc' dir='ltr'>βασιλεὺς</span> <span class='ocrx_word' id='word_1_217' title='bbox 2667 1559 2759 1612; x_wconf 79' lang='grc' dir='ltr'><strong>ὑπ’</strong></span> <span class='ocrx_word' id='word_1_218' title='bbox 2792 1556 2956 1613; x_wconf 79' lang='grc' dir='ltr'>αὑτοῦ</span> <span class='ocrx_word' id='word_1_219' title='bbox 2990 1559 3082 1611; x_wconf 67' lang='grc' dir='ltr'><strong>ἐπὶ</strong></span> <span class='ocrx_word' id='word_1_220' title='bbox 3112 1556 3252 1611; x_wconf 85' lang='grc' dir='ltr'>Σιὼν</span> <span class='ocrx_word' id='word_1_221' title='bbox 3286 1556 3413 1628; x_wconf 76' lang='grc' dir='ltr'>ὅρος</span> <span class='ocrx_word' id='word_1_222' title='bbox 3450 1557 3513 1610; x_wconf 85' lang='grc' dir='ltr'><strong>τδ</strong></span> <span class='ocrx_word' id='word_1_223' title='bbox 3540 1556 3704 1626; x_wconf 74' lang='grc' dir='ltr'>ἅγιον</span> 
     </span>
    </p>
   </div>
   <div class='ocr_carea' id='block_1_30' title="bbox 424 1649 2026 1724">
    <p class='ocr_par' dir='ltr' id='par_1_30' title="bbox 424 1649 2013 1724">
     <span class='ocr_line' id='line_1_30' title="bbox 424 1649 2013 1724; baseline -0.001 -19"><span class='ocrx_word' id='word_1_224' title='bbox 424 1662 675 1707; x_wconf 83' lang='lat' dir='ltr'><strong>sanctum</strong></span> <span class='ocrx_word' id='word_1_225' title='bbox 718 1654 841 1724; x_wconf 86' lang='lat' dir='ltr'><strong>ejus</strong></span> <span class='ocrx_word' id='word_1_226' title='bbox 882 1653 950 1716; x_wconf 78' lang='lat'><strong>“,</strong></span> <span class='ocrx_word' id='word_1_227' title='bbox 1003 1673 1022 1703; x_wconf 75' lang='grc' dir='ltr'><strong>ι</strong></span> <span class='ocrx_word' id='word_1_228' title='bbox 1071 1661 1253 1707; x_wconf 90' lang='lat' dir='ltr'><strong>tamen</strong></span> <span class='ocrx_word' id='word_1_229' title='bbox 1296 1652 1387 1708; x_wconf 89' lang='lat' dir='ltr'><strong>isti</strong></span> <span class='ocrx_word' id='word_1_230' title='bbox 1440 1652 1646 1722; x_wconf 84' lang='lat' dir='ltr'><strong>majore</strong></span> <span class='ocrx_word' id='word_1_231' title='bbox 1695 1665 1859 1721; x_wconf 86' lang='lat' dir='ltr'><strong>quam</strong></span> <span class='ocrx_word' id='word_1_232' title='bbox 1903 1649 2013 1706; x_wconf 90' lang='lat' dir='ltr'><strong>dici</strong></span> 
     </span>
    </p>
   </div>
   <div class='ocr_carea' id='block_1_31' title="bbox 2123 1649 3708 1724">
    <p class='ocr_par' dir='ltr' id='par_1_31' title="bbox 2123 1649 3708 1723">
     <span class='ocr_line' id='line_1_31' title="bbox 2123 1649 3708 1723; baseline -0.003 -15"><span class='ocrx_word' id='word_1_233' title='bbox 2123 1653 2305 1719; x_wconf 77' lang='grc' dir='ltr'>αὐτοῦ,</span> <span class='ocrx_word' id='word_1_234' title='bbox 2337 1672 2355 1705; x_wconf 74' lang='grc' dir='ltr'><strong>ι</strong></span> <span class='ocrx_word' id='word_1_235' title='bbox 2378 1652 2595 1723; x_wconf 83' lang='grc' dir='ltr'>ἀπάσης</span> <span class='ocrx_word' id='word_1_236' title='bbox 2615 1650 2999 1721; x_wconf 78' lang='grc' dir='ltr'><strong>ἀναισχυντίας</strong></span> <span class='ocrx_word' id='word_1_237' title='bbox 3031 1650 3199 1714; x_wconf 78' lang='grc' dir='ltr'>ἰόντες</span> <span class='ocrx_word' id='word_1_238' title='bbox 3228 1649 3505 1712; x_wconf 80' lang='grc' dir='ltr'>ἐπέκεινα,</span> <span class='ocrx_word' id='word_1_239' title='bbox 3541 1649 3708 1721; x_wconf 80' lang='grc' dir='ltr'>σκλη-</span> 
     </span>
    </p>
   </div>
   <div class='ocr_carea' id='block_1_32' title="bbox 427 1711 2026 1819">
    <p class='ocr_par' dir='ltr' id='par_1_32' title="bbox 427 1711 2013 1814">
     <span class='ocr_line' id='line_1_32' title="bbox 427 1711 2013 1814; baseline 0 -19"><span class='ocrx_word' id='word_1_240' title='bbox 427 1740 603 1809; x_wconf 80' lang='lat' dir='ltr'><strong>possit</strong></span> <span class='ocrx_word' id='word_1_241' title='bbox 636 1711 979 1814; x_wconf 67' lang='lat' dir='ltr'><strong>impudentia</strong></span> <span class='ocrx_word' id='word_1_242' title='bbox 1020 1743 1180 1807; x_wconf 88' lang='lat' dir='ltr'><strong>moti,</strong></span> <span class='ocrx_word' id='word_1_243' title='bbox 1221 1758 1363 1798; x_wconf 67' lang='lat' dir='ltr'><strong>saeve</strong></span> <span class='ocrx_word' id='word_1_244' title='bbox 1411 1742 1689 1812; x_wconf 88' lang='lat' dir='ltr'><strong>impieque</strong></span> <span class='ocrx_word' id='word_1_245' title='bbox 1725 1741 1781 1796; x_wconf 90' lang='lat' dir='ltr'><strong>in</strong></span> <span class='ocrx_word' id='word_1_246' title='bbox 1831 1742 2013 1811; x_wconf 90' lang='lat' dir='ltr'><strong>ipsum</strong></span> 
     </span>
    </p>
   </div>
   <div class='ocr_carea' id='block_1_33' title="bbox 2123 1711 3701 1819">
    <p class='ocr_par' dir='ltr' id='par_1_33' title="bbox 2123 1711 3701 1819">
     <span class='ocr_line' id='line_1_33' title="bbox 2123 1711 3701 1819; baseline -0.004 -18"><span class='ocrx_word' id='word_1_247' title='bbox 2123 1746 2231 1819; x_wconf 84' lang='grc' dir='ltr'>ρῶς</span> <span class='ocrx_word' id='word_1_248' title='bbox 2268 1711 2328 1800; x_wconf 72' lang='grc' dir='ltr'><strong>τε</strong></span> <span class='ocrx_word' id='word_1_249' title='bbox 2375 1746 2469 1800; x_wconf 73' lang='grc' dir='ltr'>καὶ</span> <span class='ocrx_word' id='word_1_250' title='bbox 2515 1711 2817 1815; x_wconf 46' lang='lat' dir='ltr'><strong>aeneam;</strong></span> <span class='ocrx_word' id='word_1_251' title='bbox 2855 1711 3214 1813; x_wconf 74' lang='grc' dir='ltr'>ἀντεφέροντο</span> <span class='ocrx_word' id='word_1_252' title='bbox 3245 1742 3512 1810; x_wconf 75' lang='grc' dir='ltr'>λέγοντες,</span> <span class='ocrx_word' id='word_1_253' title='bbox 3565 1711 3701 1796; x_wconf 44' lang='grc' dir='ltr'>ποτὶ</span> 
     </span>
    </p>
   </div>
   <div class='ocr_carea' id='block_1_34' title="bbox 425 1832 2026 1909">
    <p class='ocr_par' dir='ltr' id='par_1_34' title="bbox 425 1832 2014 1905">
     <span class='ocr_line' id='line_1_34' title="bbox 425 1832 2014 1905; baseline 0.001 -20"><span class='ocrx_word' id='word_1_254' title='bbox 425 1832 685 1899; x_wconf 83' lang='lat' dir='ltr'><strong>ruebant,</strong></span> <span class='ocrx_word' id='word_1_255' title='bbox 725 1833 996 1900; x_wconf 90' lang='lat' dir='ltr'><strong>dicentes,</strong></span> <span class='ocrx_word' id='word_1_256' title='bbox 1052 1849 1202 1889; x_wconf 89' lang='lat' dir='ltr'><strong>nunc</strong></span> <span class='ocrx_word' id='word_1_257' title='bbox 1233 1834 1459 1905; x_wconf 90' lang='lat' dir='ltr'><strong>quidem</strong></span> <span class='ocrx_word' id='word_1_258' title='bbox 1486 1833 1601 1890; x_wconf 88' lang='lat' dir='ltr'><strong>sic:</strong></span> <span class='ocrx_word' id='word_1_259' title='bbox 1637 1852 1654 1885; x_wconf 75' lang='grc' dir='ltr'><strong>ι</strong></span> <span class='ocrx_word' id='word_1_260' title='bbox 1688 1832 1822 1900; x_wconf 86' lang='lat' dir='ltr'><strong>Quis</strong></span> <span class='ocrx_word' id='word_1_261' title='bbox 1862 1832 2014 1887; x_wconf 90' lang='lat' dir='ltr'><strong>dedit</strong></span> 
     </span>
    </p>
   </div>
   <div class='ocr_carea' id='block_1_35' title="bbox 2123 1832 3701 1909">
    <p class='ocr_par' dir='ltr' id='par_1_35' title="bbox 2123 1832 3701 1909">
     <span class='ocr_line' id='line_1_35' title="bbox 2123 1832 3701 1909; baseline -0.004 -17"><span class='ocrx_word' id='word_1_262' title='bbox 2123 1838 2243 1909; x_wconf 81' lang='grc' dir='ltr'>μὲν,</span> <span class='ocrx_word' id='word_1_263' title='bbox 2279 1839 2360 1892; x_wconf 85' lang='grc' dir='ltr'>ὅτι</span> <span class='ocrx_word' id='word_1_264' title='bbox 2396 1856 2413 1889; x_wconf 81' lang='grc' dir='ltr'><strong>ι</strong></span> <span class='ocrx_word' id='word_1_265' title='bbox 2461 1837 2557 1900; x_wconf 88' lang='grc' dir='ltr'>Τίς</span> <span class='ocrx_word' id='word_1_266' title='bbox 2585 1835 2752 1889; x_wconf 82' lang='grc' dir='ltr'>ἔδωκέ</span> <span class='ocrx_word' id='word_1_267' title='bbox 2786 1852 2866 1888; x_wconf 82' lang='grc' dir='ltr'><strong>σοι</strong></span> <span class='ocrx_word' id='word_1_268' title='bbox 2891 1835 2990 1906; x_wconf 77' lang='grc' dir='ltr'>τὴν</span> <span class='ocrx_word' id='word_1_269' title='bbox 3019 1835 3267 1898; x_wconf 78' lang='grc' dir='ltr'><strong>ἐξουσίαν</strong></span> <span class='ocrx_word' id='word_1_270' title='bbox 3298 1832 3534 1905; x_wconf 86' lang='grc' dir='ltr'>ταύτην;</span> <span class='ocrx_word' id='word_1_271' title='bbox 3568 1834 3701 1886; x_wconf 65' lang='grc' dir='ltr'>ποτε</span> 
     </span>
    </p>
   </div>
   <div class='ocr_carea' id='block_1_36' title="bbox 428 1923 2026 2000">
    <p class='ocr_par' dir='ltr' id='par_1_36' title="bbox 428 1923 2014 2000">
     <span class='ocr_line' id='line_1_36' title="bbox 428 1923 2014 2000; baseline 0.003 -22"><span class='ocrx_word' id='word_1_272' title='bbox 428 1923 528 1978; x_wconf 87' lang='lat' dir='ltr'><strong>tibi</strong></span> <span class='ocrx_word' id='word_1_273' title='bbox 566 1932 895 2000; x_wconf 76' lang='lat' dir='ltr'><strong>potestatem</strong></span> <span class='ocrx_word' id='word_1_274' title='bbox 945 1925 1120 1982; x_wconf 86' lang='lat' dir='ltr'><strong>hanc?</strong></span> <span class='ocrx_word' id='word_1_275' title='bbox 1156 1946 1176 1978; x_wconf 79' lang='grc' dir='ltr'><strong>ι</strong></span> <span class='ocrx_word' id='word_1_276' title='bbox 1207 1942 1356 1983; x_wconf 91' lang='lat' dir='ltr'><strong>nunc</strong></span> <span class='ocrx_word' id='word_1_277' title='bbox 1397 1942 1530 1982; x_wconf 86' lang='lat' dir='ltr'><strong>vero</strong></span> <span class='ocrx_word' id='word_1_278' title='bbox 1583 1926 1665 1981; x_wconf 87' lang='lat' dir='ltr'><strong>sic</strong></span> <span class='ocrx_word' id='word_1_279' title='bbox 1699 1943 1713 1982; x_wconf 87' lang='lat'><strong>:</strong></span> <span class='ocrx_word' id='word_1_280' title='bbox 1752 1945 1769 1976; x_wconf 77' lang='grc' dir='ltr'><strong>ι</strong></span> <span class='ocrx_word' id='word_1_281' title='bbox 1798 1924 2014 1982; x_wconf 88' lang='lat' dir='ltr'><strong>Scimus</strong></span> 
     </span>
    </p>
   </div>
   <div class='ocr_carea' id='block_1_37' title="bbox 2123 1923 3702 2000">
    <p class='ocr_par' dir='ltr' id='par_1_37' title="bbox 2123 1924 3702 1998">
     <span class='ocr_line' id='line_1_37' title="bbox 2123 1924 3702 1998; baseline -0.004 -15"><span class='ocrx_word' id='word_1_282' title='bbox 2123 1928 2176 1983; x_wconf 78' lang='grc' dir='ltr'>δὲ</span> <span class='ocrx_word' id='word_1_283' title='bbox 2209 1929 2393 1982; x_wconf 86' lang='grc' dir='ltr'>πάλιν·</span> <span class='ocrx_word' id='word_1_284' title='bbox 2432 1946 2452 1979; x_wconf 76' lang='grc' dir='ltr'><strong>ι</strong></span> <span class='ocrx_word' id='word_1_285' title='bbox 2501 1927 2737 1998; x_wconf 76' lang='grc' dir='ltr'>Οἴδαμεν</span> <span class='ocrx_word' id='word_1_286' title='bbox 2777 1926 2859 1980; x_wconf 82' lang='grc' dir='ltr'><strong>δτι</strong></span> <span class='ocrx_word' id='word_1_287' title='bbox 2899 1927 3088 1979; x_wconf 87' lang='grc' dir='ltr'><strong>Μωσεῖ</strong></span> <span class='ocrx_word' id='word_1_288' title='bbox 3132 1924 3428 1997; x_wconf 74' lang='grc' dir='ltr'>λελάληκεν</span> <span class='ocrx_word' id='word_1_289' title='bbox 3472 1926 3502 1977; x_wconf 86' lang='grc' dir='ltr'><strong>ὁ</strong></span> <span class='ocrx_word' id='word_1_290' title='bbox 3534 1924 3702 1991; x_wconf 84' lang='grc' dir='ltr'>Θεδς,</span> 
     </span>
    </p>
   </div>
   <div class='ocr_carea' id='block_1_38' title="bbox 426 2012 2026 2091">
    <p class='ocr_par' dir='ltr' id='par_1_38' title="bbox 426 2016 2013 2087">
     <span class='ocr_line' id='line_1_38' title="bbox 426 2016 2013 2087; baseline 0.001 -16"><span class='ocrx_word' id='word_1_291' title='bbox 426 2016 576 2087; x_wconf 90' lang='lat' dir='ltr'><strong>quod</strong></span> <span class='ocrx_word' id='word_1_292' title='bbox 607 2017 754 2073; x_wconf 88' lang='lat' dir='ltr'><strong>Deus</strong></span> <span class='ocrx_word' id='word_1_293' title='bbox 780 2016 916 2073; x_wconf 83' lang='lat' dir='ltr'><strong>Mosi</strong></span> <span class='ocrx_word' id='word_1_294' title='bbox 934 2017 1155 2073; x_wconf 87' lang='lat' dir='ltr'><strong>locutus</strong></span> <span class='ocrx_word' id='word_1_295' title='bbox 1168 2018 1241 2073; x_wconf 89' lang='lat' dir='ltr'><strong>sit</strong></span> <span class='ocrx_word' id='word_1_296' title='bbox 1272 2036 1286 2072; x_wconf 89' lang='lat'><strong>:</strong></span> <span class='ocrx_word' id='word_1_297' title='bbox 1317 2019 1482 2073; x_wconf 91' lang='lat' dir='ltr'><strong>istum</strong></span> <span class='ocrx_word' id='word_1_298' title='bbox 1508 2026 1691 2073; x_wconf 89' lang='lat' dir='ltr'><strong>autem</strong></span> <span class='ocrx_word' id='word_1_299' title='bbox 1719 2032 1830 2072; x_wconf 88' lang='lat' dir='ltr'><strong>non</strong></span> <span class='ocrx_word' id='word_1_300' title='bbox 1854 2016 2013 2072; x_wconf 76' lang='lat' dir='ltr'><strong>novi-</strong></span> 
     </span>
    </p>
   </div>
   <div class='ocr_carea' id='block_1_39' title="bbox 2123 2012 3703 2091">
    <p class='ocr_par' dir='ltr' id='par_1_39' title="bbox 2123 2012 3703 2091">
     <span class='ocr_line' id='line_1_39' title="bbox 2123 2012 3703 2091; baseline -0.003 -15"><span class='ocrx_word' id='word_1_301' title='bbox 2123 2021 2307 2076; x_wconf 80' lang='grc' dir='ltr'>τοῦτον</span> <span class='ocrx_word' id='word_1_302' title='bbox 2352 2020 2410 2074; x_wconf 83' lang='grc' dir='ltr'>δὲ</span> <span class='ocrx_word' id='word_1_303' title='bbox 2441 2021 2543 2074; x_wconf 87' lang='grc' dir='ltr'><strong>ούκ</strong></span> <span class='ocrx_word' id='word_1_304' title='bbox 2582 2020 2803 2091; x_wconf 76' lang='grc' dir='ltr'>οἴδαμεν</span> <span class='ocrx_word' id='word_1_305' title='bbox 2833 2017 2997 2072; x_wconf 81' lang='grc' dir='ltr'>πόθεν</span> <span class='ocrx_word' id='word_1_306' title='bbox 3038 2017 3177 2070; x_wconf 76' lang='grc' dir='ltr'>ἐστί·</span> <span class='ocrx_word' id='word_1_307' title='bbox 3220 2037 3239 2070; x_wconf 72' lang='grc' dir='ltr'><strong>ι</strong></span> <span class='ocrx_word' id='word_1_308' title='bbox 3290 2018 3386 2071; x_wconf 67' lang='grc' dir='ltr'>καὶ</span> <span class='ocrx_word' id='word_1_309' title='bbox 3414 2016 3483 2070; x_wconf 73' lang='grc' dir='ltr'>τὰ</span> <span class='ocrx_word' id='word_1_310' title='bbox 3524 2017 3593 2071; x_wconf 76' lang='grc' dir='ltr'>δι’</span> <span class='ocrx_word' id='word_1_311' title='bbox 3624 2012 3703 2071; x_wconf 84' lang='grc' dir='ltr'>ὧν</span> 
     </span>
    </p>
   </div>
   <div class='ocr_carea' id='block_1_40' title="bbox 429 2107 2026 2182">
    <p class='ocr_par' dir='ltr' id='par_1_40' title="bbox 429 2107 2013 2180">
     <span class='ocr_line' id='line_1_40' title="bbox 429 2107 2013 2180; baseline 0.001 -17"><span class='ocrx_word' id='word_1_312' title='bbox 429 2122 552 2164; x_wconf 89' lang='lat' dir='ltr'><strong>mus</strong></span> <span class='ocrx_word' id='word_1_313' title='bbox 584 2107 730 2164; x_wconf 90' lang='lat' dir='ltr'><strong>unde</strong></span> <span class='ocrx_word' id='word_1_314' title='bbox 759 2108 831 2166; x_wconf 85' lang='lat' dir='ltr'><strong>sit</strong></span> <span class='ocrx_word' id='word_1_315' title='bbox 862 2109 930 2165; x_wconf 82' lang='grc'><strong>⁸⁸.</strong></span> <span class='ocrx_word' id='word_1_316' title='bbox 974 2129 993 2161; x_wconf 70' lang='grc' dir='ltr'><strong>ι</strong></span> <span class='ocrx_word' id='word_1_317' title='bbox 1023 2108 1201 2180; x_wconf 83' lang='lat' dir='ltr'><strong>Atque</strong></span> <span class='ocrx_word' id='word_1_318' title='bbox 1246 2109 1327 2165; x_wconf 90' lang='lat' dir='ltr'><strong>sic</strong></span> <span class='ocrx_word' id='word_1_319' title='bbox 1354 2109 1446 2164; x_wconf 92' lang='lat' dir='ltr'><strong>illa</strong></span> <span class='ocrx_word' id='word_1_320' title='bbox 1472 2125 1572 2180; x_wconf 91' lang='lat' dir='ltr'><strong>per</strong></span> <span class='ocrx_word' id='word_1_321' title='bbox 1594 2125 1717 2180; x_wconf 67' lang='lat' dir='ltr'><strong>quae</strong></span> <span class='ocrx_word' id='word_1_322' title='bbox 1752 2108 1888 2164; x_wconf 79' lang='lat' dir='ltr'><strong>salvi</strong></span> <span class='ocrx_word' id='word_1_323' title='bbox 1914 2108 2013 2164; x_wconf 83' lang='lat' dir='ltr'><strong>ﬁe-</strong></span> 
     </span>
    </p>
   </div>
   <div class='ocr_carea' id='block_1_41' title="bbox 2123 2107 3705 2182">
    <p class='ocr_par' dir='ltr' id='par_1_41' title="bbox 2123 2109 3705 2182">
     <span class='ocr_line' id='line_1_41' title="bbox 2123 2109 3705 2182; baseline -0.005 -13"><span class='ocrx_word' id='word_1_324' title='bbox 2123 2114 2384 2180; x_wconf 78' lang='grc' dir='ltr'>ὲσώζοντο</span> <span class='ocrx_word' id='word_1_325' title='bbox 2431 2111 2875 2182; x_wconf 81' lang='grc' dir='ltr'>καταγράφοντες</span> <span class='ocrx_word' id='word_1_326' title='bbox 2920 2110 2999 2176; x_wconf 88' lang='grc' dir='ltr'><strong>εἰς</strong></span> <span class='ocrx_word' id='word_1_327' title='bbox 3045 2109 3418 2181; x_wconf 73' lang='grc' dir='ltr'>κατάρῤησιν,</span> <span class='ocrx_word' id='word_1_328' title='bbox 3463 2109 3559 2162; x_wconf 68' lang='grc' dir='ltr'>καὶ</span> <span class='ocrx_word' id='word_1_329' title='bbox 3602 2109 3705 2179; x_wconf 80' lang='grc' dir='ltr'>τῆς</span> 
     </span>
    </p>
   </div>
   <div class='ocr_carea' id='block_1_42' title="bbox 429 2200 2026 2279">
    <p class='ocr_par' dir='ltr' id='par_1_42' title="bbox 429 2201 2015 2267">
     <span class='ocr_line' id='line_1_42' title="bbox 429 2201 2015 2267; baseline -0.001 -10"><span class='ocrx_word' id='word_1_330' title='bbox 429 2201 582 2267; x_wconf 85' lang='lat' dir='ltr'><strong>bant,</strong></span> <span class='ocrx_word' id='word_1_331' title='bbox 618 2201 974 2258; x_wconf 88' lang='lat' dir='ltr'><strong>ascribebant</strong></span> <span class='ocrx_word' id='word_1_332' title='bbox 1013 2202 1375 2267; x_wconf 84' lang='lat' dir='ltr'><strong>damnationi,</strong></span> <span class='ocrx_word' id='word_1_333' title='bbox 1435 2209 1492 2258; x_wconf 90' lang='lat' dir='ltr'><strong>et</strong></span> <span class='ocrx_word' id='word_1_334' title='bbox 1539 2201 1764 2257; x_wconf 90' lang='lat' dir='ltr'><strong>modum</strong></span> <span class='ocrx_word' id='word_1_335' title='bbox 1825 2201 2015 2257; x_wconf 86' lang='lat' dir='ltr'><strong>auxilii</strong></span> 
     </span>
    </p>
   </div>
   <div class='ocr_carea' id='block_1_43' title="bbox 2123 2200 3703 2279">
    <p class='ocr_par' dir='ltr' id='par_1_43' title="bbox 2123 2200 3703 2279">
     <span class='ocr_line' id='line_1_43' title="bbox 2123 2200 3703 2279; baseline -0.006 -16"><span class='ocrx_word' id='word_1_336' title='bbox 2123 2206 2442 2279; x_wconf 73' lang='grc' dir='ltr'>ἐπικουρίας</span> <span class='ocrx_word' id='word_1_337' title='bbox 2497 2205 2589 2259; x_wconf 81' lang='grc' dir='ltr'>τὸν</span> <span class='ocrx_word' id='word_1_338' title='bbox 2644 2204 2844 2275; x_wconf 79' lang='grc' dir='ltr'>τρόπον</span> <span class='ocrx_word' id='word_1_339' title='bbox 2890 2201 3274 2257; x_wconf 83' lang='grc' dir='ltr'>ἀσυνετώτατα</span> <span class='ocrx_word' id='word_1_340' title='bbox 3329 2200 3703 2271; x_wconf 84' lang='grc' dir='ltr'>διασύροντες.</span> 
     </span>
    </p>
   </div>
   <div class='ocr_carea' id='block_1_44' title="bbox 429 2291 2026 2368">
    <p class='ocr_par' dir='ltr' id='par_1_44' title="bbox 429 2292 2016 2363">
     <span class='ocr_line' id='line_1_44' title="bbox 429 2292 2016 2363; baseline 0.002 -17"><span class='ocrx_word' id='word_1_341' title='bbox 429 2292 514 2347; x_wconf 82' lang='lat' dir='ltr'><strong>sui</strong></span> <span class='ocrx_word' id='word_1_342' title='bbox 567 2292 881 2363; x_wconf 86' lang='lat' dir='ltr'><strong>turpissime</strong></span> <span class='ocrx_word' id='word_1_343' title='bbox 937 2293 1339 2349; x_wconf 78' lang='lat' dir='ltr'><strong>deformabunt.</strong></span> <span class='ocrx_word' id='word_1_344' title='bbox 1387 2294 1525 2349; x_wconf 89' lang='lat' dir='ltr'><strong>Nam</strong></span> <span class='ocrx_word' id='word_1_345' title='bbox 1572 2294 1795 2349; x_wconf 83' lang='lat' dir='ltr'><strong>divinus</strong></span> <span class='ocrx_word' id='word_1_346' title='bbox 1840 2294 2016 2349; x_wconf 80' lang='lat' dir='ltr'><strong>Moses</strong></span> 
     </span>
    </p>
   </div>
   <div class='ocr_carea' id='block_1_45' title="bbox 2123 2291 3706 2368">
    <p class='ocr_par' dir='ltr' id='par_1_45' title="bbox 2134 2291 3706 2368">
     <span class='ocr_line' id='line_1_45' title="bbox 2134 2291 3706 2368; baseline -0.006 -16"><span class='ocrx_word' id='word_1_347' title='bbox 2134 2296 2473 2352; x_wconf 83' lang='grc' dir='ltr'>Ἐνεκαλεῖτο</span> <span class='ocrx_word' id='word_1_348' title='bbox 2514 2297 2613 2368; x_wconf 83' lang='grc' dir='ltr'>μὲν</span> <span class='ocrx_word' id='word_1_349' title='bbox 2643 2295 2751 2366; x_wconf 82' lang='grc' dir='ltr'>γὰρ</span> <span class='ocrx_word' id='word_1_350' title='bbox 2787 2295 2816 2348; x_wconf 83' lang='grc' dir='ltr'><strong>ὁ</strong></span> <span class='ocrx_word' id='word_1_351' title='bbox 2843 2293 3127 2357; x_wconf 79' lang='grc' dir='ltr'>θεσπέσιος</span> <span class='ocrx_word' id='word_1_352' title='bbox 3161 2293 3371 2362; x_wconf 81' lang='grc' dir='ltr'>Μωσῆς</span> <span class='ocrx_word' id='word_1_353' title='bbox 3392 2291 3468 2355; x_wconf 84' lang='grc' dir='ltr'>ὡς</span> <span class='ocrx_word' id='word_1_354' title='bbox 3496 2291 3706 2345; x_wconf 80' lang='grc' dir='ltr'>ἀνελὼν</span> 
     </span>
    </p>
   </div>
   <div class='ocr_carea' id='block_1_46' title="bbox 429 2383 2026 2458">
    <p class='ocr_par' dir='ltr' id='par_1_46' title="bbox 429 2385 2015 2458">
     <span class='ocr_line' id='line_1_46' title="bbox 429 2385 2015 2458; baseline -0.001 -16"><span class='ocrx_word' id='word_1_355' title='bbox 429 2386 794 2442; x_wconf 82' lang='lat' dir='ltr'><strong>accusabatur</strong></span> <span class='ocrx_word' id='word_1_356' title='bbox 821 2386 969 2458; x_wconf 90' lang='lat' dir='ltr'><strong>quod</strong></span> <span class='ocrx_word' id='word_1_357' title='bbox 991 2386 1286 2443; x_wconf 89' lang='lat' dir='ltr'><strong>occidisset</strong></span> <span class='ocrx_word' id='word_1_358' title='bbox 1333 2385 1669 2458; x_wconf 75' lang='lat' dir='ltr'><strong>Ailgyptium,</strong></span> <span class='ocrx_word' id='word_1_359' title='bbox 1698 2387 1792 2456; x_wconf 90' lang='lat' dir='ltr'><strong>qui</strong></span> <span class='ocrx_word' id='word_1_360' title='bbox 1834 2395 2015 2441; x_wconf 87' lang='lat' dir='ltr'><strong>tamen</strong></span> 
     </span>
    </p>
   </div>
   <div class='ocr_carea' id='block_1_47' title="bbox 2123 2383 3707 2458">
    <p class='ocr_par' dir='ltr' id='par_1_47' title="bbox 2123 2383 3707 2458">
     <span class='ocr_line' id='line_1_47' title="bbox 2123 2383 3707 2458; baseline -0.005 -14"><span class='ocrx_word' id='word_1_361' title='bbox 2123 2390 2214 2445; x_wconf 77' lang='grc' dir='ltr'>τὸν</span> <span class='ocrx_word' id='word_1_362' title='bbox 2242 2388 2558 2458; x_wconf 78' lang='grc' dir='ltr'>Αἰγύπτιον,</span> <span class='ocrx_word' id='word_1_363' title='bbox 2586 2387 2767 2442; x_wconf 89' lang='grc' dir='ltr'>καίτοι</span> <span class='ocrx_word' id='word_1_364' title='bbox 2808 2385 3059 2440; x_wconf 78' lang='grc' dir='ltr'>θλίϐοντά</span> <span class='ocrx_word' id='word_1_365' title='bbox 3096 2386 3190 2439; x_wconf 77' lang='grc' dir='ltr'>καὶ</span> <span class='ocrx_word' id='word_1_366' title='bbox 3231 2384 3577 2454; x_wconf 78' lang='grc' dir='ltr'>ἐγκείμενον,</span> <span class='ocrx_word' id='word_1_367' title='bbox 3611 2383 3707 2437; x_wconf 72' lang='grc' dir='ltr'>καὶ</span> 
     </span>
    </p>
   </div>
   <div class='ocr_carea' id='block_1_48' title="bbox 429 2475 2026 2553">
    <p class='ocr_par' dir='ltr' id='par_1_48' title="bbox 429 2476 2015 2551">
     <span class='ocr_line' id='line_1_48' title="bbox 429 2476 2015 2551; baseline -0.001 -15"><span class='ocrx_word' id='word_1_368' title='bbox 429 2476 697 2536; x_wconf 76' lang='lat' dir='ltr'><strong>aﬂlixerat</strong></span> <span class='ocrx_word' id='word_1_369' title='bbox 728 2487 895 2551; x_wconf 88' lang='lat' dir='ltr'><strong>atque</strong></span> <span class='ocrx_word' id='word_1_370' title='bbox 938 2486 1187 2545; x_wconf 80' lang='lat' dir='ltr'><strong>vexarat,</strong></span> <span class='ocrx_word' id='word_1_371' title='bbox 1217 2487 1275 2535; x_wconf 88' lang='lat' dir='ltr'><strong>et</strong></span> <span class='ocrx_word' id='word_1_372' title='bbox 1303 2479 1639 2534; x_wconf 89' lang='lat' dir='ltr'><strong>intolerabili</strong></span> <span class='ocrx_word' id='word_1_373' title='bbox 1668 2479 1722 2533; x_wconf 80' lang='lat' dir='ltr'><strong>vi</strong></span> <span class='ocrx_word' id='word_1_374' title='bbox 1754 2478 2015 2535; x_wconf 62' lang='lat' dir='ltr'><strong>Hebraeo-</strong></span> 
     </span>
    </p>
   </div>
   <div class='ocr_carea' id='block_1_49' title="bbox 2123 2475 3709 2553">
    <p class='ocr_par' dir='ltr' id='par_1_49' title="bbox 2123 2475 3709 2553">
     <span class='ocr_line' id='line_1_49' title="bbox 2123 2475 3709 2553; baseline -0.004 -17"><span class='ocrx_word' id='word_1_375' title='bbox 2123 2481 2420 2553; x_wconf 83' lang='grc' dir='ltr'>άφορήτοις</span> <span class='ocrx_word' id='word_1_376' title='bbox 2449 2476 2784 2545; x_wconf 80' lang='grc' dir='ltr'>πλεονεξίαις</span> <span class='ocrx_word' id='word_1_377' title='bbox 2807 2476 2904 2542; x_wconf 78' lang='grc' dir='ltr'><strong>τὰς</strong></span> <span class='ocrx_word' id='word_1_378' title='bbox 2932 2476 3040 2530; x_wconf 85' lang='grc' dir='ltr'><strong>τῶν</strong></span> <span class='ocrx_word' id='word_1_379' title='bbox 3079 2476 3347 2548; x_wconf 85' lang='grc' dir='ltr'>Ἐϐραίων</span> <span class='ocrx_word' id='word_1_380' title='bbox 3371 2475 3571 2544; x_wconf 78' lang='grc' dir='ltr'>ἀγέλας</span> <span class='ocrx_word' id='word_1_381' title='bbox 3601 2493 3709 2529; x_wconf 88' lang='grc' dir='ltr'>κα-</span> 
     </span>
    </p>
   </div>
   <div class='ocr_carea' id='block_1_50' title="bbox 430 2565 2026 2646">
    <p class='ocr_par' dir='ltr' id='par_1_50' title="bbox 430 2569 2019 2643">
     <span class='ocr_line' id='line_1_50' title="bbox 430 2569 2019 2643; baseline 0 -17"><span class='ocrx_word' id='word_1_382' title='bbox 430 2585 551 2627; x_wconf 88' lang='lat' dir='ltr'><strong>rum</strong></span> <span class='ocrx_word' id='word_1_383' title='bbox 582 2586 776 2643; x_wconf 77' lang='lat' dir='ltr'><strong>greges</strong></span> <span class='ocrx_word' id='word_1_384' title='bbox 800 2580 1169 2642; x_wconf 85' lang='lat' dir='ltr'><strong>oppresserat.</strong></span> <span class='ocrx_word' id='word_1_385' title='bbox 1190 2569 1447 2629; x_wconf 86' lang='lat' dir='ltr'><strong>Christus</strong></span> <span class='ocrx_word' id='word_1_386' title='bbox 1473 2579 1659 2627; x_wconf 82' lang='lat' dir='ltr'><strong>autem</strong></span> <span class='ocrx_word' id='word_1_387' title='bbox 1686 2586 1812 2627; x_wconf 88' lang='lat' dir='ltr'><strong>cum</strong></span> <span class='ocrx_word' id='word_1_388' title='bbox 1845 2571 2019 2626; x_wconf 88' lang='lat' dir='ltr'><strong>malos</strong></span> 
     </span>
    </p>
   </div>
   <div class='ocr_carea' id='block_1_51' title="bbox 2123 2565 3708 2646">
    <p class='ocr_par' dir='ltr' id='par_1_51' title="bbox 2123 2565 3708 2646">
     <span class='ocr_line' id='line_1_51' title="bbox 2123 2565 3708 2646; baseline -0.006 -18"><span class='ocrx_word' id='word_1_389' title='bbox 2123 2571 2538 2646; x_wconf 74' lang='grc' dir='ltr'>ταφορτίζοντα.</span> <span class='ocrx_word' id='word_1_390' title='bbox 2586 2568 3002 2641; x_wconf 82' lang='grc' dir='ltr'>Καταχωννύων</span> <span class='ocrx_word' id='word_1_391' title='bbox 3032 2567 3090 2622; x_wconf 80' lang='grc' dir='ltr'>δὲ</span> <span class='ocrx_word' id='word_1_392' title='bbox 3128 2566 3319 2639; x_wconf 81' lang='grc' dir='ltr'>ὥσπερ</span> <span class='ocrx_word' id='word_1_393' title='bbox 3358 2569 3438 2630; x_wconf 67' lang='grc' dir='ltr'><strong>εἷς</strong></span> <span class='ocrx_word' id='word_1_394' title='bbox 3468 2565 3708 2622; x_wconf 81' lang='grc' dir='ltr'>ἄϐυσσον</span> 
     </span>
    </p>
   </div>
   <div class='ocr_carea' id='block_1_52' title="bbox 429 2654 2026 2738">
    <p class='ocr_par' dir='ltr' id='par_1_52' title="bbox 429 2663 2015 2738">
     <span class='ocr_line' id='line_1_52' title="bbox 429 2663 2015 2738; baseline 0.001 -20"><span class='ocrx_word' id='word_1_395' title='bbox 429 2664 713 2721; x_wconf 67' lang='lat' dir='ltr'><strong>daemones</strong></span> <span class='ocrx_word' id='word_1_396' title='bbox 737 2665 793 2720; x_wconf 92' lang='lat' dir='ltr'><strong>in</strong></span> <span class='ocrx_word' id='word_1_397' title='bbox 822 2665 1080 2737; x_wconf 82' lang='lat' dir='ltr'><strong>abyssum</strong></span> <span class='ocrx_word' id='word_1_398' title='bbox 1111 2665 1430 2738; x_wconf 88' lang='lat' dir='ltr'><strong>conjiceret,</strong></span> <span class='ocrx_word' id='word_1_399' title='bbox 1458 2672 1623 2736; x_wconf 87' lang='lat' dir='ltr'><strong>atque</strong></span> <span class='ocrx_word' id='word_1_400' title='bbox 1651 2680 1684 2720; x_wconf 84' lang='lat' dir='ltr'><strong>a</strong></span> <span class='ocrx_word' id='word_1_401' title='bbox 1706 2663 2015 2737; x_wconf 82' lang='lat' dir='ltr'><strong>tyrannide,</strong></span> 
     </span>
    </p>
   </div>
   <div class='ocr_carea' id='block_1_53' title="bbox 2123 2654 3710 2738">
    <p class='ocr_par' dir='ltr' id='par_1_53' title="bbox 2123 2654 3710 2735">
     <span class='ocr_line' id='line_1_53' title="bbox 2123 2654 3710 2735; baseline -0.006 -18"><span class='ocrx_word' id='word_1_402' title='bbox 2123 2665 2153 2717; x_wconf 84' lang='grc' dir='ltr'><strong>δ</strong></span> <span class='ocrx_word' id='word_1_403' title='bbox 2191 2661 2427 2735; x_wconf 81' lang='grc' dir='ltr'>Χριστὸς</span> <span class='ocrx_word' id='word_1_404' title='bbox 2463 2659 2538 2714; x_wconf 82' lang='grc' dir='ltr'><strong>τά</strong></span> <span class='ocrx_word' id='word_1_405' title='bbox 2566 2658 2779 2732; x_wconf 82' lang='grc' dir='ltr'>πονηρὰ</span> <span class='ocrx_word' id='word_1_406' title='bbox 2814 2656 3096 2729; x_wconf 82' lang='grc' dir='ltr'>δαιμόνια,</span> <span class='ocrx_word' id='word_1_407' title='bbox 3140 2656 3236 2710; x_wconf 74' lang='grc' dir='ltr'>καὶ</span> <span class='ocrx_word' id='word_1_408' title='bbox 3264 2656 3365 2727; x_wconf 83' lang='grc' dir='ltr'>τῆς</span> <span class='ocrx_word' id='word_1_409' title='bbox 3390 2654 3513 2710; x_wconf 82' lang='grc' dir='ltr'>καθ’</span> <span class='ocrx_word' id='word_1_410' title='bbox 3547 2655 3710 2725; x_wconf 75' lang='grc' dir='ltr'>ἡμῶν</span> 
     </span>
    </p>
   </div>
   <div class='ocr_carea' id='block_1_54' title="bbox 429 2745 2026 2829">
    <p class='ocr_par' dir='ltr' id='par_1_54' title="bbox 429 2756 2016 2829">
     <span class='ocr_line' id='line_1_54' title="bbox 429 2756 2016 2829; baseline -0.002 -16"><span class='ocrx_word' id='word_1_411' title='bbox 429 2774 595 2829; x_wconf 87' lang='lat' dir='ltr'><strong>quam</strong></span> <span class='ocrx_word' id='word_1_412' title='bbox 621 2758 679 2816; x_wconf 90' lang='lat' dir='ltr'><strong>in</strong></span> <span class='ocrx_word' id='word_1_413' title='bbox 710 2774 816 2815; x_wconf 89' lang='lat' dir='ltr'><strong>nos</strong></span> <span class='ocrx_word' id='word_1_414' title='bbox 847 2759 1206 2826; x_wconf 80' lang='lat' dir='ltr'><strong>exercebant,</strong></span> <span class='ocrx_word' id='word_1_415' title='bbox 1250 2758 1419 2813; x_wconf 87' lang='lat' dir='ltr'><strong>etiam</strong></span> <span class='ocrx_word' id='word_1_416' title='bbox 1448 2757 1652 2813; x_wconf 84' lang='lat' dir='ltr'><strong>invitos</strong></span> <span class='ocrx_word' id='word_1_417' title='bbox 1674 2756 2016 2828; x_wconf 88' lang='lat' dir='ltr'><strong>prohiberet,</strong></span> 
     </span>
    </p>
   </div>
   <div class='ocr_carea' id='block_1_55' title="bbox 2123 2745 3711 2829">
    <p class='ocr_par' dir='ltr' id='par_1_55' title="bbox 2123 2745 3711 2827">
     <span class='ocr_line' id='line_1_55' title="bbox 2123 2745 3711 2827; baseline -0.009 -16"><span class='ocrx_word' id='word_1_418' title='bbox 2123 2754 2441 2827; x_wconf 82' lang='grc' dir='ltr'>τυραννίδος</span> <span class='ocrx_word' id='word_1_419' title='bbox 2474 2753 2570 2807; x_wconf 74' lang='grc' dir='ltr'>καὶ</span> <span class='ocrx_word' id='word_1_420' title='bbox 2590 2751 2691 2823; x_wconf 76' lang='grc' dir='ltr'><strong>οὐχ</strong></span> <span class='ocrx_word' id='word_1_421' title='bbox 2731 2749 2926 2804; x_wconf 77' lang='grc' dir='ltr'>ἑκόντα</span> <span class='ocrx_word' id='word_1_422' title='bbox 2951 2746 3210 2820; x_wconf 78' lang='grc' dir='ltr'>μεθιστὰς</span> <span class='ocrx_word' id='word_1_423' title='bbox 3232 2746 3322 2802; x_wconf 77' lang='grc' dir='ltr'><strong>διὰ</strong></span> <span class='ocrx_word' id='word_1_424' title='bbox 3339 2746 3400 2799; x_wconf 86' lang='grc' dir='ltr'><strong>τδ</strong></span> <span class='ocrx_word' id='word_1_425' title='bbox 3420 2745 3530 2798; x_wconf 83' lang='grc' dir='ltr'><strong>τῶν</strong></span> <span class='ocrx_word' id='word_1_426' title='bbox 3556 2746 3711 2814; x_wconf 67' lang='grc' dir='ltr'><strong>ἐκόνι-</strong></span> 
     </span>
    </p>
   </div>
   <div class='ocr_carea' id='block_1_56' title="bbox 432 2835 2026 2924">
    <p class='ocr_par' dir='ltr' id='par_1_56' title="bbox 432 2849 2023 2924">
     <span class='ocr_line' id='line_1_56' title="bbox 432 2849 2023 2924; baseline -0.004 -13"><span class='ocrx_word' id='word_1_427' title='bbox 432 2852 694 2911; x_wconf 81' lang='lat' dir='ltr'><strong>nimirum</strong></span> <span class='ocrx_word' id='word_1_428' title='bbox 718 2852 1043 2924; x_wconf 82' lang='lat' dir='ltr'><strong>expellendo</strong></span> <span class='ocrx_word' id='word_1_429' title='bbox 1065 2851 1135 2907; x_wconf 88' lang='lat' dir='ltr'><strong>ab</strong></span> <span class='ocrx_word' id='word_1_430' title='bbox 1161 2852 1231 2907; x_wconf 88' lang='lat' dir='ltr'><strong>iis</strong></span> <span class='ocrx_word' id='word_1_431' title='bbox 1253 2867 1393 2922; x_wconf 89' lang='lat' dir='ltr'><strong>quos</strong></span> <span class='ocrx_word' id='word_1_432' title='bbox 1418 2850 1721 2917; x_wconf 79' lang='lat' dir='ltr'><strong>vexabant;</strong></span> <span class='ocrx_word' id='word_1_433' title='bbox 1748 2865 1872 2906; x_wconf 92' lang='lat' dir='ltr'><strong>cum</strong></span> <span class='ocrx_word' id='word_1_434' title='bbox 1886 2849 2023 2905; x_wconf 90' lang='lat' dir='ltr'><strong>alio-</strong></span> 
     </span>
    </p>
   </div>
   <div class='ocr_carea' id='block_1_57' title="bbox 2123 2835 3710 2924">
    <p class='ocr_par' dir='ltr' id='par_1_57' title="bbox 2124 2835 3710 2918">
     <span class='ocr_line' id='line_1_57' title="bbox 2124 2835 3710 2918; baseline -0.009 -14"><span class='ocrx_word' id='word_1_435' title='bbox 2124 2866 2234 2904; x_wconf 86' lang='grc' dir='ltr'><strong>των</strong></span> <span class='ocrx_word' id='word_1_436' title='bbox 2262 2846 2572 2918; x_wconf 73' lang='grc' dir='ltr'>ἐκπέμπειν</span> <span class='ocrx_word' id='word_1_437' title='bbox 2600 2844 2770 2899; x_wconf 72' lang='grc' dir='ltr'>αὐτάο</span> <span class='ocrx_word' id='word_1_438' title='bbox 2804 2842 2984 2897; x_wconf 89' lang='grc' dir='ltr'>καίτοι</span> <span class='ocrx_word' id='word_1_439' title='bbox 3016 2840 3134 2895; x_wconf 82' lang='grc' dir='ltr'>δέον</span> <span class='ocrx_word' id='word_1_440' title='bbox 3172 2839 3265 2893; x_wconf 78' lang='grc' dir='ltr'><strong>ἐπὶ</strong></span> <span class='ocrx_word' id='word_1_441' title='bbox 3291 2837 3465 2909; x_wconf 83' lang='grc' dir='ltr'>τούτῳ</span> <span class='ocrx_word' id='word_1_442' title='bbox 3492 2835 3710 2907; x_wconf 82' lang='grc' dir='ltr'>θαυμά-</span> 
     </span>
    </p>
   </div>
   <div class='ocr_carea' id='block_1_58' title="bbox 431 2929 2026 3013">
    <p class='ocr_par' dir='ltr' id='par_1_58' title="bbox 431 2938 2020 3013">
     <span class='ocr_line' id='line_1_58' title="bbox 431 2938 2020 3013; baseline 0.001 -22"><span class='ocrx_word' id='word_1_443' title='bbox 431 2938 525 3010; x_wconf 85' lang='lat' dir='ltr'><strong>qui</strong></span> <span class='ocrx_word' id='word_1_444' title='bbox 574 2940 702 2997; x_wconf 84' lang='lat' dir='ltr'><strong>ideo</strong></span> <span class='ocrx_word' id='word_1_445' title='bbox 748 2941 942 3013; x_wconf 87' lang='lat' dir='ltr'><strong>majori</strong></span> <span class='ocrx_word' id='word_1_446' title='bbox 979 2940 1334 2996; x_wconf 87' lang='lat' dir='ltr'><strong>admirationi</strong></span> <span class='ocrx_word' id='word_1_447' title='bbox 1380 2955 1503 2996; x_wconf 88' lang='lat' dir='ltr'><strong>esse</strong></span> <span class='ocrx_word' id='word_1_448' title='bbox 1536 2939 1784 3006; x_wconf 87' lang='lat' dir='ltr'><strong>deberet,</strong></span> <span class='ocrx_word' id='word_1_449' title='bbox 1837 2947 2020 2995; x_wconf 84' lang='lat' dir='ltr'><strong>tamen</strong></span> 
     </span>
    </p>
   </div>
   <div class='ocr_carea' id='block_1_59' title="bbox 2123 2929 3710 3013">
    <p class='ocr_par' dir='ltr' id='par_1_59' title="bbox 2128 2929 3710 3008">
     <span class='ocr_line' id='line_1_59' title="bbox 2128 2929 3710 3008; baseline -0.011 -10"><span class='ocrx_word' id='word_1_450' title='bbox 2128 2942 2339 3008; x_wconf 75' lang='grc' dir='ltr'>ζεσθαι,</span> <span class='ocrx_word' id='word_1_451' title='bbox 2372 2941 2500 3003; x_wconf 78' lang='grc' dir='ltr'>τοὺς</span> <span class='ocrx_word' id='word_1_452' title='bbox 2539 2935 2649 2991; x_wconf 83' lang='grc' dir='ltr'>τῶν</span> <span class='ocrx_word' id='word_1_453' title='bbox 2676 2934 2944 2992; x_wconf 71' lang='grc' dir='ltr'>εἰωθότων</span> <span class='ocrx_word' id='word_1_454' title='bbox 2985 2932 3295 3003; x_wconf 82' lang='grc' dir='ltr'>φιλοψογεῖν</span> <span class='ocrx_word' id='word_1_455' title='bbox 3326 2930 3389 2984; x_wconf 84' lang='grc' dir='ltr'><strong>ού</strong></span> <span class='ocrx_word' id='word_1_456' title='bbox 3416 2929 3603 3000; x_wconf 79' lang='grc' dir='ltr'>διέδρα</span> <span class='ocrx_word' id='word_1_457' title='bbox 3618 2929 3710 2982; x_wconf 81' lang='grc' dir='ltr'>λδ-</span> 
     </span>
    </p>
   </div>
   <div class='ocr_carea' id='block_1_60' title="bbox 432 3020 2026 3131">
    <p class='ocr_par' dir='ltr' id='par_1_60' title="bbox 432 3031 2019 3102">
     <span class='ocr_line' id='line_1_60' title="bbox 432 3031 2019 3102; baseline -0.003 -13"><span class='ocrx_word' id='word_1_458' title='bbox 432 3033 813 3089; x_wconf 85' lang='lat' dir='ltr'><strong>cavillatorum</strong></span> <span class='ocrx_word' id='word_1_459' title='bbox 857 3034 1301 3090; x_wconf 88' lang='lat' dir='ltr'><strong>criminationem</strong></span> <span class='ocrx_word' id='word_1_460' title='bbox 1340 3048 1455 3088; x_wconf 91' lang='lat' dir='ltr'><strong>non</strong></span> <span class='ocrx_word' id='word_1_461' title='bbox 1499 3032 1848 3102; x_wconf 80' lang='lat' dir='ltr'><strong>subterfugit.</strong></span> <span class='ocrx_word' id='word_1_462' title='bbox 1887 3031 2019 3086; x_wconf 86' lang='lat' dir='ltr'><strong>Ausi</strong></span> 
     </span>
    </p>
   </div>
   <div class='ocr_carea' id='block_1_61' title="bbox 2123 3020 3709 3131">
    <p class='ocr_par' dir='ltr' id='par_1_61' title="bbox 2127 3020 3709 3131">
     <span class='ocr_line' id='line_1_61' title="bbox 2127 3020 3709 3131; baseline -0.008 -43"><span class='ocrx_word' id='word_1_463' title='bbox 2127 3050 2278 3103; x_wconf 87' lang='grc' dir='ltr'>γους.</span> <span class='ocrx_word' id='word_1_464' title='bbox 2322 3030 2703 3101; x_wconf 81' lang='grc' dir='ltr'>Τετολμήκασι</span> <span class='ocrx_word' id='word_1_465' title='bbox 2742 3026 2853 3131; x_wconf 59' lang='grc' dir='ltr'><strong>γάρ</strong></span> <span class='ocrx_word' id='word_1_466' title='bbox 2891 3026 3065 3079; x_wconf 83' lang='grc' dir='ltr'>εἰπεῖν</span> <span class='ocrx_word' id='word_1_467' title='bbox 3097 3022 3349 3093; x_wconf 76' lang='grc' dir='ltr'>ἔγκλημα</span> <span class='ocrx_word' id='word_1_468' title='bbox 3382 3020 3709 3131; x_wconf 49' lang='grc' dir='ltr'>ἔτριούμενοε</span> 
     </span>
    </p>
   </div>
   <div class='ocr_carea' id='block_1_62' title="bbox 431 3109 2026 3197">
    <p class='ocr_par' dir='ltr' id='par_1_62' title="bbox 431 3123 2021 3196">
     <span class='ocr_line' id='line_1_62' title="bbox 431 3123 2021 3196; baseline -0.004 -14"><span class='ocrx_word' id='word_1_469' title='bbox 431 3127 579 3189; x_wconf 70' lang='lat' dir='ltr'><strong>cuitu</strong></span> <span class='ocrx_word' id='word_1_470' title='bbox 611 3126 838 3182; x_wconf 87' lang='lat' dir='ltr'><strong>fuerunt</strong></span> <span class='ocrx_word' id='word_1_471' title='bbox 872 3125 1082 3192; x_wconf 88' lang='lat' dir='ltr'><strong>dicere,</strong></span> <span class='ocrx_word' id='word_1_472' title='bbox 1128 3125 1509 3196; x_wconf 88' lang='lat' dir='ltr'><strong>prodigiorum</strong></span> <span class='ocrx_word' id='word_1_473' title='bbox 1545 3123 1847 3178; x_wconf 90' lang='lat' dir='ltr'><strong>editionem</strong></span> <span class='ocrx_word' id='word_1_474' title='bbox 1894 3136 2021 3187; x_wconf 83' lang='lat' dir='ltr'><strong>ver-</strong></span> 
     </span>
    </p>
   </div>
   <div class='ocr_carea' id='block_1_63' title="bbox 2123 3109 3710 3197">
    <p class='ocr_par' dir='ltr' id='par_1_63' title="bbox 2124 3109 3710 3197">
     <span class='ocr_line' id='line_1_63' title="bbox 2124 3109 3710 3197; baseline -0.011 -17"><span class='ocrx_word' id='word_1_475' title='bbox 2124 3125 2223 3197; x_wconf 82' lang='grc' dir='ltr'>τὴν</span> <span class='ocrx_word' id='word_1_476' title='bbox 2249 3119 2636 3194; x_wconf 77' lang='grc' dir='ltr'>τερατουργίαν</span> <span class='ocrx_word' id='word_1_477' title='bbox 2652 3136 2664 3151; x_wconf 80' lang='lat'><strong>&#39;</strong></span> <span class='ocrx_word' id='word_1_478' title='bbox 2699 3137 2718 3170; x_wconf 77' lang='grc' dir='ltr'><strong>ι</strong></span> <span class='ocrx_word' id='word_1_479' title='bbox 2752 3111 2919 3180; x_wconf 68' lang='grc' dir='ltr'>οὗτος</span> <span class='ocrx_word' id='word_1_480' title='bbox 2943 3115 3043 3169; x_wconf 87' lang='grc' dir='ltr'><strong>ούκ</strong></span> <span class='ocrx_word' id='word_1_481' title='bbox 3063 3112 3314 3167; x_wconf 75' lang='grc' dir='ltr'>ἐκϐάλλει</span> <span class='ocrx_word' id='word_1_482' title='bbox 3339 3109 3409 3165; x_wconf 80' lang='grc' dir='ltr'>τὰ</span> <span class='ocrx_word' id='word_1_483' title='bbox 3431 3110 3710 3180; x_wconf 81' lang='grc' dir='ltr'>δαιμόνια,</span> 
     </span>
    </p>
   </div>
   <div class='ocr_carea' id='block_1_64' title="bbox 433 3214 2024 3300">
    <p class='ocr_par' dir='ltr' id='par_1_64' title="bbox 433 3214 2024 3300">
     <span class='ocr_line' id='line_1_64' title="bbox 433 3214 2024 3300; baseline 0.001 -30"><span class='ocrx_word' id='word_1_484' title='bbox 433 3224 615 3281; x_wconf 76' lang='lat' dir='ltr'><strong>tentes</strong></span> <span class='ocrx_word' id='word_1_485' title='bbox 648 3217 705 3272; x_wconf 91' lang='lat' dir='ltr'><strong>in</strong></span> <span class='ocrx_word' id='word_1_486' title='bbox 734 3219 1142 3273; x_wconf 90' lang='lat' dir='ltr'><strong>accusationem</strong></span> <span class='ocrx_word' id='word_1_487' title='bbox 1172 3236 1184 3271; x_wconf 92' lang='lat'><strong>:</strong></span> <span class='ocrx_word' id='word_1_488' title='bbox 1221 3236 1239 3269; x_wconf 80' lang='grc' dir='ltr'><strong>ι</strong></span> <span class='ocrx_word' id='word_1_489' title='bbox 1279 3217 1388 3272; x_wconf 90' lang='lat' dir='ltr'><strong>Iste</strong></span> <span class='ocrx_word' id='word_1_490' title='bbox 1429 3232 1540 3300; x_wconf 75' lang='lat' dir='ltr'><strong>non</strong></span> <span class='ocrx_word' id='word_1_491' title='bbox 1572 3217 1724 3286; x_wconf 86' lang='lat' dir='ltr'><strong>ejicit</strong></span> <span class='ocrx_word' id='word_1_492' title='bbox 1755 3214 2024 3272; x_wconf 69' lang='lat' dir='ltr'><strong>daemonia</strong></span> 
     </span>
    </p>
   </div>
   <div class='ocr_carea' id='block_1_65' title="bbox 433 3308 2023 3382">
    <p class='ocr_par' dir='ltr' id='par_1_65' title="bbox 433 3308 2023 3382">
     <span class='ocr_line' id='line_1_65' title="bbox 433 3308 2023 3382; baseline 0.001 -18"><span class='ocrx_word' id='word_1_493' title='bbox 433 3309 539 3365; x_wconf 74' lang='lat' dir='ltr'><strong>nisi</strong></span> <span class='ocrx_word' id='word_1_494' title='bbox 566 3308 621 3363; x_wconf 89' lang='lat' dir='ltr'><strong>in</strong></span> <span class='ocrx_word' id='word_1_495' title='bbox 636 3308 945 3365; x_wconf 87' lang='lat' dir='ltr'><strong>Beelzebub</strong></span> <span class='ocrx_word' id='word_1_496' title='bbox 967 3310 1214 3382; x_wconf 90' lang='lat' dir='ltr'><strong>principe</strong></span> <span class='ocrx_word' id='word_1_497' title='bbox 1227 3310 1625 3365; x_wconf 73' lang='lat' dir='ltr'><strong>daemoniorum</strong></span> <span class='ocrx_word' id='word_1_498' title='bbox 1638 3310 1707 3365; x_wconf 80' lang='grc'><strong>⁸³.</strong></span> <span class='ocrx_word' id='word_1_499' title='bbox 1721 3331 1738 3362; x_wconf 74' lang='grc' dir='ltr'><strong>ι</strong></span> <span class='ocrx_word' id='word_1_500' title='bbox 1776 3309 2023 3367; x_wconf 77' lang='lat' dir='ltr'><strong>Observa</strong></span> 
     </span>
    </p>
   </div>
   <div class='ocr_carea' id='block_1_66' title="bbox 432 3401 2022 3475">
    <p class='ocr_par' dir='ltr' id='par_1_66' title="bbox 432 3401 2022 3475">
     <span class='ocr_line' id='line_1_66' title="bbox 432 3401 2022 3475; baseline 0 -18"><span class='ocrx_word' id='word_1_501' title='bbox 432 3410 618 3457; x_wconf 82' lang='lat' dir='ltr'><strong>autem</strong></span> <span class='ocrx_word' id='word_1_502' title='bbox 664 3401 814 3472; x_wconf 87' lang='lat' dir='ltr'><strong>quod</strong></span> <span class='ocrx_word' id='word_1_503' title='bbox 856 3402 1035 3459; x_wconf 79' lang='lat' dir='ltr'><strong>Moses</strong></span> <span class='ocrx_word' id='word_1_504' title='bbox 1065 3417 1190 3457; x_wconf 89' lang='lat' dir='ltr'><strong>cum</strong></span> <span class='ocrx_word' id='word_1_505' title='bbox 1228 3402 1475 3473; x_wconf 86' lang='lat' dir='ltr'><strong>undique</strong></span> <span class='ocrx_word' id='word_1_506' title='bbox 1520 3402 2022 3475; x_wconf 78' lang='lat' dir='ltr'><strong>circumspexisset,</strong></span> 
     </span>
    </p>
   </div>
   <div class='ocr_carea' id='block_1_67' title="bbox 433 3492 2025 3565">
    <p class='ocr_par' dir='ltr' id='par_1_67' title="bbox 433 3492 2025 3565">
     <span class='ocr_line' id='line_1_67' title="bbox 433 3492 2025 3565; baseline 0 -17"><span class='ocrx_word' id='word_1_507' title='bbox 433 3507 537 3548; x_wconf 88' lang='lat' dir='ltr'><strong>nec</strong></span> <span class='ocrx_word' id='word_1_508' title='bbox 561 3508 894 3564; x_wconf 86' lang='lat' dir='ltr'><strong>quemquam</strong></span> <span class='ocrx_word' id='word_1_509' title='bbox 910 3492 1413 3560; x_wconf 84' lang='lat' dir='ltr'><strong>animadvertisset,</strong></span> <span class='ocrx_word' id='word_1_510' title='bbox 1438 3493 1602 3565; x_wconf 74' lang='lat'><strong>256</strong></span> <span class='ocrx_word' id='word_1_511' title='bbox 1631 3493 1854 3549; x_wconf 91' lang='lat' dir='ltr'><strong>tandem</strong></span> <span class='ocrx_word' id='word_1_512' title='bbox 1878 3511 2025 3549; x_wconf 87' lang='lat' dir='ltr'><strong>mor-</strong></span> 
     </span>
    </p>
   </div>
   <div class='ocr_carea' id='block_1_68' title="bbox 435 3583 2025 3657">
    <p class='ocr_par' dir='ltr' id='par_1_68' title="bbox 435 3583 2025 3657">
     <span class='ocr_line' id='line_1_68' title="bbox 435 3583 2025 3657; baseline 0.002 -19"><span class='ocrx_word' id='word_1_513' title='bbox 435 3594 589 3640; x_wconf 92' lang='lat' dir='ltr'><strong>tuum</strong></span> <span class='ocrx_word' id='word_1_514' title='bbox 611 3583 927 3657; x_wconf 66' lang='lat' dir='ltr'><strong>1Egyptium</strong></span> <span class='ocrx_word' id='word_1_515' title='bbox 955 3584 1246 3641; x_wconf 88' lang='lat' dir='ltr'><strong>abscondit</strong></span> <span class='ocrx_word' id='word_1_516' title='bbox 1268 3585 1325 3640; x_wconf 88' lang='lat' dir='ltr'><strong>in</strong></span> <span class='ocrx_word' id='word_1_517' title='bbox 1340 3600 1528 3640; x_wconf 89' lang='lat' dir='ltr'><strong>arena.</strong></span> <span class='ocrx_word' id='word_1_518' title='bbox 1562 3584 1772 3640; x_wconf 88' lang='lat' dir='ltr'><strong>Deinde</strong></span> <span class='ocrx_word' id='word_1_519' title='bbox 1793 3586 2025 3641; x_wconf 84' lang='lat' dir='ltr'><strong>veniens</strong></span> 
     </span>
    </p>
   </div>
   <div class='ocr_carea' id='block_1_69' title="bbox 433 3677 2020 3749">
    <p class='ocr_par' dir='ltr' id='par_1_69' title="bbox 433 3677 2020 3749">
     <span class='ocr_line' id='line_1_69' title="bbox 433 3677 2020 3749; baseline 0.001 -14"><span class='ocrx_word' id='word_1_520' title='bbox 433 3678 711 3735; x_wconf 86' lang='lat' dir='ltr'><strong>consuluit</strong></span> <span class='ocrx_word' id='word_1_521' title='bbox 730 3694 854 3749; x_wconf 67' lang='lat' dir='ltr'><strong>quae</strong></span> <span class='ocrx_word' id='word_1_522' title='bbox 878 3679 996 3735; x_wconf 89' lang='lat' dir='ltr'><strong>suis</strong></span> <span class='ocrx_word' id='word_1_523' title='bbox 1025 3677 1292 3733; x_wconf 78' lang='lat' dir='ltr'><strong>fratribus</strong></span> <span class='ocrx_word' id='word_1_524' title='bbox 1320 3677 1680 3734; x_wconf 88' lang='lat' dir='ltr'><strong>conferebant</strong></span> <span class='ocrx_word' id='word_1_525' title='bbox 1709 3677 1776 3733; x_wconf 89' lang='lat' dir='ltr'><strong>ad</strong></span> <span class='ocrx_word' id='word_1_526' title='bbox 1808 3694 2020 3749; x_wconf 86' lang='lat' dir='ltr'><strong>pacem.</strong></span> 
     </span>
    </p>
   </div>
   <div class='ocr_carea' id='block_1_70' title="bbox 434 3772 2025 3845">
    <p class='ocr_par' dir='ltr' id='par_1_70' title="bbox 434 3772 2025 3845">
     <span class='ocr_line' id='line_1_70' title="bbox 434 3772 2025 3845; baseline -0.001 -15"><span class='ocrx_word' id='word_1_527' title='bbox 434 3773 646 3845; x_wconf 81' lang='lat' dir='ltr'><strong>Pugnat</strong></span> <span class='ocrx_word' id='word_1_528' title='bbox 683 3774 831 3830; x_wconf 88' lang='lat' dir='ltr'><strong>enim</strong></span> <span class='ocrx_word' id='word_1_529' title='bbox 867 3775 1133 3830; x_wconf 86' lang='lat' dir='ltr'><strong>Dominus</strong></span> <span class='ocrx_word' id='word_1_530' title='bbox 1169 3782 1362 3830; x_wconf 90' lang='lat' dir='ltr'><strong>contra</strong></span> <span class='ocrx_word' id='word_1_531' title='bbox 1391 3772 1639 3839; x_wconf 86' lang='lat' dir='ltr'><strong>Amalec;</strong></span> <span class='ocrx_word' id='word_1_532' title='bbox 1670 3781 1930 3828; x_wconf 84' lang='lat' dir='ltr'><strong>caeterum</strong></span> <span class='ocrx_word' id='word_1_533' title='bbox 1969 3773 2025 3828; x_wconf 90' lang='lat' dir='ltr'><strong>in</strong></span> 
     </span>
    </p>
   </div>
   <div class='ocr_carea' id='block_1_71' title="bbox 372 3865 2024 3938">
    <p class='ocr_par' dir='ltr' id='par_1_71' title="bbox 372 3865 2024 3938">
     <span class='ocr_line' id='line_1_71' title="bbox 372 3865 2024 3938; baseline 0.001 -20"><span class='ocrx_word' id='word_1_534' title='bbox 372 3878 375 3882; x_wconf 69' lang='lat'><strong><em>&#39;</em></strong></span> <span class='ocrx_word' id='word_1_535' title='bbox 433 3881 600 3922; x_wconf 81' lang='lat' dir='ltr'><strong>ntanu</strong></span> <span class='ocrx_word' id='word_1_536' title='bbox 622 3867 866 3934; x_wconf 89' lang='lat' dir='ltr'><strong>sublimi,</strong></span> <span class='ocrx_word' id='word_1_537' title='bbox 893 3874 956 3921; x_wconf 89' lang='lat' dir='ltr'><strong>ut</strong></span> <span class='ocrx_word' id='word_1_538' title='bbox 979 3865 1244 3938; x_wconf 90' lang='lat' dir='ltr'><strong>scriptum</strong></span> <span class='ocrx_word' id='word_1_539' title='bbox 1278 3876 1364 3924; x_wconf 90' lang='lat' dir='ltr'><strong>est</strong></span> <span class='ocrx_word' id='word_1_540' title='bbox 1395 3867 1464 3933; x_wconf 73' lang='grc'><strong>⁸⁸,</strong></span> <span class='ocrx_word' id='word_1_541' title='bbox 1492 3875 1549 3922; x_wconf 93' lang='lat' dir='ltr'><strong>et</strong></span> <span class='ocrx_word' id='word_1_542' title='bbox 1584 3867 1804 3920; x_wconf 88' lang='lat' dir='ltr'><strong>nemine</strong></span> <span class='ocrx_word' id='word_1_543' title='bbox 1831 3879 2024 3919; x_wconf 87' lang='lat' dir='ltr'><strong>eorum</strong></span> 
     </span>
    </p>
   </div>
   <div class='ocr_carea' id='block_1_72' title="bbox 431 3956 2027 4031">
    <p class='ocr_par' dir='ltr' id='par_1_72' title="bbox 431 3956 2027 4031">
     <span class='ocr_line' id='line_1_72' title="bbox 431 3956 2027 4031; baseline -0.001 -20"><span class='ocrx_word' id='word_1_544' title='bbox 431 3956 527 4027; x_wconf 88' lang='lat' dir='ltr'><strong>qui</strong></span> <span class='ocrx_word' id='word_1_545' title='bbox 570 3957 628 4012; x_wconf 90' lang='lat' dir='ltr'><strong>in</strong></span> <span class='ocrx_word' id='word_1_546' title='bbox 678 3957 842 4015; x_wconf 88' lang='lat' dir='ltr'><strong>terris</strong></span> <span class='ocrx_word' id='word_1_547' title='bbox 884 3958 1093 4031; x_wconf 79' lang='lat' dir='ltr'><strong>degunt</strong></span> <span class='ocrx_word' id='word_1_548' title='bbox 1136 3957 1382 4025; x_wconf 83' lang='lat' dir='ltr'><strong>vidente,</strong></span> <span class='ocrx_word' id='word_1_549' title='bbox 1423 3973 1512 4013; x_wconf 90' lang='lat' dir='ltr'><strong>res</strong></span> <span class='ocrx_word' id='word_1_550' title='bbox 1563 3956 1874 4013; x_wconf 80' lang='lat' dir='ltr'><strong>ineffabiles</strong></span> <span class='ocrx_word' id='word_1_551' title='bbox 1925 3971 2027 4027; x_wconf 90' lang='lat' dir='ltr'><strong>per</strong></span> 
     </span>
    </p>
   </div>
   <div class='ocr_carea' id='block_1_73' title="bbox 432 4045 2026 4119">
    <p class='ocr_par' dir='ltr' id='par_1_73' title="bbox 432 4045 2026 4119">
     <span class='ocr_line' id='line_1_73' title="bbox 432 4045 2026 4119; baseline 0.001 -19"><span class='ocrx_word' id='word_1_552' title='bbox 432 4045 714 4105; x_wconf 79' lang='lat' dir='ltr'><strong>Christum</strong></span> <span class='ocrx_word' id='word_1_553' title='bbox 736 4048 1177 4105; x_wconf 85' lang='lat' dir='ltr'><strong>administrabat.</strong></span> <span class='ocrx_word' id='word_1_554' title='bbox 1203 4048 1490 4116; x_wconf 83' lang='lat' dir='ltr'><strong>Quomodo</strong></span> <span class='ocrx_word' id='word_1_555' title='bbox 1514 4065 1663 4105; x_wconf 76' lang='lat' dir='ltr'><strong>enim</strong></span> <span class='ocrx_word' id='word_1_556' title='bbox 1692 4046 2026 4119; x_wconf 86' lang='lat' dir='ltr'><strong>autquando</strong></span> 
     </span>
    </p>
   </div>
   <div class='ocr_carea' id='block_1_74' title="bbox 434 4135 2026 4210">
    <p class='ocr_par' dir='ltr' id='par_1_74' title="bbox 434 4135 2026 4210">
     <span class='ocr_line' id='line_1_74' title="bbox 434 4135 2026 4210; baseline 0.003 -21"><span class='ocrx_word' id='word_1_557' title='bbox 434 4135 831 4195; x_wconf 70' lang='lat' dir='ltr'><strong>datmoniorum</strong></span> <span class='ocrx_word' id='word_1_558' title='bbox 848 4139 1109 4195; x_wconf 85' lang='lat' dir='ltr'><strong>cohortes</strong></span> <span class='ocrx_word' id='word_1_559' title='bbox 1138 4140 1248 4194; x_wconf 90' lang='lat' dir='ltr'><strong>sint</strong></span> <span class='ocrx_word' id='word_1_560' title='bbox 1268 4141 1560 4205; x_wconf 65' lang='lat' dir='ltr'><strong>damnatae,</strong></span> <span class='ocrx_word' id='word_1_561' title='bbox 1583 4148 1641 4195; x_wconf 92' lang='lat' dir='ltr'><strong>et</strong></span> <span class='ocrx_word' id='word_1_562' title='bbox 1663 4147 1725 4195; x_wconf 90' lang='lat' dir='ltr'><strong>ut</strong></span> <span class='ocrx_word' id='word_1_563' title='bbox 1752 4138 1808 4193; x_wconf 91' lang='lat' dir='ltr'><strong>in</strong></span> <span class='ocrx_word' id='word_1_564' title='bbox 1829 4138 2026 4210; x_wconf 83' lang='lat' dir='ltr'><strong>abysso</strong></span> 
     </span>
    </p>
   </div>
   <div class='ocr_carea' id='block_1_75' title="bbox 438 4227 2025 4301">
    <p class='ocr_par' dir='ltr' id='par_1_75' title="bbox 438 4227 2025 4301">
     <span class='ocr_line' id='line_1_75' title="bbox 438 4227 2025 4301; baseline 0.002 -20"><span class='ocrx_word' id='word_1_565' title='bbox 438 4227 751 4283; x_wconf 82' lang='lat' dir='ltr'><strong>habitarent</strong></span> <span class='ocrx_word' id='word_1_566' title='bbox 766 4228 902 4299; x_wconf 90' lang='lat' dir='ltr'><strong>ipsis</strong></span> <span class='ocrx_word' id='word_1_567' title='bbox 923 4239 1258 4301; x_wconf 67' lang='lat' dir='ltr'><strong>praeceptum</strong></span> <span class='ocrx_word' id='word_1_568' title='bbox 1295 4231 1386 4295; x_wconf 87' lang='lat' dir='ltr'><strong>sit,</strong></span> <span class='ocrx_word' id='word_1_569' title='bbox 1413 4232 1667 4301; x_wconf 88' lang='lat' dir='ltr'><strong>quisnam</strong></span> <span class='ocrx_word' id='word_1_570' title='bbox 1707 4231 2025 4285; x_wconf 87' lang='lat' dir='ltr'><strong>mortalium</strong></span> 
     </span>
    </p>
   </div>
   <div class='ocr_carea' id='block_1_76' title="bbox 436 4321 2025 4395">
    <p class='ocr_par' dir='ltr' id='par_1_76' title="bbox 436 4321 2025 4395">
     <span class='ocr_line' id='line_1_76' title="bbox 436 4321 2025 4395; baseline 0.001 -18"><span class='ocrx_word' id='word_1_571' title='bbox 436 4321 690 4378; x_wconf 82' lang='lat' dir='ltr'><strong>noverit?</strong></span> <span class='ocrx_word' id='word_1_572' title='bbox 717 4322 957 4392; x_wconf 84' lang='lat' dir='ltr'><strong>Depulso</strong></span> <span class='ocrx_word' id='word_1_573' title='bbox 988 4322 1156 4395; x_wconf 85' lang='lat' dir='ltr'><strong>igitur</strong></span> <span class='ocrx_word' id='word_1_574' title='bbox 1184 4324 1240 4379; x_wconf 91' lang='lat' dir='ltr'><strong>in</strong></span> <span class='ocrx_word' id='word_1_575' title='bbox 1280 4324 1558 4379; x_wconf 81' lang='lat' dir='ltr'><strong>infernum</strong></span> <span class='ocrx_word' id='word_1_576' title='bbox 1593 4324 1815 4388; x_wconf 87' lang='lat' dir='ltr'><strong>Satana,</strong></span> <span class='ocrx_word' id='word_1_577' title='bbox 1842 4324 2025 4378; x_wconf 84' lang='lat' dir='ltr'><strong>homi-</strong></span> 
     </span>
    </p>
   </div>
   <div class='ocr_carea' id='block_1_77' title="bbox 2126 3203 3710 3288">
    <p class='ocr_par' dir='ltr' id='par_1_77' title="bbox 2126 3203 3710 3288">
     <span class='ocr_line' id='line_1_77' title="bbox 2126 3203 3710 3288; baseline -0.011 -17"><span class='ocrx_word' id='word_1_578' title='bbox 2126 3220 2175 3271; x_wconf 85' lang='grc' dir='ltr'><strong>εἰ</strong></span> <span class='ocrx_word' id='word_1_579' title='bbox 2205 3215 2280 3288; x_wconf 79' lang='grc' dir='ltr'>μὴ</span> <span class='ocrx_word' id='word_1_580' title='bbox 2308 3217 2366 3269; x_wconf 79' lang='grc' dir='ltr'>ὲν</span> <span class='ocrx_word' id='word_1_581' title='bbox 2395 3210 2721 3277; x_wconf 76' lang='grc' dir='ltr'>Βεελζεϐοὺλ</span> <span class='ocrx_word' id='word_1_582' title='bbox 2749 3210 2969 3281; x_wconf 78' lang='grc' dir='ltr'>ἄρχοντι</span> <span class='ocrx_word' id='word_1_583' title='bbox 2996 3206 3105 3261; x_wconf 82' lang='grc' dir='ltr'><strong>τῶν</strong></span> <span class='ocrx_word' id='word_1_584' title='bbox 3137 3203 3450 3276; x_wconf 83' lang='grc' dir='ltr'>δαιμονίων.</span> <span class='ocrx_word' id='word_1_585' title='bbox 3490 3224 3511 3255; x_wconf 74' lang='grc' dir='ltr'><strong>ι</strong></span> <span class='ocrx_word' id='word_1_586' title='bbox 3554 3203 3710 3288; x_wconf 70' lang='grc' dir='ltr'>ᾚπι-</span> 
     </span>
    </p>
   </div>
   <div class='ocr_carea' id='block_1_78' title="bbox 2125 3286 3815 3381">
    <p class='ocr_par' dir='ltr' id='par_1_78' title="bbox 2125 3286 3815 3381">
     <span class='ocr_line' id='line_1_78' title="bbox 2125 3286 3815 3381; baseline -0.008 -18"><span class='ocrx_word' id='word_1_587' title='bbox 2125 3286 2281 3381; x_wconf 79' lang='grc' dir='ltr'>τήρει</span> <span class='ocrx_word' id='word_1_588' title='bbox 2322 3306 2381 3361; x_wconf 71' lang='grc' dir='ltr'>δὲ</span> <span class='ocrx_word' id='word_1_589' title='bbox 2411 3307 2495 3360; x_wconf 83' lang='grc' dir='ltr'><strong>ὅτι</strong></span> <span class='ocrx_word' id='word_1_590' title='bbox 2527 3301 2995 3375; x_wconf 71' lang='grc' dir='ltr'>περιϐλεψάμενος</span> <span class='ocrx_word' id='word_1_591' title='bbox 3025 3300 3053 3352; x_wconf 85' lang='grc' dir='ltr'>ὁ</span> <span class='ocrx_word' id='word_1_592' title='bbox 3081 3296 3288 3367; x_wconf 83' lang='grc' dir='ltr'>Μωσῆς</span> <span class='ocrx_word' id='word_1_593' title='bbox 3315 3289 3417 3349; x_wconf 83' lang='grc' dir='ltr'><strong>ὧδε</strong></span> <span class='ocrx_word' id='word_1_594' title='bbox 3454 3294 3552 3349; x_wconf 73' lang='grc' dir='ltr'>καὶ</span> <span class='ocrx_word' id='word_1_595' title='bbox 3579 3286 3708 3357; x_wconf 82' lang='grc' dir='ltr'>ὧδε.</span> <span class='ocrx_word' id='word_1_596' title='bbox 3806 3362 3815 3371; x_wconf 18' lang='grc' dir='ltr'><strong><em>κ</em></strong></span> 
     </span>
    </p>
   </div>
   <div class='ocr_carea' id='block_1_79' title="bbox 2125 3388 3713 3470">
    <p class='ocr_par' dir='ltr' id='par_1_79' title="bbox 2125 3388 3713 3470">
     <span class='ocr_line' id='line_1_79' title="bbox 2125 3388 3713 3470; baseline -0.011 -13"><span class='ocrx_word' id='word_1_597' title='bbox 2125 3402 2220 3456; x_wconf 77' lang='grc' dir='ltr'><strong>καὶ</strong></span> <span class='ocrx_word' id='word_1_598' title='bbox 2247 3399 2572 3470; x_wconf 77' lang='grc' dir='ltr'>τεθεαμένος</span> <span class='ocrx_word' id='word_1_599' title='bbox 2602 3394 2816 3458; x_wconf 85' lang='grc' dir='ltr'>ούδένα,</span> <span class='ocrx_word' id='word_1_600' title='bbox 2849 3391 3119 3447; x_wconf 82' lang='grc' dir='ltr'>τεθνεῶτα</span> <span class='ocrx_word' id='word_1_601' title='bbox 3145 3390 3238 3444; x_wconf 85' lang='grc' dir='ltr'><strong>τδν</strong></span> <span class='ocrx_word' id='word_1_602' title='bbox 3258 3388 3558 3459; x_wconf 82' lang='grc' dir='ltr'>Αίγύπτιον</span> <span class='ocrx_word' id='word_1_603' title='bbox 3577 3404 3713 3441; x_wconf 82' lang='grc' dir='ltr'>κατ-</span> 
     </span>
    </p>
   </div>
   <div class='ocr_carea' id='block_1_80' title="bbox 2126 3479 3713 3567">
    <p class='ocr_par' dir='ltr' id='par_1_80' title="bbox 2126 3479 3713 3567">
     <span class='ocr_line' id='line_1_80' title="bbox 2126 3479 3713 3567; baseline -0.011 -18"><span class='ocrx_word' id='word_1_604' title='bbox 2126 3493 2364 3567; x_wconf 79' lang='grc' dir='ltr'>έκρυψεν</span> <span class='ocrx_word' id='word_1_605' title='bbox 2386 3494 2444 3546; x_wconf 78' lang='grc' dir='ltr'>ὲν</span> <span class='ocrx_word' id='word_1_606' title='bbox 2461 3491 2696 3562; x_wconf 71' lang='grc' dir='ltr'>ψάμμῳ.</span> <span class='ocrx_word' id='word_1_607' title='bbox 2727 3485 2858 3542; x_wconf 80' lang='grc' dir='ltr'>Εἶτα</span> <span class='ocrx_word' id='word_1_608' title='bbox 2910 3482 3198 3557; x_wconf 89' lang='grc' dir='ltr'>παρελθὼν</span> <span class='ocrx_word' id='word_1_609' title='bbox 3215 3525 3233 3548; x_wconf 83' lang='grc'><strong>,</strong></span> <span class='ocrx_word' id='word_1_610' title='bbox 3258 3479 3620 3552; x_wconf 72' lang='grc' dir='ltr'>συμϐουλεύει</span> <span class='ocrx_word' id='word_1_611' title='bbox 3642 3479 3713 3532; x_wconf 71' lang='grc' dir='ltr'><strong>τὰ</strong></span> 
     </span>
    </p>
   </div>
   <div class='ocr_carea' id='block_1_81' title="bbox 2124 3570 3714 3658">
    <p class='ocr_par' dir='ltr' id='par_1_81' title="bbox 2124 3570 3714 3658">
     <span class='ocr_line' id='line_1_81' title="bbox 2124 3570 3714 3658; baseline -0.011 -17"><span class='ocrx_word' id='word_1_612' title='bbox 2124 3589 2206 3651; x_wconf 89' lang='grc' dir='ltr'><strong>εἰς</strong></span> <span class='ocrx_word' id='word_1_613' title='bbox 2235 3587 2460 3658; x_wconf 84' lang='grc' dir='ltr'>εἰρήνην</span> <span class='ocrx_word' id='word_1_614' title='bbox 2500 3586 2614 3647; x_wconf 86' lang='grc' dir='ltr'>τοῖς</span> <span class='ocrx_word' id='word_1_615' title='bbox 2646 3581 2706 3647; x_wconf 79' lang='grc' dir='ltr'>ἐξ</span> <span class='ocrx_word' id='word_1_616' title='bbox 2747 3580 2980 3652; x_wconf 78' lang='grc' dir='ltr'>αἵματος</span> <span class='ocrx_word' id='word_1_617' title='bbox 3011 3576 3279 3646; x_wconf 82' lang='grc' dir='ltr'>ἀδελφοῖς.</span> <span class='ocrx_word' id='word_1_618' title='bbox 3325 3571 3563 3643; x_wconf 83' lang='grc' dir='ltr'>Πολεμεί</span> <span class='ocrx_word' id='word_1_619' title='bbox 3601 3570 3714 3641; x_wconf 80' lang='grc' dir='ltr'>γὰρ</span> 
     </span>
    </p>
   </div>
   <div class='ocr_carea' id='block_1_82' title="bbox 2125 3664 3715 3750">
    <p class='ocr_par' dir='ltr' id='par_1_82' title="bbox 2125 3664 3715 3750">
     <span class='ocr_line' id='line_1_82' title="bbox 2125 3664 3715 3750; baseline -0.011 -15"><span class='ocrx_word' id='word_1_620' title='bbox 2125 3680 2332 3750; x_wconf 84' lang='grc' dir='ltr'>Κύριος</span> <span class='ocrx_word' id='word_1_621' title='bbox 2373 3679 2466 3731; x_wconf 65' lang='grc' dir='ltr'><strong>ἐπὶ</strong></span> <span class='ocrx_word' id='word_1_622' title='bbox 2504 3674 2782 3747; x_wconf 74' lang='grc' dir='ltr'>Ἀμαλὴκ,</span> <span class='ocrx_word' id='word_1_623' title='bbox 2816 3666 2958 3742; x_wconf 83' lang='grc' dir='ltr'>πλὴν</span> <span class='ocrx_word' id='word_1_624' title='bbox 2987 3670 3047 3724; x_wconf 73' lang='grc' dir='ltr'>ἐν</span> <span class='ocrx_word' id='word_1_625' title='bbox 3078 3668 3222 3741; x_wconf 73' lang='grc' dir='ltr'>χειρὶ</span> <span class='ocrx_word' id='word_1_626' title='bbox 3253 3666 3520 3738; x_wconf 77' lang='grc' dir='ltr'>κρυφαία,</span> <span class='ocrx_word' id='word_1_627' title='bbox 3562 3664 3715 3719; x_wconf 72' lang='grc' dir='ltr'>καθὰ</span> 
     </span>
    </p>
   </div>
   <div class='ocr_carea' id='block_1_83' title="bbox 2125 3756 3715 3842">
    <p class='ocr_par' dir='ltr' id='par_1_83' title="bbox 2125 3756 3715 3842">
     <span class='ocr_line' id='line_1_83' title="bbox 2125 3756 3715 3842; baseline -0.011 -18"><span class='ocrx_word' id='word_1_628' title='bbox 2125 3771 2457 3842; x_wconf 87' lang='grc' dir='ltr'>γέγραπται.</span> <span class='ocrx_word' id='word_1_629' title='bbox 2489 3766 2584 3820; x_wconf 77' lang='grc' dir='ltr'>καὶ</span> <span class='ocrx_word' id='word_1_630' title='bbox 2608 3763 2821 3827; x_wconf 78' lang='grc' dir='ltr'>οὐδενὸς</span> <span class='ocrx_word' id='word_1_631' title='bbox 2844 3759 3080 3832; x_wconf 85' lang='grc' dir='ltr'>δρῶντος</span> <span class='ocrx_word' id='word_1_632' title='bbox 3105 3758 3216 3812; x_wconf 82' lang='grc' dir='ltr'><strong>τῶν</strong></span> <span class='ocrx_word' id='word_1_633' title='bbox 3249 3758 3343 3811; x_wconf 71' lang='grc' dir='ltr'><strong>ἐπὶ</strong></span> <span class='ocrx_word' id='word_1_634' title='bbox 3372 3758 3477 3827; x_wconf 76' lang='grc' dir='ltr'>γῆς</span> <span class='ocrx_word' id='word_1_635' title='bbox 3505 3756 3715 3827; x_wconf 79' lang='grc' dir='ltr'>ᾠκονο-</span> 
     </span>
    </p>
   </div>
   <div class='ocr_carea' id='block_1_84' title="bbox 2130 3847 3715 3934">
    <p class='ocr_par' dir='ltr' id='par_1_84' title="bbox 2130 3847 3715 3934">
     <span class='ocr_line' id='line_1_84' title="bbox 2130 3847 3715 3934; baseline -0.011 -18"><span class='ocrx_word' id='word_1_636' title='bbox 2130 3865 2283 3934; x_wconf 85' lang='grc' dir='ltr'>μεῖτο</span> <span class='ocrx_word' id='word_1_637' title='bbox 2313 3859 2401 3914; x_wconf 85' lang='grc' dir='ltr'><strong>διά</strong></span> <span class='ocrx_word' id='word_1_638' title='bbox 2446 3857 2686 3930; x_wconf 82' lang='grc' dir='ltr'>Χριστοῦ</span> <span class='ocrx_word' id='word_1_639' title='bbox 2732 3855 2804 3909; x_wconf 83' lang='grc' dir='ltr'>τὰ</span> <span class='ocrx_word' id='word_1_640' title='bbox 2839 3853 2949 3907; x_wconf 82' lang='grc' dir='ltr'><strong>τῶν</strong></span> <span class='ocrx_word' id='word_1_641' title='bbox 2999 3850 3342 3922; x_wconf 80' lang='grc' dir='ltr'>πραγμάτων</span> <span class='ocrx_word' id='word_1_642' title='bbox 3394 3847 3715 3923; x_wconf 73' lang='grc' dir='ltr'>ἀπορῤητὸο</span> 
     </span>
    </p>
   </div>
   <div class='ocr_carea' id='block_1_85' title="bbox 2125 3939 3715 4023">
    <p class='ocr_par' dir='ltr' id='par_1_85' title="bbox 2125 3939 3715 4023">
     <span class='ocr_line' id='line_1_85' title="bbox 2125 3939 3715 4023; baseline -0.008 -17"><span class='ocrx_word' id='word_1_643' title='bbox 2125 3968 2279 4023; x_wconf 85' lang='grc' dir='ltr'>τερα.</span> <span class='ocrx_word' id='word_1_644' title='bbox 2313 3948 2438 4013; x_wconf 87' lang='grc' dir='ltr'>Πῶς</span> <span class='ocrx_word' id='word_1_645' title='bbox 2477 3948 2589 4020; x_wconf 86' lang='grc' dir='ltr'><strong>γάρ</strong></span> <span class='ocrx_word' id='word_1_646' title='bbox 2616 3948 2650 4018; x_wconf 77' lang='grc' dir='ltr'><strong>ἢ</strong></span> <span class='ocrx_word' id='word_1_647' title='bbox 2682 3946 2812 4000; x_wconf 87' lang='grc' dir='ltr'>πότε</span> <span class='ocrx_word' id='word_1_648' title='bbox 2838 3941 3254 4007; x_wconf 82' lang='grc' dir='ltr'>κατεδικάζοντο</span> <span class='ocrx_word' id='word_1_649' title='bbox 3283 3940 3391 3994; x_wconf 83' lang='grc' dir='ltr'><strong>τῶν</strong></span> <span class='ocrx_word' id='word_1_650' title='bbox 3418 3939 3715 4011; x_wconf 84' lang='grc' dir='ltr'>δαιμονίων</span> 
     </span>
    </p>
   </div>
   <div class='ocr_carea' id='block_1_86' title="bbox 2124 4029 3715 4113">
    <p class='ocr_par' dir='ltr' id='par_1_86' title="bbox 2124 4029 3715 4113">
     <span class='ocr_line' id='line_1_86' title="bbox 2124 4029 3715 4113; baseline -0.009 -16"><span class='ocrx_word' id='word_1_651' title='bbox 2124 4043 2195 4097; x_wconf 86' lang='grc' dir='ltr'><strong>τὰ</strong></span> <span class='ocrx_word' id='word_1_652' title='bbox 2225 4042 2388 4113; x_wconf 85' lang='grc' dir='ltr'>στίφη</span> <span class='ocrx_word' id='word_1_653' title='bbox 2406 4080 2420 4104; x_wconf 91' lang='grc'><strong>,</strong></span> <span class='ocrx_word' id='word_1_654' title='bbox 2449 4040 2545 4094; x_wconf 75' lang='grc' dir='ltr'>καὶ</span> <span class='ocrx_word' id='word_1_655' title='bbox 2566 4039 2662 4111; x_wconf 84' lang='grc' dir='ltr'>τὴν</span> <span class='ocrx_word' id='word_1_656' title='bbox 2694 4037 2930 4094; x_wconf 79' lang='grc' dir='ltr'>ἄϐυσσον</span> <span class='ocrx_word' id='word_1_657' title='bbox 2956 4037 3126 4090; x_wconf 83' lang='grc' dir='ltr'>οἰκεῖν</span> <span class='ocrx_word' id='word_1_658' title='bbox 3152 4032 3600 4105; x_wconf 81' lang='grc' dir='ltr'>προσετάττοντο,</span> <span class='ocrx_word' id='word_1_659' title='bbox 3623 4029 3715 4095; x_wconf 81' lang='grc' dir='ltr'><strong>τίς</strong></span> 
     </span>
    </p>
   </div>
   <div class='ocr_carea' id='block_1_87' title="bbox 2126 4119 3713 4207">
    <p class='ocr_par' dir='ltr' id='par_1_87' title="bbox 2126 4119 3713 4207">
     <span class='ocr_line' id='line_1_87' title="bbox 2126 4119 3713 4207; baseline -0.012 -15"><span class='ocrx_word' id='word_1_660' title='bbox 2126 4138 2192 4193; x_wconf 86' lang='grc' dir='ltr'>ἂν</span> <span class='ocrx_word' id='word_1_661' title='bbox 2222 4135 2387 4207; x_wconf 86' lang='grc' dir='ltr'>εἰδείη</span> <span class='ocrx_word' id='word_1_662' title='bbox 2432 4134 2541 4187; x_wconf 83' lang='grc' dir='ltr'><strong>τῶν</strong></span> <span class='ocrx_word' id='word_1_663' title='bbox 2572 4132 2665 4186; x_wconf 67' lang='grc' dir='ltr'><strong>ἐπὶ</strong></span> <span class='ocrx_word' id='word_1_664' title='bbox 2708 4130 2847 4201; x_wconf 81' lang='grc' dir='ltr'><strong>γῆς;</strong></span> <span class='ocrx_word' id='word_1_665' title='bbox 2891 4125 3198 4189; x_wconf 84' lang='grc' dir='ltr'>Συνελάσας</span> <span class='ocrx_word' id='word_1_666' title='bbox 3228 4124 3297 4198; x_wconf 75' lang='grc' dir='ltr'>δὴ</span> <span class='ocrx_word' id='word_1_667' title='bbox 3335 4119 3540 4187; x_wconf 74' lang='grc' dir='ltr'>οὖνοείς</span> <span class='ocrx_word' id='word_1_668' title='bbox 3577 4122 3713 4184; x_wconf 62' lang='lat' dir='ltr'><strong>ibet:</strong></span> 
     </span>
    </p>
   </div>
   <div class='ocr_carea' id='block_1_88' title="bbox 2125 4210 3713 4291">
    <p class='ocr_par' dir='ltr' id='par_1_88' title="bbox 2125 4210 3713 4291">
     <span class='ocr_line' id='line_1_88' title="bbox 2125 4210 3713 4291; baseline -0.011 -8"><span class='ocrx_word' id='word_1_669' title='bbox 2125 4229 2218 4283; x_wconf 81' lang='grc' dir='ltr'>τὸν</span> <span class='ocrx_word' id='word_1_670' title='bbox 2262 4227 2527 4288; x_wconf 84' lang='grc' dir='ltr'>Σατανᾶν,</span> <span class='ocrx_word' id='word_1_671' title='bbox 2567 4223 2663 4276; x_wconf 69' lang='grc' dir='ltr'>καὶ</span> <span class='ocrx_word' id='word_1_672' title='bbox 2704 4217 3128 4291; x_wconf 83' lang='grc' dir='ltr'>προαπαλλάξας</span> <span class='ocrx_word' id='word_1_673' title='bbox 3171 4215 3297 4272; x_wconf 78' lang='grc' dir='ltr'>τοὺς</span> <span class='ocrx_word' id='word_1_674' title='bbox 3336 4214 3428 4267; x_wconf 73' lang='grc' dir='ltr'><strong>ἐπὶ</strong></span> <span class='ocrx_word' id='word_1_675' title='bbox 3468 4213 3573 4281; x_wconf 85' lang='grc' dir='ltr'>γῆς</span> <span class='ocrx_word' id='word_1_676' title='bbox 3606 4210 3713 4280; x_wconf 82' lang='grc' dir='ltr'>τῆς</span> 
     </span>
    </p>
   </div>
   <div class='ocr_carea' id='block_1_89' title="bbox 2128 4304 3713 4382">
    <p class='ocr_par' dir='ltr' id='par_1_89' title="bbox 2128 4304 3713 4382">
     <span class='ocr_line' id='line_1_89' title="bbox 2128 4304 3713 4382; baseline -0.01 -6"><span class='ocrx_word' id='word_1_677' title='bbox 2128 4321 2338 4376; x_wconf 79' lang='grc' dir='ltr'>ἐκείνου</span> <span class='ocrx_word' id='word_1_678' title='bbox 2364 4316 2696 4382; x_wconf 82' lang='grc' dir='ltr'>πλεονεξίας,</span> <span class='ocrx_word' id='word_1_679' title='bbox 2728 4314 2911 4367; x_wconf 78' lang='grc' dir='ltr'>ἐκάλει</span> <span class='ocrx_word' id='word_1_680' title='bbox 2935 4309 3121 4365; x_wconf 80' lang='grc' dir='ltr'>λοιπὸν</span> <span class='ocrx_word' id='word_1_681' title='bbox 3147 4310 3227 4372; x_wconf 90' lang='grc' dir='ltr'><strong>εἰς</strong></span> <span class='ocrx_word' id='word_1_682' title='bbox 3249 4307 3454 4378; x_wconf 73' lang='grc' dir='ltr'>εἴδησιν</span> <span class='ocrx_word' id='word_1_683' title='bbox 3483 4304 3713 4376; x_wconf 78' lang='grc' dir='ltr'>ἀρετῆς.</span> 
     </span>
    </p>
   </div>
   <div class='ocr_carea' id='block_1_90' title="bbox 435 4395 2026 4489">
    <p class='ocr_par' dir='ltr' id='par_1_90' title="bbox 435 4413 2018 4489">
     <span class='ocr_line' id='line_1_90' title="bbox 435 4413 2018 4489; baseline -0.001 -20"><span class='ocrx_word' id='word_1_684' title='bbox 435 4413 707 4486; x_wconf 63' lang='lat' dir='ltr'><strong>tribusque</strong></span> <span class='ocrx_word' id='word_1_685' title='bbox 731 4415 801 4471; x_wconf 84' lang='lat' dir='ltr'><strong>ab</strong></span> <span class='ocrx_word' id='word_1_686' title='bbox 816 4416 991 4486; x_wconf 88' lang='lat' dir='ltr'><strong>ipsius</strong></span> <span class='ocrx_word' id='word_1_687' title='bbox 1014 4416 1303 4489; x_wconf 84' lang='lat' dir='ltr'><strong>tyrannide</strong></span> <span class='ocrx_word' id='word_1_688' title='bbox 1327 4416 1602 4481; x_wconf 85' lang='lat' dir='ltr'><strong>liberatis,</strong></span> <span class='ocrx_word' id='word_1_689' title='bbox 1625 4414 1843 4469; x_wconf 78' lang='lat' dir='ltr'><strong>vocavit</strong></span> <span class='ocrx_word' id='word_1_690' title='bbox 1862 4414 2018 4468; x_wconf 87' lang='lat' dir='ltr'><strong>dein-</strong></span> 
     </span>
    </p>
   </div>
   <div class='ocr_carea' id='block_1_91' title="bbox 2123 4395 3715 4489">
    <p class='ocr_par' dir='ltr' id='par_1_91' title="bbox 2124 4395 3715 4489">
     <span class='ocr_line' id='line_1_91' title="bbox 2124 4395 3715 4489; baseline -0.014 -21"><span class='ocrx_word' id='word_1_691' title='bbox 2124 4412 2296 4467; x_wconf 81' lang='grc' dir='ltr'>Τοῦτο</span> <span class='ocrx_word' id='word_1_692' title='bbox 2326 4412 2421 4465; x_wconf 75' lang='grc' dir='ltr'>καὶ</span> <span class='ocrx_word' id='word_1_693' title='bbox 2464 4408 2624 4470; x_wconf 76' lang='grc' dir='ltr'>αὐτὸς</span> <span class='ocrx_word' id='word_1_694' title='bbox 2652 4409 2680 4460; x_wconf 86' lang='grc' dir='ltr'><strong>ὁ</strong></span> <span class='ocrx_word' id='word_1_695' title='bbox 2707 4403 2941 4476; x_wconf 79' lang='grc' dir='ltr'>Χριστὸς</span> <span class='ocrx_word' id='word_1_696' title='bbox 2966 4402 3067 4455; x_wconf 79' lang='grc' dir='ltr'>οὐκ</span> <span class='ocrx_word' id='word_1_697' title='bbox 3100 4396 3436 4489; x_wconf 81' lang='grc' dir='ltr'>άσυμφανῶς</span> <span class='ocrx_word' id='word_1_698' title='bbox 3465 4395 3566 4450; x_wconf 85' lang='grc' dir='ltr'><strong>πού</strong></span> <span class='ocrx_word' id='word_1_699' title='bbox 3601 4412 3715 4489; x_wconf 68' lang='grc' dir='ltr'>φη-</span> 
     </span>
    </p>
   </div>
   <div class='ocr_carea' id='block_1_92' title="bbox 434 4504 2025 4579">
    <p class='ocr_par' dir='ltr' id='par_1_92' title="bbox 434 4504 2025 4579">
     <span class='ocr_line' id='line_1_92' title="bbox 434 4504 2025 4579; baseline -0.002 -17"><span class='ocrx_word' id='word_1_700' title='bbox 434 4522 564 4579; x_wconf 88' lang='lat' dir='ltr'><strong>ceps</strong></span> <span class='ocrx_word' id='word_1_701' title='bbox 585 4508 653 4563; x_wconf 91' lang='lat' dir='ltr'><strong>ad</strong></span> <span class='ocrx_word' id='word_1_702' title='bbox 677 4508 929 4564; x_wconf 89' lang='lat' dir='ltr'><strong>notitiam</strong></span> <span class='ocrx_word' id='word_1_703' title='bbox 948 4510 1190 4565; x_wconf 87' lang='lat' dir='ltr'><strong>virtutis.</strong></span> <span class='ocrx_word' id='word_1_704' title='bbox 1220 4508 1378 4576; x_wconf 84' lang='lat' dir='ltr'><strong>Quod</strong></span> <span class='ocrx_word' id='word_1_705' title='bbox 1402 4516 1460 4562; x_wconf 91' lang='lat' dir='ltr'><strong>et</strong></span> <span class='ocrx_word' id='word_1_706' title='bbox 1480 4507 1596 4578; x_wconf 90' lang='lat' dir='ltr'><strong>ipse</strong></span> <span class='ocrx_word' id='word_1_707' title='bbox 1611 4505 1865 4561; x_wconf 86' lang='lat' dir='ltr'><strong>Christus</strong></span> <span class='ocrx_word' id='word_1_708' title='bbox 1893 4504 2025 4560; x_wconf 91' lang='lat' dir='ltr'><strong>alibi</strong></span> 
     </span>
    </p>
   </div>
   <div class='ocr_carea' id='block_1_93' title="bbox 435 4599 2025 4670">
    <p class='ocr_par' dir='ltr' id='par_1_93' title="bbox 435 4599 2025 4670">
     <span class='ocr_line' id='line_1_93' title="bbox 435 4599 2025 4670; baseline 0.001 -18"><span class='ocrx_word' id='word_1_709' title='bbox 435 4614 547 4655; x_wconf 85' lang='lat' dir='ltr'><strong>non</strong></span> <span class='ocrx_word' id='word_1_710' title='bbox 595 4599 831 4654; x_wconf 89' lang='lat' dir='ltr'><strong>obscure</strong></span> <span class='ocrx_word' id='word_1_711' title='bbox 869 4607 1127 4664; x_wconf 89' lang='lat' dir='ltr'><strong>testatur,</strong></span> <span class='ocrx_word' id='word_1_712' title='bbox 1178 4601 1486 4670; x_wconf 84' lang='lat' dir='ltr'><strong>inquiens:</strong></span> <span class='ocrx_word' id='word_1_713' title='bbox 1535 4618 1553 4650; x_wconf 82' lang='grc' dir='ltr'><strong>ι</strong></span> <span class='ocrx_word' id='word_1_714' title='bbox 1594 4599 1705 4653; x_wconf 85' lang='lat' dir='ltr'><strong>Aut</strong></span> <span class='ocrx_word' id='word_1_715' title='bbox 1747 4599 2025 4669; x_wconf 90' lang='lat' dir='ltr'><strong>quomodo</strong></span> 
     </span>
    </p>
   </div>
   <div class='ocr_carea' id='block_1_94' title="bbox 436 4689 2024 4759">
    <p class='ocr_par' dir='ltr' id='par_1_94' title="bbox 436 4689 2024 4759">
     <span class='ocr_line' id='line_1_94' title="bbox 436 4689 2024 4759; baseline 0.001 -16"><span class='ocrx_word' id='word_1_716' title='bbox 436 4696 620 4758; x_wconf 86' lang='lat' dir='ltr'><strong>potest</strong></span> <span class='ocrx_word' id='word_1_717' title='bbox 646 4691 771 4759; x_wconf 83' lang='lat' dir='ltr'><strong>quis</strong></span> <span class='ocrx_word' id='word_1_718' title='bbox 794 4689 1027 4746; x_wconf 89' lang='lat' dir='ltr'><strong>introire</strong></span> <span class='ocrx_word' id='word_1_719' title='bbox 1057 4690 1282 4746; x_wconf 90' lang='lat' dir='ltr'><strong>domum</strong></span> <span class='ocrx_word' id='word_1_720' title='bbox 1311 4690 1495 4757; x_wconf 87' lang='lat' dir='ltr'><strong>fortis,</strong></span> <span class='ocrx_word' id='word_1_721' title='bbox 1521 4700 1580 4746; x_wconf 92' lang='lat' dir='ltr'><strong>et</strong></span> <span class='ocrx_word' id='word_1_722' title='bbox 1601 4706 1731 4745; x_wconf 83' lang='lat' dir='ltr'><strong>vasa</strong></span> <span class='ocrx_word' id='word_1_723' title='bbox 1751 4690 1871 4759; x_wconf 91' lang='lat' dir='ltr'><strong>ejus</strong></span> <span class='ocrx_word' id='word_1_724' title='bbox 1890 4690 2024 4745; x_wconf 91' lang='lat' dir='ltr'><strong>diri-</strong></span> 
     </span>
    </p>
   </div>
   <div class='ocr_carea' id='block_1_95' title="bbox 436 4772 2023 4855">
    <p class='ocr_par' dir='ltr' id='par_1_95' title="bbox 436 4772 2023 4855">
     <span class='ocr_line' id='line_1_95' title="bbox 436 4772 2023 4855; baseline 0 -18"><span class='ocrx_word' id='word_1_725' title='bbox 436 4796 591 4851; x_wconf 88' lang='lat' dir='ltr'><strong>pere,</strong></span> <span class='ocrx_word' id='word_1_726' title='bbox 613 4781 722 4837; x_wconf 92' lang='lat' dir='ltr'><strong>nisi</strong></span> <span class='ocrx_word' id='word_1_727' title='bbox 747 4781 904 4853; x_wconf 90' lang='lat' dir='ltr'><strong>prius</strong></span> <span class='ocrx_word' id='word_1_728' title='bbox 933 4784 1274 4855; x_wconf 86' lang='lat' dir='ltr'><strong>constringat</strong></span> <span class='ocrx_word' id='word_1_729' title='bbox 1303 4783 1523 4850; x_wconf 81' lang='lat' dir='ltr'><strong>fortem,</strong></span> <span class='ocrx_word' id='word_1_730' title='bbox 1555 4791 1613 4839; x_wconf 91' lang='lat' dir='ltr'><strong>et</strong></span> <span class='ocrx_word' id='word_1_731' title='bbox 1638 4772 1769 4839; x_wconf 70' lang='lat' dir='ltr'><strong>tu‘nc</strong></span> <span class='ocrx_word' id='word_1_732' title='bbox 1797 4782 2023 4837; x_wconf 91' lang='lat' dir='ltr'><strong>domum</strong></span> 
     </span>
    </p>
   </div>
   <div class='ocr_carea' id='block_1_96' title="bbox 436 4874 2023 4948">
    <p class='ocr_par' dir='ltr' id='par_1_96' title="bbox 436 4874 2023 4948">
     <span class='ocr_line' id='line_1_96' title="bbox 436 4874 2023 4948; baseline 0.001 -18"><span class='ocrx_word' id='word_1_733' title='bbox 436 4876 596 4933; x_wconf 79' lang='lat' dir='ltr'><strong>istius</strong></span> <span class='ocrx_word' id='word_1_734' title='bbox 635 4874 863 4948; x_wconf 87' lang='lat' dir='ltr'><strong>diripiat</strong></span> <span class='ocrx_word' id='word_1_735' title='bbox 888 4877 978 4931; x_wconf 76' lang='lat' dir='ltr'><strong>“‘P</strong></span> <span class='ocrx_word' id='word_1_736' title='bbox 1003 4897 1023 4930; x_wconf 73' lang='grc' dir='ltr'><strong>ι</strong></span> <span class='ocrx_word' id='word_1_737' title='bbox 1058 4877 1316 4935; x_wconf 87' lang='lat' dir='ltr'><strong>Christus</strong></span> <span class='ocrx_word' id='word_1_738' title='bbox 1343 4877 1491 4933; x_wconf 89' lang='lat' dir='ltr'><strong>enim</strong></span> <span class='ocrx_word' id='word_1_739' title='bbox 1525 4893 1650 4934; x_wconf 89' lang='lat' dir='ltr'><strong>cum</strong></span> <span class='ocrx_word' id='word_1_740' title='bbox 1690 4877 1843 4948; x_wconf 89' lang='lat' dir='ltr'><strong>prius</strong></span> <span class='ocrx_word' id='word_1_741' title='bbox 1887 4892 2023 4931; x_wconf 90' lang='lat' dir='ltr'><strong>con-</strong></span> 
     </span>
    </p>
   </div>
   <div class='ocr_carea' id='block_1_97' title="bbox 434 4969 2026 5041">
    <p class='ocr_par' dir='ltr' id='par_1_97' title="bbox 434 4969 2026 5041">
     <span class='ocr_line' id='line_1_97' title="bbox 434 4969 2026 5041; baseline -0.001 -16"><span class='ocrx_word' id='word_1_742' title='bbox 434 4970 746 5027; x_wconf 73' lang='lat' dir='ltr'><strong>strinxisset</strong></span> <span class='ocrx_word' id='word_1_743' title='bbox 774 4969 1051 5036; x_wconf 81' lang='lat' dir='ltr'><strong>Satanam,</strong></span> <span class='ocrx_word' id='word_1_744' title='bbox 1087 4978 1345 5041; x_wconf 87' lang='lat' dir='ltr'><strong>tanquam</strong></span> <span class='ocrx_word' id='word_1_745' title='bbox 1381 4970 1599 5037; x_wconf 80' lang='lat' dir='ltr'><strong>fortem,</strong></span> <span class='ocrx_word' id='word_1_746' title='bbox 1639 4969 1899 5025; x_wconf 78' lang='lat' dir='ltr'><strong>transfert</strong></span> <span class='ocrx_word' id='word_1_747' title='bbox 1926 4984 2026 5040; x_wconf 91' lang='lat' dir='ltr'><strong>per</strong></span> 
     </span>
    </p>
   </div>
   <div class='ocr_carea' id='block_1_98' title="bbox 435 5060 2023 5133">
    <p class='ocr_par' dir='ltr' id='par_1_98' title="bbox 435 5060 2023 5133">
     <span class='ocr_line' id='line_1_98' title="bbox 435 5060 2023 5133; baseline 0 -19"><span class='ocrx_word' id='word_1_748' title='bbox 435 5060 598 5116; x_wconf 72' lang='lat' dir='ltr'><strong>fidem</strong></span> <span class='ocrx_word' id='word_1_749' title='bbox 637 5061 693 5116; x_wconf 92' lang='lat' dir='ltr'><strong>in</strong></span> <span class='ocrx_word' id='word_1_750' title='bbox 720 5062 964 5133; x_wconf 88' lang='lat' dir='ltr'><strong>seipsum</strong></span> <span class='ocrx_word' id='word_1_751' title='bbox 994 5076 1124 5117; x_wconf 81' lang='lat' dir='ltr'><strong>vasa</strong></span> <span class='ocrx_word' id='word_1_752' title='bbox 1148 5061 1329 5127; x_wconf 91' lang='lat' dir='ltr'><strong>istius,</strong></span> <span class='ocrx_word' id='word_1_753' title='bbox 1366 5062 1473 5117; x_wconf 90' lang='lat' dir='ltr'><strong>hoc</strong></span> <span class='ocrx_word' id='word_1_754' title='bbox 1493 5068 1598 5127; x_wconf 89' lang='lat' dir='ltr'><strong>est,</strong></span> <span class='ocrx_word' id='word_1_755' title='bbox 1631 5076 1729 5117; x_wconf 91' lang='lat' dir='ltr'><strong>eos</strong></span> <span class='ocrx_word' id='word_1_756' title='bbox 1753 5060 1847 5131; x_wconf 92' lang='lat' dir='ltr'><strong>qui</strong></span> <span class='ocrx_word' id='word_1_757' title='bbox 1891 5060 2023 5115; x_wconf 90' lang='lat' dir='ltr'><strong>olim</strong></span> 
     </span>
    </p>
   </div>
   <div class='ocr_carea' id='block_1_99' title="bbox 435 5155 2028 5229">
    <p class='ocr_par' dir='ltr' id='par_1_99' title="bbox 435 5155 2028 5229">
     <span class='ocr_line' id='line_1_99' title="bbox 435 5155 2028 5229; baseline 0 -21"><span class='ocrx_word' id='word_1_758' title='bbox 435 5155 538 5210; x_wconf 82' lang='lat' dir='ltr'><strong>sub</strong></span> <span class='ocrx_word' id='word_1_759' title='bbox 560 5155 682 5225; x_wconf 88' lang='lat' dir='ltr'><strong>ipso</strong></span> <span class='ocrx_word' id='word_1_760' title='bbox 696 5156 972 5213; x_wconf 88' lang='lat' dir='ltr'><strong>faciebant</strong></span> <span class='ocrx_word' id='word_1_761' title='bbox 985 5172 1146 5229; x_wconf 91' lang='lat' dir='ltr'><strong>opus,</strong></span> <span class='ocrx_word' id='word_1_762' title='bbox 1174 5163 1231 5211; x_wconf 89' lang='lat' dir='ltr'><strong>et</strong></span> <span class='ocrx_word' id='word_1_763' title='bbox 1253 5155 1396 5210; x_wconf 86' lang='lat' dir='ltr'><strong>inter</strong></span> <span class='ocrx_word' id='word_1_764' title='bbox 1416 5155 1633 5211; x_wconf 88' lang='lat' dir='ltr'><strong>inutilia</strong></span> <span class='ocrx_word' id='word_1_765' title='bbox 1649 5169 1779 5210; x_wconf 86' lang='lat' dir='ltr'><strong>vasa</strong></span> <span class='ocrx_word' id='word_1_766' title='bbox 1798 5162 2028 5225; x_wconf 91' lang='lat' dir='ltr'><strong>propter</strong></span> 
     </span>
    </p>
   </div>
   <div class='ocr_carea' id='block_1_100' title="bbox 437 5246 2026 5319">
    <p class='ocr_par' dir='ltr' id='par_1_100' title="bbox 437 5246 2026 5319">
     <span class='ocr_line' id='line_1_100' title="bbox 437 5246 2026 5319; baseline -0.001 -16"><span class='ocrx_word' id='word_1_767' title='bbox 437 5254 723 5315; x_wconf 80' lang='lat' dir='ltr'><strong>peccatum</strong></span> <span class='ocrx_word' id='word_1_768' title='bbox 761 5257 1065 5319; x_wconf 88' lang='lat' dir='ltr'><strong>reputatos.</strong></span> <span class='ocrx_word' id='word_1_769' title='bbox 1112 5249 1314 5304; x_wconf 82' lang='lat' dir='ltr'><strong>Verum</strong></span> <span class='ocrx_word' id='word_1_770' title='bbox 1354 5256 1581 5318; x_wconf 89' lang='lat' dir='ltr'><strong>propter</strong></span> <span class='ocrx_word' id='word_1_771' title='bbox 1626 5262 1749 5317; x_wconf 63' lang='lat' dir='ltr'><strong>qua;</strong></span> <span class='ocrx_word' id='word_1_772' title='bbox 1784 5246 2026 5301; x_wconf 84' lang='lat' dir='ltr'><strong>admira-</strong></span> 
     </span>
    </p>
   </div>
   <div class='ocr_carea' id='block_1_101' title="bbox 437 5338 2025 5411">
    <p class='ocr_par' dir='ltr' id='par_1_101' title="bbox 437 5338 2025 5411">
     <span class='ocr_line' id='line_1_101' title="bbox 437 5338 2025 5411; baseline 0 -18"><span class='ocrx_word' id='word_1_773' title='bbox 437 5339 585 5395; x_wconf 84' lang='lat' dir='ltr'><strong>tione</strong></span> <span class='ocrx_word' id='word_1_774' title='bbox 603 5339 801 5411; x_wconf 78' lang='lat' dir='ltr'><strong>dignus</strong></span> <span class='ocrx_word' id='word_1_775' title='bbox 834 5340 1146 5405; x_wconf 85' lang='lat' dir='ltr'><strong>videbatur,</strong></span> <span class='ocrx_word' id='word_1_776' title='bbox 1179 5341 1251 5397; x_wconf 92' lang='lat' dir='ltr'><strong>ob</strong></span> <span class='ocrx_word' id='word_1_777' title='bbox 1291 5340 1409 5396; x_wconf 79' lang='lat' dir='ltr'><strong>haec</strong></span> <span class='ocrx_word' id='word_1_778' title='bbox 1442 5339 1559 5410; x_wconf 89' lang='lat' dir='ltr'><strong>ipsa</strong></span> <span class='ocrx_word' id='word_1_779' title='bbox 1584 5339 1751 5411; x_wconf 79' lang='lat' dir='ltr'><strong>impie</strong></span> <span class='ocrx_word' id='word_1_780' title='bbox 1787 5338 2025 5405; x_wconf 87' lang='lat' dir='ltr'><strong>derisus,</strong></span> 
     </span>
    </p>
   </div>
   <div class='ocr_carea' id='block_1_102' title="bbox 437 5431 2026 5506">
    <p class='ocr_par' dir='ltr' id='par_1_102' title="bbox 437 5431 2026 5506">
     <span class='ocr_line' id='line_1_102' title="bbox 437 5431 2026 5506; baseline -0.002 -19"><span class='ocrx_word' id='word_1_781' title='bbox 437 5433 745 5490; x_wconf 81' lang='lat' dir='ltr'><strong>necessario</strong></span> <span class='ocrx_word' id='word_1_782' title='bbox 778 5433 1089 5506; x_wconf 69' lang='lat' dir='ltr'><strong>emigravit.</strong></span> <span class='ocrx_word' id='word_1_783' title='bbox 1112 5433 1303 5488; x_wconf 89' lang='lat' dir='ltr'><strong>relicta</strong></span> <span class='ocrx_word' id='word_1_784' title='bbox 1351 5431 1559 5498; x_wconf 76' lang='lat' dir='ltr'><strong>Judaea,</strong></span> <span class='ocrx_word' id='word_1_785' title='bbox 1601 5432 1661 5487; x_wconf 87' lang='lat' dir='ltr'><strong>in</strong></span> <span class='ocrx_word' id='word_1_786' title='bbox 1699 5448 1807 5502; x_wconf 87' lang='lat' dir='ltr'><strong>qua</strong></span> <span class='ocrx_word' id='word_1_787' title='bbox 1846 5437 2026 5486; x_wconf 87' lang='lat' dir='ltr'><strong>tamen</strong></span> 
     </span>
    </p>
   </div>
   <div class='ocr_carea' id='block_1_103' title="bbox 433 5521 2027 5588">
    <p class='ocr_par' dir='ltr' id='par_1_103' title="bbox 433 5521 2027 5588">
     <span class='ocr_line' id='line_1_103' title="bbox 433 5521 2027 5588; baseline -0.003 -8"><span class='ocrx_word' id='word_1_788' title='bbox 433 5525 737 5586; x_wconf 71' lang='lat' dir='ltr'><strong>secundum</strong></span> <span class='ocrx_word' id='word_1_789' title='bbox 771 5540 993 5581; x_wconf 85' lang='lat' dir='ltr'><strong>carnem</strong></span> <span class='ocrx_word' id='word_1_790' title='bbox 1019 5533 1185 5580; x_wconf 83' lang='lat' dir='ltr'><strong>natus</strong></span> <span class='ocrx_word' id='word_1_791' title='bbox 1210 5531 1350 5588; x_wconf 88' lang='lat' dir='ltr'><strong>erat,</strong></span> <span class='ocrx_word' id='word_1_792' title='bbox 1383 5524 1488 5579; x_wconf 89' lang='lat' dir='ltr'><strong>etsi</strong></span> <span class='ocrx_word' id='word_1_793' title='bbox 1543 5523 1847 5579; x_wconf 84' lang='lat' dir='ltr'><strong>secundum</strong></span> <span class='ocrx_word' id='word_1_794' title='bbox 1880 5521 2027 5577; x_wconf 79' lang='lat' dir='ltr'><strong>veri—</strong></span> 
     </span>
    </p>
   </div>
   <div class='ocr_carea' id='block_1_104' title="bbox 508 5637 2083 5707">
    <p class='ocr_par' dir='ltr' id='par_1_104' title="bbox 508 5637 2083 5707">
     <span class='ocr_line' id='line_1_104' title="bbox 508 5637 2083 5707; baseline -0.003 -15"><span class='ocrx_word' id='word_1_795' title='bbox 508 5639 552 5679; x_wconf 69' lang='lat'><em>“</em></span> <span class='ocrx_word' id='word_1_796' title='bbox 577 5638 747 5707; x_wconf 59' lang='lat' dir='ltr'><strong>Exod.</strong></span> <span class='ocrx_word' id='word_1_797' title='bbox 782 5655 839 5697; x_wconf 79' lang='lat' dir='ltr'><strong>tl.</strong></span> <span class='ocrx_word' id='word_1_798' title='bbox 874 5640 954 5690; x_wconf 75' lang='lat' dir='ltr'><strong>l3.</strong></span> <span class='ocrx_word' id='word_1_799' title='bbox 1027 5640 1069 5673; x_wconf 65' lang='grc' dir='ltr'><strong>’τ’</strong></span> <span class='ocrx_word' id='word_1_800' title='bbox 1104 5640 1257 5695; x_wconf 84' lang='lat' dir='ltr'><strong>Joan.</strong></span> <span class='ocrx_word' id='word_1_801' title='bbox 1292 5655 1401 5703; x_wconf 73' lang='lat' dir='ltr'><strong>xw,</strong></span> <span class='ocrx_word' id='word_1_802' title='bbox 1437 5638 1525 5691; x_wconf 72' lang='lat'><strong>27.</strong></span> <span class='ocrx_word' id='word_1_803' title='bbox 1602 5638 1645 5669; x_wconf 83' lang='lat'><strong>&quot;</strong></span> <span class='ocrx_word' id='word_1_804' title='bbox 1671 5637 1813 5692; x_wconf 84' lang='lat' dir='ltr'><strong>Psal.</strong></span> <span class='ocrx_word' id='word_1_805' title='bbox 1848 5653 1904 5699; x_wconf 86' lang='lat' dir='ltr'><strong>ll,</strong></span> <span class='ocrx_word' id='word_1_806' title='bbox 1939 5637 1989 5691; x_wconf 80' lang='lat'><strong>6.</strong></span> <span class='ocrx_word' id='word_1_807' title='bbox 2064 5637 2083 5665; x_wconf 81' lang='grc'><strong><em>⁵</em></strong></span> 
     </span>
    </p>
   </div>
   <div class='ocr_carea' id='block_1_105' title="bbox 435 5708 942 5770">
    <p class='ocr_par' dir='ltr' id='par_1_105' title="bbox 435 5708 942 5770">
     <span class='ocr_line' id='line_1_105' title="bbox 435 5708 942 5770; baseline -0.008 -3"><span class='ocrx_word' id='word_1_808' title='bbox 435 5708 485 5752; x_wconf 78' lang='grc'><strong>⁸⁸</strong></span> <span class='ocrx_word' id='word_1_809' title='bbox 518 5708 705 5767; x_wconf 70' lang='lat' dir='ltr'><strong>Matth.</strong></span> <span class='ocrx_word' id='word_1_810' title='bbox 740 5724 831 5770; x_wconf 76' lang='lat' dir='ltr'><strong>xu,</strong></span> <span class='ocrx_word' id='word_1_811' title='bbox 856 5709 942 5763; x_wconf 71' lang='lat'><strong>29.</strong></span> 
     </span>
    </p>
   </div>
   <div class='ocr_carea' id='block_1_106' title="bbox 2124 4486 3715 4562">
    <p class='ocr_par' dir='ltr' id='par_1_106' title="bbox 2124 4486 3715 4562">
     <span class='ocr_line' id='line_1_106' title="bbox 2124 4486 3715 4562; baseline -0.012 -4"><span class='ocrx_word' id='word_1_812' title='bbox 2124 4521 2209 4558; x_wconf 91' lang='grc' dir='ltr'><strong>σιν</strong></span> <span class='ocrx_word' id='word_1_813' title='bbox 2234 4518 2247 4532; x_wconf 82' lang='grc'><em>’</em></span> <span class='ocrx_word' id='word_1_814' title='bbox 2282 4520 2301 4551; x_wconf 73' lang='grc' dir='ltr'><strong>ι</strong></span> <span class='ocrx_word' id='word_1_815' title='bbox 2345 4503 2415 4554; x_wconf 88' lang='grc' dir='ltr'><strong>Ἦ</strong></span> <span class='ocrx_word' id='word_1_816' title='bbox 2450 4498 2567 4562; x_wconf 84' lang='grc' dir='ltr'><strong>πῶς</strong></span> <span class='ocrx_word' id='word_1_817' title='bbox 2594 4495 2816 4551; x_wconf 86' lang='grc' dir='ltr'>δύναταί</span> <span class='ocrx_word' id='word_1_818' title='bbox 2849 4511 2932 4558; x_wconf 90' lang='grc' dir='ltr'><strong>τις</strong></span> <span class='ocrx_word' id='word_1_819' title='bbox 2967 4491 3230 4546; x_wconf 77' lang='grc' dir='ltr'>εἰσελθεῖν</span> <span class='ocrx_word' id='word_1_820' title='bbox 3276 4491 3361 4551; x_wconf 85' lang='grc' dir='ltr'><strong>εἰς</strong></span> <span class='ocrx_word' id='word_1_821' title='bbox 3387 4487 3487 4560; x_wconf 82' lang='grc' dir='ltr'>τὴν</span> <span class='ocrx_word' id='word_1_822' title='bbox 3527 4486 3715 4541; x_wconf 82' lang='grc' dir='ltr'>οἰκίαν</span> 
     </span>
    </p>
   </div>
   <div class='ocr_carea' id='block_1_107' title="bbox 2121 4578 3714 4665">
    <p class='ocr_par' dir='ltr' id='par_1_107' title="bbox 2121 4578 3714 4665">
     <span class='ocr_line' id='line_1_107' title="bbox 2121 4578 3714 4665; baseline -0.011 -15"><span class='ocrx_word' id='word_1_823' title='bbox 2121 4594 2215 4651; x_wconf 79' lang='grc' dir='ltr'><strong>τού</strong></span> <span class='ocrx_word' id='word_1_824' title='bbox 2252 4590 2504 4665; x_wconf 80' lang='grc' dir='ltr'>ἰσχυροῦ,</span> <span class='ocrx_word' id='word_1_825' title='bbox 2532 4589 2626 4644; x_wconf 76' lang='grc' dir='ltr'>καὶ</span> <span class='ocrx_word' id='word_1_826' title='bbox 2655 4587 2724 4642; x_wconf 83' lang='grc' dir='ltr'><strong>τά</strong></span> <span class='ocrx_word' id='word_1_827' title='bbox 2755 4586 2924 4658; x_wconf 88' lang='grc' dir='ltr'>σκεύη</span> <span class='ocrx_word' id='word_1_828' title='bbox 2952 4582 3117 4639; x_wconf 78' lang='grc' dir='ltr'>αὑτοῦ</span> <span class='ocrx_word' id='word_1_829' title='bbox 3147 4581 3470 4655; x_wconf 87' lang='grc' dir='ltr'>διαρπάσαι,</span> <span class='ocrx_word' id='word_1_830' title='bbox 3501 4579 3599 4635; x_wconf 81' lang='grc' dir='ltr'><strong>ἐὰν</strong></span> <span class='ocrx_word' id='word_1_831' title='bbox 3632 4578 3714 4652; x_wconf 75' lang='grc' dir='ltr'>μὴ</span> 
     </span>
    </p>
   </div>
   <div class='ocr_carea' id='block_1_108' title="bbox 2123 4670 3713 4759">
    <p class='ocr_par' dir='ltr' id='par_1_108' title="bbox 2123 4670 3713 4759">
     <span class='ocr_line' id='line_1_108' title="bbox 2123 4670 3713 4759; baseline -0.011 -18"><span class='ocrx_word' id='word_1_832' title='bbox 2123 4687 2339 4759; x_wconf 80' lang='grc' dir='ltr'>πρῶτον</span> <span class='ocrx_word' id='word_1_833' title='bbox 2372 4684 2514 4756; x_wconf 80' lang='grc' dir='ltr'>δήσῃ</span> <span class='ocrx_word' id='word_1_834' title='bbox 2539 4681 2632 4738; x_wconf 78' lang='grc' dir='ltr'><strong>τδν</strong></span> <span class='ocrx_word' id='word_1_835' title='bbox 2666 4680 2904 4752; x_wconf 76' lang='grc' dir='ltr'>ἰσχυρὸν,</span> <span class='ocrx_word' id='word_1_836' title='bbox 2932 4678 3029 4733; x_wconf 70' lang='grc' dir='ltr'>καὶ</span> <span class='ocrx_word' id='word_1_837' title='bbox 3051 4676 3176 4731; x_wconf 84' lang='grc' dir='ltr'>τότε</span> <span class='ocrx_word' id='word_1_838' title='bbox 3204 4676 3305 4748; x_wconf 81' lang='grc' dir='ltr'>τὴν</span> <span class='ocrx_word' id='word_1_839' title='bbox 3327 4674 3506 4729; x_wconf 87' lang='grc' dir='ltr'>οἰκίαν</span> <span class='ocrx_word' id='word_1_840' title='bbox 3537 4670 3713 4726; x_wconf 77' lang='grc' dir='ltr'>αὐτοῦ</span> 
     </span>
    </p>
   </div>
   <div class='ocr_carea' id='block_1_109' title="bbox 2119 4763 3709 4852">
    <p class='ocr_par' dir='ltr' id='par_1_109' title="bbox 2119 4763 3709 4852">
     <span class='ocr_line' id='line_1_109' title="bbox 2119 4763 3709 4852; baseline -0.011 -19"><span class='ocrx_word' id='word_1_841' title='bbox 2119 4777 2430 4852; x_wconf 73' lang='grc' dir='ltr'>διαρπάσῃς</span> <span class='ocrx_word' id='word_1_842' title='bbox 2465 4795 2484 4828; x_wconf 71' lang='grc' dir='ltr'><strong>ι</strong></span> <span class='ocrx_word' id='word_1_843' title='bbox 2527 4773 2955 4846; x_wconf 81' lang='grc' dir='ltr'>Προκαταδήσας</span> <span class='ocrx_word' id='word_1_844' title='bbox 2980 4766 3091 4842; x_wconf 77' lang='grc' dir='ltr'><strong>γάρ</strong></span> <span class='ocrx_word' id='word_1_845' title='bbox 3124 4769 3310 4839; x_wconf 82' lang='grc' dir='ltr'>ὥσπερ</span> <span class='ocrx_word' id='word_1_846' title='bbox 3339 4766 3431 4819; x_wconf 79' lang='grc' dir='ltr'>τὸν</span> <span class='ocrx_word' id='word_1_847' title='bbox 3463 4763 3709 4835; x_wconf 67' lang='grc' dir='ltr'>ἰσχυρὸν,</span> 
     </span>
    </p>
   </div>
   <div class='ocr_carea' id='block_1_110' title="bbox 2120 4857 3714 4934">
    <p class='ocr_par' dir='ltr' id='par_1_110' title="bbox 2120 4857 3714 4934">
     <span class='ocr_line' id='line_1_110' title="bbox 2120 4857 3714 4934; baseline -0.011 -8"><span class='ocrx_word' id='word_1_848' title='bbox 2120 4873 2369 4927; x_wconf 79' lang='grc' dir='ltr'>τουτέστι</span> <span class='ocrx_word' id='word_1_849' title='bbox 2413 4871 2505 4923; x_wconf 80' lang='grc' dir='ltr'>τὸν</span> <span class='ocrx_word' id='word_1_850' title='bbox 2553 4868 2821 4928; x_wconf 77' lang='grc' dir='ltr'>Σατανᾶν,</span> <span class='ocrx_word' id='word_1_851' title='bbox 2874 4862 3163 4934; x_wconf 84' lang='grc' dir='ltr'>μεθίστησι</span> <span class='ocrx_word' id='word_1_852' title='bbox 3208 4860 3297 4913; x_wconf 85' lang='grc' dir='ltr'><strong>διὰ</strong></span> <span class='ocrx_word' id='word_1_853' title='bbox 3342 4858 3580 4921; x_wconf 87' lang='grc' dir='ltr'>πίστεως</span> <span class='ocrx_word' id='word_1_854' title='bbox 3627 4857 3714 4919; x_wconf 81' lang='grc' dir='ltr'><strong>εἰς</strong></span> 
     </span>
    </p>
   </div>
   <div class='ocr_carea' id='block_1_111' title="bbox 2123 4945 3713 5028">
    <p class='ocr_par' dir='ltr' id='par_1_111' title="bbox 2123 4945 3713 5028">
     <span class='ocr_line' id='line_1_111' title="bbox 2123 4945 3713 5028; baseline -0.014 -8"><span class='ocrx_word' id='word_1_855' title='bbox 2123 4965 2319 5020; x_wconf 80' lang='grc' dir='ltr'>ἑαυτὸν</span> <span class='ocrx_word' id='word_1_856' title='bbox 2362 4961 2429 5015; x_wconf 84' lang='grc' dir='ltr'>τὰ</span> <span class='ocrx_word' id='word_1_857' title='bbox 2478 4958 2648 5028; x_wconf 85' lang='grc' dir='ltr'>σκεύη</span> <span class='ocrx_word' id='word_1_858' title='bbox 2702 4955 2892 5019; x_wconf 81' lang='grc' dir='ltr'>αὐτοῦ,</span> <span class='ocrx_word' id='word_1_859' title='bbox 2941 4952 3188 5007; x_wconf 73' lang='grc' dir='ltr'>τουτέστι</span> <span class='ocrx_word' id='word_1_860' title='bbox 3236 4955 3364 5013; x_wconf 77' lang='grc' dir='ltr'>τοὺς</span> <span class='ocrx_word' id='word_1_861' title='bbox 3414 4949 3508 5002; x_wconf 76' lang='grc' dir='ltr'><strong>ὑπ’</strong></span> <span class='ocrx_word' id='word_1_862' title='bbox 3556 4945 3713 5015; x_wconf 76' lang='grc' dir='ltr'><strong>αύτῷ</strong></span> 
     </span>
    </p>
   </div>
   <div class='ocr_carea' id='block_1_112' title="bbox 2124 5039 3713 5130">
    <p class='ocr_par' dir='ltr' id='par_1_112' title="bbox 2124 5039 3713 5130">
     <span class='ocr_line' id='line_1_112' title="bbox 2124 5039 3713 5130; baseline -0.013 -18"><span class='ocrx_word' id='word_1_863' title='bbox 2124 5053 2463 5130; x_wconf 85' lang='grc' dir='ltr'>πράττοντάς</span> <span class='ocrx_word' id='word_1_864' title='bbox 2495 5067 2625 5105; x_wconf 89' lang='grc' dir='ltr'>ποτε</span> <span class='ocrx_word' id='word_1_865' title='bbox 2656 5049 2751 5103; x_wconf 69' lang='grc' dir='ltr'>καὶ</span> <span class='ocrx_word' id='word_1_866' title='bbox 2780 5048 2838 5102; x_wconf 79' lang='grc' dir='ltr'>ὲν</span> <span class='ocrx_word' id='word_1_867' title='bbox 2864 5044 3108 5117; x_wconf 77' lang='grc' dir='ltr'>ἀχρείοις</span> <span class='ocrx_word' id='word_1_868' title='bbox 3138 5042 3359 5097; x_wconf 78' lang='grc' dir='ltr'>σκεύεσι</span> <span class='ocrx_word' id='word_1_869' title='bbox 3387 5039 3713 5111; x_wconf 81' lang='grc' dir='ltr'>λελογισμέ-</span> 
     </span>
    </p>
   </div>
   <div class='ocr_carea' id='block_1_113' title="bbox 2124 5131 3712 5212">
    <p class='ocr_par' dir='ltr' id='par_1_113' title="bbox 2124 5131 3712 5212">
     <span class='ocr_line' id='line_1_113' title="bbox 2124 5131 3712 5212; baseline -0.011 -11"><span class='ocrx_word' id='word_1_870' title='bbox 2124 5165 2268 5212; x_wconf 92' lang='grc' dir='ltr'>νους.</span> <span class='ocrx_word' id='word_1_871' title='bbox 2312 5144 2453 5199; x_wconf 79' lang='grc' dir='ltr'>Ἀλλ’</span> <span class='ocrx_word' id='word_1_872' title='bbox 2485 5144 2569 5212; x_wconf 73' lang='grc' dir='ltr'><strong>ἐφ’</strong></span> <span class='ocrx_word' id='word_1_873' title='bbox 2601 5138 2683 5204; x_wconf 73' lang='grc' dir='ltr'>οἷς</span> <span class='ocrx_word' id='word_1_874' title='bbox 2719 5135 2789 5211; x_wconf 80' lang='grc' dir='ltr'>ἦν</span> <span class='ocrx_word' id='word_1_875' title='bbox 2832 5137 2980 5200; x_wconf 79' lang='grc' dir='ltr'>εἰκὸς</span> <span class='ocrx_word' id='word_1_876' title='bbox 3014 5132 3537 5204; x_wconf 81' lang='grc' dir='ltr'>καταθαυμάζεσθαι</span> <span class='ocrx_word' id='word_1_877' title='bbox 3577 5131 3712 5201; x_wconf 75' lang='grc' dir='ltr'>πρέ-</span> 
     </span>
    </p>
   </div>
   <div class='ocr_carea' id='block_1_114' title="bbox 2127 5223 3713 5302">
    <p class='ocr_par' dir='ltr' id='par_1_114' title="bbox 2127 5223 3713 5302">
     <span class='ocr_line' id='line_1_114' title="bbox 2127 5223 3713 5302; baseline -0.011 -10"><span class='ocrx_word' id='word_1_878' title='bbox 2127 5255 2272 5302; x_wconf 87' lang='grc' dir='ltr'>πειν,</span> <span class='ocrx_word' id='word_1_879' title='bbox 2325 5237 2421 5289; x_wconf 70' lang='grc' dir='ltr'><strong>ἐπὶ</strong></span> <span class='ocrx_word' id='word_1_880' title='bbox 2462 5234 2676 5297; x_wconf 89' lang='grc' dir='ltr'>τούτοις</span> <span class='ocrx_word' id='word_1_881' title='bbox 2723 5232 2908 5294; x_wconf 85' lang='grc' dir='ltr'>αὐτοῖς</span> <span class='ocrx_word' id='word_1_882' title='bbox 2965 5225 3428 5297; x_wconf 80' lang='grc' dir='ltr'>κατεσκωμμένος</span> <span class='ocrx_word' id='word_1_883' title='bbox 3477 5223 3713 5287; x_wconf 80' lang='grc' dir='ltr'>ἀνοσίως</span> 
     </span>
    </p>
   </div>
   <div class='ocr_carea' id='block_1_115' title="bbox 2129 5318 3716 5404">
    <p class='ocr_par' dir='ltr' id='par_1_115' title="bbox 2129 5318 3716 5404">
     <span class='ocr_line' id='line_1_115' title="bbox 2129 5318 3716 5404; baseline -0.01 -20"><span class='ocrx_word' id='word_1_884' title='bbox 2129 5328 2597 5404; x_wconf 81' lang='grc' dir='ltr'>μεταπεφοίτηκεν</span> <span class='ocrx_word' id='word_1_885' title='bbox 2640 5322 2954 5393; x_wconf 80' lang='grc' dir='ltr'>ἀναγκαίως</span> <span class='ocrx_word' id='word_1_886' title='bbox 2988 5320 3089 5394; x_wconf 81' lang='grc' dir='ltr'>τὴν</span> <span class='ocrx_word' id='word_1_887' title='bbox 3133 5318 3390 5375; x_wconf 84' lang='grc' dir='ltr'>Ἰουδαίαν</span> <span class='ocrx_word' id='word_1_888' title='bbox 3433 5318 3626 5387; x_wconf 74' lang='grc' dir='ltr'>ἀφεὶς,</span> <span class='ocrx_word' id='word_1_889' title='bbox 3652 5318 3716 5370; x_wconf 78' lang='grc' dir='ltr'>ἐν</span> 
     </span>
    </p>
   </div>
   <div class='ocr_carea' id='block_1_116' title="bbox 2124 5408 3715 5500">
    <p class='ocr_par' dir='ltr' id='par_1_116' title="bbox 2124 5408 3715 5500">
     <span class='ocr_line' id='line_1_116' title="bbox 2124 5408 3715 5500; baseline -0.011 -20"><span class='ocrx_word' id='word_1_890' title='bbox 2124 5420 2158 5500; x_wconf 80' lang='grc' dir='ltr'>ᾖ</span> <span class='ocrx_word' id='word_1_891' title='bbox 2192 5424 2286 5480; x_wconf 79' lang='grc' dir='ltr'>καὶ</span> <span class='ocrx_word' id='word_1_892' title='bbox 2327 5421 2650 5492; x_wconf 83' lang='grc' dir='ltr'>γεγέννηται</span> <span class='ocrx_word' id='word_1_893' title='bbox 2695 5418 2840 5473; x_wconf 80' lang='grc' dir='ltr'>κατά</span> <span class='ocrx_word' id='word_1_894' title='bbox 2868 5432 2933 5485; x_wconf 86' lang='grc' dir='ltr'><strong>γε</strong></span> <span class='ocrx_word' id='word_1_895' title='bbox 2972 5414 3072 5487; x_wconf 77' lang='grc' dir='ltr'>τὴν</span> <span class='ocrx_word' id='word_1_896' title='bbox 3108 5415 3313 5486; x_wconf 84' lang='grc' dir='ltr'>σάρκα·</span> <span class='ocrx_word' id='word_1_897' title='bbox 3351 5412 3530 5467; x_wconf 89' lang='grc' dir='ltr'>καίτοι</span> <span class='ocrx_word' id='word_1_898' title='bbox 3567 5408 3715 5464; x_wconf 66' lang='grc' dir='ltr'>κατὰ</span> 
     </span>
    </p>
   </div>
   <div class='ocr_carea' id='block_1_117' title="bbox 2126 5505 3711 5590">
    <p class='ocr_par' dir='ltr' id='par_1_117' title="bbox 2126 5505 3711 5590">
     <span class='ocr_line' id='line_1_117' title="bbox 2126 5505 3711 5590; baseline -0.011 -17"><span class='ocrx_word' id='word_1_899' title='bbox 2126 5517 2383 5590; x_wconf 75' lang='grc' dir='ltr'>ἀλήθειαν</span> <span class='ocrx_word' id='word_1_900' title='bbox 2430 5515 2680 5576; x_wconf 81' lang='grc' dir='ltr'>Ἰουδαῖος</span> <span class='ocrx_word' id='word_1_901' title='bbox 2709 5512 2809 5566; x_wconf 77' lang='grc' dir='ltr'>οὐκ</span> <span class='ocrx_word' id='word_1_902' title='bbox 2840 5509 2916 5564; x_wconf 86' lang='grc' dir='ltr'>ὣν</span> <span class='ocrx_word' id='word_1_903' title='bbox 2946 5509 3023 5573; x_wconf 83' lang='grc' dir='ltr'>ὡς</span> <span class='ocrx_word' id='word_1_904' title='bbox 3055 5510 3084 5562; x_wconf 84' lang='grc' dir='ltr'>ὁ</span> <span class='ocrx_word' id='word_1_905' title='bbox 3118 5509 3310 5576; x_wconf 84' lang='grc' dir='ltr'>Λόγος,</span> <span class='ocrx_word' id='word_1_906' title='bbox 3358 5506 3473 5559; x_wconf 83' lang='grc' dir='ltr'>ἀλλ’</span> <span class='ocrx_word' id='word_1_907' title='bbox 3500 5505 3711 5561; x_wconf 75' lang='grc' dir='ltr'>ἄνωθεν</span> 
     </span>
    </p>
   </div>
   <div class='ocr_carea' id='block_1_118' title="bbox 2091 5604 3703 5698">
    <p class='ocr_par' dir='ltr' id='par_1_118' title="bbox 2091 5604 3703 5698">
     <span class='ocr_line' id='line_1_118' title="bbox 2091 5604 3703 5698; baseline -0.012 -8"><span class='ocrx_word' id='word_1_908' title='bbox 2091 5638 2108 5664; x_wconf 75' lang='grc'><strong>⁸</strong></span> <span class='ocrx_word' id='word_1_909' title='bbox 2143 5635 2296 5690; x_wconf 84' lang='lat' dir='ltr'><strong>Joan.</strong></span> <span class='ocrx_word' id='word_1_910' title='bbox 2323 5650 2394 5698; x_wconf 77' lang='lat' dir='ltr'><strong>lx,</strong></span> <span class='ocrx_word' id='word_1_911' title='bbox 2425 5632 2516 5688; x_wconf 74' lang='lat'><strong>29.</strong></span> <span class='ocrx_word' id='word_1_912' title='bbox 2593 5630 2640 5662; x_wconf 81' lang='grc'>⁸³</span> <span class='ocrx_word' id='word_1_913' title='bbox 2667 5627 2859 5684; x_wconf 85' lang='lat' dir='ltr'><strong>Matth.</strong></span> <span class='ocrx_word' id='word_1_914' title='bbox 2890 5642 2984 5691; x_wconf 77' lang='lat' dir='ltr'><strong>xu,</strong></span> <span class='ocrx_word' id='word_1_915' title='bbox 3017 5622 3107 5677; x_wconf 66' lang='grc' dir='ltr'><strong>Ἡ.</strong></span> <span class='ocrx_word' id='word_1_916' title='bbox 3153 5621 3197 5654; x_wconf 63' lang='grc'><strong>⁸³</strong></span> <span class='ocrx_word' id='word_1_917' title='bbox 3220 5620 3364 5683; x_wconf 82' lang='lat' dir='ltr'><strong>Psal.</strong></span> <span class='ocrx_word' id='word_1_918' title='bbox 3399 5604 3592 5685; x_wconf 71' lang='lat' dir='ltr'><strong>cxx&quot;,</strong></span> <span class='ocrx_word' id='word_1_919' title='bbox 3619 5620 3703 5681; x_wconf 74' lang='lat' dir='ltr'><strong>t2.</strong></span> 
     </span>
    </p>
   </div>
  </div>
