4024 6198
250 248 359 308 ωε

1296 248 1816 307 οωιιγιιοιιυιι
1852 251 1923 307 ΙΝ
1962 250 2249 308 EXODUM
2286 250 2414 306 LIB.
2452 250 2496 306 ῐ.

3419 254 3520 312 ωε

252 372 347 424 καὶ
372 368 433 433 ἐξ
456 366 712 437 οὐρανοῦ,
755 367 849 420 καὶ
883 367 1032 438 παρά
1076 366 1320 437 Πατρός,
1351 366 1604 439 καθάπερ
1640 367 1831 440 ἀμέλει

1939 378 2105 424 tatem
2138 368 2360 424 Iudaeus
2390 381 2501 421 non
2527 373 2693 432 esset,
2718 374 2907 437 utpote
2935 365 3214 432 Verbum;
3250 358 3348 422 sed
3370 387 3402 424 e
3426 359 3521 424 su-

250 462 349 514 καὶ
388 462 419 513 6
460 458 753 522 Θεσπέσιος
792 460 1020 529 Μωσῆς,
1053 457 1295 510 ἐτίκτετο
1326 458 1425 528 μὲν
1455 459 1513 510 ἐν
1542 457 1834 528 Αἰγύπτῳ,

248 556 347 608 καὶ
367 550 435 625 ἦν
468 551 717 624 Ἐϐραῖος
747 550 807 615 ἐξ
843 550 1109 623 Ἑϐραίων
1129 592 1142 611 ,
1175 549 1333 622 ῥίζαν
1356 550 1496 620 ἔχων
1517 550 1715 620 εὐγενῆ
1742 550 1837 604 καὶ

248 646 420 715 ἁγίαν
460 643 557 697 τοῦ
589 642 818 713 πατρός.
876 640 1035 694 Ἀλλά
1064 640 1171 694 τῶν
1202 639 1259 705 ἐξ
1290 642 1518 710 αἵματος
1549 640 1837 703 ὀνειδιζόνο

247 756 362 793 των
395 735 565 808 αὐτῷ,
617 736 711 789 καὶ
754 736 812 787 ὲν
864 733 1118 804 ἐσχάταις
1166 732 1398 803 ἐχόντων
1448 731 1721 795 διαϐολαῖς
1768 732 1839 785 τά

247 826 398 898 ὑπέρ
427 843 491 893 γε
527 822 677 894 σφῶν
709 822 891 876 αὐτῶν
935 823 1308 893 πραττόμενα,
1350 819 1616 892 μετετέθη
1653 819 1840 874 λοιπὸν

245 924 333 983 εἰς
358 918 458 990 τὴν
482 916 705 987 Μαδιάμ
724 957 738 975 ,
770 916 862 969 καὶ
890 916 971 974 είς
996 914 1096 985 τὴν
1117 913 1225 968 τῶν
1259 912 1589 983 ἑτερογενῶν
1623 909 1839 983 μεθωρ-

251 1008 447 1080 μίζετο
467 1005 671 1077 χώραν.
699 1000 838 1061 Εἶτα
864 1004 1197 1077 προσιζήσας
1225 1003 1304 1074 τῷ
1330 1003 1552 1074 φρέατι,
1584 1005 1705 1065 ταῖς
1748 1003 1840 1054 Ἰο-

245 1102 350 1171 θδρ
380 1101 625 1170 ἐπήμυνε
653 1098 1004 1171 θυγατράσιν.
1034 1097 1099 1149 At
1129 1096 1229 1166 μὲν
1270 1095 1378 1167 γὰρ
1418 1091 1574 1149 οὖσαι
1595 1095 1686 1148 τὴν
1713 1096 1839 1167 ἀρι-

243 1190 391 1260 θμὸν
419 1188 584 1252 ἑπτὰ,
620 1191 715 1244 καὶ
745 1190 846 1253 τὰς
880 1188 973 1242 τοῦ
1009 1188 1136 1241 ίδίου
1164 1187 1369 1258 πατρὸς
1396 1186 1597 1256 ἀγέλας
1627 1187 1836 1241 διαποι-

246 1282 574 1350 μαίνουσαι,
606 1278 1003 1353 προσεκόμιζον
1044 1283 1164 1344 ταῖς
1196 1279 1385 1349 ληναῖς
1414 1277 1740 1349 δεδιψηκότα
1765 1278 1834 1331 τὰ

1941 458 2130 528 pernis
2160 464 2217 512 et
2237 472 2268 512 e
2290 456 2431 511 cwlo
2455 464 2511 510 et
2546 471 2612 511 ex
2646 456 2827 519 Patre,
2854 463 2915 509 ut
2962 454 3078 511 fere
3103 455 3270 510 etiam
3303 455 3526 514 divinus

1939 547 2117 602 Moses
2148 555 2309 602 natus
2343 545 2567 617 quidem
2601 545 2703 600 fuit
2737 546 2792 599 in
2830 544 3082 616 Egypto,
3119 545 3217 601 sed
3257 555 3377 601 erat
3413 545 3520 602 He-

1938 639 2119 695 braeus
2144 655 2212 694 ex
2232 638 2499 701 Hebraeis,
2550 645 2836 708 paternam
2885 636 3129 692 radicem
3172 636 3416 692 nobilem
3459 652 3525 693 ac

1938 739 2180 785 sanetam
2215 730 2444 786 habens.
2471 729 2708 799 [deoque
2746 744 2871 783 cum
2906 728 3016 793 isti,
3051 729 3146 799 qui
3170 728 3386 800 cognati
3420 729 3523 800 ipsi

1934 831 2114 887 erant,
2140 831 2402 877 vexarent
2433 836 2560 877 eum
2596 820 2840 891 probris,
2873 831 2930 877 et
2960 837 3083 891 qua:
3112 834 3213 891 pro
3244 818 3381 889 ipsis
3405 835 3527 877 sus-

1935 924 2096 981 cepta
2127 920 2286 967 erant
2323 926 2673 982 summopere
2720 910 3211 976 calumniarentur,
3249 913 3526 967 conwssit

1935 1002 2159 1056 demum
2227 1001 2283 1055 in
2345 1001 2579 1067 Madian,
2641 1001 3031 1073 regionemque
3087 1003 3521 1073 alienigenarum

1933 1093 2326 1163 l‘requentavit.
2366 1092 2574 1148 Deinde
2604 1109 2728 1148 cum
2777 1093 2844 1148 ad
2893 1103 3119 1165 puteum
3158 1094 3522 1160 consedisset,

1936 1184 2155 1239 ﬁliabus
2181 1184 2374 1240 Jethro
2406 1185 2795 1255 epitulabatur.
2837 1186 2931 1242 Ha:
2959 1187 3107 1243 enim
3131 1170 3290 1243 erant
3313 1196 3521 1258 septem

1934 1293 2187 1343 numero,
2229 1279 2401 1348 patris
2433 1280 2517 1334 sui
2554 1296 2773 1351 gregem
2805 1289 3112 1351 pascentes,
3145 1281 3525 1352 cogebantque

243 1374 564 1445 θρέμματα.
629 1372 1010 1443 ’Δρυσαμένας
1063 1371 1120 1424 δὲ
1173 1370 1274 1441 ἥδη
1338 1372 1430 1423 καὶ
1494 1371 1594 1423 σὺν
1650 1367 1833 1439 ἱδρῶτι

1938 1382 2064 1423 oves
2088 1367 2177 1422 siti
2209 1355 2521 1424 laborantes
2546 1368 2613 1424 ad
2640 1370 2878 1425 canales.
2910 1368 3184 1425 Caeterum
3220 1385 3420 1439 magno
3448 1370 3526 1424 la-

242 1465 450 1535 πολλῷ,
484 1465 988 1535 πεπλεονεκτήκασι
1004 1462 1112 1517 τῶν
1144 1462 1384 1517 αἰπόλων
1420 1463 1583 1527 τινές.
1629 1463 1833 1535 ’Υπερσ

1938 1457 2064 1513 bore
2104 1458 2436 1514 bauriebant
2473 1476 2673 1531 aquam
2708 1462 2780 1516 ob
2827 1461 3194 1532 quorumdam
3237 1471 3522 1533 pastorum

241 1558 451 1629 ἠθλησε
504 1556 562 1610 δὲ
622 1557 857 1627 Μωσῆς,
902 1558 997 1610 καὶ
1035 1557 1222 1628 χερσὶν
1257 1556 1415 1621 ἰδίαις
1451 1555 1826 1627 ἀνιμώμενος,

1938 1549 2277 1620 iniquitatem
2302 1551 2506 1609 :Moses
2547 1562 2729 1608 autem
2765 1554 3131 1625 prOpugnavit
3174 1569 3288 1619 eas,
3317 1562 3373 1610 et
3408 1555 3526 1611 suis

241 1648 467 1700 ἐπότισε
511 1640 576 1701 τά
619 1647 866 1719 πρόϐατα
902 1647 1111 1708 αὐτῶν,
1159 1647 1300 1701 καθά
1342 1648 1671 1717 γέγραπται.
1736 1650 1823 1702 Ἐν

1938 1642 2101 1712 ipsius
2148 1642 2404 1698 manibus
2444 1643 2706 1699 hauriens
2747 1644 3043 1715 adaquavit
3086 1646 3333 1717 ipsarum
3369 1661 3525 1709 oves.

238 1736 397 1801 τάξει
422 1737 488 1807 δὴ
508 1732 601 1792 οὖν
619 1736 716 1790 τοῦ
741 1738 948 1808 κόσμου
974 1739 1065 1792 τὸν
1106 1740 1273 1811 Ἰοθὺρ
1295 1740 1710 1811 παραδεξόμεθα
1726 1783 1740 1805 ,
1770 1741 1830 1806 ὃς

1938 1735 2073 1790 sicut
2100 1736 2371 1807 scriptum
2393 1746 2478 1791 est
2495 1737 2560 1791 ““.
2585 1736 2852 1803 Quocirca
2868 1738 3134 1793 mundum
3164 1755 3275 1809 prae
3296 1755 3354 1795 se
3380 1739 3529 1795 ferre
3584 1751 3590 1757 '

240 1823 316 1899 ἦν
366 1829 546 1901 ἱερεὺς
587 1828 697 1881 τῶν
738 1828 1125 1900 Μαδιηναίων,
1160 1832 1221 1884 οὐ
1267 1830 1387 1902 Θεῷ
1416 1832 1495 1903 τῷ
1531 1832 1690 1901 φύσει
1739 1834 1831 1887 καὶ

1938 1826 2282 1883 censebimus
2307 1829 2519 1893 Jethro,
2550 1830 2644 1898 qui
2664 1839 2781 1884 erat
2799 1829 3061 1885 sacerdos
3077 1829 3528 1897 Madianitarum,

240 1916 466 1987 ἀληθῶς
489 1918 813 1989 ποιούμενος
836 1919 936 1990 τὴν
958 1918 1240 1990 λατρείαν,
1267 1919 1407 1974 ἀλλὰ
1427 1924 1541 1985 τοῖς
1567 1921 1830 1992 κτίσμασι

238 2010 401 2081 πσρά
445 2011 540 2065 τὸν
588 2011 851 2065 κτίσαντα
901 2011 995 2064 καί
1027 2011 1285 2084 ποιητὴν,
1335 2012 1370 2083 ἢ
1413 2015 1526 2078 τοῖς
1557 2014 1622 2067 ἐκ
1668 2014 1832 2068 λίθων

240 2101 640 2173 πεποιημένοις
658 2142 674 2167 ,
702 2103 796 2156 καὶ
824 2106 936 2167 τοῖς
956 2102 1223 2157 τεκτόνων
1250 2103 1534 2177 φιλοτεχνή
1543 2122 1697 2176 μασι.
1724 2106 1832 2159 Hs-

242 2191 492 2263 πλάνητο
512 2191 570 2244 δὲ
596 2192 691 2245 καὶ
709 2194 739 2246 6
758 2192 982 2262 κόσμος,
1007 2192 1305 2263 δαιμονίοις
1326 2194 1419 2248 καὶ
1438 2196 1500 2249 οὐ
1521 2194 1641 2266 Θεῷ
1663 2212 1833 2268 προσ-

238 2284 450 2340 κυνῶν.
497 2284 896 2356 Ἐρμηνεύεται
938 2284 994 2337 δὲ
1027 2287 1121 2339 καὶ
1159 2285 1328 2358 ἰοθὺρ
1364 2290 1762 2357 περισσότης,
1797 2288 1832 2359 ἢ

237 2377 542 2444 περιττός.
571 2375 823 2439 Τοιοῦτος
849 2375 906 2430 δὲ
943 2378 1037 2430 καὶ
1062 2378 1091 2430 6
1120 2377 1324 2448 κόσμος
1343 2419 1356 2444 ,
1394 2380 1721 2450 περιττότης
1752 2378 1834 2433 ὢν

234 2468 398 2533 δλοςο
443 2468 534 2522 διά
559 2485 642 2522 τοι
678 2467 741 2523 τὸ
768 2468 901 2540 δρᾷν
933 2470 1062 2534 τοὺς
1097 2469 1164 2523 τά
1190 2469 1358 2524 αὐτοῦ
1393 2474 1611 2541 φρονεῖν
1643 2470 1834 2543 ἑλομέ-

233 2578 369 2624 νους
399 2560 511 2616 τῶν
536 2562 851 2630 ἀναγκαίων
889 2562 1068 2628 οὐδὲν,
1099 2562 1329 2627 είκαίοις
1358 2562 1415 2616 δὲ
1450 2562 1639 2635 ὥσπερ
1673 2580 1836 2617 κατα-

236 2650 472 2723 μεθύειν
522 2655 956 2723 περισπασμοῖς,
1006 2654 1099 2705 καὶ
1149 2651 1589 2725 διαῤῥιπτεῖσθαι
1633 2652 1836 2725 τρόπον

231 2742 366 2797 τινὰ
408 2742 550 2815 πρὸς
580 2743 837 2815 ἀχρείους
873 2743 1085 2812 ἡδονάς.
1119 2743 1221 2814 Είη
1255 2744 1323 2798 ἂν
1360 2744 1463 2797 οὐκ
1495 2743 1832 2814 ἀμφίλογον,
1868 2797 1878 2805 ,

231 2837 324 2891 δτι
368 2837 485 2900 τοῖς
528 2834 773 2890 ἐθέλουσι
824 2834 973 2907 βιοῦν
1015 2834 1195 2909 ὀρθῶς
1226 2835 1457 2908 περιττά
1494 2836 1564 2890 τά
1596 2834 1833 2907 σαρκὸς,

235 2928 340 2983 λαὶ
377 2928 443 2983 τὸ
474 2931 694 3001 φρονεῖν
721 2929 789 2983 τὰ
817 2930 876 2982 ἐν
906 2929 1119 3000 κόσμῳ,
1168 2928 1269 3000 τῆς
1294 2928 1390 2982 τοῦ
1433 2928 1705 3000 χρησίμου
1742 2930 1838 2982 καὶ

232 3021 547 3090 ἀναγκαίου
590 3022 933 3094 διημάρτηκε
975 3020 1186 3093 θήρας,
1220 3022 1379 3091 εἴπερ
1420 3021 1572 3077 ἐστὶν
1616 3020 1833 3091 ἀληθὲς,

230 3116 323 3171 ὅτι
358 3135 379 3169 ι
415 3115 493 3169 T6
518 3116 774 3187 φρόνημα
801 3115 899 3182 τῆς
930 3115 1133 3186 σαρκὸς
1172 3112 1351 3184 ἔχθρα,
1372 3114 1453 3176 είς
1483 3113 1617 3167 Θεόν
1638 3129 1649 3143 υ
1691 3133 1708 3165 ι
1739 3113 1833 3166 καὶ

228 3212 270 3265 ὁ
294 3207 517 3281 φρονῶν
541 3206 609 3261 τά
633 3206 730 3261 τοῦ
759 3206 985 3273 κόσμου,
1019 3204 1212 3277 ἐχθρὸς
1257 3205 1354 3259 τοῦ
1394 3204 1531 3259 Θεθῦ
1575 3204 1835 3259 καθίστα-

228 3320 355 3357 ται.
384 3300 720 3373 Περιττότης
746 3295 840 3354 οὖν
865 3298 1081 3370 ἀληθῶς
1104 3297 1166 3353 τδ
1192 3301 1408 3370 φρονεῖν
1434 3290 1654 3352 ἑλέσθαι
1678 3298 1746 3351 τά
1775 3299 1833 3350 ἐν

234 3394 475 3465 κόσμῳ,
518 3391 615 3447 καὶ
654 3391 818 3455 αὐτὸς
858 3390 916 3444 δὲ
963 3393 992 3444 ό
1038 3390 1263 3461 κόσμος.
1304 3391 1454 3460 Ἔφη
1500 3390 1609 3460 γάρ
1660 3405 1764 3442 που
1805 3391 1834 3444 6

234 3486 513 3559 Χριστός·
544 3504 563 3537 ι
590 3485 675 3538 ιΤί
701 3483 1114 3559 ὠφεληθήσεται
1153 3482 1440 3554 ἄνθρωπος
1484 3482 1580 3535 ἐὰν
1607 3480 1700 3536 τὸν
1742 3482 1834 3535 κό-

239 3557 388 3650 σμον
417 3578 538 3632 ὅλον
566 3577 828 3649 κερδήσῃ,
862 3557 958 3648 τὴν
977 3576 1036 3628 δὲ
1065 3576 1243 3647 ψυχὴν
1270 3574 1435 3628 αὑτοῦ
1461 3573 1833 3645 ζημιωθῇ;Ἦ

236 3671 293 3727 τί
321 3667 491 3725 δώσει
522 3667 806 3740 ἄνθρωπος
836 3666 1194 3738 ἀντάλλαγμα
1219 3668 1316 3737 τῆς
1353 3664 1535 3736 ψυχῆς
1567 3664 1766 3733 αὐτοῦς
1807 3684 1827 3716 ι

310 3767 393 3831 η’.
426 3754 872 3829 Μετακεχώρηκε
919 3757 1099 3812 τοίνυν
1148 3759 1212 3811 ἐκ
1260 3756 1361 3827 τῆς
1388 3754 1702 3824 Αίγυπτίων
1752 3757 1833 3819 είς

239 3852 479 3923 Μαδιάμ
508 3851 796 3922 ὁΜωσῆς,
842 3853 902 3905 ὲν
949 3853 1051 3922 ἴσῳ
1091 3850 1148 3904 δὲ
1193 3849 1379 3920 τρόπῳ
1412 3848 1508 3902 καὶ
1535 3850 1565 3903 6
1593 3846 1831 3921 Χριστὸς

237 3948 308 4000 ἐκ
333 3945 440 4015 τῆς
483 3942 744 4007 Ἰουδαίας
764 3945 844 4006 είς
866 3943 965 4015 τὴν
987 3941 1295 3997 Γαλιλαίαν.
1321 3942 1512 4016 Ἀθρει
1540 3942 1598 3995 δὲ
1622 3942 1707 3994 ὄτι
1732 3940 1832 4011 μία

241 4037 352 4109 μὲν
391 4037 426 4107 ἡ
459 4035 592 4089 Δευῖ
620 4033 868 4107 θυγάτηρ
916 4036 950 4106 ἠ
987 4035 1079 4088 τὸν
1135 4033 1280 4105 ἱερὸν
1325 4033 1562 4087 τεκοῦσα
1605 4030 1831 4089 Μωσέα.

236 4129 482 4192 ῐῐλείους
513 4128 581 4182 δὲ
616 4129 723 4199 μὴν
760 4128 856 4182 καὶ
884 4128 1024 4181 ἑπτὰ
1055 4127 1147 4180 τὸν
1181 4126 1413 4198 ἀριθμὸν
1440 4127 1496 4179 αί
1535 4124 1705 4196 ἰοθὸρ
1736 4122 1832 4177 τοῦ

236 4220 613 4291 Μαδιηναίου.
643 4220 759 4275 Μία
791 4219 891 4286 μὲν
915 4218 1023 4291 γὰρ
1060 4219 1155 4273 καὶ
1182 4220 1215 4289 ὴ
1242 4219 1352 4272 τῶν
1398 4216 1667 4271 Ἰουδαίων
1697 4215 1833 4286 πλη-

236 4314 370 4379 θὺς,
406 4313 467 4378 ἐξ
498 4308 567 4387 ἧς
595 4315 687 4367 καὶ
713 4313 1037 4384 γεγέννηται
1076 4310 1216 4366 κατὰ
1252 4310 1431 4380 σάρκα
1466 4296 1723 4380 Χριστὸς,
1754 4307 1832 4371 ὡς

1930 1932 2112 1988 neque
2124 1934 2315 1974 verum
2343 1936 2405 1974 ac
2426 1930 2621 1991 suapte
2637 1928 2836 1975 natura
2863 1921 3034 1976 Deum
3053 1922 3287 1987 colebat,
3317 1920 3412 1977 sed
3430 1930 3529 1976 aut
3596 1966 3599 1967 ν

1933 2017 2213 2066 creaturas
2227 2010 2477 2067 Creatori
2499 2012 2847 2082 pneferebat,
2869 2011 2968 2068 ειη
2988 2028 3052 2068 ea
3083 2030 3205 2084 qua:
3223 2030 3292 2068 ex
3344 2011 3525 2084 lapide

1916 2100 2094 2179 257
2120 2112 2216 2157 aut
2258 2103 2406 2175 ligno
2444 2113 2603 2159 erant
2639 2102 2959 2159 fabrefacta.
2995 2104 3217 2159 Erravit
3242 2112 3428 2160 autem
3470 2112 3533 2160 et

1933 2194 2025 2249 hic
2055 2196 2313 2263 mundus,
2341 2196 2633 2263 daemonia,
2657 2214 2767 2253 non
2798 2198 2971 2254 Deum
3005 2199 3307 2255 adorando.
3355 2199 3539 2255 Porro

1931 2281 2125 2338 Jethro
2144 2285 2440 2355 exponitur
2464 2288 2828 2358 superﬂuitas,
2858 2295 2957 2341 aut
2976 2291 3330 2360 superﬂuum.
3362 2288 3536 2360 Ejus-.

1933 2376 2083 2431 modi
2106 2392 2238 2432 sane
2273 2378 2514 2434 mundus
2534 2388 2638 2445 est,
2669 2395 2795 2435 cum
2823 2388 2971 2435 totus
3013 2382 3085 2435 sit
3129 2380 3485 2452 superﬂuitas
3509 2398 3543 2447 ;~

1933 2483 2003 2525 eo
2024 2469 2171 2539 quod
2205 2470 2303 2539 qui
2327 2471 2606 2526 mundana
2627 2480 2845 2537 curant,
2886 2472 3025 2527 nihil
3061 2489 3259 2528 eorum
3283 2489 3407 2545 qua:
3430 2489 3529 2529 ne-

1935 2562 2175 2618 cessaria
2200 2571 2331 2618 sunt
2353 2562 2577 2629 faciant,
2608 2564 2704 2619 sed
2729 2564 2887 2619 vanis
2913 2564 3344 2636 cogitationibus
3362 2564 3524 2628 ebrii,

1936 2653 2231 2709 inutilibus
2264 2655 2645 2726 voluptatibus
2676 2656 2776 2711 toti
2810 2663 2942 2711 sunt
2967 2656 3203 2711 addicti.
3238 2656 3334 2711 Est
3358 2656 3533 2727 igitur

1936 2745 2144 2815 absque
2173 2745 2345 2801 dubio
2359 2761 2575 2812 verum,
2607 2746 2754 2818 quod
2784 2747 2853 2802 iis
2871 2748 2965 2817 qui
2991 2747 3289 2818 pievivere
3311 2748 3526 2813 volunt,

1938 2854 2347 2908 supervacanea
2369 2840 2675 2895 carnalium
2699 2855 2765 2895 ac
2789 2840 3196 2895 mundanarum
3221 2856 3409 2896 rerum
3437 2855 3534 2896 co-

1938 2930 2132 3002 gitatio
2154 2931 2224 2985 ab
2247 2932 2368 3003 ejus
2389 2932 2539 3003 quod
2559 2933 2697 2987 utile
2725 2948 2790 2988 ac
2815 2934 3192 2990 necessarium
3223 2943 3309 2990 est
3336 2950 3528 2991 conse.

1938 3024 2159 3081 cutione
2195 3025 2453 3092 abducat,
2498 3027 2773 3097 siquidem
2798 3043 2990 3083 verum
3017 3036 3102 3082 est
3127 3027 3259 3083 illud
3287 3045 3301 3081 :
3339 3047 3357 3080 ι
3386 3028 3533 3084 Pru-

1937 3116 2122 3172 dentia
2165 3119 2348 3174 carnis
2386 3118 2609 3173 inimica
2644 3127 2727 3174 est
2766 3119 2880 3174 Deo
2908 3119 2973 3175 ⁸⁷.
3007 3141 3024 3171 ι
3059 3120 3129 3175 Ει
3164 3120 3260 3191 qui
3299 3120 3443 3190 sapit
3464 3135 3530 3176 ea

1937 3223 2060 3278 quae
2073 3208 2263 3263 mundi
2286 3219 2435 3275 sunt,
2469 3209 2731 3266 inimicus
2755 3210 2853 3281 Dei
2880 3210 3239 3266 constituitur
3261 3211 3328 3265 ⁸⁸.
3356 3210 3532 3266 Nimis

1937 3301 2122 3371 itaque
2165 3318 2296 3359 vere
2325 3303 2469 3373 sapit
2505 3303 2603 3373 qui
2642 3302 2835 3359 mundi
2865 3319 2954 3358 res
2979 3303 3134 3375 eligit
3162 3320 3175 3357 :
3206 3310 3370 3373 atque
3412 3302 3532 3373 ipse

1935 3393 2075 3449 adeo
2098 3394 2357 3449 mundus.
2385 3394 2475 3449 Ait
2507 3394 2656 3450 enim
2689 3395 2822 3451 alibi
2845 3394 3102 3451 Christus
3129 3414 3142 3449 :
3177 3414 3195 3447 ι
3218 3393 3361 3462 Quid
3398 3410 3531 3466 pro-

1930 3472 2104 3541 fuerit
2143 3486 2356 3542 homini
2401 3488 2447 3543 si
2484 3495 2659 3543 totum
2703 3488 2976 3543 mundum
3025 3487 3534 3553 lucretur,unima3

1934 3583 2119 3629 autem
2166 3591 2280 3631 sua:
2324 3576 2720 3633 detrimentum
2758 3577 3181 3649 patiatur?Aut
3203 3578 3336 3649 quid
3379 3577 3561 3635 dabitv

1935 3666 2102 3722 homo
2127 3668 2181 3722 in
2210 3669 2649 3740 redemptionem
2675 3672 2875 3726 animae
2898 3656 3011 3726 suae
3037 3673 3083 3705 "
3107 3672 3131 3725 τ
3159 3689 3178 3722 ι

2006 3757 2057 3813 8.
2094 3759 2356 3815 ῡίεαιεείι
2393 3760 2561 3831 igitur
2604 3759 2817 3832 Moyses
2839 3778 2905 3816 ex
2929 3760 3160 3832 Egypto
3189 3761 3243 3814 in
3269 3759 3487 3815 Madian
3512 3776 3533 3823 ;A

1933 3850 2129 3905 eodem
2146 3850 2309 3906 modo
2332 3859 2390 3906 et
2410 3850 2667 3907 Christus
2690 3866 2759 3905 ex
2780 3851 2969 3907 Judaza
2995 3853 3050 3906 in
3076 3851 3378 3907 Galilaeam.
3394 3848 3540 3907 Vide

1934 3949 2119 3995 autem
2141 3956 2254 4011 quo
2277 3948 2438 4011 pacto
2460 3956 2571 3996 una
2596 3956 2665 3997 ex
2690 3940 2908 3997 ﬁliabus
2936 3941 3069 3998 Levi
3093 3943 3377 4013 pepererit
3407 3958 3533 3999 san-

1934 4040 2084 4088 ctum
2110 4031 2355 4103 Moysen.
2390 4031 2556 4102 Atqui
2594 4032 2808 4102 plures,
2834 4033 3099 4090 nimirum
3132 4043 3380 4106 septem,
3408 4032 3531 4090 fue-
3598 4104 3601 4107 _

1935 4132 2066 4178 runt
2091 4121 2217 4177 (ilia:
2238 4122 2433 4179 Jethro
2460 4123 2789 4181 Madianitae.
2819 4125 2955 4181 Nam
2979 4142 3089 4183 una
3112 4134 3211 4182 est
3232 4125 3557 4182 multitudo-

1932 4215 2282 4281 Judaeorum,
2308 4231 2376 4271 ex
2418 4232 2527 4287 qua
2569 4228 2628 4273 et
2658 4217 2917 4275 Christus
2953 4218 3262 4276 secundum
3302 4234 3526 4275 carnem

1934 4316 2096 4364 natus
2117 4316 2223 4374 est,
2249 4307 2399 4380 quod
2421 4324 2552 4364 sane
2566 4310 2933 4382 velut-intypo
2949 4318 3101 4381 gesta
3116 4309 3318 4381 Moysis
3338 4310 3533 4366 adum-

233 4406 302 4459 ἑν
329 4403 494 4475 τύπῳ
536 4402 617 4475 τῷ
648 4403 791 4458 κατὰ
822 4403 1046 4458 Μωσέα.
1102 4403 1305 4456 Πολλαὶ
1339 4402 1396 4456 δὲ
1429 4401 1550 4455 λίαν
1585 4399 1641 4454 αί
1669 4400 1834 4454 οἱονεὶ

1940 4397 2123 4454 brant.
2152 4398 2333 4455 Multa:
2354 4408 2545 4455 autem
2563 4410 2694 4455 sunt
2715 4400 2905 4455 mundi
2930 4399 3087 4471 quasi
3113 4399 3259 4465 tiliae,
3288 4400 3395 4456 hoc
3423 4409 3528 4465 est,

232 4496 341 4552 τοῦ
384 4497 590 4567 κόσμου
616 4495 938 4568 θυγατέρες,
966 4494 1145 4549 εῐτουν
1183 4493 1375 4563 ἀγέλαι
1408 4493 1566 4564 τυχὸν
1596 4494 1655 4546 ὲν
1682 4490 1835 4563 αὑτῷ

236 4582 658 4643 κατοικούντων
707 4586 896 4642 ἐθνῶν.
943 4586 1131 4656 ’Δφεὶς
1167 4579 1260 4638 οὗν
1314 4582 1423 4655 ἀρα
1456 4582 1693 4655 Χριστὸς
1739 4581 1841 4652 τὴν

235 4680 387 4734 ὅθεν
426 4678 588 4746 ἐξέφυ
635 4677 779 4732 κατά
811 4678 910 4749 τὴν
956 4676 1140 4749 σάρκα
1187 4673 1551 4746 Συναγωγὴν,
1592 4674 1688 4727 ἐπὶ
1743 4672 1842 4737 τὰς

237 4770 455 4832 πολλὰς
488 4769 598 4823 τῶν
628 4768 798 4824 ἐθνῶν
827 4767 1188 4821 ἀπονένευκεν
1227 4764 1430 4835 ἀγέλας
1454 4781 1467 4797 ο
1505 4764 1573 4829 ἃς
1615 4764 1844 4836 πονηροὶ

240 4863 516 4934 ποιμένες
547 4860 954 4927 κατεσιάζοντο,
987 4858 1285 4921 τουτέστιν,
1319 4858 1369 4911 oi
1402 4857 1844 4929 κοσμοκράτορες

237 4955 348 5009 τοῦ
379 4954 592 5024 κόσμου
640 4952 854 5006 τούτου.
897 4953 1133 5006 Διέσωσε
1186 4949 1251 5023 δὴ
1295 4949 1476 5013 αὐτός.
1519 4947 1679 5003 Ἀλλά
1713 4947 1847 5020 φέρι

240 5051 509 5118 λέγωμεν
538 5049 639 5118 τῆς
677 5044 991 5111 πλεονεξίας
1035 5045 1126 5099 τὸν
1152 5043 1353 5115 τρόπον
1383 5041 1473 5095 τὸν
1499 5040 1598 5112 τῆς
1620 5039 1846 5113 ἀρωγῆς

237 5141 718 5214 προσεπάγοντες.
756 5138 919 5201 Ἔθος
946 5140 1014 5209 τῇ
1060 5135 1182 5207 θείᾳ
1211 5135 1402 5206 Γραφῇ
1444 5132 1632 5203 λάκκῳ
1657 5147 1848 5203 παρει-

238 5236 444 5300 κάζειν
487 5234 590 5304 τὴν
626 5232 866 5303 ἔμφυτον
909 5231 967 5283 ἐν
1003 5230 1135 5301 ἡμῖν
1179 5227 1308 5299 περὶ
1339 5224 1475 5279 Θεοῦ
1507 5224 1731 5295 γνῶσιν,
1752 5220 1849 5275 καὶ

236 5328 377 5383 καθ’
401 5327 474 5398 ην
513 5325 723 5379 ἕκαστα
771 5322 880 5377 τῶν
922 5318 1213 5393 πρακτέων
1241 5313 1642 5387 ποδηγούμεθα.
1690 5312 1846 5365 Ἀνα-

235 5418 410 5489 6ρὺει
439 5416 552 5488 γὰρ
589 5414 781 5485 ὥσπερ
824 5415 882 5466 ὲν
914 5413 1045 5483 ἡμῖν
1084 5409 1334 5480 καθάπερ
1382 5405 1489 5461 ἀπὸ
1524 5404 1707 5476 πηγῆς
1747 5400 1843 5455 τοῦ

250 5513 342 5567 δοῦ
369 5510 467 5565 καὶ
508 5512 541 5581 ἡ
573 5507 771 5572 παντὸς
816 5507 1019 5576 εἴδησις
1056 5503 1283 5573 ἀγαθοῦ,
1309 5502 1401 5554 καὶ¹
1434 5499 1532 5568 τῆς
1558 5497 1684 5568 περὶ
1706 5494 1842 5548 Θεοῦ

1940 4504 2136 4562 greges
2156 4490 2316 4560 quasi
2339 4492 2625 4547 nationum
2660 4491 2717 4546 in
2741 4507 2809 4549 eo
2851 4490 3239 4547 habitantium.
3278 4490 3537 4548 Christus

1944 4580 2151 4653 itaque,
2175 4584 2367 4640 relicta
2410 4599 2577 4640 eaex
2619 4600 2728 4655 qua
2774 4592 2939 4640 natus
2980 4583 3285 4639 secundum
3308 4597 3531 4640 carnem

1946 4671 2249 4745 Synagoga,
2295 4674 2371 4729 ad
2392 4675 2595 4731 multos
2625 4676 2872 4746 gentium
2905 4691 3101 4748 greges
3124 4673 3367 4740 dcllexit,
3395 4689 3536 4746 quos
3560 4724 3565 4730 .

1946 4766 2076 4820 mali
2119 4776 2367 4837 pastores
2390 4768 2605 4839 injuria.
2632 4767 2963 4834 aﬂieiebant,
2992 4769 3096 4823 hoc
3115 4777 3219 4832 est,
3256 4768 3535 4837 principes

1944 4856 2114 4928 hujus
2154 4859 2366 4913 mundi.
2394 4859 2598 4914 Verum
2624 4859 2742 4929 ipse
2785 4860 3045 4915 servabat
3090 4874 3156 4914 ac
3200 4856 3560 4913 defendebat»-

1945 4964 2063 5006 eos.
2095 4949 2211 5005 Sed.
2250 4966 2370 5022 age,
2397 4951 2647 5008 dicamus
2671 4952 2740 5008 de
2767 4952 2970 5024 injuria
2996 4951 3109 5015 illa,
3141 4958 3202 5005 ut
3223 4948 3386 5005 simul
3413 4964 3534 5003 mo-

1947 5041 2079 5097 dum
2102 5042 2292 5096 auxilii
2315 5044 2647 5113 aperiamus.
2676 5045 2791 5099 Mos
2822 5052 2908 5100 est
2931 5057 3101 5099 sacrm
3130 5041 3451 5111 Scriptura,
3476 5049 3561 5094 ut‘

1949 5130 2358 5188 insitam-nobis
2381 5133 2478 5188 Dei
2517 5133 2909 5205 cognitionem,
2937 5148 3045 5202 qua
3077 5130 3147 5187 ad
3184 5145 3276 5187 res
3300 5130 3561 5202 agendas

1948 5219 2087 5275 duce
2118 5220 2345 5287 utimur,
2370 5230 2538 5293 puteo
2561 5237 2657 5278 seu
2691 5224 2853 5277 fossa:
2874 5228 3174 5293 comparet.
3199 5220 3336 5276 Nam
3364 5220 3542 5277 scien-

1950 5311 2026 5365 tia
2055 5311 2226 5367 totius
2267 5312 2397 5367 boni
2441 5323 2699 5383 tanquam
2743 5328 2811 5367 ex
2851 5310 3004 5368 fonte
3042 5311 3246 5367 mentis
3279 5310 3334 5365 in
3380 5308 3565 5364 nobis.

1950 5403 2205 5470 scaturit,
2232 5413 2289 5460 et
2331 5405 2522 5476 gloria:
2553 5405 2649 5460 Dei
2691 5405 2933 5476 cognitio
2956 5404 3127 5460 veluti
3157 5404 3215 5459 in
3238 5401 3465 5473 speculo
3487 5408 3544 5457 et

1946 5493 2003 5550 in
2037 5497 2326 5568 aenigmate
2361 5498 2425 5551 °'.
2455 5496 2611 5553 Unde
2643 5506 2701 5551 et
2732 5498 2869 5553 istos
2899 5497 2994 5569 qui
3034 5502 3411 5556 contemnunt:
3442 5494 3540 5559 Dei

319 5690 360 5722 "
400 5685 662 5750 Exoddl,
703 5684 788 5738 l7.
860 5683 905 5713 "
931 5682 1089 5738 Rom.
1122 5696 1235 5749 vin,
1272 5680 1323 5733 7.
1403 5676 1448 5707 "
1469 5675 1582 5732 Jac.
1614 5692 1684 5742 iv,
1718 5675 1767 5732 ι.
1796 5746 1803 5747 7

1938 5673 2110 5731 llatth.
2142 5689 2250 5742 ιιι,
2281 5672 2368 5729 26.
2448 5670 2491 5704 ⁶⁰
2515 5671 2538 5730 1
2562 5669 2687 5729 Cor.
2716 5688 2834 5739 xm,
2872 5673 2957 5757 l2.
