4024 6198
489 243 589 301 407

1483 244 1540 299 S.
1578 243 1852 301 CYRlL-Ll
1889 244 2359 302 ALEXANDRINI
2400 244 2713 304 ARCBIEP.

3652 243 3754 297 ωε

479 353 869 415 dilectionem,
920 351 1197 422 impieque
1248 350 1667 408 declinaverunt
1691 394 1706 417 ,
1759 362 1820 409 ut
1852 352 2035 409 scilice

2167 354 2326 428 δόξης
2352 359 2385 429 ἡ
2411 358 2485 420 ὡς
2503 359 2561 411 ἐν
2586 356 2838 427 ἐσόπτρῳ
2861 372 2922 408 τε
2949 356 3044 409 καὶ
3075 354 3359 424 αἰνίγματι
3381 354 3608 424 γνῶσις.
3648 357 3756 409 Καὶ

479 440 825 497 dannonibus
845 440 1110 496 honorem
1134 440 1230 512 qui
1250 440 1363 496 Deo
1384 440 1619 497 debetur
1640 443 1907 508 tribuant,
1932 458 2057 515 gra-

479 552 500 585 \
517 535 621 587 iter
644 540 867 588 accusat
889 549 990 603 per
1016 548 1203 589 vocem
1234 533 1514 599 Jeremiaz,
1541 533 1733 591 dicens
1760 554 1772 589 :
1807 556 1826 588 ι
1853 535 2060 592 Obstu-

477 628 597 696 puit
619 627 691 681 ob
715 626 821 680 hoc
834 626 1054 691 cmlum,
1077 636 1133 682 et
1155 629 1487 684 contremuit
1509 637 1657 683 terra
1683 629 2058 694 vehementer,

475 717 610 771 dicit
639 716 923 782 Dominus,
952 717 1082 787 quia
1125 718 1235 772 duo
1262 718 1402 773 mala
1431 718 1562 774 fecit
1602 718 1838 790 populus
1859 734 2016 779 meus
2041 736 2054 773 :

474 825 561 861 me
585 807 1004 881 dereliquerunt
1027 809 1235 864 fontem
1267 826 1421 880 aquze
1444 813 1699 876 viventis,
1724 822 1781 868 et
1802 813 2058 869 foderunt

472 900 579 965 sibi
604 899 871 955 cisternas
893 900 1204 971 dissipatas,
1224 903 1389 973 253
1407 919 1528 975 qua:
1551 920 1747 974 aquam
1773 905 2057 962 continere

470 992 838 1063 nequeunt“.
882 1013 900 1044 ι
930 994 1066 1050 Nam
1117 994 1301 1050 cultus
1343 995 1446 1053 iste
1483 996 1652 1052 falsus
1678 1006 1765 1051 est
1788 997 1944 1066 quasi
1972 996 2044 1051 ci-

468 1092 652 1136 sterna
672 1090 863 1157 rupta,
897 1091 1088 1154 utpote
1111 1100 1179 1141 ex
1205 1102 1312 1155 qua
1336 1101 1499 1141 nemo
1520 1096 1702 1156 potest
1736 1087 1961 1141 haurire
1992 1087 2030 1141 il

466 1175 561 1229 lud
600 1175 835 1230 verbum
882 1176 1208 1232 viviﬁcum:
1261 1178 1359 1233 sed
1404 1178 1621 1233 sincera
1666 1178 1763 1233 Dei
1809 1178 2054 1249 cognitio

466 1280 656 1320 revera
684 1274 767 1320 est
792 1265 917 1322 fons
940 1267 1087 1323 vitm.
1112 1268 1320 1324 Puteus
1356 1268 1541 1339 itaque
1563 1277 1650 1325 est
1688 1277 1850 1341 typus
1876 1269 2056 1324 insita:

461 1358 622 1414 uobis
657 1358 889 1414 notitia.
941 1359 1215 1417 Caeterum
1260 1362 1507 1432 quandiu
1564 1361 1630 1417 ad
1679 1361 1935 1417 notitiam
1981 1361 2052 1417 de

463 1453 571 1506 Deo
594 1460 743 1507 recta
773 1467 953 1522 neque
979 1462 1168 1508 coacta
1195 1463 1379 1510 mente
1418 1454 1503 1510 usi
1543 1453 1816 1509 fuerimus
1836 1494 1850 1518 ,
1900 1463 2050 1510 recta

459 1545 706 1601 veritatis
735 1546 820 1601 via
841 1546 1233 1616 grassabimur.
1259 1546 1316 1602 Si
1340 1564 1472 1602 vero
1500 1548 1627 1619 quis
1647 1546 2048 1602 dmmoniorum

458 1636 690 1692 fallaciis
732 1637 913 1692 victus
944 1637 1235 1693 deﬂexerit
1284 1638 1354 1693 ad
1398 1638 1454 1693 id
1489 1638 1638 1708 quod
1677 1638 1781 1709 ipsi
1825 1638 2045 1708 placet,

2162 447 2295 516 γοῦν
2322 450 2447 512 τοὺς
2482 448 2582 518 τῆς
2618 449 2698 511 είς
2726 447 2860 500 Θεὸν
2898 447 3119 515 ἀγάπης
3159 445 3632 516 ὁλιγωρὴσαντας,
3657 464 3756 516 μι-

2163 538 2588 610 τακεκλιμένους
2613 538 2670 592 δὲ
2697 538 2927 601 ἀνοσίως
2958 537 3050 590 ἐπὶ
3089 536 3150 590 τὸ
3182 537 3377 608 χρῆναι
3409 539 3526 600 τοῖς
3562 537 3752 608 δαίμοο
3800 546 3803 549 ·

2163 646 2247 682 σιν
2274 630 2536 683 ἀνάπτειν
2562 629 2622 682 τὸ
2673 628 2858 691 σέϐας,
2910 629 3208 699 κατῃτιᾶτο
3236 628 3415 698 λέγων
3449 628 3539 682 διά
3566 632 3754 700 φωνῆς

2173 722 2437 791 Ἱερεμίου
2460 736 2474 752 ·
2508 739 2525 766 σ
2574 721 2799 790 Ἐξέστη
2826 720 2919 772 ἐπὶ
2942 720 3117 792 τούτῳ
3141 722 3170 773 ὁ
3192 704 3441 791 οὐρανὸς,
3467 721 3564 773 καὶ
3595 719 3753 792 ἔφριο

2161 811 2249 876 ξεν
2289 814 2380 866 ἐπὶ
2428 812 2610 866 πλεῖον
2652 815 2685 884 ὴ
2717 813 2787 883 γῆ
2823 812 3049 883 σφόδρα,
3098 811 3245 881 λέγει
3277 812 3506 885 Κύριος,
3536 813 3622 865 ὅτι
3659 812 3754 868 δύο

2158 903 2373 973 ποιηρὰ
2405 904 2659 973 ἐποίησεν
2689 906 2718 956 ὁ
2748 903 2877 966 λαός
2923 921 3048 973 μου’
3094 904 3196 973 ἐμὲ
3234 904 3597 971 ἐγκατέλιπον
3644 921 3752 975 πη-

2156 994 2260 1065 γὴν
2293 993 2481 1058 ὓδατος
2508 996 2728 1059 ζῶντος,
2747 995 2841 1047 καὶ
2866 993 3085 1066 ὤρυξαν
3107 996 3321 1058 ἑαυτοῖς
3348 994 3592 1057 λάκκους
3629 1011 3753 1046 συν-

2155 1089 2575 1157 τετριμμένους,
2625 1087 2674 1140 οἳ
2722 1087 2782 1139 ού
2835 1086 3159 1156 δυνήσονται
3218 1086 3365 1157 ὕδωρ
3409 1086 3677 1156 συνέχειν.
3725 1105 3745 1137 ι

2159 1178 2398 1249 Λατρεία
2444 1180 2554 1247 γὰρ
2591 1179 2625 1248 ἡ
2659 1176 3030 1248 ψευδώνυμος,
3086 1177 3289 1242 λάκκος
3341 1172 3433 1231 οἷά
3490 1176 3577 1240 τίς
3631 1179 3747 1232 ἐστι

2158 1269 2638 1340 συντετριμμένος
2674 1269 2734 1321 οὐ
2769 1267 2878 1338 γὰρ
2910 1269 2975 1322 ἂν
3012 1267 3280 1339 ἁρύσαιτό
3306 1285 3393 1331 τις
3421 1267 3636 1323 ἐκεῖθεν
3659 1270 3749 1323 τὸν

2156 1360 2437 1425 ζωοποιεῖν
2478 1360 2730 1429 ἰσχύοντα
2778 1360 2969 1428 λόγον’
3005 1360 3159 1431 πηγὴ
3207 1359 3265 1412 δὲ
3294 1360 3442 1430 ζωῆς
3465 1362 3684 1433 ἀληθῶς
3714 1366 3748 1435 ἠ

2153 1450 2456 1521 ἀμώμητος
2492 1451 2620 1521 περὶ
2660 1450 2797 1504 Θεοῦ
2845 1450 3068 1519 γνῶσις.
3114 1452 3325 1507 Οὐκοῦν
3354 1454 3453 1522 τῆς
3496 1452 3747 1524 ἐμφύτου

2151 1541 2406 1610 γνώσεως
2449 1540 2614 1595 εἰκὼν
2666 1540 2732 1594 ἀν
2769 1541 2857 1610 εἴη
2886 1540 3072 1594 λοιπὸν
3104 1544 3133 1596 ὁ
3162 1542 3365 1606 λάκκος
3384 1545 3539 1614 ἡμῖν.
3582 1544 3746 1598 Ἀλλά

2152 1633 2258 1696 ἕως
2289 1634 2389 1702 μὲν
2424 1632 2557 1704 πρὸς
2584 1632 2789 1704 εἴδησιν
2807 1633 2908 1706 τὴν
2941 1634 3035 1689 ἐπὶ
3075 1634 3196 1706 Θεῷ
3230 1633 3375 1707 ὀρθῷ
3404 1635 3502 1689 καὶ
3533 1636 3745 1691 ἀκατα-

457 1740 573 1784 ι;,ιιιι
600 1745 753 1785 suam
789 1742 1013 1800 operam
1040 1730 1150 1784 illis
1168 1730 1389 1787 localiit.
1422 1707 1674 1795 idenim,
1700 1707 1762 1785 ut
1782 1707 2035 1796 arbitror,

2150 1724 2358 1795 διάστῳ
2404 1723 2727 1796 κεχρήμεθα
2774 1724 2870 1795 νῷ,
2899 1726 3139 1780 κατευθὺ
3177 1726 3277 1795 τῆς
3314 1726 3577 1797 ἀληθείας
3611 1727 3743 1800 ἥξο-

457 1820 688 1890 ligurate
717 1820 988 1894 signiﬁcat
1013 1860 1027 1885 ,
1053 1821 1201 1890 quod
1235 1821 1357 1876 tiliae
1393 1821 1587 1877 Jethro
1631 1820 1891 1877 hauriant
1920 1818 2046 1889 qui-

452 1915 580 1968 dem
626 1929 826 1984 aquam
852 1956 866 1981 ,
902 1914 1043 1969 alios
1075 1922 1258 1969 autem
1303 1915 1647 1984 potentiores
1695 1928 1817 1968 eam
1856 1912 1909 1966 vi
1938 1913 2047 1967 eri-

452 2019 602 2071 pere.
641 2004 702 2059 In
753 2004 1065 2060 istiusmodi
1112 2002 1531 2059 inﬁrmitatibus
1568 2002 1805 2058 dicimus
1832 2002 2043 2058 versari

449 2111 547 2150 eas
584 2096 680 2166 qui
705 2105 837 2153 sunt
866 2097 1115 2168 decepti,
1153 2104 1343 2167 utpote
1379 2097 1584 2166 quibus
1607 2096 1772 2151 insita
1802 2097 2043 2168 cognitio

450 2188 508 2244 in
539 2188 942 2245 absurditatem
969 2190 1039 2244 sit
1063 2203 1330 2244 conversa
1350 2229 1364 2253 ,
1392 2188 1498 2243 hoc
1517 2197 1637 2253 est,
1664 2188 1722 2242 in
1749 2203 1996 2244 errorem
2023 2228 2038 2253 ,

447 2289 613 2351 atque
637 2280 692 2336 in
717 2281 772 2336 id
791 2282 940 2352 quod
964 2280 1250 2337 daemoniis
1269 2280 1510 2352 expedit.
1550 2282 1758 2337 Verum
1793 2281 1898 2336 hoc
1920 2281 2043 2336 vin-

447 2372 652 2428 dicavit
701 2371 976 2432 Christus.
1028 2373 1166 2429 Nam
1202 2375 1321 2444 ipse
1345 2418 1361 2440 ,
1404 2374 1709 2445 proﬂigatis
1756 2375 2040 2430 sceleratis

448 2464 781 2534 pastoribus,
800 2465 1012 2534 potavit
1032 2482 1177 2536 aqua
1199 2465 1441 2532 vivente,
1468 2466 1573 2522 hoc
1592 2477 1698 2531 est,
1726 2481 1828 2522 suo
1850 2466 2040 2522 divino

444 2564 498 2609 et
524 2556 735 2612 caelesti
759 2557 953 2616 verbo.
997 2556 1210 2614 Idcirco
1243 2558 1362 2614 ait:
1396 2578 1415 2610 ι
1450 2557 1508 2614 Si
1531 2559 1655 2630 quis
1692 2559 1831 2625 sitit,
1854 2560 2040 2615 veniat

442 2647 511 2702 ad
534 2663 644 2712 me,
668 2657 727 2705 et
748 2648 903 2705 bibat
927 2650 994 2708 “.
1026 2670 1046 2704 ι
1081 2650 1277 2707 Jethro
1305 2650 1492 2722 itaque
1532 2659 1690 2723 geret
1720 2650 1884 2708 nobis
1906 2667 2038 2722 per-

440 2752 634 2795 sonam
677 2739 892 2805 mundi,
912 2739 1009 2810 qui
1046 2738 1428 2810 superﬂuitate
1457 2750 1515 2796 et
1535 2739 1782 2801 vanitate
1825 2740 2036 2798 redun-

440 2827 555 2883 dat.
582 2821 803 2898 Septem
841 2839 1028 2886 autem
1058 2831 1201 2890 lllias
1231 2830 1485 2887 dicemus
1507 2846 1630 2888 esse
1654 2832 1906 2903 gentium
1933 2847 2035 2887 cu-

440 2918 615 2993 iusvis
640 2919 749 2976 loci
773 2920 1048 2986 nationes,
1087 2920 1163 2976 ita
1190 2928 1251 2975 ut
1274 2934 1374 2992 per
1404 2935 1852 2993 unamquamque
1890 2920 2033 2976 illia-

441 3025 564 3068 rum
595 3010 792 3068 Jethro
844 3009 1144 3068 multitudo
1196 3010 1562 3082 significetur.
1598 3011 1855 3067 Pastores
1899 3025 2033 3066 vero

439 3103 570 3161 mali
600 3114 767 3174 atque
815 3103 1001 3159 infesti
1046 3104 1247 3158 merito
1293 3101 1526 3172 intelligi
1583 3101 1800 3173 possint
1848 3112 2030 3158 coetus

436 3195 858 3252 dmmoniorum.
885 3194 993 3251 Sed
1019 3195 1114 3266 qui
1145 3193 1392 3249 vindicat
1417 3203 1505 3249 est
1524 3192 1801 3259 Christus,
1836 3193 1932 3265 qui
1972 3202 2031 3250 et

436 3287 643 3349 divinis
673 3302 780 3343 nos
824 3286 1064 3343 inebriat
1095 3285 1339 3343 liuentis.
1365 3286 1569 3342 Puellae
1594 3295 1802 3351 autem,
1848 3286 2030 3344 evasis

438 3378 736 3449 impiorum
790 3386 1074 3450 pastorum
1108 3378 1327 3450 injuriis
1350 3419 1366 3444 ,
1416 3385 1776 3434 revertuntur
1811 3379 1881 3435 ad
1915 3379 2028 3436 Ra-

435 3470 650 3540 guelem
676 3477 891 3543 patrem
922 3469 1422 3542 ipsorum,lethro,
1451 3470 1698 3541 inquam.
1728 3468 1830 3526 Cui
1850 3470 2028 3527 inter-

438 3560 652 3633 roganti
702 3576 927 3618 causam
984 3568 1098 3617 tam
1138 3561 1369 3616 insueta:
1416 3559 1820 3628 festinationis,
1880 3561 2029 3618 illico

435 3653 724 3725 proferunt
740 3652 1008 3710 auxilium
1024 3651 1243 3724 Moysis.
1271 3652 1428 3709 Unde
1450 3658 1508 3708 et
1534 3652 1815 3708 hominem
1835 3653 2026 3711 confe-

436 3750 563 3804 slim
586 3748 813 3805 domum
843 3762 1000 3803 suam
1034 3745 1250 3817 recipit,
1282 3754 1340 3800 et
1366 3743 1671 3816 Sephoram
1714 3746 1768 3802 ei
1798 3761 2026 3802 uxorem

433 3843 546 3907 dat,
579 3840 896 3912 primariam
923 3854 991 3895 ex
1032 3837 1252 3892 ﬁliabus
1279 3837 1396 3893 suis
1425 3846 1483 3893 et
1527 3836 1981 3893 formosissimam
2008 3854 2023 3902 ;

434 3937 550 3992 iliBC
572 3944 754 3991 autem
796 3931 1009 4003 peperit
1039 3931 1091 3987 ei
1120 3930 1370 3987 Gersam.
1409 3930 1546 3985 Nam
1583 3937 1940 4001 posteaquam
1968 3928 2024 3984 in

436 4028 644 4083 mundo
688 4025 899 4096 adjuvit
933 4024 1191 4081 Christus
1239 4025 1697 4096 congregationés
1739 4024 2022 4096 gentium,

433 4116 874 4187 (agnoscebatur
907 4114 1133 4184 quidem
1178 4114 1248 4170 ab
1277 4115 1388 4170 illis
1429 4130 1571 4186 quos
1613 4117 1941 4183 erudiebat,
1968 4125 2025 4172 et

435 4207 687 4267 salvabat
727 4222 871 4276 quos
910 4213 1094 4275 posset
1137 4204 1443 4271 vindicare,
1480 4215 1648 4275 atque
1677 4223 1708 4261 e
1737 4223 1904 4263 manu
1930 4223 2026 4264 eo-

436 4312 559 4354 rum
581 4298 675 4369 qui
705 4298 938 4370 injurias
966 4297 1233 4364 inferunt,
1259 4297 1519 4354 facillime
1551 4298 1813 4354 liberare.
1839 4300 2021 4371 Atque

2152 1833 2272 1887 μεν.
2313 1818 2375 1869 Ei
2403 1816 2461 1870 δὲ
2489 1819 2611 1880 ταῖς
2642 1816 2751 1869 τῶν
2779 1815 3074 1888 δαιμονίων
3110 1818 3351 1882 ἀπάταις
3388 1819 3743 1874 πλεονεκτούσ

2151 1926 2311 1979 μενος
2363 1907 2770 1979 παρατρέποιτό
2808 1925 2893 1972 τις
2936 1909 3029 1963 ἐπὶ
3078 1909 3139 1963 τὺ
3180 1909 3332 1980 αὐτῷ
3373 1909 3597 1975 δοκοῦν,
3645 1910 3742 1975 τάς

2151 2000 2286 2064 ἰδίας
2339 1999 2569 2064 ἐκείνοις
2620 2000 2925 2072 δαπανήσει
2980 2000 3239 2065 σπουδάς.
3295 2001 3465 2061 Τοῦτο
3491 2041 3507 2063 .
3561 1999 3740 2071 οἶμαι,

2145 2091 2294 2147 ἔστιν
2326 2091 2749 2163 αἰνιγματωδῶς
2797 2092 2861 2146 τὸ
2909 2092 3184 2165 ἀρύσαθαι
3226 2094 3325 2165 μὲν
3367 2094 3430 2148 τὸ
3464 2093 3613 2166 ὕδωρ
3640 2095 3741 2159 τὰς

2158 2185 2325 2257 Ἰοθὸρ
2355 2184 2686 2257 θυγατέρας,
2714 2186 2812 2239 σὺν
2832 2184 2922 2256 βίᾳ
2948 2184 3008 2238 δὲ
3026 2186 3185 2242 τοῦτο
3209 2186 3335 2251 τοὺς
3352 2184 3741 2239 πλεονεκτοῦν.

2143 2295 2240 2341 τας
2272 2277 2434 2331 ἑλεῖν.
2468 2278 2555 2330 Ἑν
2576 2276 2857 2342 τοιαύταις
2883 2272 3223 2349 εἶναίξφαμεν
3243 2277 3589 2350 ἀρρωστίαις
3606 2278 3740 2342 τοὺς

2144 2368 2621 2441 πεπλανημένους.
2656 2370 3163 2442 παρατρεπομένης
3207 2369 3394 2435 αὐτοῖς
3425 2373 3527 2440 τῆς
3561 2370 3741 2440 ἐμφύ-

2140 2478 2236 2515 του
2264 2461 2518 2530 γνὼσεως
2539 2462 2631 2515 ἐπὶ
2656 2462 2717 2516 τὸ
2740 2462 3304 2528 ἀκαλλὲς,τουτέστιν,
3328 2464 3411 2526 είς
3432 2462 3727 2533 πλάνησιν,

2141 2553 2236 2606 καὶ
2289 2555 2370 2617 είς
2411 2551 2473 2605 τὸ
2514 2555 2629 2617 τοῖς
2663 2552 2959 2624 δαιμονίοις
2990 2554 3282 2626 χρήσιμον.
3335 2553 3477 2608 Ἀλλ’
3504 2555 3734 2625 ἐπήμυ-

2140 2661 2229 2699 νιν
2259 2645 2289 2699 ὁ
2318 2644 2574 2715 Χριστός.
2630 2644 2968 2717 Ἀπεσόὸησε
3002 2646 3101 2717 μὲν
3130 2646 3240 2718 γάρ
3258 2645 3387 2710 τοὺς
3417 2645 3736 2718 ἀλιτηρίους

2137 2734 2590 2808 ψευδυπυιμένας,
2632 2737 2899 2793 πεπότικε
2938 2738 2995 2793 δὲ
3024 2738 3086 2793 τὸ
3128 2738 3276 2809 ὕδωρ
3320 2738 3382 2793 τδ
3419 2739 3553 2805 ζῶν,
3584 2755 3737 2793 teut

2138 2831 2277 2896 ἐστι,
2308 2830 2370 2884 τὸ
2399 2830 2542 2885 θεῖον
2571 2830 2738 2885 αὐτοῦ
2776 2831 2871 2886 καὶ
2901 2831 3152 2904 οὐράνιον
3179 2833 3461 2903 κήρυγμα.
3492 2830 3736 2902 Τοιγάρ-

2137 2936 2219 2974 τοι
2255 2920 2351 2975 καὶ
2395 2919 2655 2990 ἔφασκενθ
2692 2939 2713 2975 ι
2755 2922 2822 2976 Et
2859 2939 2945 2987 τις
2984 2920 3138 2995 διψᾷ,
3182 2922 3428 2995 ἐρχέσθω
3467 2923 3609 2995 πρός
3639 2940 3733 2994 με,

2138 3013 2232 3067 καὶ
2256 3011 2478 3069 πινέτω.
2520 3032 2540 3066 ι
2593 3012 2804 3068 υύκοῠν
2832 3013 3288 3086 παραληψώμεθα
3343 3013 3443 3086 μὲν
3480 3014 3576 3068 τὸν
3635 3015 3735 3070 ’1ο-

2133 3102 2232 3174 θὺρ
2278 3104 2359 3167 είς
2392 3102 2454 3156 τὸ
2483 3103 2579 3158 τοῦ
2613 3104 2824 3175 κόσμου
2860 3105 3154 3177 πρόσωπον
3191 3104 3288 3159 τοῦ
3328 3106 3730 3176 περισσότητος

2130 3194 2229 3248 καὶ
2285 3192 2561 3265 ἑξιτηλίας
2609 3195 3059 3267 μεμεστωμένου.
3105 3195 3423 3268 Θυγατέρας
3478 3196 3537 3250 δὲ
3582 3192 3731 3253 εἶναι

2131 3303 2317 3359 φαμεν
2359 3286 2460 3352 τὰς
2501 3286 2643 3342 ἃπτά
2671 3288 2773 3352 τάς
2808 3289 3126 3360 ἁπανταχοῦ
3153 3288 3264 3343 τῶν
3295 3288 3465 3342 ἐθνῶν
3498 3288 3729 3356 ἀγέλας,

2129 3377 2203 3443 ὡς
2248 3378 2335 3449 ἀφ’
2368 3378 2576 3455 ἑκάστῃ
2625 3379 2736 3434 τῶν
2778 3380 3098 3453 θυγατέρων
3143 3381 3312 3453 Ἰοθὸρ
3340 3380 3585 3450 πληθύος
3629 3397 3730 3451 ση-

2131 3469 2488 3542 μαινομένης.
2530 3471 2594 3525 υἱ
2639 3470 2695 3525 δέ
2731 3488 2795 3541 γε
2847 3473 3110 3544 ποιμένες
3144 3474 3196 3527 οῖ
3250 3473 3478 3547 πονηροί
3524 3490 3584 3525 τε
3629 3474 3729 3527 καί

2130 3563 2426 3634 βιαιότατοι
2450 3567 2639 3619 νοοῖντ’
2663 3564 2730 3620 ἃν
2745 3566 2969 3628 εἰκότως
2991 3565 3059 3620 τά
3073 3564 3181 3619 τῶν
3207 3565 3500 3637 δαιμονίων
3532 3564 3724 3635 στίφη.

2145 3654 2204 3708 '0
2231 3653 2286 3708 δὲ
2316 3653 2614 3719 ἐπαμύνων
2636 3654 2893 3724 Χριστὸς,
2928 3657 2958 3708 ὁ
2984 3655 3080 3709 καὶ
3108 3654 3272 3720 θείοις
3303 3656 3452 3726 ἡμᾶς
3479 3652 3725 3725 ὲκμεθύ-

2130 3765 2275 3803 σκων
2307 3747 2564 3818 νάμασιν.
2638 3746 2857 3819 Ἐπειδὴ
2891 3746 2949 3802 δὲ
2979 3747 3079 3811 τάς
3112 3747 3223 3801 τῶν
3249 3747 3482 3801 ἀνοσίων
3517 3747 3724 3818 ποιμέ-

2127 3844 2233 3893 νων
2283 3838 2600 3903 πλεονεξίας
2665 3838 2888 3910 διέδρων
2944 3839 3002 3892 αί
3046 3837 3320 3903 νεάνιδες,
3359 3838 3723 3895 ύπονοστοῦσι

2128 3931 2265 4000 πρὸς
2308 3930 2579 4001 Ῥαγουὴλ
2610 3931 2701 3985 τὸν
2729 3928 2937 3984 ἑαυτῶν
2967 3931 3200 4001 πατέρα,
3221 3929 3366 4000 φημὶ
3388 3929 3454 4001 δὴ
3483 3930 3576 3983 τὸν
3622 3930 3721 3983 ‘le-

2127 4023 2243 4094 θᾶρ.
2287 4021 2580 4095 Ἐρομένου
2621 4023 2681 4077 δὲ
2721 4024 2917 4088 αὑταῖς
2947 4023 3045 4094 τῆς
3076 4021 3383 4093 ἀσυνήθους
3416 4021 3718 4093 ταχύτητος

2126 4114 2224 4186 τὴν
2254 4114 2456 4179 αἰτίαν,
2488 4114 2588 4185 τὴν
2611 4113 2855 4179 Μωσέως
2886 4114 3208 4185 ἐπικουρίαν
3236 4113 3398 4178 εὐθὺς
3429 4114 3717 4184 ἀπαγγέλ-

2126 4204 2324 4258 λουσιν.
2367 4204 2425 4259 ’0
2451 4204 2508 4257 δὲ
2532 4205 2889 4268 είσοικίζεται
2913 4202 3258 4274 παραχρῆμα
3282 4200 3375 4255 τὸν
3400 4200 3711 4273 ἄνθρωπον,

2127 4298 2222 4353 καὶ
2246 4294 2549 4370 Σεπφὼραν
2577 4296 2724 4367 αὐτῷ
2750 4295 2930 4350 δίδωσι
2958 4296 3158 4365 γαμεῖν
3182 4292 3293 4349 τῶν
3327 4293 3523 4348 ἑαυτοῦ
3547 4293 3715 4361 θυγα-

434 4391 698 4463 deineeps
712 4392 1054 4463 perlibenter
1086 4391 1307 4463 recipit,
1338 4380 1804 4461 quemadmodum
1832 4401 1889 4448 et
1916 4394 2024 4449 Ra—

2139 4390 2299 4460 :épmv
2345 4390 2444 4459 τὴν
2488 4386 2836 4459 προύχουσαν
2893 4386 2989 4440 καὶ
3038 4384 3527 4457 εὐπρεπεστάτην
3573 4386 3608 4454 ὴ
3657 4384 3715 4438 δὲ

433 4482 557 4551 guel
599 4482 820 4553 Moysen
843 4482 1274 4540 sanctissimum.
1301 4480 1738 4541 Adducituutem
1769 4483 1937 4539 veluti
1967 4485 2023 4540 in

432 4571 858 4626 familiaritatem
883 4586 1070 4631 secum
1094 4579 1355 4638 tanquam
1387 4569 1555 4640 259
1587 4569 2021 4639 pulcherrimam

431 4660 727 4732 quamdam
766 4674 1022 4730 sponsam
1048 4658 1351 4716 Ecclesiam
1381 4675 1452 4713 ex
1477 4657 1757 4729 gentibus,
1781 4674 1903 4728 quae
1923 4674 2023 4728 per

432 4754 733 4826 Sephoram
781 4752 1124 4824 intelligitur.
1154 4753 1289 4809 Nam
1336 4753 1581 4822 Sephora
1620 4752 1917 4822 exponitur
1939 4754 2018 4808 οἱ·-

430 4847 633 4911 δίιαιίο,
660 4845 745 4900 vel
776 4842 1021 4916 pulchra,
1057 4859 1159 4903 nec
1192 4859 1304 4899 non
1342 4840 1783 4921 gratialspiritus.
1807 4845 2011 4902 Visita-

433 4938 508 4992 vit
530 4937 679 4992 enim
692 4935 891 4992 Oriens
913 4937 1107 4992 exalto
1134 4937 1178 4968 ⁸³
1204 4936 1354 4992 illam
1370 4952 1501 4992 vere
1523 4936 1781 4995 decoram
1808 4953 1873 4993 ac
1894 4937 2014 4993 for-

431 5044 662 5091 mosam,
689 5028 1012 5092 Ecclesium.
1038 5028 1284 5099 inquam,
1330 5028 1666 5099 donavitque
1699 5045 1824 5085 eam
1852 5030 2016 5086 xeuio

433 5120 679 5185 cmlesti,
710 5121 942 5189 spiritus
982 5121 1066 5175 sui
1098 5118 1436 5184 accessione,
1478 5120 1743 5176 nimirum
1777 5120 2021 5192 Spiritus

432 5212 608 5267 sancti
630 5212 1066 5282 participatione.
1095 5211 1272 5267 Porro
1297 5210 1415 5266 htec
1439 5211 1656 5281 peperit
1694 5213 1744 5267 ei
1768 5212 2017 5277 Cersam,

432 5305 536 5361 hoc
556 5312 663 5369 est,
696 5304 961 5375 populum
1000 5319 1193 5360 revera
1222 5303 1599 5375 peregrinum.
1625 5300 1728 5369 Qui
1753 5303 1903 5359 enim
1931 5303 2018 5359 di-

428 5398 560 5451 vino
581 5398 790 5467 Spiritu
819 5396 1062 5468 insigniti
1113 5406 1264 5463 sunt,
1309 5404 1367 5452 et
1412 5411 1654 5467 superna
1702 5394 2020 5451 visitatione

430 5490 657 5560 dignati,
673 5499 728 5544 et
752 5492 818 5546 ad
847 5489 1315 5561 pulchritudinem
1332 5490 1503 5551 veluti
1529 5489 1598 5545 ad
1620 5488 1823 5544 Filium
1841 5498 2017 5543 trans-

502 5667 545 5703 "
575 5667 777 5728 Jcrem.
797 5686 853 5734 ιι,
884 5670 1061 5729 l2-l3.
1115 5672 1186 5757 ζ’
1206 5671 1363 5730 Ιοιῐι.
1399 5687 1490 5740 vu,
1520 5671 1610 5727 '57.
1666 5673 1732 5761 ξ’
1760 5673 1892 5730 Luc.
1926 5690 1963 5744 I,
1992 5674 2079 5731 78.

2122 4480 2311 4534 τέτοκε
2343 4479 2595 4551 Γηρσάμ.
2645 4478 2862 4549 Ἐπειδὴ
2912 4477 3023 4549 γὰρ
3061 4476 3312 4548 ὠφέλησε
3366 4475 3602 4549 Χριστὸς
3645 4477 3714 4530 ra

2123 4574 2181 4626 ὲν
2226 4573 2415 4644 κόσμῳ
2457 4571 2565 4625 τῶν
2623 4570 2792 4625 ἐθνῶν
2848 4571 3200 4641 συστήματα,
3255 4567 3582 4639 ὲγνωρίζετο
3616 4568 3713 4638 μὲν

2122 4664 2274 4736 αὐτῷ
2309 4663 2812 4737 μυσταγωγούντων
2868 4661 3019 4734 αὐτῷ
3071 4661 3181 4715 τῶν
3227 4661 3296 4715 δι’
3321 4661 3488 4715 αὐτοῦ
3541 4677 3712 4714 σεσωο

2124 4758 2360 4829 σμένων,
2405 4757 2489 4811 ὃτι
2544 4757 2640 4810 καὶ
2696 4754 2998 4827 ἐπαμύνειν
3051 4748 3165 4816 οἷός
3202 4771 3262 4807 τε
3311 4752 3406 4806 καὶ
3452 4752 3561 4824 μὴν
3617 4754 3712 4806 καὶ

2123 4849 2303 4921 χειρὸς
2331 4847 2612 4913 ἐξελέσθαι
2650 4845 2851 4918 ῥᾳδίως
2886 4844 2996 4899 τῶν
3021 4844 3231 4901 ἀδικεῖν
3255 4843 3570 4916 ᾑρημένων.
3609 4841 3709 4898 θύ-

2122 4957 2202 4995 τω
2225 4957 2285 4994 τε
2315 4940 2502 4995 λοιπον
2531 4939 2799 5013 προσιστᾷ
2831 4940 2930 5008 μὲν
2958 4937 3234 5010 ἀσμένως,
3273 4935 3419 4991 καθά
3457 4937 3553 4990 καὶ
3590 4936 3707 4991 Ῥα-

2127 5032 2296 5104 γουὴλ
2325 5032 2534 5089 Munia
2579 5031 2673 5086 τὸν
2701 5020 3036 5103 Δἱερώτατον.
3079 5029 3378 5102 Συμσαίνει
3417 5028 3476 5084 δὲ
3516 5028 3706 5100 ὥσπερ
3794 5104 3807 5111 ⁵

2129 5124 2208 5188 είς
2237 5125 2549 5196 οἰκειότητα
2596 5124 2696 5197 τὴν
2735 5125 2811 5189 ὡς
2844 5124 2982 5196 πρὸς
3022 5123 3187 5179 αὑτὸν
3214 5123 3436 5195 νύμφην
3465 5117 3557 5177 οἷά
3585 5138 3705 5177 τινα

2121 5216 2624 5289 περικαλλεστάτην
2675 5217 2948 5289 παριστὰς
2986 5214 3136 5286 αὐτῷ
3157 5216 3255 5286 τὴν
3284 5214 3343 5281 ἐξ
3366 5214 3537 5270 ἐθνῶν
3588 5216 3706 5269 Ἐκ-

2119 5309 2365 5381 κλησίαν,
2398 5310 2433 5381 ἢ
2453 5310 2543 5365 διὰ
2572 5312 2674 5382 τῆς
2701 5307 3007 5380 Σεπφώρας
3029 5310 3251 5361 νοεῖται.
3272 5305 3706 5377 Διερμηνεύεται

2119 5401 2225 5473 γὰρ
2276 5400 2603 5472 ἐπίσκεψις
2651 5402 2684 5473 ἢ
2738 5402 2945 5470 ὡραία,
3002 5399 3096 5454 καὶ
3138 5398 3237 5471 μέν
3284 5414 3368 5451 τοι
3400 5399 3498 5451 καὶ
3535 5396 3703 5464 χάρις

2119 5490 2750 5566 πιιοῆς.”Επεσκέψατο
2782 5492 2890 5566 γὰρ
2928 5490 3161 5563 ἀνατολὴ
3202 5487 3261 5555 ἐξ
3297 5487 3466 5559 ὕψους
3498 5485 3597 5563 τὴν
3630 5484 3701 5553 ὡς
