4024 6198
321 226 420 284 :09
601 235 623 254 ο
1340 218 1859 279 οωιιγιιοιιωί
1891 218 1961 276 IN
1998 200 2284 275 Exonuu
2321 216 2451 272 us.
2491 215 2534 270 ι.
3471 208 3578 265 uo

316 349 533 421 ἀληθῶς
563 347 818 417 ὲκπρεπῆ
849 346 942 400 καὶ
972 345 1201 416 ὡραίαν,
1224 346 1370 415 φημί
1418 343 1483 414 δὴ
1519 343 1617 414 τὴν
1670 342 1896 412 Ἐκκληο

2010 341 2261 404 formati,
2299 340 2357 393 hi
2398 345 2529 393 sunt
2587 348 2777 390 revera
2836 331 3062 387 advena:
3107 337 3163 386 et
3196 330 3473 401 peregrini
3521 330 3577 384 in

271 443 281 450 ’
316 441 459 505 σίαν,
495 440 592 493 καὶ
619 438 792 509 δῶρον
812 438 984 508 αὐτῆς
1014 440 1104 491 καὶ
1132 437 1305 504 ξένιον
1326 433 1558 507 οὐρανοῦ
1573 435 1897 505 κεχάρισται

2010 430 2227 486 mundo.
2282 427 2521 496 Ideoque
2561 424 2766 495 optime
2809 422 2920 477 illis
2956 418 3268 483 conveniet,
3305 426 3366 473 ut
3395 418 3579 483 excla-

312 536 412 605 τῆς
464 531 659 588 ἑαυτοῦ
700 531 870 603 πνοῆς
913 530 1012 602 τὴν
1060 530 1319 592 ἐπίδοσιν,
1362 528 1507 599 φημὶ
1550 527 1614 600 δὴ
1657 527 1757 598 τὴν
1804 525 1899 579 τοῦ

312 626 475 696 ἁγίου
514 624 837 696 Πνεῦματος
882 622 1121 693 μέθεξιν.
1165 622 1229 674 Ἦ
1278 620 1333 673 δὲ
1372 620 1597 673 τέτοκεν
1629 616 1778 688 αὐτῷ
1806 617 1899 670 τὸν

313 718 572 789 Γηρσὰμ,
609 716 754 788 φημί
772 715 838 786 δὴ
886 714 1015 768 λαὸν
1062 713 1157 766 τὸν
1221 713 1484 782 πάροικον
1554 708 1792 781 ἀληθῶς.
1835 708 1901 762 Oi

316 811 427 880 γάρ
464 827 548 861 τοι
580 806 660 878 τῷ
695 807 826 877 θείῳ
869 802 1405 875 κατεσφραγισμένα
1453 800 1754 871 Πνεύματι,
1806 800 1901 853 καὶ

312 905 415 973 τῆς
450 901 658 956 ἄνωθεν
698 898 1005 966 ἐπισκοπῆς
1029 896 1357 967 ἀξιούμενοι,
1390 895 1487 949 καὶ
1515 897 1593 958 εἰς
1627 893 1899 966 ὡραιότη-

315 1012 384 1049 τα
415 990 884 1060 διαπεπλασμένοι
909 989 1005 1060 τὴν
1034 990 1110 1051 ῶς
1135 987 1268 1059 πρδς
1292 986 1436 1049 Υἱδν,
1460 987 1733 1056 πάροικοι,
1757 984 1901 1038 κατά

315 1086 378 1138 τὸ
404 1083 625 1151 ἀληθὲς,
655 1082 795 1135 εἰσὶν
835 1082 891 1132 ὲν
920 1077 1055 1150 τῷδε
1092 1078 1172 1149 τῷ
1201 1078 1409 1149 κόσμῳ.
1451 1077 1735 1148 Ἀρμόσειε
1764 1075 1811 1130 δ’
1834 1074 1901 1129 ἂν

316 1177 508 1237 αὐτοῖς
558 1175 639 1227 ὅτι
682 1172 917 1243 μάλιστα
981 1169 1399 1239 διακεκραγέναι
1452 1186 1511 1222 τε
1565 1168 1659 1221 καὶ
1699 1167 1896 1237 λέγειν·

328 1290 346 1321 ι
388 1270 505 1323 Οὐκ
544 1267 741 1337 ἔχομεν
779 1259 881 1319 ὦδε
924 1264 1188 1336 μένουσαν
1239 1263 1425 1325 πόλιν.
1458 1262 1593 1316 ἀλλά
1629 1261 1726 1333 τὴν
1775 1261 1900 1332 μέλ·-

319 1362 521 1414 λουσαν
557 1358 941 1429 ἐπιζητοῦμεν,
988 1376 1006 1411 ι
1048 1351 1115 1427 ἧς
1147 1356 1396 1427 τεχνίτης
1437 1356 1531 1409 καὶ
1570 1354 1901 1426 δημιουργὸς

318 1454 347 1504 ὁ
375 1451 531 1511 θεός.
560 1448 999 1521 Περιπατοῦντες
1038 1448 1146 1518 γὰρ
1183 1448 1276 1500 ἐπὶ
1310 1446 1437 1516 γῆς,
1474 1448 1531 1498 ὲν
1562 1443 1779 1517 οὐρανῷ
1810 1462 1902 1498 πο-

230 1604 237 1611 ν
318 1541 649 1606 λιτεύονται,
692 1541 785 1594 καὶ
811 1540 1088 1610 γλίχονται
1125 1540 1222 1611 μὲν
1253 1538 1505 1608 οὐδαμῶς
1539 1537 1648 1591 τῶν
1679 1539 1736 1590 ὲν
1762 1536 1899 1606 τῷδε
1922 1544 1941 1557 ⁹

318 1630 395 1702 τῷ
447 1629 645 1701 κόσμῳ
692 1630 1074 1701 πραγμάτων
1125 1626 1545 1700 μεταποιοῦνται
1594 1626 1651 1681 δὲ
1697 1626 1900 1698 σφόδρα

2002 533 2153 576 ment
2176 534 2239 574 ac
2263 519 2448 573 dicant
2473 535 2485 571 :
2523 536 2541 568 ι
2569 516 2689 571 Non
2715 514 2979 570 habemus
2995 513 3085 567 hic
3108 517 3422 565 manentem
3446 508 3580 564 civi-

2002 624 2192 677 tatem,
2220 612 2315 667 sed
2338 612 2581 666 futuram
2600 607 2952 679 inquirimus,
2988 606 3146 675 cujus
3163 602 3347 673 opifex
3370 613 3427 656 et
3448 616 3582 655 con-

1999 706 2148 761 ditor
2170 714 2254 760 est
2269 705 2414 758 Deus
2450 702 2517 755 “.
2551 721 2569 753 ι
2610 701 2748 755 Nam
2779 698 3063 753 ambulant
3084 695 3309 766 quidem
3336 694 3391 747 in
3407 702 3576 757 terra,

1999 797 2097 855 sed
2125 797 2274 852 cives
2311 804 2439 849 sunt
2463 795 2520 849 in
2549 793 2716 856 ccelo,
2745 805 2849 845 nec
2893 789 3192 860 quidquam
3224 800 3415 840 eorum
3457 800 3580 854 quas

2000 897 2130 945 sunt
2158 889 2214 942 in
2240 887 2447 942 mundo
2475 884 2890 954 concupiscunt,
2922 890 3018 936 aut
3054 886 3339 950 appetunt,
3371 875 3467 929 sed
3511 889 3580 929 ex

2002 991 2116 1037 toto
2149 996 2249 1036 suo
2273 979 2437 1036 corde
2479 978 2726 1048 aspirant
2759 983 2813 1029 et
2844 971 3185 1028 contendunt
3212 969 3279 1024 ad
3317 967 3578 1023 saeculum

2000 1077 2269 1132 futurum.
2295 1074 2578 1129 Noverunt
2609 1070 2757 1127 enim
2788 1067 3072 1124 Christum
3100 1064 3195 1134 qui
3225 1069 3451 1133 propter
3478 1072 3581 1113 nos

2002 1178 2062 1225 ut
2083 1183 2184 1224 nos
2210 1166 2387 1220 factus
2414 1171 2518 1230 est,
2556 1178 2656 1234 per
2698 1158 2968 1233 ejusmodi
2995 1170 3188 1227 puram
3214 1168 3278 1208 ac
3302 1153 3577 1206 sinceram

1999 1260 2169 1315 vitam
2207 1256 2489 1326 subsequi.
2516 1255 2566 1309 ls
2586 1252 2733 1308 enim
2763 1267 2874 1307 non
2896 1247 3108 1305 curavit
3139 1243 3417 1300 mundana
3445 1259 3459 1294 :
3483 1240 3581 1295 ab-

2000 1354 2073 1410 sit
2099 1370 2111 1405 :
2138 1358 2195 1406 at
2240 1349 2422 1421 potius
2452 1346 2614 1402 nobis
2645 1354 2729 1401 est
2769 1352 2930 1417 typus
2962 1343 3088 1397 vitae
3122 1334 3580 1409 supermundanm

2001 1458 2065 1498 ac
2087 1439 2391 1512 spiritualis
2426 1436 2761 1509 propositus.
2802 1433 3044 1490 Observa
3084 1436 3267 1484 autem
3306 1425 3454 1496 quod
3488 1438 3579 1478 sa-

2001 1553 2096 1592 cra
2134 1535 2416 1605 Scriptura
2460 1531 2608 1587 haud
2630 1530 2748 1585 sine
2772 1524 2969 1599 magn’o
2998 1522 3228 1580 consilio
3250 1527 3461 1591 patrem
3485 1517 3582 1571 ha—

2004 1643 2125 1683 rum
2150 1636 2357 1697 septem
2383 1627 2714 1698 puellarum,
2745 1629 3039 1689 antequam
3058 1615 3234 1671 Moses
3258 1612 3392 1682 ipsis
3418 1623 3578 1679 opem
3598 1624 3619 1635 -

317 1724 425 1778 τῶν
458 1725 541 1789 εἰς
571 1724 745 1778 αἰῶνα
768 1724 861 1777 τὸν
890 1723 1171 1794 μέλλοντα.
1204 1721 1543 1776 Ἀκολουθείν
1586 1721 1693 1792 γὰρ
1734 1719 1904 1789 ἐγνῶ-

2010 1722 2239 1785 tulisset,
2267 1719 2571 1775 nominavit
2597 1717 2812 1779 Jethro,
2849 1709 3050 1767 deinde
3080 1723 3215 1763 vero
3240 1702 3450 1775 Raguel
3482 1719 3495 1755 :
3523 1709 3581 1756 et

319 1835 448 1871 κασι
474 1816 566 1870 διὰ
589 1815 689 1886 τῆς
725 1816 894 1878 ὅντως
925 1813 1145 1876 ἀστείας
1175 1813 1269 1867 καὶ
1305 1814 1727 1885 τετορνευμένης
1756 1812 1901 1885 ζωῆς

318 1907 396 1978 τῷ
422 1908 492 1960 δι’
528 1908 680 1977 ἡμᾶς
709 1905 833 1959 καθ’
862 1907 1008 1976 ἡμᾶς
1037 1904 1134 1957 καὶ
1165 1906 1224 1957 ὲν
1261 1903 1395 1973 τῷδε
1422 1901 1499 1974 τῷ
1537 1905 1728 1974 κόσμῳ
1761 1920 1904 1974 παρ-

317 1996 566 2068 ῳκηκότι
605 1993 850 2066 Χριστῷ.
882 1993 1204 2065 Πεφρόνηκε
1256 1992 1364 2063 γὰρ
1400 1993 1461 2046 οὐ
1509 1994 1577 2046 τὰ
1602 1993 1754 2047 τοῦδε
1805 1992 1900 2047 τοῦ

319 2088 554 2158 κόσμου,
592 2086 789 2140 πολλοῦ
841 2102 904 2155 γε
949 2085 1045 2140 καὶ
1099 2084 1207 2139 δείο
1237 2084 1408 2150 τύπος
1447 2085 1504 2139 δὲ
1543 2084 1743 2155 μᾶλλον
1769 2088 1903 2157 ἡμῖν

318 2179 415 2248 τῆς
484 2178 862 2252 ὑπερκοσμίου
919 2178 1013 2231 καὶ
1067 2176 1449 2247 ὲννομωτάτης
1492 2177 1699 2247 πέψηνε
1733 2176 1900 2247 ζωῆς.

329 2275 613 2346 Ἐητὴρει
666 2273 724 2326 δὲ
771 2274 919 2336 ὅπως
959 2270 1323 2342 οἰκονομικῶς
1348 2269 1412 2341 δὴ
1439 2269 1557 2324 λίαν
1581 2271 1641 2324 τὸ
1668 2271 1904 2342 Γράμμα

317 2363 379 2418 τὸ
423 2364 595 2434 ἱερὸν,
635 2363 725 2417 τὸν
761 2363 872 2416 τῶν
906 2361 1047 2417 ὲπτά
1081 2363 1333 2418 νεανίδων
1359 2362 1593 2434 πατέρα,
1630 2362 1761 2433 πρὶν
1799 2360 1900 2429 μὲν

318 2458 400 2520 εἰς
447 2456 625 2519 αὐτας
671 2456 921 2523 γενέσθαι
973 2455 1072 2527 τὴν
1125 2455 1213 2509 διὰ
1262 2454 1505 2518 Μωσέως
1561 2450 1903 2523 ἐπικουρίαν,

286 2548 607 2619 ,ὠνόμασεν
662 2548 849 2619 Ἰοθδρ,
888 2542 1006 2602 εἶτα
1063 2548 1200 2619 μετά
1252 2546 1410 2601 τοῦτο
1470 2544 1771 2617 Ῥαγουήλο
1812 2544 1907 2598 καὶ

329 2642 502 2711 Ἰοθὸρ
538 2641 638 2712 μὲν
683 2640 1030 2712 περιττότης,
1074 2640 1195 2711 ἤτοι
1229 2637 1485 2711 περιττὸς
1517 2636 1903 2711 ἑρμηνεύεται,

320 2733 579 2803 καθάπερ
639 2732 743 2804 ἤδη
801 2734 1062 2800 προεῖπον
1087 2772 1103 2797 ,
1175 2729 1441 2802 Ῥαγουὴλ
1496 2729 1555 2783 δὲ
1616 2728 1908 2798 ποιμασία

322 2825 498 2879 Θεοῦ.
552 2825 912 2895 Κεχρήσομαι
959 2822 1071 2894 γὰρ
1114 2825 1182 2895 τῇ
1233 2821 1376 2887 λέξει
1408 2819 1497 2876 διὰ
1524 2820 1586 2874 τὸ
1616 2820 1903 2892 χρήσιμον.

331 2913 631 2985 Ἑλέγομεν
674 2914 733 2968 δὲ
784 2913 846 2967 τὺ
890 2913 986 2968 τοῦ
1029 2913 1235 2983 κόσμου
1270 2913 1562 2984 πρόσωπον
1595 2910 1908 2982 περιθέντες

320 3007 496 3078 αὐτῷ,
535 3007 618 3060 ὅτι
645 3005 899 3077 περιττὸς
926 3006 1022 3060 καὶ
1061 3007 1266 3069 εἰκαῖος
1294 3003 1510 3075 ἀληθῶς
1562 3005 1590 3058 ό
1622 3005 1681 3057 ὲν
1715 3003 1905 3073 κόσμῳ

2001 1810 2193 1866 Jethro
2217 1808 2438 1879 quidem
2481 1805 2773 1878 signiﬁcat,
2806 1802 2994 1873 utjam
3021 1797 3155 1861 dixi,
3185 1791 3576 1865 superﬂuitas;

2003 1900 2207 1972 Raguel
2261 1908 2466 1962 autem,
2492 1912 2690 1968 pascua
2742 1893 2858 1947 Dei.
2901 1891 3035 1947 Utar
3087 1893 3271 1941 autem
3323 1879 3581 1937 utilitatis

2001 1970 2175 2066 gratia
2197 1991 2388 2047 verbo.
2414 1989 2659 2045 Dicimus
2695 1984 2865 2057 igitur
2912 1979 3060 2052 quod
3083 1978 3176 2032 ille
3201 1974 3423 2047 quidem
3440 1970 3582 2043 gerit

2001 2098 2291 2157 personam
2316 2080 2536 2144 mundi,
2583 2078 2739 2147 cujus
2765 2085 2898 2131 sane
2947 2067 3238 2140 occupatio
3274 2077 3469 2120 revera
3495 2066 3581 2115 est

2003 2155 2277 2248 superﬂua
2293 2183 2457 2242 atque
2484 2171 2681 2225 inanis.
2700 2168 2905 2224 Verum
2928 2163 3035 2218 hoc
3059 2155 3475 2228 intelligendum
3497 2159 3583 2206 est

2002 2245 2294 2339 antequam
2325 2266 2528 2321 chorus
2557 2262 2866 2333 puellarum
2909 2256 2980 2312 sit
3011 2253 3231 2325 adjutus
3277 2264 3308 2303 a
3338 2245 3579 2304 Christo.

2001 2333 2453 2432 Nam—postquam
2496 2372 2526 2411 a
2574 2349 3155 2426 tyrannide'libcratae,
3197 2352 3255 2398 et
3282 2356 3351 2396 ex
3382 2333 3583 2406 impio-

2004 2468 2128 2509 rum
2166 2460 2450 2524 pastorum
2491 2462 2657 2502 manu
2691 2453 2820 2500 sunt
2861 2448 3065 2510 ereptae
3089 2479 3103 2503 ,
3130 2444 3285 2498 tunc,
3320 2434 3580 2501 inquam,

2004 2560 2204 2601 nomen
2245 2542 2435 2599 Jethro
2472 2546 2742 2594 mutatum
2767 2542 2852 2591 est
2874 2534 2928 2588 in
2954 2529 3161 2602 Raguel
3182 2570 3195 2593 ,
3222 2526 3314 2597 qui
3342 2530 3426 2579 est
3456 2535 3585 2593 grex

2003 2635 2102 2691 Dei
2134 2641 2225 2690 aut
2260 2649 2477 2705 pascua,
2500 2631 2653 2702 juxta
2674 2629 2785 2682 vim
2815 2625 2989 2696 ipsius
3018 2620 3195 2676 verbi.
3231 2616 3414 2672 Subiit
3433 2611 3583 2667 enim

2006 2742 2229 2783 manum
2247 2725 2445 2780 summi
2463 2723 2611 2778 illius
2621 2719 2867 2776 omnium
2885 2722 3165 2788 pastorum
3188 2704 3586 2781 principis,hoc

2005 2827 2091 2875 est
2113 2817 2319 2874 Christi
2365 2816 2495 2872 Jesu
2516 2855 2530 2880 ,
2558 2828 2658 2884 per
2679 2825 2844 2882 quem
2876 2816 2934 2864 et
2975 2821 3100 2861 cum
3127 2817 3238 2873 quo
3269 2800 3342 2854 sit
3389 2798 3503 2852 Deo
3528 2801 3586 2848 ct

2005 2910 2156 2967 Patri
2178 2908 2352 2981 gloria
2383 2922 2508 2963 cum
2552 2910 2742 2961 sancto
2769 2899 2979 2972 Spiritu
3026 2897 3082 2952 in
3120 2892 3319 2952 saecula
3354 2886 3586 2945 saeculo—

2010 3018 2154 3057 rum.
2187 3003 2385 3058 Amen.

320 3068 736 3169 mptsnaspdg:
779 3068 917 3152 Ἀλλ’
944 3091 1013 3169 ἦν
1045 3096 1143 3168 μὲν
1174 3099 1231 3150 ἐν
1249 3068 1472 3160 τούτοις
1502 3095 1631 3166 πρὶν
1668 3068 2015 3165 ὡιρελῇθῆναι
2042 3093 2191 3165 παρά
2218 3090 2459 3165 Χριστοῦ
2520 3089 2610 3144 τὶν
2675 3086 2785 3140 τῶν
2847 3080 3101 3137 νεανίδων
3148 3074 3329 3149 χορόν.
3365 3068 3586 3140 Ἐπειδὴ

319 3194 377 3253 δὲ
404 3191 721 3257 πλεονεξίας
752 3190 1065 3263 ὲξῄρηνται,
1097 3190 1191 3243 καὶ
1228 3190 1327 3259 τῆς
1362 3190 1469 3243 τῶν
1497 3188 1727 3243 ἀνοσίων
1767 3189 2042 3258 ποιμένων
2103 3188 2207 3256 ἔξω
2269 3162 2540 3242 τέθεινται
2581 3181 2790 3256 χειρὸς,
2831 3178 2951 3233 τότε
3003 3174 3089 3247 δὴ,
3159 3171 3281 3226 τότε
3346 3162 3585 3241 μετωνό-

325 3303 532 3357 μασται
576 3258 867 3357 Ῥαγουὴλ,
978 3284 1095 3338 ἐστι
1132 3258 1609 3352 Θεοῦῗποίμνιον,
1640 3283 1758 3355 ἦτοι
1784 3282 2098 3352 ποιμασία,
2134 3282 2277 3337 κατά
2306 3299 2371 3352 γε
2394 3282 2494 3353 τὴν
2559 3280 2658 3348 τῆς
2720 3271 3016 3347 ἑρμηνείας
3077 3266 3327 3336 δύναμιν.
3364 3258 3588 3315 Ὑποδε-

323 3353 582 3467 δράμῃκε
614 3379 741 3467 Ῠγάρ
775 3353 873 3449 τὴν
920 3379 1078 3467 χεῖρα
1110 3375 1204 3467 τοῦ
1240 3376 1460 3467 πάντων
1499 3353 1910 3448 ἀρχιποίμενος,
1950 3377 2095 3448 φημὶ
2144 3376 2208 3448 δὴ
2249 3374 2521 3446 Χριστοῦ·
2578 3372 2646 3427 δι’
2680 3361 2742 3425 οὗ
2817 3366 2913 3422 καὶ
2964 3363 3082 3436 μεθ’
3113 3356 3175 3417 οὗ
3213 3357 3290 3431 τῷ
3327 3353 3447 3427 Θεῷ
3493 3355 3589 3411 καὶ

326 3464 503 3541 Πατρί
529 3469 564 3537 ἡ
605 3465 733 3533 δόξα
787 3467 884 3519 σὺν
945 3464 1082 3536 ἁγίῳ
1120 3464 1400 3536 Πνεῦματι
1433 3467 1512 3529 εἰς
1548 3466 1676 3530 τοὺς
1710 3465 1910 3531 αἰῶνας
1946 3465 2054 3521 τῶν
2084 3464 2315 3522 αἰώνων.
2359 3466 2561 3537 ’Λμήν.

398 3582 538 3648 Περὶ
569 3577 680 3645 τῆς
710 3580 969 3643 Μωσέως
993 3577 1288 3644 ὀπτασίας
1319 3577 1430 3647 τῆς
1446 3578 1517 3632 ἐν
1542 3577 1623 3645 τῷ
1645 3578 1834 3645 βάτῳ.

396 3676 460 3728 οἱ
499 3673 757 3744 μακάριοι
777 3671 1051 3742 προφῆται
1083 3672 1211 3741 περὶ
1244 3671 1350 3725 τῶν
1390 3671 1513 3725 καθ’
1541 3673 1691 3742 ἡμᾶς
1722 3674 1785 3727 οὐ
1822 3691 1913 3744 με.

326 3771 497 3840 τρίως
552 3763 1001 3835 πεφροντικότες,
1057 3762 1154 3817 ἆτε
1209 3762 1275 3832 δὴ
1329 3765 1765 3836 πνευματοιρόροι
1817 3766 1912 3820 καὶ

330 3858 536 3931 ἁκριὸἧ
556 3856 668 3911 τῶν
706 3855 1047 3928 πραγμάτων
1078 3855 1389 3925 ποιούμενοι
1415 3856 1514 3925 τὴν
1546 3856 1908 3926 κατάσκεψιν,

332 3951 682 4021 συλλήπτορα
739 3946 834 4000 καὶ
873 3945 1161 4015 ὲπαρωγίιν
1206 3946 1621 4004 ἀναδείκνυσθαι
1669 3950 1913 4018 παρεκά-

332 4046 457 4098 λουν
490 4044 605 4104 τοῖς
637 4039 729 4093 ἐπὶ
769 4039 869 4105 τῆς
900 4040 1004 4109 γῆς
1035 4037 1126 4091 τὸν
1164 4036 1260 4090 τοῦ
1286 4037 1421 4091 Θεοῦ
1454 4040 1646 4108 Λόγον,
1683 4040 1832 4111 αὐτῷ
1856 4041 1913 4094 δὲ

334 4139 431 4191 καὶ
477 4135 630 4206 μό·ιῴ
680 4132 743 4185 τὸ
784 4128 1088 4185 ἀνασώσειν
1146 4128 1405 4184 δύνασθαι
1459 4131 1584 4192 τοὺς
1632 4131 1714 4195 είς
1762 4131 1913 4202 λῆξιν

332 4228 569 4294 ἥκοντας
617 4221 803 4275 κακῶν
857 4218 1147 4283 ἀναθέντες
1189 4220 1265 4284 ὡς
1320 4220 1459 4293 Θεῷ.
1513 4223 1775 4291 Γεγόνασι
1816 4224 1914 4295 μὲν

334 4317 442 4387 γὰρ
472 4314 583 4368 τῶν
612 4312 849 4383 ἀρίστων
878 4312 1187 4381 εἰσηγηταὶ,
1232 4312 1325 4367 καί
1367 4313 1466 4384 τὴν
1505 4313 1602 4383 τῆς
1644 4316 1915 4386 σωτηρίας

337 4403 797 4477 παραδεικνύντες
822 4403 939 4457 ὁδὸν
973 4403 1126 4473 σοφοί
1160 4418 1219 4455 τε
1257 4403 1353 4457 καί
1403 4405 1663 4475 ἀγχίνοοι.
1712 4407 1819 4459 Καὶ
1862 4407 1916 4460 τί

336 4499 446 4570 γὰρ
478 4498 602 4566 οὗχί
626 4495 885 4565 λαχόντες
916 4495 1025 4549 τῶν
1067 4495 1495 4566 ἐπαινουμένων,
1521 4497 1745 4562 εἰκότως
1789 4492 1957 4550 κατ-⁸

338 4573 742 4654 εθαυμάζοντος
782 4581 920 4635 Ἀλλ’
955 4577 1096 4654 ἦσαν
1130 4583 1228 4654 οὐχ
1255 4577 1357 4637 οἷοί
1387 4602 1444 4637 τε
1480 4586 1601 4639 καθ’
1634 4586 1790 4658 ἡμῶν
1827 4605 1921 4640 τυ-

342 4676 585 4747 ραννίδος
612 4674 955 4745 ἀποσοϐῆσαι
985 4674 1091 4743 τὸν,
1108 4675 1377 4741 Σατανᾶν,
1408 4676 1533 4731 οῦτε
1582 4678 1690 4750 μὴν
1724 4679 1791 4732 τὰ
1833 4680 1919 4751 βέ-

340 4766 480 4837 εηλα
518 4766 631 4820 τῶν
664 4765 957 4836 δαιμονίων
996 4766 1185 4822 ἐλάσαι
1219 4768 1405 4837 στίφη,
1448 4770 1500 4824 οἶ
1551 4772 1677 4832 τοὺς
1706 4772 1919 4838 ἀθλίους

2333 3580 2497 3653 260
2520 3578 2593 3632 De
2620 3577 2818 3633 visione
2830 3572 3095 3653 dloysisin
3126 3568 3274 3624 rubo.

2082 3678 2232 3734 Beati
2276 3647 2581 3746 prophetae,
2609 3684 2736 3724 cum
2762 3647 2911 3721 haud
2947 3660 3213 3719 mediocri
3245 3673 3378 3714 cura
3420 3656 3490 3711 de
3525 3654 3595 3709 iis

2011 3786 2133 3842 quae
2163 3783 2265 3823 nos
2290 3769 2541 3837 spectant
2572 3759 2939 3819 adicerentur,
2961 3760 3153 3823 utpote
3181 3749 3386 3819 Spiritu
3404 3746 3593 3810 aiilati,

2011 3836 2376 3928 accurateque
2412 3871 2502 3911 res
2537 3850 2974 3910 considerantes,
3009 3844 3374 3899 obsecrarunt
3402 3845 3463 3891 ut
3494 3836 3593 3892 Dei

2011 3952 2253 4009 Verbum
2272 3945 2590 4002 hominibus
2611 3941 2828 4011 adjutor
2850 3953 2915 3992 ac
2943 3934 3261 4003 redemptor
3284 3928 3593 3994 adveniret,

2015 4042 2118 4113 ipsi
2143 4039 2405 4095 nimirum
2441 4049 2504 4089 ac
2526 4032 2749 4103 quidem
2771 4028 2873 4083 soli
2905 4026 3215 4081 tribuentes
3240 4029 3301 4076 ut
3340 4020 3475 4083 Deo,
3500 4032 3597 4074 eos

2014 4134 2109 4205 qui
2138 4131 2207 4187 ad
2229 4138 2533 4186 extremam
2576 4122 2945 4180 calamitatem
2973 4116 3329 4190 pervenerint
3361 4113 3593 4169 salvare.

2015 4203 2261 4282 Fuerunt
2282 4221 2430 4277 enim
2469 4217 2805 4289 optimarum
2836 4228 3024 4269 rerum
3071 4208 3341 4281 magistri,
3371 4203 3595 4261 salutis-

2016 4332 2123 4387 que
2168 4315 2313 4370 viam
2364 4316 2870 4383 praemonstrantes,
2918 4304 3195 4373 sapientes
3225 4308 3389 4368 atque
3434 4295 3599 4350 indu~

2017 4409 2161 4466 strii.
2204 4408 2324 4476 Quo
2347 4406 2496 4463 enim
2532 4418 2645 4458 non
2676 4401 2859 4456 laudis
2885 4412 3087 4470 genere
3114 4393 3457 4449 ﬂoruerunt?
3479 4391 3599 4446 Non

1990 4500 2003 4515 ’
2018 4507 2320 4571 potuerunt
2338 4505 2519 4551 tamen
2544 4493 2756 4548 Satanae
2782 4486 3126 4561 tyrannidem
3157 4499 3189 4538 a
3213 4482 3374 4537 nobis
3387 4493 3599 4542 arcere,

2018 4602 2114 4649 aut
2151 4593 2493 4661 impurorum
2524 4585 2922 4643 daemoniorum
2956 4588 3133 4636 coetus
3154 4574 3444 4648 proﬂigare
3463 4613 3477 4636 ,
3505 4571 3601 4641 qui

2019 4698 2122 4738 nos
2169 4680 2368 4735 misere
2423 4677 2653 4732 aﬂlictos
2699 4671 3056 4728 multifariam
3114 4664 3603 4738 depraedabantur,

2023 4783 2186 4843 atque
2211 4771 2390 4826 instar
2424 4767 2826 4837 mancipiorum
2852 4762 3137 4819 servitutis
3179 4761 3312 4830 jugo
3352 4762 3601 4816 onuslos,

338 4860 487 4928 ἡμᾶς
540 4857 896 4928 πολυτρόπως
940 4856 1323 4929 κατεληῒζοντο
1346 4901 1361 4923 ,
1399 4864 1682 4935 μονονουχὶ
1728 4864 1821 4919 καὶ
1863 4868 1909 4918 Et

2023 4879 2144 4933 quae
2169 4862 2303 4931 ipsis
2324 4859 2615 4929 placebant
2636 4865 2692 4912 et
2714 4871 2907 4927 sapere
2930 4862 2987 4910 et
3008 4853 3190 4908 facere
3210 4848 3419 4904 nefarie
3447 4859 3606 4915 coge~

339 4951 488 5012 τάξει
535 4949 646 5002 τῶν
686 4949 1034 5021 δορυκτήτων
1079 4951 1413 5023 ποιούμενοι,
1462 4958 1559 5008 και
1603 4954 1754 5027 ζυγῷ
1802 4957 1922 5011 δου-

340 5042 489 5104 λείας
514 5039 1012 5111 καταφορτίξοντες
1031 5041 1100 5095 τὰ.
1133 5043 1315 5108 αὐτοῖς
1339 5044 1599 5101 δοκοῦντα
1623 5052 1840 5120 φρονεῖν
1860 5066 1920 5103 τε

347 5133 437 5188 καί
462 5134 600 5204 δρᾷν
647 5134 881 5197 ἀνοσίως
910 5135 1223 5213 ῂνάγκαζον
1242 5152 1256 5166 ·
1287 5138 1611 5210 δασμολὸγοι
1645 5142 1704 5195 δὲ
1735 5140 1923 5213 ῶσπερ

346 5234 504 5287 δεινοί
538 5251 599 5287 τε
635 5234 729 5288 καὶ
762 5235 1017 5303 ἄτεγκτοι
1058 5235 1354 5306 προσάγειν
1404 5234 1654 5288 ἐκέλευον
1696 5233 1765 5287 τὰ
1824 5234 1924 5304 τῆς

347 5326 603 5399 λατρείας
633 5326 838 5393 αὐτοῖς,
897 5328 992 5381 καὶ
1031 5328 1106 5392 ὡς
1151 5329 1246 5381 ἐπὶ
1300 5326 1613 5399 ὀφλήματος
1646 5326 1823 5392 τάξει,
1864 5326 1925 5380 τὸ

352 5418 807 5489 καταμιαίνεσθαι
823 5419 933 5473 δεῖν
971 5421 1083 5483 τοῖς
1107 5420 1235 5490 περὶ
1259 5419 1362 5489 γῆν
1393 5419 1798 5490 σπουδάσμασι,
1832 5419 1924 5472 καὶ

351 5510 436 5567 διὰ
450 5510 610 5563 τοῦτο
645 5511 780 5579 μόνα
811 5514 1029 5584 φρονεῖν
1059 5510 1361 5568 exesam:
1395 5511 1651 5584 σαρκικὰ.
1685 5509 1793 5566 Ἷῐν
1830 5507 1924 5566 οὖν

440 5667 483 5703 ⁸⁸
514 5667 687 5729 Hebr.
722 5685 843 5734 xm,
874 5669 966 5743 li;
997 5690 1070 5740 ιι,
1106 5673 1187 5729 l0.

2027 4956 2178 5019 bant,
2214 4969 2278 5009 ac
2301 4952 2471 5007 veluti
2495 4965 2692 5022 graves
2714 4950 2989 5021 rigidique
3011 4952 3298 5001 exactores
3321 4939 3483 4994 nobis
3507 4939 3607 4992 im-

2028 5046 2340 5119 peritabant
2380 5051 2442 5099 ut
2476 5043 2611 5115 ipsis
2654 5042 2863 5097 cultum
2907 5044 3313 5108 praestaremus,
3340 5028 3609 5100 quasique

2028 5155 2097 5195 ex
2119 5138 2307 5194 debito
2330 5153 2433 5194 nos
2462 5136 2704 5193 terrenis
2743 5133 3008 5206 operibus
3046 5128 3439 5201 pollueremus,
3470 5121 3609 5179 nihil

2031 5232 2138 5289 nisi
2164 5247 2285 5301 qua).
2309 5232 2491 5288 carnis
2514 5239 2645 5287 sunt
2667 5227 2900 5284 valendo
2925 5238 3121 5280 curare
3144 5236 3208 5276 ac
3229 5234 3445 5292 sapere.
3481 5216 3613 5271 Erat

2032 5326 2200 5397 igitur
2231 5324 2558 5394 praeclarum
2590 5321 2743 5376 illius
2765 5317 3062 5375 ineil'abilis
3096 5323 3311 5371 natura:
3328 5324 3488 5380 opus,
3515 5321 3609 5360 su~

2033 5421 2257 5493 perbam
2305 5427 2469 5489 atque
2519 5432 2748 5489 pronam
2792 5413 2996 5471 diaboli
3037 5407 3379 5484 tyrannidem
3422 5400 3613 5473 proﬂi-

2032 5530 2181 5586 gare.
2226 5519 2284 5568 et
2322 5512 2389 5567 ab
2416 5510 2553 5566 adeo
2600 5508 2822 5564 sordido
2846 5504 3131 5563 servitutis
3172 5503 3302 5574 jugo
3334 5496 3612 5554 vindicare
