4024 6198
434 208 535 270 ιιι
1456 209 1513 264 s.
1552 210 1827 265 CYRILLI
1860 207 2329 265 ALEXANDRINI
2368 192 2684 268 meumr.
3062 216 3069 221 ·
3592 210 3698 265 ιιε

435 325 708 389 homines,
729 322 1061 392 virtutisque
1095 331 1416 393 operatores
1438 323 1675 393 eﬁicere.
1720 322 1877 390 Quod
1921 339 2017 378 au-

2133 322 2226 395 ίρα
2268 325 2368 396 τῆς
2404 327 2642 400 ἀρρήτου
2676 324 2890 397 φύσεως
2917 323 3264 395 ἀποτέλεσμα
3288 325 3564 396 λαμπρὸν,
3598 328 3699 397 τὴν

436 427 546 471 tem
593 417 731 471 adeo
788 414 984 484 ingens
1034 422 1198 483 atque
1241 413 1608 482 expetendum
1658 413 1862 467 bonum
1908 428 2008 467 suo

2133 413 2344 478 ιλαζόνα
2376 417 2470 468 καὶ
2502 415 2728 486 βέϐηλον
2751 413 2847 467 τοῦ
2879 413 3129 467 διαϐόλου
3161 418 3485 468 κατασεῐσαι
3511 415 3697 471 πλεον-

436 518 684 576 tempore
714 505 787 560 sit
806 512 1132 560 eventurum
1160 503 1506 568 mortalibus,
1534 518 1658 561 cum
1685 504 2012 575 Unigenitus

2133 504 2277 569 ξίαν,
2305 504 2398 557 καὶ
2441 504 2687 568 δουλείας
2728 504 2825 575 μὲν
2853 503 3165 570 ἀπαλλάξαι
3213 505 3312 574 τῆς
3339 505 3482 559 οὕτω
3505 506 3701 575 βλαϐε-

438 613 560 653 sesc
588 596 862 652 dimiserit
891 594 946 648 in
970 594 1420 658 exinanitionem,
1445 604 1803 664 naturamque
1821 595 2014 649 huma-

2133 596 2360 665 awtam;
2385 595 2495 668 xal_
2510 595 2911 666 μυσαρωτάτης
2926 596 3052 658 τοὺς
3071 595 3268 664 ὲπὶτῆς
3290 596 3699 667 γῆς,ἀποφῆναι

436 703 562 742 nam
586 685 974 755 assumpserit,
1014 700 1080 739 ex
1123 685 1294 740 sacris
1318 685 1544 739 Litteris
1575 685 1767 739 itidem
1808 698 2012 754 cogno-

2133 686 2167 739 ἰὲ
2199 686 2384 738 λοιπὸν
2409 686 2506 756 τῆς
2536 686 2737 758 ἀρετῆς
2780 686 3040 757 ἐργάτας.
3081 685 3205 738 Ὅτι
3253 686 3310 739 δὲ
3358 686 3515 739 τοῦτο
3554 687 3700 740 οὕτω

436 779 738 832 sccmus".
772 776 851 831 Ita
906 786 1090 830 autem
1130 775 1379 830 habent:
1420 795 1438 826 ι
1494 776 1623 830 Post
1668 775 1787 830 dies
1830 783 2014 828 autem

2133 774 2260 843 ιέγα
2297 776 2391 829 καὶ
2417 774 2748 830 πολύευκτον
2792 774 2995 843 ἀγαθὸν
3025 774 3289 845 ὑπάρξειν
3325 775 3518 845 ἔμελλε
3556 779 3702 831 κατά

437 868 640 922 multos
682 874 935 921 mortuus
978 875 1065 922 est
1108 882 1203 921 rex
1260 867 1499 938 Egypti,
1546 874 1604 921 et
1633 866 2018 937 ingemuerunt

2133 866 2342 939 ιαιροὺς
2359 868 2473 930 τοῖς
2493 867 2586 919 ἐπὶ
2607 866 2707 935 τῆς
2727 865 2852 935 γῆς,
2876 865 3135 928 καθέντος
3155 865 3345 918 ἑαυτὸν
3366 868 3445 927 είς
3470 865 3702 918 κένωσὶν

437 958 534 1014 ﬁlii
558 959 725 1014 Israel
749 968 976 1029 propter
1000 974 1188 1028 opera,
1237 966 1293 1012 et
1322 958 1800 1022 exclamaverunt,
1826 962 1884 1010 et
1925 970 2015 1009 as-

432 1051 623 1106 cendit
643 1051 849 1105 clamor
875 1065 1066 1105 eorum
1090 1049 1158 1103 ad
1182 1050 1352 1103 Deum
1401 1048 1471 1103 ab
1518 1047 1803 1118 operibus,
1835 1054 1892 1101 et
1916 1060 2018 1099 au-

438 1141 573 1196 divit
597 1141 744 1196 Deus
772 1141 1037 1212 gemitum
1077 1154 1292 1203 eorum,
1316 1146 1373 1194 et
1396 1139 1717 1195 recordatus
1739 1144 1825 1192 est
1846 1143 2018 1190 testa-

438 1234 609 1286 menti
635 1233 741 1297 sui,
766 1231 916 1302 quod
938 1231 1070 1286 fecit
1101 1247 1231 1287 cum
1253 1230 1553 1293 Abraham,
1577 1229 1727 1283 Isaac
1748 1233 1806 1281 et
1825 1224 2015 1282 Jacob.

440 1324 507 1377 Et
529 1323 769 1393 respexit
790 1324 935 1378 Deus
960 1322 1101 1377 ﬁlios
1123 1321 1312 1386 Israel,
1340 1329 1397 1375 et
1417 1320 1668 1391 cognitus
1683 1327 1767 1374 est
1792 1317 1872 1372 eis
1884 1316 1951 1369 “.
1994 1333 2013 1365 ι

438 1418 673 1489 Ᾱῐςγριίἰ
691 1418 841 1472 enim
861 1416 1104 1488 graviter
1118 1415 1504 1485 Opprimebant
1517 1412 1811 1475 lsraelitas,
1833 1422 2024 1463 neces-

440 1508 648 1562 sarium
694 1507 980 1562 servitutis
1005 1508 1199 1576 jugum
1252 1505 1637 1575 imponentes,
1685 1501 2023 1568 acerbosque

440 1598 576 1667 ipsis
586 1605 750 1667 atque
762 1598 1003 1652 immites
1015 1612 1245 1666 Operum
1260 1597 1512 1651 dominos
1531 1594 1914 1665 praeﬁdentes,
1928 1595 2022 1666 qui

2115 972 2176 1008 τε
2204 953 2297 1007 καὶ
2318 953 2713 1025 ἀνθρωπότητα
2744 952 2838 1006 τοῦ
2873 952 3229 1021 Μονογενοῦς,
3265 952 3354 1007 διὰ
3392 954 3499 1006 τῶν
3540 956 3704 1025 ἱερῶν

2120 1045 2158 1097 Γ
2163 1035 2468 1116 ραμμάτων
2508 1044 2660 1099 οὐδὲν
2697 1039 2861 1118 ἦττον
2904 1043 3183 1113 εἰσόμεθα.
3217 1045 3373 1113 Ἔχει
3398 1045 3455 1098 δὲ
3491 1045 3699 1109 οὕτως·

2125 1153 2144 1189 ι
2172 1136 2326 1190 Μετὰ
2344 1135 2400 1189 δὲ
2424 1134 2522 1199 τὰς
2549 1136 2758 1207 ἡμέρας
2779 1134 2879 1199 τὰς
2929 1135 3131 1198 πολλὰς
3164 1134 3376 1198 ὲκείνας
3406 1135 3697 1207 ἐτελεύτη-

2122 1244 2213 1281 σεν
2241 1230 2270 1282 δ
2303 1227 2555 1298 βασιλεὺς
2599 1227 2903 1295 Αἰγύπτου,
2950 1226 3046 1280 καὶ
3072 1226 3475 1291 κατεστέναξαν
3509 1228 3559 1279 oi
3584 1228 3707 1280 ,υίοὶ

2134 1319 2349 1391 Ἰσραὴλ
2380 1320 2490 1373 ἀπὸ
2517 1318 2627 1372 τῶν
2659 1319 2870 1391 ἔργων,
2912 1317 3008 1372 καὶ⁸
3035 1317 3291 1385 ἐϐόησαν,
3319 1318 3415 1371 καὶ
3458 1318 3625 1389 ἀνέϐη
3666 1321 3704 1390 ἡ

2123 1407 2275 1479 φωνὴ
2301 1408 2478 1462 αὐτῶν
2508 1409 2645 1481 πρὸς
2674 1409 2766 1463 τὸν
2793 1408 2925 1462 Θεὸν
2949 1408 3057 1462 ἀπὸ
3085 1406 3197 1461 τῶν
3221 1406 3419 1477 ἔργων,
3460 1408 3557 1461 καὶ
3590 1410 3710 1462 eis-

2090 1539 2104 1552 .
2124 1500 2354 1569 ήκουσεν
2378 1500 2407 1552 ὁ
2435 1500 2568 1565 Θεὸς
2591 1500 2701 1553 τῶν
2736 1499 3055 1569 στεναγμῶν
3084 1502 3264 1557 αὐτῶν
3285 1544 3300 1568 ,
3331 1501 3426 1556 καὶ
3454 1500 3709 1572 ἐμνήσθη

2125 1592 2154 1643 ὁ
2180 1591 2334 1656 -θεὸς
2382 1591 2483 1662 τῆς
2535 1592 2803 1664 διαθήκης
2864 1592 3026 1646 αὐτοῦ
3084 1594 3222 1665 πρὸς
3275 1593 3563 1663 Ἀϐραὰμ,
3611 1593 3712 1647 καὶ

442 1694 610 1744 vitam
649 1689 895 1759 ipsorum
940 1688 1344 1750 excruciarent,
1374 1687 1518 1741 sicut
1547 1684 1813 1756 scriptum
1840 1694 1925 1743 est
1953 1688 2020 1741 ⁸⁷.

2139 1683 2347 1748 Ἰσαὰκ,
2391 1684 2487 1737 καὶ
2530 1661 2768 1737 Ἰακώϐ(
2794 1684 2907 1738 Kal
2933 1661 3146 1738 ἐπεῖδεν
3177 1687 3207 1739 ὁ
3235 1661 3527 1748 Θεδςντοὺς
3555 1684 3712 1748 υἱοὺς

440 1780 601 1848 261
647 1778 754 1834 Sed
789 1789 937 1835 tanta
964 1780 1253 1851 tyrannide
1281 1779 1527 1849 oppressi
1553 1786 1830 1849 gementes
1851 1788 1908 1833 et
1943 1780 2024 1834 la-

438 1877 751 1940 crymantes
774 1871 993 1926 tandem
1040 1871 1232 1926 miseri
1280 1879 1544 1941 rogarunt
1578 1879 1637 1925 ut
1662 1869 1871 1924 cwlcsti
1924 1869 2028 1922 mi-

441 1961 745 2017 sericordia
780 1962 931 2033 digni
979 1963 1337 2017 haberentur.
1390 1982 1407 2014 ι
1449 1960 1555 2017 Sed
1588 1960 1826 2031 respexit
1857 1961 2022 2026 Deus,

440 2062 499 2109 et
521 2053 778 2117 visitavit,
808 2053 1007 2123 inquit,
1040 2053 1183 2108 ﬁlios
1226 2052 1415 2117 Israel,
1459 2061 1517 2107 et
1560 2053 1813 2122 cognitus
1845 2061 1929 2108 est
1955 2053 2026 2108 ab

442 2144 578 2213 ipsis
608 2143 675 2198 ⁸⁸.
719 2164 738 2196 ι
766 2143 904 2200 Cum
930 2144 1103 2215 igitur
1128 2159 1477 2198 versaremur
1500 2142 1555 2196 in
1580 2143 1884 2213 ignorantia
1906 2142 2023 2209 Dei,

446 2245 579 2290 tunc
606 2235 861 2307 iniuriam
896 2236 1263 2292 inferentibus
1306 2250 1529 2291 eramus
1563 2235 1816 2305 subjecti,
1862 2247 2028 2304 atque

443 2327 501 2380 in
528 2342 688 2382 coeno
716 2327 926 2397 peccati
958 2326 1360 2391 volutabamur,
1390 2327 1657 2382 habentes
1696 2326 1949 2381 crudeles
1972 2333 2030 2379 et

441 2418 673 2473 acerbos
692 2418 997 2488 praefectos,
1033 2434 1230 2488 nempe
1253 2418 1565 2474 immundos
1586 2417 2026 2473 dmmonas.Nam

441 2508 617 2577 gratia
649 2509 922 2565 libertatis
952 2510 1178 2565 omnino
1206 2510 1458 2580 sequitur
1491 2511 1586 2565 Dei
1636 2508 2024 2580 cognitionem.

445 2598 647 2653 Verum
676 2600 793 2654 haec
822 2599 963 2655 facta
990 2611 1118 2656 sunt
1140 2602 1315 2673 typice
1344 2610 1401 2657 et
1432 2617 1530 2671 per
1559 2600 1807 2672 ﬁguram,
1833 2616 2032 2671 propo-

447 2690 659 2761 sitaque
699 2700 828 2747 sunt
881 2693 1042 2748 nobis
1095 2694 1153 2748 in
1200 2693 1635 2749 admonitionem
1665 2693 1861 2757 nostri,
1887 2692 2031 2748 sicut

446 2780 713 2849 scriptum
742 2787 827 2836 est
848 2782 914 2835 ⁸³.
948 2781 1126 2852 Atque
1149 2784 1315 2843 unius
1344 2783 1566 2853 quidem
1596 2784 1794 2854 gentis,
1820 2783 2033 2838 Israeli-

447 2871 570 2926 ticae
588 2872 851 2927 nimirum
895 2883 1055 2944 typus
1085 2884 1189 2930 est.
1214 2874 1416 2944 Aperte
1450 2890 1583 2929 vero
1608 2874 1902 2930 admodum
1929 2874 2031 2928 do-

2138 1775 2373 1847 Ἰσραὴλ,
2424 1776 2520 1829 καὶ⁵
2573 1773 2820 1844 ἐγνώσθη
2850 1776 3054 1839 αὐτοῖς.
3104 1794 3124 1826 ι
3163 1775 3563 1840 Κατεϐιάζοντο
3608 1774 3714 1844 μὲν

2124 1867 2233 1939 γὰρ
2261 1867 2312 1920 οι
2338 1866 2626 1935 Αἰγύπτιοι
2654 1866 2781 1929 τοὺς
2813 1864 2873 1931 ἐξ
2914 1864 3133 1937 Ἰσραὴλ
3164 1864 3255 1921 τὸν
3281 1866 3378 1936 τῆς
3404 1865 3717 1932 ἀναγκαίου

2126 1958 2347 2031 θητείας
2394 1956 2847 2031 ὲπιρῤιπτοῦντες
2889 1956 3088 2025 ζυγὸν,
3124 1955 3220 2010 καὶ
3261 1957 3493 2027 πικροὺς
3527 1956 3717 2017 αὐτοῖς

2128 2051 2223 2103 καὶ
2264 2048 2779 2120 ἀφιλοικτείρμονας
2810 2045 3176 2117 ὲργοδιὼκτας
3207 2046 3624 2117 ἐπιστήσαντες,
3660 2044 3716 2099 οἳ
3780 2084 3785 2088 .

2128 2139 2433 2194 κατώδυνον
2463 2139 2641 2194 αὐτῶν
2677 2138 2777 2210 τὴν
2815 2137 2983 2209 ζωὴν,
3013 2137 3156 2191 καθὰ
3182 2137 3511 2209 γέγραπται.
3548 2137 3610 2190 Οἱ
3651 2136 3713 2189 δὲ

2126 2238 2245 2295 ταῖς
2262 2234 2399 2301 ἄγαν
2427 2230 2763 2298 πλεονεξίαις
2793 2229 3146 2300 πεπιεσμένοι
3168 2228 3447 2292 κλαίοντες
3472 2230 3566 2281 καὶ
3581 2244 3715 2281 κατ-

2130 2321 2459 2394 οιμὼζοντες
2502 2321 2603 2392 τῆς
2634 2318 2852 2375 ἄνωθεν
2879 2318 3221 2390 ἡμερότητος
3260 2316 3567 2384 ἀξιοῦσθαι,
3602 2316 3715 2368 λοι-

2129 2415 2228 2468 πὸν
2253 2413 2544 2483 ὲλιπάρουν
2570 2414 2619 2465 οἱ
2635 2410 2887 2475 τάλανες.
2927 2430 2945 2463 ι
2998 2409 3139 2463 Ἀλλ’
3167 2407 3536 2461 ἐπεσκέπτετο
3559 2407 3712 2471 Θεὸς,

2130 2509 2222 2564 καὶ
2254 2507 2468 2571 εἰσεῖδε,
2500 2505 2655 2578 φησι,
2679 2505 2806 2568 τοὺς
2855 2506 3002 2568 υἱοὺς
3048 2501 3289 2575 Ἰσραὴλ,
3332 2503 3427 2581 καὶ
3461 2499 3713 2571 ἐγνώσθη

2130 2595 2333 2659 αὐτοῖς.
2361 2614 2380 2647 ›
2419 2576 2759 2648 Ὅτε-τοίνυν
2784 2594 2951 2664 ἐσμὲν
2983 2596 3039 2646 ὲν
3066 2591 3262 2663 ἀγνοίᾳ
3288 2576 3445 2655 Θεοῦ,
3468 2591 3589 2643 τότε
3622 2576 3807 2644 uel“

2128 2689 2241 2751 τοῖς
2293 2685 2567 2743 ἀδικοῦσιν
2616 2688 3054 2759 ὑποκεισόμεθα,
3087 2688 3182 2743 καὶ
3221 2690 3333 2752 τοῖς
3392 2688 3493 2756 τῆς
3539 2686 3720 2755 ἁμαρ⁴

2131 2778 2252 2843 τίας
2304 2778 2589 2852 βορϐόροις
2646 2780 3120 2852 ὲνκυλινδούμεθα,
3160 2781 3391 2852 πικροὺς
3415 2779 3508 2833 καί
3532 2777 3720 2846 ὠμοὺς

2131 2872 2241 2926 τῶν
2267 2872 2522 2928 τοιούτων
2566 2872 2780 2944 ἔχοντες
2830 2873 3158 2937 ἐπιστάτας,
3202 2872 3327 2934 τοὺς
3373 2868 3719 2940 ἀκαθάρτους

445 2971 538 3018 cet
562 2962 707 3033 quod
742 2963 1042 3019 immundis
1073 2964 1362 3035 spiritibus
1403 2975 1460 3021 et
1484 2964 1703 3019 diabolo
1731 2964 2028 3019 nihilaliud

2135 2964 2417 3032 δαίμονας.
2453 2964 2686 3034 Ἔψεται
2731 2963 2788 3017 δὲ
2837 2964 2932 3016 καὶ
2972 2964 3190 3026 πάντως
3222 2960 3317 3015 τοῦ
3350 2959 3560 3029 γνῶναι
3588 2956 3720 3011 Θεὸν

446 3056 788 3125 propositum
840 3057 913 3111 sit
971 3072 1136 3127 quam
1178 3058 1509 3127 compellere
1549 3058 1810 3112 mortales
1858 3066 1923 3110 ut
1976 3057 2029 3110 in

447 3146 604 3202 vanis
634 3148 917 3202 laboribus
932 3148 1224 3212 desudent,
1255 3156 1311 3202 et
1333 3164 1499 3216 opera
1522 3146 1705 3201 carnis
1724 3146 2029 3217 perﬁciant,

446 3251 518 3289 ne
542 3234 683 3290 forte
712 3246 950 3291 mentem
994 3237 1063 3291 ab
1088 3237 1174 3292 his
1205 3253 1429 3292 vacuam
1465 3237 1728 3293 habentes
1756 3245 1813 3293 et
1845 3237 1913 3292 ad
1944 3254 2036 3293 su-

448 3338 619 3392 perna
650 3324 1007 3392 aspirantem,
1032 3325 1455 3395 hujusuniversi
1484 3325 1652 3380 Deum
1682 3336 2030 3397 cognoscant,

449 3420 615 3483 atque
640 3413 717 3468 ita
757 3413 1019 3483 deinceps
1059 3430 1118 3469 se
1147 3415 1211 3468 ad
1240 3414 1414 3484 ipsius
1433 3416 1768 3469 voluntatem
1806 3431 2033 3485 compo-

450 3513 602 3567 nant,
630 3515 687 3559 et
715 3504 1002 3560 diabolicae
1033 3507 1318 3561 servitutis
1341 3508 1532 3578 jugum
1562 3508 1863 3561 excutiant.
1895 3507 2033 3563 Cum

450 3608 581 3649 vero
606 3595 858 3650 humanae
891 3605 1101 3652 naturae
1133 3597 1357 3653 insitum
1392 3598 1719 3654 sitstudium
1739 3600 2032 3667 libertatis,

450 3702 561 3743 non
600 3687 968 3758 approbamus
990 3689 1269 3745 interdum
1298 3690 1608 3745 istiusmodi
1642 3691 2032 3757 calamitatem,

354 3858 371 3863 ρ
446 3779 545 3835 sed
573 3797 913 3847 aversamur,
941 3793 998 3838 et
1026 3798 1401 3852 saepenumero
1424 3783 1673 3838 nonnihil
1699 3785 1767 3839 ad
1789 3801 1890 3841 nos
1907 3785 2035 3840 red-

447 3883 664 3939 euntes,
695 3883 751 3929 et
784 3875 1087 3930 carnalium
1136 3875 1480 3945 voluptatum
1512 3874 1916 3933 deformitatem
1939 3877 2038 3933 de-

449 3976 734 4033 testantes,
759 3984 1058 4038 supernum
1089 3985 1117 4023 a
1148 3970 1261 4024 Deo
1294 3970 1512 4026 sitimus
1543 3970 1829 4037 auxilium,
1863 3979 1921 4026 et
1967 3971 2037 4027 de

449 4057 690 4112 violenta
712 4058 977 4114 servitute
1001 4075 1108 4113 non
1134 4076 1325 4129 parum
1367 4061 1672 4130 querimur.
1697 4061 1834 4128 Hoc,
1862 4072 1925 4118 ut
1952 4077 2039 4117 ar-

450 4150 651 4212 bitror,
681 4158 787 4211 est,
811 4150 957 4218 quod
1004 4149 1102 4203 ﬁlii
1147 4150 1313 4205 Israel
1344 4152 1412 4206 ad
1445 4153 1616 4207 Deum
1657 4154 2035 4224 ingemiscant.

455 4238 677 4302 Verum,
714 4247 771 4293 ut
819 4248 904 4293 est
952 4239 1150 4302 bonus,
1186 4239 1338 4294 misit
1386 4241 1544 4296 nobis
1593 4242 1929 4299 Salvatorem
1974 4260 2039 4299 ac

2132 3053 2233 3124 τῆς
2289 3052 2601 3125 ἐλευθερίας
2649 3056 2682 3125 ἡ
2730 3053 2908 3124 χάρις.
2969 3053 3106 3106 Ἀλλ’
3136 3054 3321 3106 ἐκεῖνα
3364 3051 3463 3120 μὲν
3510 3048 3725 3120 ἐπράτ-

2132 3160 2256 3197 τετο
2305 3145 2588 3209 τυπικῶς
2634 3147 2848 3218 ἐγράφη
2896 3145 2953 3199 δὲ
3024 3145 3160 3216 πρὸς
3208 3141 3492 3197 νουθεσίαν
3538 3138 3719 3210 ἡμῶν,

2134 3234 2315 3300 καθὼς
2341 3236 2670 3308 γέγραπται.
2725 3238 2837 3290 Kal
2894 3238 2977 3305 ἐφ’
3007 3236 3125 3298 ἑνὸς
3161 3235 3261 3307 μὲν
3296 3233 3484 3296 ἔθνους
3515 3232 3625 3285 τῶν
3663 3229 3724 3296 ἐξ

2134 3328 2365 3399 αἵματος
2402 3329 2619 3400 Ἰσραὴλ
2672 3331 2700 3383 ὁ
2748 3328 2936 3392 τύπος.
2993 3327 3205 3394 Διδάξει
3251 3326 3297 3380 δ’
3341 3322 3401 3380 εὖ
3453 3323 3602 3396 μάλα
3629 3324 3722 3377 καὶ

2136 3419 2324 3490 σαφῶς
2355 3421 2437 3473 ὅτι
2471 3423 2581 3484 τοῖς
2606 3421 2935 3492 ἀκαθάρτοις
2958 3420 3231 3491 πνεύμασι
3264 3419 3359 3472 καὶ
3387 3417 3466 3487 τῷ
3490 3415 3725 3485 διαϐόλῳ

2137 3510 2360 3574 σκοπὸς,
2391 3510 2649 3565 συνωθεῖν
2685 3512 3002 3581 ἐπείγεσθαι
3051 3512 3176 3575 τοὺς
3221 3512 3311 3564 ἐπὶ
3357 3511 3458 3580 γῆς
3494 3508 3797 3572 εἰκαίοιςίς

2137 3602 2379 3672 ὲνιδροῦν
2408 3604 2809 3674 σπουδάσμασι,
2832 3604 2925 3657 καὶ
2946 3603 3012 3656 τὰ
3039 3603 3247 3673 σαρκὸς
3274 3600 3412 3671 ἔργα
3446 3600 3689 3669 πληροῦν
3706 3614 3721 3628 ⁸

2137 3695 2224 3747 ἴνα
2256 3695 2331 3766 μὴ
2363 3696 2608 3765 σχολαῖον
2631 3694 2753 3765 ἔχον
2766 3713 2847 3759 τες
2877 3694 3000 3748 νοῦν
3021 3694 3115 3748 καὶ
3142 3694 3456 3764 ἀναμύοντα
3490 3694 3628 3766 πρὸς
3656 3692 3726 3745 τὰ

2137 3786 2268 3845 ἄνω,
2302 3786 2395 3838 τὸν
2427 3786 2535 3837 τῶν
2562 3785 2703 3838 ὅλων
2727 3785 2917 3837 εἰδεῖεν
2948 3783 3110 3837 Θεόνσ
3145 3781 3287 3837 οὕτω
3322 3799 3383 3836 τε
3420 3782 3606 3835 λοιπὸν
3634 3782 3727 3833 καὶ

2137 3877 2215 3939 είς
2241 3876 2302 3929 τὸ
2334 3876 2484 3945 αύτῷ
2526 3871 2713 3929 δοκοῦν
2748 3873 3104 3928 ἐπευθύνοντο
3133 3913 3147 3939 ,
3195 3875 3286 3928 καὶ
3327 3875 3425 3945 τῆς
3456 3873 3543 3926 ἐπ’
3574 3870 3724 3941 αὐτῷ

2138 3966 2385 4031 δουλείας
2436 3967 2761 4039 ἀπονεύουσι
2819 3964 3005 4035 ζυγόν.
3049 3963 3270 4036 Ἐπειδὴ
3322 3960 3381 4017 δὲ
3429 3963 3608 4016 ἔνεστι
3656 3964 3723 4034 τῇ

2138 4060 2456 4131 ἀνθρωπεία
2490 4059 2650 4130 φύσει
2700 4059 2761 4113 τὸ
2814 4055 3220 4130 φιλελεύθερον,
3254 4059 3355 4111 οὐκ
3392 4054 3724 4125 ἐπαινοῦμεν

2137 4152 2251 4205 ἔσθ’
2305 4153 2393 4204 ὅτε
2438 4152 2507 4205 τὰ
2557 4151 2734 4223 πάθη·
2780 4149 3313 4222 καταμυσαττόμεθα
3365 4149 3423 4202 δὲ
3463 4147 3724 4210 πολλάκις

2138 4243 2505 4313 ἀνανήφοντες
2540 4241 2714 4314 βραχὺ
2736 4281 2752 4305 ,
2788 4242 2882 4296 καὶ
2914 4241 3022 4294 τῶν
3056 4241 3156 4311 τῆς
3202 4240 3403 4311 σαρκὸς
3437 4238 3639 4309 ἡδονῶν
3663 4238 3727 4290 τὸ

456 4327 884 4398 Rcdemptorem
911 4345 941 4384 e
963 4329 1103 4384 caalo
1131 4330 1355 4397 Filium,
1379 4331 1473 4400 qui
1501 4331 1677 4386 factus
1703 4342 1808 4397 est,
1827 4341 1887 4387 ut
1914 4322 2030 4395 nos,

2145 4332 2328 4405 ἄχαρι,
2358 4333 2458 4404 τὴν
2508 4333 2712 4387 ἄνωθεν
2734 4334 2830 4386 καὶ⁵
2873 4333 3022 4404 παρά
3063 4332 3198 4385 Θεοῦ
3231 4331 3475 4402 διψῶμεν
3509 4333 3728 4384 ἐπικου-

453 4420 636 4475 homo.
684 4420 853 4491 quue
884 4422 1085 4476 iterum
1125 4437 1277 4477 sacra
1312 4422 1595 4492 Scriptura
1626 4423 1854 4493 ﬁgurate
1895 4438 2038 4492 prte-

455 4510 797 4581 signiflcavit.
821 4513 898 4567 Ita
929 4514 1076 4567 enim
1099 4514 1213 4568 ait:
1257 4533 1275 4564 ‹
1304 4515 1372 4570 Et
1402 4515 1613 4586 Moyses
1654 4530 1886 4584 pascens
1910 4531 2042 4572 oves

448 4599 641 4655 Jethro
672 4602 850 4656 soceri
876 4603 960 4656 sui
1002 4604 1304 4659 sacerdotis
1344 4605 1579 4668 Madian,
1616 4605 1773 4659 duxit
1813 4622 1944 4661 oves
1983 4608 2039 4662 in

451 4691 752 4755 desertum,
785 4693 1047 4762 venitque
1070 4694 1137 4747 ad
1159 4705 1402 4749 montem
1425 4696 1521 4749 Dei
1545 4695 1747 4750 IIoreb.
1774 4697 2042 4766 Apparuit

450 4792 635 4839 autem
663 4783 715 4837 ei
747 4785 975 4854 angelus
996 4785 1212 4839 Domini
1262 4786 1316 4841 in
1352 4786 1566 4842 ﬂamma
1607 4786 1748 4858 ignis
1777 4804 1844 4842 ex
1872 4786 2032 4844 rubo.

451 4877 519 4931 Et
553 4876 702 4931 videt
729 4876 928 4931 rubum
982 4876 1180 4932 ardere
1240 4877 1384 4947 igne,
1415 4892 1521 4933 nec
1570 4887 1753 4934 tamen
1796 4880 2033 4935 absumi.

452 4967 596 5022 Dixit
653 4977 837 5023 autem
896 4968 1106 5040 Moyses
1144 4969 1466 5024 :Accedens
1519 4969 1720 5025 videbo
1768 4971 2037 5027 visionem

452 5074 703 5129 magnam
733 5060 895 5125 hanc,
953 5076 1126 5130 quare
1153 5077 1263 5115 non
1280 5060 1629 5115 comburitur
1666 5062 1859 5118 rubus.
1885 5063 2040 5118 Post-

450 5166 612 5218 quam
641 5159 823 5205 autcin
855 5152 993 5207 vidit
1018 5152 1283 5207 Dominus
1329 5153 1475 5222 quod
1509 5153 1689 5223 pergit
1742 5154 1811 5208 ad
1846 5153 2040 5207 viden-

451 5242 603 5305 dum,
634 5244 848 5298 vocavit
871 5260 998 5299 eum
1031 5245 1295 5299 Dominus
1322 5260 1392 5300 ex
1423 5244 1584 5308 rubo,
1626 5245 1816 5300 dicens
1845 5263 1858 5298 :
1889 5246 2039 5317 Moy-

451 5349 558 5396 ses,
595 5333 822 5405 Moyses.
852 5336 946 5391 Ille
971 5345 1152 5391 autem
1177 5337 1315 5391 dixit
1346 5335 1519 5403 :Quid
1550 5343 1652 5400 est,
1684 5327 1951 5392 Domine?
1973 5337 2041 5392 Et

452 5422 592 5479 dixit
618 5442 631 5478 :
660 5425 738 5482 Ne
762 5429 1139 5500 appropinqua
1168 5429 1295 5485 huc.
1321 5428 1480 5484 Solve
1509 5430 1941 5485 ealceamentum
1971 5428 2039 5484 de

2145 4425 2286 4496 ρίαν,
2323 4426 2535 4492 καὶτῆς
2573 4422 2872 4495 ἀϐουλήτου
2903 4423 3148 4487 δουλείας
3179 4428 3241 4477 οὐ
3284 4423 3513 4494 μετρίαν
3540 4420 3727 4475 ποιού-

2145 4518 2305 4590 μεθα“
2330 4517 2428 4589 τὴν
2461 4517 2757 4586 καταϐοήν.
2793 4516 2984 4579 Τοῦτο,
3019 4511 3195 4585 οἶμαι.
3228 4514 3431 4568 ἔστιτὸ
3456 4529 3727 4566 καταστε-

2142 4608 2298 4673 νάξαι
2325 4609 2458 4680 πρὸς
2482 4606 2615 4660 Θεὸν
2644 4608 2772 4670 τοὺς
2792 4609 2942 4671 υἱοὺς
2976 4607 3214 4678 Ἰσραήλ.
3252 4604 3469 4675 Ἐπειδὴ
3491 4604 3546 4657 δέ
3578 4606 3728 4656 ἐστιν

2143 4698 2367 4768 ἀγαθὸς,
2403 4698 2724 4752 ἀπέστειλεν
2767 4700 2802 4770 ἡ
2812 4698 2929 4769 μῶν
2966 4697 3196 4767 Σωτῆρα
3225 4696 3320 4749 καὶ
3345 4696 3640 4767 Λυτρωτὴν
3669 4693 3730 4759 ἐξ

2141 4788 2373 4862 ούρανοῦ
2407 4790 2500 4843 τὸν
2532 4788 2681 4851 Υίὸν,
2736 4788 2795 4852 ὃς
2838 4786 3032 4856 γέγονε
3082 4787 3202 4841 καθ’
3247 4788 3411 4858 ἡμᾶς,
3447 4783 3728 4839 τουτέστιν

2143 4878 2446 4950 ἄνθρωπος.
2476 4881 2588 4934 Kal
2615 4879 2674 4932 τὸ
2703 4879 2891 4950 χρῆμα
2921 4879 3052 4949 ἡμῖν
3090 4875 3504 4947 αἰνιγματωδῶς
3523 4892 3727 4946 προαν-

2145 4971 2342 5043 εφώνει
2383 4972 2546 5026 πάλιν
2581 4973 2642 5025 τδ
2675 4971 2914 5042 Γράμμα
2935 4970 3178 5040 τδίερόν.
3213 4970 3358 5038 Ἔφη
3382 4967 3491 5039 γὰρ
3511 4967 3686 5045 eam;
3711 4984 3725 4997 .

2152 5086 2170 5116 ι
2212 5068 2323 5119 Kal
2358 5067 2563 5137 Μωσῆς
2602 5062 2669 5138 ἦν
2702 5066 3006 5137 ποιμαίνων
3044 5066 3111 5118 τὰ
3146 5063 3394 5135 πρόϐατα
3434 5063 3601 5134 Ἰοθὸρ
3633 5062 3728 5118 τοῦ

2146 5156 2410 5230 πενθεροῦ
2465 5157 2779 5221 αὐτοῦτοῦ
2834 5156 3025 5228 ἱερέως
3072 5155 3298 5228 Μαδιάμ
3324 5172 3336 5184 ·
3390 5155 3484 5208 καὶ
3522 5150 3624 5224 ἦγε
3662 5154 3729 5206 τὰ

2146 5248 2398 5318 πρόϐατα
2431 5249 2510 5310 είς
2554 5248 2653 5319 τὴν
2700 5248 2926 5319 ἔρημον,
2968 5249 3061 5300 καὶ
3086 5244 3249 5319 ἦλθεν
3279 5248 3358 5311 εἰς
3398 5245 3457 5298 τὸ
3485 5245 3614 5316 ὄρος
3633 5244 3727 5297 τοῦ

2145 5337 2281 5393 Θεοῦ
2334 5339 2531 5411 Χορέϐ.
2573 5340 2683 5392 Kal
2729 5338 2885 5410 ὤφθη
2919 5338 3067 5408 αὐτῷ
3121 5338 3350 5405 ἄγγελος
3410 5335 3618 5407 Κυρίου
3672 5338 3728 5387 ὲν

2147 5431 2304 5501 φλογὶ
2345 5435 2512 5504 πυρδς
2534 5434 2599 5486 ὲκ
2631 5432 2724 5486 τοῦ
2754 5432 2936 5503 βάτου.
2972 5432 3076 5485 Καὶ
3112 5433 3212 5503 ὁρᾷ
3253 5433 3332 5484 ὅτι
3362 5432 3389 5483 ὁ
3430 5429 3592 5500 βάτος
3631 5443 3724 5482 κα-

530 5605 573 5637 ⁶⁸
604 5605 801 5679 Philip.
844 5628 900 5675 ιι,
926 5614 979 5678 7,
1007 5614 1057 5666 8.
1139 5615 1185 5645 “
1217 5615 1387 5671 Exod.
1419 5633 1475 5682 It,
1512 5618 1684 5672 23-25
1782 5618 1824 5647 ‘"
1854 5615 1989 5670 ibid.

2151 5616 2319 5672 Exod.
2356 5633 2413 5684 II,
2445 5616 2535 5683 24,
2565 5616 2653 5681 25.
2732 5616 2776 5647 ⁴¹⁹
2810 5615 2979 5670 ICor.
3015 5631 3068 5674 χ.
3105 5614 3188 5667 ll.
