4024 6198
265 224 364 277 6H

260 342 547 415 τακαίιται
597 343 753 413 πυρὶ,
792 345 822 397 6
865 344 922 397 δὲ
957 346 1116 416 βάτος
1153 350 1209 404 οὐ
1243 354 1581 410 κατεκαίετο.
1610 353 1745 410 Εϊπε
1786 357 1845 412 δὲ
1875 369 1917 423 Α

261 436 468 505 Μωσῆς
488 452 502 465 ·
540 433 834 505 Παρελθὼν
864 436 1067 507 ὃιῖιομαι
1098 441 1160 493 τὸ
1189 441 1372 513 ὅραμα
1398 446 1460 498 τὸ
1484 447 1627 516 μέγα
1662 448 1840 514 τοῦτο,

258 528 339 580 ὅτι
365 525 432 578 οὐ
477 525 837 578 κατακαίεται
867 528 897 578 6
926 526 1110 596 βάτος.
1156 530 1244 594 Ὧς
1283 531 1339 585 δὲ
1381 529 1488 586 εἶδε
1528 534 1729 606 Κύριος
1761 538 1844 590 ὅτι

258 616 529 686 προσάγει
553 616 703 679 ἰδεῖν,
735 617 996 670 ἐκάλεσεν
1020 622 1183 674 αὐτὸν
1208 624 1236 674 6
1259 622 1461 694 Κύριος
1480 626 1546 679 ἐκ
1563 626 1656 680 τοῦ
1681 627 1845 697 βάτου

258 707 433 774 ὶέγων
453 724 466 737 ”
492 708 693 778 Μωσῆ.
721 708 923 778 Μωσῆ.
945 708 1003 763 ’0
1025 710 1083 763 δὲ
1108 708 1229 764 εἷπε
1247 725 1262 739 ⁸
1294 713 1358 766 Τί
1383 716 1530 779 ὲστις
1554 717 1662 770 Καὶ
1687 713 1807 771 εἷπε
1827 734 1841 749 ·

259 801 352 865 Μὴ
384 800 613 869 ἐγγίσῃς
654 794 778 853 ὧδε.
813 800 991 855 Λῦσον
1023 802 1083 855 τὸ
1113 804 1361 875 ὑπόδημα
1405 808 1468 860 ἐκ
1514 807 1622 861 τῶν
1671 810 1847 865 ποδῶν
1889 801 1902 821 ⁸

264 908 379 953 σου,
426 894 463 971 6.
499 889 611 961 γάρ
641 890 804 954 τόπος
852 892 911 945 ἐν
952 885 996 960 ᾧ
1036 894 1102 948 σὺ
1133 895 1391 966 ἕστηκας,
1425 899 1496 969 γῆ
1532 900 1664 967 ἀγία
1707 901 1842 956 ἐστί.

260 981 372 1034 Καὶ
404 975 561 1033 εἶπεν
598 979 746 1051 αὐτῷ
765 994 778 1007 ’
827 981 968 1051 Ἐγώ
1006 985 1119 1054 ειμι
1148 986 1176 1037 6
1207 986 1337 1051 Θεὸς
1366 988 1460 1042 τοῦ
1500 991 1705 1062 πατρός
1731 1010 1842 1055 σου,

260 1076 289 1127 6
324 1074 459 1137 Θεὸς
503 1073 774 1145 Ἁϐραάμ.
810 1076 905 1129 καὶ
933 1076 1112 1141 όΘεὸς
1154 1077 1360 1146 Ἰσαάκ,
1395 1082 1490 1136 καὶ
1519 1084 1548 1135 6
1572 1083 1703 1147 Θεὸς
1743 1086 1845 1137 Ἰα-

262 1162 400 1218 κώϐ.
447 1164 784 1235 Ἀπέστρεψε
841 1165 899 1218 δὲ
943 1167 1149 1238 Μωσῆς
1199 1168 1260 1222 τὸ
1307 1171 1622 1241 πρόσωπον·
1648 1174 1844 1228 αὐτοῦ’

261 1253 551 1309 ιύλαῦεῖτο
598 1254 706 1324 γὰρ
740 1254 1075 1325 καταϐλέψαι
1101 1257 1333 1315 ἐνώπιον
1363 1259 1459 1313 τοῦ
1485 1261 1642 1315 Θεοῦ.
1683 1281 1702 1314 ι
1742 1264 1848 1317 Νό-

262 1363 366 1416 μον
411 1345 516 1415 μὲν
546 1346 654 1416 γὰρ
685 1346 765 1410 είς
793 1345 1045 1417 βοήθειαν
1070 1348 1270 1404 ἔδωκεν
1301 1352 1330 1405 6
1350 1351 1517 1417 Θεὸς,
1562 1354 1703 1408 κατά
1746 1354 1845 1425 τὴν

257 1436 353 1489 τοῦ
389 1436 676 1506 προφήτου
715 1436 900 1508 φωνὴν
933 1440 1311 1512 (προαπέφηνε
1338 1440 1450 1514 γάρ
1487 1445 1846 1516 οἰκονομικῶς

259 1526 469 1579 Μωσέα
519 1526 927 1598 παιδαγωγὸν),
975 1533 1261 1601 μονονουχὶ
1294 1533 1354 1585 δὲ,
1398 1534 1537 1605 πρὸς
1570 1536 1844 1602 ἀνάδειξιν

262 1611 371 1663 τῶν
398 1612 752 1684 τελειοτέρων
794 1616 1030 1670 ἐποιεῖτο
1061 1618 1160 1688 τὴν
1193 1621 1348 1688 σκιάν
1368 1636 1384 1651 ’
1420 1622 1558 1694 πλὴν
1593 1625 1674 1678 ὅτι
1704 1627 1845 1681 κατὰ

264 1706 493 1776 καιροὺς
530 1704 856 1776 ἀναϐλέψειν
903 1707 1127 1779 ἔμελλεν
1175 1712 1209 1782 ἠ
1253 1712 1502 1784 ἀλήθεια.
1540 1717 1651 1769 Καὶ
1691 1718 1845 1781 τέλος
1876 1704 1919 1759 Β

262 1792 331 1866 ἦν
377 1795 483 1865 τῆς
531 1796 945 1866 παιδαγωγίας,
983 1799 1045 1853 16
1087 1801 1322 1871 Χριστοῦ
1356 1806 1681 1876 μυστήριον,
1710 1809 1847 1880 ὅπερ

260 1891 350 1945 διὰ
379 1892 482 1963 τῆς
515 1892 784 1956 ὀπτασίας
810 1889 869 1947 εὖ
899 1892 1045 1963 μάλα
1084 1897 1522 1952 κατεπαιδεύετο.
1552 1900 1723 1954 Φυτδν
1749 1902 1850 1972 μὲν

261 1983 371 2053 γάρ
418 1983 449 2035 6
496 1984 658 2053 βάτος
694 1983 815 2037 ἐστὶ
852 1983 1164 2055 θαμνοειδές
1197 2004 1256 2041 τε
1302 1991 1399 2043 καὶ
1444 1992 1716 2064 ἄκαρπον,
1757 1996 1853 2048 καὶ

261 2074 527 2138 ἀκάνθαις
564 2074 721 2144 ὀλίγα
751 2079 1133 2151 παραχωροῦν.
1181 2081 1359 2153 Πολλὴ
1389 2078 1446 2136 δὲ
1493 2084 1654 2138 αὑτὸν
1695 2103 1851 2158 περι-

260 2162 437 2230 εχεῖτο
466 2158 621 2230 φλόξ.
640 2162 729 2215 Ἐν
759 2163 891 2218 εἴδει
912 2166 1022 2236 γάρ
1047 2167 1216 2240 πυρὸς
1243 2168 1395 2237 ἀγιος
1428 2170 1658 2239 ἄγγελος
1682 2175 1848 2247 ἐπλή-

264 2268 360 2322 ρου
389 2252 455 2305 16
488 2252 712 2323 χρῆμα⁹
749 2255 847 2308 καὶ
889 2251 1027 2328 ἦρτο
1061 2251 1181 2329 μὲν,
1220 2260 1357 2329 ὑψοῦ
1396 2262 1452 2316 δὲ
1477 2262 1598 2318 λίαν
1630 2268 1662 2337 ὴ
1693 2266 1848 2336 φλὸξ,

262 2343 442 2413 ὴδίκει
470 2344 529 2397 δὲ
560 2344 697 2409 ὅλως
725 2345 817 2400 τὸν
856 2350 914 2401 ὲν
942 2342 988 2418 ᾦ
1017 2349 1226 2423 πέφηνε
1270 2352 1452 2423 βάτον,
1499 2357 1672 2412 οὐδέν.
1731 2359 1851 2414 Ἀν-

263 2433 420 2487 όσιον
452 2435 671 2503 άληθῶς
718 2438 814 2491 καὶ
858 2438 1000 2509 πέρα
1040 2439 1197 2510 λόγου
1240 2444 1441 2509 παντὸς
1485 2446 1545 2499 16
1575 2446 1852 2519 δρώμενον

264 2524 354 2597 ἦν.
391 2525 512 2597 Πῦρ
542 2527 806 2593 ἀκάνθαις
836 2529 1132 2599 συμϐαῖνον
1159 2532 1252 2586 καὶ
1290 2534 1648 2605 ήμεροτάτοις
1678 2539 1851 2609 αὐτὴν

265 2617 605 2689 πριθάλπον
627 2620 975 2690 προσϐολαῖς.
998 2624 1278 2695 μονονουχὶ
1300 2624 1403 2696 τῆς
1427 2627 1668 2697 ἐμφύτου
1695 2629 1855 2685 δυνά-

268 2725 413 2779 μεως
452 2712 859 2782 κατημεληκὺς,
890 2713 984 2767 καὶ
1034 2713 1279 2786 ῥᾴθυμον
1310 2717 1509 2789 κομιδῇ
1539 2723 1654 2784 τοῖς
1691 2721 1850 2791 φθεί-

269 2802 462 2867 ρεσθαι
512 2801 831 2874 δυναμένοις
884 2805 1152 2877 ἑνιζηκός.
1208 2807 1496 2880 Τοιγάρτοι
1555 2812 1757 2883 Μωσῆς
1821 2813 1852 2867 6

266 2893 555 2959 θεσπέσιος
598 2896 962 2968 κατατεθήπει
1001 2898 1101 2965 τὴν
1151 2899 1300 2970 ἇζιιν.
1339 2901 1436 2966 Τίς
1466 2899 1560 2956 οῦν
1600 2906 1628 2957 6
1653 2903 1847 2974 λόγος;

220 2963 411 3055 ΓΠυρὶ
442 2987 546 3055 τὴν
578 2985 727 3041 θείαν
758 2963 1082 3058 παρεικάζει
1125 2963 1285 3061 φύσιν
1317 2991 1379 3045 16
1417 2963 1564 3063 ίερδν
1588 2963 1846 3066 Γράμμα,

263 3077 353 3133 διά
392 3095 481 3131 τοι
509 3078 572 3132 16
600 3079 897 3144 παναλκὲς.
933 3080 1029 3134 καὶ
1078 3082 1142 3136 16
1183 3084 1382 3147 παντὸς
1418 3084 1676 3139 δύνασθαι
1720 3104 1849 3140 κατ-

263 3168 455 3225 αθλεῖν
481 3170 753 3234 εὐκόλως,
793 3170 970 3235 ξύλοις
1014 3173 1110 3226 καὶ
1137 3174 1299 3239 πόαις
1328 3178 1452 3240 ταῖς
1480 3178 1538 3229 ὲν
1581 3176 1734 3249 ἀγρῷ
1758 3178 1853 3231 τὸν

266 3261 380 3318 ἀπὺ
401 3264 512 3333 γῆς
535 3263 840 3335 ἄνθρωπον.
870 3264 1157 3336 Τοιγάρτοι
1195 3273 1348 3338 φησι,
1380 3270 1512 3323 ποτὲ
1544 3270 1644 3340 μέν
1665 3286 1679 3300 ⁸
1723 3289 1741 3322 ι
1790 3271 1850 3325 '0
1886 3299 1897 3303 -

130 3432 147 3446 ἱ
264 3355 400 3418 Θεὸς
435 3355 598 3446 ὴμῶν
792 3357 1187 3414 καταναλίσκον
1225 3360 1395 3413 ἐστίν’
1440 3380 1459 3412 ι
1507 3362 1637 3414 ποτὲ
1664 3362 1719 3416 δὲ
1758 3359 1848 3415 cat-3'

116 3514 153 3550 Ὀ

131 3556 143 3573 ι

132 3586 170 3629 ᾗ

112 3632 145 3683 κέ

110 3680 141 3705 κ

104 3720 146 3797 κέ

127 3869 204 3967 is

128 3948 199 3983 ςκι

269 3462 289 3494 ι
342 3442 673 3516 ’Δνθρωπος
718 3444 850 3502 ὡσεὶ
880 3447 1075 3519 χόρτος
1098 3464 1110 3477 ·
1158 3449 1215 3505 αἱ
1253 3449 1461 3520 ἡμέραι
1504 3452 1690 3515 αὑτοῦ,
1721 3453 1851 3507 ὼσεὶ

265 3534 431 3600 ἄνθος
461 3536 557 3590 τοῦ
594 3536 786 3609 ἀγροῦ,
834 3538 1007 3604 οὕτως
1054 3539 1359 3613 ὲξανθήσει.
1390 3562 1410 3594 ι
1474 3544 1614 3598 Ἀλλ’
1662 3545 1851 3619 ὥσπερ

266 3629 420 3682 ἐστὶν
459 3628 522 3681 οὐ
550 3630 784 3701 φορητὸν
811 3630 1074 3697 ἀκάνθαις
1098 3633 1160 3686 16
1182 3635 1316 3705 πῦρ,
1355 3634 1498 3690 οὕτω
1539 3638 1633 3691 καὶ
1659 3637 1852 3709 θεότης

267 3718 674 3790 ἀνθρωπότητι.
720 3720 866 3792 Πλὴν
899 3724 956 3775 ὲν
988 3723 1209 3795 Χριστῷ
1255 3725 1451 3799 συνέϐη
1498 3730 1595 3783 καὶ
1628 3731 1851 3799 γέγονεν

266 3808 480 3880 οίστὴ.ι
504 3810 814 3882 Κατῴκηκε
846 3812 957 3884 γὰρ
982 3814 1040 3876 ὲν
1067 3813 1220 3884 αὐτῷ
1238 3817 1346 3870 πᾶν
1373 3817 1435 3871 16
1460 3819 1731 3891 πλήρωμα
1753 3822 1851 3893 τῆς

268 3898 529 3970 θεότητος
557 3902 907 3973 σωματικῶς,
944 3923 964 3956 ι
997 3903 1138 3959 καθά
1167 3906 1261 3960 καὶ
1308 3909 1339 3962 6
1372 3910 1534 3978 σοφὸς
1565 3912 1850 3983 μεμαρτύ-

182 4003 238 4075 ζκ
269 4009 409 4064 ρηκε
451 3992 684 4057 Παῦλος.
706 3994 816 4047 Καὶ
848 4014 866 4047 ι
903 3997 932 4049 6
968 3994 1084 4065 φῶς
1106 3998 1269 4051 οἰκῶν
1292 3999 1606 4071 ἀπρόσιτον,
1644 4022 1662 4054 ι
1695 4022 1851 4058 τουτ-

106 4154 141 4189 κν

104 4207 141 4235 \1

102 4248 143 4290 κν

120 4298 139 4333 ἒ

102 4338 136 4411 ἑ

269 4083 385 4137 ἐστι
413 4082 573 4147 Θεὸς,
600 4084 682 4155 τῷ
721 4087 786 4137 ὲκ
824 4087 1092 4157 παρθένου
1121 4088 1232 4160 ναῷ
1255 4091 1631 4163 κατηυλίζετο,
1659 4094 1851 4159 καθεὶς

268 4174 462 4228 ἑαυτὸν
479 4176 563 4238 είς
576 4174 901 4244 ἀξιάγαστον
922 4178 1256 4251 ἡμερότητα,
1274 4183 1367 4235 καὶ
1383 4184 1546 4241 οἱονεὶ
1568 4188 1851 4256 περιστέλ-

266 4265 375 4320 λων
407 4265 510 4338 τὴν
537 4266 778 4338 ἄκρατον
797 4268 899 4337 τῆς
931 4269 1068 4334 ιδίας
1108 4272 1324 4339 φύσεως
1364 4276 1710 4349 προσϐολὴν,
1761 4280 1850 4333 ἵνα

1309 235 1831 297 GLAPHYRORUM
1872 242 1938 297 IN
1977 244 2263 303 EXODUM
2302 249 2432 304 us.
2473 207 2515 305 ι.

3423 244 3535 303 ιιι

1947 362 2182 432 pedibus
2226 366 2356 431 tuis,
2388 368 2543 422 locus
2580 364 2726 420 enim
2755 364 2812 418 In
2862 378 2973 433 quo
2997 370 3129 427 stas,
3166 372 3311 419 terra
3344 375 3532 419 sancta

1945 462 2048 510 est.
2082 456 2149 511 Et
2177 456 2315 511 dixit
2337 458 2388 512 ei
2412 476 2424 510 :
2457 457 2569 528 Ego
2591 471 2714 511 sum
2741 455 2887 510 Deus
2906 454 3080 524 patris
3117 452 3199 507 tui
3228 451 3527 515 Abraham,

1947 551 2110 621 262
2132 561 2189 607 ει
2207 552 2353 606 Deus
2391 553 2560 615 Isaac,
2610 559 2668 605 et
2705 549 2852 603 Deus
2893 545 3080 603 Jacob.
3106 546 3320 600 Avertit
3345 550 3529 598 autem

1946 641 2158 713 Moyses
2179 641 2373 697 faciem
2406 657 2581 697 suam.
2624 640 2831 695 Timuit
2866 638 3015 693 enim
3064 636 3309 706 aspicere
3340 642 3530 688 contra

1947 733 2120 788 Deum
2146 734 2213 788 τ’.
2244 752 2262 784 ι
2295 732 2429 787 Nam
2491 733 2665 802 legem
2696 730 2917 801 quidem
2956 728 3107 783 dedit
3153 727 3207 781 in
3241 726 3528 787 auxilium,

1940 824 2092 893 juxta
2118 823 2349 877 verbum
2375 822 2656 893 propheta:
2685 820 2728 851 "
2766 816 3227 891 (praemonstravit
3276 814 3424 869 enim
3449 813 3533 867 rli-

1946 913 2076 968 vino
2098 913 2330 968 consilio
2372 912 2590 982 Moysen
2620 906 2991 981 paedagogum)
3023 926 3035 960 :
3064 915 3273 962 tantum
3295 920 3403 958 non
3437 920 3533 957 au-

1947 1016 2056 1061 tem
2087 1006 2374 1060 constituit
2389 1005 2638 1060 umbram
2664 1004 2719 1057 in
2758 1002 2972 1072 signum
3000 997 3413 1069 perfectiorum,
3435 995 3532 1050 do-

1945 1111 2047 1151 nec
2071 1095 2289 1150 tandem
2321 1095 2524 1149 veritas
2554 1109 2653 1148 suo
2678 1102 2922 1162 tempore
2951 1097 3095 1145 esset
3113 1087 3344 1141 oritura.
3377 1086 3595 1141 Ideo-ﬁ

1947 1201 2055 1256 que
2080 1185 2211 1241 'ﬂnis
2249 1185 2553 1256 disciplinae
2582 1184 2831 1239 Mosaicae
2854 1181 2978 1246 fuit,
3019 1179 3339 1252 mysterium
3369 1177 3531 1233 Chri-

1947 1280 2039 1343 sti,
2073 1278 2220 1348 quod
2252 1293 2353 1349 per
2402 1278 2548 1333 hanc
2594 1277 2863 1331 visionem
2913 1274 3193 1343 eleganter
3237 1269 3555 1337 admodum,

1946 1370 2311 1442 signiﬁcatum
2337 1376 2440 1424 est.
2470 1370 2607 1424 Nam
2642 1368 2816 1422 rubus
2846 1374 2930 1420 est
2959 1364 3146 1435 planta
3175 1362 3435 1417 fruticosa
3476 1370 3533 1414 et

1947 1460 2295 1532 infrugifera,
2321 1474 2515 1530 parum
2547 1457 2811 1513 diﬂ'erens
2830 1471 2861 1508 a
2889 1453 3080 1524 spinis.
3115 1452 3311 1522 Ingens
3346 1459 3531 1504 autem

1946 1552 2160 1607 ﬂamma
2180 1553 2231 1607 ei
2254 1550 2584 1607 circumfusa
2605 1558 2743 1604 erat.
2775 1546 3011 1602 Sanetus
3039 1544 3187 1598 enim
3212 1541 3436 1612 angelus
3477 1540 3532 1593 in

1946 1641 2127 1712 specie
2164 1641 2306 1712 ignis
2358 1641 2415 1695 id
2475 1637 2771 1710 pratstabat
2821 1654 2833 1689 :
2873 1634 3087 1688 ﬂamma
3132 1638 3315 1686 autem
3367 1628 3537 1683 nimis

1948 1734 2005 1788 in
2038 1734 2206 1787 altum
2258 1732 2478 1786 sublata
2525 1737 2631 1794 est,
2686 1743 2866 1797 neque
2896 1725 3037 1780 laesit
3068 1723 3269 1778 rubum
3324 1721 3381 1775 in
3422 1736 3539 1790 quo

1949 1823 2219 1892 apparuit.
2261 1820 2542 1891 Stupenda
2581 1828 2731 1874 certe
2780 1832 2888 1883 res,
2916 1826 2972 1871 et
3008 1815 3277 1869 rationem
3314 1827 3533 1867 omnem

1949 1914 2245 1970 excedens!
2284 1914 2430 1984 Ignis
2460 1913 2630 1982 spina:
2658 1911 2912 1966 admotus
2943 1905 3315 1979 placidissima
3344 1918 3534 1959 acces-

1948 2005 2103 2061 sione
2143 2005 2316 2075 ipsam
2363 2004 2601 2068 fovebat,
2655 2012 2712 2058 et
2756 2000 3152 2072 propemodum
3199 1998 3377 2052 insitae
3421 2009 3537 2050 suae

1948 2096 2207 2167 potentia:
2230 2096 2455 2160 oblitus,
2474 2096 2649 2149 otiose
2674 2094 2744 2149 iis
2779 2108 2899 2162 qua:
2919 2097 3134 2161 poterat
3155 2101 3532 2157 corrumpere,

1948 2187 2173 2243 insedit.
2198 2185 2469 2253 Quocirca
2488 2186 2698 2257 Moyses
2710 2183 2993 2254 obstupuit
3010 2183 3114 2237 hac
3124 2181 3354 2236 visione.
3373 2180 3536 2246 Qua:-

1949 2295 2075 2334 nam
2112 2280 2278 2349 igitur
2310 2279 2451 2333 ratio
2490 2278 2615 2333 est?
2657 2277 2838 2332 Sacrae
2867 2275 3164 2345 Scriptura:
3186 2270 3534 2327 consuetudo
3563 2294 3581 2305 α

1945 2376 2031 2425 est
2058 2369 2299 2423 divinam
2324 2377 2578 2423 naturam
2602 2367 2715 2437 igni
2739 2380 3080 2436 comparare,
3105 2362 3178 2417 ob
3199 2362 3532 2416 immensum

1950 2474 2110 2513 suum
2137 2458 2309 2512 robur
2335 2468 2391 2513 et
2420 2472 2671 2528 magnam
2705 2453 3028 2511 absumendi
3050 2453 3161 2507 vim
3197 2450 3400 2522 :lignis
3433 2464 3539 2504 au-

1951 2559 2061 2606 tem
2094 2559 2150 2606 et
2167 2551 2356 2606 herbis
2381 2565 2503 2619 quae
2530 2558 2660 2604 sunt
2688 2548 2742 2602 in
2777 2547 2942 2618 agris,
2979 2555 3260 2600 terrenum
3287 2540 3537 2611 aequipa-

1948 2652 2035 2698 rat
2083 2643 2381 2698 hominem.
2435 2642 2593 2698 Unde
2658 2639 2881 2711 quidem
2934 2636 3211 2692 interdum
3267 2635 3342 2689 ita
3404 2633 3537 2688 ait:

1957 2753 1975 2785 ι
2006 2734 2151 2788 Deus
2180 2741 2370 2788 noster
2405 2731 2546 2803 ignis
2584 2744 2917 2786 consumens
2948 2736 3033 2783 est
3069 2716 3144 2779 ηε
3194 2744 3212 2776 ι
3254 2720 3537 2778 interdum

1947 2838 2081 2877 vero
2100 2822 2180 2877 sic
2215 2839 2228 2874 :
2257 2842 2275 2873 ι
2311 2822 2485 2876 Homo
2515 2830 2771 2890 tanquam
2810 2820 3016 2884 fenum,
3038 2824 3095 2872 et
3117 2816 3238 2870 dies
3264 2815 3386 2884 ejus
3412 2821 3538 2867 tan-

1949 2930 2113 2986 quam
2137 2914 2238 2968 ﬂos
2268 2911 2468 2995 campi,
2491 2911 2566 2965 ita
2588 2918 2800 2965 arescet
2833 2911 2931 2963 ".r
2966 2910 3160 2973 Porro,
3195 2907 3338 2961 sicut
3363 2904 3581 2975 spintu'
3612 2922 3619 2923 ’

1952 3008 2133 3079 ignem
2167 3006 2314 3062 ferre
2335 3012 2635 3073 nequeunt,
2670 3005 2745 3057 ita
2769 3016 2948 3071 neque
2971 3000 3309 3055 divinitatem
3338 2999 3541 3054 huma-

1950 3102 2114 3157 nitas.
2165 3098 2439 3157 Caeterum
2489 3097 2547 3150 in
2598 3094 2818 3151 Christo
2868 3092 3009 3147 facta
3067 3100 3152 3146 est
3207 3088 3534 3146 tolerabilis.

1958 3211 1977 3243 ι
2007 3190 2143 3246 Nam
2177 3189 2234 3243 in
2272 3188 2393 3258 ipso
2438 3185 2708 3242 habitavit
2751 3184 2931 3240 omnis
2987 3180 3271 3253 plenitudo
3314 3180 3537 3235 deitatis

1950 3279 2312 3349 corporaliter
2343 3276 2413 3342 ⁷⁸,
2439 3296 2457 3327 ι
2488 3276 2633 3330 sicut
2663 3272 2881 3343 sapiens
2916 3279 3148 3349 testatus
3169 3279 3253 3324 est
3296 3267 3532 3323 Paulus:

1959 3389 1978 3422 ι
2017 3348 2085 3425 Et
2111 3370 2291 3423 lucem
2319 3367 2633 3423 inhabitans
2661 3348 3095 3417 inaccessibilem
3120 3360 3202 3426 7‘;
3241 3380 3260 3411 ι
3297 3359 3403 3413 hoc
3427 3364 3534 3423 est,

1950 3462 2096 3517 Deus
2138 3461 2195 3514 in
2249 3458 2453 3529 templo
2501 3455 2745 3526 Virginis
2762 3462 3031 3533 .moratus
3076 3461 3181 3515 est,
3235 3450 3534 3506 demittens

1951 3555 2193 3623 seipsum
2218 3552 2274 3606 in
2296 3546 2671 3604 admirandam
2714 3545 3106 3607 humilitatem,
3139 3557 3202 3597 ac
3223 3542 3379 3612 quasi
3403 3556 3537 3597 con-

1953 3645 2175 3700 trahens
2198 3642 2459 3698 invictam
2493 3654 2606 3694 sua:
2632 3646 2842 3691 natura:
2887 3634 3210 3706 potentiam,
3237 3642 3297 3689 ut
3336 3633 3455 3703 capi
3477 3641 3535 3687 et

1950 3737 2125 3808 aptari
2155 3734 2314 3790 nobis
2335 3743 2540 3803 posset,
2569 3731 2712 3785 sicut
2740 3743 2927 3783 revera
2952 3726 3092 3797 ignis
3110 3741 3168 3781 se
3191 3724 3398 3793 aptavit
3420 3724 3536 3792 spi-

1949 3827 2057 3882 nis.
2084 3824 2242 3893 Quod
2272 3833 2453 3878 autem
2489 3822 2546 3876 id
2571 3820 2719 3891 quod
2769 3829 2961 3888 suapte
2992 3825 3189 3870 natura
3237 3824 3423 3883 aptum
3449 3822 3534 3869 est

1950 3917 2019 3973 ad
2044 3913 2534 3984 corrumpendum,
2564 3912 2672 3967 hoc
2712 3918 2797 3965 est
2845 3921 3085 3970 carnem,
3127 3904 3242 3974 ipse
3287 3904 3534 3959 eﬂ‘ecerit

1950 4006 2322 4077 corruptionis
2368 4010 2671 4072 expertem,
2702 4007 2993 4066 morteque
3032 3994 3376 4064 superiorem
3403 3994 3531 4048 red-

1950 4099 2174 4162 diderit,
2199 4098 2539 4159 demonstrat
2557 4090 2728 4163 ﬂgura
2751 4089 2893 4161 ignis
2907 4089 2964 4149 in
2993 4087 3134 4142 rubo
3156 4086 3386 4141 illaesum
3408 4100 3531 4138 om-

1949 4192 2081 4247 nino
2111 4204 2336 4246 servans
2363 4186 2595 4257 lignum.
2619 4182 2777 4250 Quod
2816 4189 2998 4235 autem
3032 4193 3194 4233 suum
3216 4175 3529 4231 viviﬂcave-

1950 4284 2024 4340 rit
2044 4282 2327 4352 templum,
2356 4287 2411 4335 et
2437 4274 2859 4346 incorruptibile
2896 4269 3273 4326 eﬂ‘cceritvita
3301 4275 3529 4322 natura-

263 4358 495 4429 γένηται
510 4356 996 4430 χὼρητος,καθάπε
1003 4380 1036 4433 ρ
1049 4363 1240 4434 ἀμέλει
1269 4370 1361 4421 καὶ
1373 4368 1614 4434 ἀκάνθας
1636 4372 1697 4425 τὸ
1715 4372 1842 4444 πῦρ.

1954 4376 2081 4431 liter
2096 4374 2390 4436 exsistens,
2412 4369 2550 4425 illud
2577 4384 2644 4424 ex
2670 4368 2780 4421 Deo
2792 4362 3055 4424 Verbum,
3078 4358 3355 4428 quomodo
3374 4357 3529 4427 quis-

269 4452 395 4505 Ὂτι
443 4450 503 4504 δὲ
536 4450 942 4524 τὸτφθείρεσθαι
966 4455 1230 4524 πεφυκὸς,
1252 4458 1516 4523 τουτέστι,
1544 4461 1642 4533 τὴν
1672 4463 1848 4534 σάρκα

1948 4468 2090 4537 piam
2123 4462 2498 4519 dubitaverit?
2552 4460 2698 4530 Ignis
2738 4469 2873 4525 ergo
2928 4449 3176 4523 pepercit
3222 4448 3414 4518 spinaa,
3474 4457 3530 4503 et

269 4542 475 4613 φθορᾶς
501 4541 757 4596 ἀπετέλει
797 4543 1103 4613 κρείττονα,
1139 4545 1455 4612 διαδείξειεν
1481 4551 1548 4605 ἂν
1588 4554 1849 4624 αἰνιγμα-

270 4634 456 4698 τωδῶς
475 4634 539 4687 16
560 4635 654 4687 ἐπὶ
676 4633 755 4705 τῷ
773 4634 922 4704 βάτῳ
947 4635 1059 4707 πῦρ
1073 4638 1438 4710 άδιαλώϐητον
1460 4644 1735 4709 παντελῶς
1760 4664 1849 4717 τηο

271 4726 446 4796 ρῆσαν
467 4725 536 4778 τὸ
555 4723 732 4790 ξύλον.
762 4726 886 4780 Ὅτι
912 4726 977 4797 δὴ
1005 4727 1096 4780 τὸν
1134 4727 1264 4782 ἴδιον
1298 4730 1550 4795 ὲζωποίει
1579 4736 1726 4800 ναὸν,
1754 4737 1848 4790 καὶ⁹

266 4815 544 4885 ἄφθαρτον
570 4817 821 4871 ἀπετέλει
837 4820 932 4873 καὶ
958 4820 1190 4875 θανάτου
1214 4824 1521 4893 κρείττονα,
1557 4827 1671 4900 ζωὴ
1703 4830 1846 4885 κατά

268 4904 429 4971 φύσιν
447 4906 714 4977 ὑπάρχων
730 4910 759 4962 6
774 4909 838 4962 ὲκ
849 4909 983 4964 Θεοῦ
1001 4912 1196 4980 Λόγος,
1215 4914 1334 4979 πῶς
1353 4915 1420 4972 ἂν
1434 4918 1725 4975 ὲνδοιάσειέ
1740 4939 1845 4988 τις;

282 4997 562 5065 τείρειδετο
628 4998 809 5055 τοίνυν
859 5003 958 5072 τῆς
1008 5004 1254 5075 ἀκάνθης
1308 5007 1370 5061 16
1410 5008 1542 5081 πῦρ,
1573 5012 1666 5066 καὶ
1694 5014 1847 5084 οίστὴ

269 5087 489 5157 γέγονεν
512 5091 546 5159 ἡ
580 5089 715 5155 φλὸξ
752 5093 971 5165 σμικρῷ
1001 5096 1096 5148 καὶ
1127 5096 1507 5170 ἀσθενεστάτῳ
1533 5100 1695 5173 ξύλῳ.
1735 5105 1847 5157 Κε-

221 5178 492 5258 ιχώρηκε
534 5181 665 5252 γάρ,
702 5182 778 5245 ὡς
829 5182 986 5255 ἔφην,
1040 5186 1232 5259 θεότης
1285 5190 1686 5266 άνθρωπότητι.
1742 5196 1850 5250 Καὶ

271 5268 429 5357 τοῦτο
465 5269 690 5338 γέγονεν
727 5272 788 5325 ὲν
817 5275 1038 5346 Χριστῷ
1069 5277 1130 5331 16
1173 5282 1490 5352 μυστήριον.
1542 5285 1848 5357 Κατῴκηκε

270 5356 328 5411 δὲ
360 5360 456 5412 καὶ
483 5361 542 5413 ὲν
570 5362 705 5431 ἡμῖν
745 5363 775 5415 6
815 5364 908 5417 τοῦ
939 5365 1075 5420 Θεοῦ
1126 5368 1317 5437 Λόγος,
1349 5372 1411 5425 ού
1444 5374 1631 5440 ποινάς
1660 5356 1846 5444 αἰτῶν,

1944 4557 2160 4612 ﬂamma
2183 4556 2322 4610 facta
2345 4561 2429 4609 est
2462 4565 2630 4623 parvo
2662 4547 2990 4615 inﬂrmoque
3016 4541 3164 4613 ligno
3203 4537 3525 4595 tolerabilis.

1944 4648 2104 4720 263
2134 4647 2316 4717 Capax
2345 4645 2493 4700 enim
2539 4640 2783 4703 deitatis,
2821 4647 2882 4693 ut
2922 4637 3033 4707 jam
3074 4633 3209 4699 dixi,
3252 4631 3394 4687 facta
3446 4640 3529 4686 est

1943 4740 2276 4795 humanitas.
2302 4738 2371 4793 Et
2402 4737 2507 4790 hoc
2531 4735 2733 4790 factum
2760 4740 2845 4787 est
2864 4731 2920 4786 in
2938 4728 3156 4786 Christo
3185 4724 3525 4798 mysterium.

1951 4831 2231 4887 Habitavit
2261 4828 2411 4885 enim
2434 4828 2490 4882 in
2513 4826 2674 4882 nobis
2693 4824 2788 4879 Dei
2809 4816 3071 4885 Verbum,
3090 4835 3201 4874 non
3224 4832 3413 4888 pmnas
3429 4832 3526 4871 cx-

1952 4932 2165 4994 petens,
2199 4936 2303 4975 nec
2346 4919 2499 4973 litem
2541 4917 2701 4972 nobis
2744 4913 3058 4978 intendens,
3090 4909 3187 4966 sed
3225 4905 3529 4962 commodis

1951 5030 2016 5069 ac
2049 5011 2280 5083 placidis
2302 5009 2568 5080 aﬂ‘ulgens
2596 5004 3020 5062 accessionibus.
3055 5000 3209 5056 Sicut
3240 4998 3385 5053 enim
3411 4997 3527 5066 ipse

1951 5103 2083 5159 alibi
2111 5102 2207 5169 ait,
2252 5120 2271 5153 ι
2309 5101 2427 5156 Non
2458 5098 2609 5154 misit
2634 5098 2782 5152 Deus
2825 5092 3024 5149 Filium
3058 5104 3222 5144 suum
3260 5087 3317 5142 in
3362 5103 3523 5141 mun-
3608 5118 3613 5123 ι

1952 5198 2105 5259 dum,
2144 5202 2204 5250 ut
2252 5193 2526 5264 judicarct
2577 5186 2864 5247 mundum,
2907 5181 3002 5237 sed
3036 5188 3096 5235 ut
3143 5179 3328 5234 salvus
3372 5177 3524 5234 ﬂeret

1953 5286 2301 5357 mundusper
2319 5285 2496 5355 ipsum
2513 5284 2612 5337 η.»
2641 5279 2759 5335 Non
2784 5274 2952 5345 igitur
2971 5270 3400 5327 comburebatur
3432 5284 3527 5322 ru-

1954 5379 2057 5433 bus
2091 5378 2159 5435 ab
2190 5375 2541 5435 incumbente
2565 5369 2667 5442 ipsi
2703 5366 2938 5421 ﬂamma.
2969 5362 3156 5431 Neque
3191 5361 3338 5416 enim
3359 5373 3525 5429 expe-

349 5571 613 5656 ζοσ-βιοό.
663 5575 1012 5656 nini-GL":
1050 5576 1225 5631 Galat.
1257 5595 1337 5656 ιιιΔ
1364 5581 1450 5637 24.
1529 5586 1573 5617 ⁷³
1601 5587 1760 5642 Deut.
1794 5603 1852 5643 χι

1948 5589 2029 5656 ιιι,
2061 5587 2224 5644 Hebr.
2274 5602 2369 5653 χιι,
2398 5585 2485 5641 29.
2565 5584 2612 5616 ⁷³
2650 5582 2790 5639 Psal.
2828 5594 2917 5644 cn,
2971 5575 3051 5629 Li.
3127 5572 3311 5629 "Col.
3360 5588 3423 5640 ιι,
3466 5568 3504 5629 9

286 5627 546 5699 ⁷⁵1τί111.
591 5627 798 5710 limiti
842 5627 947 5677 ﬂ"
