4024 6198
416 231 523 285 N5
1411 230 1467 285 S.
1507 230 1783 287 CYRILLI
1822 230 2292 286 ALEXANDRINI
2331 230 2648 286 ABCINEP.

3532 240 3688 319 ,ειιο

413 358 627 412 tuutur,
654 355 712 403 ut
737 348 900 404 modo
919 347 1053 409 dixi,
1090 363 1265 417 pana:
1305 360 1673 418 peccatorum,
1697 349 1791 405 sed
1815 349 1997 421 potius

2106 349 2157 402 οὐ
2188 349 2343 412 δίκας
2364 350 2842 420 εἰσπραττόμενος,
2883 350 3019 404 ἀλλὰ
3055 354 3320 423 χρησταῖς
3343 348 3439 406 καὶ
3478 356 3687 427 ἡμερο-

413 440 667 495 Christus
698 452 796 509 per
832 439 1097 509 Spiritum
1128 449 1375 496 sanctum
1401 456 1502 497 nos
1522 443 1810 507 illuminat,
1832 449 1994 512 atque

2106 441 2289 501 ιάταις
2336 439 2792 510 περιαστράπτων
2842 438 3193 510 προσϐολαῖς.
3234 439 3322 503 Ὦς
3367 441 3479 509 γὰρ
3520 442 3687 507 αὑτός

413 532 554 587 adeo
579 537 661 585 est
693 531 748 584 in
784 531 943 585 nobis
972 545 1068 600 per
1100 531 1300 599 ipsum,
1327 532 1382 585 in
1413 548 1522 600 quo
1546 533 1709 588 etiam
1732 534 1994 588 clamabi-

2106 530 2204 582 πού
2238 546 2424 601 φησιν,
2461 549 2479 581 ι
2505 531 2618 584 Ούκ
2659 529 2974 585 ἀπέστειλεν
3007 532 3033 584 6
3066 530 3201 593 Θεὸς
3231 530 3324 584 τὸν
3344 530 3473 584 Υἰὸν
3496 532 3688 596 είςτὺν

416 637 575 677 mus:
614 640 632 672 ‹
668 622 820 676 Abba
854 623 1012 675 Pater
1054 622 1119 674 ⁷⁷.
1145 642 1164 673 ι
1200 621 1399 678 Beatus
1433 632 1616 678 autem
1650 624 1860 694 Moyses
1891 624 1994 678 ob-

2106 619 2319 689 ιιόσμον,
2355 619 2442 672 ἵνα
2479 619 2640 691 κρίνῃ
2674 619 2767 673 τὸν
2800 620 3026 690 κόσμον,
3061 619 3178 674 ἀλλ’
3206 619 3294 674 ἵνα
3340 621 3489 693 σωθῇ
3519 625 3549 675 6
3588 625 3685 677 κό-

414 712 751 783 stupefactus
786 712 855 767 dc
911 713 1144 778 visione,
1201 714 1438 770 addebat
1493 714 1647 782 illud,
1705 715 1990 770 dicendo:

2106 727 2229 780 ςμος
2256 710 2322 763 δι’
2345 709 2531 764 αὐτοῦ.
2560 730 2578 762 ι
2622 712 2697 764 Οὐ
2735 711 3059 764 κατεκαίετο
3098 710 3279 764 τοίνυν
3323 714 3352 765 6
3397 712 3561 781 βάτος
3584 729 3686 767 πε-

418 828 439 856 η
479 805 757 861 Accedens
792 804 989 859 videbo
1013 805 1277 859 visionem
1328 806 1471 861 hanc
1503 823 1774 877 magnam,
1821 822 1993 877 quare

2106 802 2416 872 οιεχομὲνης
2442 800 2593 873 αύτῷ
2626 803 2722 872 τῆς
2748 802 2965 871 φλογός.
3002 803 3078 856 Ού
3106 802 3217 874 γὰρ
3262 802 3574 875 ἐξῃτήμεθα
3599 804 3682 857 δί-

416 913 524 950 non
561 896 915 950 comburatur
944 896 1113 950 rubus
1152 895 1217 950 ⁷⁸.
1262 916 1280 947 ι
1320 897 1387 951 At
1408 900 1672 954 continuo
1708 907 1856 954 vetat
1871 915 1997 953 san-

2106 910 2194 957 ιας
2219 892 2326 946 τῶν
2356 894 2782 964 ἡμαρτημένων,
2813 892 3067 963 καθάπερ
3092 893 3229 965 ἔφην
3257 893 3462 964 ἀρτίως
3482 910 3494 923 ·
3529 911 3686 965 περι-

412 997 535 1040 ctus
558 987 801 1055 angelus,
831 986 1063 1055 loquens
1113 986 1285 1041 veluti
1318 1004 1386 1042 ex
1422 988 1518 1042 Dei
1553 1004 1782 1057 persona
1809 1005 1823 1040 ε
1864 1007 1881 1036 ι
1913 988 1992 1042 Ne

2106 983 2302 1054 λάμπει
2358 984 2415 1038 δὲ
2467 984 2666 1053 μᾶλλον
2724 984 2873 1055 ἡμᾶς
2903 985 2932 1036 6
2960 984 3194 1055 Χριστὸς
3242 984 3330 1038 διὰ
3379 984 3477 1037 τοῦ
3522 986 3681 1053 ἁγίου

415 1077 789 1146 ιιιιριςῳίιιιιυο
836 1077 945 1133 huc
969 1095 981 1131 :
1009 1078 1160 1133 solve
1189 1080 1619 1134 calceamentum
1658 1094 1726 1133 ex
1761 1078 2001 1147 pedibus

2106 1075 2429 1145 Πνεύματος,
2462 1076 2556 1129 καὶ
2586 1076 2734 1129 ἔστιν
2762 1077 2821 1128 ἐν
2844 1076 2974 1147 ⁴ἡμῖν
2991 1075 3059 1128 δι’
3095 1074 3280 1141 αὐτοῦ,
3314 1075 3406 1128 καὶ
3441 1078 3499 1128 ἐν
3531 1076 3683 1146 αύτῷ

417 1168 525 1221 tuis
568 1166 751 1221 Locus
772 1166 919 1221 enim
950 1167 1006 1222 in
1030 1183 1140 1237 quo
1172 1175 1227 1222 tu
1254 1178 1386 1231 stas,
1414 1176 1559 1223 terra
1577 1181 1764 1223 sancta
1785 1177 1872 1224 est
1887 1169 1984 1222 ⁷³.»

2106 1166 2388 1237 κράξομεν,
2423 1185 2442 1218 ι
2477 1162 2648 1220 Ἀϐὄᾱ
2687 1167 2718 1218 6
2763 1167 2977 1237 Πατήρ.
3006 1185 3024 1215 ι
3054 1165 3469 1235 Κατατεθηπὼς
3496 1167 3553 1220 δὲ
3579 1168 3681 1239 τὴν

2091 1256 2215 1325 ὄψιν
2260 1258 2289 1309 6
2338 1256 2608 1330 μακάριος
2643 1256 2871 1326 Μωσῆς,
2905 1255 3216 1327 προσετίθει
3258 1256 3444 1309 λοιπὸν
3478 1258 3677 1320 ἐκεῖνο,

2092 1346 2265 1415 λέγων
2284 1364 2298 1378 ·
2329 1365 2347 1399 ι
2370 1346 2665 1419 Παρελθὼν
2696 1346 2901 1416 ὄψομαι
2923 1345 2985 1399 τὸ
3011 1346 3194 1417 ὅραμα
3235 1343 3395 1398 τοῦτο
3421 1345 3486 1398 τὸ
3514 1346 3679 1416 μέγα,

2090 1439 2144 1491 τί
2175 1440 2258 1492 ὅτι
2296 1440 2360 1492 οὐ
2409 1439 2765 1493 κατακαίεται
2794 1438 2823 1491 6
2854 1437 3032 1508 βάτος.
3059 1455 3077 1488 ι
3123 1436 3261 1489 Ἀλλ’
3284 1438 3460 1507 εἴργει
3504 1435 3683 1504 λέγων

2092 1529 2252 1594 εὐθὺς
2306 1532 2336 1582 6
2391 1530 2660 1600 μακάριος
2712 1528 2941 1597 ἄγγελος
2992 1528 3070 1590 ὡς
3121 1530 3185 1582 ἐκ
3245 1525 3542 1599 προσώπου
3584 1527 3683 1580 τοῦ

417 1260 701 1312 Desertum
735 1258 950 1313 aridum
980 1271 1036 1315 et
1073 1261 1379 1330 spinosum,
1406 1261 1463 1315 in
1499 1277 1611 1331 quo
1642 1270 1761 1316 erat
1796 1260 1990 1327 rubus,

417 1357 573 1402 vocat
605 1355 805 1401 terram
857 1356 1121 1404 sanctam.
1171 1349 1364 1405 Omnis
1400 1350 1549 1404 enim
1581 1350 1734 1405 locus
1770 1358 1994 1404 sanctus

413 1446 515 1500 est,
552 1437 608 1491 in
634 1452 744 1506 quo
792 1436 1045 1493 Christus
1073 1438 1254 1494 fuerit.
1283 1440 1429 1495 Bene
1466 1450 1649 1495 autem
1697 1439 1993 1495 admodum

416 1533 502 1584 hic
528 1540 759 1599 apparet
787 1531 842 1585 in
865 1530 1084 1587 deserto
1113 1541 1183 1586 et»
1201 1540 1345 1586 terra
1371 1531 1547 1587 sterili
1577 1551 1589 1586 :
1628 1532 1831 1602 quippe
1872 1547 1993 1602 quae

414 1629 600 1689 typum
659 1627 813 1690 gerat
854 1620 1112 1676 Ecclesiae
1153 1620 1418 1691 gentium,
1452 1621 1520 1675 ad
1550 1636 1715 1691 quam
1748 1628 1804 1674 et
1838 1636 1992 1676 sacer

2106 1619 2258 1674 Βοοῦο
2291 1639 2309 1671 ι
2330 1618 2422 1690 Μὴ
2458 1620 2683 1691 ἑγγίσῃς
2728 1612 2858 1672 ὦδε·
2891 1618 3053 1672 λῦσαι
3081 1617 3142 1670 τὺ
3174 1617 3425 1687 ὑπόδημα
3467 1617 3532 1670 ἑκ
3573 1616 3684 1669 τῶν

416 1688 595 1766 termo
626 1688 804 1781 inquit
836 1730 849 1766 :
881 1733 899 1763 ι
926 1688 1424 1778 Ιιειειοιθίιίρεοηο,
1451 1688 1662 1777 sitiens,
1681 1721 1736 1768 et
1759 1713 1990 1777 exsulta,

2106 1711 2273 1765 ποδῶν
2308 1688 2424 1766 σου.
2473 1688 2531 1765 Ὀ
2709 1710 2875 1774 τόπος
2904 1711 2962 1762 ὲν
2988 1702 3032 1777 ᾧ
3062 1710 3126 1762 σὺ
3156 1708 3415 1778 ἕστηκας,
3451 1708 3523 1777 γῆ
3553 1706 3683 1775 ἁγία

413 1802 642 1869 sterilis,
677 1802 986 1860 eillorcscat
1013 1814 1075 1860 ut
1120 1804 1296 1858 lilium
1329 1802 1399 1858 ⁸ο.
1445 1824 1464 1856 ι
1498 1804 1776 1860 Promittit
1827 1804 1995 1859 etiam

2106 1804 2233 1856 toti.
2255 1823 2273 1854 ι
2313 1803 2423 1874 Τὴν
2454 1802 2660 1874 ἔρημον
2687 1802 2785 1872 τὴν
2810 1801 3054 1871 ἄνυδρον,
3088 1798 3190 1870 τὴν
3213 1798 3600 1862 άκανθοτόκον,
3622 1800 3685 1852 ὲν

418 1893 548 1947 alibi
585 1893 733 1950 Deus
782 1909 842 1953 se
891 1895 1166 1949 facturum
1213 1894 1494 1949 desertum
1547 1895 1603 1950 in
1647 1892 1894 1964 paludes,
1939 1899 1996 1947 et

2106 1890 2129 1970 ᾗ
2169 1896 2262 1948 καὶ
2289 1897 2317 1948 ὁ
2351 1893 2532 1965 βάτος,
2564 1894 2667 1964 γῆν
2696 1893 2861 1963 ἁγίαν
2907 1892 3194 1946 ἀποκαλεῖ.
3226 1890 3417 1961 Χῶρος
3447 1890 3507 1943 δὲ
3536 1889 3681 1952 ἄπα,

417 1991 616 2039 terram
645 1984 848 2040 siccam
868 1986 923 2039 in
941 1985 1242 2041 humidam.
1270 1984 1617 2039 Redundavit
1637 1983 1783 2038 enim
1810 1982 1868 2037 in
1895 1997 1997 2038 nos

2106 1988 2251 2056 5.7m;
2295 1988 2353 2041 ἑν
2397 1980 2551 2056 ᾧπερ
2574 1985 2642 2039 ἂν
2678 1985 2764 2056 εἴη
2795 1985 3046 2055 Χριστός.
3077 1980 3153 2036 Εὖ
3183 1983 3241 2037 δὲ
3264 1983 3327 2053 δὴ
3351 1982 3473 2036 λίαν
3503 1982 3597 2035 καὶ
3624 1983 3687 2035 ἑν

415 2076 508 2142 qui
551 2091 743 2131 sumus
768 2092 838 2131 ex
868 2076 1125 2147 gentibus
1164 2076 1342 2131 vocati
1389 2076 1564 2146 gratia
1594 2073 1915 2140 Salvatoris,
1939 2085 1999 2131 et

416 2175 675 2236 tanquam
698 2166 898 2222 ﬂuvius
916 2166 1172 2237 supernis
1202 2180 1305 2220 nos
1332 2165 1566 2237 irrigans
1583 2166 1806 2223 ﬂuentis
1827 2167 1995 2223 uber-

418 2258 512 2310 tim
533 2258 844 2313 inebriavit.
880 2258 1030 2314 Idem
1062 2259 1138 2315 ait
1168 2267 1226 2313 et
1254 2258 1475 2314 divinus
1495 2259 1664 2314 David
1690 2276 1704 2313 :
1750 2278 1770 2311 ι
1807 2260 1999 2315 Posuit

418 2348 641 2403 ﬂumina
667 2350 723 2403 in
760 2348 1065 2415 desertum,
1099 2360 1156 2407 et
1178 2359 1384 2407 terram
1432 2352 1770 2408 fructiferam
1806 2353 1863 2407 in
1894 2353 2001 2408 sal-

413 2440 665 2511 suginem
697 2456 729 2494 a
761 2441 968 2497 malitia
1001 2442 1367 2498 habitantium
1402 2444 1459 2499 in
1499 2460 1565 2500 ea
1613 2444 1679 2497 ⁸ι.
1739 2463 1758 2496 ι
1806 2444 1999 2501 Bubus

417 2540 547 2596 ergo
578 2526 634 2580 in
671 2526 915 2594 deserto,
964 2540 1020 2584 et
1046 2539 1192 2586 terra
1221 2547 1341 2601 quae
1385 2532 1564 2602 ipsum
1605 2533 1871 2597 continet,
1915 2541 2001 2590 est

327 2634 375 2679 β
416 2626 624 2683 sancta,
643 2619 865 2689 Deoque
884 2630 1219 2677 consecrata.
1251 2623 1420 2679 Porro
1443 2624 1654 2695 Moyses
1678 2640 2001 2682 accessurus

417 2709 733 2780 impeditur,
762 2720 819 2766 et
844 2720 905 2767 ut
926 2713 1354 2770 calceamentum
1397 2726 1561 2772 exuat
1578 2716 1629 2773 ei
1663 2718 2000 2789 praecipitur.

310 2826 317 2833 -
335 2824 389 2869 ,ί
415 2804 545 2857 Nec
567 2819 656 2858 res
677 2811 762 2858 est
787 2806 980 2860 mortis
1014 2814 1071 2861 et
1099 2807 1471 2877 corruptionis
1511 2808 1747 2879 signum.
1778 2808 2002 2865 Calcea-

423 2906 663 2953 mentum
689 2899 839 2953 enim
890 2899 950 2953 ﬁt
994 2899 1063 2954 ab
1085 2899 1301 2955 exuviis
1323 2900 1440 2957 sive
1471 2901 1721 2973 reliquiis
1747 2901 2004 2958 animalis

423 2991 644 3045 mortui.
666 2991 838 3063 igitur
856 2992 1254 3049 iuacccssibilis
1271 2992 1527 3050 Christus
1548 3005 1632 3051 est
1668 2995 1737 3051 iis
1765 2996 1860 3066 qui
1900 2996 2003 3051 sub
2030 3026 2073 3083 ο

419 3084 538 3154 lege
564 3091 715 3148 sunt,
759 3091 818 3140 et
869 3083 974 3139 sub
999 3084 1345 3157 padagogico
1381 3087 1552 3141 cultu.
1591 3086 1819 3157 Oportet
1853 3087 2001 3142 enim

420 3176 575 3243 prius
622 3174 847 3230 abluere
901 3190 1121 3230 omnem
1169 3176 1624 3246 inquinatiouem,
1683 3177 2003 3248 peccatique

425 3266 692 3321 maculam
725 3266 1060 3336 abstergere.
1084 3264 1224 3332 Quia
1244 3282 1377 3322 vero
1399 3267 1732 3337 impossibile
1760 3277 1846 3323 est
1878 3284 2005 3324 san-

420 3355 641 3429 guinem
680 3362 967 3411 taurorum
1014 3365 1070 3411 et
1116 3358 1399 3413 hircorum
1449 3357 1669 3414 auferre
1707 3368 1931 3430 peccata
1955 3357 2001 3393 ⁸⁸

424 3447 629 3518 (nullus
651 3446 798 3502 enim
814 3447 1147 3518 justiﬁeatur
1165 3449 1220 3503 in
1238 3450 1356 3520 lege
1383 3450 1450 3523 ⁸³)
1472 3491 1487 3516 ,
1512 3451 1636 3507 ideo
1656 3468 1782 3508 cum
1804 3469 2004 3523 pecca-

423 3551 537 3594 tum
568 3538 812 3594 nondum
836 3540 1209 3606 sitabolitum,
1234 3556 1458 3599 necesse
1481 3551 1565 3599 est
1592 3546 2002 3615 corruptionem

420 3630 604 3687 adhuc
633 3632 843 3704 vigere,
893 3640 950 3689 et
996 3649 1095 3705 per
1142 3649 1514 3706 consequens,
1557 3636 1722 3709 264
1767 3645 2003 3691 mortem

424 3723 724 3779 etiamnum
756 3724 1031 3781 dominari
1072 3726 1127 3783 in
1160 3726 1402 3797 pollutis.
1433 3727 1665 3797 Oportet
1702 3728 1871 3800 igitur
1905 3743 2003 3785 eos

424 3815 516 3886 qui
542 3815 736 3871 volunt
759 3815 963 3874 Christi
990 3818 1310 3890 mysta-iam
1334 3835 1687 3891 cognoscere,
1711 3822 1863 3893 prius
1884 3823 2006 3878 cul-

425 3916 537 3961 tum
570 3906 723 3962 illum
751 3908 1101 3965 umbratilem
1135 3917 1192 3965 et
1240 3911 1501 3982 typicum,
1552 3913 1646 3982 qui
1683 3929 1861 3984 neque
1885 3929 2008 3969 cor-

426 3999 737 4068 ruptionem
772 4014 951 4071 neque
989 4010 1277 4071 peccatum
1321 4016 1581 4075 superare
1614 4014 1813 4075 potest,
1840 4004 2011 4075 depo-

425 4103 579 4142 nere.
628 4088 785 4144 Tunc
811 4092 960 4143 enim
999 4090 1324 4162 intelligent,
1366 4100 1531 4163 atque
1556 4095 1693 4151 adeo
1721 4096 1777 4150 in
1802 4105 2007 4152 terram

342 4214 349 4221 η
425 4184 667 4231 sanctam
698 4178 1097 4248 ingredientur,
1126 4182 1232 4237 hoc
1269 4192 1373 4248 est,
1410 4185 1466 4238 in
1501 4186 1823 4243 Ecclesiam.
1872 4188 2007 4244 Nam

425 4270 573 4340 quod
605 4268 717 4335 isti,
765 4271 860 4340 qui
915 4272 1158 4327 nondum
1195 4274 1368 4329 cultui
1413 4276 1548 4347 legis
1597 4281 2005 4346 renuntiarunt,

2096 2082 2290 2153 ἐρήμῳ
2326 2078 2596 2149 φαίνεται,
2635 2077 2805 2131 τύπον
2838 2074 3110 2146 ὲπεχούσῃ
3143 2073 3248 2143 τῆς
3306 2072 3366 2140 ἐξ
3389 2072 3564 2126 ἐθνῶν
3590 2074 3687 2126 ὲκ-

2097 2172 2351 2243 κλησίας,
2382 2171 2519 2243 πρὸς
2543 2169 2608 2240 ἣν
2632 2168 2724 2222 καὶ
2753 2170 2781 2221 6
2804 2167 2963 2235 λόγος
2986 2165 3150 2236 φησὶν
3180 2163 3323 2235 ίερός
3341 2180 3354 2194 ·
3390 2184 3409 2215 ι
3435 2160 3687 2234 Εὐφράν-

2098 2263 2245 2333 θητι,
2266 2263 2289 2315 ἔ
2297 2280 2365 2334 ρη
2373 2279 2470 2333 μος
2481 2260 2713 2331 διψῶσαο
2729 2259 3079 2328 άγαλλιάσθω
3096 2256 3193 2328 ἔρη
3203 2273 3324 2327 μος,
3340 2256 3439 2309 καὶ
3458 2254 3690 2308 ἀνθείτω

2096 2357 2171 2421 ὡς
2183 2357 2384 2429 κρίνον.
2400 2375 2419 2407 ι
2437 2354 2777 2425 ’Υπισχνεῖτο
2796 2352 2851 2406 δέ
2868 2368 2970 2405 που
2989 2351 3082 2404 καὶ
3098 2351 3126 2403 6
3144 2349 3302 2415 Θεὸς,
3323 2350 3574 2419 ποιήσειν
3589 2347 3688 2418 τὴν

2099 2447 2197 2519 ἔρη
2205 2465 2302 2518 μον
2319 2449 2398 2511 είς
2409 2446 2527 2517 ἕλη,
2552 2445 2646 2499 καὶ
2660 2445 2760 2515 τὴν
2778 2440 3019 2513 διψῶσαν
3037 2442 3139 2514 γῆν
3152 2443 3210 2495 ἐν
3227 2441 3691 2512 ὖδραγωγοῖςλιεο

2100 2537 2365 2591 πλεόνακε
2408 2536 2518 2607 γὰρ
2557 2537 2644 2605 ἐφ’
2675 2536 2821 2606 ἡμᾶς
2852 2534 2981 2598 τοὺς
3021 2532 3082 2598 ὲξ
3107 2532 3278 2585 ἐθνῶν
3317 2531 3690 2602 κεκλημένους

2099 2631 2194 2686 τοῖν
2233 2630 2486 2701 Σωτῆρος
2518 2630 2554 2702 ἡ
2579 2627 2763 2700 χάρις,
2801 2626 2895 2681 καὶ
2920 2626 3161 2696 ποταμὸς
3188 2621 3277 2679 οἷά
3301 2642 3389 2689 τις
3415 2626 3529 2687 τοῖς
3552 2624 3693 2677 ἄνω-

2102 2721 2194 2775 θεν
2215 2719 2522 2784 ἐπικλύζων
2547 2719 2752 2789 νάμασι
2773 2714 3184 2787 καταμεθύσκει
3204 2714 3497 2777 πλουσίως.
3520 2712 3693 2767 Τοῦτό

2102 2830 2184 2869 τοι
2212 2813 2308 2866 καλ⁵
2333 2814 2362 2865 ό
2397 2810 2682 2873 θεσπέσιος
2712 2811 2848 2881 ἡμῖν
2890 2807 3084 2862 Δαδίδ·
3121 2826 3140 2859 ι
3170 2805 3364 2861 Ἐθετο
3409 2806 3693 2876 ποταμοὺς

2105 2904 2185 2965 είς
2214 2902 2443 2975 ἔρημον,
2472 2901 2567 2955 καὶ
2598 2900 2702 2970 γῆν
2741 2898 3088 2969 καρποφόρον
3118 2897 3200 2960 εἰς
3231 2896 3410 2967 ἅλμην
3460 2897 3570 2950 ἀπὸ
3593 2912 3690 2950 κα-

2106 2993 2229 3056 κίας
2256 2993 2366 3046 τῶν
2394 2990 2744 3045 ἐνοικούντων
2772 2992 2830 3043 ὲν
2853 2989 3008 3061 αὐτῇ.
3040 3007 3059 3040 ι
3098 2989 3186 3041 Ἐν
3225 2989 3417 3062 ἐρήμῳ
3459 2987 3642 3040 τοίνυν
3663 2989 3693 3041 6

2107 3084 2287 3156 βάτος,
2312 3084 2404 3139 καὶ
2442 3084 2568 3154 ἁγία
2597 3084 2785 3153 λοιπὸν
2815 3084 2849 3155 ἡ
2887 3081 3077 3136 τοῦτον
3101 3080 3300 3152 ἔχουσα
3325 3080 3420 3152 γῆ,
3456 3081 3695 3152 καὶ-ἱερὰ

2103 3174 2181 3246 τῷ
2213 3175 2351 3247 Θεῷ.
2380 3175 2490 3229 Καὶ
2511 3173 2751 3247 προσιὼν
2777 3176 2805 3228 6
2827 3173 3033 3245 Μωσῆς
3061 3168 3452 3233 ἀνακόπτεται,
3484 3172 3579 3224 καὶ
3598 3171 3694 3224 τοῦ

2107 3267 2269 3332 ποδὸς
2308 3267 2560 3322 ἀναλύειν
2587 3265 2985 3338 προστάττεται
3015 3267 3078 3319 τὸ
3108 3265 3379 3336 ὑπόδημα.
3410 3264 3694 3335 Νεκρότη-

2103 3376 2195 3424 τος
2220 3360 2276 3413 δὲ
2307 3361 2397 3414 καὶ
2420 3360 2627 3432 φθορᾶς
2657 3362 2718 3415 τὸ
2747 3360 2937 3432 χρῆμα
2972 3360 3217 3429 σημεῖον,
3243 3357 3400 3429 εἴπερ
3434 3357 3557 3410 ἐστὶ
3582 3356 3695 3409 πᾶν

2106 3452 2359 3522 ὑπόδημα
2410 3453 2549 3517 ζῴου
2589 3453 2841 3523 λείψανον
2885 3451 3205 3514 τεθνειῶτος
3253 3449 3356 3521 ἤδη
3416 3449 3510 3502 καὶ
3564 3464 3699 3501 κατ-

2111 3543 2483 3615 εφθαρμένου.
2533 3543 2857 3616 ’Δπρόσιτος
2890 3539 2984 3597 οὖν
3015 3545 3043 3597 6
3072 3542 3308 3614 Χριστὸς
3325 3544 3436 3604 τοῖς
3451 3540 3695 3611 ἐννόμῳ,

2108 3638 2201 3689 καὶ
2244 3639 2309 3708 τῇ
2355 3636 2737 3708 παιδαγωγικῇ
2784 3636 3026 3709 λατρεία.
3077 3633 3549 3707 Προαπονίζεσθαι
3587 3632 3698 3702 γὰρ

2109 3729 2322 3800 ἀνάγκη
2375 3729 2467 3781 τὸν
2519 3728 2815 3799 μολυσμὸν,
2864 3729 2962 3784 καὶ
3012 3729 3104 3783 τὸν
3157 3730 3223 3782 ὲκ
3276 3728 3377 3797 τῆς
3416 3726 3696 3798 ἁμαρτίας

2108 3819 2610 3893 προαποτρίϐεσθαι
2652 3821 2842 3892 ῥύπον.
2877 3821 2988 3875 Καὶ
3028 3820 3173 3874 ἔστιν
3217 3820 3519 3891 ἀμήχανον,
3555 3812 3701 3889 αἷμα

2106 3915 2324 3985 ταύρων
2353 3915 2605 3987 ἀφαιρεῖν
2630 3913 2924 3986 ἁμαρτίαν.
2953 3911 3267 3968 Δικαιοῦται
3297 3913 3407 3983 γὰρ
3436 3909 3611 3973 οὐδεὶς
3637 3912 3699 3962 ἐν

2109 4008 2278 4078 νόμῳ.
2302 4006 2747 4079 Κατηργημὲνης
2773 4006 2829 4059 δὲ
2859 4004 3013 4059 ούπω
3044 4008 3142 4075 τῆς
3164 4003 3457 4076 ἁμαρτίας,
3491 4000 3699 4072 ἰσχύειν

2109 4098 2451 4169 ἁνάγκη“τὴν
2486 4098 2713 4170 φθοράν,
2763 4098 2858 4152 καὶ
2899 4100 3264 4168 κατακρατεῖν
3314 4095 3424 4149 τῶν
3458 4092 3697 4166 μεμολυ-

2113 4188 2327 4259 σμένων
2362 4188 2442 4242 ἔτι
2484 4190 2577 4242 τὸν
2627 4189 2876 4242 θάνατον.
2916 4189 3008 4241 Δεῖ
3035 4187 3098 4259 δὴ
3133 4182 3225 4242 οὖν
3264 4186 3373 4257 ἄρα
3416 4187 3545 4249 τοὺς
3571 4184 3699 4239 ἰδεῖν

2113 4279 2398 4345 ἐθέλοντας
2423 4282 2484 4335 τὸ
2517 4281 2754 4352 Χριστοῦ
2790 4283 3110 4353 μυστήριον,
3151 4279 3248 4352 τὴν
3287 4281 3343 4333 ἐν
3381 4279 3573 4341 τύποις
3606 4278 3703 4332 καὶ

426 4361 777 4417 detineantur
812 4363 995 4420 adhuc
1033 4365 1088 4420 in
1125 4369 1500 4438 corruptione,
1525 4369 1701 4438 palam
1741 4372 1869 4427 fecit
1893 4373 2005 4442 ipse

2114 4378 2293 4439 σκιαῖς
2343 4375 2752 4446 προαποθέσθαι
2802 4373 3078 4445 λατρείαν,
3119 4372 3217 4445 τὴν
3272 4373 3408 4442 μήτε
3468 4370 3699 4440 φθορᾶς,

426 4452 676 4509 Christus
705 4471 717 4507 :
762 4474 780 4505 ι
809 4455 1002 4521 Amen,
1041 4471 1201 4513 amen
1222 4459 1347 4515 dico
1379 4461 1535 4518 vobis
1569 4480 1582 4515 :
1617 4462 1809 4518 Sinon
1848 4480 2007 4522 man-

429 4543 761 4601 ducaveritis
782 4560 1001 4602 carnem
1036 4533 1159 4604 Filii
1200 4551 1460 4618 hominis,
1490 4561 1547 4609 et
1582 4553 1835 4612 biberitis
1888 4560 2011 4630 ejus

428 4637 899 4708 sanguinem,non
932 4640 1210 4696 habebitis
1230 4644 1398 4698 vitam
1430 4644 1485 4699 in
1514 4646 1673 4701 vobis
1706 4647 1841 4718 ipsis
1877 4647 1947 4705 “.
1982 4670 2002 4703 ι

430 4726 543 4785 Hoc
564 4737 682 4782 erat
701 4730 1022 4800 mysterium
1045 4749 1154 4788 non
1174 4736 1316 4804 apud
1348 4736 1489 4792 istos
1508 4738 1603 4808 qui
1634 4739 1765 4794 olim
1788 4740 2012 4799 fuerunt

428 4818 482 4877 in
512 4817 651 4888 lege,
684 4819 780 4875 sed
810 4820 955 4890 apud
989 4821 1112 4878 illos
1150 4826 1245 4895 qui
1284 4826 1446 4881 ﬁdem
1491 4839 1842 4900 receperunt,
1868 4843 1924 4889 et
1952 4834 2009 4890 in

427 4908 645 4966 Christo
666 4918 796 4966 sunt
837 4913 1142 4983 iustificati,
1169 4926 1226 4972 et
1248 4921 1615 4989 praastantiori
1653 4939 1817 4993 quam
1848 4927 2008 4998 legali

428 5001 678 5058 doctrina
717 5004 975 5072 instituti,
1017 5011 1330 5081 evangelica
1367 5013 1650 5069 nimirum.
1676 5015 1790 5072 Sub
1813 5034 2007 5075 corru-

430 5090 614 5158 ptione
630 5092 797 5164 igitur
815 5104 944 5151 sunt
960 5105 1018 5151 et
1043 5100 1197 5168 quasi
1216 5099 1272 5154 in
1307 5100 1444 5172 lege,
1481 5105 1576 5173 qui
1602 5116 1831 5162 matrem
1857 5125 2007 5164 mor-

433 5179 518 5244 tis,
548 5191 854 5250 peccatum,
889 5186 1134 5257 inquam,
1167 5190 1410 5246 nondum
1451 5209 1550 5263 per
1567 5193 1730 5251 ﬁdem
1747 5215 2013 5256 exonera-

431 5280 647 5338 verunt,
671 5274 939 5347 longeque
967 5280 1147 5336 adhuc
1175 5283 1377 5339 absunt
1404 5300 1433 5339 a
1479 5284 1718 5343 Christo.
1745 5290 1801 5346 Si
1827 5303 2011 5348 autem

430 5364 632 5421 vellent
648 5368 861 5426 solvere
873 5371 1326 5441 calceamentum,
1341 5376 1559 5445 hocest,
1578 5383 2010 5453 corruptionem,

2116 4467 2254 4538 μήτε
2283 4467 2556 4537 ἁμαρτίας
2593 4467 2896 4536 κρείττονα.
2927 4466 3155 4536 Συνήσει
3180 4464 3290 4533 γὰρ
3324 4463 3466 4528 τότε,
3496 4462 3592 4514 καὶ
3619 4463 3702 4526 είς

2113 4558 2210 4628 τὴν
2234 4557 2395 4626 ἁγίαν
2420 4556 2732 4627 εἰσϐήσεται
2760 4559 2884 4628 γῆν,
2909 4558 3182 4619 τουτέστι,
3213 4555 3312 4627 τὴν
3348 4554 3699 4625 Ἐκκλησίαν.

2115 4651 2237 4703 Ὀτι
2265 4650 2375 4720 γὰρ
2413 4651 2461 4702 oi
2493 4649 2591 4721 τῆς
2626 4649 2767 4704 κατὰ
2798 4650 2962 4721 νόμον
2990 4649 3245 4721 λατρείας
3275 4648 3375 4701 οὐκ
3409 4644 3696 4716 ἐξιστάμε-

2114 4758 2194 4795 νοι
2224 4741 2592 4813 κεκράτηνται
2634 4744 2700 4813 τῇ
2737 4742 2933 4814 φθορᾷ,
2962 4743 3219 4811 σαφηνιεῖ
3260 4738 3436 4807 λέγων
3486 4738 3650 4802 αὐτὸς
3675 4740 3707 4790 6

2115 4832 2385 4903 Xptor6g'
2424 4853 2441 4885 ι
2475 4833 2672 4903 Ἀμὴν,
2703 4832 2850 4904 ἀμὴν
2891 4832 3036 4900 λέγω
3069 4832 3218 4902 ὑμῖν,
3250 4828 3458 4899 ὲὰνκμὴ
3490 4828 3703 4898 φάγητε

2112 4925 2213 4995 τὴν
2239 4925 2418 4997 σάρκα
2445 4923 2538 4978 τοῦ
2571 4923 2698 4977 Υἱοῦ
2740 4923 2835 4976 τοῦ
2871 4921 3180 4994 ἀνθρώπου,
3210 4920 3304 4973 καὶ
3336 4918 3497 4989 πίητε
3534 4914 3702 4971 αὑτοῦ

2112 5017 2173 5069 τὸ
2201 5011 2357 5084 αἷμα,
2387 5017 2488 5071 ούκ
2509 5015 2661 5088 ἔχετε
2689 5016 2834 5087 ζωὴν
2875 5017 2930 5068 ὲν
2958 5015 3188 5077 ἑαυτοῖς.
3210 5030 3229 5063 ι
3261 5011 3432 5065 Τοῦτο
3464 5010 3521 5064 δὲ
3548 5005 3618 5079 ἦν
3641 5009 3704 5062 τὸ

2117 5108 2430 5179 μυστήριον,
2484 5108 2545 5160 ού
2572 5107 2723 5179 παρὰ
2758 5108 2871 5171 τοῖς
2903 5108 2959 5159 ὲν
2989 5106 3138 5177 νόμῳ
3169 5104 3351 5167 ποθὲν,
3387 5101 3521 5156 ἀλλά
3553 5102 3706 5172 παρὰ

2115 5202 2231 5263 τοῖς
2262 5199 2361 5271 τὴν
2394 5200 2577 5254 πίστιν
2636 5199 3065 5270 ἐκδεδεγμένοις,
3099 5197 3195 5251 καὶ
3228 5198 3285 5249 ὲν
3310 5192 3531 5266 Χριστῷ
3569 5192 3705 5247 δεδι-

2117 5293 2466 5363 καιωμένοις,
2499 5294 2596 5348 καὶ
2623 5295 2721 5366 τὴν
2761 5293 2969 5364 ἀμείνω
3004 5292 3102 5360 τῆς
3136 5289 3362 5359 νομικῆς
3399 5287 3702 5341 καταπλου-

2128 5384 2270 5440 τοῦσι
2332 5387 2633 5452 παίδευσιν,
2689 5387 2833 5459 φημὶ
2890 5385 2945 5439 δὲ
2997 5384 3096 5454 τὴν
3144 5381 3526 5450 εύαγγελικὴν.
3570 5378 3702 5432 Ὑπὸ

501 5563 550 5651 ’.ζ
579 5563 733 5651 lium.
771 5570 1045 5651 “tignis.”
1074 5570 1120 5651 ’ξ’
1150 5572 1318 5630 Exod.
1355 5592 1440 5651 ut,
1464 5576 1516 5631 5.
1560 5579 1605 5611 ⁷⁸
1649 5581 1806 5646 ibid.,
1833 5582 1882 5635 5.
1952 5582 1995 5613 "°

2106 5600 2213 5640 .Ltv
2256 5584 2524 5651 i;Galat.
2562 5586 2612 5650 4,
2638 5584 2726 5639 ΞἹ.
2784 5584 2827 5617 ⁸⁸
2853 5583 2995 5639 Psal.
3019 5598 3103 5647 cv,
3140 5577 3229 5634 53.
3305 5576 3351 5609 ⁸*
3385 5576 3554 5634 Hebr.
3590 5581 3700 5644 κβ.

433 5629 478 5661 ⁸³
512 5632 667 5688 item.
723 5651 799 5700 tu,
843 5629 931 5692 20.
1008 5641 1226 5698 “Joan.
1265 5662 1335 5706 γι.
1373 5629 1459 5700 53.
