4024 6198
485 286 592 342 ιιι)

1535 278 1590 334 S.
1633 275 1914 334 CYRILLI
1959 267 2427 336 ALEXANDRINI
2465 279 2784 338 ARCHIEP.

3662 299 3768 353 $20

479 399 888 456 ascriberentur
913 398 1097 464 electi,
1119 398 1368 466 adeoque
1390 394 1578 450 dilecti
1611 406 1838 464 propter
1859 401 2063 463 patres,

2169 390 2237 467 ἦν
2258 397 2556 464 ἀναγκαῖον
2588 400 2662 470 μὴ
2685 401 2798 464 τοῖς
2837 400 3078 467 ἀνοσίοις
3126 406 3308 473 γένεσι
3375 410 3769 466 συναπολέσθαι

479 497 653 563 legem
676 492 744 548 de
773 491 1038 547 Paschate
1062 490 1304 547 instituit
1327 490 1494 552 Deus,
1529 486 1844 556 Christique
1875 493 2076 557 myste-

481 584 625 638 rium
662 593 787 638 ante
830 583 965 636 iram
1007 582 1219 651 peragi,
1257 588 1407 634 recte
1439 578 1737 633 admodum
1790 576 2071 647 praecepit.

478 677 555 730 Ex
585 691 694 745 quo
714 690 910 730 rursus
938 673 1098 729 facile
1122 674 1398 744 intelligas
1437 686 1603 741 quam
1632 668 1970 740 impossibile
2006 667 2079 722 sit

477 783 576 836 per
601 767 787 821 Mosen
807 773 903 819 aut
927 766 1103 836 legem
1126 765 1334 820 aboleri
1364 770 1618 818 mortem.
1653 760 1761 816 Sed
1798 759 2076 830 pretiosus

476 861 682 915 Christi
730 861 952 931 sanguis
1007 869 1159 915 arcet
1206 859 1422 914 anobis
1467 857 1987 920 exterminatorem,
2019 862 2078 910 et

477 951 725 1006 vindieat
754 950 1124 1006 sanetifieatos
1151 967 1181 1004 a
1207 949 1586 1019 corruptione.
1629 948 1765 1002 Nam
1816 946 1932 1016 ipse
1961 947 2077 1002 vita

475 1053 561 1099 est
604 1061 672 1099 ex
704 1045 816 1098 vita
847 1051 903 1098 et
939 1045 1086 1098 Deus
1111 1043 1277 1114 hujus
1326 1043 1591 1106 universi,
1630 1051 1887 1111 tanquam
1929 1041 2075 1095 Deus

475 1153 544 1190 ex
574 1138 704 1191 Deo.
729 1137 808 1190 lta
832 1151 962 1206 ergo
996 1137 1073 1190 ait
1113 1151 1270 1189 sacra
1301 1133 1587 1204 Scriptura
1615 1151 1626 1186 :
1666 1153 1684 1183 ‹
1719 1133 1866 1187 Dixit
1889 1141 2071 1186 autem

476 1227 742 1280 Dominus
779 1225 846 1282 ad
880 1225 1067 1280 Mosen
1131 1233 1189 1280 et
1218 1224 1402 1279 Aaron
1434 1223 1489 1276 in
1523 1231 1668 1276 terra
1709 1221 1953 1292 IEgypti,
1987 1218 2073 1272 di-

477 1334 609 1373 cens
646 1318 882 1374 :Mensis
909 1317 1013 1372 iste
1046 1317 1205 1373 vobis
1237 1315 1568 1386 principium
1614 1313 1910 1378 mensium,
1955 1311 2074 1382 pri-

477 1425 601 1464 mus
623 1417 708 1464 est
728 1409 884 1464 vobis
910 1409 968 1463 in
990 1408 1273 1463 mensibus
1293 1407 1444 1460 anni.
1473 1405 1724 1475 Loquere
1752 1404 1817 1458 ad
1853 1417 2074 1458 omnem

477 1503 960 1573 congregationem
1013 1501 1254 1555 ﬁliorum
1307 1485 1472 1554 Israel
1500 1539 1514 1564 ,
1567 1497 1759 1552 dicens
1801 1515 1813 1548 :
1854 1496 2073 1550 Decima

477 1592 684 1646 mensis
712 1592 878 1662 hujus
911 1590 1147 1660 accipiat
1170 1587 1554 1658 unusquisque
1595 1597 1795 1656 agnum
1829 1599 1929 1654 per
1970 1583 2070 1638 do-

476 1701 598 1741 mos
617 1684 970 1749 familiarum,
990 1697 1190 1754 agnum
1213 1697 1312 1752 per
1334 1680 1580 1734 domum.
1601 1678 1657 1733 Si
1679 1687 1862 1732 autem
1912 1677 2069 1747 pauci

476 1778 684 1833 fuerint
717 1777 812 1847 qui
861 1777 916 1830 in
961 1775 1160 1839 domo,
1200 1781 1262 1827 ut
1313 1789 1422 1828 non
1467 1770 1806 1832 sufficientes
1851 1769 1958 1823 sint
2004 1769 2072 1822 ad

474 1884 696 1940 agnum,
720 1875 962 1922 assumet
981 1882 1169 1922 secum
1182 1865 1426 1920 vicinum
1455 1863 1766 1933 proximum
1785 1875 1946 1915 suum
1973 1860 2065 1912 -“¹.›

475 1963 639 2033 266
666 1960 874 2016 Deinde
926 1974 1059 2014 vero
1116 1973 1240 2013 cum
1291 1955 1568 2012 definierit
1607 1951 1884 2023 quomodo
1925 1950 2071 2006 acci-

474 2054 710 2125 piendus
727 2055 1010 2123 sitagnus,
1034 2049 1344 2122 praescribit
1370 2063 1563 2102 rursus
1601 2045 1780 2116 qualis
1818 2059 1939 2098 esse
1973 2042 2072 2098 de-

475 2148 621 2211 beat,
665 2146 794 2200 item
835 2144 1058 2215 quando
1110 2151 1165 2197 et
1213 2139 1490 2212 quomodo
1536 2140 1608 2193 sit
1656 2135 2066 2191 immolandus:

482 2257 500 2287 ‹
547 2237 630 2292 Sit
663 2237 832 2302 enim,
865 2236 1062 2305 inquit,
1091 2249 1264 2306 agnus
1298 2231 1599 2303 perfectus,
1637 2227 1937 2291 masculus,
1970 2226 2072 2280 im-

476 2331 802 2394 maculatus,
821 2328 1112 2383 anniculus
1139 2326 1248 2382 erit
1272 2325 1450 2389 vobis,
1479 2324 1548 2378 ab
1572 2321 1729 2393 agnis
1759 2330 1816 2376 et
1850 2321 1918 2374 ab
1959 2320 2070 2374 ha:-

459 2415 562 2474 dis
595 2419 900 2489 accipietis,
926 2427 982 2472 et
1000 2417 1108 2472 erit
1128 2416 1286 2471 vobis
1316 2424 1568 2470 servatus
1593 2428 1768 2482 usque
1809 2411 1872 2466 ad
1899 2427 2067 2481 quar-

477 2519 584 2564 tam
613 2509 880 2564 decimam
933 2507 1139 2562 mensis
1191 2507 1358 2576 hujus
1401 2523 1412 2557 :
1449 2511 1508 2559 et
1535 2502 1899 2557 immolabunt
1939 2517 2066 2556 eum

474 2602 652 2656 omnis
674 2599 969 2654 multitudo
996 2597 1438 2669 congregationis
1485 2595 1726 2648 filiorum
1776 2592 1946 2648 Israel
1999 2593 2066 2648 ad

477 2708 778 2763 vesperam.
822 2691 892 2746 Et
928 2689 1203 2760 accipient
1245 2687 1314 2742 de
1353 2684 1618 2756 sanguine
1641 2725 1654 2749 ,
1689 2693 1745 2738 et
1769 2690 1975 2754 ponent
2010 2683 2066 2736 in

474 2787 691 2842 duobus
714 2784 984 2855 postibus,
1009 2791 1066 2837 et
1112 2797 1278 2851 super
1299 2779 1468 2834 limen
1493 2778 1547 2832 in
1580 2776 1837 2831 domibus
1867 2775 1920 2829 in
1940 2773 2073 2844 quia

2107 1737 2148 1791 Β

2179 489 2305 553 τοὺς
2338 490 2768 562 ἐξειλεγμένους,
2791 493 2979 566 ἀγάπῃ
3012 499 3079 567 τῇ
3109 497 3198 552 διὰ
3227 499 3352 564 τοὺς
3384 502 3645 573 πατέρας,
3672 504 3768 557 τὸν

2179 580 2268 633 ἐπὶ
2304 580 2397 634 τοῦ
2425 581 2619 653 Πάσχα
2647 583 2810 653 νόμον
2841 585 3094 640 διετύπου
3123 587 3276 652 Θεόςσ
3313 592 3484 644 καὶτὸ
3512 592 3608 645 τοῦ
3633 595 3768 666 Χρι-

2179 672 2308 727 στοῦ
2345 675 2644 747 μυστήριον
2685 678 3257 749 προάποπεραίνεσθαι
3300 682 3402 752 τῆς
3454 684 3624 756 ὀργῆς
3662 690 3768 758 μά-

2177 763 2246 817 λα
2304 767 2665 838 προστέταχε.
2717 761 2882 822 Διόῦ
2929 770 3092 824 πάλιν
3145 773 3414 843 παρέσται
3472 780 3638 839 νοεῖν,
3694 786 3771 843 ὡς
3860 798 3863 800 ·

2177 855 2328 910 ἔστιν
2362 859 2651 929 ἀμήχανον
2691 860 2782 915 διὰ
2815 862 3061 926 Μωσέως
3093 864 3125 935 ἢ
3154 865 3322 934 νόμου
3372 872 3769 940 καταργεῖσυαι

2179 947 2430 1003 θάνατον.
2466 951 2742 1023 Ἐξίστησι
2767 953 2824 1006 δὲ
2857 954 2950 1006 τὸν
2979 954 3305 1028 ὁλοθρευτήν
3335 959 3396 1012 τὸ
3426 959 3610 1029 τίμιον
3635 959 3771 1033 αἷμα

2176 1039 2271 1093 τοῦ
2303 1041 2564 1112 Χριστοῦ,
2599 1043 2694 1097 καὶ
2737 1044 3068 1099 ἀπαλλάττει
3103 1047 3308 1120 φθορᾶς
3337 1051 3465 1114 τοὺς
3505 1053 3772 1124 ἡγιασμέ-

2182 1153 2321 1199 νους.
2347 1133 2469 1204 Ζωὴ
2494 1134 2613 1205 γάρ
2635 1137 2785 1189 ἐστιν
2808 1138 2872 1190 ὲκ
2894 1137 3064 1208 ζωῆς,
3091 1141 3182 1192 καὶ
3208 1141 3340 1206 Θεὸς
3369 1142 3478 1196 τῶν
3510 1144 3668 1206 ὅλων,
3696 1147 3772 1209 ὡς

2176 1227 2309 1290 Θεὸς
2339 1227 2404 1280 ὲκ
2427 1226 2585 1282 Θεοῦ.
2613 1227 2759 1300 Ἔφη
2793 1230 2971 1283 τοίνυν
3001 1224 3102 1284 ὧδε
3129 1231 3193 1284 τὸ
3223 1233 3464 1304 Γράμμα
3493 1235 3558 1289 τό
3593 1238 3736 1308 ἱερόν
3755 1255 3767 1267 ·

2181 1335 2202 1370 ι
2227 1320 2336 1372 Kal.
2373 1314 2496 1372 εἷπε
2543 1319 2748 1391 Κύριος
2795 1321 2934 1392 πρὸς
2978 1323 3185 1393 Μωσῆν
3210 1325 3304 1377 καὶ
3345 1326 3560 1398 Ἀαρὼν
3608 1330 3665 1382 ὲν
3699 1333 3772 1400 Th

2177 1410 2476 1479 Αἰγύπτου,
2511 1410 2715 1480 λέγων’
2757 1412 2818 1464 Ὀ
2856 1413 2964 1484 μὴν
3005 1407 3161 1477 οὗτος
3209 1416 3337 1486 ὑμῖν
3379 1417 3523 1489 ἀρχὴ
3562 1421 3770 1490 μηνῶν,

2175 1501 2392 1572 πρῶτος
2417 1502 2545 1572 ύμῖν
2573 1504 2720 1554 ἐστιν
2747 1504 2806 1555 ὲν
2845 1506 2957 1567 τοῖς
2993 1506 3127 1576 μησί
3157 1505 3252 1560 τοῦ
3279 1507 3554 1563 ἐνιαυτοῦ.
3584 1512 3772 1582 Λάλη-

2177 1607 2268 1670 σον
2306 1591 2443 1662 πρὸς
2490 1594 3038 1665 πᾶσαννσυναγωγην
3085 1596 3220 1650 υἱῶν
3264 1599 3510 1671 Ἰσραὴλ,
3560 1600 3768 1670 λέγων’

2177 1683 2256 1756 Τῇ
2305 1686 2509 1759 δεκάτῃ
2563 1687 2657 1740 τοῦ
2714 1689 2881 1760 μηνὸς
2936 1690 3130 1744 τούτου
3182 1692 3498 1748 λαϐέτωσαν
3540 1696 3771 1763 ἕκαστος

2176 1777 2448 1850 πρόϐατον
2474 1780 2595 1833 κατ’
2621 1781 2804 1844 οἴκους
2837 1784 3104 1853 πατριῶν,
3123 1786 3391 1857 πρόϐατον
3421 1791 3542 1842 κατ’
3567 1791 3770 1848 οἰκίαν.

2188 1871 2313 1924 Ἐὰν
2342 1871 2398 1925 δὲ
2429 1872 2699 1940 όλιγοστοὶ
2729 1868 2861 1927 ὦσιν
2892 1876 2940 1928 οἱ
2969 1877 3026 1930 ὲν
3058 1881 3124 1949 τῇ
3158 1880 3325 1952 οἰκίᾳ,
3350 1881 3427 1946 ὡς
3449 1882 3523 1953 μὴ
3549 1884 3774 1950 ἱκανοὺς

2174 1958 2312 2016 εἶναι
2341 1965 2420 2026 εἰς
2444 1963 2742 2034 πρόϐατον,
2767 1965 2998 2035 λήψεται
3033 1969 3150 2038 μεθ’
3176 1971 3374 2025 ἑαυτοῦ
3419 1973 3510 2027 τὸν
3546 1976 3774 2043 γείτονα

2171 2055 2263 2109 τὸν
2291 2057 2519 2123 πλησίον
2551 2057 2736 2111 αὐτοῦ.
2765 2076 2781 2107 ι
2810 2054 2943 2112 Εἶτα
2972 2063 3172 2132 χρῆναι
3203 2062 3389 2118 λαϐεῖν
3417 2067 3772 2137 ὁρισάμενος,

2172 2147 2540 2201 ἐπιδιατάττει
2577 2149 2739 2202 πάλιν
2791 2150 2976 2204 ὁποῖον
3012 2151 3077 2222 δὴ
3112 2148 3249 2206 εἶναι
3281 2157 3552 2226 προσήκει
3578 2157 3641 2210 τὸ
3671 2158 3774 2212 θῦ-

2175 2256 2272 2308 μα,
2299 2239 2540 2309 ὁπηνίκα
2566 2257 2624 2293 τε
2658 2240 2754 2293 καὶ
2783 2241 2932 2307 ὅπως
2965 2243 3367 2315 ἱερουργεῖσθαι
3391 2246 3599 2319 δεήσει.
3630 2271 3649 2302 ι
3669 2240 3777 2305 Τέ-

2169 2329 2314 2382 λειον
2338 2331 2467 2402 γὰρ,
2502 2331 2688 2402 φησιν,
2721 2331 2974 2403 ἄμωμον,
3004 2335 3272 2390 ἐνιαύσιον
3301 2339 3453 2395 ἔσται
3484 2341 3636 2410 ύμῖν,
3658 2345 3775 2396 ἀπὸ

2168 2421 2280 2475 τῶν
2313 2423 2502 2492 ἀμνῶν
2525 2423 2619 2477 καὶ
2653 2424 2760 2477 ἀπὸ
2793 2425 2900 2477 τῶν
2930 2427 3133 2497 ἐρίφων
3179 2428 3440 2501 λήψεσθε,
3483 2435 3577 2487 καὶ
3615 2437 3773 2490 ἔσται

2171 2509 2299 2580 ὑμῖν
2340 2510 2801 2584 διατετηρημένον
2859 2515 2964 2580 ἕως
3015 2522 3621 2596 τεσσαρεσκαιδεκάτης
3672 2528 3773 2581 τοῦ

2171 2601 2340 2673 μηνὸς
2355 2601 2571 2656 τούτου.
2596 2604 2704 2657 Kal.
2722 2604 3018 2672 σφάξουσιν
3045 2610 3178 2664 αὐτὸ
3204 2614 3314 2667 πᾶν
3329 2614 3390 2668 τὸ
3407 2615 3615 2687 πλῆθος
3641 2636 3777 2674 συν-

2168 2693 2394 2764 αγωγῆς
2437 2694 2570 2748 υἱῶν
2608 2697 2823 2767 Ἰσραὴλ
2867 2699 3002 2773 πρὸς
3044 2703 3312 2775 ἑσπέρανο
3363 2708 3456 2760 καὶ
3503 2709 3773 2780 λήψονται

2167 2783 2275 2837 ἀπὸ
2294 2783 2388 2837 τοῦ
2414 2785 2665 2855 αἵματος,
2691 2787 2784 2840 καὶ
2805 2787 3066 2860 θήσουσιν
3096 2794 3190 2847 ὲπί
3217 2796 3327 2848 τῶν
3357 2796 3450 2851 δύο
3483 2799 3772 2871 σταθμῶν,

476 2879 580 2932 bus
618 2874 964 2931 comederint
1011 2873 1103 2927 illa
1154 2871 1209 2925 in
1253 2869 1502 2939 ipsiszet
1535 2866 1831 2922 comedent
1868 2879 2066 2920 carnes

2169 2876 2260 2928 καὶ
2282 2874 2376 2929 ἐπὶ
2401 2876 2499 2947 τὴν
2531 2876 2690 2946 φλιὰν
2722 2879 2780 2932 έν
2813 2883 2923 2946 τοῖς
2956 2885 3127 2948 οἴκοις
3149 2887 3206 2938 έν
3239 2881 3322 2951 οἷς
3348 2890 3596 2958 φάγωσιν
3623 2866 3771 2947 αὐτὰ

477 2968 578 3021 hac
604 2975 765 3020 nocte
789 2979 941 3020 assas
967 2963 1099 3034 igni,
1127 2969 1181 3016 et
1229 2975 1418 3031 azyma
1452 2974 1577 3013 eum
1627 2957 1819 3013 herbis
1862 2955 2066 3012 amaris

2169 2966 2226 3062 έν
2255 2967 2457 3062 αὐτοῖς.
2499 2968 2609 3062 Kal
2630 2969 2898 3062 ,φάγονται
2938 2973 3005 3025 τὰ
3037 2977 3179 3046 κρέα
3216 2977 3276 3028 ὲν
3300 2955 3371 3050 τῇ
3401 2955 3559 3034 νυκτί
3584 2983 3770 3058 ταύτῃ

474 3056 785 3112 comedent.
815 3054 934 3109 Non
961 3050 1261 3108 comedetis
1285 3050 1354 3104 ab
1379 3048 1458 3104 eis
1481 3048 1736 3111 crudum,
1767 3062 1948 3115 neque
1973 3060 2065 3100 eo—

2169 3057 2308 3111 όπτά
2327 3059 2477 3129 πυρὶ,
2499 3059 2590 3112 καὶ
2605 3059 2707 3124 ago
2714 3079 2790 3132 μα
2801 3063 2894 3116 ἐπὶ
2920 3043 3182 3136 πικρίδων
3199 3043 3425 3124 ἔδονται.
3443 3072 3566 3128 Ούκ.
3579 3043 3771 3129 ἐδεσθῖ

473 3157 622 3204 ctum
647 3149 701 3202 in
726 3161 886 3217 aqua,
921 3144 1016 3200 sed
1056 3151 1265 3197 tantum
1297 3157 1416 3196 assa
1441 3140 1573 3210 igni,
1609 3148 1772 3209 caput
1803 3155 1930 3194 eum
1962 3155 2059 3209 pe-

474 3240 636 3295 dibus
666 3247 722 3293 et
759 3237 1054 3292 intestinis.
1098 3236 1217 3289 Non
1265 3232 1593 3302 relinquetis
1617 3249 1686 3287 ex
1717 3233 1851 3302 ipsis
1886 3248 2061 3303 usque

473 3329 544 3384 ad
584 3344 764 3392 mane,
791 3335 848 3381 et
886 3343 950 3381 os
974 3343 1082 3380 non
1106 3325 1460 3395 confringetis
1481 3325 1652 3380 abeo.
1685 3325 1754 3379 At
1785 3325 1975 3381 relicta
1994 3342 2063 3380 ex

473 3437 542 3476 eo
586 3416 759 3490 usque
800 3420 867 3473 ad
919 3433 1100 3481 mane,
1149 3417 1272 3488 igne
1310 3417 1648 3472 comburetis
1668 3417 1732 3470 ⁸⁸.
1769 3436 1785 3468 ι
1814 3417 2063 3473 Posthac

475 3522 659 3568 autem
683 3510 1242 3581 ostenditlegislator,
1271 3509 1365 3579 qui
1389 3510 1613 3564 habitus
1643 3509 1836 3564 deceat
1868 3510 2059 3564 eonvi-

475 3619 592 3669 vas,
616 3612 672 3658 et
701 3603 863 3657 docet
897 3617 1008 3671 quo
1039 3610 1200 3672 pacto
1233 3609 1453 3671 paratos
1501 3599 1909 3671 instructosque
1941 3617 2062 3656 esse

473 3702 746 3765 oporteat,
777 3693 873 3762 qui
907 3693 1012 3746 hoc
1051 3691 1458 3747 sanctissimum
1493 3691 1808 3745 convivium
1841 3691 2058 3745 adeant.

474 3787 730 3842 Aitenim
762 3804 774 3838 :
806 3804 823 3836 ι
856 3784 948 3840 Sic
988 3793 1173 3838 autem
1195 3782 1472 3838 comedite
1522 3783 1677 3837 illum
1707 3801 1721 3848 ;
1748 3783 1860 3837 sint
1881 3782 2058 3837 lumbi

475 3879 648 3935 vestri
679 3877 984 3949 praecincti,
1019 3883 1076 3930 et
1111 3876 1481 3931 calceamenta
1509 3875 1566 3928 in
1587 3874 1822 3945 pedibus
1839 3874 2062 3940 vestris,

472 3980 531 4027 et
550 3970 730 4026 baculi
749 3970 808 4024 in
844 3969 1102 4023 manibus
1139 3967 1360 4032 vestris,
1387 3977 1443 4022 et
1461 3965 1764 4022 comedetis
1789 3982 1916 4022 eum
1937 3981 2062 4021 cum

475 4062 847 4118 festinatione.
879 4060 1086 4114 Pascha
1123 4060 1272 4115 enim
1305 4067 1390 4113 est
1433 4057 1740 4113 Domini”.
1778 4079 1796 4110 ι
1845 4059 2068 4114 Juvabit

2164 3149 2260 3204 ἀπ’
2285 3149 2465 3202 αὐτῶν
2508 3151 2679 3222 ὠμὸν,
2709 3154 2830 3207 οὐδὲ
2858 3155 3129 3227 έψημένον
3156 3160 3214 3213 ὲν
3259 3160 3434 3226 ὕδατι,
3623 3168 3770 3222 ὀπτά

2163 3239 2319 3310 πυρὶ,
2341 3241 2579 3310 κεφαλὴν
2615 3245 2712 3296 σὺν
2736 3247 2846 3308 τοῖς
2877 3248 3024 3312 ποσὶ,
3057 3250 3151 3302 καὶ
3179 3254 3292 3314 τοῖς
3311 3253 3627 3321 ἐνδοσθίοις.
3649 3258 3768 3312 Οὐκ

2162 3331 2483 3401 ἀπολείψετε
2505 3335 2599 3386 ἀπ’
2637 3335 2802 3390 αὑτοῦ
2826 3338 2906 3402 εἰς
2925 3339 2984 3392 τὸ
3011 3341 3178 3412 πρωῒ,
3201 3344 3297 3397 καὶ
3334 3346 3524 3401 ὀστοῦν
3546 3350 3607 3402 ού
3633 3366 3765 3405 συν-

2163 3423 2385 3494 τρίψετε
2416 3425 2510 3478 ἀπ’
2547 3427 2738 3481 αὐτοῦ.
2780 3429 2861 3485 Τὰ
2890 3429 2947 3483 δὲ
2977 3433 3419 3507 καταλειπόμενα
3457 3440 3554 3493 ἀπ’
3592 3443 3765 3497 αὑτοῦ

2163 3514 2268 3578 ἓως
2320 3515 2486 3587 πρωῒ,
2521 3519 2896 3574 κατακαύσετε
2930 3524 3082 3595 πυρί.
3105 3544 3124 3575 ι
3171 3527 3398 3598 Ἐπάγει
3430 3531 3490 3584 δὲ
3547 3533 3767 3599 τούτοις

2168 3608 2197 3658 ὁ
2230 3607 2530 3680 νομοθέτης
2561 3609 2631 3665 τὰ
2667 3611 2893 3682 ἐφεξῆς,
2932 3613 3117 3669 ὁποῖόν
3155 3634 3215 3671 τε
3248 3614 3387 3675 εἶναι
3417 3622 3620 3693 πρέπει
3651 3627 3766 3681 τῶν

2163 3695 2501 3767 δαιτυμόνων
2549 3700 2611 3753 τὸ
2672 3702 2862 3771 σχῆμα
2900 3703 3193 3772 διδάσκων,
3237 3710 3332 3763 καὶ
3379 3711 3502 3766 τίνα
3552 3714 3765 3786 τρόπον

2164 3787 2590 3861 ὲξηρτισμένους
2634 3793 2734 3863 τῆς
2784 3794 3084 3867 ἱερωτάτης
3115 3797 3386 3854 ἅπτεσθαι
3413 3804 3600 3874 κοίνης
3629 3805 3765 3859 ἀκό-

2166 3879 2353 3932 λουθον
2393 3881 2610 3947 αύτούς.
2659 3901 2678 3936 ι
2723 3883 2881 3938 Οῦτω
2936 3887 3047 3958 γάρ
3089 3889 3331 3959 φάγεσθε
3393 3895 3547 3961 αὐτὸ,
3597 3897 3758 3968 φησί’

2171 3968 2455 4022 Ἔστωσαν
2490 3970 2644 4040 ὑμῶν
2691 3975 2744 4026 αἱ
2794 3974 2996 4044 ὀσφύες
3050 3979 3510 4052 περιεζωσμέναι,
3546 3986 3642 4040 καὶ
3687 3985 3760 4038 τά

2168 4058 2492 4130 ὑποδήματα
2518 4063 2576 4115 ἐν
2605 4065 2717 4127 τοῖς
2750 4067 2909 4118 ποσὶν
2947 4067 3121 4138 ὑμῶν,
3154 4071 3252 4125 καὶ
3281 4074 3338 4126 αἰ
3370 4073 3670 4147 βακτηρίαι
3697 4079 3759 4131 έν

474 4162 658 4210 autem
677 4169 794 4217 eos,
827 4153 868 4206 si
894 4163 1018 4222 apte
1041 4152 1285 4206 declaret
1319 4152 1678 4221 quamobrem
1723 4153 1827 4207 ista
1867 4153 2065 4206 immo-

2169 4152 2287 4213 ταῖς
2319 4152 2506 4223 χερσὶν
2541 4154 2723 4224 ὑμῶν·
2760 4158 2853 4210 καὶ
2905 4158 3088 4213 ἕδεσθε
3123 4163 3256 4216 αὐτὸ
3309 4167 3447 4234 μετὰ
3490 4170 3753 4241 σπουδῆς.

476 4241 609 4296 latio
634 4241 707 4295 sit
738 4240 991 4294 instituta
1017 4257 1028 4292 :
1074 4258 1091 4289 ι
1122 4240 1189 4294 Et
1232 4239 1499 4303 transibo,
1531 4241 1628 4303 ait,
1662 4250 1862 4295 terram
1900 4240 2066 4312 [Egy-

477 4333 579 4403 pti,
619 4341 675 4389 et
703 4331 1010 4402 percutiam
1041 4346 1234 4386 omnes
1267 4330 1695 4401 primogenitum
1748 4332 1817 4386 ab
1845 4333 2066 4388 homine

2171 4241 2366 4312 Πάσχα
2401 4243 2511 4314 γάρ
2534 4245 2651 4298 ἐστι
2687 4248 2916 4319 Κυρίου.
2945 4269 2963 4301 ι
3012 4251 3295 4325 Ὠφελήσει
3322 4256 3379 4310 δὲ
3411 4258 3630 4322 αὐτοὺς,
3658 4263 3756 4314 καὶ

2171 4333 2312 4387 κατὰ
2329 4334 2448 4387 τίνα
2469 4337 2712 4409 τρόπονή
2730 4339 2823 4392 τοῦ
2848 4341 3122 4412 προϐάτου
3139 4345 3343 4417 σφαγὴ,
3361 4348 3541 4412 καλῶς
3555 4350 3612 4402 δὲ
3632 4351 3755 4404 λίαν

481 4442 652 4496 usque
693 4425 761 4480 ad
786 4441 973 4495 pecus,
996 4425 1242 4496 adeoque
1283 4425 1337 4479 in
1361 4423 1618 4479 omnibus
1645 4423 1750 4478 diis
1777 4423 2060 4497 Egyptio-

2169 4426 2501 4496 ἀπογυμνῶν
2524 4444 2537 4458 ο
2573 4447 2590 4479 ο
2612 4431 2723 4484 Kal
2750 4432 3094 4505 διελεύσομαι
3124 4439 3181 4491 έν
3227 4442 3298 4510 γῇ
3326 4440 3623 4509 Αἰγύπτου,
3656 4445 3753 4498 καὶ

480 4534 601 4574 rum
627 4518 818 4573 faciam
858 4517 1144 4583 ultionem,
1171 4533 1272 4588 ego
1303 4516 1586 4572 Dominus.
1614 4516 1681 4570 Et
1709 4517 1815 4570 erit
1844 4518 2064 4585 sanguis

2169 4533 2277 4570 πατ
2293 4516 2406 4584 άξω
2430 4520 2538 4572 πᾶν
2566 4523 2911 4592 πρωτότοκον
2943 4526 3053 4580 ἀπὸ
3074 4529 3362 4601 ἀνθρώπου
3378 4532 3482 4595 ἕως
3495 4535 3748 4605 κτήνους,

479 4609 638 4663 vobis
668 4609 724 4662 in
749 4607 986 4676 signum,
1019 4607 1075 4660 in
1099 4607 1374 4670 domibus,
1417 4607 1471 4660 in
1501 4606 1704 4676 quibus
1741 4623 1838 4662 vos
1885 4608 2061 4674 eritis,

482 4700 595 4754 illic
635 4707 691 4754 et
726 4697 927 4751 videbo
950 4699 1292 4769 sanguinem,
1337 4707 1392 4753 et
1417 4706 1696 4769 protegam
1727 4715 1846 4764 vos,
1871 4708 1929 4754 et
1953 4717 2062 4755 non

479 4793 588 4848 erit
615 4791 670 4845 in
696 4791 853 4845 vobis
872 4791 1026 4861 plaga
1049 4799 1110 4844 nt
1134 4789 1452 4853 deleamini,
1493 4790 1712 4859 quando
1739 4805 2065 4859 percussero

480 4894 688 4940 terram
722 4883 936 4955 [Egypti
959 4885 1025 4937 νο.
1063 4903 1080 4934 ι
1132 4883 1341 4938 Deinde
1377 4898 1569 4937 rursus
1598 4900 1610 4934 :
1656 4900 1674 4933 ι
1704 4881 1810 4936 Per
1854 4889 2064 4949 septem

479 4975 618 5041 dies,
645 4975 740 5039 ait,
765 4975 1065 5041 comedetis
1081 4990 1286 5046 azyma.
1312 4974 1370 5028 ln
1393 4973 1570 5044 primo
1590 4971 1679 5027 die
1706 4971 2063 5027 submovebi-

481 5070 552 5125 tis
566 5070 893 5125 fermentum
915 5085 946 5124 e
968 5069 1226 5123 domibus
1242 5067 1442 5122 vestris
1458 5067 1525 5119 ³⁸.
1540 5085 1556 5116 ι
1589 5065 1655 5121 Et
1675 5072 1879 5141 statuta
1902 5080 2063 5135 penna

477 5174 670 5215 eorum
691 5160 784 5231 qui
812 5160 1291 5231 transgrediuntur
1314 5161 1455 5213 hanc
1483 5157 1680 5227 legem,
1717 5155 1909 5210 addit:
1947 5175 1964 5206 ‹
1997 5156 2065 5211 Et

480 5251 692 5320 primus
708 5251 829 5307 dies
847 5252 1134 5307 vocabitur
1158 5260 1399 5314 sanctus,
1415 5258 1471 5304 et
1494 5249 1625 5303 item
1655 5247 1774 5303 dies
1797 5249 2062 5319 septimus

477 5339 584 5393 erit
616 5338 774 5394 vobis
807 5345 1030 5394 sanctus
1051 5341 1118 5391 9':
1151 5360 1167 5389 ι
1195 5339 1450 5393 Divinum
1471 5336 1692 5406 quidem
1717 5337 1955 5408 elogium
1985 5340 2059 5393 ita

480 5430 665 5486 habet.
706 5432 816 5486 Nos
847 5441 1028 5487 autem
1075 5447 1296 5487 rursum
1317 5429 1645 5486 conabimur
1672 5445 1833 5484 suum
1863 5431 2062 5502 cuique

479 5535 698 5576 sensum
720 5524 1137 5578 convenientem
1161 5523 1528 5594 particulatim
1549 5521 2061 5587 aceommodare,si-

480 5613 859 5681 gnificatorum
873 5616 981 5669 vim
996 5616 1348 5671 multifariam
1364 5615 1432 5670 ad
1441 5614 1723 5671 Christum
1737 5613 2058 5670 referentes.

2163 4606 2221 4657 ὲν
2246 4607 2379 4658 πᾶσι
2407 4610 2520 4671 τοῖς
2546 4608 2690 4672 θεοῖς
2706 4610 2814 4664 τῶν
2840 4614 3154 4682 Αἰγυπτίων
3177 4619 3389 4688 ποιήσω
3404 4617 3500 4689 τὴν
3526 4619 3750 4692 ἐκδίκη-

2167 4715 2267 4750 σιν·
2289 4696 2400 4766 ἐγὼ
2415 4699 2640 4772 Κύριος.
2667 4703 2776 4756 Kal.
2795 4704 2946 4758 ἔσται
2968 4707 3096 4776 ύμῖν
3116 4709 3172 4760 ἐν
3191 4710 3400 4780 σημείῳ
3415 4709 3474 4762 τὸ
3491 4704 3633 4781 αἷμα
3653 4713 3749 4767 ἐπὶ
3815 4711 3824 4737 '

2163 4790 2272 4843 τῶν
2296 4791 2481 4845 οἰκιῶν
2499 4794 2527 4846 ύ
2536 4792 2672 4864 μῶν,
2688 4797 2744 4849 ὲν
2763 4791 2849 4860 αἷς
2872 4798 3028 4868 ὑμεῖς
3045 4798 3234 4854 ἔσεσθε
3257 4803 3392 4856 ἐκεῖ.
3414 4803 3523 4856 Καὶ
3542 4804 3748 4874 ὂψομαι

2161 4885 2223 4938 τὸ
2261 4879 2422 4956 αἷμα,
2468 4887 2562 4940 καὶ
2593 4889 2850 4943 σκεπάσω
2879 4891 3044 4962 ὑμᾶς,
3074 4894 3166 4945 καὶ
3213 4894 3311 4947 οὐκ
3344 4894 3497 4948 ἔσται
3531 4897 3589 4949 έν
3618 4897 3747 4966 ὑμῖν

2164 4976 2349 5048 πληγὴ
2379 4978 2470 5032 τοῦ
2493 4980 2836 5050 ὲκτριϐἧναι,
2863 4983 2990 5038 ὅταν
3035 4983 3182 5038 παίω
3206 4987 3263 5038 έν
3286 4989 3356 5057 γῇ
3399 4986 3700 5056 Αἰγύπτου.
3721 5007 3739 5038 ι

2164 5061 2298 5119 Εἶτα
2319 5068 2482 5121 πάλιν
2505 5069 2622 5138 μεθ’
2641 5069 2824 5140 έτερα·
2852 5091 2870 5122 ι
2895 5071 3066 5126 Ἑπτὰ
3091 5075 3304 5146 ἡμέρας
3332 5077 3515 5132 ἕδεσθε
3538 5079 3744 5149 ἄζυμα.

2165 5157 2348 5226 φησὶν,
2371 5159 2479 5211 ἀπὸ
2504 5160 2560 5213 δὲ
2596 5161 2695 5232 τῆς
2742 5163 2987 5233 πρώτης,
3025 5167 3305 5235 ἀφανιεῖτε
3337 5169 3518 5242 ζύμην
3545 5174 3610 5226 ὲκ
3639 5173 3747 5227 τῶν

2163 5248 2350 5302 οἰκιῶν
2374 5249 2549 5320 ὑμῶν.
2578 5270 2596 5302 ›
2637 5255 2747 5306 Kal
2768 5253 2864 5326 τὴν
2880 5255 2975 5309 τοῦ
3011 5259 3442 5329 παραϐαίνοντος
3469 5266 3745 5334 τιμωρίαν

2159 5341 2502 5412 ὁρισάμενος,
2532 5345 2775 5414 ἐπιλέγει
2795 5347 2974 5401 πάλιν·
3019 5369 3038 5401 ι
3067 5351 3177 5406 Kal.
3209 5354 3241 5423 ἡ
3271 5355 3455 5424 ἡμέρα
3484 5358 3518 5424 ἡ
3553 5360 3744 5427 πρώτη

2161 5432 2482 5504 κεκλήσεται
2515 5437 2668 5504 ἁγία,
2703 5443 2798 5492 καὶ
2829 5442 3012 5515 ἡμέρα
3057 5447 3089 5516 ἡ
3129 5447 3353 5518 ἑϐδόμη,
3390 5449 3563 5518 κλητὴ
3613 5451 3744 5516 ἁγέα

2160 5523 2312 5578 ἔσται
2346 5526 2495 5596 ὑμῖν.
2523 5546 2542 5578 ι
2582 5529 2656 5582 Τὸ
2704 5531 2803 5602 μὲν
2849 5533 2912 5602 δὴ
2960 5534 3101 5590 θεῖον
3152 5537 3332 5608 λόγιον
3366 5539 3539 5603 οῦτως
3599 5543 3739 5611 ἔχει·

2159 5616 2457 5682 διελθόντες
2506 5619 2562 5673 δὲ
2599 5622 2759 5676 πάλιν
2813 5626 2916 5679 ἀνὰ
2961 5629 3128 5700 μέρος
3170 5631 3320 5694 αὐτὸ,
3380 5633 3470 5686 τὸν
3527 5633 3741 5701 ἑκάστῳ

507 5727 921 5831 famam.
965 5733 1082 5786 1-4.
1159 5729 1712 5800 "Exod.xri,6-10.
1791 5729 2135 5799 "ibid.,ll.
2213 5733 2260 5764 ὀ
2317 5732 2474 5802 ibid.,
2530 5735 2743 5803 12,15.
2823 5743 2862 5774 οι
2902 5741 3180 5808 ibid.,15.
3260 5747 3303 5778 ει
3349 5747 3508 5811 nam,
3566 5748 3652 5803 ιθ.
