4024 6198
337 201 435 260 821
1361 204 1881 265 GLAPHYRORUM
1919 205 1988 262 IN
2029 204 2314 263 EXODUM
2354 207 2484 264 LIB.
2528 206 2595 266 li.
3520 216 3627 272 ‘22

336 323 618 395 πρέποντα
663 324 790 382 νοῦν
821 326 1135 398 ιφαρμόσαι
1181 327 1520 399 πειράσομαι
1551 326 1680 398 [leg.
1712 322 2141 397 πειρασόμεθαῙ,
2169 324 2272 397 τὴν
2316 326 2383 379 ὲκ
2414 324 2528 379 τῶν
2564 328 2980 398 σημαινομέιων
3012 327 3240 401 δύναμιν
3267 332 3623 404 πολυτρόπως

330 423 408 483 εἰς
449 421 615 476 αὑτὸν
651 422 1020 494 ἀναφέροντες
1050 423 1144 476 τὸν
1171 422 1428 494 Χριστόν.

400 512 467 583 β’.
486 512 765 584 Ὀρίζεται
794 515 976 568 τοίνυν
1001 516 1061 569 ὲν
1086 515 1228 586 ἀρχῇ
1262 512 1356 568 τοῦ
1390 512 1567 577 ἔτους,
1586 514 1645 567 ἐν
1672 511 1755 583 τῷ
1778 509 1909 583 πρῶ

2007 564 2008 567 η
2104 506 2159 562 2.
2184 507 2598 563 Deterrninatur
2646 509 2833 578 itaque
2869 509 2924 562 iu
2952 508 3230 580 principio
3267 513 3419 579 anni,
3465 522 3524 570 et
3564 518 3620 573 ln

326 626 405 679 τῳ
443 608 599 678 μηνὶ,
629 607 731 678 τῆς
763 606 1040 678 ἰερουγίας
1068 610 1098 661 ό
1130 608 1352 679 καιρός·
1390 607 1533 680 ἀρχὴ
1560 607 1673 679 γὰρ
1705 607 1909 661 πάντωπ

2026 600 2209 671 primo
2249 615 2439 656 mense
2474 599 2730 656 sacriﬁcii
2780 609 3015 671 tempus.
3073 602 3417 675 Principium
3471 611 3620 665 enim

326 702 480 754 ἐστὶν
514 703 545 753 ὁ
574 700 839 771 Χριστὸς,
873 701 997 753 ἐπεὶ
1032 700 1170 770 μηδὲ
1218 700 1534 772 πρόσφατος
1568 700 1660 754 διά
1700 716 1784 754 τοι
1821 699 1909 770 trp

2029 692 2277 749 omnium
2318 702 2403 749 est
2425 694 2681 750 Christus
2705 694 2751 726 ⁹³
2789 695 2950 765 267
2987 694 3119 765 (non
3143 697 3290 751 enim
3316 714 3497 769 nuper
3518 718 3619 758 na-

326 799 388 848 ἑκ
431 794 572 848 Θεοῦ
610 793 824 865 Πατρὺς
871 793 977 866 πρὸ
1016 792 1229 848 αἰώνων
1261 794 1536 866 γέννησιν.
1584 793 1831 863 Ἀγιάζει
1855 792 1909 846 δὲ

2024 794 2115 841 tus
2155 794 2241 841 est
2265 795 2491 857 propter
2512 794 2639 841 ante
2687 787 2887 841 saecula
2909 803 2976 842 ex
3011 789 3124 842 Deo
3159 792 3616 866 generationem).

294 942 295 947 η
324 886 492 950 αὐτὸς
533 886 678 939 κατὰ
726 886 905 939 πάντα
930 885 1123 957 χρόνον
1142 924 1158 949 ,
1184 885 1255 939 τὰ
1297 887 1391 940 ἀπ’
1429 886 1605 957 ἀρχῆς
1637 886 1800 957 μέχρι
1830 884 1920 939 τέ-

322 976 473 1039 λους.
520 975 639 1028 ἀλλ’
674 973 864 1047 ὥσπερ
905 975 965 1027 ὲν
1015 974 1148 1046 μηνί
1183 975 1292 1028 τῶν
1326 974 1463 1028 νέων
1507 976 1542 1046 η
1585 975 1916 1045 πανήγυρις.

332 1087 351 1118 ι
392 1065 698 1138 Παρῴχετο
727 1065 826 1137 μὲν
854 1064 967 1136 γὰρ
1003 1066 1072 1119 τὰ
1098 1067 1317 1139 ἀρχαῖα,
1349 1086 1366 1116 ι
1394 1066 1537 1120 κατὰ
1563 1065 1662 1136 τὴν
1696 1065 1790 1119 τοῦ
1817 1083 1921 1136 μα-

323 1157 525 1229 καρίου
559 1157 772 1210 Παύλου
812 1157 1020 1227 φωνήψ
1049 1176 1068 1209 ι
1091 1157 1225 1212 Ἰδοὺ
1246 1157 1439 1228 γέγονε
1472 1157 1543 1212 τὰ
1588 1159 1768 1211 πάντα
1799 1173 1921 1212 και-

320 1249 409 1303 νά.
454 1266 474 1297 ι
514 1250 625 1301 Καὶ
676 1247 973 1302 ἀνέθαλλεν
1012 1247 1106 1302 καὶ
1136 1247 1429 1319 ἀνθρώπου
1472 1250 1638 1319 φύσις
1679 1248 1817 1322 πρὸς
1857 1248 1918 1303 τὸ

319 1343 378 1394 ἐν
402 1343 604 1412 ἀρχαῖς
634 1342 694 1394 ὲν
724 1338 969 1412 Χριστῷ.
1004 1339 1229 1405 Δοῦλοις
1255 1358 1314 1395 τε
1349 1337 1501 1396 οὖσιν
1533 1341 1614 1396 ἔτι
1640 1345 1752 1406 τοῖς
1782 1344 1917 1405 υἰοῖς

331 1431 584 1504 Ἰσραὴλ,
607 1432 704 1486 καὶ
744 1431 851 1485 ὑπὸ
877 1433 1041 1503 χεῖρα
1075 1432 1377 1504 πράττουσι
1420 1432 1520 1505 τὴν
1559 1435 1913 1506 τυραννικὴν,

319 1522 465 1596 εἶχον
495 1526 606 1596 γὰρ
631 1524 710 1577 ἔτι
732 1523 832 1596 τὴν
856 1523 964 1577 τῶν
993 1525 1331 1594 Αἰγυπτίων,
1356 1524 1428 1579 τὰ
1450 1525 1678 1581 τοιαῦτα
1706 1526 1917 1597 διετᾴτ-

318 1634 465 1672 τετο’
487 1616 588 1670 τοῦ
621 1617 784 1686 λόγου
818 1617 979 1673 πάλιν
1006 1618 1423 1690 αἰνιγματωδῶς
1453 1617 1909 1689 ὑπεμφαίνοντος,

321 1710 397 1783 μὴ
447 1709 517 1764 ἂν
567 1707 758 1780 ἕτερον
805 1710 1072 1764 δύνασθαι
1108 1710 1206 1781 τὴν
1253 1708 1348 1764 τοῦ
1393 1709 1687 1781 ἀνθρώπου
1731 1709 1911 1781 ψυχὴν

317 1801 454 1874 πρὸς
507 1788 823 1873 ἐλευθερίαν
864 1800 965 1872 μὲν
1003 1800 1103 1866 τὴν
1143 1799 1204 1865 ἐξ
1236 1800 1514 1872 ἁμαρτίας
1551 1800 1906 1872 ἀναδραμεῖν,

2020 874 2156 929 Nam
2195 875 2310 945 ipse
2333 874 2641 931 sanctiﬁcat
2674 889 2765 931 res
2800 890 2900 945 per
2919 890 3081 930 omne
3106 884 3324 947 tempus
3352 879 3422 934 ab
3455 880 3618 936 initio

2022 980 2196 1035 usque
2220 965 2288 1020 ad
2322 965 2506 1033 ﬁnem,
2552 966 2861 1036 praesertim
2903 965 3104 1021 festum
3136 966 3191 1020 in
3216 983 3404 1025 mense
3449 987 3618 1026 novo-

2021 1070 2163 1108 rum.
2191 1074 2208 1102 α
2234 1056 2428 1111 Vetera
2455 1056 2602 1110 enim
2624 1055 3035 1126 praeterierunt,
3059 1074 3077 1106 ι
3096 1056 3248 1126 juxta
3272 1056 3419 1113 beati
3461 1059 3615 1115 Pauli

2019 1146 2229 1201 dictum
2256 1147 2303 1179 ”
2333 1165 2346 1200 :
2391 1166 2410 1199 ι
2448 1147 2588 1202 Ecce
2617 1163 2757 1202 nova
2794 1147 2938 1203 facta
2974 1159 3104 1203 sunt
3134 1149 3338 1205 omnia.
3383 1170 3401 1203 ι
3430 1153 3498 1207 Ει
3525 1170 3616 1209 re-

2019 1236 2207 1292 ﬂoruit
2238 1239 2480 1294 hominis
2502 1232 2699 1297 natura
2719 1240 2786 1294 ad
2811 1240 2918 1295 hoc
2939 1239 3088 1310 quod
3111 1239 3215 1295 fuit
3245 1239 3300 1295 in
3339 1242 3617 1315 principio

2018 1329 2074 1384 in
2100 1328 2342 1386 Christo.
2370 1331 2548 1401 Atque
2567 1332 2856 1396 lsraciitis,
2884 1347 3010 1387 cum
3038 1332 3221 1387 adhuc
3238 1333 3383 1388 servi
3407 1347 3612 1401 essent,

2015 1430 2074 1478 et
2110 1423 2216 1477 sub
2269 1424 2549 1495 tyrannica
2602 1432 2875 1494 potestate
2911 1426 3177 1496 degerent
3202 1426 3615 1497 (detinebantur

2014 1514 2163 1568 enim
2210 1514 2314 1569 sub
2367 1513 2680 1587 Egyptiis),
2715 1516 2835 1572 haec
2886 1517 3367 1587 praecipiebantur,
3407 1520 3615 1591 signiﬁ-

2014 1613 2176 1660 cante
2217 1605 2380 1659 nobis
2417 1621 2634 1659 rursum
2667 1606 2898 1677 ﬁgurate
2931 1623 3207 1673 sermone,
3244 1610 3451 1665 nullam
3489 1611 3612 1666 ani-

2014 1710 2160 1750 mam
2178 1709 2339 1765 posse
2359 1696 2520 1751 aliter
2536 1697 2772 1753 evadere
2795 1707 3080 1768 peccatum
3102 1700 3170 1753 ad
3195 1700 3532 1768 libertatem,
3555 1711 3615 1758 et

2013 1786 2219 1842 diaboli
2242 1788 2586 1859 tyrannidem
2613 1789 2879 1860 eﬁ'ugere,
2903 1790 3234 1862 civitateque
3251 1807 3488 1863 superna
3514 1793 3612 1849 do-

316 1869 416 1970 τῇν
454 1894 513 1947 δὲ
561 1892 657 1945 τοῦ
694 1869 947 1947 διαϐόλου
983 1869 1300 1957 πλεονεξίαν
1333 1869 1799 1962 ἀποφυγεῖνξκαί
1828 1893 1909 1956 εἰς

2011 1877 2465 1943 nari,liberatam
2499 1878 2570 1933 ab
2599 1879 2766 1950 hujus
2795 1880 2984 1935 mundi
3024 1883 3463 1951 conversatione,
3501 1884 3614 1941 nisi

317 1985 416 2056 τὴν
443 1985 561 2040 ἀνω
582 1984 836 2053 γενέσθαι
869 1985 1021 2037 πόλιν
1046 1984 1155 2039 ἀπὸ
1175 1984 1274 2056 τῆς
1295 1986 1353 2037 ἐν
1387 1985 1579 2055 κόσμῳ
1599 1983 1905 2056 διατριϐῆς.

318 2078 365 2129 εἰ
402 2074 482 2147 μὴ
515 2074 607 2128 διὰ
636 2074 738 2144 τῆς
768 2073 864 2129 τοῦ
906 2075 1146 2145 Χριστοῦ
1180 2074 1415 2146 μετοχῆς
1462 2076 1558 2129 καί.
1600 2074 1905 2148 φιλανθρω-

317 2168 469 2231 πίας,
495 2166 640 2221 κατὰ
670 2167 732 2220 τὸ
754 2167 1049 2239 εἰρημένον
1079 2167 1211 2240 παρ’
1237 2167 1404 2223 αὑτοῦ
1433 2167 1572 2240 πρὸς
1592 2168 1720 2234 τοὺς
1743 2168 1908 2241 ἀνοή-

319 2273 443 2319 τους
491 2256 803 2319 Ἰουδαίους*
844 2275 864 2308 ι
907 2256 1104 2327 Ἀμὴν,
1140 2258 1287 2331 ἀμὴν
1332 2258 1475 2328 λέγω
1504 2259 1654 2331 ὑμῖν,
1678 2261 1761 2313 ὅτι
1796 2261 1908 2326 πᾶς

317 2350 343 2400 ὁ
373 2346 548 2401 ποιῶν
593 2346 693 2417 τὴν
732 2346 1037 2417 ἁμαρτίαν,
1071 2347 1259 2413 δοῦλός
1294 2351 1412 2403 ἐστι
1457 2350 1558 2421 τῆς
1606 2351 1902 2423 ἁμαρτίας·

316 2440 345 2493 ὁ
373 2440 567 2503 δοῦλος
604 2441 665 2493 οὐ
699 2440 854 2512 μένει
901 2441 961 2494 ὲν
986 2444 1053 2512 τῇ
1091 2441 1240 2514 οἰκίᾳ
1268 2443 1349 2507 είς
1379 2443 1472 2498 τὸν
1510 2444 1705 2499 αἰῶναο
1737 2446 1767 2500 ὁ
1790 2446 1906 2512 υἰδς

316 2534 471 2602 μένει
500 2534 582 2596 εἰς
606 2532 698 2585 τὸν
724 2531 918 2587 αἰῶνα.
960 2533 1086 2588 Ἐὰν
1114 2529 1208 2588 οὖν
1230 2536 1259 2588 ό
1286 2534 1401 2599 υίὸς
1429 2536 1575 2607 ὑμᾶς
1602 2535 1904 2608 ἐλευθερώ-

315 2637 407 2695 σῃ,
430 2622 610 2685 δντως
643 2620 923 2694 ἐλεύθεροι
952 2621 1163 2677 ἔσεσθε.
1200 2641 1219 2675 ι
1265 2624 1376 2677 Καὶ
1421 2624 1605 2678 πάλιν·
1638 2644 1658 2678 ι
1708 2626 1904 2698 Ἀμὴν,

313 2715 466 2784 ἀμὴν
490 2713 638 2782 λέγω
678 2715 830 2785 ὑμῖν,
859 2715 955 2769 ἐὰν
988 2714 1063 2786 μὴ
1094 2715 1305 2786 φάγητε
1325 2715 1425 2788 τὴν
1446 2716 1627 2788 σάρκα
1650 2717 1744 2772 τοῦ
1769 2718 1903 2773 Υίοῦ

312 2806 407 2862 τοῦ
443 2806 767 2875 ἀνθρώπου,
801 2807 895 2861 καὶ
934 2807 1096 2879 πίητε
1128 2808 1295 2862 αὐτοῦ
1330 2808 1391 2862 τὺ
1416 2806 1578 2880 αἷμα,
1610 2811 1712 2864 οὐκ
1751 2809 1903 2883 ἔχετε

314 2896 466 2970 ζωὴν
501 2900 561 2953 ἐν
611 2895 844 2963 ἑαυτοῖς
880 2918 898 2951 ι
943 2894 1012 2972 ἧς
1043 2901 1124 2964 εἰς
1168 2898 1340 2954 τύπον
1380 2904 1555 2955 νοοῖτο
1593 2901 1776 2968 καλῶς
1806 2904 1905 2975 τῆς

312 2991 659 3060 ἐπαγγελίας
700 2993 736 3062 ἡ
779 2992 872 3062 γῆ,
909 2993 990 3054 εἰς
1031 2992 1099 3063 ἢν
1132 2991 1194 3057 ἐξ
1237 2992 1514 3060 Αἰγύπτου
1565 2997 1904 3065 μεταχωρεῖν

310 3084 637 3154 ἠπείγοντο.
667 3083 1020 3155 Δαμόάνεται
1044 3085 1103 3138 δὲ
1127 3084 1191 3138 τὸ
1225 3084 1499 3158 πρόϐατον
1532 3085 1641 3138 ἀπὸ
1669 3086 1903 3158 δεκάτης

307 3177 406 3232 τοῦ
436 3178 613 3250 μηνὸς
649 3178 901 3250 ἡμέρας,
935 3177 1032 3231 καί
1069 3178 1409 3249 διατηρεῖται
1452 3178 1615 3250 μέχρι
1649 3178 1749 3249 τῆς
1781 3196 1906 3232 τεσ-
1931 3213 1975 3271 c

312 3269 866 3342 σαρεσκαιδεκάτης,
926 3269 1015 3323 ἵνα
1074 3268 1380 3340 σφάττηται
1439 3269 1578 3340 πρὸς
1636 3270 1899 3344 ἑσπέραν.

309 3363 424 3416 Καὶ
451 3361 552 3415 τοῦ
586 3360 652 3432 δὴ
679 3362 874 3435 χάριν;
906 3363 1022 3432 ἐρεῖ
1053 3378 1139 3426 τις
1178 3362 1367 3433 τυχόν
1399 3361 1569 3433 βαθὺς
1603 3363 1713 3435 γὰρ
1734 3364 1903 3430 ὅντως

310 3458 340 3511 ό
372 3457 558 3524 λόγος.
596 3457 661 3510 Τί
699 3456 831 3528 γὰρ,
864 3456 987 3511 εἰπέ
1020 3474 1130 3528 μοι,
1161 3456 1451 3511 διεκώλυεν
1495 3458 1680 3530 ἡμέρᾳ
1708 3458 1902 3531 πρώτῃ

310 3547 788 3618 διαλαμϐάνεσθαι
838 3546 934 3601 τοῦ
984 3549 1186 3621 μηνός;
1240 3548 1306 3601 Τί
1351 3547 1406 3601 δὲ
1445 3549 1554 3620 ἄρα
1594 3550 1902 3621 νομοθετεῖν

311 3641 575 3696 ἀνέπεισε
620 3639 716 3693 τὸν
766 3638 899 3694 Θεὸν
938 3642 997 3695 ἐν
1041 3642 1281 3713 ἡμέραις
1329 3641 1489 3695 πέντε
1530 3643 1901 3714 τετηρημένον

314 3733 628 3804 ἱερουργεῖν
657 3731 831 3797 οὕτως
860 3732 994 3803 πρὸς
1021 3735 1259 3806 ἑσπέραν
1284 3734 1345 3787 τὸ
1385 3734 1530 3804 θῦμα
1554 3752 1569 3801 ;
1599 3737 1770 3789 Πέντε
1795 3738 1901 3809 γὰρ

311 3822 545 3894 ἡμερῶν
582 3821 815 3894 ἀριθμὸν
845 3824 1150 3895 εὑρήσομεν
1182 3825 1291 3879 ἀπὸ
1328 3825 1426 3896 τῆς
1458 3826 1690 3893 δεκάτης
1727 3827 1898 3898 ἀρξά-

326 3928 482 3982 μενοι
517 3911 619 3981 (1).
641 3912 747 3965 Τοῦ
781 3914 878 3983 μὲν
903 3910 995 3967 οὖν
1028 3913 1102 3984 μὴ
1123 3914 1180 3965 ὲν
1210 3913 1391 3985 ἡμέρᾳ
1415 3914 1605 3987 πρώτῃ
1632 3915 1905 3984 λαμϐάνε-

322 4004 449 4055 σθαι
476 4004 574 4055 τὸν
608 4004 798 4072 ἀμνὸν,
828 4004 939 4056 ἀλλ’
965 4006 1022 4055 ἐν
1044 4007 1110 4074 τῇ
1139 4004 1340 4075 δεκάτῃ
1367 4004 1457 4057 τοῦ
1492 4006 1676 4076 μηνὸς,
1708 4005 1904 4075 σημαί-

323 4110 437 4147 νειν
463 4093 667 4159 ἔοικεν,
685 4094 765 4147 ὅτι
785 4094 967 4147 πολλοί
988 4094 1336 4166 προεσάδιζον
1365 4096 1564 4166 χρόνοι,
1590 4097 1684 4150 καὶ
1706 4095 1904 4168 μακροί

312 4201 462 4247 τινες
491 4178 640 4255 ἦσαν
670 4185 863 4250 αἰῶνες
907 4187 957 4239 οἰ
994 4187 1099 4258 πρὸ
1128 4187 1307 4258 ἡμῶν,
1344 4190 1465 4243 καθ’
1499 4190 1557 4243 ὃν
1588 4185 1657 4261 ἦν
1690 4191 1776 4243 ἀεὶ
1810 4190 1902 4244 καί

314 4277 503 4342 εστιν,
550 4278 649 4329 καὶ
695 4276 849 4330 ἔσται
881 4276 1038 4341 Θεός.
1089 4278 1366 4334 Εἰσδαίνει
1404 4280 1461 4334 δὲ
1504 4281 1702 4349 γείτων
1743 4281 1904 4345 εὐθὺς

320 4367 443 4436 μετ’
481 4367 729 4430 ἐκείνους
748 4366 883 4419 αἰὼν
914 4364 1067 4431 οὗτος
1095 4369 1123 4422 ὁ
1145 4370 1269 4422 καθ’
1308 4371 1476 4442 ἡμᾶς,
1515 4372 1590 4435 ὡς
1621 4371 1707 4424 διὰ
1737 4371 1903 4424 πενθ-

316 4455 537 4530 ημέρου
585 4459 686 4528 τῆς
731 4458 931 4530 ἀρτίως
963 4461 1094 4530 ἡμῖν
1133 4461 1431 4533 εἰρημένης
1454 4463 1596 4525 ὀδοῦ,
1626 4465 1705 4526 εἰς
1744 4463 1906 4517 πέντε

2009 1983 2109 2039 per
2144 1968 2274 2025 Jesu
2295 1968 2500 2025 Christi
2529 1971 2975 2028 communionem
2996 1981 3162 2043 atque
3189 1973 3611 2045 benignitatem,

2004 2063 2160 2134 juxta
2180 2062 2315 2118 illud
2338 2063 2487 2133 quod
2509 2064 2717 2120 dictum
2750 2072 2836 2121 est
2860 2066 2928 2131 ab
2967 2081 3035 2121 eo
3061 2066 3130 2121 ad
3156 2067 3483 2138 insipientes
3507 2070 3608 2125 Ju-

2008 2155 2157 2212 dteos
2180 2173 2196 2210 :
2229 2156 2454 2222 «Amen,
2477 2172 2637 2212 amen
2657 2157 2785 2213 dico
2806 2157 2967 2214 vobis
2985 2158 3134 2229 quod
3161 2160 3341 2215 omnis
3364 2162 3459 2230 qui
3479 2161 3612 2217 facit

2007 2255 2326 2319 peccatum,
2372 2264 2564 2304 servus
2605 2257 2691 2305 est
2736 2250 2969 2320 peccati.
3006 2237 3214 2305 Servus
3259 2259 3446 2307 autem
3495 2268 3609 2309 non

2006 2348 2195 2397 manet
2227 2340 2284 2395 in
2323 2340 2487 2397 domo
2524 2340 2580 2395 in
2603 2351 2871 2397 wwmum
2900 2360 2913 2395 :
2944 2335 3118 2397 Filius
3144 2351 3331 2398 manet
3359 2344 3415 2398 in
3445 2352 3609 2399 aeter-

2005 2448 2161 2488 num.
2207 2432 2264 2488 Si
2313 2432 2483 2504 igitur
2517 2448 2617 2489 vos
2650 2433 2824 2488 Filius
2854 2433 3199 2502 liberaverit,
3226 2450 3416 2490 revera
3446 2435 3608 2491 liberi

2004 2521 2161 2578 eritis
2179 2521 2248 2575 ".
2287 2522 2417 2576 »Ἐι
2453 2537 2647 2577 rursus
2690 2539 2703 2575 :
2745 2540 2765 2573 ι
2814 2521 3012 2587 Amen,
3061 2537 3227 2577 amen
3272 2523 3399 2578 dico
3424 2524 3604 2590 vobis,

2005 2609 2115 2664 nisi
2148 2608 2613 2665 manducaveritis
2633 2625 2855 2664 carnem
2882 2610 3009 2665 Filii
3035 2611 3295 2675 hominis,
3315 2619 3373 2666 et
3396 2613 3609 2670 biberi-

2007 2699 2080 2754 tis
2133 2700 2306 2770 ipsius
2354 2700 2699 2770 sanguinem,
2741 2716 2850 2755 non
2900 2701 3179 2757 habebitis
3201 2702 3371 2758 vitam
3396 2703 3453 2759 in
3498 2721 3601 2761 vo-

2006 2789 2096 2845 bis
2113 2790 2181 2845 ³⁸.
2222 2809 2241 2841 ι
2273 2788 2443 2860 Cujus
2472 2805 2604 2846 sane
2649 2790 2777 2845 vitae
2823 2791 3057 2861 pulcher
3084 2799 3246 2863 typus
3265 2807 3387 2849 esse
3421 2803 3605 2864 potest

2008 2889 2152 2936 terra
2171 2880 2574 2950 promissionis,
2589 2880 2647 2934 in
2663 2894 2828 2950 quam
2847 2896 2915 2936 ex
2926 2879 3160 2952 Egypto
3172 2882 3600 2939 contendebant.

2007 2971 2179 3027 Porro
2212 2987 2385 3042 agnus
2428 2969 2703 3041 accipitur
2736 2970 2956 3026 decimo
2984 2969 3193 3027 mensis
3211 2972 3324 3037 die,
3347 2981 3405 3028 et
3425 2989 3606 3029 asser-

2006 3072 2167 3119 vatur
2195 3078 2369 3134 usque
2401 3063 2469 3118 ad
2492 3063 2638 3118 diem
2674 3062 2951 3118 decimum
2981 3060 3262 3133 quartum,
3302 3072 3366 3119 ut
3391 3074 3602 3120 macte-

2009 3164 2101 3211 tur
2123 3155 2192 3211 ad
2218 3171 2526 3226 vesperam.
2560 3153 2732 3222 Quam
2749 3154 2821 3209 ob
2845 3170 2963 3209 rem
2996 3170 3127 3209 vero
3148 3155 3172 3209 ?
3192 3155 3341 3211 dicet
3368 3155 3604 3212 fortasse

2006 3247 2227 3319 aliquis.
2274 3246 2541 3302 Sublimis
2576 3262 2707 3302 sane
2744 3262 2810 3302 ac
2830 3245 3105 3317 profunda
3131 3247 3273 3301 ratio
3312 3256 3416 3302 est.
3457 3247 3603 3315 Quid

2003 3340 2184 3403 enim,
2234 3338 2467 3393 obsecro
2494 3378 2508 3403 ,
2566 3336 2903 3407 prohibebat
2945 3337 3242 3407 quominus
3292 3339 3472 3409 primo
3512 3340 3603 3395 die

2003 3429 2210 3485 mensis
2246 3436 2509 3500 acceptus
2529 3429 2646 3484 sit?
2668 3428 2780 3484 Aut
2822 3429 2956 3499 quid
2992 3430 3167 3485 movit
3192 3430 3363 3485 Deum
3395 3438 3457 3485 ut
3485 3431 3603 3502 lege

2002 3524 2260 3587 sanciret,
2285 3539 2484 3595 agnum
2511 3522 2756 3593 quinque
2789 3522 2989 3578 diebus
3016 3531 3295 3578 servatum
3327 3521 3602 3578 immolari

2005 3616 2224 3671 tandem
2254 3615 2323 3670 ad
2354 3614 2681 3684 vesperam?
2711 3612 2965 3684 Quinque
2997 3614 3145 3668 enim
3174 3614 3389 3669 dierum
3408 3630 3603 3670 nume-

2003 3724 2124 3762 rum
2152 3707 2518 3771 inveniemus,
2544 3706 2587 3760 si
2627 3721 2657 3759 a
2687 3705 2904 3760 decimo
2954 3706 3283 3775 incipiamus
3303 3722 3600 3761 numerare

2002 3814 2178 3870 usque
2202 3798 2269 3853 ad
2297 3797 2573 3853 decimum
2606 3804 2886 3866 quartum.
2919 3796 3075 3861 Quod
3100 3796 3266 3865 igitur
3289 3800 3464 3865 agmls
3491 3811 3599 3850 non

2002 3894 2073 3947 sit
2101 3900 2359 3960 acceptus
2381 3889 2437 3942 in
2461 3888 2660 3957 primo,
2685 3887 2779 3942 sed
2806 3888 2859 3941 in
2895 3886 3111 3940 decimo
3142 3885 3230 3940 die
3259 3886 3483 3949 mensis,
3513 3887 3597 3941 vi-

2001 3986 2164 4040 detur
2192 3979 2500 4053 signiﬁcare
2532 3978 2679 4048 quod
2708 3979 2880 4033 multa
2906 3977 3292 4048 prmcesserint
3325 3984 3597 4047 tempma,

2001 4071 2599 4146 ctprazlongaquazdam
2628 4071 2828 4138 saecula
2847 4069 3051 4125 fuerint
3079 4078 3205 4124 ante
3231 4076 3479 4123 nostrum
3504 4082 3597 4122 or-

2005 4177 2143 4232 tum,
2174 4165 2231 4219 in
2256 4164 2460 4234 quibus
2496 4178 2714 4233 semper
2748 4163 2869 4226 fuit,
2890 4171 2947 4217 et
2981 4170 3066 4216 est
3091 4171 3148 4216 et
3170 4162 3278 4216 erit
3308 4163 3471 4216 Deus.
3508 4161 3596 4214 ln-

2004 4258 2151 4314 eidet
2181 4265 2365 4311 autem
2411 4255 2676 4310 continuo
2709 4262 2833 4322 post
2871 4254 2975 4306 hoc
3022 4260 3270 4331 nostrum
3315 4251 3598 4313 smculum,

2004 4349 2155 4420 quod
2189 4357 2450 4417 tanquam
2475 4346 2721 4415 quinque
2766 4344 2980 4397 dierum
3033 4343 3137 4395 iter
3172 4341 3335 4393 modo
3367 4356 3395 4392 a
3438 4341 3600 4393 nobis

2006 4463 2234 4519 ductum
2281 4462 2337 4516 in
2377 4460 2620 4532 quinque
2658 4467 2905 4530 tempora
2952 4456 3236 4511 dividitur.
3287 4456 3401 4511 Hoc
3440 4458 3597 4511 valde

320 4549 555 4620 καιροὺς
599 4550 998 4621 διαιρούμενος.
1061 4552 1325 4637 Σαιρηνιεί
1367 4554 1423 4607 δὲ
1474 4556 1678 4625 σφόδρα
1724 4555 1905 4619 καλῶς

2010 4554 2289 4625 eleganter
2310 4551 2472 4606 nobis
2488 4549 2792 4617 declarabit
2825 4547 3125 4602 Salvatm'is
3158 4547 3436 4617 parabola,
3477 4564 3600 4616 qum

320 4641 456 4711 ἡμῖν
485 4640 550 4693 τὸ
580 4640 936 4712 ζητούμενον,
978 4643 1123 4714 ἡτοῦ
1160 4644 1411 4716 Σωτῆρος
1444 4646 1748 4717 παραϐολὴ,
1780 4647 1903 4700 τοῦς

320 4749 414 4785 τον
444 4731 645 4803 ἔχουσα
688 4734 780 4786 τὸν
819 4735 1042 4805 τρόπον·
1085 4755 1104 4788 ι
1155 4735 1357 4807 Ὁμοία
1406 4737 1557 4790 ἐστὶν
1600 4737 1909 4808 ἡβασιλεία

316 4827 430 4881 τῶν
465 4826 716 4897 οὐρανῶν
773 4826 1047 4900 ἀνθρώπῳ
1080 4828 1456 4902 οἰκοδεσπότῃ,
1492 4830 1641 4893 ὅστις
1690 4828 1912 4900 ἐξῆλθεν

210 4952 215 4957 -
321 4918 439 4989 ἅμα
473 4918 621 4990 πρωῒ
664 4919 1040 4989 μισθώσασθαι
1088 4920 1327 4991 ἐργάτας
1367 4922 1445 4985 εἰς
1475 4920 1566 4974 τὸν
1614 4921 1913 4991 ἀμπελῶνα

320 5011 515 5065 αὑτοῦ.
547 5013 928 5084 Συμφωνήσας
959 5014 1016 5067 δὲ
1063 5014 1204 5085 μετὰ
1233 5017 1344 5069 τῶν
1378 5016 1625 5084 ἐργατῶν
1655 5016 1720 5069 ἐκ
1749 5010 1935 5085 δηνα-”

322 5106 444 5179 ρίου
482 5106 584 5177 τὴν
616 5107 853 5178 ἡμέραν,
896 5110 1216 5164 ἀπέστειλεν
1259 5112 1457 5175 αὐτοὺς
1486 5113 1565 5174 είς
1600 5112 1692 5164 τὸν
1735 5112 1913 5181 ἁρπε-

319 5198 469 5252 λῶνα
498 5198 684 5252 αὐτοῦ.
737 5200 849 5254 Kal.
889 5200 1122 5279 ὲξελθῲν
1156 5202 1285 5273 περί
1331 5202 1523 5275 τρίτην
1553 5201 1723 5273 ὥραν,
1772 5199 1912 5256 εἶδεν

320 5289 520 5353 ἄλλους
554 5289 801 5355 ἑστῶτας
836 5293 903 5345 ὲν
929 5295 995 5364 τῇ
1040 5294 1216 5365 ἀγορᾷ
1246 5295 1451 5366 ἀργοὺς
1470 5334 1485 5362 ,
1528 5295 1800 5359 κάκείνοις
1828 5290 1909 5348 εἷ-

324 5398 448 5435 πεν·
487 5381 764 5451 Ὑπάγετε
793 5384 889 5437 καὶ
913 5385 1071 5456 ὑμεῖς
1102 5388 1183 5450 εἰς
1213 5387 1304 5440 τὸν
1335 5385 1637 5456 ἀμπελῶνά
1665 5403 1787 5457 μου,
1814 5388 1910 5440 καὶ

319 5470 350 5525 δ
378 5472 451 5526 ἂν
527 5472 757 5537 δίκαιον,
788 5473 945 5529 δώσω
968 5476 1120 5548 ὑμῖν.
1162 5478 1224 5532 Ol
1256 5477 1313 5531 δὲ
1350 5476 1616 5548 ἀπῆλθον.
1648 5476 1831 5530 Πάλινν
1850 5477 1906 5529 δὲ

2010 4646 2082 4700 ita
2110 4646 2275 4701 habet
2304 4661 2318 4698 :
2352 4664 2369 4695 ι
2401 4643 2590 4698 Simile
2613 4649 2697 4697 est
2720 4656 2944 4712 regnum
2974 4640 3238 4694 cat-lorum
3264 4639 3473 4694 homini
3501 4656 3598 4709 pa»

2006 4738 2335 4799 trifamilias,
2368 4736 2463 4806 qui
2487 4735 2654 4806 268
2691 4734 2861 4789 exivit
2899 4734 3146 4787 diluculo
3183 4733 3249 4787 ad
3283 4733 3600 4787 conducen-

2007 4829 2108 4883 dos
2129 4828 2411 4898 operarios
2448 4828 2502 4881 in
2539 4827 2757 4881 vineam
2785 4841 2960 4880 suam.
2990 4824 3368 4880 Conventione
3413 4833 3598 4878 autem

2007 4922 2149 4977 facta
2177 4936 2301 4975 cum
2329 4918 2596 4990 operariis
2625 4935 2691 4973 ex
2722 4919 2950 4973 denario
2974 4918 3195 4980 diurno,
3240 4916 3389 4970 misit
3420 4909 3517 4970 eos
3542 4916 3598 4970 in

2008 5011 2226 5066 vineam
2273 5023 2448 5064 suam.
2510 5007 2577 5061 Et
2620 5022 2877 5077 egressus
2924 5006 3072 5060 circa
3127 5005 3321 5058 horam
3383 5002 3600 5058 tertiam

2009 5105 2150 5161 vidit
2190 5102 2326 5157 alios
2363 5106 2574 5155 stantes
2607 5099 2816 5153 otiosos
2855 5098 2909 5151 in
2937 5096 3075 5161 foro,
3114 5102 3173 5151 et
3199 5095 3287 5149 his
3313 5093 3451 5149 dicit
3480 5111 3494 5149 :
3522 5092 3603 5150 Ite.
3634 5088 3638 5093 ’

2006 5208 2061 5255 et
2086 5212 2186 5252 vos
2208 5197 2262 5250 in
2281 5194 2521 5259 vineam,
2544 5205 2601 5249 et
2624 5191 2773 5262 quod
2803 5192 3009 5262 justum
3038 5190 3226 5255 fuerit,
3244 5190 3388 5245 dabo
3421 5189 3601 5246 vobis.

2004 5294 2085 5349 Illi
2146 5305 2280 5346 vero
2319 5289 2599 5345 abierunt.
2655 5289 2860 5343 Iterum
2909 5301 3166 5358 egressus
3197 5287 3344 5342 circa
3406 5285 3600 5340 horam

2003 5398 2210 5441 sextam
2245 5393 2302 5437 et
2342 5380 2716 5445 nonam,t‘ecit
2742 5380 3021 5434 similiter.
3048 5378 3207 5433 Circa
3253 5376 3601 5433 undecimam

2002 5483 2187 5531 autem
2228 5486 2484 5542 egressus
2533 5470 2744 5525 invenit
2767 5471 2903 5526 alios
2934 5478 3162 5535 stantes,
3201 5479 3257 5524 et
3295 5469 3430 5523 dicit
3470 5469 3552 5526 eis

403 5583 454 5615 "
482 5581 606 5638 Col.
634 5580 784 5645 1,18.
860 5582 908 5615 ”
929 5581 972 5637 ll
1000 5581 1125 5639 Cor.
1160 5598 1215 5643 ν.
1249 5582 1348 5647 17;
1379 5579 1482 5639 Isa.
1515 5601 1669 5647 xsm,
1694 5583 1794 5645 19;
1826 5582 1995 5653 Apoc.
2022 5596 2136 5649 ut,
2172 5580 2224 5636 5.
2292 5579 2339 5612 ”
2362 5577 2521 5634 Joan.
2543 5592 2660 5640 vm,
2687 5574 2874 5641 διε-56,
2950 5574 2999 5606 ⁸⁸
3030 5573 3189 5629 Joan.
3219 5590 3293 5638 τι,
3336 5571 3432 5628 54.

403 5674 483 5745 (I)
521 5671 724 5744 Supple
749 5689 812 5728 ex
834 5672 1018 5729 codice
1045 5672 1349 5742 Harlmauo,
1391 5676 1483 5728 καί
1517 5674 1710 5746 ἐφεξῆς
1744 5673 1909 5728 ἀνιόντ

2010 5673 2138 5744 ἄχρι
2167 5672 2263 5744 τῆς
2293 5668 2907 5743 τεσσαρεσκαιδεκάτης.
