4024 6198
487 301 588 357 6Ξὸ

1504 286 1560 341 S.
1600 283 1875 342 CYRILLI
1915 274 2382 336 ALEXANDRTN]
2422 274 2739 332 ARCHIEP.

3636 277 3742 333 ‘24

485 415 628 486 Quid
672 411 764 469 hic
795 409 950 468 statis
1001 417 1111 465 tota
1159 408 1246 464 die
1298 404 1502 460 otiosi?
1555 403 1757 459 Dicunt
1789 400 1842 454 ei
1876 417 1889 453 :
1929 397 2067 466 Quia

2176 393 2300 464 περὶ
2342 393 2440 464 τὴν
2475 394 2640 463 ἕκτην
2677 393 2821 465 ὤραν
2860 391 2955 446 καὶ
2986 391 3215 463 ὲννάτην
3261 390 3520 461 εποίησεν
3561 391 3742 446 ὡσαύ-

492 521 651 562 nemo
694 519 794 558 nos
822 501 1104 557 conduxit.
1138 499 1279 552 Dicit
1301 499 1381 552 eis
1413 515 1424 549 :
1457 497 1534 550 Ite
1572 504 1628 550 et
1652 509 1750 548 vos
1772 495 1828 547 in
1850 492 2062 546 vineam

497 613 671 652 meam
689 596 792 646 ⁸⁷.»
827 592 992 649 Vides
1015 591 1070 644 in
1096 591 1203 655 bis,
1239 597 1296 644 et
1316 588 1539 659 quidem
1566 585 1851 642 manifeste
1879 583 2043 638 adma

493 690 645 750 dum,
673 685 819 756 quod
847 693 1094 756 nostrum
1131 681 1389 736 sazculum
1423 679 1493 734 sit
1538 679 1594 733 in
1647 677 1890 748 quinque
1937 682 2070 728 tem-

492 794 624 848 pora
645 752 949 845 partitum?
1001 752 1078 826 Ae
1118 771 1360 841 primum
1393 767 1613 838 quidem
1634 806 1648 830 ,
1697 765 2072 821 existimamus

490 865 648 929 illud,
687 863 740 916 in
778 877 888 932 quo
927 861 1106 915 adhuc
1132 857 1450 914 versabatur
1486 857 1541 909 in
1566 853 1819 924 paradiso
1863 852 2072 922 primus

494 964 648 1026 pater
667 954 859 1008 Adam.
882 951 1196 1008 Secundum
1211 959 1335 1018 post
1365 948 1489 1011 hoc,
1525 955 1581 1000 et
1611 944 1781 999 veluti
1808 944 1863 996 in
1885 962 1901 993 ί
1937 942 2071 995 hora

496 1046 716 1113 tertia);
740 1043 1096 1114 signiﬁcatur,
1126 1040 1181 1094 in
1201 1054 1311 1109 quo
1333 1037 1552 1092 vivebat
1578 1036 1713 1100 Noe,
1745 1045 1802 1089 et
1825 1034 1876 1088 ei
1893 1048 2075 1103 aaqua-

493 1135 594 1190 les.
616 1134 883 1197 Tertium,
914 1130 1069 1201 quasi
1093 1130 1149 1184 in
1185 1147 1203 1179 ‹
1234 1128 1366 1181 hora
1406 1134 1578 1188 sexta,
1609 1144 1626 1174 ι
1663 1124 1720 1177 in
1765 1139 1874 1192 quo
1913 1139 2074 1176 voca-

497 1236 586 1280 tus
602 1234 697 1292 ,est
719 1224 994 1278 Abraham
1022 1221 1088 1276 ad
1115 1219 1484 1289 cognitionem
1526 1215 1774 1270 veritatis
1803 1215 1872 1267 ab
1914 1214 2076 1284 hujus

499 1316 741 1372 universi
803 1315 936 1368 Deo.
983 1312 1250 1378 Quartum
1289 1324 1422 1364 vero
1477 1323 1669 1361 rursus
1719 1313 1974 1374 tanquam
2019 1305 2076 1358 in

508 1426 524 1456 ι
554 1407 687 1460 hora
718 1419 882 1467 noua,
915 1421 932 1453 ›
970 1411 1053 1456 est
1098 1400 1263 1455 Mosis
1303 1410 1360 1454 et
1400 1399 1812 1469 prophetarum.
1868 1415 1884 1446 ι
1919 1394 2077 1451 Circa

500 1497 884 1562 undecimam)
916 1503 1120 1556 autem,
1143 1492 1248 1546 hoc
1271 1499 1376 1555 est,
1399 1491 1590 1560 quinto
1612 1489 1831 1549 saeculo,
1856 1495 2077 1541 contra-

399 1607 408 1618 κ
500 1593 591 1640 clo
619 1586 730 1656 jam
755 1583 1159 1654 quodammodo
1188 1586 1298 1647 die,
1327 1590 1383 1636 et
1412 1581 1480 1635 ad
1508 1596 1762 1636 occasum
1795 1591 2073 1651 vergente,

501 1685 616 1730 tum
657 1675 910 1730 Christus
943 1674 1208 1728 conduxit
1249 1682 1459 1744 gentes,
1488 1688 1609 1742 qua:
1649 1687 1678 1725 a
1711 1672 1860 1726 nullo
1897 1673 2082 1726 hacte-

2167 503 2295 549 τως.
2343 487 2478 556 Περὶ
2503 486 2560 538 δὲ
2597 487 2694 556 τὴν
2725 485 3018 554 ἑνδεκάτην
3052 483 3315 551 ἐξελθὼν,
3359 477 3519 553 εὗρεν
3545 484 3742 547 ,ἄλλους

2170 576 2441 638 ἑστῶτας,
2472 577 2568 629 καὶ
2617 575 2765 643 λέγει
2818 575 3016 639 αὐτοῖς·
3066 575 3130 627 Τί
3163 568 3264 626 ὦδε
3308 575 3578 644 ἑστήκατε
3617 575 3744 641 ὃλην

2168 671 2267 742 τὴν
2311 669 2524 740 ἡμέραν
2577 667 2767 738 ἀργοί;
2819 668 3083 734 Λέγουσιν
3140 665 3311 735 αὐτῷ·
3361 663 3551 724 Οὐδεὶς
3599 666 3740 734 ἡμᾶς

2170 760 2536 833 ἐμισθώσατο.
2578 759 2743 828 Λέγει
2780 760 2984 822 αὐτοῖς’
3026 758 3294 826 Ὑπάγετε
3331 757 3425 810 καὶ
3465 757 3621 826 ὑμεῖς
3667 759 3742 819 εἰς

2170 854 2261 906 τὸν
2303 851 2604 924 ἁμπελῶνά
2644 868 2765 920 μου.
2805 870 2822 900 ι
2873 852 3038 920 Ὁρᾷς
3077 849 3141 919 δὴ
3183 844 3273 902 οῦν
3305 850 3361 900 ὲν
3407 847 3618 911 τούτοις
3656 851 3746 900 καὶ

2172 945 2291 999 λίαν
2330 944 2702 1016 ἐναργέστατα
2746 944 2839 996 καὶ
2871 943 3057 1010 σαφῶς
3099 943 3180 1004 είς
3226 941 3383 1004 ὅλους
3425 940 3585 992 πέντε
3624 957 3744 993 και-

2179 1038 2304 1109 ροὺς
2341 1037 2431 1089 τὸν
2464 1035 2586 1088 καθ’
2614 1036 2762 1106 ἡμᾶς
2794 1035 2964 1087 αἰῶνα
2991 1031 3318 1103 διῃρημένον
3342 1047 3358 1095 ;
3385 1032 3494 1084 Καὶ
3534 1031 3746 1100 πρῶτον

2178 1129 2276 1196 μὲν
2325 1123 2464 1180 εἶναι
2506 1125 2830 1195 λογιούμεθα
2851 1165 2865 1187 ,
2907 1123 3027 1177 καθ’
3054 1123 3112 1176 ὃν
3158 1120 3226 1192 ἦν
3258 1122 3336 1175 ἔτι
3357 1122 3456 1184 τὰς
3487 1123 3544 1174 ἐν
3577 1138 3748 1191 παρα-

2174 1221 2336 1291 δείσῳ
2368 1220 2650 1291 διατριϐὰς
2683 1222 2712 1273 ό
2749 1220 3052 1291 προπάτωρ
3081 1217 3220 1289 ἔχων
3272 1218 3465 1288 Ἀδάμ·
3500 1217 3747 1288 δεύτερον

2175 1308 2231 1361 δὲ
2266 1311 2382 1379 μετ’
2417 1312 2622 1362 ἐκεῖνον
2667 1309 2762 1361 καὶ
2798 1308 2874 1371 ὡς
2920 1327 2938 1358 ι
2982 1305 3101 1379 ὥρᾳ
3137 1305 3296 1377 τρίτῃ
3334 1324 3350 1356 ι
3398 1305 3746 1376 δηλούμενον,

2178 1401 2296 1457 καθ’
2319 1401 2376 1454 ὃν
2402 1401 2525 1453 Νῶε
2553 1400 2648 1453 καὶ
2684 1401 2732 1453 οἱ
2773 1399 2869 1452 σὺν
2894 1399 3064 1469 αὐτῷ’
3094 1400 3276 1470 τρίτον
3312 1400 3368 1452 δὲ
3405 1399 3479 1462 ὡς
3516 1419 3534 1450 ι
3566 1401 3626 1452 ἐν
3655 1401 3745 1453 ἱκ-

2178 1513 2281 1566 τῃ,
2317 1513 2335 1544 ι
2385 1493 2505 1547 καθ’
2530 1493 2589 1545 ὃν
2641 1491 2827 1546 ἐκάλει
2872 1491 2963 1545 τὸν
3022 1479 3272 1562 Ἀϐραὰμ
3319 1494 3399 1556 είς
3452 1492 3748 1560 ἐπίγνωσιν

2178 1590 2277 1658 τῆς
2313 1587 2571 1658 ἀληθείας
2615 1587 2643 1638 ὁ
2683 1586 2775 1638 ἐπὶ
2818 1585 3034 1638 πάντων
3076 1585 3228 1648 Θεός·
3266 1584 3326 1637 τὸ
3372 1585 3634 1654 τέταρτον
3673 1586 3748 1648 δὲ,

2178 1681 2251 1744 ὡς
2296 1699 2315 1733 ι
2356 1683 2413 1733 ἐν
2443 1679 2564 1750 ὥρᾳ
2595 1678 2755 1732 πάλιν
2793 1679 3012 1749 ὲννάτῃ,
3050 1698 3068 1729 ι
3108 1677 3200 1730 τοῦ
3241 1677 3484 1742 Μωσέως
3512 1679 3750 1748 δηλονότι

501 1783 605 1823 nus
631 1767 918 1822 retroactis
951 1767 1291 1836 temporibus
1319 1773 1526 1819 vocata:
1552 1772 1681 1818 sunt
1704 1763 1772 1818 ad
1806 1764 2073 1835 cognitio-

2179 1773 2276 1827 καὶ
2304 1772 2415 1825 τῶν
2449 1771 2765 1840 προφητῶν.
2817 1789 2835 1822 ι
2874 1771 3012 1842 Περὶ
3043 1770 3141 1841 τὴν
3171 1771 3485 1840 ἑνδεκάτην,
3536 1775 3572 1822 ι’
3604 1789 3751 1824 τουτ-

499 1875 626 1914 nem
669 1860 788 1914 Dei.
822 1858 964 1913 Hinc
995 1859 1261 1928 postremi
1291 1857 1483 1913 dicunt
1517 1875 1529 1910 :
1564 1876 1582 1908 ι
1618 1857 1789 1913 Nemo
1819 1872 1920 1911 nos
1945 1872 2078 1911 con-

501 1953 675 2006 duxit.
711 1971 728 2003 ι
761 1952 1042 2022 Accipitur
1076 1952 1262 2021 itaque
1298 1967 1472 2021 agnus
1499 1951 1555 2004 in
1591 1950 1834 2019 quinque
1880 1949 2080 2002 horum

500 2045 715 2100 dierum
750 2044 950 2114 primo,
995 2043 1100 2097 hoc
1121 2052 1226 2109 est,
1250 2043 1306 2096 in
1339 2043 1574 2104 decimo,
1604 2041 1696 2109 qui
1723 2046 1908 2110 typum
1942 2041 2082 2110 gerit

501 2135 758 2205 principii
796 2135 1079 2205 temporis,
1115 2145 1171 2190 et
1192 2144 1442 2189 servatus
1469 2134 1525 2187 in
1545 2133 1798 2187 ultimum
1842 2141 2076 2202 tempus,

502 2229 608 2283 hoc
641 2237 744 2292 est,
771 2228 824 2282 in
849 2227 1124 2282 decimum
1152 2233 1430 2296 quartum,
1474 2232 1743 2280 mactatur
1790 2223 1858 2278 ad
1891 2239 2082 2294 vespe-

501 2333 648 2386 ram,
685 2329 745 2374 ut
785 2319 983 2373 iterum
1025 2319 1294 2388 intelligas
1341 2318 1471 2372 hinc
1519 2317 1665 2386 quod
1709 2331 1821 2372 non
1863 2332 2077 2382 recens,

501 2426 607 2466 nec
653 2428 832 2481 nuper
875 2419 1066 2465 natum
1093 2411 1163 2466 sit
1188 2410 1394 2466 Christi
1430 2411 1772 2483 mysterium,
1808 2409 1902 2464 sed
1932 2408 2079 2478 quod

503 2510 840 2557 reservatum
868 2501 1037 2556 fuerit
1063 2502 1119 2555 in
1157 2501 1502 2572 praescientia
1534 2501 1738 2564 Patris,
1781 2508 1838 2554 et
1874 2499 1944 2553 ab
1993 2499 2079 2568 ip-

499 2593 615 2648 sius
653 2593 843 2647 mundi
869 2590 1338 2647 constitutione”.
1367 2592 1614 2647 Mortuus
1654 2600 1737 2646 est
1762 2599 1944 2646 autem
1982 2606 2081 2661 pro

500 2685 658 2741 nobis
695 2684 902 2740 ultimis
926 2684 1109 2739 saeculi
1146 2684 1512 2754 temporibus,
1545 2700 1671 2739 cum
1715 2683 1960 2738 nondum
1993 2682 2080 2738 in-

501 2775 803 2846 telligi-bilis
831 2790 896 2830 ac
919 2774 1103 2830 divina
1129 2775 1225 2829 lux
1248 2775 1646 2844 resplenderet,
1685 2773 1780 2829 sed
1810 2781 1954 2830 terra
1989 2789 2080 2829 es-

500 2875 583 2921 set
611 2866 792 2921 adhuc
817 2865 1135 2936 ignorantia:
1163 2864 1410 2920 tenebris
1430 2865 1736 2928 submersa,
1759 2872 1815 2917 et
1834 2861 2083 2917 tenebra-

501 2973 623 3010 rum
648 2957 846 3011 harum
873 2956 1155 3027 principes
1175 2955 1461 3011 erroribus
1482 2955 1731 3010 omnium
1758 2953 1923 3009 corda
1947 2968 2083 3023 quo-

499 3047 792 3104 dammodo
810 3048 1184 3104 obfuscarent.
1213 3047 1424 3103 Idcirco
1447 3047 1694 3102 Salvator
1721 3060 1847 3099 cum
1882 3044 1949 3098 ad
1979 3059 2082 3098 nos

499 3141 739 3196 venisset
765 3157 779 3192 :
811 3158 829 3190 ‹
857 3139 993 3209 Ego,
1013 3138 1212 3208 inquit,
1235 3153 1354 3193 sum
1371 3139 1464 3192 lux
1480 3136 1670 3190 mundi
1692 3137 1760 3189 ’9.
1790 3155 1808 3186 ι
1839 3137 1973 3189 Item
1995 3136 2080 3190 lu-
2107 3123 2150 3184 C

499 3231 730 3285 minaria
750 3231 806 3284 in
831 3230 1036 3284 mundo
1052 3229 1283 3284 verbum
1296 3230 1421 3282 vitae
1441 3227 1766 3281 sustinentia
1782 3226 1954 3281 sancti
1979 3241 2079 3282 vo-

499 3330 714 3385 cantur,
739 3336 803 3375 ac
833 3321 1030 3374 merito
1055 3319 1322 3374 audiunt:
1348 3337 1365 3369 ι
1385 3319 1494 3375 V'os
1509 3318 1643 3372 estis
1666 3318 1760 3372 lux
1780 3318 1970 3372 mundi
1991 3318 2030 3382 ¹,
2052 3337 2070 3370 ι

500 3421 688 3483 utpote
717 3412 812 3482 qui
838 3412 1052 3481 possint
1070 3410 1384 3466 illuminare
1412 3418 1694 3465 versantes
1726 3409 1783 3464 in
1809 3408 2073 3466 tenebris.

498 3503 663 3572 269
691 3501 1065 3556 Admiraberis
1087 3509 1270 3556 autem
1297 3516 1492 3556 rursus
1521 3501 1686 3555 etiam
1717 3500 1866 3554 aliud
1894 3500 1946 3554 in
1972 3501 2077 3555 hoc

498 3593 620 3646 loco
662 3590 1002 3662 mysterium.
1046 3591 1182 3650 Nam
1225 3605 1397 3661 agnus
1448 3599 1719 3645 mactatur
1765 3590 1822 3644 in
1865 3590 2076 3645 decimo

498 3692 698 3753 quarto
740 3681 967 3747 mensis,
1012 3698 1137 3738 cum
1176 3683 1386 3738 lunaris
1429 3682 1671 3738 circulus
1710 3683 1875 3737 habet
1920 3699 2074 3738 suam

499 3773 918 3843 plenitudinem,
937 3781 992 3830 et
1019 3775 1174 3844 quasi
1193 3771 1384 3844 'spuria
1414 3775 1536 3829 luce
1565 3775 1758 3829 orbem
1779 3775 2072 3838 illuminat,

499 3865 796 3934 incipiente
836 3879 968 3920 vero
992 3866 1104 3936 jam
1133 3866 1395 3936 paulatim
1423 3865 1764 3930 decrescere,
1805 3882 1869 3921 ac
1905 3867 2074 3922 veluti

496 3970 564 4010 ex
607 3956 938 4011 necessitate
980 3956 1244 4012 honorem
1287 3964 1344 4012 et
1378 3958 1606 4029 gratiam
1649 3974 1770 4028 qua:
1802 3959 1902 4028 ipsi
1933 3959 2075 4012 inest

495 4049 878 4102 contrahente.
907 4048 978 4103 Ut
1000 4048 1211 4104 scilicet
1236 4050 1321 4103 vel
1352 4050 1483 4104 hinc
1515 4050 1784 4121 intelligas
1815 4057 2072 4120 tanquam

495 4154 565 4192 ex
599 4137 834 4207 imagine
871 4146 928 4192 et
967 4141 1163 4194 umbra
1209 4141 1289 4195 rei
1333 4142 1648 4210 propositae,
1679 4143 1964 4197 traductus
2001 4142 2070 4196 ad

495 4229 777 4284 veriorum
815 4231 1384 4299 comprehensionem,
1412 4235 1556 4302 quod
1590 4236 1842 4305 princeps
1870 4237 2068 4298 noctis,

497 4319 603 4377 hoc
631 4329 734 4384 est,
769 4320 1040 4388 diabolus,
1071 4339 1169 4393 per
1205 4332 1381 4378 totum
1419 4324 1825 4395 glorificabatur
1856 4328 2066 4390 orbem,

2185 1864 2356 1927 ἐστιν,
2383 1865 2440 1915 ὲν
2469 1862 2546 1933 τῷ
2570 1863 2806 1935 πέμπτῳ
2833 1866 3038 1937 καιρῷ,
3065 1863 3492 1933 συστελλομένης
3525 1863 3628 1935 ήδη
3657 1867 3752 1934 τῆς

2181 1955 2429 2026 ἡμέρας,
2469 1955 2564 2008 καὶ
2597 1955 2761 2008 oiovei
2805 1953 3164 2018 καταλύοντος
3209 1956 3290 2018 εἰς
3326 1954 3476 2019 τέλος
3516 1956 3622 2027 ἠδη
3658 1954 3752 2009 τοῦ

2182 2046 2448 2116 παρόντος
2482 2047 2697 2112 αἰῶνος,
2737 2045 3080 2116 ἐμισθώσατο
3122 2046 3189 2100 τὰ
3223 2046 3352 2117 ἔθνη
3379 2048 3615 2117 Χριστὸς
3661 2064 3749 2102 κε·

2182 2135 2430 2207 κλημένα
2465 2137 2602 2208 πρὸς
2635 2136 2733 2207 τὴν
2765 2137 3062 2204 ἐπίγνωσιν
3095 2135 3224 2206 παρ’
3258 2136 3446 2207 ἐτέρου
3487 2136 3752 2207 μηδαμῶς

2182 2229 2325 2282 κατὰ
2367 2229 2495 2290 τοὺς
2538 2228 2746 2282 ἄνωθεν
2793 2229 2888 2281 καὶ
2927 2227 3324 2298 παρῳχηκότας
3369 2228 3619 2299 καιρούς.
3664 2228 3753 2282 Διὸ

2179 2320 2244 2391 δὴ
2285 2319 2441 2392 παρὰ
2488 2320 2698 2383 πάντας
2745 2322 2796 2372 oi
2840 2319 3137 2372 τελευταῖοί
3184 2335 3316 2389 φασι
3365 2319 3449 2372 τό·
3500 2339 3519 2371 ‹
3565 2321 3754 2384 Οὐδεὶς

2182 2415 2328 2484 ἡμᾶς
2367 2411 2730 2483 ἐμισθώσατο.
2769 2430 2788 2463 ι
2833 2411 3186 2484 Δαμϐάνεται
3222 2411 3401 2464 τοίνυν
3441 2413 3502 2466 τὸ
3547 2412 3754 2482 πρόδει-

2180 2521 2270 2558 τον
2297 2503 2438 2557 κατὰ
2478 2504 2575 2572 τὴν
2607 2505 2820 2575 ἡμέραν
2848 2501 2950 2572 τῆς
2988 2502 3334 2574 πενθημέρου
3364 2502 3462 2574 τὴν
3506 2503 3752 2574 πρώτην,

2181 2598 2446 2663 τουτέστι,
2465 2597 2564 2670 τὴν
2591 2597 2844 2667 δεκάτην,
2864 2595 3036 2650 τύπον
3064 2595 3367 2665 ἐπέχουσαν
3394 2595 3492 2666 τῆς
3522 2594 3616 2648 τοῦ
3633 2595 3756 2649 αἰῶ-

2180 2707 2271 2753 νος
2304 2690 2504 2760 ἀρχῆς,
2536 2690 2630 2743 καὶ
2661 2686 2992 2759 διατηρηθὲν
3037 2688 3095 2740 ὲν
3120 2685 3200 2756 τῷ
3230 2685 3525 2757 τελευταίῳ
3553 2685 3752 2758 καιρῷ,

2181 2781 2480 2844 τουτέστιν,
2513 2782 2569 2833 ὲν
2594 2783 2660 2852 τῇ
2699 2778 3302 2853 τεσσαρεσκαιδεκάτῃ,
3328 2778 3595 2849 σφάζεται
3621 2778 3756 2850 πρὸς

2183 2872 2443 2944 ἑσπέρανο
2479 2873 2566 2924 ἵνα
2589 2871 2752 2925 πάλιν
2774 2873 2992 2942 ὲννοῇς,
3020 2871 3095 2934 ὡς
3119 2868 3243 2923 οὔτε
3279 2869 3398 2924 νέον
3423 2869 3574 2924 ἐστὶν
3590 2911 3606 2934 ,
3637 2869 3757 2923 οὐδὲ

2182 2963 2495 3035 πρόσφατον
2519 2962 2581 3016 τὸ
2616 2961 2710 3016 τοῦ
2739 2961 2975 3032 Χριστοῦ
3019 2961 3333 3032 μυστήριον
3375 2959 3489 3015 ἀλλ’
3521 2961 3756 3029 ἐφυλάτ-

2180 3069 2304 3106 τετο
2345 3051 2444 3123 μὲν
2491 3053 2548 3105 ὲν
2594 3051 2900 3122 προγνώσει
2946 3049 3042 3103 τοῦ
3089 3050 3324 3122 Πατρὸς.
3353 3051 3448 3103 καὶ
3490 3049 3549 3114 ἐξ
3584 3051 3754 3120 αὐτῆς

2181 3143 2282 3214 τῆς
2309 3141 2401 3197 τοῦ
2435 3143 2641 3212 κόσμου
2681 3140 3008 3210 καταῦολῆς.
3055 3140 3322 3194 Ἀπέθανε
3349 3140 3406 3194 δὲ
3431 3141 3573 3211 ὑπὲρ
3600 3141 3755 3212 ἡμῶν

2182 3238 2240 3289 ὲν
2283 3238 2393 3299 τοῖς
2429 3234 2680 3306 ἐσχάτοις
2711 3233 2805 3287 τοῦ
2849 3233 3042 3295 αἰῶνος
3071 3235 3315 3304 καιροῖς,
3340 3233 3493 3286 οὔπω
3531 3233 3631 3303 μὲν
3662 3232 3754 3286 τοῦ

2180 3326 2370 3399 νοητοῦ
2413 3327 2507 3380 καὶ
2547 3326 2690 3380 θείου
2747 3325 2924 3395 φωτὸς
2969 3323 3437 3394 καταλάμποντος·
3487 3324 3564 3394 τῷ
3608 3324 3655 3376 δ’
3696 3323 3753 3388 ἐξ

2179 3419 2404 3488 ἀγνοίας
2448 3419 2623 3490 σκότῳ
2659 3416 3097 3488 βεϐαπτισμένης
3124 3415 3205 3468 ἔτι
3229 3414 3331 3484 τῆς
3372 3419 3496 3487 γῆς,
3535 3416 3630 3469 καὶ
3660 3416 3752 3479 τὰς

2182 3510 2438 3564 ἁπάντων
2480 3508 2704 3580 καρδίας
2733 3507 3218 3576 καταμολυνόντων
3244 3507 3362 3568 ταῖς
3386 3505 3623 3570 πλάναις
3649 3506 3754 3559 τῶν

2180 3601 2638 3673 κοσμοκρατόρων
2674 3599 2766 3654 τοῦ
2805 3599 3031 3662 σκότους
3063 3597 3275 3652 τούτου.
3321 3598 3422 3652 Διὰ
3453 3598 3614 3652 τοῦτο
3640 3600 3751 3662 καὶ,

2185 3718 2202 3750 ι
2228 3697 2370 3765 Ἐγώ
2409 3698 2524 3767 εἰμι
2558 3696 2617 3750 τὺ
2656 3696 2770 3765 φῶς
2797 3695 2890 3748 τοῦ
2922 3695 3150 3766 κόσμου,
3197 3713 3216 3745 ι
3243 3692 3586 3764 ἐπιδημήσας
3617 3693 3753 3763 εφα-

2179 3806 2308 3843 σκεν
2345 3790 2373 3840 ὁ
2400 3788 2611 3857 Σωτήρ.
2652 3787 2764 3840 Καὶ
2802 3785 3086 3855 φωστῆρες
3112 3787 3168 3837 ὲν
3199 3784 3388 3854 κόσμῳ
3416 3781 3572 3850 λόγον
3606 3783 3752 3854 ζωῆς

2176 3879 2485 3950 ἐπέχοντες,
2510 3880 2560 3932 οἱ
2579 3879 2724 3946 ἆγιοι
2747 3876 3170 3949 χρηματίζουσιο
3199 3874 3289 3929 καὶ
3313 3875 3539 3948 προσέτι
3569 3876 3746 3929 τοῦτο·

2182 3991 2200 4022 ι
2246 3971 2356 4024 Καὶ
2383 3971 2540 4041 ὑμεῖς
2567 3972 2690 4022 ὲστε
2727 3969 2789 4022 τὸ
2831 3969 2945 4038 φῶς
2969 3968 3066 4021 τοῦ
3111 3969 3339 4038 κόσμου,
3379 3987 3398 4020 ι
3442 3968 3531 4021 διὰ
3566 3969 3627 4021 τὸ
3655 3969 3750 4020 δύ-

2175 4061 2371 4115 νασθαι
2433 4058 2688 4129 φωτίζειν
2739 4060 2866 4122 τοὺς
2925 4059 3083 4122 ὕντας
3139 4062 3194 4112 ὲν
3257 4060 3467 4129 σκότῳ,
3525 4060 3750 4125 δικαίως

2177 4152 2486 4206 ἀκούουσιν.
2539 4151 2978 4221 Ἀποθαυμάσεις
3011 4151 3065 4204 δὲ
3114 4151 3278 4204 πάλιν
3318 4153 3412 4204 καὶ
3456 4152 3648 4222 ἑτέραν
3692 4155 3751 4204 ἐν

2173 4244 2348 4314 τούτῳ
2374 4242 2640 4314 μυστικὴν
2671 4243 2943 4313 εὑρίσκων
2969 4243 3300 4313 οἰκονομίαν.
3343 4242 3619 4310 Σφάζεται
3640 4243 3749 4315 γὰρ

2173 4335 2201 4386 ὁ
2250 4333 2419 4402 ἀμνὸς
2466 4333 2524 4385 ὲν
2567 4331 3136 4402 τεσσαρεσκαιδεκάτη
3181 4331 3275 4384 τοῦ
3329 4331 3496 4402 μηνὸς
3540 4332 3748 4402 ἡμέρα,

496 4410 591 4478 qui
621 4425 720 4480 per
747 4411 935 4466 lunam
959 4401 1130 4468 veluti
1156 4413 1210 4466 in
1237 4421 1362 4484 typo
1378 4413 1714 4485 signiﬁcatur
1742 4416 1891 4486 (luna
1920 4416 2066 4470 enim

2176 4425 2356 4494 πλήρη
2409 4424 2509 4491 τὴν
2562 4423 2770 4475 οἰκείαν
2828 4422 3041 4492 ἔχοντος
3099 4423 3255 4489 δόξαν
3306 4421 3401 4476 τοῦ
3464 4423 3750 4486 σεληναίου

496 4502 640 4556 nocti
665 4503 956 4572 przeposita
980 4503 1107 4576 est),
1129 4512 1185 4559 et
1206 4505 1534 4560 mundanam
1566 4508 1886 4577 sapientiam
1910 4509 2066 4578 quasi

497 4589 834 4659 illegitimam
879 4591 1060 4646 lucem
1109 4593 1411 4648 immittens
1447 4595 1500 4648 in
1542 4596 1706 4650 corda
1740 4599 2064 4665 errantium,

495 4680 886 4750 amplissimam
927 4682 1031 4736 sibi
1068 4683 1310 4753 gloriam‘
1335 4696 1571 4756 arrogat.
1617 4686 1884 4742 Caeterum
1923 4705 2068 4746 mor-

495 4783 624 4827 tuus
648 4781 731 4826 est
753 4783 979 4843 propter
1016 4791 1138 4841 nos,
1172 4786 1228 4831 et
1256 4794 1355 4846 pro
1389 4779 1551 4833 nobis
1575 4778 1826 4835 Christus
1852 4781 1943 4837 ille
1969 4799 2063 4838 ve-

493 4879 589 4918 rus
619 4861 825 4934 Agnus,
855 4866 946 4934 qui
978 4866 1118 4920 tollit
1156 4877 1380 4937 peccata
1406 4871 1596 4924 mundi
1631 4872 1671 4936 ’,
1717 4869 2062 4946 destruitque

492 4953 695 5008 diaboli
727 4955 976 5025 gloriam.
1007 4957 1240 5012 Necesse
1264 4967 1348 5012 est
1373 4960 1519 5016 enim
1553 4977 1672 5016 eam
1710 4964 1938 5033 posthac
1966 4966 2063 5019 de-

493 5044 673 5099 sinere
696 5056 752 5100 ct
777 5047 1032 5116 paulatim
1073 5049 1306 5115 absumi,
1338 5066 1462 5104 cum
1493 5054 1787 5108 multitudo
1816 5058 2059 5124 gentium

493 5135 558 5189 ad
581 5152 772 5205 pacem
799 5155 860 5193 ac
884 5139 1233 5195 dilectionem
1271 5142 1364 5196 Dei
1393 5143 1691 5198 ascendere
1722 5144 1940 5201 festinat
1970 5164 2068 5217 per

491 5227 908 5283 conversionem
947 5231 1016 5285 ad
1061 5233 1238 5302 ipsum
1279 5243 1334 5289 et
1375 5233 1556 5290 ﬁdem.
1596 5240 1772 5306 Atque
1822 5241 1926 5294 hoc
1982 5251 2066 5296 est

491 5320 636 5390 quod
655 5320 764 5391 jam
796 5323 924 5376 olim
964 5324 1018 5377 in
1055 5325 1285 5380 Psalmis
1317 5327 1666 5382 decantatum
1690 5329 1792 5384 fuit
1815 5330 1881 5386 de
1908 5331 2068 5386 Chri-

491 5415 577 5461 sto
618 5425 630 5460 :
663 5427 681 5457 ι
715 5407 937 5465 Orietur
966 5412 1022 5465 in
1050 5413 1243 5469 diebus
1282 5417 1400 5486 ejus
1432 5417 1661 5487 iustitia,
1688 5427 1743 5473 et
1767 5421 2063 5476 multitudo

491 5499 662 5567 pacis,
685 5499 862 5556 donec
886 5515 1075 5558 contra
1104 5505 1383 5562 auferatur
1409 5509 1536 5564 luna
1563 5510 1602 5564 ³.
1635 5531 1652 5561 ι
1686 5511 1819 5566 Nam
1854 5512 1907 5565 in
1943 5512 2062 5568 dic—

503 5663 523 5694 ,
552 5608 853 5694 :JMaﬂh.
895 5629 983 5694 κέ.
1016 5617 1125 5671 1-7.
1238 5622 1282 5653 ⁸⁸
1321 5622 1520 5691 Ephes.
1576 5641 1652 5689 In,
1706 5624 1756 5677 9.

550 5677 690 5731 Psal.
725 5693 868 5743 Lxxr,
922 5682 972 5734 7.

1865 5626 1909 5657 ἰ’
1943 5627 2100 5681 Joan.
2153 5646 2265 5695 vm,
2317 5631 2416 5697 12;
2455 5646 2528 5696 ix,
2569 5632 2620 5684 5.

2175 4516 2410 4579 κύκλου,
2443 4516 2538 4568 καὶ
2579 4515 2719 4585 νόθῳ
2751 4514 2846 4583 μὲν
2887 4513 3076 4585 ὥσπερ
3120 4515 3258 4583 φωτὶ
3290 4514 3386 4586 τὴν
3423 4514 3750 4584 οἰκουμένην

2172 4608 2640 4676 καταυγόιξοντος,
2688 4608 2993 4679 ἀρχομένου
3025 4607 3069 4660 δ’
3118 4604 3208 4661 οὖν
3260 4609 3410 4677 ὅμως
3451 4607 3751 4676 ἀπολήγει-δ

2175 4698 2313 4751 κατὰ
2357 4698 2552 4769 βραχὺ,
2586 4700 2682 4752 καὶ
2705 4698 2901 4768 ὥσπερ·
2922 4699 2981 4764 ἐξ
3009 4700 3257 4768 ἀνάγκης
3283 4701 3386 4770 ἤδη
3432 4700 3768 4777 συστέλλονοί

2173 4807 2264 4852 τος
2320 4791 2418 4860 τὴν
2467 4791 2784 4844 ἐνοικοῦσαν
2821 4789 2970 4860 αὐτῷ
3013 4792 3180 4862 τιμήν
3218 4808 3276 4845 τε
3321 4794 3414 4845 καὶ
3441 4793 3625 4864 χάρινο
3664 4793 3750 4846 ἵνα

2175 4883 2374 4952 νοήσῃς
2402 4881 2674 4946 ἐντεῦθεν,
2708 4883 2783 4947 ὡς
2809 4882 2869 4948 ἐξ
2899 4883 3102 4944 εἰκόνος
3130 4900 3191 4934 τε
3219 4884 3313 4936 καὶ
3337 4886 3492 4946 σκιᾶς
3514 4884 3610 4937 τοῦ
3645 4903 3750 4938 πα-

2175 4973 2430 5043 ραθέντος
2455 4974 2780 5043 πράγματος
2826 4974 2917 5026 ἐπὶ
2955 4975 3051 5042 τὴν
3083 4974 3192 5027 τῶν
3231 4975 3611 5047 άληθεστέριυν
3647 4993 3748 5028 κα-

2171 5065 2398 5133 τάληψιν
2467 5067 2998 5136 χειραγωγούμενος,
3063 5068 3146 5120 ὅτι
3213 5068 3354 5121 κατὰ
3414 5072 3595 5121 πᾶσαν
3649 5070 3749 5136 μὲν

2168 5153 2448 5219 ἐδοξάζετο
2475 5155 2576 5224 τὴν
2609 5154 2934 5225 οἰκουμένην
2964 5158 2992 5208 ό
3023 5157 3122 5226 τῆς
3147 5157 3340 5219 νυκτὸς
3365 5156 3744 5227 ἄρχων,τουτ-

2168 5245 2315 5297 ἐστιν
2363 5246 2391 5297 ὁ
2435 5245 2712 5311 διάϐολος,
2772 5247 2859 5300 διὰ
2920 5247 3019 5317 τῆς
3071 5248 3304 5319 σελήνης
3355 5249 3430 5311 ὡς
3481 5251 3539 5300 ἐν
3589 5250 3748 5319 τύπῳ

2167 5336 2493 5408 δηλούμενος
2545 5338 2564 5406 (
2612 5339 2811 5410 σελήνη
2848 5339 2954 5410 γὰρ
3003 5341 3082 5404 είς
3129 5341 3307 5412 ἀρχὴν
3355 5341 3594 5395 τέθειται
3639 5345 3745 5412 τῆς

2171 5426 2407 5496 νυκτὸς),
2449 5426 2544 5479 καὶ
2586 5425 2776 5498 ὥσπερ
2819 5422 2970 5480 νόθον
3007 5446 3061 5482 τι
3107 5435 3223 5497 φῶς
3269 5429 3368 5501 τὴν
3405 5430 3499 5483 τοῦ
3531 5433 3741 5502 κόσμου

2170 5517 2358 5586 σοφίαν
2405 5519 2525 5580 ταῖς
2584 5517 2693 5570 τῶν
2757 5518 3124 5590 πλανωμένων
3189 5522 3439 5593 καρδίαις
3489 5523 3737 5585 ἐντιθεὶς.

2743 5634 2757 5663 ¹
2801 5633 2987 5688 Matth.
3036 5653 3083 5698 v,
3125 5635 3210 5689 Η.
3317 5637 3338 5666 ¹
3365 5634 3525 5690 Joan.
3567 5653 3608 5703 ι,
3649 5636 3735 5694 Ξ9.
