4022 6198
267 284 364 339 425

1288 267 1804 327 GLAPHYRORUM
1845 267 1910 321 IN
1949 265 2232 320 EXODL'M
2273 265 2399 320 LIB.
2441 265 2506 319 ll.

3417 275 3520 333 6‘26

263 391 644 465 πληρεστάτην
673 389 850 458 ἑαυτῷ
875 388 971 458 τὴν
1010 387 1166 452 δόξαν
1199 387 1666 458 ἐπραγματεύετο.
1715 386 1844 440 Ἀπ-

1953 384 2049 438 bus
2073 384 2277 438 Christi
2301 393 2491 438 exorta
2523 392 2606 438 est
2635 383 2846 453 iustitia
2884 401 2982 454 per
3018 385 3203 452 ﬁdem,
3231 391 3527 451 multitudo

262 487 420 541 ἑθανε
452 484 509 536 δὲ
536 482 601 536 δι’
624 482 775 552 ἡμᾶς
804 480 898 532 καὶ
925 480 1066 550 ὑπὲρ
1097 478 1254 550 ἡμῶν
1280 480 1307 531 ὁ
1328 477 1581 548 Χριστὸς,
1601 477 1842 546 όἈμνὸς

260 583 286 634 6
314 576 592 649 ἀληθινὸς,
634 575 661 626 ὀ
697 573 869 644 αἴρων
901 573 999 638 τὴν
1036 570 1314 642 ἁμαρτίαν
1345 570 1438 645 τοῦ
1475 570 1679 641 κόσμου
1701 609 1715 633 ,
1750 569 1843 622 καὶ

261 674 357 745 τὴν
386 670 481 724 τοῦ
528 667 778 722 διαϐόλου
825 664 1090 718 κατέλυσε
1137 663 1314 730 δόξαν.
1371 662 1695 732 Ἀπολήγειν
1736 661 1844 731 γάρ

261 765 476 833 ἀνάγκη
530 759 698 829 αύτὴν
741 756 836 810 καὶ
875 754 1220 810 δαπανᾶσθαι
1275 754 1418 808 κατὰ
1465 753 1676 826 βραχὺ,
1710 753 1846 824 πρὸς

260 856 359 924 τὴν
391 853 615 921 εἰρήνην
656 848 750 900 καὶ
787 846 1007 915 ἀγάπην
1049 845 1150 916 ἤδη
1181 844 1276 914 τὴν
1303 843 1376 908 ὡς
1420 843 1557 914 πρὸς
1589 843 1720 895 Θεὸν
1750 842 1845 913 τῆς

254 921 368 999 ’των
399 943 568 997 ἐθνῶν
600 940 839 1010 πληθύος
874 939 1184 992 ἀναϐαίνειν
1220 938 1580 1007 ἐπειγομένης
1628 934 1715 988 διὰ
1748 936 1845 1004 τῆς

265 1036 401 1108 πρὸς
424 1033 595 1104 αὐτὴν
625 1031 972 1101 ἀποστροφῆς
1019 1030 1110 1082 καὶ
1146 1029 1400 1092 πίστεως.
1434 1027 1544 1079 Καὶ
1589 1025 1745 1078 τοῦτο
1777 1020 1845 1095 ἦν

264 1130 370 1199 ἄρα
411 1125 471 1178 τὸ
519 1127 576 1178 ἐν
605 1123 855 1194 Ψαλμοῖς
903 1121 1162 1192 ᾀδόμενον
1205 1121 1371 1174 πάλαι
1415 1120 1540 1190 περὶ
1584 1117 1840 1188 Χριστοῦ·

272 1236 289 1267 ι
339 1214 612 1268 Ἀνατελεί
651 1215 710 1265 ὲν
748 1215 868 1274 ταῖς
898 1211 1131 1282 ἡμέραις
1167 1207 1333 1262 αὑτοῦ
1379 1207 1716 1278 δικαιοσύνη,
1754 1207 1846 1260 καὶ

265 1309 469 1378 πλῆθος
498 1309 741 1378 εἰρήνης,
770 1305 874 1367 ἕως
895 1296 955 1356 οὗ
987 1301 1350 1372 ἀνταναιρεθῇ
1381 1303 1413 1372 ἡ
1445 1300 1662 1370 σελήνη,
1689 1319 1706 1351 ι
1729 1300 1847 1353 Ἀν-

267 1401 440 1454 ἐτειλε
468 1400 576 1469 γὰρ
603 1401 660 1450 ἐν
707 1396 942 1466 ἡμέραις
979 1393 1220 1465 Χριστοῦ
1265 1391 1578 1460 δικαιοσύνη
1621 1390 1709 1443 διὰ
1754 1389 1844 1442 πί-

269 1492 459 1556 σιτεως⁸
495 1490 699 1561 πλῆθος
739 1488 794 1540 δὲ
829 1488 1072 1558 εἰρήνης,
1105 1485 1194 1540 διὰ
1231 1485 1329 1554 τῆς
1377 1484 1512 1554 πρὸς
1555 1482 1688 1535 Θεὸν
1728 1483 1847 1534 ἐπι-

268 1586 524 1658 στροφῆς.
575 1583 686 1636 Καὶ
728 1582 863 1650 πρὸς
910 1580 1121 1644 τούτοις
1174 1579 1254 1632 ἔτι
1307 1579 1402 1632 καὶ
1439 1579 1468 1631 6
1505 1577 1605 1648 τῆς
1654 1577 1847 1640 νυκτὸς

266 1680 448 1750 ἄρχων
477 1673 871 1745 ἁντανῄρηται,
899 1672 1177 1725 τουτέστιν
1209 1673 1236 1723 6
1261 1668 1524 1730 διάϐολος.
1565 1659 1846 1738 Ἐπιτήρει

264 1769 320 1820 δὲ
377 1770 530 1830 ὅπως
590 1766 690 1819 ούκ
751 1761 1210 1832 ἀναιρεθήσεσθαί
1258 1777 1389 1829 φησι
1453 1759 1550 1829 τὴν
1618 1758 1846 1828 σελήνην

266 1855 1073 1928 ἀπλῶς,ἀνταναιρεθήσεσθαι
1094 1853 1148 1906 δὲ
1184 1853 1416 1923 μᾶλλον·
1467 1851 1542 1914 ὡς
1590 1850 1698 1920 γὰρ
1749 1848 1863 1920 ἤδη.

268 1951 600 2024 προανελὼν,
624 1950 780 2020 δῆλον
817 1949 872 2002 δὲ
915 1947 1088 2017 δήπου
1133 1945 1374 2007 πάντως,
1417 1944 1496 1996 ὅτι
1528 1942 1618 1995 τὸν
1641 1941 1850 2013 ἄνθρω-

268 2065 366 2102 πον
396 2042 861 2115 ἀνταναιρεῖταιὸ
891 2039 1160 2101 διάϐολος.
1204 2056 1221 2088 ι
1275 2035 1604 2089 Λαϐέτωσαν
1647 2033 1846 2098 τοίνυν,

270 2139 454 2210 φησὶν,
491 2138 720 2199 ἕκαστος
753 2133 1024 2204 πρόϐατον
1055 2129 1174 2183 κατ’
1200 2128 1399 2182 οἰκίαν.
1436 2147 1454 2180 ι
1497 2127 1712 2190 Τέλειος
1741 2124 1848 2197 γάρ

266 2232 320 2283 ἐν
355 2229 574 2298 ἑκάστῳ
623 2225 855 2296 Χριστὸς
884 2223 972 2276 διὰ
1003 2220 1236 2292 μετοχῆς
1263 2217 1358 2271 τοῦ
1403 2218 1562 2285 ἁγίου
1595 2215 1850 2286 Πνεύμα-

266 2337 354 2384 τος
387 2317 742 2381 ἐνοικίζεται,
779 2318 874 2369 καὶ
906 2315 965 2367 οὐ
1008 2311 1357 2384 μεμέρισται,
1381 2307 1631 2378 καθάπερ
1661 2311 1688 2361 ὁ
1712 2306 1850 2360 Παῦ-

265 2413 352 2474 λός
381 2429 536 2480 φησι.
571 2409 716 2479 Πλὴν
751 2408 848 2461 ἐὰν
874 2401 998 2469 ὦσι,
1026 2405 1212 2478 φησιν,
1239 2403 1506 2472 όλιγοστοὶ
1531 2402 1605 2466 ὼς
1628 2401 1703 2473 μὴ
1732 2403 1850 2456 ἱκα-

265 2505 387 2566 νοὺς
428 2499 568 2556 εἶναι
619 2504 699 2564 είς
745 2500 1051 2571 πρόϐατον,
1105 2496 1434 2568 συλλήψεται
1487 2494 1602 2566 μεθ’
1654 2491 1846 2548 ἑαυτοῦ

264 2597 352 2648 τὸν
381 2597 604 2664 γείτονα
633 2595 725 2646 τὸν
767 2592 993 2663 πλησίον
1019 2589 1206 2644 αὐτοῦ.
1243 2590 1306 2641 υἱ
1349 2587 1457 2657 γὰρ
1494 2587 1594 2639 οὐκ
1636 2585 1850 2655 ἔχοντες

264 2686 326 2751 ἐξ
346 2686 558 2740 ἑαυτῶν
582 2685 782 2738 τέλειον
799 2683 1058 2737 δύνασθαι
1083 2681 1320 2735 συνιέναι
1351 2679 1502 2749 μόνοι
1528 2677 1588 2730 τὸ
1614 2675 1848 2746 Χριστοῦ

268 2780 590 2850 μυστήριον,
618 2777 650 2846 ἢ
683 2777 778 2830 καὶ
821 2776 922 2830 οὐκ
956 2773 1252 2847 ἀρκοῦντες
1284 2774 1364 2835 είς
1397 2769 1723 2839 κατανόησιν
1753 2768 1851 2838 τὴν

267 2873 396 2942 περὶ
424 2869 592 2923 αὐτοῦ
625 2869 714 2922 διὰ
753 2868 850 2938 τὴν
889 2867 988 2937 τῆς
1037 2865 1248 2926 οἰκείας
1289 2862 1499 2924 ἑννοίας
1543 2859 1848 2922 ἀσθένειαν,

266 2962 558 3032 μεθέξουσι
589 2961 772 3022 πάλιν,
801 2959 996 3022 αὐτοὺς
1022 2957 1360 3028 συνεργάτας
1386 2953 1576 3022 ὥσπερ
1606 2951 1700 3005 καὶ
1728 2951 1846 3003 συλ-

261 3052 550 3123 λήπτορας
590 3052 714 3113 τοὺς
746 3035 1078 3119 ὁμοπίστους
1119 3046 1426 3118 δεξάμενοι.
1471 3042 1571 3096 Διά
1611 3041 1720 3112 γάρ
1750 3040 1848 3110 τῆς

259 3145 512 3216 ἀλλήλων
538 3141 817 3204 νουθεσίας
847 3140 958 3193 ἔσθ’
1000 3141 1090 3193 ὅτε
1135 3139 1230 3192 καὶ
1271 3140 1350 3201 εἰς
1395 3135 1620 3207 μείζους
1657 3133 1690 3205 ἢ
1735 3131 1858 3185 καθ’

258 3236 414 3306 ἡμᾶς
477 3232 714 3303 θεωρίας
781 3228 1094 3284 ἀναϐαίνειν
1160 3227 1438 3297 ίσχύομεν.
1497 3225 1712 3292 ’Ὥσπερ
1767 3217 1860 3274 οὖν

260 3326 459 3396 ἀμέλει
502 3325 600 3377 καὶ
644 3326 671 3377 6
704 3323 865 3392 σοφὸς
899 3322 1106 3382 ἐκεῖνος
1150 3318 1402 3388 εὐνοῦχος
1453 3314 1859 3370 ἀνεπυνθάνετο

256 3418 355 3471 τοῦ
397 3415 712 3478 Φιλίππου,
760 3415 874 3483 τῆς,
904 3412 1034 3482 ’περὶ¹
1081 3408 1321 3480 Χριστοῦ
1372 3405 1711 3478 προφητείας
1755 3407 1854 3458 ὲπ-

258 3507 643 3579 ακροώμενος·
686 3504 940 3586 «υΔέομαί
983 3519 1100 3566 σου,
1129 3500 1258 3570 περὶ
1309 3499 1454 3562 τίνος
1499 3500 1526 3551 6
1569 3498 1858 3567 προφήτης

256 3601 406 3670 λέγει
433 3641 448 3664 ,
500 3599 633 3668 περὶ
679 3595 875 3651 ἑαυτοῦ
921 3595 953 3666 ἢ
1002 3595 1130 3664 περὶ
1175 3591 1363 3663 ἑτέρου
1411 3589 1592 3652 trs/6;;
1634 3609 1652 3640 ³
1694 3589 1858 3659 ’θρᾷῖ

260 3694 411 3755 ὅπως
454 3692 553 3744 τὸν
600 3690 820 3758 γείτονα
854 3686 1131 3740 συλλαϐὼν
1166 3685 1353 3754 (ἐγγὺς
1398 3682 1506 3750 γὰρ
1535 3680 1777 3750 ἀλλήλων
1809 3681 1858 3732 οἱ

261 3786 469 3845 πάντες
519 3782 711 3851 ἐσμὲν,
750 3781 864 3833 ὅσοι
905 3780 985 3843 εἰς
1024 3778 1116 3832 τὸν
1149 3777 1246 3830 ἕνα
1280 3773 1372 3828 καὶ
1409 3770 1586 3826 κοινὸν
1625 3772 1721 3840 τῆς
1765 3770 1855 3822 πί-

261 3893 436 3941 στεως
452 3874 662 3945 λόγον),
682 3873 907 3944 μέτοχος
919 3873 1020 3944 ήδη
1035 3870 1129 3924 τοῦ
1152 3867 1342 3939 νοητοῦ
1365 3865 1636 3937 προϐάτου
1653 3863 1738 3916 διὰ
1757 3862 1858 3932 τῆς

257 3972 498 4044 ἐρεύνης
522 3966 916 4022 ἀνεδεικνύετο.
955 3965 1138 4031 Ἢξίου
1160 3963 1271 4033 γὰρ
1300 3960 1460 4022 εὐθὺς
1489 3959 1584 4012 καὶ
1610 3954 1859 4027 βεϐαπτί-

261 4064 415 4127 σθαι,
448 4060 550 4114 καὶ
576 4059 640 4131 δὴ
675 4060 769 4112 καὶ
805 4056 1188 4127 βεϐάπτισται.
1233 4071 1249 4104 ι
1282 4053 1464 4104 Ἔστω
1500 4049 1582 4113 δὲ,
1612 4047 1766 4117 φησὶ,
1797 4045 1858 4097 τὸ

256 4150 555 4222 πρόϐατον
591 4149 817 4202 τέλειον.
870 4164 889 4197 ι
944 4147 1134 4199 Πάντα
1184 4143 1294 4213 γὰρ
1343 4137 1411 4212 ἦν
1439 4140 1497 4192 ὲν
1539 4135 1761 4207 Χριστῷ
1791 4134 1859 4187 τά

255 4243 554 4314 θεοπρεπῆ
587 4240 966 4312 γνωρίσματα.
1019 4236 1158 4291 Ἀλλ’
1182 4235 1323 4288 ἔστω
1357 4232 1452 4286 καὶ
1487 4229 1675 4301 ἄρσεν,
1711 4230 1739 4280 6
1773 4243 1858 4280 νο-

257 4335 511 4405 μοθέτης
563 4331 889 4403 διήγγειλεν.
926 4328 1098 4390 Αὐτὸς
1136 4325 1244 4395 γὰρ
1283 4320 1350 4395 ἦν
1390 4340 1452 4376 τε
1486 4321 1580 4375 καὶ
1623 4317 1791 4380 ἐστιν,
1828 4316 1857 4368 6

1949 487 2132 531 autem
2177 477 2328 546 pacis
2363 492 2462 546 per
2505 476 2919 531 conversionem
2955 479 3023 534 ad
3061 480 3259 550 ipsum.
3295 482 3437 549 Quin
3472 497 3530 543 et

1948 569 2127 624 noctis
2167 570 2444 638 princeps,
2475 569 2581 623 hoc
2614 578 2697 623 est
2743 569 3016 635 diabolus,
3046 585 3236 629 contra
3280 577 3531 636 sublatus

1946 669 2050 716 est.
2085 661 2330 716 Observa
2368 678 2498 716 vero
2537 677 2650 732 quo
2690 673 2852 732 pacto
2877 679 2987 718 non
3021 667 3345 737 simpliciter
3383 671 3531 729 dicat

1949 755 2302 809 auferendam
2331 769 2455 809 esse
2479 755 2688 819 lunam,
2716 756 2810 810 sed
2839 758 3024 826 potius
3054 759 3318 825 vicissim,
3349 763 3463 819 sive
3498 781 3530 819 e

1946 845 2228 900 contrario
2269 844 2625 900 auferendam
2655 861 2795 911 esse,
2835 853 2893 899 ut
2923 848 3032 919 jam
3057 849 3326 916 sublatus,
3366 861 3530 923 atque

1948 937 2084 992 adeo
2125 937 2370 1002 omnino,
2419 938 2548 1006 quia
2593 938 2844 993 diabolus
2895 940 3052 1008 prius
3096 941 3300 996 occidit
3347 945 3529 1001 homi-

1949 1044 2110 1093 nem,
2149 1028 2381 1098 ideoque
2417 1037 2473 1082 et
2507 1029 2623 1099 ipse
2657 1029 2898 1085 vicissim
2937 1033 3154 1088 occisus
3177 1041 3281 1089 est.
3321 1055 3339 1086 σ
3369 1038 3530 1093 Acci-

1949 1120 2100 1190 piant
2125 1121 2313 1191 igitur,
2346 1121 2442 1185 ait,
2479 1124 2858 1193 unusquisque
2883 1140 3082 1195 agnum
3121 1144 3219 1198 per
3249 1129 3461 1185 domos.
3505 1151 3525 1183 ι

1947 1214 2082 1268 Nam
2128 1212 2382 1268 Christus
2423 1215 2665 1284 perfecte
2709 1216 2918 1272 habitat
2965 1219 3021 1273 in
3065 1235 3398 1292 unoquoque
3431 1239 3532 1293 per

1949 1303 2187 1373 Spiritus
2220 1305 2394 1358 sancti
2426 1306 2926 1375 participationem,
2958 1325 3062 1364 nec
3096 1317 3277 1366 tamen
3321 1313 3533 1370 divisus

1947 1407 2051 1460 est,
2091 1399 2236 1453 sicut
2275 1401 2351 1454 ait
2381 1400 2584 1455 Paulus
2605 1400 2644 1455 δ.
2689 1403 2893 1456 Verum
2931 1404 2978 1458 si
3009 1405 3215 1460 fuerint
3243 1409 3533 1476 pauciores

1948 1505 2111 1558 quam
2136 1499 2196 1543 ut
2216 1491 2429 1559 possint
2448 1492 2614 1548 cdere
2639 1508 2858 1564 agnum,
2877 1505 3159 1552 accersent
3178 1499 3246 1553 ad
3270 1514 3329 1554 se
3349 1501 3534 1570 proxi-

1951 1597 2100 1635 mum
2139 1583 2379 1637 vicinum
2417 1600 2599 1639 suum.
2642 1584 2747 1651 Qui
2790 1586 2937 1641 enim
2976 1604 3086 1643 non
3130 1590 3336 1646 habent
3369 1607 3436 1646 ex
3471 1609 3532 1650 se

1952 1670 2103 1741 ipsis,
2127 1682 2185 1727 ut
2205 1673 2305 1728 soli
2324 1690 2422 1744 per
2439 1691 2496 1730 se
2512 1676 2726 1745 possint
2746 1677 2986 1746 perfecte
3006 1679 3314 1751 intelligere
3328 1681 3531 1739 Christi

1951 1765 2296 1836 mysterium,
2320 1782 2424 1821 nec
2449 1766 2726 1822 sufﬁciunt
2754 1769 2822 1823 ad
2855 1769 3274 1841 intelligentiam
3301 1789 3424 1844 quae
3450 1787 3535 1830 est

1951 1857 2018 1912 de
2060 1857 2199 1926 ipso,
2226 1867 2450 1928 propter
2478 1861 2679 1915 mentis
2711 1877 2824 1916 suae
2857 1862 3256 1930 inﬁrmitatem,
3285 1873 3401 1921 tum
3440 1867 3532 1922 iti-

1951 1950 2075 2004 dem
2101 1950 2397 2020 participes
2425 1950 2558 2005 ﬁent
2585 1952 2758 2021 ipsius
2795 1954 3036 2024 acceptis
3068 1955 3136 2009 ad
3167 1971 3226 2012 se
3255 1957 3534 2022 ﬁdelibus,

1952 2051 2210 2112 tanquam
2235 2043 2572 2112 cooperariis
2597 2051 2761 2114 atque
2791 2045 3158 2115 adjutoribus.
3196 2049 3362 2119 27o
3397 2050 3536 2104 Nam

1952 2148 2332 2204 saepenumero
2361 2133 2440 2198 ﬁt,
2467 2144 2528 2189 ut
2557 2150 2656 2206 per
2685 2143 2933 2190 mutuam
2969 2137 3396 2204 institutionem,
3423 2155 3539 2194 ma-

1948 2226 2097 2296 jores
2134 2242 2298 2296 quam
2339 2243 2439 2297 per
2480 2243 2580 2282 nos
2616 2227 2768 2298 ipsos
2800 2229 2852 2283 in
2887 2245 3054 2286 sensu
3094 2230 3372 2300 spirituali-
3407 2247 3540 2302 pro—

1953 2332 2173 2387 gressus
2196 2318 2483 2374 faciamus.
2523 2318 2679 2374 Sicut
2711 2319 2880 2390 igitur
2908 2320 3001 2376 ille
3026 2336 3157 2376 vere
3195 2323 3414 2392 sapiens
3444 2339 3535 2378 eu-

1954 2409 2099 2464 nuch
2108 2425 2170 2463 us
2194 2409 2568 2481 interrogabat
2586 2410 2901 2481 Philippum
2921 2413 3270 2482 prophetiam
3295 2412 3363 2467 de
3380 2412 3540 2468 Chri-

1953 2506 2059 2564 sto,
2090 2516 2256 2570 quam
2301 2502 2551 2568 audiens,
2593 2502 2733 2557 dixit
2773 2521 2785 2556 :
2833 2522 2851 2554 σ
2883 2505 3037 2574 Rogo
3081 2512 3154 2567 te,
3185 2504 3254 2560 de
3298 2521 3408 2574 quo
3447 2505 3541 2561 hic

1953 2591 2202 2661 loquitur
2227 2594 2495 2662 propheta
2525 2611 2536 2646 :
2566 2593 2635 2648 de
2663 2610 2742 2659 se,
2775 2610 2844 2648 an
2872 2595 2980 2648 alio
3006 2595 3193 2664 aliquo
3219 2595 3276 2648 ’ἲ
3310 2614 3329 2646 ι
3375 2595 3542 2651 Vides

1953 2699 2064 2752 quo
2092 2693 2251 2754 pacto
2294 2685 2556 2739 habuerit
2595 2686 2907 2754 proximum
2947 2687 3190 2741 vicinum
3223 2687 3540 2756 (propinqui

1953 2775 2101 2829 enim
2138 2775 2374 2830 invicem
2410 2791 2602 2830 omnes
2635 2792 2848 2841 sumus,
2878 2785 3147 2846 quantum
3184 2778 3252 2832 ad
3286 2793 3451 2836 unam
3484 2789 3542 2833 et

1954 2881 2301 2922 communem
2330 2867 2460 2922 ﬁdei
2490 2868 2760 2924 rationem
2795 2867 3014 2938 attinet)
3041 2878 3099 2924 et
3120 2869 3398 2939 particeps
3422 2871 3540 2939 spi-

1956 2961 2172 3016 ritualis
2209 2961 2332 3032 agni
2361 2976 2460 3030 per
2492 2961 2636 3015 hanc
2659 2959 3073 3030 inquisitionem
3101 2959 3174 3014 sit
3207 2959 3538 3016 declaratus.

1878 3072 1924 3133 C
1953 3051 2251 3106 Confestim
2281 3051 2430 3105 enim
2465 3050 2673 3120 dignus
2686 3049 2936 3105 redditus
2963 3058 3050 3105 est
3077 3050 3366 3121 baptizari,
3397 3052 3542 3108 sicut

1961 3151 2016 3197 et
2057 3142 2364 3212 baptizatus
2407 3149 2508 3196 est.
2554 3161 2571 3193 ι
2617 3141 2700 3196 Sit
2747 3150 2956 3206 autem,
2997 3141 3096 3207 ait,
3137 3158 3311 3213 agnus
3356 3144 3542 3213 perfe-

1961 3240 2103 3295 ctus,
2137 3251 2154 3283 ι
2200 3231 2329 3301 quia
2372 3246 2564 3286 omnes
2608 3230 2808 3286 divina:
2853 3231 3199 3300 cognitiones
3240 3241 3372 3287 sunt
3414 3248 3542 3302 per-

1960 3321 2117 3378 fecta:
2153 3323 2209 3376 in
2252 3321 2492 3376 Christo.
2533 3321 2700 3391 Atqui
2743 3329 2803 3375 ut
2837 3322 2909 3375 sit
2942 3322 3239 3387 masculus,
3269 3322 3423 3377 addit
3461 3323 3542 3378 le-

1959 3412 2202 3483 gislator.
2247 3411 2382 3465 Nam
2417 3411 2535 3480 ipse
2567 3419 2686 3466 erat
2725 3418 2782 3465 et
2815 3418 2901 3466 est
2930 3411 2980 3465 is
3005 3411 3100 3481 qui
3124 3413 3384 3468 omnibus
3412 3429 3546 3485 sugc

1958 3504 2102 3574 gerit
2138 3503 2337 3558 divina:
2374 3503 2710 3573 cognitionis
2753 3505 2984 3571 semina,
3013 3520 3076 3559 ac
3119 3505 3290 3561 veluti
3333 3513 3544 3562 terram

1958 3593 2252 3663 quamdam
2284 3592 2587 3647 lubentem.
2615 3592 3005 3659 Quamobrem,
3034 3595 3179 3650 sicut
3211 3605 3270 3650 et
3306 3598 3546 3667 prophe-

1957 3686 2101 3740 ticus
2141 3685 2307 3738 habet
2343 3699 2546 3748 sermo,
2586 3684 2634 3738 is
2668 3684 2883 3754 perﬁcit
2917 3686 3029 3739 Deo
3061 3701 3126 3740 ac
3161 3687 3308 3742 Patri
3345 3688 3544 3744 huma-

1957 3792 2084 3830 nam
2119 3783 2372 3831 naturam
2403 3792 2503 3845 per
2533 3776 2815 3846 Evangelii
2848 3778 3142 3844 praeconia.
3185 3778 3456 3834 Praeterea
3483 3789 3545 3835 ut

1958 3868 2248 3923 anniculus
2284 3868 2354 3921 sit
2386 3867 2566 3937 jubet,
2607 3877 2701 3920 aut
2733 3867 2946 3920 ratione
2986 3868 3270 3935 temporis,
3296 3884 3366 3923 ne
3401 3869 3544 3925 forte

1959 3959 2028 4013 sit
2070 3958 2455 4028 imperfectus,
2499 3958 2702 4027 quippe
2745 3956 2842 4026 qui
2888 3956 3135 4010 nondum
3186 3959 3546 4029 compleverit

1958 4061 2162 4100 annum
2190 4063 2202 4098 :
2230 4053 2324 4099 aut
2349 4055 2497 4100 certe
2523 4045 2654 4115 quia
2686 4044 2887 4099 festum
2916 4046 3028 4100 Deo
3053 4048 3389 4104 conveniens
3410 4066 3541 4119 pro-

1959 4144 2080 4206 pter
2115 4135 2424 4205 passionem
2457 4135 2690 4206 singulis
2713 4135 2873 4190 annis
2903 4135 3186 4191 celebrare
3216 4137 3420 4193 debent
3442 4139 3542 4206 illi,

1958 4229 2052 4299 qui
2093 4228 2236 4283 bona
2272 4243 2371 4297 per
2400 4227 2576 4298 ipsam
2603 4227 2913 4298 passionem
2945 4228 3320 4286 lucrifaciunt.
3345 4231 3415 4288 Ut
3446 4249 3545 4288 au-

1961 4330 2072 4376 tem
2099 4337 2162 4376 ex
2204 4321 2359 4392 agnis
2390 4328 2448 4376 et
2483 4320 2664 4376 haedis
2702 4321 3025 4390 accipiatur,
3057 4322 3323 4390 praecipit.
3355 4322 3547 4394 Agnus

252 4429 434 4480 πᾶσιν
465 4427 600 4495 ἡμῖν
632 4423 795 4485 ἐνιεὶς
820 4421 923 4491 τῆς
953 4417 1286 4489 θεογνωσίας
1313 4415 1382 4468 τά
1425 4411 1737 4484 σπέρματα,
1764 4409 1852 4462 καὶ

1960 4414 2184 4484 quidem
2230 4421 2489 4484 tanquam
2533 4429 2734 4484 purum
2777 4421 2833 4467 et
2878 4413 3290 4468 immaculatum
3333 4417 3544 4471 sacriﬁ-

251 4518 460 4588 ὥσπερ
494 4517 618 4570 τινὰ
647 4516 750 4586 γῆν
779 4513 1031 4585 θελητήν.
1066 4512 1280 4579 ’Ὠσπερ
1321 4501 1414 4560 οὖν
1448 4504 1537 4558 καὶ
1578 4503 1608 4555 6
1635 4517 1848 4573 προφη-

250 4609 418 4671 τικὸς
453 4608 568 4676 ἔχει
611 4606 766 4673 λόγος
791 4644 806 4670 ,
842 4601 1110 4657 ἐπιτελῶν
1148 4599 1228 4670 τῷ
1263 4595 1382 4667 Θεῷ
1424 4597 1518 4649 καὶ
1550 4593 1728 4663 Πατρὶ
1758 4591 1856 4662 τὴν

254 4699 674 4771 ἀνθρωπότητα
716 4695 804 4750 διὰ
855 4695 966 4748 τῶν
1032 4687 1401 4760 εύαγγελικῶν
1457 4686 1855 4758 κηρυγμάτων.

265 4791 446 4843 Ἀλλὰ
489 4789 630 4860 πρὸς
660 4787 872 4850 τούτοις
905 4786 1000 4840 καὶ
1029 4783 1298 4838 ἐνιαύσιον
1341 4780 1505 4843 ἔστω,
1540 4779 1574 4848 ἢ
1603 4777 1743 4832 κατὰ
1765 4777 1854 4828 τὸν

251 4884 486 4955 χρόνον,
515 4882 605 4934 ἵνα
641 4881 716 4950 μὴ
818 4879 894 4940 ὡς
927 4875 1135 4939 ἀτελὲς,
1167 4873 1323 4928 οὒπω
1357 4867 1738 4941 πληρωθέντος
1769 4867 1854 4920 ἐπ’

251 4975 420 5046 αὐτῷ
461 4972 559 5026 τοῦ
588 4972 762 5034 ἔτους·
801 4971 835 5041 ἢ
875 4967 1076 5038 ὄτιτὴν
1113 4966 1206 5019 ἐπὶ
1233 4964 1311 5035 τῷ
1356 4961 1520 5016 πάθει
1566 4958 1858 5028 θεοπρεπε-

254 5067 476 5134 στάτην
509 5064 704 5134 ἑορτὴν
732 5061 856 5115 καθ’
885 5061 1117 5114 ἕκαστον
1151 5058 1271 5120 ἐτος
1300 5052 1526 5124 ἔμελλον
1563 5049 1856 5116 ἐπιτελεῖν,

248 5161 301 5211 οὶ
326 5159 406 5212 τὰ
455 5158 524 5210 ὲκ
555 5154 650 5209 τοῦ
693 5153 898 5217 πάθους
939 5148 1434 5222 άποκερδαίνοντες
1475 5143 1674 5212 ἀγαθά.
1729 5141 1862 5194 Ἀπὸ

249 5251 311 5304 δὲ
337 5250 464 5305 τῶν
491 5249 684 5319 ἀμνῶν
715 5249 808 5301 καὶ
833 5247 944 5301 ἀπὸ
979 5244 1089 5298 τῶν
1125 5243 1331 5315 ἐρίφων
1372 5235 1748 5308 λαμϐάνεσθαι
1774 5235 1863 5288 λέ-

247 5361 368 5409 γει.
415 5342 537 5396 Καὶ
568 5343 598 5394 6
633 5340 733 5410 μὲν
781 5339 954 5408 ἀμνὸς
999 5337 1074 5400 ὡς
1105 5333 1345 5405 καθαρόν
1382 5347 1444 5384 τε
1490 5329 1584 5382 καλ⁵
1629 5329 1859 5400 ἄμωμον

249 5433 416 5503 θῦμα
447 5432 596 5485 κατά
637 5431 805 5500 νόμον
861 5432 1085 5492 νοεῖται,
1136 5427 1196 5480 τὺ
1222 5426 1280 5479 δὲ
1318 5423 1428 5479 τῶν
1467 5423 1672 5495 ἐρίφων
1706 5420 1860 5488 γένος

247 5526 409 5596 ὑπὲρ
451 5521 562 5575 τῶν
593 5522 878 5596 ἁμαρτιῶν
909 5522 996 5574 ἀεὶ
1034 5517 1113 5588 τῷ
1140 5516 1514 5587 θυσιαστηρίῳ
1554 5512 1860 5585 προσφέρε-

1955 4504 2101 4558 cium
2145 4503 2473 4574 intelligitur
2502 4500 2807 4556 secundum
2850 4500 3027 4569 legem
3063 4517 3075 4551 :
3107 4499 3395 4554 hmdorum
3440 4517 3544 4556 anu

1963 4606 2071 4651 tem
2109 4611 2284 4666 genus
2317 4611 2418 4666 pro
2447 4593 2690 4665 peccatis
2727 4607 2946 4662 semper
2976 4592 3209 4649 offertur
3233 4593 3366 4650 Deo.
3396 4594 3547 4651 Idem

1960 4697 2017 4742 et
2046 4687 2102 4743 in
2128 4688 2350 4744 Christo
2381 4687 2647 4756 reperies.
2675 4685 2812 4740 Nam
2839 4694 2895 4741 et
2921 4685 3039 4755 ipse
3075 4694 3196 4742 erat
3221 4688 3546 4742 immacula-

1963 4789 2077 4834 tum
2116 4777 2472 4841 sacriﬁcium,
2506 4784 2562 4830 et
2601 4776 2656 4830 in
2691 4775 2918 4830 odorem
2941 4776 3246 4836 suavitatis
3278 4777 3548 4832 offerebat

1960 4871 2201 4939 seipsum
2224 4870 2337 4923 Deo
2358 4883 2421 4920 ac
2443 4867 2613 4930 Patri,
2641 4875 2806 4936 atque
2829 4882 2930 4922 ceu
2956 4866 3162 4922 hmdus
3182 4883 3282 4937 pro
3307 4866 3551 4936 peccatis

1962 4959 2169 5014 nostris
2210 4958 2553 5012 mactahatur
2584 4957 2623 5010 ⁸.
2665 4956 2942 5012 Caeterum
2988 4965 3110 5027 post
3157 4957 3548 5012 mactationem

1957 5052 2118 5121 jubet
2163 5049 2429 5120 sanguine
2484 5049 2622 5103 illini
2672 5058 2859 5120 postes
2904 5048 3199 5103 domorum
3238 5057 3295 5102 et
3328 5047 3545 5103 limen:

1963 5141 2101 5196 nihil
2125 5139 2295 5205 aliud,
2310 5153 2431 5194 mea
2453 5140 2678 5208 quidem
2699 5138 2992 5202 sententia,
3007 5136 3318 5208 signiﬁcare
3336 5137 3548 5204 volens,

1965 5249 2130 5306 quam
2153 5244 2217 5290 ut
2234 5232 2552 5288 venerando
2571 5241 2630 5288 et
2651 5232 2896 5300 pretioso
2919 5229 3126 5286 Christi
3148 5231 3416 5302 sanguine
3441 5240 3553 5286 ter-

1965 5342 2154 5383 renam
2188 5337 2438 5382 nostram
2469 5325 2693 5381 domum
2720 5324 3035 5381 muniamus
3059 5332 3226 5394 atque
3257 5323 3546 5385 vallemus,

1968 5421 2074 5476 hoc
2094 5429 2201 5484 est,
2228 5433 2428 5489 corpus
2459 5427 2732 5482 nostrum,
2766 5425 3000 5472 mortem
3037 5431 3203 5488 quam
3236 5431 3336 5486 per
3375 5424 3562 5470 trans-

1968 5511 2302 5582 gressionem
2335 5510 2747 5566 incurreramus
2775 5524 2875 5580 per
2903 5507 3032 5564 vitae
3073 5506 3548 5578 participationem

315 5701 350 5740 ⁸
418 5698 448 5755 1
503 5696 633 5751 Cor.
673 5713 768 5760 xu,
803 5697 856 5750 4.
936 5697 956 5728 ⁸
993 5694 1112 5749 Act.
1155 5710 1268 5759 vm,
1313 5692 1400 5747 54.
1479 5691 1498 5721 ⁸
1534 5689 1734 5759 Ephes.
1765 5688 1852 5754 v,1

1953 5685 2188 5755 Philipp.
2220 5683 2387 5750 tv,l8.

526 5793 801 5856 PATROL.
845 5794 965 5854 (in.
1014 5791 1229 5854 LXIX.

3199 5773 3273 5838 14
