4024 6198
472 325 570 381 ιει

1471 314 1527 369 S.
1560 310 1838 369 C‘YRILLI
1877 308 2345 365 ALEXANDRINI
2384 311 2702 369 ARCIHEP.

3627 314 3733 371 828

462 439 820 510 depellentes.
866 433 990 489 Vita
1046 431 1195 488 enim
1241 436 1299 485 et
1348 428 1711 486 sanctiﬁcatio
1755 436 1840 482 cst
1886 425 2049 480 nobis

2161 445 2263 481 ται.
2312 425 2580 500 Εὖρήσεις
2614 430 2673 484 δὲ
2706 430 2865 485 τοῦτο
2908 432 3001 485 καὶ
3038 434 3095 485 ἐν
3140 431 3379 503 Χριστῷ.
3412 428 3522 488 Ἦν
3570 434 3674 505 γάρ
3702 436 3730 486 ὁ

459 530 669 585 Christi
703 526 1039 583 communio.
1077 525 1144 579 Et
1173 538 1299 579 cum
1331 522 1717 593 prepulscmus
1745 518 1923 588 ipsum
1955 531 2048 571 ex-

464 620 900 681 terminatorem,
926 614 1354 686 longissimeque
1378 628 1406 667 a
1437 611 1600 667 nobis
1628 609 1931 665 daemonem
1966 607 2047 661 in-

462 712 755 766 sidiantem
788 708 1138 779 sejungamus
1173 719 1273 775 per
1308 704 1648 767 unctionem,
1678 711 1791 757 tum
1820 699 2047 754 affectus

463 803 766 870 carnalium
788 799 1271 871 perturbationum
1294 795 1711 852 mortiﬁcamus.
1747 814 1765 846 ι
1787 794 2000 857 Portas,
2020 810 2039 844 ι

462 904 647 951 autem
686 893 854 959 illius,
884 892 953 948 de
986 908 1095 963 qua
1126 891 1290 946 modo
1316 890 1578 954 diximus,
1620 887 1839 950 domus,
1881 885 2045 940 intel-

464 993 601 1062 liges
645 1004 841 1044 sensus
879 997 1119 1053 nostros,
1159 1002 1259 1059 per
1297 1003 1437 1057 quos
1488 984 1751 1041 cordibus
1798 983 2045 1037 omnium

464 1084 623 1153 27],
658 1064 1331 1137 subministraturrerum
1361 1078 1617 1149 qualitas,
1643 1087 1806 1147 atque
1833 1074 2047 1130 inﬁnita

464 1175 826 1246 cupiditatum
847 1172 1149 1229 multitudo
1173 1171 1503 1227 infunditur.
1532 1170 1688 1226 Unde
1704 1178 1761 1224 et
1781 1166 2048 1238 propheta

463 1270 578 1326 ioci
617 1275 777 1324 vocat
805 1268 1084 1338 fenestras,
1113 1265 1342 1320 dicens:
1382 1283 1400 1315 ι
1436 1262 1602 1330 Quasi
1641 1277 1741 1332 per
1779 1260 2047 1315 fenestras

466 1372 682 1420 nostras
727 1362 951 1433 quidam
1007 1360 1160 1415 fures
1203 1358 1586 1430 ingredientur
1618 1357 1663 1422 ",
1699 1374 1717 1407 ι
1767 1353 1895 1425 quia
1936 1366 2044 1406 non

465 1462 625 1509 erant
648 1454 912 1525 sanguine
937 1451 1143 1508 Christi
1175 1450 1345 1505 uncti.
1381 1448 1650 1518 Praecepit
1678 1455 1861 1502 autem
1895 1452 1956 1499 ut
1990 1442 2045 1498 in

466 1544 571 1597 hac
612 1550 775 1597 nocte
817 1555 946 1596 caro
993 1539 1337 1605 comedatur,
1362 1538 1469 1593 hoc
1500 1547 1603 1604 est,
1629 1537 1684 1592 in
1718 1535 1920 1591 5320010
1958 1534 2043 1588 in-

466 1642 666 1691 stante.
702 1634 782 1687 lta
803 1633 950 1687 enim
984 1631 1091 1688 hoc
1118 1631 1322 1687 Paulus
1348 1629 1585 1694 vocavit,
1611 1629 1804 1686 dicens
1830 1645 1843 1681 :
1881 1647 1899 1678 ι
1929 1626 2047 1681 Nox

466 1722 768 1795 praecessit,
812 1720 934 1776 dies
981 1728 1164 1775 autem
1213 1717 1673 1789 appropinquavit
1704 1718 1744 1770 ⁸.
1785 1735 1803 1767 ι
1853 1715 1914 1769 In
1959 1715 2046 1768 his

2153 520 2334 587 αὐτὸς,
2370 523 2463 575 καὶ
2507 521 2582 586 ὡς
2629 523 2859 594 ἄμωμον
2903 526 3121 594 ἱερεῖον,
3157 527 3237 588 εἰς
3279 524 3458 595 ὀσμὴν
3502 523 3725 587 εὐωδίας

2153 611 2444 683 ἀναφέρων
2470 613 2663 667 ἑαυτὸν
2691 614 2769 685 τῷ
2800 615 2920 686 Θεῷ
2950 615 3042 669 καί
3083 617 3281 687 Πατρὶ,
3319 617 3414 669 καί⁵
3444 616 3519 678 ὡς
3548 616 3728 686 ἔριφος

2155 703 2297 774 ὺπέρ
2322 703 2432 759 τῶν
2460 706 2743 777 ἡμετέρων
2781 707 3067 779 ἁμαρτιῶν
3098 708 3462 778 σφαζόμενος.
3493 706 3647 760 Μετὰ
3673 707 3729 759 δέ

2153 811 2217 864 γε
2261 796 2360 868 τὴν
2405 799 2658 869 σφαγὴν,
2706 800 3027 870 καταχρίειν
3072 799 3149 870 τῷ
3205 801 3402 870 αἵματι
3450 800 3578 861 τοὺς
3622 799 3729 851 τῶν

2153 883 2470 953 οἰκημάτων
2523 885 2802 957 σταθμοὺς
2832 890 2927 940 καί⁸
2967 887 3068 958 τὴν
3101 889 3261 957 φλιὰν
3295 889 3602 951 ἐπιτάττει,
3634 889 3731 957 οὐχ

2154 974 2344 1045 ἔτερόν
2365 992 2418 1029 τι
2445 979 2732 1048 σημαίνειν
2755 977 2974 1043 ἐθέλων,
2999 978 3075 1043 ὣς
3104 978 3279 1051 γέίμοι
3306 979 3482 1044 δοκεῖ,
3505 981 3637 1052 ῆὸτι
3656 979 3733 1051 τῷ

2157 1067 2340 1138 σεπτῷ
2370 1069 2466 1122 καὶ
2506 1070 2671 1141 τιμίῳ
2700 1070 2893 1142 αἵματι
2928 1070 3024 1125 τοῦ
3060 1071 3328 1143 Χριστοῦ,
3360 1072 3460 1143 τὴν
3491 1073 3732 1141 ἐπίγειον

2155 1158 2366 1212 ἑαυτῶν
2430 1160 2608 1215 οἰκίαν
2656 1160 3099 1233 άσφαλιζόμεθα,
3152 1162 3503 1235 τουτέστιτδ
3550 1163 3729 1235 σῶμα,

2153 1249 2252 1321 τὴν
2279 1251 2343 1337 ἐκ
2373 1252 2744 1323 παραϐάσεως
2776 1253 3046 1324 νέκρωσιν
3071 1253 3157 1307 διά
3195 1255 3431 1326 μετοχῆς
3454 1254 3555 1324 τῆς
3587 1254 3735 1326 ζωῆς

2154 1341 2546 1406 ἐξελαύνοντες.
2594 1340 2717 1413 Ζωὴ
2768 1341 2878 1413 γὰρ
2925 1341 3020 1395 καὶ
3067 1342 3367 1412 ἁγιασμὸς,
3406 1345 3438 1412 ἡ
3493 1340 3730 1413 Χριστοῦ

2156 1430 2378 1500 μετοχή.
2410 1429 2520 1483 Καὶ⁵
2546 1428 2708 1484 αὑτὸν
2728 1430 2786 1484 δέ
2819 1429 3226 1504 θορυϐό[ῦ]ντες
3253 1431 3343 1484 τὸν
3380 1430 3727 1502 ὸλοθρευτὴν,

2153 1519 2227 1583 ὡς
2268 1520 2409 1589 ἄγαν
2445 1520 2701 1576 ἁποτάτω
2742 1520 3057 1592 ποιούμενοι
3110 1521 3203 1575 διὰ
3231 1522 3327 1591 τῆς
3369 1520 3606 1591 κρίσεως
3642 1521 3731 1572 τὸν

2154 1609 2580 1667 ἐπιϐουλεύοντα
2620 1612 2884 1681 δαίμονα,
2905 1610 2974 1664 τὰ
2995 1612 3058 1667 ἐκ
3084 1610 3364 1684 σαρκικῶν
3411 1611 3732 1681 κινημάτων

2153 1701 2614 1774 άπονεκρούμεθα
2663 1702 2834 1775 πάθη.
2887 1720 2906 1754 ι
2960 1702 3141 1775 Θύρας
3201 1721 3218 1754 ι
3266 1701 3323 1755 δὲ
3371 1704 3586 1773 νοήσεις
3634 1702 3732 1769 τῆς

467 1793 656 1886 aperte
692 1813 876 1869 innuit
901 1813 1159 1869 saeculum
1190 1810 1457 1878 futurum,
1485 1810 1630 1881 quod
1659 1811 1774 1881 ipse
1796 1807 2051 1864 Christus

2161 1794 2359 1886 ἀρτίως
2388 1795 2522 1864 ἡμῖν
2559 1793 2860 1886 εἰρημένης
2898 1794 3096 1859 οἰκίας,
3129 1793 3229 1857 τὰς
3272 1795 3332 1846 ἐν
3369 1795 3505 1864 ἡμῖν
3536 1793 3731 1862 αἰσθή-

469 1907 723 1963 illustrat.
751 1905 1054 1963 Comedent
1077 1919 1205 1976 ergo
1231 1918 1454 1959 carnem
1489 1903 1546 1957 in
1572 1902 1678 1957 hoc
1699 1900 1922 1965 saeculo,
1951 1900 2045 1953 ait.

464 1996 606 2052 Nam
620 1994 803 2066 quoad
821 2010 1014 2051 sumus
1033 1995 1089 2049 in
1108 1994 1211 2049 hac
1224 1994 1358 2059 vita,
1374 1992 1597 2049 Christo
1619 1989 2053 2047 communicabi-

469 2103 611 2155 mus,
630 2102 731 2159 per
762 2093 1008 2144 sanctam
1040 2100 1261 2141 carnem
1288 2093 1345 2140 et
1363 2083 1667 2155 pretiosum
1703 2081 2048 2152 sanguinem,

468 2179 759 2250 piuguiere
776 2178 1068 2248 loquentes
1081 2176 1266 2231 modo.
1286 2175 1422 2231 Cum
1444 2182 1628 2230 autem
1645 2174 2054 2229 occurrerimus

472 2272 531 2326 in
553 2271 644 2327 die
675 2270 932 2342 potentia:
953 2277 1012 2325 et
1032 2268 1412 2340 virtutiseejus,
1436 2270 1580 2325 sicut
1604 2269 1871 2339 scriptum
1902 2268 2050 2331 cst’,

472 2373 635 2435 atque
671 2364 729 2417 in
764 2363 1083 2418 claritatem’
1104 2368 1423 2416 sanctorum
1463 2360 1894 2425 ascenderimus,
1936 2367 2053 2413 tum

473 2471 666 2512 rursus
686 2455 796 2510 alio
821 2455 986 2510 modo
1015 2452 1504 2518 sanctiﬁcabimur,
1533 2467 1699 2523 quem
1728 2452 1884 2507 novit
1910 2452 2057 2507 futu—

474 2564 658 2603 rerum
706 2549 979 2603 bonorum
1026 2546 1357 2602 distributor
1396 2554 1565 2615 atque
1612 2544 1867 2599 donator.
1908 2543 2058 2599 Alias

472 2648 655 2695 autem
710 2637 1138 2694 communicatio
1187 2644 1390 2692 sanctae
1426 2636 1601 2706 ipsius
1650 2635 1855 2700 carnis,
1892 2642 2057 2704 atque

474 2736 605 2789 item
656 2732 921 2803 poculum
958 2746 1029 2786 ex
1077 2728 1302 2785 salutari
1349 2728 1521 2800 ipsius
1563 2729 1851 2800 sanguine,
1894 2726 2061 2781 habet

473 2824 873 2890 confessionem
918 2821 1116 2877 mortis
1150 2820 1377 2880 Christi,
1418 2835 1541 2890 qum
1576 2828 1806 2891 prepter
1831 2834 1933 2873 nos
1960 2834 2059 2889 pa-

2153 1903 2268 1950 σεις
2318 1885 2542 1957 δηλαδή·
2606 1886 2675 1939 δι’
2738 1879 2814 1941 ὧν
2863 1888 2985 1951 ταῖς
3053 1888 3313 1942 ἁπάντων
3387 1886 3643 1957 καρδίαις
3697 1888 3731 1954 ἡ

2150 1979 2258 2031 τῶν
2309 1977 2652 2050 πραγμάτων
2709 1979 3038 2037 διακονεῖται
3113 1980 3357 2051 ποιότης,
3397 1979 3493 2033 καὶ
3539 1980 3574 2048 ἡ
3624 1978 3732 2030 τῶν

2152 2072 2463 2142 ἐπιθυμιῶν
2516 2073 2825 2146 ἀμέτρητος
2863 2075 3136 2143 ἐπιχεῖται
3186 2071 3414 2144 πληθύς.
3446 2072 3633 2142 Θύρας
3674 2071 3730 2123 δὲ

2153 2163 2322 2229 αὐτάς
2349 2163 2445 2217 καὶ
2471 2165 2499 2217 ὁ
2542 2164 2830 2235 προφήτης
2864 2161 3018 2234 Ἰωὴλ
3049 2162 3307 2229 ὀνομάζει
3344 2160 3518 2229 λέγων
3539 2178 3551 2189 “
3590 2179 3610 2213 ι
3646 2160 3733 2221 Ὠς

2154 2253 2554 2308 εἰσελεύσονται
2587 2270 2732 2318 τινες
2749 2253 2980 2308 κλέπται
3001 2252 3091 2307 διὰ
3121 2252 3228 2306 τῶν
3254 2251 3487 2325 θυρίδων
3511 2252 3725 2322 ήμῶψ»

2154 2348 2215 2401 οὐ
2246 2346 2356 2419 γάρ
2389 2343 2531 2419 ἦσαν
2573 2345 3077 2417 κατακεχρισμέναι
3118 2344 3196 2415 τῷ
3231 2345 3421 2414 αἵματι
3463 2343 3557 2397 τοῦ
3595 2344 3735 2413 Χρι-

2158 2438 2308 2493 στοῦ.
2357 2437 2664 2492 Ἐσθίεσθαι
2698 2437 2755 2491 δὲ
2805 2437 3132 2509 προστάττει
3170 2435 3237 2489 τὰ
3283 2436 3419 2509 κρέα
3464 2435 3635 2506 ταύτῃ
3662 2437 3733 2506 τῇ

2157 2531 2347 2596 νυκτὶ,
2381 2530 2651 2594 τουτέστι,
2695 2527 2839 2584 κατὰ
2877 2528 2969 2582 τὸν
3004 2527 3176 2582 αἰῶνα
3230 2526 3323 2580 τὸν
3377 2526 3733 2598 ἐνεστηκότα.

2158 2623 2317 2677 Οὕτω
2336 2621 2447 2695 γάρ
2475 2622 2637 2677 αὐτὸν
2663 2622 2756 2675 καὶ
2775 2621 2804 2673 ό
2842 2619 3053 2684 Παῦλος
3084 2618 3364 2685 ἐπεκάλει,
3394 2619 3596 2688 λέγων·
3620 2638 3639 2671 ι
3669 2619 3739 2670 Ἡ

2158 2714 2254 2781 νὺξ
2286 2714 2576 2785 προέκοψε,
2610 2713 2644 2782 ὴ
2691 2711 2749 2766 δέ
2790 2710 2972 2783 ἡμέρα
3027 2703 3274 2781 ἧγγικεν.
3302 2729 3319 2761 ι
3375 2709 3618 2780 Ἠμὲραν
3677 2710 3740 2760 ἐν

2159 2807 2371 2870 τούτοις
2403 2803 2701 2877 διαρρήδην
2730 2802 2902 2858 εἰπὼν
2926 2802 3018 2855 τὸν
3041 2800 3213 2855 αἰῶνα
3247 2802 3338 2855 τὸν
3371 2800 3651 2872 μέλλοντα,
3675 2799 3745 2852 ὃν

477 2916 673 2973 tcfacta
699 2924 802 2970 est.
829 2914 908 2969 lta
930 2912 1082 2967 enim
1117 2912 1233 2983 ipse
1262 2910 1395 2967 alibi
1427 2910 1524 2975 ait,
1551 2910 1668 2965 suis
1698 2909 1890 2965 amicis
1914 2909 2059 2979 leges

2161 2900 2324 2963 αὐτὸς
2365 2897 2591 2967 φωτίζει
2632 2895 2885 2967 Χριστός.
2929 2894 3199 2962 Φάγονται
3258 2893 3439 2946 τοίνυν
3485 2892 3553 2944 τά
3596 2891 3739 2960 κρέα

474 3010 542 3065 de
580 3009 685 3063 hoc
714 3006 979 3079 mysterio
1011 2982 1377 3075 praeScribens
1405 3020 1417 3056 :
1451 3020 1471 3053 ι
1498 3001 1724 3068 Quoties
1756 3001 1927 3065 enim,
1960 2999 2059 3064 ait,

2162 2990 2306 3046 κατὰ
2336 2989 2429 3043 τὸν
2457 2987 2630 3042 αἰῶνα
2660 2988 2881 3051 τοῦτον,
2914 2985 3101 3056 φησίν.
3135 2985 3275 3048 Ἕως
3310 2982 3411 3055 μὲν
3434 2983 3544 3053 γάρ
3570 2982 3743 3052 ἐσμὲν

476 3064 943 3157 ιιιιιιιιὶιιειιιίεήιίε
978 3064 1176 3167 panem
1219 3095 1369 3150 hunc
1396 3102 1452 3149 et
1479 3064 1738 3163 poculum
1775 3093 1880 3147 hoc
1901 3092 2059 3145 bibe-

2161 3085 2207 3136 ἐν
2231 3081 2365 3153 τῷδε
2383 3079 2461 3149 τῷ
2481 3078 2669 3147 κόσμῳ
2690 3074 2780 3128 διὰ
2809 3073 2908 3142 τῆς
2936 3072 3094 3138 ἁγίας
3122 3069 3321 3140 σαρκός
3337 3083 3395 3119 τε
3426 3068 3519 3120 καὶ.
3541 3064 3635 3118 τοῦ
3650 3077 3737 3113 τι·

475 3194 618 3258 ritis,
662 3198 898 3246 mortem
933 3149 1151 3243 03mm
1189 3149 1532 3239 annuntiatis
1559 3183 1622 3236 ⁸ο.
1659 3201 1676 3233 ι
1716 3183 1775 3236 in
1811 3182 1916 3236 hoc
1952 3181 2055 3251 igi-

2161 3149 2291 3246 uiou'
2311 3172 2563 3243 αἵματος,
2595 3167 2690 3222 καὶ
2721 3164 3042 3236 παχυτέρως
3070 3161 3149 3215 ἔτι
3184 3159 3602 3232 μεταληψόμεθα
3634 3159 3736 3212 τοῦ

479 3293 568 3338 tur
586 3278 843 3352 praesenti
866 3276 1067 3332 saeculo
1090 3289 1189 3344 per
1220 3271 1695 3343 participationem
1720 3286 1915 3325 eorum
1939 3250 2059 3340 quae

2161 3261 2406 3338 Χριστοῦ.
2437 3262 2530 3324 Εἰς
2548 3258 2722 3328 δὲτὴν
2746 3256 2959 3329 ἡμέραν
2982 3255 3417 3324 καταντήσαντες
3445 3253 3544 3321 τῆς
3571 3250 3739 3305 δυνά-

478 3374 644 3431 modo
683 3377 1003 3427 enumerata
1032 3375 1162 3424 sunt
1191 3367 1393 3423 merito
1427 3363 1877 3419 annuntiabimus
1916 3377 2062 3417 mor-

480 3476 588 3521 tem
618 3461 810 3533 ipsius.
841 3461 981 3516 Cum
1005 3464 1189 3514 autem
1210 3458 1321 3530 jam
1348 3456 1420 3511 sit
1445 3455 1502 3510 in
1527 3454 1700 3526 gloria
1726 3453 1925 3519 Patris,
1949 3468 2061 3508 non

476 3564 789 3627 opportune
817 3551 886 3607 de
917 3549 1170 3622 passione
1193 3546 1593 3604 confessionem
1616 3544 1821 3601 edituri
1846 3559 2059 3609 sumus,

480 3656 537 3703 at
585 3645 771 3718 potius
805 3638 951 3699 eum'
985 3655 1347 3713 agnoscamus
1392 3652 1530 3710 pure
1585 3645 1847 3709 tanquam
1888 3637 2061 3692 Deum

491 3758 509 3794 ι
538 3740 678 3796 facie
717 3738 783 3794 ad
822 3735 1023 3792 faciem
1045 3733 1112 3800 η,
1144 3752 1163 3786 ι
1195 3740 1258 3787 ιιι
1285 3731 1490 3787 Paulus
1514 3729 1591 3784 ait
1617 3746 1632 3784 :
1672 3747 1691 3780 ι
1722 3726 2065 3784 Gloriﬁcabi-

484 3849 607 3890 mus
645 3840 830 3888 autem
873 3829 1049 3893 illum,
1083 3825 1181 3892 ait,
1222 3831 1485 3896 tanquam
1524 3821 1838 3878 Dominum.
1884 3819 2063 3877 Semel

482 3929 632 3986 enim
670 3931 926 3980 mortuus
967 3927 1073 3986 est,
1097 3933 1202 3975 nec
1236 3917 1473 3988 amplius
1505 3915 1744 3970 moritur
1776 3932 1788 3967 :
1819 3927 1972 3968 mors
2012 3913 2065 3968 ei

485 4036 597 4076 non
633 4015 870 4087 amplius
915 4010 1235 4067 dominatur
1263 4008 1330 4075 ",
1364 4026 1384 4059 ι
1437 4008 1593 4080 juxta
1644 4018 1838 4060 vocem
1888 4001 2064 4058 Pauli.

486 4114 724 4180 Ideoque
748 4116 805 4163 et
830 4107 977 4161 idem
1000 4104 1133 4159 alibi
1162 4104 1240 4159 ait
1266 4120 1280 4157 :
1317 4121 1336 4154 ι
1361 4101 1433 4157 Et
1458 4100 1506 4157 si
1528 4098 1889 4172 cognovimus
1911 4096 2069 4153 Chri-

487 4214 634 4259 stum
684 4197 991 4255 secundum
1035 4209 1280 4259 carnem,
1325 4191 1423 4248 sed
1475 4207 1625 4247 nunc
1673 4207 1788 4246 non
1835 4189 2070 4260 amplius

486 4292 870 4366 cognoscimus
892 4288 957 4342 “.
1006 4307 1024 4339 ι
1061 4286 1219 4341 Tunc
1246 4285 1393 4339 enim
1420 4297 1532 4337 non
1563 4299 1632 4338 ex
1662 4284 1753 4348 iis,
1776 4297 1845 4337 ex
1869 4282 2071 4352 quibus

486 4395 570 4443 est
601 4387 747 4441 Deus
777 4397 962 4444 verus,
992 4377 1307 4436 evidentius
1342 4389 1759 4448 cognoscemus,
1793 4388 1917 4428 cum
1957 4374 2071 4444 jam

486 4478 701 4549 cXpleta
730 4479 1218 4540 consummataque
1250 4468 1419 4523 fuerit
1450 4467 1624 4537 ipsius
1654 4463 1982 4528 incarnatio,
2016 4464 2070 4519 in
2105 4484 2150 4541 ι)

2156 3373 2301 3428 μεως
2332 3351 2520 3416 αὐτοῦ,
2548 3348 2730 3414 καθὼς
2755 3348 3085 3419 γέγραπται,
3113 3345 3208 3399 καὶ
3235 3344 3315 3407 εἰς
3347 3343 3446 3408 τὴν
3485 3340 3735 3413 λαμπρά·

2152 3464 2292 3519 τητα
2318 3445 2429 3499 τῶν
2447 3443 2617 3514 ἁγίων
2649 3438 3071 3509 ἀναϐεϐηκότες,
3099 3434 3222 3491 καθ’
3246 3433 3432 3505 ἔτερόν
3453 3449 3573 3486 τινα
3605 3431 3740 3502 τρό-

2155 3556 2257 3595 πον
2278 3532 2727 3607 άγιασθησόμεθα
2782 3530 2963 3597 πάλιν,
2994 3528 3087 3582 καὶ
3130 3526 3206 3591 ὡς
3236 3522 3375 3582 οἶδεν
3404 3525 3434 3578 ὁ
3474 3523 3585 3577 τῶν
3616 3525 3747 3576 ἐσο-

2160 3630 2336 3702 μένων
2363 3627 2583 3698 ἀγαθῶν
2611 3624 2900 3694 διανομεὶις
2949 3621 3044 3675 καὶ
3070 3620 3255 3689 δοτὴρ.
3292 3616 3499 3679 ’Ἄλλως
3529 3633 3589 3668 τε
3642 3616 3748 3669 καὶ

2154 3719 2443 3792 ὁμολογίαν
2467 3715 2692 3789 ἔχειτοῦ
2715 3714 2939 3777 πάθους,
2975 3712 3068 3766 καὶ
3088 3708 3180 3763 τοῦ
3210 3710 3277 3763 δι’
3302 3708 3450 3779 ἡμᾶς
3470 3709 3753 3776 οἰκονομι-

2159 3812 2272 3876 κῶς
2301 3806 2753 3881 παραδειχθέντος
2784 3804 3015 3859 θανάτου
3038 3801 3131 3856 τοῦ
3162 3797 3419 3872 Χριστοῦ,
3455 3798 3556 3868 τῆς
3577 3796 3755 3864 ἁγίας

2160 3902 2325 3959 αὑτοῦ
2355 3900 2555 3972 σαρκὸς
2571 3900 2604 3969 ἡ
2626 3895 2924 3969 μετάληψις
2942 3936 2957 3960 ,
2977 3893 3070 3949 καὶ
3082 3896 3116 3965 ἡ
3136 3891 3295 3955 πόσις
3313 3889 3557 3961 ὁμοίωςή
3572 3889 3636 3941 ἐκ
3648 3886 3755 3940 τοῦ

2164 3992 2432 4065 σωτηρίου
2449 3991 2701 4061 αἵματος.
2721 3986 2877 4043 Οὖτω
2896 3984 2967 4055 γά
2973 4002 3004 4055 ρ
3023 3984 3187 4047 αὑτός
3204 3981 3305 4036 πού
3326 3997 3512 4052 φησιν,
3528 3981 3616 4034 ὅτε
3632 3979 3759 4041 τοίς

2172 4086 2367 4142 ἑαυτοῦ
2381 4083 2682 4154 γνωρίμοις
2697 4077 2924 4142 τοὺςέπὶ
2939 4074 3016 4147 τῷ
3035 4072 3316 4146 μυστηρίῳ
3335 4069 3744 4149 νόμυςέτίθει·

2176 4201 2196 4233 ι
2229 4180 2452 4242 Ὀσάκις
2477 4176 2585 4246 γὰρ
2609 4173 2676 4228 ἂν
2700 4170 2917 4241 ἐσθίητε
2941 4169 3033 4222 τὸν
3054 4167 3217 4239 ἄρτον
3240 4164 3451 4229 τοῦτον,
3469 4164 3660 4234 πίνητε
3686 4163 3752 4217 δὲ

2169 4267 2231 4321 τὸ
2252 4268 2507 4338 ποτήριον
2530 4262 2708 4326 τοῦτο,
2732 4259 2823 4314 τὸν
2847 4258 2980 4329 ὲμδν
3005 4257 3243 4311 θάνατον
3269 4252 3683 4323 καταγγέλλετε.
3726 4276 3746 4304 ο

2172 4354 2384 4410 Οὐκοῦν
2401 4354 2495 4406 ἐπὶ
2516 4351 2615 4423 μέν
2641 4348 2734 4403 τοῦ
2751 4346 3020 4419 παρόντος
3041 4344 3255 4409 αἰῶνος,
3279 4343 3366 4396 διά
3393 4344 3490 4415 μὲν
3524 4342 3623 4412 τῆς
3651 4358 3751 4411 μεο

2175 4447 2340 4519 τοχῆς
2356 4444 2464 4499 τῶν
2481 4441 2684 4514 ἀρτίως
2712 4439 3135 4509 ὠνομασμένων,
3147 4431 3483 4503 καταγγελοῦ
3491 4448 3590 4503 μεν
3603 4430 3759 4484 εἰκό-

488 4522 701 4549 war-Vm
732 4522 1169 4540 νν--η--η--ητ
1196 4522 1213 4525 ν
1252 4522 1289 4523 ρ
1410 4522 1414 4523 ν
1470 4522 1488 4537 .
1970 4522 1979 4528 .

487 4584 595 4640 qua
615 4577 671 4623 et
694 4569 810 4638 ipse
834 4566 1011 4620 factus
1032 4572 1118 4620 est
1139 4576 1286 4617 caro.
1304 4558 1617 4615 ‘Cessa‘bunt
1638 4555 1808 4622 enim,
1834 4565 1897 4611 ut
1915 4570 2059 4611 vero-

2174 4555 2282 4601 τως
2308 4536 2400 4591 τὸν
2426 4533 2653 4588 θάνατον
2666 4528 2832 4583 αὐτοῦ
2848 4528 3001 4583 ’ὅταν
3028 4527 3086 4581 δέ
3111 4525 3296 4580 λοιπὸν
3316 4528 3374 4579 ἐν
3399 4527 3465 4595 τῇ
3491 4522 3621 4595 δόξῃ
3644 4539 3757 4574 πι-

2298 4628 2310 4640 -
2463 4624 2552 4640 -π
2663 4622 2719 4640 t,
2990 4618 3245 4640 _-,____.__
3269 4613 3755 4640 _L__,_,_,~___.,,.__

441 4669 449 4677 ‘
487 4659 689 4723 simile,
728 4668 1012 4712 sermones
1050 4653 1118 4708 de
1147 4651 1322 4722 ipsius
1355 4647 1756 4712 incarnatione,
1785 4647 2072 4718 majorque

487 4749 729 4822 cognitio
759 4740 1007 4816 incipiet,
1039 4751 1096 4798 et
1127 4741 1312 4797 divina
1340 4740 1398 4795 in
1426 4739 1589 4793 nobis
1618 4737 1827 4793 lucebit
1864 4737 2071 4793 intelli-

488 4841 671 4915 gentia
694 4838 868 4909 ipsius
889 4829 1103 4899 sal'utis,
1131 4846 1252 4902 quae
1272 4838 1357 4887 est
1382 4831 1435 4885 in
1463 4829 1635 4901 gloria
1661 4827 1864 4883 divina.
1898 4827 2071 4883 Porro

374 4985 378 4989 ,
484 4933 642 5004 jubet
663 4940 758 4985 eos
777 4925 1116 4995 edere272
1139 4936 1333 4977 carnes
1355 4921 1480 4992 agni
1497 4935 1649 4976 assas
1667 4919 1814 4991 igne,
1837 4936 1903 4975 co
1922 4918 2069 4990 quod

491 5029 741 5093 oporteat
764 5034 861 5076 eos
890 5032 1013 5074 esse
1040 5014 1409 5071 inﬂammatos
1439 5011 1635 5082 spiritu
1662 5013 1756 5082 qui
1782 5013 1976 5067 volunt
2004 5010 2072 5067 ad

493 5110 934 5167 communionem
967 5102 1172 5163 Christi
1202 5099 1483 5156 accedere.
1509 5100 1639 5155 Ideo
1677 5109 1728 5155 ct
1766 5101 1968 5154 Paulus
1990 5101 2075 5171 ju-

2178 4628 2380 4703 ραγένῃ
2395 4624 2491 4680 τοῦ
2506 4622 2742 4695 Πατρὺς,
2762 4621 2865 4675 οὐκ
2882 4618 3155 4690 εὐκαίρως
3171 4618 3250 4671 ἐτι
3268 4617 3367 4688 τὴν
3386 4615 3479 4668 ἐπὶ
3493 4613 3571 4684 τῷ
3587 4613 3759 4666 πάθει
3790 4666 3795 4679 ,

2177 4721 2541 4795 προσοίσομεν
2560 4714 2853 4788 ὁμολογίαν
2879 4711 3049 4783 αὐτῷ,
3073 4710 3187 4765 ἀλλ’
3212 4706 3630 4778 ἐπιγνωσόμεθα
3656 4707 3762 4777 μὲν

2178 4813 2433 4888 καθαρῶς
2443 4812 2518 4877 ὡς
2530 4810 2663 4865 Θεὸν
2680 4828 2698 4861 ι
2720 4808 3010 4880 πρόσωπον
3020 4803 3157 4875 πρὸς
3169 4802 3476 4872 πρόσωπον,
3490 4819 3509 4851 ι
3524 4800 3600 4863 ὡς
3612 4799 3761 4853 Bai}.

2177 4909 2269 4972 λός
2293 4923 2456 4978 φησι·
2485 4925 2503 4958 ι
2527 4900 2963 4970 Δοξολογήσομεν
2980 4897 3110 4968 γάρ,
3142 4893 3326 4965 φησὶν,
3353 4893 3427 4957 ὡς
3454 4891 3759 4961 Δεσπότην.

2183 4999 2364 5064 Ἀπαξ
2374 4998 2482 5069 γάρ
2497 4993 2782 5051 ἀποθανὼν
2793 4992 2975 5045 οὐκέτι
2983 4988 3191 5058 άποθνή
3200 5003 3336 5050 σκει,
3349 4985 3580 5046 θάνατος
3590 4984 3762 5039 αὐτοῦ

2183 5090 2369 5146 οὐκέτι
2402 5088 2668 5158 κυριεύει,
2695 5102 2714 5136 ι
2752 5084 2896 5138 κατὰ
2922 5082 3021 5152 τὴν
3045 5079 3138 5134 τοῦ
3183 5077 3398 5134 Παύλου
3438 5077 3645 5148 φωνήν.
3672 5074 3765 5128 Διὸ

495 5204 588 5257 lict
625 5216 722 5256 eos
767 5219 786 5252 ι
823 5198 1021 5270 spiritu
1065 5197 1282 5251 fervere
1313 5191 1377 5247 ν’.
1412 5211 1430 5243 ι
1479 5192 1585 5246 Sed
1635 5208 1807 5261 panes
1858 5169 2059 5263 quoqm

2174 5182 2238 5254 δὴ
2266 5181 2360 5235 καὶ
2385 5180 2653 5249 ἔφασκεν·
2690 5196 2708 5228 ι
2735 5176 2797 5229 Εἰ
2822 5175 2916 5228 καὶ
2946 5175 3189 5242 ἔγνωμεν
3231 5169 3373 5225 κατά
3401 5169 3579 5241 σάρκα
3626 5169 3766 5238 Χρι-

497 5293 913 5349 infcrmentatos
955 5302 1083 5344 cum
1128 5284 1438 5358 agrestibus
1483 5283 1714 5338 lactucis
1764 5284 2076 5348 comedunt,

496 5383 592 5447 ait,
630 5377 865 5454 ﬁgurate
915 5377 1252 5451 signiﬁcans,
1289 5374 1436 5446 quod
1470 5374 1548 5428 illi
1577 5373 1670 5445 qui
1701 5373 1906 5431 Christi
1949 5389 2078 5444 par-

499 5476 695 5547 ticipes
740 5484 871 5530 sunt
912 5471 1117 5538 eﬂ'ecti,
1149 5468 1390 5525 debeant
1435 5483 1646 5524 animas
1685 5483 1814 5525 suas
1855 5480 2059 5538 pasccrt

2178 5457 2341 5522 θινὸς,
2355 5454 2734 5527 λαμπρότερον
2758 5448 3198 5521 ἐπιγνωσόμεθα,
3218 5444 3769 5519 συμπεπερασμένης
3881 5479 3887 5483 η

570 5674 753 5729 τίθει.
783 5690 840 5736 ιι,
879 5674 930 5728 9.
1029 5674 1050 5705 ⁸
1078 5674 1236 5729 Rom.
1260 5688 1373 5736 ιιιιι,
1407 5671 1484 5726 l9.
1578 5672 1600 5704 ’
1629 5671 1771 5729 Psal.
1806 5685 1911 5735 cxx,
1950 5668 2003 5721 5.

502 5745 547 5778 ⁸³
577 5745 622 5802 ll
650 5743 777 5800 Cor.
808 5760 862 5815 ν,
902 5744 984 5800 16.
1028 5746 1106 5822 ’δ’
1145 5744 1419 5806 Romam,
1459 5741 1517 5793 ll

2085 5667 2123 5698 ιο
2167 5665 2332 5721 lCor.
2372 5679 2458 5728 ιιι,
2498 5661 2587 5717 26.
2668 5663 2706 5694 “
2734 5661 2755 5717 ι
2783 5659 2911 5716 Cor.
2961 5675 3075 5717 ιιιιι.
3116 5655 3199 5713 12.

2177 5275 2320 5339 στὸν,
2372 5272 2511 5325 ἀλλὰ
2544 5269 2640 5325 νῦν
2686 5269 2870 5323 οὐκέτι
2915 5265 3278 5335 γινώσκομεν.
3307 5282 3326 5314 ι
3357 5263 3489 5316 Τότε
3521 5262 3637 5333 γὰρ
3663 5261 3769 5314 οὐκ

2175 5368 2267 5434 ἀφ’
2293 5357 2369 5417 ὧν
2402 5363 2548 5415 ἐστιν
2579 5359 2884 5432 ἅνθρωπος,
2930 5355 3043 5410 ἀλλ’
3072 5354 3133 5420 ἐξ
3179 5347 3254 5409 ὧν
3292 5356 3406 5418 ἐστι
3454 5351 3588 5415 Θεὸς
3633 5349 3770 5421 ἁλη-

3316 5660 3358 5691 ¹²
3391 5656 3552 5714 Rom.
3583 5671 3660 5720 vr.
3700 5655 3761 5720 9.
