4024 6198
476 324 566 379 {BI

1471 316 1528 373 S.
1569 316 1846 375 CYRILLI
1884 314 2357 370 ALEXANDRINI
2396 313 2715 371 ARCHIEP.

3633 321 3737 376 £32

466 450 634 512 atque
662 434 1114 508 intempestivum
1141 442 1379 505 tempus,
1421 434 1478 490 in
1512 443 1854 490 senectutem
1885 430 2047 485 nimi-

2166 430 2246 483 τὸν
2262 431 2514 502 Ἰωάννην
2545 432 2717 484 εἰπεῖν
2738 448 2751 461 ·
2780 452 2797 481 ι
2823 431 2881 484 Ὀ
2898 429 2991 495 ὣν,
3013 433 3041 483 ό
3065 426 3151 501 ἦν,
3173 432 3202 484 ό
3228 431 3545 503 ἐρχόμενος.
3570 454 3590 487 ι
3608 431 3736 491 Εἶτα

468 544 611 585 rum.
642 528 841 597 ingens
866 524 1016 578 enim
1040 523 1303 578 damnum
1331 523 1458 577 hinc
1478 531 1537 578 et
1559 523 1783 593 quidem
1808 522 2055 591 inopina-

469 632 525 678 to
547 618 770 676 accidit.
809 615 930 672 Etsi
957 616 1106 670 enim
1140 614 1268 685 quis
1289 615 1510 671 consilii
1545 614 1631 670 sui
1668 628 1896 683 compos
1939 612 2053 676 lict,

443 722 652 791 ,tainen
673 725 787 765 non
809 714 894 763 est
917 706 1074 761 ﬁrma
1097 720 1241 777 spes.
1265 704 1403 762 Cum
1427 720 1559 760 vero
1581 719 1782 775 scopus
1802 703 1871 758 ad
1892 701 2055 756 finem

466 802 637 858 fuerit
656 799 978 871 perductus,
1004 796 1382 853 sanetiticatur
1402 795 1659 866 quidem;
1685 804 1949 850 caeterum
1970 807 2060 848 so-

464 896 575 951 lam
602 899 957 965 peccatorum
984 890 1367 946 remissionem
1390 888 1770 957 consequitur,
1796 892 1853 940 et
1882 883 2057 955 patri-

466 987 704 1045 familias
731 974 995 1042 talentum
1033 983 1219 1039 reddit
1254 982 1671 1053 infrugiferum,
1716 979 1855 1034 nihil
1899 978 2059 1048 plane

467 1080 519 1134 ei
547 1076 985 1148 superlucratus.
1020 1092 1038 1125 ι
1072 1071 1181 1129 Sed
1204 1079 1261 1128 et
1283 1087 1348 1127 os
1383 1087 1451 1126 ex
1488 1072 1612 1142 ipso
1650 1085 1763 1125 non
1808 1076 2062 1123 contere-

469 1172 543 1229 tis
570 1172 636 1224 ἰ.
669 1191 688 1222 ι
721 1168 856 1224 Ossa
889 1166 1151 1223 dentibus
1175 1164 1383 1221 nostris
1411 1163 1611 1219 conﬁci
1653 1175 1769 1217 non
1807 1168 2056 1231 possunt.

470 1260 601 1315 Tale
625 1267 810 1314 autem
833 1264 919 1313 est
939 1255 1200 1311 humanis
1215 1253 1494 1309 mentibus
1515 1251 1810 1307 candidum
1831 1250 2062 1316 illud,ut

468 1353 545 1409 ita
573 1352 774 1417 dicam,
814 1358 870 1406 et
902 1346 1288 1416 absconditum
1333 1345 1557 1401 dcitatis
1590 1345 1765 1415 ipsius
1793 1342 2057 1399 Verbum.

468 1445 627 1512 Quod
653 1442 803 1499 enim
828 1441 996 1497 etiam
1043 1439 1216 1496 Filius
1251 1446 1447 1508 suapte
1491 1444 1689 1493 natura
1715 1436 1787 1491 sit
1813 1436 1979 1501 Deus,
2006 1442 2063 1490 et

467 1536 615 1609 quod
658 1534 805 1590 idem
845 1533 1064 1605 genitus
1097 1531 1170 1587 sit
1211 1546 1280 1587 ex
1307 1530 1420 1585 Deo
1442 1544 1506 1586 ac
1530 1530 1710 1594 Patre,
1757 1534 1907 1583 recte
1933 1542 2062 1582 sen-

468 1627 670 1683 tientes
691 1624 992 1688 credimus,
1018 1637 1197 1692 neque
1223 1620 1368 1677 ultra
1398 1618 1716 1689 quaerimus,
1735 1619 1892 1688 juxta
1915 1616 2064 1671 illius

467 1718 644 1779 sancti
678 1716 1030 1774 sententiam.
1076 1712 1210 1783 Quis
1233 1713 1385 1768 enim
1413 1710 1639 1767 modum
1683 1710 1860 1781 ipsius
1901 1724 2064 1780 gene-

2158 523 2322 577 πάλιν
2348 525 2378 576 ὁ
2404 523 2702 594 νομοθέτης
2727 524 3024 586 ἐπιτάττει,
3045 523 3223 592 λέγων
3241 541 3256 557 ’
3280 524 3397 580 Οὐκ
3425 528 3738 599 ἀπολείψετε

2156 612 2252 666 ἀπ’
2294 613 2475 671 αὐτῶν
2509 614 2615 677 ἕως
2661 612 2825 684 πρωῒ,
2855 614 3290 684 αἰνιγμποὴὦς,
3342 624 3419 678 ὼς
3456 618 3627 683 ἔοικε,
3653 618 3742 675 διὰ

2155 701 2361 756 τούτων
2395 702 2729 757 ἀποκωλύων
2762 701 2863 765 τὰς
2904 702 2997 755 ἐπί
3030 718 3095 771 γε
3127 703 3188 756 τὸ
3233 702 3522 773 βούλεσθαι
3555 705 3738 778 νοῆσαι

2156 793 2378 858 τελείως
2403 794 2504 849 οὐκ
2519 794 2732 864 ἀγαθὰς
2752 792 3096 865 ὑπερθέσεις.
3137 794 3228 866 Μὴ
3256 795 3367 867 γὰρ
3406 796 3736 868 πεπέμφθω,

2159 886 2343 955 φησιν,
2376 886 2457 950 εἰς
2478 884 2750 957 ἀναϐολὴν
2776 887 2810 957 ἡ
2846 885 3028 939 τελεία
3050 903 3110 939 τε
3137 888 3232 940 καὶ
3264 868 3469 959 ἀληθὴς
3502 889 3629 959 περὶ
3650 890 3742 942 αὒ-

2156 975 2254 1030 τοῦ
2292 976 2517 1043 γνῶσις,
2564 977 2703 1048 μηδὲ
2749 976 3168 1047 φυλαττέτωσάν
3217 995 3362 1042 τινες
3412 980 3623 1042 ἑαυτοῖς
3669 982 3744 1045 εἰς

2160 1068 2494 1140 ύπέρκαιρον
2522 1068 2683 1139 χάριν
2708 1068 2773 1121 τὸ
2810 1070 3102 1139 μετασχεῖν
3135 1068 3353 1134 τελείως
3387 1069 3587 1131 αὑτοῦ,
3625 1088 3747 1140 μετ-

2159 1139 2449 1229 εσχηκότες
2489 1157 2640 1223 ἆπαξ
2677 1158 2773 1213 καὶ
2817 1158 2955 1222 ὅλως
3025 1157 3305 1231 ἁψάμενοι.
3355 1159 3528 1212 Τοῦτο
3570 1139 3756 1231 μέντοέ

2160 1249 2407 1304 ποιοῦσιν
2435 1251 2486 1303 οἱ
2521 1249 2610 1303 διὰ
2641 1250 2742 1320 μὲν
2776 1250 2876 1319 τῆς
2906 1251 3264 1321 κατηχήσεως
3305 1248 3412 1303 τῶν
3442 1249 3575 1322 περὶ
3618 1251 3724 1322 Χρι

2162 1341 2290 1395 στοῦ
2318 1340 2606 1411 δογμάτων
2644 1341 3101 1413 ἀπογευσάμενοι,
3146 1339 3509 1410 φυλάττοντες
3555 1341 3616 1394 δὲ
3659 1342 3741 1394 τδκ.

2159 1432 2249 1487 διὰ
2273 1432 2367 1486 τοῦ
2403 1432 2720 1503 Ηνεύματος
2773 1432 3073 1503 φωτισμὸν,
3106 1433 3203 1487 καὶ
3241 1431 3339 1506 τὴν
3382 1433 3469 1487 διὰ
3504 1433 3601 1487 τοῦ
3653 1432 3747 1504 βα-

2163 1525 2466 1596 πτίσματος
2502 1525 2685 1595 χάριν,
2731 1526 2812 1588 εἰς
2857 1524 3076 1596 μακρὰν
3113 1523 3210 1579 καὶ
3237 1524 3522 1596 ὑπέρωρον
3544 1524 3746 1579 ἀνασε-

2164 1615 2281 1687 λὴν,
2308 1615 2405 1687 τὴν
2435 1616 2529 1669 ἐπὶ
2568 1617 2737 1688 γήρᾳ,
2776 1610 2929 1685 ᾡησί.
2962 1614 3104 1669 Πολὺ
3134 1616 3244 1686 γὰρ
3269 1615 3333 1687 δή
3359 1633 3420 1668 τε
3452 1614 3515 1668 τὺ
3543 1615 3745 1685 βλάϐος

2163 1707 2414 1761 ἐντεῦθεν
2456 1706 2551 1761 καὶ
2577 1706 2856 1777 ἀδοκήτως
2886 1705 3195 1775 συμϐαίνει.
3228 1705 3480 1761 Μάλιστα
3515 1706 3618 1777 μὲν
3643 1707 3752 1779 γὰρ

471 1808 700 1864 rationis
724 1806 911 1862 verbis
939 1782 1217 1876 explicare
1240 1802 1456 1859 valeat?
1480 1809 1577 1857 aut
1612 1817 1725 1873 quo
1754 1810 1914 1871 pacto
1947 1816 2057 1855 non

2166 1800 2213 1851 εἰ
2261 1799 2356 1852 καὶ
2400 1797 2512 1851 τῶν
2553 1797 2769 1852 οἰκείων
2816 1797 3157 1865 ὲπιτεύξεται
3206 1797 3612 1869 βουλευμάτων,
3653 1800 3752 1853 ούκ

470 1915 635 1954 verax
662 1898 733 1952 sit
764 1896 1035 1973 propheta
1055 1895 1370 1967 exclamans
1398 1910 1413 1947 :
1445 1912 1462 1945 ι
1492 1891 1915 1951 Generationem
1939 1892 2060 1962 ejus

471 1991 599 2063 quis
625 1988 942 2045 enarrabit?
963 1986 1199 2042 Tollitur
1220 1984 1368 2045 enim
1391 1999 1423 2040 a
1441 1991 1590 2039 terra
1612 1982 1727 2037 vita
1750 1981 1924 2051 ipsius
1944 1983 2007 2035 ²².
2033 2000 2052 2032 ι

471 2084 607 2140 Ossa
641 2081 810 2157 igitur
837 2080 943 2135 hoc
972 2078 1094 2133 loco
1115 2082 1277 2132 vocat
1297 2073 1636 2131 soliditatem
1656 2071 1921 2127 doctrina
1950 2085 2062 2126 cm-

472 2175 648 2240 lestis,
665 2188 789 2243 qua:
815 2178 1061 2227 mentem.
1074 2176 1321 2225 nostram
1342 2166 1580 2222 excedit.
1608 2166 1761 2221 Hanc
1781 2165 2062 2236 legislator

472 2280 584 2322 non
604 2265 739 2320 sinit
770 2278 874 2318 nos
898 2260 1272 2332 confringere,
1314 2272 1633 2329 quanquam
1673 2256 1940 2322 haeretici,
1965 2256 2060 2326 qui

472 2364 623 2412 recta
647 2332 971 2423 deprav’ant,
990 2356 1262 2420 quantum
1285 2346 1342 2401 in
1367 2346 1504 2417 ipsis
1522 2353 1629 2410 est,
1654 2345 1796 2401 hanc
1820 2345 2063 2402 confrin-

471 2454 620 2519 gant,
653 2459 780 2500 cum
804 2442 1006 2498 divina:
1025 2448 1082 2496 et
1103 2437 1402 2495 ineffabilis
1440 2435 1815 2508 generationis
1839 2435 2061 2491 modum

472 2538 691 2595 curiose
729 2542 1071 2598 scrutantur,
1104 2530 1306 2602 insigni
1331 2528 1573 2587 amentia
1597 2528 1766 2598 capti,
1789 2542 1894 2583 nee
1927 2527 2061 2582 illud

471 2628 620 2701 quod
660 2628 927 2698 scriptum
953 2633 1039 2681 est
1061 2621 1607 2679 auimadvertcntes:
1642 2640 1660 2673 ι
1692 2619 1829 2685 Quis
1851 2619 2065 2675 dimen-

472 2736 567 2776 sus
588 2728 672 2774 est
699 2718 897 2774 caelum
924 2714 1107 2785 palmo
1131 2713 1215 2766 “?
1244 2732 1261 2765 ι
1290 2710 1447 2778 Quod
1471 2726 1602 2765 sane
1634 2725 1737 2765 nos
1758 2709 1958 2764 merito
1978 2709 2062 2765 vi—

476 2819 675 2875 tamus,
700 2807 1001 2879 prudenter
1027 2803 1251 2860 revcriti
1271 2800 1436 2873 274
1455 2801 1580 2873 agni
1607 2815 1730 2856 ossa
1754 2807 2061 2865 conterere,

474 2902 570 2958 sed
594 2899 779 2972 potius
804 2898 879 2953 ita
917 2896 1125 2961 allecti,
1151 2904 1211 2950 ut
1233 2909 1356 2965 quae
1379 2908 1545 2964 supra
1566 2908 1669 2948 nos
1690 2899 1820 2948 sunt
1844 2891 1949 2947 ﬁde
1968 2907 2064 2946 ca-

475 2999 779 3064 pessamus.
809 2990 1122 3047 Meminisse
1144 3002 1278 3044 vero
1300 2993 1540 3057 oportet,
1569 2984 1716 3055 quod
1757 2992 1815 3038 et
1849 2982 2065 3053 planius

476 3087 582 3142 hoc
625 3085 806 3157 ipsum
849 3083 918 3139 de
967 3082 1250 3137 Salvatore
1293 3076 1861 3147 nostro'reeipiatur,
1906 3075 2063 3144 cujus
2089 3120 2132 3177 Ο

473 3194 636 3235 crura
661 3191 773 3233 non
796 3175 1188 3245 confregerunt
1212 3171 1371 3227 Pilati
1388 3170 1611 3234 milites,
1631 3168 1776 3223 sicut
1795 3166 2061 3236 scriptum

473 3281 580 3329 est.
607 3271 739 3338 Qnre
763 3277 947 3324 autem
973 3265 1183 3335 reliqua
1210 3263 1415 3318 fuerint
1432 3277 1502 3317 ex
1522 3275 1665 3332 agno
1684 3275 1859 3330 usque
1878 3274 2059 3325 mane,

476 3363 602 3434 igne
629 3356 1004 3416 comburenda
1042 3370 1162 3411 esse
1199 3354 1354 3410 dicit.
1394 3353 1495 3409 Hic
1530 3352 1733 3409 iterum
1768 3367 1929 3407 mane
1964 3367 2064 3421 ap-

476 3453 644 3525 pellat
685 3450 835 3505 illam
869 3446 1348 3510 illuminationem,
1379 3460 1503 3515 quat
1545 3444 1603 3499 in
1646 3443 1822 3499 altero
1864 3444 2065 3499 seculo

477 3544 663 3599 futura
689 3549 794 3606 est,
822 3538 1047 3611 quando
1068 3537 1207 3593 facie
1244 3537 1315 3592 ad
1358 3535 1557 3595 faciem
1582 3543 1834 3591 nostrum
1876 3550 2064 3606 regem

477 3650 543 3689 ac
588 3634 763 3689 Deum
809 3644 1000 3687 sumus
1043 3626 1425 3698 eonspecturi,
1469 3642 1583 3682 non
1640 3626 1879 3696 amplius
1923 3626 2068 3682 sicut

477 3743 646 3794 nunc,
672 3726 729 3781 in
749 3723 1058 3796 aenigmate,
1086 3729 1145 3779 et
1166 3722 1222 3783 in
1249 3721 1476 3792 speculo
1494 3728 1660 3790 atque
1682 3719 1901 3784 umbra,
1920 3728 1977 3774 et
1997 3734 2066 3774 ex

479 3829 657 3892 parte,
697 3826 758 3875 ut
796 3816 999 3874 Paulus
1022 3814 1101 3870 ait
1136 3813 1202 3867 “.
1227 3812 1368 3880 Quia
1394 3812 1563 3884 igitur
1596 3812 1970 3868 consideratio
1997 3811 2067 3867 de

480 3915 602 3984 ipso
627 3927 750 3983 qua:
775 3910 867 3966 hic
886 3916 972 3965 est
1000 3917 1262 3979 tanquam
1301 3906 1360 3962 in
1400 3905 1710 3976 anigmate,
1758 3914 1891 3960 tune
1923 3918 2065 3973 quo-

481 4003 774 4062 dammodo
799 4017 899 4073 per
924 4000 1283 4058 illustriorem
1330 3998 1705 4069 cognitionem
1748 4006 1836 4051 est
1879 3995 2068 4051 decla-

484 4097 675 4162 randa,
702 4094 833 4151 ideo
854 4093 1005 4148 velut
1027 4094 1085 4148 in
1112 4099 1241 4164 typo
1267 4092 1469 4146 iterum
1492 4089 1651 4155 dicit,
1686 4103 1811 4158 quae
1855 4087 2068 4157 reliqua

483 4186 691 4242 fuerint
710 4200 780 4243 ex
800 4198 942 4253 agno
968 4197 1143 4251 usque
1167 4196 1349 4244 mane,
1378 4181 1502 4250 igne
1525 4178 1899 4234 comburenda
1920 4189 2079 4233 esse.“

484 4274 810 4348 Huiusmodi
832 4288 964 4333 vero
987 4272 1183 4331 habitu
1200 4269 1357 4326 indui
1378 4270 1538 4341 jubet
1558 4270 1818 4325 convivas
1840 4286 1854 4322 :
1878 4270 2072 4325 «Lum-

484 4369 565 4435 bi,
594 4367 797 4439 inquit,
824 4365 996 4423 vestri
1020 4363 1133 4425 sint
1172 4362 1476 4434 praecincti,
1518 4369 1577 4415 et
1614 4360 1985 4419 caleeamenta
2011 4361 2068 4415 in

2161 1889 2409 1962 ἀσφαλὴς
2440 1891 2475 1958 ἠ
2518 1888 2693 1953 ἐλπίς.
2736 1888 3125 1961 Ἐκδεϐηκότος
3173 1889 3229 1942 δὲ
3266 1891 3425 1946 πάλιν
3474 1893 3555 1955 εἰς
3599 1891 3754 1950 τέλος

2160 1981 2311 2053 αὐτῷ
2338 1981 2432 2036 τοῦ
2456 1981 2684 2046 σκοποῦ,
2711 1980 2995 2051 ἁγιάζεται
3010 1981 3128 2053 μὲν,
3152 1980 3290 2053 πλὴν
3316 1982 3482 2053 μόνην
3504 1981 3618 2055 ἔχει
3642 1981 3755 2036 τῶν

2162 2072 2651 2144 πλημμελημάτων
2679 2072 2780 2144 τὴν
2813 2072 3029 2142 ἄφεσιν,
3064 2073 3159 2126 καὶ
3205 2073 3266 2125 τὸ
3300 2072 3564 2127 τάλαντον
3612 2074 3754 2127 ἀπεο-

2162 2164 2376 2236 κομίζει
2415 2164 2499 2235 τῷ
2535 2165 2723 2235 οἰκείῳ
2760 2164 2996 2238 δεσπότῃ
3032 2163 3215 2237 ξηρὸν,
3250 2166 3403 2220 οὐδὲν
3435 2167 3754 2238 ἐπεργάσα-

2168 2254 2298 2308 σθαι
2335 2253 2605 2325 σχολάσας
2641 2255 2809 2328 αὐτῷ.
2844 2273 2863 2307 ι
2899 2255 3058 2309 Ἀλλὰ
3095 2257 3191 2310 καὶ
3214 2257 3406 2312 ὀστοῦν
3440 2259 3503 2311 οὐ
3532 2259 3756 2330 συντρίο

2160 2346 2320 2416 ψεται
2343 2346 2440 2399 ἀπ’
2468 2345 2657 2411 αὑτοῦ,
2685 2364 2704 2399 ι
2739 2346 2923 2417 φησίν.
2951 2346 3209 2418 ’Δϐρωτα
3249 2347 3358 2419 γὰρ
3399 2351 3514 2413 τοῖς
3553 2350 3756 2419 ἡμετέ-

2167 2453 2282 2509 ροις
2314 2436 2524 2491 ὀδοῦσιν
2554 2438 2641 2491 ἀεὶ
2679 2437 2749 2492 τὰ
2795 2438 2947 2491 ὀστᾶ.
2990 2438 3245 2504 Τοιοῦτος
3269 2438 3325 2492 δέ
3358 2439 3440 2503 τίς
3469 2442 3587 2493 ἑστι
3630 2444 3754 2503 ταῖς

2163 2530 2530 2602 ἀνθρωπίναις
2557 2530 2816 2594 διανοίαις
2851 2530 2944 2583 καὶ
2986 2532 3015 2583 ό
3051 2529 3263 2595 λευκὸς,
3296 2531 3362 2585 ἵν’
3385 2530 3560 2593 οὕτως
3590 2531 3757 2598 εἴπω,

2164 2623 2259 2676 καὶ
2284 2622 2666 2695 κεκρυμμένος
2693 2622 2791 2693 τῆς
2827 2620 3080 2693 θεότητος
3098 2622 3264 2677 αὐτοῦ
3286 2623 3480 2691 Λόγος.
3504 2606 3629 2677 Ὅτι
3654 2623 3761 2693 μὲν

2168 2716 2276 2786 γάρ
2313 2714 2458 2769 κατὰ
2507 2714 2670 2781 φύσιν
2712 2713 2861 2767 ἐστὶν
2905 2715 2935 2766 ὁ
2982 2712 3129 2779 Υἱὸς,
3171 2714 3264 2767 καὶ
3301 2715 3383 2767 ὅτι
3431 2714 3761 2786 γεγέννηται

2165 2804 2317 2877 παρὰ
2348 2803 2443 2858 τοῦ
2480 2802 2615 2858 Θεοῦ
2649 2804 2742 2858 καὶ
2766 2802 3001 2875 Πατρδς,
3031 2803 3208 2877 ὀρθῶς
3233 2805 3297 2876 δὴ
3330 2806 3534 2877 σφόδρα
3572 2806 3761 2859 νοοῦν-

2164 2913 2255 2959 τες
2286 2895 2635 2966 πιστεύομεν,
2672 2893 2941 2966 ζητοῦμεν
2982 2895 3039 2949 δὲ
3073 2896 3284 2964 οὐκέτι,
3341 2896 3483 2952 κατὰ
3511 2898 3614 2969 τὴν
3660 2896 3761 2953 τοῦ

2165 2989 2322 3057 ἁγίου
2353 2989 2560 3059 φωνήν.
2589 2988 2686 3051 Τίς
2717 2987 2827 3058 γὰρ
2853 2985 2993 3041 οἶδεν
3032 2989 3205 3041 εἰπεῖν
3230 2988 3322 3042 τὸν
3352 2991 3449 3060 τῆς
3486 2989 3765 3058 γενέσεως

2166 3081 2395 3153 τρόπον;
2428 3080 2551 3145 Πῶς
2580 3079 2636 3134 δὲ
2666 3080 2767 3133 οὐκ
2798 3078 3005 3152 ἀληθὴς
3036 3081 3065 3133 ό
3097 3081 3384 3153 προφήτης
3410 3080 3582 3152 βοῶν·
3615 3078 3764 3154 «Τὴν

2166 3172 2358 3243 γενεὰν
2402 3172 2567 3227 αὐτοῦ
2592 3173 2677 3236 τίς
2714 3172 3071 3244 διηγήσεται;
3108 3173 3234 3226 Ὅτι
3266 3174 3482 3245 ατρεται
3515 3173 3624 3228 άπδ
3657 3175 3765 3246 τῆς

2164 3265 2268 3335 γῆς
2297 3267 2331 3336 ὴ
2363 3264 2475 3335 ζωὴ
2506 3263 2690 3319 αὑτοῦ.
2714 3282 2734 3317 ι
2774 3263 2984 3319 Οὐκοῦν
3022 3265 3081 3317 ὲν
3108 3265 3318 3329 τούτοις
3361 3265 3430 3318 τὰ
3473 3266 3629 3332 ὀστᾶ,

2164 3358 2271 3411 τῶν
2302 3357 2443 3427 ὑπὲρ
2490 3355 2614 3409 νοῦν
2656 3355 2941 3427 δογμάτων
2992 3356 3331 3428 στερρότητα
3363 3336 3537 3427 λέγει.
3569 3357 3764 3411 Ταῦτα

2167 3447 2473 3521 συντρίϐειν
2501 3448 2648 3518 ἡμᾶς
2671 3448 2699 3500 ὁ
2728 3445 3022 3517 νομοθέτης
3065 3446 3164 3501 οὐκ
3197 3448 3291 3519 ἐᾷ’
3330 3447 3678 3518 συντρίϐουσι
3706 3448 3764 3503 δὲ

2165 3540 2287 3594 ὅλον
2316 3540 2403 3608 ἐφ’
2431 3539 2664 3603 ἑαυτοῖς,
2705 3538 2753 3590 οἰ
2787 3535 2856 3591 τὰ
2907 3536 3044 3607 ὀρθά
3091 3536 3511 3610 διαστρέφοντες
3554 3539 3762 3609 αἱρετι-

2167 3632 2273 3688 κοί.
2299 3632 2405 3685 Τὸν
2436 3631 2545 3703 γὰρ
2569 3631 2666 3701 τῆς
2694 3629 2847 3693 θείας
2891 3629 2983 3681 καὶ
3039 3628 3284 3700 ἀρρήτου
3313 3631 3622 3702 γεννήσεως
3660 3649 3764 3686 πε-

2171 3721 2546 3795 ριεργάζονται
2592 3720 2795 3793 τρόπον
2821 3759 2836 3784 ,
2896 3718 3229 3789 άσύγκριτόν
3284 3736 3406 3773 τινα
3474 3721 3766 3788 νοσοῦντες

2168 3812 2445 3876 ἀϐουλίαν,
2474 3811 2569 3864 καὶ
2593 3810 2655 3864 τδ
2675 3809 3064 3881 γεγραμμένον
3091 3811 3169 3873 εἰς
3197 3809 3322 3863 νοῦν
3343 3811 3406 3863 οὐ
3436 3810 3724 3882 δεχόμενοι
3745 3829 3760 3844 ο

2176 3923 2194 3955 ι
2222 3903 2319 3966 Τίς
2345 3900 2649 3973 ἐμέτρησεν
2688 3898 2780 3952 τὸν
2822 3896 3051 3970 οὐρανὸν
3100 3897 3347 3970 σπιθαμῇ
3370 3916 3383 3965 ;
3404 3918 3423 3951 ι
3459 3900 3637 3971 Ὅπερ
3664 3899 3765 3957 οὖν

2169 3995 2403 4057 εἰκότως
2419 3994 2584 4063 ἡμεῖς
2615 3989 3049 4061 παραιτούμεθα,
3072 3988 3134 4042 τὸ
3184 3989 3487 4060 συντρίϐειν
3520 3989 3615 4043 τοῦ
3645 3992 3761 4063 ἀμ-

2169 4087 2263 4141 νοῦ
2302 4085 2373 4139 τα
2409 4084 2546 4138 ὀστᾶ
2597 4082 2892 4154 σωφρόνως
2933 4081 3439 4152 άποναρκήσαντες,
3482 4083 3663 4135 πίστει
3704 4082 3763 4136 δὲ

2144 4178 2373 4250 ομᾶλλον
2400 4176 2470 4230 τὰ
2505 4174 2648 4247 ὑπὲρ
2689 4175 2838 4245 ἡμᾶς
2866 4173 3168 4244 δεχόμενοι.
3206 4173 3536 4245 ἣίεμνῆσθαί
3556 4191 3622 4243 γε
3652 4175 3762 4247 μὴν

2171 4269 2489 4336 ἀναγκαῖον,
2524 4265 2605 4319 ὄτι
2650 4263 2746 4318 καὶ
2776 4261 3193 4335 ἰστορικώτερον
3225 4265 3352 4334 περὶ
3386 4261 3483 4317 τοῦ
3505 4265 3761 4337 Σωτῆρος

2172 4357 2330 4430 ἡμῶν
2362 4355 2569 4428 ἐλήφθη
2602 4355 2664 4408 τὸ
2686 4352 3091 4425 γεγραμμένον,
3126 4354 3187 4406 ού
3233 4353 3630 4426 συντριψόντων
3651 4356 3765 4410 τῶν

485 4462 722 4535 pedibus
764 4460 986 4523 vestris,
1029 4465 1087 4517 et
1126 4455 1311 4513 baculi
1356 4455 1414 4511 in
1457 4453 1715 4510 manibus
1751 4453 1972 4509 vestris.
1999 4453 2065 4508 Et

2174 4448 2268 4503 τοῦ
2294 4447 2531 4502 Πιλάτου
2575 4444 2925 4515 στρατιωτῶν
2963 4443 3033 4498 τὰ
3078 4443 3243 4515 σκέλη
3268 4445 3453 4509 αὐτοῦ,
3487 4446 3633 4499 καθά
3664 4447 3758 4516 γέο

483 4554 759 4622 comedite
803 4552 961 4611 illum
1003 4549 1351 4613 festinanter.
1394 4546 1533 4614 Quia
1589 4545 1791 4617 pascha
1834 4545 2068 4602 Domino

482 4648 654 4710 esus,
694 4665 712 4697 .
742 4641 901 4710 Quod
936 4641 1102 4712 igitur
1135 4640 1461 4709 succingant
1492 4637 1731 4701 lumbos,
1774 4637 2071 4708 vigilantiae

485 4740 703 4808 signum
718 4743 805 4790 est
825 4740 883 4788 et
906 4731 1209 4788 voluntatis
1226 4736 1513 4801 promptae,
1526 4730 1680 4799 juxta
1706 4728 1841 4783 illud
1864 4728 2071 4785 dictum

484 4847 515 4885 a
536 4830 653 4889 Deo
673 4825 743 4883 ad
773 4826 985 4897 jusulm
1013 4822 1118 4880 Job
1146 4840 1158 4876 :
1193 4842 1213 4873 ι
1256 4821 1495 4891 Aceinge
1534 4829 1793 4890 tanquam
1818 4820 1905 4875 vir
1928 4822 2075 4877 lum—

487 4920 587 4977 bos
623 4927 749 4974 tuos
776 4917 846 4970 ".
880 4935 899 4966 ι
943 4914 1013 4970 Et
1055 4927 1278 4969 rursum
1321 4911 1467 4983 apud
1508 4911 1835 4982 prophetam
1878 4928 2075 4983 quem-

488 5014 614 5075 dam
647 5030 660 5066 :
697 5030 717 5062 ι
750 5010 823 5071 Et
840 5008 952 5064 erit
973 5015 1037 5063 ut
1053 5005 1270 5077 iustitia
1292 5005 1540 5075 accingat
1562 5005 1781 5059 lumbos
1800 5006 1922 5076 ejus
1945 5008 2013 5071 ’⁷,
2048 5026 2067 5057 ι

488 5119 592 5174 pro
616 5117 689 5159 oo
708 5100 861 5172 quod
881 5106 987 5165 est,
1013 5096 1172 5170 agilis
1190 5104 1251 5151 et
1272 5094 1432 5151 fortis
1452 5095 1561 5151 erit
1584 5095 1651 5151 ad
1670 5096 1941 5167 justitiam
1979 5113 2076 5153 co-

489 5195 728 5251 lendam.
755 5192 988 5251 Calceus
1007 5197 1193 5246 autem
1214 5186 1483 5260 signiﬁcat
1505 5190 1959 5259 praeparationem
1982 5204 2079 5244 vo—

489 5284 720 5341 luntatis
742 5282 813 5341 ad
828 5280 1079 5339 eundum
1102 5279 1225 5337 sine
1247 5293 1403 5334 mon
1424 5276 1497 5332 ad
1523 5277 1578 5331 id
1613 5277 1762 5348 quod
1804 5280 1917 5334 Deo
1957 5280 2075 5349 pla-

491 5375 692 5432 cuerit.
722 5374 801 5430 Ita
824 5371 975 5429 enim
1002 5369 1207 5429 Paulus
1227 5368 1285 5425 id
1308 5367 1585 5425 inteliexit
1606 5369 1854 5424 scribens
1882 5386 1895 5421 :
1930 5390 1948 5420 ι
1988 5370 2076 5423 ln-

493 5464 613 5521 duti
639 5464 856 5521 calceos
875 5462 935 5517 in
967 5460 1427 5533 praparationem
1465 5460 1748 5531 Evangelii
1777 5461 1930 5531 pacis
1951 5461 2016 5513 ".
2051 5480 2070 5511 ι

2171 4556 2430 4613 γραπται.
2455 4536 2536 4591 Τά
2556 4537 2612 4590 δὲ
2642 4534 3081 4605 καταλειπόμενα
3114 4536 3210 4590 ἀπ’
3242 4537 3435 4602 αὐτοῦ,
3479 4538 3585 4602 ἕως
3616 4538 3763 4609 πρωῒ

2175 4633 2240 4703 δὴ
2280 4630 2480 4702 χρῆναι
2512 4625 2910 4683 κατακαίεσθαι
2935 4625 3105 4695 λέγει.
3128 4626 3280 4698 Πρωῒ
3297 4626 3352 4679 δὲ
3371 4627 3531 4681 πάλιν
3559 4628 3761 4700 ὀνομά-

2175 4722 2284 4789 ζων
2308 4721 2401 4775 τὸν
2449 4720 2530 4784 εἰς
2567 4718 2739 4773 αἰῶνα
2775 4717 2870 4771 τὸν
2918 4717 3182 4788 μέλλοντα
3213 4718 3513 4789 φωτισμὸν,
3548 4719 3637 4773 ὅτε
3667 4723 3762 4775 καὶ

2175 4816 2471 4890 πρόσωπον
2486 4810 2632 4869 κατὰ
2654 4811 2944 4883 πρόσωπον
2971 4809 3064 4863 τὸν
3096 4810 3307 4863 ἑαυτῶν
3342 4811 3587 4883 ὀψόμεθα
3610 4811 3759 4883 βασι.

2174 4909 2270 4963 λέα
2311 4908 2408 4962 καὶ
2452 4904 2605 4967 θεὸν,
2633 4903 2820 4956 οὐκέτι
2848 4900 3103 4971 καθάπερ
3136 4902 3233 4955 καὶ
3264 4900 3359 4955 νῦν
3383 4902 3442 4957 ὲν
3471 4904 3757 4975 αἰνίγματι

2176 5002 2271 5056 καὶ
2308 5000 2576 5069 ἐσόπτρῳ,
2602 4995 2698 5048 καὶ
2726 4996 2874 5065 σκιᾷ,
2905 4994 2999 5047 καὶ¹
3026 4995 3090 5046 ὲκ
3133 4993 3351 5063 μέρους,
3380 4993 3457 5057 ὡς
3493 4995 3523 5045 ὁ
3549 4995 3759 5058 ngam;

2179 5110 2333 5165 φησι.
2371 5092 2460 5155 Ὦς
2485 5086 2578 5144 οὖν
2622 5085 2922 5159 μελλούσης
2946 5085 3008 5138 τὸ
3044 5084 3299 5156 τηνικάδε
3326 5084 3414 5138 διὰ
3451 5083 3757 5156 λαμπροτέο

2181 5199 2281 5255 ρας
2312 5180 2568 5250 γνώσεως
2601 5175 2966 5247 ἀφανισθῆναι
3020 5172 3224 5244 τρόπον
3272 5170 3394 5227 τινὰ
3425 5172 3575 5246 [τῆς]
3605 5174 3680 5237 ὡς
3705 5178 3759 5227 ἐν

2179 5275 2465 5346 αἰνίγματι
2492 5271 2624 5343 περὶ
2648 5268 2815 5323 αὐτοῦ
2841 5265 3101 5339 θεωρίας,
3123 5264 3321 5336 ὥσπερ
3337 5266 3396 5318 ὲν
3422 5265 3581 5336 τύπῳ
3602 5267 3759 5320 πάλιν

2178 5366 2312 5439 πυρὶ
2338 5358 2853 5432 κατακαυθήσεσθαι
2878 5356 3026 5425 λέγει
3063 5354 3134 5409 τὰ
3179 5354 3625 5425 καταλειπόμενα
3662 5353 3758 5410 ἀπ’

2178 5456 2343 5514 αὐτοῦ
2380 5455 2486 5519 ῑως
2530 5453 2695 5525 πρωϊ.
2730 5449 2926 5520 Σχῆμα
2952 5446 3009 5501 δὲ
3034 5447 3164 5510 τοὺς
3191 5445 3520 5518 δαιτυμόνας
3549 5443 3758 5501 κελεύει

563 5662 607 5731 εί
635 5658 909 5731 Exodnin,
1072 5728 1085 5731 _
1109 5660 1277 5717 “15a,
1306 5676 1417 5731 ιω,
1449 5665 1502 5720 8.
1583 5666 1629 5698 st
1653 5664 1801 5722 Ecd.
1830 5680 1871 5730 ι’
1891 5664 1946 5718 2.
2026 5665 2065 5699 υ

2166 5665 2390 5731 lonxm,
2412 5662 2495 5718 l2.
2535 5663 2582 5696 "
2607 5660 2782 5716 Exod.
2807 5675 2903 5727 χιι,
2938 5659 3026 5723 ll,
3063 5654 3148 5709 l2.
3245 5652 3291 5685 ”
3317 5649 3423 5709 Job
3450 5659 3677 5713 nxvm,
3696 5642 3747 5701 ὅ.

491 5737 533 5771 ³⁷
567 5730 671 5789 lsa.
706 5729 838 5796 iu,5.
915 5730 961 5761 "
988 5728 1191 5799 Ephesi.
1227 5745 1299 5796 τι,
1333 5729 1419 5784 15.
