4024 6198
366 240 477 297 ιδδ

1413 232 1934 301 ὓιΔΡΒΥΒΟΒωί
1961 241 2035 297 1N.
2069 243 2359 307 EXODUM
2390 247 2521 305 ΜΒ.
2558 250 2623 305 Π.

3520 258 3631 316 ηε

367 354 614 410 τοιοῦτον
645 352 822 425 ἔχειν·
866 354 972 408 «Ai
1003 353 1202 424 ὀσφύες
1235 355 1389 427 ὑμῶν
1404 356 1666 415 ἄστωσαν
1687 359 1935 431 περιεζωε

2056 361 2487 435 ltempropheta
2526 362 2832 421 Jeremias:
2867 381 2884 412 ι
2922 362 2991 417 Et
3016 376 3180 426 nunc,
3209 363 3402 430 Israel,
3439 368 3625 424 Doni-

368 445 593 515 σμέναι,
634 444 820 515 φησιν,
856 444 951 497 καὶ
980 448 1046 499 τά
1077 446 1397 517 ὑποδήματα
1425 449 1483 501 ἑν
1519 450 1632 512 τοῖς
1672 447 1819 515 ποσὶ,
1855 450 1950 503 καὶ

364 540 424 590 αι
463 535 757 607 βακτηρίαι
800 539 859 588 ἐν
887 539 1007 599 ταῖς
1034 537 1220 606 χερσὶν
1240 536 1412 608 ὑμῶν.
1448 538 1557 592 Καὶ
1594 538 1833 608 φάγεσθε
1854 540 1948 593 αὐ-

363 629 431 682 τὸ
463 627 607 697 μετά
635 627 891 698 σπουδῆς.
934 626 1127 698 Πάσχα
1159 628 1276 682 ἐστὶ
1323 630 1534 701 Κυρίῳ.
1559 649 1578 682 ι
1608 630 1680 683 T6
1723 631 1820 701 μὲν
1854 627 1948 686 οῦν

361 720 609 784 ὲζῶσθαι
640 720 739 791 τὴν
768 720 960 788 ὀσφὺν,
985 720 1315 792 γοργότητος
1338 719 1404 774 ἂν
1428 720 1512 793 είη
1545 722 1831 792 σύμϐολον,
1853 727 1949 780 καὶ

364 810 721 880 φρονήματος
745 798 1192 871 νεανικοῦζκατὰ
1221 809 1282 863 τὸ
1311 810 1601 882 εἰρημένον
1633 813 1784 884 παρά
1810 813 1945 867 Θεοῦ

366 897 506 968 πρὸς
544 896 638 950 τὸν
694 897 900 950 δίκαιον
945 896 1095 950 Ἰώϐ-
1142 898 1365 951 ιΖῶσαι
1423 900 1610 973 ὥσπερ
1657 902 1796 974 ἀνὴρ
1848 903 1946 975 τὴν

364 990 540 1058 ὀσφύν
593 1006 751 1043 σου.»
796 989 907 1042 Καὶ
957 989 1113 1043 πάλιν
1159 990 1287 1059 περί
1314 1008 1458 1055 τινος
1500 994 1558 1046 ὲν
1614 997 1941 1066 προφήταις,

368 1099 386 1131 ι
409 1082 523 1134 Καὶ
544 1080 697 1135 ἔσται
729 1078 1040 1151 δικαιοσύνῃ
1062 1079 1370 1151 ὲζωσμένος
1398 1083 1497 1154 τὴν
1519 1084 1688 1153 ὀσφὺν
1720 1085 1905 1152 αὑτοῦ,
1920 1107 1938 1139 ι

360 1170 488 1223 ἀντὶ
516 1169 633 1234 τοῦ,
663 1169 863 1239 γοργὸς
904 1170 996 1224 καὶ
1033 1170 1271 1242 ἀνδρεῖος
1316 1174 1397 1235 είς
1437 1173 1802 1247 δικαιοσύνην.
1842 1178 1944 1247 Σηη

360 1258 550 1330 μαίνει
598 1258 654 1311 δὲ
679 1257 741 1311 τδ
768 1258 1022 1328 ὑπόδημα
1060 1259 1159 1328 τὴν
1200 1261 1530 1332 ἑτοιμότητα
1572 1264 1669 1335 τῆς
1718 1264 1943 1338 γνώμης

358 1350 503 1419 πρὸς
537 1349 598 1401 τὸ
634 1347 871 1420 βαδίζειν
918 1347 1234 1420 ἀμελῖλ]ητὶ
1288 1351 1423 1423 πρὸς
1444 1353 1580 1426 ὅπερ
1601 1354 1667 1409 ἂν
1690 1355 1940 1426 βούληται

355 1437 516 1499 Θεός.
562 1437 715 1490 Ἐπεὶ
752 1437 846 1489 καὶ
872 1436 1082 1499 Παῦλος
1125 1438 1354 1510 τοιούτῳ
1388 1441 1470 1494 νοϊ
1503 1444 1705 1514 γράφει
1729 1461 1742 1475 ⁸
1782 1464 1800 1497 ι
1830 1448 1941 1500 Καὶ

357 1527 768 1597 ὑποδησάμενοι
796 1524 923 1590 τοὺς
958 1527 1123 1591 πόδας
1157 1529 1214 1581 ἐν
1248 1530 1532 1603 ἑτοιμασίᾳ
1570 1532 1661 1586 τοῦ
1700 1535 1941 1607 Εὐαγγε-

355 1615 473 1670 λίου
499 1615 600 1688 τῆς
630 1617 870 1687 εἰρήνης.
893 1635 912 1669 ι
956 1617 1065 1671 Καὶ
1089 1620 1309 1688 προσέτι
1344 1621 1516 1694 τούτῳ
1544 1625 1635 1677 καὶ
1665 1626 1693 1680 6
1722 1629 1937 1700 προφή-

354 1725 456 1779 της
506 1707 796 1780 Ἱερεμίας,
830 1729 847 1760 ι
871 1710 982 1764 Καὶ
1015 1709 1128 1776 νῦν,
1173 1712 1404 1784 Ἰσραὴλ,
1436 1715 1491 1766 τί
1522 1715 1721 1788 Κύριος
1749 1719 1776 1769 6
1801 1719 1935 1784 Θεὸς

357 1818 453 1856 σου
483 1803 631 1855 αἰτεῖ
673 1801 823 1874 παρά
883 1800 997 1865 σοῦ,
1034 1803 1149 1855 ἀλλ’
1195 1804 1228 1874 ἢ
1281 1805 1561 1874 φοϐεῖσθαι
1610 1809 1811 1878 Κύριον
1840 1808 1933 1864 τον

354 1894 492 1946 Θεόν
526 1907 643 1954 σου,
674 1892 1000 1964 πορεύεσθαι
1025 1895 1081 1946 ἐν
1114 1894 1316 1958 πάσαις
1354 1899 1473 1959 ταῖς
1502 1897 1638 1961 ὁδοῖς
1676 1898 1877 1966 αὐτοῦς
1907 1919 1927 1953 ι

363 1984 592 2047 Ῥάδδος
656 1983 716 2036 δὲ
786 1985 819 2055 ἡ
862 1986 1003 2039 κατὰ
1050 1989 1257 2058 χεῖρας,
1303 1987 1400 2059 τὴν
1453 1990 1933 2063 ἀντιστηρίζουσαν

352 2078 504 2148 ἡμᾶς
534 2076 727 2130 ἐλπίδα
760 2077 853 2129 καὶ
881 2077 1178 2148 ἀνέχουσαν
1211 2080 1289 2141 είς
1312 2080 1588 2152 ὑπομονὴν
1625 2082 1931 2151 ὑποφαίνει,

354 2167 500 2221 κατά
526 2165 587 2219 τὸ
625 2168 682 2218 ὲν
710 2166 1013 2236 προφήταις
1042 2164 1319 2236 κείμενον’
1356 2186 1375 2219 ι
1410 2167 1695 2223 Ἐλπίσατε
1735 2172 1827 2224 ἐπὶ
1856 2172 1933 2243 τῷ

352 2259 568 2330 Κυρίῳ,
623 2258 720 2311 καὶ
766 2257 1218 2327 ἀντιστηρίσασθε
1264 2258 1358 2311 ἐπὶ
1408 2259 1485 2330 τῷ
1541 2260 1678 2331 Θεῷ.
1707 2281 1723 2312 ι
1780 2263 1934 2317 Μετὰ

354 2349 598 2419 σπουδῆς
620 2347 677 2401 δὲ
714 2348 874 2401 πάλιν
915 2348 1189 2401 ἐσθίεσθαι
1225 2347 1315 2403 τὸν
1348 2350 1517 2421 ἀμνὸν
1537 2351 1813 2406 ἐπιτάττει
1835 2368 1847 2382 ·
1875 2355 1934 2407 τὸ

354 2442 431 2513 μὴ
469 2439 681 2510 νωθρδν
727 2438 862 2510 μηδὲ
890 2439 1220 2509 παρειμένον
1252 2441 1308 2492 ὲν
1339 2439 1520 2512 ἔργοις
1549 2442 1773 2509 ἀγαθοῖς
1806 2444 1934 2497 ἀνα.

351 2531 640 2601 φαίνεσθαι
670 2530 779 2583 δεῖν
805 2529 895 2584 τὸν
925 2530 980 2582 ὲν
1010 2529 1226 2600 μεθέξει
1270 2535 1525 2600 γεγονότα
1557 2522 1815 2603 Χριστοῦ,
1842 2552 1934 2588 σα-

351 2624 470 2693 φῶς
504 2623 572 2693 δὴ
606 2621 727 2676 λίαν
754 2621 1067 2687 ὑποτυπῶν,
1106 2621 1220 2675 ἀλλ’
1251 2621 1459 2676 ἔντονόν
1497 2640 1556 2676 τε
1588 2624 1681 2677 καὶ
1710 2624 1935 2688 ζέουσαν

350 2714 438 2785 ἐφ’
466 2708 665 2786 οἷσπερ
707 2713 774 2768 ἀν
832 2714 1010 2784 οἴηται
1046 2712 1418 2785 λυσιτελήσειν
1446 2714 1595 2786 αὐτῷ
1629 2715 1935 2787 προθυμίαν

351 2804 698 2877 εἰσφέροντα.
727 2803 837 2857 Καί
874 2819 965 2874 μοι
1003 2800 1164 2857 πάλιν
1187 2804 1356 2857 ἐννόει
1393 2803 1486 2857 τὸν
1522 2806 1788 2875 μακάριον
1816 2808 1937 2859 ὲπι-

352 2896 641 2950 στέλλοντα
685 2893 895 2948 Παῦλον
914 2908 928 2922 '
955 2913 972 2946 ι
998 2893 1111 2948 Οὐκ
1137 2894 1312 2948 οἴδατε
1329 2896 1410 2948 ὅτι
1439 2896 1487 2947 oi
1509 2896 1565 2948 ἐν
1590 2895 1786 2966 σταδίῳ
1809 2896 1934 2968 τρέ-

2052 468 2158 511 nus
2186 454 2335 509 Deus
2359 462 2486 509 tuus
2504 452 2639 523 quid
2677 451 2814 522 petit
2837 451 2937 506 abs
2961 460 3034 515 te,
3068 450 3176 507 nisi
3203 459 3263 509 ut
3287 452 3478 509 timeas
3518 456 3628 509 Do-

2051 545 2261 602 minum
2306 545 2478 600 Deum
2514 553 2689 607 tuum,
2738 549 2798 597 ut
2843 541 3093 597 ambules
3136 541 3191 595 in
3234 541 3493 597 ominibus
3525 544 3627 599 viis

2049 637 2169 708 ejus
2190 638 2273 690 ’9?
2301 657 2319 688 ι
2350 638 2513 707 Virga
2539 642 2725 691 autem
2749 641 2805 691 et
2830 634 3059 690 baculus
3085 633 3139 688 in
3167 649 3331 689 manu
3355 634 3627 706 signiﬁcat

2048 744 2223 798 spem,
2260 744 2391 799 quae
2414 744 2516 785 nos
2553 727 2845 783 conﬁrmat
2885 741 2949 781 ac
2990 732 3262 780 sustentat
3285 741 3383 795 per
3409 725 3624 795 patien-

2048 815 2178 870 tiam
2211 817 2512 871 secundum
2557 816 2711 881 illud,
2746 813 2893 886 quod
2923 814 2977 869 in
3014 813 3298 884 prophetis
3343 814 3575 870 habetur
3607 835 3619 869 :

2054 925 2072 957 ι
2101 905 2327 975 Sperate
2352 906 2407 961 in
2430 907 2684 967 Domino,
2711 915 2767 961 et
2791 905 2975 960 fulcite
2988 919 3099 975 ,νος
3121 903 3176 958 in
3202 904 3313 959 Deo
3340 904 3403 957 ³ο.
3432 925 3448 953 ι
3483 905 3623 959 Rur-

2046 1012 2165 1059 sum
2211 998 2491 1069 praecepit,
2546 1007 2610 1052 ut
2656 1013 2857 1068 agnum
2902 995 3226 1051 festinanter
3279 995 3465 1061 edant,
3510 1012 3621 1066 quo
3657 1033 3665 1041 -

2044 1086 2305 1150 ostendit,
2339 1101 2408 1141 ne
2432 1087 2610 1158 segnis
2632 1094 2731 1141 aut
2752 1085 3010 1140 remissus
3056 1084 3114 1139 in
3157 1083 3297 1140 bene
3341 1083 3620 1154 operando

2046 1188 2305 1247 appareat
2328 1178 2376 1233 is
2395 1178 2489 1248 qui
2513 1177 2718 1233 Christi
2744 1176 3018 1248 particeps
3043 1175 3220 1230 factus
3242 1174 3334 1241 sit,
3361 1175 3457 1231 sed
3489 1174 3617 1230 dili-

2042 1265 2279 1337 gentiam
2307 1276 2362 1322 et
2388 1266 2675 1323 ardentem
2713 1267 3062 1322 sedulitatem
3106 1265 3165 1319 in
3209 1264 3277 1320 iis
3312 1281 3432 1335 quae
3461 1271 3618 1334 putet

2014 1358 2146 1412 sibi
2214 1357 2520 1427 profutura,
2593 1357 2870 1413 adhibeat.
2923 1355 3025 1410 llic
3066 1368 3199 1424 ergo
3245 1353 3617 1409 animadverte

2040 1448 2187 1518 quod
2212 1448 2405 1503 beatus
2430 1448 2632 1503 Paulus
2656 1448 2848 1502 scribit
2885 1462 2984 1517 per
3005 1445 3291 1515 epistolam
3323 1461 3338 1497 :
3373 1463 3389 1494 ι
3416 1442 3498 1497 An
3522 1459 3618 1498 ne~

2041 1538 2215 1602 scitis,
2245 1538 2523 1608 inquiens,
2546 1537 2714 1608 quod,
2755 1533 2916 1607 2'75
2942 1535 3035 1605 qui
3075 1534 3129 1587 in
3160 1532 3610 1595 stadiocurruut,

2030 1645 2232 1687 omnes
2274 1629 2498 1699 quidem
2555 1610 2819 1693 currant,
2855 1634 2999 1681 unus
3023 1632 3204 1679 autem
3232 1614 3614 1691 accipi‘a't‘bra—

2038 1721 2220 1776 vium?
2244 1720 2332 1776 Sic
2354 1720 2581 1782 currite,
2609 1726 2667 1773 ut
2690 1714 3114 1788 apprehendatis
3141 1713 3206 1767 ".
3240 1732 3257 1764 ι
3294 1712 3466 1767 Porro
3490 1722 3613 1765 cum

2035 1811 2341 1866 existimem
2384 1826 2485 1866 nos
2518 1810 2722 1879 ubique
2749 1807 2951 1863 debere
2980 1804 3171 1860 venari
3208 1804 3263 1858 id
3299 1803 3444 1872 quod
3481 1817 3614 1856 con-

2036 1902 2272 1958 ducibile
2297 1911 2400 1967 est,
2431 1902 2635 1956 ideirco
2659 1916 2805 1954 nunc
2830 1899 2899 1954 ad
2922 1898 3089 1953 alium
3114 1910 3335 1951 sensum
3375 1894 3610 1949 veniam.

2034 1994 2154 2049 Non
2177 1993 2494 2058 delicatum,
2525 2008 2705 2062 neque
2736 1990 3064 2046 dissolutum
3106 1987 3279 2042 videri
3314 1987 3430 2041 vult
3462 1999 3611 2045 eum,

2035 2086 2128 2157 qui
2160 2087 2272 2158 jam
2296 2102 2395 2157 per
2416 2084 2697 2140 Christum
2722 2090 2806 2138 est
2829 2080 3220 2144 sanctiﬁcatus,
3246 2077 3343 2133 sed
3376 2079 3462 2131 lcx
3487 2091 3621 2131 eum

2038 2178 2130 2233 tali
2157 2178 2369 2233 inducit
2389 2177 2603 2240 habitu,
2634 2175 2728 2246 qui
2754 2173 3058 2228 viatoribus
3079 2170 3365 2236 convenit;
3392 2170 3513 2223 hare
3530 2167 3614 2221 ni-

2036 2271 2238 2326 mirum
2263 2270 2370 2326 duo
2394 2267 2637 2325 studiose
2662 2266 2968 2329 insinuans,
2988 2278 3188 2335 pempe
3212 2261 3357 2334 quod
3392 2270 3486 2316 aut
3509 2261 3635 2315 ista.

2036 2378 2156 2433 qua:
2194 2372 2323 2417 sunt
2346 2361 2400 2415 in
2428 2368 2556 2432 typo
2581 2366 2636 2413 et
2659 2357 2855 2412 umbra
2884 2356 3082 2427 posita,
3112 2353 3334 2409 tandem
3377 2352 3441 2407 ad
3466 2353 3613 2406 veri-

2038 2459 2203 2507 tatem
2233 2449 2568 2505 traducenda
2602 2448 2713 2502 sint
2739 2465 2752 2501 :
2779 2452 2877 2501 aut
2904 2444 3050 2515 quod
3076 2450 3328 2514 operteat
3351 2446 3478 2496 eum
3517 2442 3610 2511 qui

2037 2541 2204 2595 semel
2232 2540 2657 2596 communicavit
2681 2538 2921 2602 Christo,
2946 2538 3102 2608 quasi
3123 2536 3351 2591 incitato
3372 2533 3612 2589 ardenti-

2037 2649 2141 2702 que
2160 2632 2342 2687 animo
2360 2633 2428 2686 ad
2447 2646 2666 2686 omnem
2688 2630 2949 2685 virtutem
2971 2627 3326 2688 contendere,
3348 2633 3403 2679 et
3426 2625 3609 2688 istam,

2036 2740 2157 2794 qua:
2199 2723 2253 2777 in
2277 2722 2480 2778 mundo
2505 2729 2609 2785 est,
2638 2719 3060 2775 abominabilem
3102 2718 3436 2786 voluptatem
3471 2731 3611 2785 prae—

2020 2816 2330 2887 »terl’ugere.
2362 2813 2638 2870 Continuo
2681 2819 2864 2866 autem
2904 2823 3122 2864 causam
3165 2806 3410 2870 adducit,
3443 2821 3612 2876 quare

2037 2916 2290 2980 oporteat
2309 2907 2682 2962 Christianum
2711 2902 2805 2973 qui
2820 2902 2930 2972 jam
2948 2916 2977 2956 a
2995 2900 3156 2957 nobis
3177 2899 3485 2969 descriptus
3504 2906 3608 2961 est,

352 3003 539 3056 χοντες
562 2985 763 3049 πάντες
786 2986 883 3055 μὲν
901 2985 1203 3055 τρέχουσιν,
1240 2980 1319 3048 εἷς
1340 2984 1396 3039 δὲ
1423 2986 1685 3057 λαμσάνει
1707 2988 1768 3040 τὸ
1802 2987 1935 3059 βρα-

2041 2999 2201 3053 talem
2244 2996 2440 3060 videri,
2482 3015 2499 3047 ‹
2550 2994 2747 3057 Phase,
2790 2990 3062 3061 inquiens,
3113 2989 3327 3044 Domini
3371 2996 3473 3053 est,
3507 2987 3613 3042 hoc

348 3078 495 3129 σεῖον
518 3073 711 3140 ςΟῦτω
723 3073 963 3145 τρέχετε,
978 3074 1063 3128 ἵνα
1087 3075 1447 3145 καταλάϐητε.
1462 3094 1479 3125 ι
1504 3077 1713 3147 Χρῆναι
1734 3076 1789 3130 δὲ
1809 3078 1940 3130 ὑπο-

350 3167 643 3240 λαμϐάνων
671 3166 1004 3237 πανταχόθεν
1023 3168 1167 3237 ἡμᾶς
1190 3167 1458 3239 θηρᾶσθαι
1482 3167 1541 3221 τὸ
1561 3166 1822 3239 ὠφελοῦν,
1854 3170 1940 3240 ἐφ’

349 3261 545 3332 ἑτέραν
572 3260 688 3331 ῆξω
731 3259 987 3313 διάνοιαν.
1018 3258 1130 3329 Οὐχ
1165 3258 1498 3329 ἀϐροδίαιτόν
1531 3278 1653 3314 τινα
1680 3261 1773 3313 καὶ
1794 3262 1939 3316 ἀνει-

358 3351 519 3421 μένον
539 3350 772 3421 ὁρᾶσθαι
802 3348 1046 3420 βούλεται
1085 3348 1175 3402 τὸν
1214 3351 1541 3421 ἡγιασμένον
1566 3351 1652 3405 διὰ
1680 3352 1937 3425 Χριστοῦ,

352 3441 488 3495 ἀλλὰ
506 3442 693 3513 σχῆμα
711 3440 773 3493 τὸ
785 3442 897 3505 τοῖς
920 3440 1118 3504 όδίταις
1134 3441 1340 3511 πρέπον
1367 3443 1707 3515 περιτίθησιν
1728 3446 1755 3497 6
1777 3444 1938 3515 νόμος

354 3530 536 3601 αὐτῷ’
582 3531 678 3585 δύο
713 3533 903 3599 ταῦτα,
952 3533 1095 3587 κατὰ
1132 3532 1194 3585 τὸ
1250 3532 1415 3597 είκδς,
1470 3535 1854 3607 ὑπεμφαίνων·
1900 3536 1933 3609 ἢ

353 3620 463 3690 γάρ
499 3621 585 3674 δτι
621 3620 937 3692 διαϐήσεταί
981 3639 1111 3676 ποτε
1167 3622 1260 3676 καὶ
1289 3623 1575 3694 δραμεῖται
1624 3625 1759 3697 πρὸς
1810 3627 1937 3699 ἀλή-

354 3707 507 3761 θειαν
553 3707 624 3763 τὰ
670 3708 730 3761 ὲν
774 3710 930 3781 τύπῳ
968 3711 1064 3765 κα)⁸
1104 3712 1330 3783 σκιᾷ·ῆ
1380 3712 1461 3765 δτι
1523 3714 1791 3786 προσήκοι
1843 3716 1934 3770 τὸν

358 3798 503 3863 ἅπαξ
555 3799 926 3869 μετεσχηκότα
950 3800 1468 3873 Χριστοῦ,⁷γοργοῖς
1504 3801 1696 3876 ὥσπερ
1722 3805 1816 3860 καὶ
1843 3807 1934 3859 εὑ-

354 3890 725 3960 τροχωτὰτοις
787 3892 915 3944 ποσὶ
958 3878 1079 3955 ταῖς
1127 3896 1207 3958 είς
1252 3894 1312 3948 τὸ
1355 3895 1559 3964 ἀγαθὸν
1602 3896 1934 3970 προθυμίαις

354 3981 832 4052 ἀποκεχρημένον,
859 3983 953 4036 ἐπὶ
992 3984 1166 4039 πᾶσαν
1214 3985 1414 4056 ἀρετὴν
1447 3987 1599 4051 ἰέναι,
1640 3987 1737 4059 τὴν
1760 3990 1816 4042 ὲν
1844 3989 1935 4043 κό-

357 4089 478 4142 σμῳ
503 4071 770 4143 βδελυρὰν
813 4073 1001 4144 ἡδονὴν
1034 4075 1462 4147 παρατρέχοντα.
1509 4076 1733 4146 Ἐπάγει
1757 4078 1814 4133 δὲ
1838 4080 1934 4151 τὴν

355 4163 536 4215 αἰτίαν
562 4159 726 4225 εὐθὺς
755 4163 849 4216 τοῦ
893 4162 1002 4216 δεῖν
1047 4163 1274 4235 ὁρᾶσθαι
1311 4166 1551 4220 τοιοῦτον
1598 4168 1689 4221 τὸν
1730 4169 1933 4237 ἀρτίως

355 4255 485 4324 ἡμῖν
516 4254 1031 4324 κατωνομασμένον,
1050 4274 1067 4305 ι
1088 4255 1295 4326 Πάσχα,
1318 4257 1511 4326 λέγων,
1533 4258 1649 4312 ἐστὶ
1670 4260 1894 4332 Κυρίου,
1908 4279 1925 4311 ι

354 4343 630 4406 τουτέστι,
678 4344 1044 4417 διαδατήριον.
1095 4347 1450 4409 Διαόαίνομεν
1498 4352 1607 4423 γὰρ
1672 4353 1783 4407 ἀπὸ
1834 4354 1931 4425 τῆς

356 4435 413 4487 ἐν
444 4435 638 4506 κόσμῳ
684 4434 848 4506 ζωῆς,
882 4439 963 4501 είς
992 4436 1210 4509 θεοφιλῆ
1258 4439 1549 4495 πολιτείαν.
1600 4437 1731 4497 Εἶτα
1769 4446 1930 4500 πάλιν

357 4527 540 4592 εὐθὺς,
580 4527 703 4581 τίνα
733 4529 828 4581 καὶ
881 4530 1054 4600 πόσην
1101 4531 1577 4602 ἀποκερδαίνουσιν
1629 4536 1691 4588 ἐκ
1743 4536 1929 4590 τούτου

358 4620 454 4690 τὴν
481 4620 690 4691 ὄνησιν,
709 4622 942 4692 φανερὸν
983 4624 1167 4686 αὐτοῖς
1202 4624 1498 4688 καθιστάς·
1536 4626 1644 4680 πᾶν
1681 4629 1778 4699 μὲν
1823 4631 1931 4701 γαρ

360 4712 706 4782 πρωτότοκον
736 4716 792 4767 ὲν
820 4716 891 4786 γῇ
930 4714 1192 4787 Αἰγύπτῳ
1222 4715 1478 4781 πατάξειν
1507 4719 1928 4787 ἐπαγγέλλεται·

361 4804 545 4868 αὐτοῖς
586 4803 644 4857 δὲ
686 4809 797 4869 τοῖς
857 4807 949 4860 τὸν
988 4806 1158 4877 ἀμνὸν
1213 4807 1566 4879 βεϐρωκόσιν,
1618 4812 1675 4863 ὲν
1720 4813 1929 4885 σημείῳ

358 4895 687 4966 γενήσεσθαι
717 4897 777 4950 τὸ
811 4893 951 4968 αἷμά
979 4915 1164 4967 φησιν,
1201 4899 1276 4962 ὡς
1310 4899 1415 4952 ὑπὸ
1452 4900 1659 4969 σκέπην
1684 4902 1929 4957 ἐντεῦθεν

360 4986 610 5052 γενέσθαι
667 4987 765 5059 τὴν
805 4989 935 5059 παρ’
966 4988 1151 5054 αὑτοῦ,
1196 4990 1332 5061 πρὸς
1380 4990 1439 5042 τὸ
1491 4993 1565 5063 μὴ
1611 4993 1928 5063 ἐκτρισῆναι

362 5077 484 5128 ὅταν
519 5079 656 5147 παίη
700 5078 758 5130 ἐν
796 5081 865 5149 γῇ
905 5079 1186 5150 Αἰγύπτῳ.
1213 5082 1447 5146 Κολάζει
1478 5083 1576 5151 μὲν
1620 5085 1727 5155 γὰρ
1748 5086 1776 5138 6
1800 5085 1929 5151 Θεὸς

365 5168 453 5220 τὸν
487 5167 692 5240 ἀπειθῆ
738 5168 830 5222 καὶ
870 5170 1121 5242 ἀνήκοον,
1153 5174 1246 5225 καὶ
1274 5172 1374 5243 τῆς
1405 5176 1686 5243 ἁγιότητος
1728 5175 1925 5246 ἀμέτο-

363 5277 453 5329 χον
508 5260 609 5330 τῆς
646 5260 797 5332 παρά
852 5262 1109 5331 Χριστοῦ.
1159 5264 1417 5333 Γνωρίζει
1466 5265 1521 5317 δὲ
1587 5267 1796 5335 μόνους,
1838 5269 1930 5321 καὶ

365 5351 640 5421 φροντίδος
672 5351 883 5423 ἀγαθῆς
915 5351 1059 5417 ἀξιοῖ
1093 5354 1238 5418 τοὺς,
1293 5355 1449 5425 οἵπερ
1493 5356 1558 5409 ἂν
1604 5355 1930 5428 φαίνο[ι]ντο

366 5443 850 5514 κατακεχρισμένοι
896 5444 973 5515 τῷ
1004 5446 1196 5515 αἵματι
1232 5444 1325 5499 τοῦ
1353 5448 1522 5516 ἀμνοῦ
1545 5448 1633 5500 τοῦ
1655 5448 1926 5517 ἀληθινοῦ,

434 5642 477 5671 τ’
507 5639 663 5692 Deut.
689 5654 742 5704 ιι,
776 5638 856 5692 12.
932 5638 976 5671 ³ο
1012 5640 1110 5694 lsa.
1138 5655 1188 5707 ι,
1218 5639 1302 5694 l0.

1410 5641 1452 5672 ³¹
1480 5640 1501 5694 l
1534 5640 1657 5697 Cor.
1690 5657 1761 5706 lx,
1786 5641 1875 5707 9.5,
1900 5641 1988 5695 25.

2039 3096 2142 3153 est,
2174 3086 2437 3141 transitus
2459 3086 2524 3139 ⁸⁸.
2559 3106 2577 3137 ι
2613 3083 2934 3139 Transimus
2951 3081 3098 3136 enim
3139 3095 3170 3135 a
3196 3080 3306 3134 vita
3336 3079 3617 3133 mundana

2040 3182 2094 3237 in
2118 3179 2591 3237 conversationem
2615 3177 2727 3230 Deo
2750 3181 3050 3243 acceptam.
3076 3170 3271 3226 Statim
3293 3184 3427 3224 vero
3448 3184 3623 3239 quem

2036 3282 2089 3329 et
2114 3281 2380 3344 quantum
2413 3270 2654 3325 fructum
2679 3267 2809 3321 hinc
2835 3263 3145 3335 percepturi
3172 3262 3301 3326 sint,
3326 3259 3611 3315 manifeste

2036 3364 2108 3419 ob
2131 3362 2319 3417 oculos
2340 3360 2515 3430 ponit,
2558 3358 2689 3413 dum
2717 3354 3006 3411 annuntiat
3028 3352 3110 3408 eis
3134 3367 3192 3407 se
3218 3366 3380 3406 omne
3406 3350 3613 3420 primo-

2035 3456 2278 3528 genitum
2305 3453 2359 3507 in
2388 3462 2529 3508 terra
2574 3448 2788 3521 Egypti
2815 3458 3373 3519 percussurum‘esse,
3397 3459 3460 3535 aq
3482 3457 3611 3497 san-

2035 3547 2256 3617 guinem
2301 3545 2371 3599 iis
2397 3544 2491 3614 qui
2518 3540 2861 3598 comederint
2898 3551 3097 3610 agnum
3141 3534 3258 3591 fore
3282 3534 3337 3589 in
3372 3534 3610 3604 signum,

2034 3636 2180 3707 quod
2225 3635 2334 3691 sint
2366 3634 2469 3690 sub
2494 3634 2611 3704 ejus
2637 3629 2997 3701 protectione,
3044 3642 3113 3681 ne
3142 3633 3371 3696 pereant
3393 3622 3614 3693 quando

2034 3726 2367 3798 percusserit
2395 3735 2594 3781 terram
2626 3721 2859 3794 Egypti.
2903 3720 3037 3774 Nam
3079 3719 3228 3773 Deus
3257 3715 3325 3771 de
3353 3715 3611 3770 incredu-

2034 3817 2101 3872 lis
2147 3817 2203 3872 et
2249 3813 2721 3877 inobedientibus,
2788 3806 3347 3875 sanctiﬁcationisque
3404 3803 3608 3859 Christi

2032 3908 2344 3964 exsortibus
2366 3903 2694 3976 supplicium
2717 3901 2903 3956 sumit.
2928 3896 3219 3969 Cognoscit
3239 3904 3422 3951 autem
3442 3895 3605 3959 solos,

2034 4001 2255 4069 acrique
2284 4014 2416 4053 cura
2440 3996 2695 4066 dignatur
2729 4006 2845 4053 eos,
2872 3990 2966 4061 qui
3005 3989 3152 4044 uncti
3179 3996 3309 4043 sunt
3347 3985 3609 4057 sanguine

2034 4093 2149 4147 veri
2173 4090 2330 4163 Agni,
2356 4103 2533 4158 neque
2561 4086 2693 4141 sinit
2722 4082 3121 4141 sanctiﬁcatum
3149 4084 3265 4135 una‘
3280 4092 3404 4134 cum
3428 4076 3611 4147 impiis

2037 4183 2284 4247 interire,
2319 4190 2373 4236 at
2401 4180 2582 4251 potius
2608 4176 2868 4249 singulari
2907 4192 3004 4230 sua
3046 4173 3381 4245 benignitate
3412 4186 3507 4225 eos
3527 4170 3610 4224 fo-

2036 4284 2146 4332 vet.
2181 4273 2250 4328 At
2273 4287 2405 4327 vero
2426 4277 2551 4341 post
2591 4278 2735 4323 totos
2767 4277 2976 4335 septem
3013 4265 3132 4319 dies
3167 4264 3401 4334 panibus
3444 4260 3608 4315 infer-

1963 4356 2006 4410 ἶ)
2037 4364 2291 4421 mentatis
2315 4361 2460 4416 vesci
2478 4359 2634 4430 jubet
2654 4374 2769 4420 eos,
2795 4358 2889 4426 qui
2914 4370 3129 4411 sacrum
3157 4368 3354 4423 agnum
3383 4350 3615 4403 mandu-

2028 4465 2174 4518 cant,
2204 4468 2334 4522 quo,
2370 4459 2430 4506 ut
2467 4449 2602 4504 mihi
2645 4447 2884 4508 videtur,
2925 4441 3223 4514 persuadet
3257 4438 3607 4493 sanctiﬁcatis

2029 4547 2086 4600 in
2118 4545 2361 4607 Christo,
2397 4550 2457 4596 ut
2490 4555 2644 4595 suam
2687 4539 2930 4608 ipsorum
2958 4535 3195 4589 animam
3222 4537 3447 4601 pascant
3472 4543 3606 4582 con—

2030 4633 2383 4705 cupiscentiis
2406 4629 2736 4703 purissimis,
2770 4627 3114 4694 maximeque
3149 4622 3216 4677 ab
3245 4620 3392 4675 omni
3422 4617 3606 4689 pravi-

2032 4736 2139 4782 tate
2177 4724 2458 4796 sejunctis.
2499 4742 2516 4773 ι
2551 4721 2734 4776 Prima
2767 4726 2949 4773 autem
2990 4724 3047 4771 et
3086 4714 3315 4784 septima
3346 4710 3483 4772 dics,
3522 4708 3606 4762 in-

2034 4812 2173 4881 quit,
2210 4818 2475 4864 vocentur
2504 4817 2704 4863 sancta:
2728 4807 2792 4859 ⁸³.
2842 4826 2859 4856 ι
2899 4804 3138 4874 Tempus
3169 4802 3313 4856 enim
3354 4800 3407 4852 in
3453 4796 3605 4866 prin-

2034 4903 2177 4973 cipio
2203 4899 2568 4971 generationis
2605 4899 2708 4952 fuit
2729 4906 2998 4959 sanctum,
3025 4910 3148 4949 cum
3175 4892 3383 4962 primus
3412 4903 3607 4958 parens

2036 4994 2203 5048 Adam
2228 4992 2468 5044 nondum
2490 4991 2698 5060 ejectus
2727 4996 2873 5043 esset
2902 4984 3151 5056 paradiso
3180 4989 3403 5051 propter
3427 4988 3605 5033 trans.

2035 5084 2402 5157 grcssionem;
2434 5082 2525 5136 sed
2579 5081 2758 5135 adhuc
2794 5081 2849 5133 in
2883 5094 2950 5133 eo
2989 5076 3229 5146 degeret,
3257 5072 3603 5126 mandatum-

2036 5192 2141 5247 que
2174 5175 2277 5229 sibi
2310 5174 2493 5228 datum
2522 5170 2838 5227 custodiret.
2872 5169 3129 5224 Sanctum
3158 5165 3285 5218 item
3322 5171 3406 5216 est
3444 5162 3603 5216 etiam

2036 5264 2391 5320 novissimum
2414 5273 2646 5332 tempus,
2669 5278 2768 5332 per
2793 5259 3091 5323 Christum,
3113 5257 3205 5327 qui
3234 5256 3286 5309 in
3315 5254 3418 5308 title
3443 5252 3606 5322 justi-

2037 5358 2278 5411 ﬁcateos
2304 5354 2398 5422 qui
2423 5353 2488 5406 ad
2520 5353 2695 5421 ipsum
2737 5349 3209 5416 acccdunt,atque
3256 5344 3309 5398 in
3358 5342 3409 5396 id
3456 5339 3603 5409 quod

2034 5461 2250 5502 eraums
2280 5443 2332 5499 in
2368 5442 2657 5512 principio,
2679 5441 2910 5496 reducit.
2942 5439 3106 5511 276
3127 5436 3391 5503 Quocirca
3430 5441 3602 5488 totum

2068 5643 2106 5673 ³¹
2138 5640 2303 5693 Exod.
2332 5652 2422 5703 xu,
2457 5636 2535 5689 ll.
2614 5636 2657 5667 ³³
2683 5632 2818 5690 Ibid.
2852 5630 2935 5685 l6.
