4022 6198
437 293 555 349 ea
1461 280 1517 348 s‘.
1556 294 1832 351 cmeu
1872 296 2345 357 ABEXANDRINI
2381 301 2696 358 ARCHIEP.
2949 349 2953 352 .
3579 307 3681 362 εει

437 405 600 461 nobis
628 420 686 460 in
724 405 875 461 hisce
912 404 1211 461 Salvatoris
1233 405 1420 476 fnostri
1459 409 1785 479 mysterium
1820 410 2015 464 adum-

2133 416 2210 467 ιαὶ
2255 418 2369 479 τοῖς
2399 412 2675 470 ἀσεϐέσιν⁹
2696 416 2797 470 οὐκ
2835 416 3119 488 ἐπιτρέπει
3168 414 3570 469 συνδιόλλυσθαι
3595 416 3681 471 τὸν

437 498 655 553 bratum
676 507 780 553 est.
808 498 962 555 Unde
995 507 1052 554 et
1081 499 1358 569 eleganter
1386 499 1678 555 admodum
1702 500 1771 555 ad
1795 501 2014 558 Judmos

2133 504 2446 575 ἡγιασμένον
2466 523 2480 537 ι
2537 506 2652 559 ἀλλ’
2688 505 2966 578 ἐξαίρετον
3026 508 3211 570 αὐτοῖς
3249 508 3514 579 ἀπονέμει
3564 507 3681 576 φιλ-

436 590 511 644 ait
535 607 547 642 :
580 609 598 640 ι
628 589 685 644 Si
710 590 1012 645 crederetis
1034 588 1188 654 Mosi,
1212 591 1515 646 crederetis
1536 591 1727 661 utique
1759 601 1815 647 et
1846 593 2017 647 mihi:

2133 597 2449 666 ινθρωπίαν.
2468 599 2586 668 Ἐφ’
2603 598 2742 652 ὲπτά
2766 599 3232 671 δὲόλαιςήμέραις
3250 600 3433 671 ἄρτοις
3458 598 3683 669 ἀζύμοις

435 684 506 741 de
542 701 630 741 me
649 686 798 740 enim
836 685 928 740 ille
955 685 1176 755 scripsit
1205 686 1270 739 ³⁵.
1304 705 1321 736 ι
1670 736 1679 739 -

2133 687 2554 758 προστρέφεσθαι
2614 688 2826 742 κελεύει
2886 689 3011 753 τοὺς
3064 690 3158 744 τὸν
3229 690 3374 760 ἱερὸν
3418 688 3684 760 φαγόντας

436 777 642 855 ἀμνόν·
669 774 1088 845 καθαρωτάταις
1126 774 1466 846 ἐπιθυμίαις,
1508 775 1584 840 ὥς
1621 774 1684 844 γέ
1718 792 1809 846 μοι
1842 775 2114 844 φαίνεται,
2149 776 2244 828 καὶ
2274 777 2494 848 ἁπάσης
2540 779 2876 849 φαυλότητος
2927 781 3364 852 ἀπῳκισμέναις,
3434 782 3530 837 καὶ
3590 780 3685 850 τὴν

435 866 643 920 ἑαυτῶν
698 865 1025 937 ἀποτρέφειν
1061 868 1237 938 ψυχὴν
1288 868 1597 923 ἀναπείθων
1637 870 1763 933 τοὺς
1790 868 2155 939 ήγιασμένους
2209 870 2297 923 διὰ
2327 871 2586 942 Χριστοῦ.
2624 892 2641 923 ι
2676 872 2831 941 ’Δγία
2863 875 2920 928 δὲ
2956 877 2989 946 ή
3023 874 3214 948 πρώτη
3269 875 3364 933 καὶ
3415 876 3450 946 ή
3487 874 3683 946 ἑϐδόμη

435 957 730 1023 καλείσθω,
790 960 975 1030 φησὶν,
1036 960 1236 1033 ήμέρα.
1267 979 1286 1013 ι
1321 961 1514 1031 Ἄγιος
1559 962 1667 1035 γὰρ
1712 962 1922 1035 ήμῶνό
1961 967 2020 1019 ὲν
2055 966 2199 1037 ἀρχῇ
2253 967 2354 1037 τῆς
2419 967 2688 1035 γενέσεως
2761 969 2983 1039 χρόνος·
3027 968 3181 1024 οῦπω
3227 970 3320 1023 τὸν
3363 968 3689 1044 παράδεισον

435 1051 803 1122 ὲκϐεϐηκότυς
860 1050 948 1104 διὰ
989 1052 1089 1121 τὴν
1146 1052 1459 1124 παράϐασιν
1520 1053 1614 1107 τοῦ
1671 1054 2018 1126 προπάτορος
2067 1056 2260 1126 Ἀδὰμ,
2289 1057 2404 1111 ἀλλ’
2444 1060 2504 1111 ἐν
2547 1058 2695 1130 αύτῷ
2735 1061 2834 1128 μὲν
2900 1059 3280 1130 διαιτωμένου,
3333 1059 3691 1130 φυλάττοντος

435 1145 492 1198 δὲ
527 1144 608 1197 ἔτι
649 1144 750 1215 τὴν
787 1143 1034 1198 δοθεῖσαν
1083 1144 1322 1215 ἐντολήν.
1356 1140 1547 1214 ⁸Ἄγιος
1582 1145 1640 1199 δὲ
1666 1145 1838 1210 ,πάλιν
1902 1146 1932 1199 ό
1965 1147 2060 1199 καὶ
2098 1149 2156 1200 ὲν
2186 1148 2455 1218 ἐσχάτοις,
2496 1148 2585 1203 διά
2627 1150 2888 1221 Χριστοῦ,
2917 1150 3252 1215 δικαιοῦντος
3273 1152 3330 1205 ὲν
3362 1152 3542 1206 πίστει
3568 1153 3691 1218 τοὺς

444 1237 772 1309 προσιόντας
815 1234 985 1307 αὐτῷ,
1052 1236 1146 1289 καὶ
1177 1237 1255 1300 εἰς
1291 1239 1467 1291 ἐκεῖνο
1516 1238 1677 1294 πάλιν
1720 1239 2165 1311 ἀνακομίζοντος,
2205 1242 2285 1305 εἰς
2322 1241 2460 1312 ὅπερ
2528 1237 2671 1313 ἦμεν
2692 1244 2749 1297 ὲν
2786 1244 3000 1314 ἀρχαῖς.
3038 1244 3249 1299 Οὐκοῦν
3313 1245 3434 1300 ὅλον
3472 1247 3607 1317 ἡμῖν
3634 1248 3692 1301 ἐν

441 1328 653 1392 τούτοις
690 1328 753 1382 τὸ
786 1327 916 1397 περὶ
948 1323 1042 1379 τοῦ
1092 1327 1345 1397 Σωτῆρος
1393 1325 1553 1398 ήμῶν
1592 1328 2034 1398 προανετυποῦτο
2075 1330 2392 1401 μυστήριον.
2416 1328 2509 1383 Διδ
2532 1329 2595 1402 δὴ
2618 1332 2714 1385 καὶ
2744 1331 2951 1402 σφόδρα
2981 1332 3160 1396 καλῶς
3225 1334 3364 1405 πρὸς
3404 1335 3694 1401 Ἰουδαίους

437 1422 600 1487 αὐτὸς
627 1421 811 1489 ἔλεγε·
847 1439 866 1471 ι
890 1418 954 1472 Et
977 1416 1291 1472 ἐπιστεύετε
1311 1418 1536 1490 Μωῦσῇ,
1564 1420 1750 1491 φησιν,
1771 1418 2128 1473 ἐπιστεύσατε
2169 1419 2235 1473 ἂν
2270 1420 2392 1489 ἐμοί
2414 1436 2427 1449 ·
2464 1421 2593 1491 περὶ
2619 1420 2728 1494 γὰρ
2766 1420 2900 1492 ἐμοῦ
2930 1422 3137 1486 ἐκεῖνος
3164 1422 3392 1493 ἔγραψε.
3418 1444 3437 1477 ι

718 1533 798 1590 De
834 1532 1221 1588 consecratione
1258 1532 1748 1604 primogenitorum.

509 1628 563 1686 1.
590 1624 881 1695 Redempti
911 1621 1133 1693 quidem
1169 1637 1361 1677 sumus
1399 1638 1431 1678 a
1461 1623 1640 1695 prisca
1663 1623 1755 1678 illa
1785 1637 2019 1677 conver-

438 1724 650 1779 satione
690 1733 812 1790 quae
854 1715 1106 1788 patribus
1150 1714 1253 1772 fuit
1300 1715 1520 1780 tradita,
1570 1715 1713 1771 sicut
1754 1714 2023 1786 scriptum

437 1822 569 1870 est:
612 1828 631 1862 ι
682 1808 802 1864 Non
850 1804 1308 1876 corruptibilibus
1354 1813 1580 1875 argento
1622 1812 1679 1860 et
1727 1818 1884 1868 auro,
1927 1801 2025 1858 sed

438 1901 683 1976 pretioso
706 1897 972 1969 sanguine
995 1902 1253 1966 tanQuam
1285 1895 1410 1966 agni
1432 1893 1769 1951 immaculati
1796 1890 2026 1959 Christi,

439 1990 758 2066 pmogniti
790 1987 1014 2060 quidem
1040 1995 1169 2044 ante
1191 1984 1642 2042 constitutionem
1675 1982 1889 2049 mundi,
1913 1997 2027 2038 ma-

439 2083 685 2142 nifestati
699 2088 883 2138 autem
917 2079 974 2135 in
1006 2079 1324 2135 novissimis
1337 2076 1403 2130 ³⁸.
1434 2096 1453 2130 ι
1484 2075 1622 2132 Cum
1647 2075 1798 2130 enim
1834 2082 2027 2145 suapte

424 2188 641 2236 natura
671 2177 817 2231 Deus
838 2180 993 2230 esset
1028 2180 1085 2227 et
1113 2172 1169 2226 in
1199 2170 1376 2226 forma
1403 2184 1468 2224 ac
1497 2168 1810 2240 aequalitate
1841 2167 1940 2223 Dei
1970 2176 2027 2223 et

443 2268 644 2332 Patris,
679 2265 737 2320 in
777 2273 923 2320 terra
948 2265 1101 2318 visus
1127 2270 1232 2327 est,
1274 2269 1332 2316 et
1371 2276 1496 2317 cum
1538 2258 1858 2314 hominibus
1892 2273 2028 2314 con-

443 2369 712 2423 versatus,
734 2355 1058 2428 Unigenitus
1076 2358 1270 2409 autem
1297 2352 1479 2409 dictus
1499 2360 1584 2407 est
1609 2350 2025 2422 primogenitus.

444 2452 534 2508 Ait
559 2449 709 2506 enim
738 2446 797 2503 in
817 2446 1048 2506 Psalmis
1076 2445 1145 2503 ad
1174 2445 1345 2499 Deum
1384 2459 1449 2499 ac
1484 2444 1704 2498 Patrem
1748 2443 2029 2498 caelestem

444 2539 514 2594 de
579 2538 743 2595 nobis
786 2555 800 2592 :
855 2555 873 2590 ι
920 2535 1277 2593 Annuntiabo
1326 2550 1529 2590 nomen
1563 2542 1717 2588 tuum
1763 2531 2031 2588 fratribus

446 2629 605 2696 meis,
641 2630 698 2685 in
740 2628 925 2686 medio
955 2628 1213 2688 Ecclesia:
1241 2626 1478 2686 laudabo
1506 2635 1558 2681 te
1583 2625 1647 2680 ³⁸.
1686 2644 1703 2677 ι
1743 2624 1879 2681 Nam
1904 2639 2031 2680 cum

446 2721 833 2793 assumpsisset
870 2720 1166 2775 humanam
1223 2728 1499 2784 naturam,
1534 2725 1592 2774 et
1622 2734 1682 2774 se
1719 2717 2029 2773 admirabili

447 2814 679 2872 consilio
715 2812 1027 2871 demisisset
1050 2812 1105 2871 iu
1138 2827 1223 2880 ea,
1259 2827 1381 2882 qua:
1414 2827 1515 2867 nos
1547 2826 1759 2876 sumus,
1788 2826 1899 2866 non
1925 2825 2031 2881 pu-

2304 1531 2443 1599 Περί
2464 1531 2574 1600 τῆς
2600 1532 2942 1601 ἀναθέσεως
2963 1533 3085 1588 τῶν
3111 1539 3520 1604 πρωτοτόκων.

2197 1628 2266 1676 α’.
2299 1620 2697 1695 Λελυτρώμεθα
2729 1624 2827 1695 μὲν
2854 1626 2918 1679 ὲκ
2963 1626 3066 1696 τῆς
3108 1628 3341 1699 ἀρχαίας
3377 1630 3535 1702 ήμῶν
3569 1631 3698 1687 ἀνα.

2125 1715 2334 1788 τροφῆς
2389 1715 2869 1787 πατροπαραδότου
2890 1756 2906 1778 ,
2968 1716 3111 1771 κατά
3162 1718 3224 1771 τὸ
3277 1724 3698 1795 γεγραμμένον.

2132 1827 2150 1859 ι
2189 1810 2264 1863 Ού
2297 1809 2555 1882 φθαρτοῖς
2583 1809 2883 1883 ἀργυρίῳῆ
2909 1810 3138 1883 χρυσίῳ,
3161 1812 3300 1868 ἀλλά
3326 1816 3490 1887 τιμίῳ
3506 1817 3701 1888 αἵματι

2126 1897 2202 1962 ὡς
2240 1898 2414 1970 ἀμνοῦ
2460 1898 2694 1971 ἀμώμου
2737 1900 2830 1953 καὶ
2858 1899 3089 1967 ἀσπίλου
3123 1902 3391 1973 Χριστοῦ,
3422 1921 3700 1976 προεγνω-

2128 1989 2328 2060 σμένου
2354 1991 2454 2060 μὲν
2484 1991 2588 2063 πρὸ
2615 1990 2921 2061 καταϐολῆς
2952 1993 3181 2064 κόσμου,
3214 1997 3622 2066 φανερωθέντος
3645 2000 3702 2055 δὲ

2127 2080 2214 2132 ἐπ’
2243 2080 2494 2150 ἐσχάτου.
2545 2100 2564 2132 ι
2599 2082 2730 2134 “Ars
2762 2081 2894 2145 Θεὸς
2931 2080 3007 2136 ὢν
3046 2082 3206 2152 φύσει
3231 2126 3247 2150 ,
3289 2086 3385 2139 καὶ
3417 2088 3473 2140 ὲν
3517 2092 3700 2161 μορφῇ

2128 2172 2225 2226 καὶ
2257 2171 2462 2242 ίσότητι
2508 2171 2645 2226 Θεοῦ
2688 2174 2784 2227 καὶ
2817 2173 3062 2244 Πατρός,
3094 2175 3185 2228 καὶ
3228 2177 3351 2230 ἐπεὶ
3385 2176 3700 2249 ὠνόμασται

2129 2264 2224 2318 καὶ
2282 2263 2625 2334 πρωτότοκος
2657 2265 2686 2317 ὁ
2723 2265 3036 2335 Μονογενὴς
3061 2305 3076 2330 ,
3112 2267 3205 2321 ἐπὶ
3241 2268 3344 2338 γῆς
3376 2268 3534 2340 όιφθη
3556 2312 3573 2335 ,
3606 2273 3704 2325 καὶ

2126 2352 2239 2413 τοῖς
2279 2348 2586 2420 ἀνθρώποις
2626 2353 3060 2425 συνανεστράφη.
3100 2355 3245 2425 Ἔφη
3285 2356 3394 2427 γάρ
3425 2376 3528 2412 που
3572 2361 3704 2431 περὶ

2128 2442 2284 2511 ήμῶν
2313 2444 2370 2495 ὲν
2400 2441 2651 2513 Ψαλμοῖς
2683 2445 2822 2513 προς
2853 2445 2948 2498 τὸν
2974 2448 3033 2499 ὲν
3068 2447 3320 2518 οὐρανοῖς
3353 2449 3570 2521 Πατέρα
3607 2452 3704 2505 καὶ

2127 2533 2295 2585 Θεόνο
2344 2551 2361 2584 ι
2424 2528 2746 2601 Ἀπαγγελῶ
2797 2534 2859 2587 τὸ
2900 2535 3075 2607 όνομά
3131 2553 3226 2590 σου
3281 2539 3394 2602 τοῖς
3453 2539 3704 2610 ἀδελφοῖς

2134 2640 2237 2693 μου
2268 2662 2282 2684 ,
2341 2624 2398 2675 ὲν
2466 2623 2616 2693 μέσῳ
2665 2623 2994 2695 Ἑκκλησίας
3050 2625 3276 2697 ὑμνήσω
3327 2644 3408 2683 σε.
3451 2646 3471 2679 ι
3544 2630 3705 2683 Ἀναο

2130 2710 2311 2764 λαϐὼν
2362 2710 2469 2783 γάρ
2506 2712 2585 2775 εἰς
2628 2711 2821 2765 ἑαυτὸν
2874 2712 2943 2767 τὰ
2996 2713 3352 2785 ἀνθρώπινα,
3405 2716 3500 2769 καὶ
3564 2716 3707 2771 καθ-

2143 2804 2225 2867 εὶς
2263 2803 2622 2875 οἰκονομικῶς
2665 2804 2725 2856 ἐν
2766 2806 2877 2868 τοῖς
2919 2804 3041 2857 καθ’
3065 2806 3212 2875 ἡμᾶς
3244 2806 3311 2859 τὰ
3341 2806 3463 2861 καθ’
3488 2808 3706 2872 ἑαυτὸν,

448 2906 571 2960 duit
593 2920 720 2960 eum
746 2920 849 2961 nos
887 2919 1087 2961 vocare
1116 2903 1357 2963 fratres:
1399 2904 1671 2975 siquidem
1708 2918 1810 2974 per
1850 2903 2027 2973 ipsum

2133 2894 2395 2964 ἀδελφοὺς
2426 2896 2576 2965 ἡμᾶς
2619 2894 2915 2948 ἀποκαλεῖν
2950 2895 3051 2948 οὐκ
3107 2896 3454 2967 αἰσχύνεται,
3497 2897 3709 2952 ἐπείτοι

448 2996 627 3052 vocati
650 3011 842 3052 sumus
863 2996 919 3051 in
953 2996 1308 3067 adoptionem
1338 2994 1574 3050 filiorum
1601 2996 1665 3048 "’.
1692 2994 1909 3051 Etenim
1938 3008 2031 3048 ve-

449 3102 572 3146 rum
597 3095 700 3152 est,
728 3085 975 3156 adeoque
999 3100 1069 3140 ex
1091 3084 1223 3154 ipsis
1260 3090 1628 3137 contestatum
1662 3080 1845 3144 rebus,
1883 3078 2030 3148 quod

449 3179 610 3237 Pater
650 3193 812 3233 suum
852 3176 1135 3245 preprium
1175 3173 1374 3229 Filium
1420 3171 1635 3226 dederit
1681 3169 1750 3227 ad
1799 3169 2029 3227 salutem

450 3267 707 3323 omnibus
763 3263 1159 3319 redimendam.
1220 3263 1479 3332 Ideoque,
1528 3270 1591 3315 ut
1644 3260 1847 3317 Paulus
1888 3258 1966 3315 ait
2013 3277 2026 3314 :

457 3377 476 3408 ι
507 3358 689 3413 Pretio
708 3356 875 3426 empti
901 3370 1092 3411 sumus
1113 3355 1178 3420 ⁸⁸,
1212 3374 1230 3406 ι
1257 3370 1438 3424 neque
1460 3369 1650 3410 sumus
1672 3355 1846 3409 nostri
1866 3355 2027 3427 juris.

459 3470 475 3496 ι
508 3447 616 3509 Sed
644 3462 786 3502 unus
805 3462 904 3516 pro
932 3445 1191 3500 omnibus
1221 3452 1470 3501 mortuus
1496 3453 1601 3511 est,
1624 3453 1687 3500 ut
1708 3461 1899 3501 omnes
1920 3462 2029 3501 non

451 3536 688 3608 amplius
716 3533 1126 3605 nobismetipsis
1148 3534 1416 3600 vivamus,
1440 3534 1537 3590 sed
1562 3535 1614 3589 ei
1640 3534 1734 3605 qui
1754 3550 1852 3605 pro
1872 3534 2032 3589 nobis

450 3634 705 3683 mortuus
742 3633 828 3681 est
861 3632 919 3681 et
953 3624 1255 3679 resurrexit
1284 3622 1370 3677 ³⁸⁸.
1412 3641 1432 3675 ι
1463 3621 1620 3689 Quod
1656 3630 1838 3678 autem
1860 3638 2030 3677 unus-

451 3717 688 3788 quisque
741 3731 934 3772 eorum
978 3716 1073 3785 qui
1112 3732 1212 3787 per
1245 3714 1526 3771 Christum
1556 3714 1757 3770 servati
1786 3722 1935 3780 sunt,
1977 3725 2034 3769 et

451 3809 609 3881 quasi
628 3808 918 3881 imaginem
940 3808 1112 3879 ipsius
1133 3804 1413 3864 consecuti
1442 3820 1540 3876 per
1565 3803 1804 3875 Spiritus
1828 3801 2032 3859 sancti-

452 3902 786 3966 ﬁcationem,
812 3899 1042 3972 posthac
1073 3897 1241 3975 vitam
1263 3911 1418 3957 suam
1437 3902 1722 3951 consecret
1746 3893 1879 3957 Deo,
1913 3907 2030 3947 ma—

452 3989 713 4049 nifestum
741 3988 908 4050 fuerit
943 4004 1011 4044 ex
1046 3988 1289 4059 sapiente
1322 3986 1491 4051 Mose,
1533 3984 1630 4057 qui
1668 3983 1925 4054 antiquos
1958 3982 2033 4036 ita

453 4080 699 4139 aﬂ‘atur:
753 4097 772 4131 ι
821 4079 891 4134 Ει
920 4078 1049 4142 erit,
1085 4093 1212 4133 cum
1254 4075 1625 4136 introduxerit
1671 4083 1725 4131 te
1768 4073 2034 4131 Dominus

452 4170 599 4226 Deus
619 4178 746 4225 tuus
767 4170 821 4222 in
848 4177 1049 4224 terram
1078 4168 1531 4228 Chanameorum,
1557 4166 1699 4223 sicut
1715 4165 1917 4243 iuravit
1940 4178 2034 4241 pa-

2132 2982 2443 3055 κεκλήμεοα
2469 2983 2604 3054 πρὸς
2645 2984 2868 3054 υἱότητα
2910 2982 2977 3036 δι’
3016 2982 3200 3036 αὑτοῦ.
3248 2984 3357 3036 Καὶ
3402 2984 3510 3055 γάρ
3557 2985 3710 3037 ἐστιν

2131 3071 2350 3143 ἀληθὲς,
2375 3073 2469 3125 καὶ
2490 3073 2547 3138 ἐξ
2571 3071 2749 3126 αὐτῶν
2772 3070 3189 3143 μεμαρτύρηται
3205 3072 3312 3124 τῶν
3339 3071 3707 3143 πραγμάτιον,

2129 3162 2211 3217 ὅτι
2233 3160 2323 3213 τὸν
2349 3159 2475 3214 ἴδιον
2512 3160 2634 3213 Υίδν
2653 3160 2753 3232 τῆς
2785 3160 3039 3214 ἁπάντων
3270 3161 3543 3232 σωτηρίας
3572 3161 3711 3215 ἀντ-

2128 3250 2379 3322 άλλαγμα
2418 3250 2648 3305 δέδωκεν
2688 3252 2717 3304 ό
2753 3251 2959 3323 Πατήρ.
3012 3252 3223 3305 Οὐκοῦν
3291 3253 3368 3315 ὡς
3425 3253 3455 3305 ό
3495 3252 3713 3318 Παῦλός

2132 3359 2265 3413 φησι
2283 3382 2297 3405 ,
2334 3362 2353 3396 ι
2391 3342 2569 3417 Τιμῆς
2600 3341 2978 3414 ήγοράσμεθα,
3009 3362 3027 3394 ι
3054 3343 3150 3397 καὶ
3170 3344 3271 3397 οὐκ
3290 3345 3455 3415 ἐσμὲν
3473 3345 3709 3400 ἑαυτῶν.

2138 3456 2155 3487 ι
2213 3434 2352 3490 Ἀλλ’
2401 3430 2481 3500 εἷς
2528 3435 2668 3507 ὑπὲρ
2713 3436 2932 3490 πάντων
2978 3435 3268 3501 ἀπέθανεν,
3307 3436 3395 3491 ἵνα
3425 3441 3476 3495 οἱ
3504 3436 3713 3503 πάντες

2136 3526 2332 3599 μηκέτι
2359 3527 2569 3590 ἑαυτοῖς
2604 3525 2806 3598 ζῶμεν,
2832 3527 2966 3581 ἀλλά
2995 3527 3236 3600 τῷδύπὲρ
3266 3529 3298 3598 ή
3308 3526 3423 3598 μῶν
3451 3526 3714 3581 τεθνεῶτι

2133 3618 2228 3672 καὶ
2272 3616 2650 3689 ἐγηγερμένῳ.
2701 3636 2721 3669 ι
2785 3618 2912 3672 ’Ότι
2964 3618 3146 3672 τοίνυν
3196 3617 3426 3681 ἕκαστος
3468 3616 3579 3671 τῶν
3621 3617 3713 3672 διὰ

2132 3708 2369 3781 Χριστοῦ
2417 3708 2798 3780 σεσωσμένων,
2845 3709 2938 3765 καὶ
2991 3709 3155 3763 οἱονεὶ
3206 3710 3559 3781 συμμορφίαν
3608 3710 3713 3780 τὴν

2133 3802 2270 3873 πρὸς
2310 3802 2473 3855 αὐτὸν
2504 3797 2562 3855 εὖ
2618 3802 2762 3871 μάλα
2821 3802 3276 3873 πεπλουτηκότων
3313 3802 3381 3855 δι’
3429 3800 3713 3872 ἁγιασμοῦ

2132 3895 2188 3946 ἑν
2218 3891 2514 3963 Πνεύματι,
2551 3893 2671 3963 Θεῷ
2702 3894 2802 3964 τὴν
2828 3893 3034 3947 οἰκείαν
3062 3894 3272 3965 ὲπόφλῃ
3330 3893 3496 3964 ζωήν,
3535 3893 3713 3962 σαφὲς

2131 3984 2198 4038 ἂν
2222 3985 2434 4053 γένοιτο
2460 3984 2891 4057 προσλαλοῦντος
2909 3989 3022 4051 τοῖς
3050 3985 3424 4057 ἀρχαιοτέροις
3452 3984 3547 4040 τοῦ
3572 4002 3715 4038 πανο

2133 4075 2297 4144 σόφου
2342 4076 2617 4140 Μωσέως·
2669 4095 2687 4127 ι
2742 4076 2852 4130 Καὶ
2888 4076 3039 4129 ἔσται
3065 4115 3079 4140 ,
3125 4074 3200 4139 ὡς
3245 4074 3312 4128 ἂν
3340 4074 3610 4144 εἰσαγάγῃ
3652 4088 3712 4125 σε

2132 4166 2336 4238 Κύριος
2384 4168 2413 4220 ό
2440 4166 2572 4231 Θεός
2608 4182 2700 4220 σου
2737 4168 2818 4231 είς
2844 4165 2944 4241 τὴν
2972 4167 3074 4237 γῆν
3119 4164 3230 4218 τῶν
3270 4164 3617 4228 Χαναναίων,
3652 4161 3714 4215 όν

456 4261 634 4325 tribus
682 4259 813 4325 tuis,
854 4268 912 4317 et
951 4258 1107 4319 dabit
1145 4257 1245 4313 tibi
1283 4272 1437 4325 eam;
1473 4267 1532 4313 et
1557 4257 1837 4329 separabis
1871 4269 2030 4311 omne

2138 4257 2337 4328 τρόπον
2366 4256 2549 4329 ὤμοσε
2594 4261 2705 4322 τοῖς
2732 4259 2971 4330 πατράσι
3002 4273 3118 4321 σου,
3151 4256 3246 4310 καὶ
3273 4255 3348 4325 δῷ
3393 4271 3475 4308 σοι
3500 4254 3678 4325 αὐτὴν
3696 4269 3712 4284 ’

454 4350 706 4423 aperiens
726 4351 942 4411 vulvam
973 4350 1212 4406 mascula
1237 4348 1489 4413 Domino,
1516 4356 1574 4404 et
1597 4362 1758 4403 omne
1780 4347 2033 4417 aperiens

453 4442 673 4499 vulvam
694 4458 762 4501 ex
791 4442 1054 4504 armentis
1072 4452 1129 4500 et
1160 4442 1215 4496 in
1240 4439 1504 4514 iumentis
1524 4438 1666 4497 tuis:
1692 4452 2033 4508 quaecunque

454 4533 662 4596 fuerint
697 4534 797 4593 tibi
830 4534 1129 4592 masculina
1162 4531 1532 4593 sanctiﬁcabis
1562 4529 1815 4588 Domino.
1860 4529 2034 4587 Omne

456 4626 711 4696 aperiens
738 4625 952 4680 vulvam
976 4625 1162 4688 asinae,
1193 4623 1432 4678 mutabis
1453 4638 1557 4678 ove
1590 4640 1603 4676 :
1636 4622 1682 4678 si
1706 4628 1890 4679 autem
1922 4634 2033 4674 non

455 4714 775 4779 mutaveris,
805 4713 1041 4769 redimes
1068 4713 1222 4768 illud.
1261 4711 1433 4768 Omne
1472 4712 1894 4785 primogenitum
1930 4710 2033 4765 ho-

454 4806 621 4865 minis
646 4805 882 4868 liliorum
910 4815 1129 4860 tuorum
1153 4804 1391 4861 redimes
1404 4805 1467 4860 ³⁸.
1501 4824 1519 4854 ι
1542 4803 1881 4875 Congregata
1902 4817 2034 4857 vero

455 4913 559 4952 suo
602 4905 849 4968 tempore
872 4895 1152 4969 Synagoga
1178 4895 1235 4951 in
1249 4894 1418 4960 Oreb,
1439 4895 1606 4966 277
1627 4893 1824 4967 aequali
1857 4893 2033 4951 utitur

455 5003 727 5053 sermone,
753 4987 829 5043 ita
858 5002 1051 5048 rursus
1065 5002 1184 5046 eam
1214 4986 1486 5041 allocutus
1517 4984 1828 5054 legislator:
1868 5002 1885 5033 ‹
1914 4981 2033 5036 Pri-

454 5076 762 5146 mogenitos
782 5074 1018 5135 ﬁliorum
1040 5084 1258 5131 tuorum
1279 5075 1436 5130 dabis
1455 5074 1610 5129 mibi.
1647 5073 1738 5128 Sic
1764 5072 2037 5130 sacrifica-

456 5164 543 5225 liis
568 5167 803 5229 vitulum
823 5176 978 5229 tuum
998 5178 1053 5224 et
1074 5182 1228 5225 ovem
1257 5175 1406 5225 tuam
1436 5173 1493 5221 et
1521 5166 1830 5234 iumentum
1855 5172 2032 5220 tuum.

457 5254 679 5325 Septem
710 5255 827 5312 dies
865 5258 974 5311 erit
1011 5255 1156 5331 apud
1191 5262 1442 5318 matrem,
1480 5260 1673 5308 octavo
1720 5261 1903 5311 autem
1946 5251 2035 5307 die

457 5345 592 5405 mihi
614 5346 811 5405 reddes
842 5346 997 5408 illud,
1019 5347 1085 5402 Et
1113 5346 1216 5401 viri
1240 5346 1410 5403 sancti
1433 5342 1588 5401 eritis
1605 5343 1740 5398 mihi
1767 5344 1830 5396 ‘°.
1876 5362 1892 5392 ι

533 5643 575 5675 ³⁸
629 5644 783 5697 .loan.
817 5646 980 5698 v.16.

465 5713 559 5775 15.
597 5714 677 5773 l6.

1058 5646 1100 5677 ³⁵
1126 5646 1147 5706 l
1175 5646 1321 5701 Pctr.
1350 5661 1387 5709 ι,
1420 5645 1498 5700 18.
1579 5647 1623 5677 ³⁸
1654 5644 1795 5701 Psal.
1822 5661 1929 5709 xxi,
1958 5646 2044 5700 9.3.

756 5714 798 5743 7‘"
833 5714 998 5771 llxod.
1038 5731 1151 5779 xzu,
1198 5714 1375 5770 Ησιῖ).
1454 5716 1498 5746 ³ο
1537 5715 1707 5771 Exod.
1770 5731 1897 5781 χχιι,
1955 5717 2128 5772 19—50.

2135 4347 2228 4403 καὶ
2264 4350 2511 4421 ἀφοριεῖς
2541 4350 2649 4403 πᾶν
2677 4348 2944 4419 διανοῖγον
2996 4349 3210 4420 μήτραν
3234 4347 3303 4400 τὰ
3343 4343 3610 4418 ἀρσενικὰ
3636 4342 3718 4414 τῷ

2137 4441 2349 4518 Κυρίῳ,
2382 4443 2491 4499 πᾶν
2532 4440 2805 4512 διανοῖγον
2852 4443 3064 4513 μήτραν
3093 4442 3157 4494 ὲκ
3194 4439 3303 4493 τῶν
3334 4434 3714 4510 βουκολίων,ῆ

2136 4532 2192 4584 ὲν
2214 4535 2325 4598 τοῖς
2344 4530 2567 4601 κτήνεσί
2598 4547 2713 4594 σου.
2740 4531 2839 4585 ὅσα
2861 4531 2927 4586 ἂν
2957 4530 3182 4602 γένηταί
3213 4546 3295 4584 σοι
3324 4528 3392 4583 τὰ
3422 4527 3715 4599 ἀρσενικὰ,

2134 4620 2383 4688 ἀγιάσεις
2403 4618 2546 4677 αὐτὰ
2562 4618 2641 4693 τῷ
2662 4620 2870 4693 Κυρίῳ.
2898 4621 3012 4676 Πᾶν
3034 4620 3302 4689 διανοῖγον
3328 4619 3541 4690 μήτραν
3564 4617 3715 4677 όνου,

2133 4712 2383 4782 ἀλλάξεις
2423 4712 2681 4784 προϐάτῳ
2706 4726 2720 4742 ⁸
2776 4712 2870 4766 ἐὰν
2912 4712 2968 4766 δὲ
3020 4712 3100 4786 μὴ
3141 4712 3408 4786 ἀλλάξῃς,
3458 4709 3717 4781 λυτρώσῃ

2135 4805 2287 4861 αὐτό.
2329 4806 2445 4863 Πᾶν
2478 4804 2823 4877 πρωτότοκον
2848 4804 3137 4878 ἀνθρώπου
3172 4805 3280 4857 τῶν
3320 4802 3451 4856 υἱῶν
3488 4818 3582 4853 σου
3619 4802 3716 4853 λυ-

2134 4894 2340 4967 τρώσῃ.
2379 4914 2398 4949 ι
2438 4896 2927 4971 Συναγηγερμένης
2970 4895 3027 4948 δὲ
3065 4895 3163 4967 τῆς
3210 4893 3508 4964 ἐκκλησίας
3569 4891 3721 4945 κατά

2136 4991 2364 5060 καιροὺς
2396 4991 2453 5042 ὲν
2486 4988 2690 5063 Χωρῆϐ
2718 5029 2735 5053 ,
2778 4989 2869 5042 διὰ
2908 4988 3018 5042 τῶν
3071 4990 3203 5045 ῖσων
3226 4987 3457 5058 ἔρχεται
3495 4985 3678 5055 λόγων
3701 5025 3717 5047 ο

2134 5079 2481 5149 ἐθεσμοθέτει
2526 5079 2584 5134 δὲ
2624 5080 2804 5145 πάλιν,
2839 5080 3014 5149 λέγων
3044 5078 3172 5135 ὡδί·
3209 5096 3228 5129 ι
3282 5078 3364 5132 Τὰ
3390 5077 3720 5149 πρωτότοκα

2134 5170 2244 5223 τῶν
2270 5169 2400 5227 υἱῶν
2427 5187 2521 5223 σου
2551 5169 2745 5236 δώσεις
2768 5171 2910 5241 ἐμοί.
2940 5171 3096 5224 οὕτω
3123 5172 3373 5241 ποιήσεις
3396 5169 3489 5223 τὸν
3515 5169 3723 5238 μόσχον

2138 5278 2232 5313 σου
2264 5303 2277 5325 ,
2325 5262 2421 5315 καὶ
2454 5261 2514 5314 τὸ
2545 5261 2816 5333 πρόϐατόν
2867 5279 2960 5317 σου
2985 5302 2999 5324 ,
3037 5261 3132 5317 καὶ
3165 5261 3227 5317 τὸ
3257 5258 3553 5329 ύποξύγιόν
3594 5275 3719 5313 σου.

2148 5352 2320 5404 Ἐπτὰ
2359 5351 2595 5425 ἡμέραις
2628 5353 2780 5407 ἔσται
2819 5353 2925 5406 ὑπὸ
2951 5352 3049 5425 τὴν
3087 5353 3299 5424 μητέρα
3321 5393 3336 5417 ,
3368 5353 3433 5423 τῇ
3467 5351 3523 5405 δὲ
3550 5350 3720 5421 ὀγδόῃ

2139 5444 2322 5514 ἡμέρᾳ
2350 5445 2651 5509 ἀποδώσεις
2688 5463 2777 5515 μοι
2810 5445 2959 5500 αὐτὸ.
2994 5446 3102 5498 Καὶ
3127 5442 3316 5514 ἄνδρες
3351 5442 3496 5511 ἅγιοι
3525 5440 3720 5495 ἔσεσΟέ

2143 5548 2252 5602 μοι.
2292 5555 2311 5585 i

2694 5649 2735 5679 ³⁸
2772 5648 2939 5705 lCor.
2976 5665 3046 5710 vi,
3090 5647 3173 5700 20.

2161 5648 2202 5678 3'
2237 5649 2435 5719 Ephrs.
2476 5650 2591 5713 1,5.
2694 5649 2735 5679 ³⁸
2772 5648 2939 5705 lCor.
2976 5665 3046 5710 vi,
3090 5647 3173 5700 20.
3287 5645 3351 5677 "'
3389 5644 3435 5701 ll
3480 5643 3603 5702 Cor.
3656 5658 3719 5711 ν,
