4024 6198
335 273 442 332 457

1339 274 1861 334 GLAPHVRORUM
1898 274 1968 331 IN
2007 272 2295 330 EXODUII
2333 272 2461 328 LIB.
2502 273 2567 328 Il.

3513 271 3619 329 ‘33

409 391 477 460 β’.
508 390 854 461 εύαφόρμως
904 392 1002 461 μὲν
1028 384 1122 445 οῦν
1156 393 1185 445 ό
1215 390 1326 447 τῶν
1356 394 1495 448 ὅλων
1520 394 1655 459 Θεὸς
1691 394 1791 467 τὴν
1818 393 1928 447 τῶν

2098 393 2153 449 2.
2185 394 2602 463 Peropportune
2626 388 2793 460 igitur
2820 388 2968 444 Beus
2981 388 3153 444 totius
3180 386 3425 444 universi
3446 402 3623 458 posui

332 482 475 536 ὅλων
504 483 763 537 ἀνάθεσιν
806 484 969 548 αίτεῖ,
1008 485 1103 538 καὶ
1129 484 1279 556 αύτῷ
1303 486 1500 557 χρῆναι
1529 486 1926 560 διισχυρίζεται

331 572 634 646 καθιεροῦν
664 575 813 645 ἡμᾶς
839 573 909 628 τὰ
934 576 1222 647 ἀρρενικὰ.
1269 575 1487 649 Ἐπειδὴ
1512 579 1623 651 γὰρ
1644 578 1928 635 διολώλασι

336 663 441 733 μὲν
467 663 538 716 τὰ
564 664 675 716 τῶν
699 665 1013 732 Αἰγυπτίων
1039 665 1380 736 πρωτότοκα,
1403 667 1671 723 σέσωσται
1699 669 1755 723 δὲ
1794 686 1931 724 παν-

332 756 449 809 οικὶ
496 756 592 810 καὶ
635 756 820 828 διέδρα
862 758 957 810 τὸν
1002 757 1332 831 όλοθρευτὴν
1366 761 1395 813 ό
1423 761 1780 831 ἡγαπημένος
1824 762 1928 815 Ἰσ-

337 848 504 919 ραὴλ,
531 848 612 918 τῷ
634 848 826 918 αἵματι
851 847 945 901 τοῦ
971 847 1145 918 ἀμνοῦ
1175 851 1679 921 κατακεχρισμένος
1703 852 1827 905 ὅσον
1848 853 1930 915 εἰς

334 940 514 993 τύπον
538 939 778 1011 Χριστοῦ
808 939 902 993 τοῦ
927 940 993 994 δι’
1035 942 1185 1012 ἡμᾶς
1230 943 1289 997 ὲν
1323 944 1558 1015 νεκροῖς,
1592 943 1680 997 ῖνα
1718 960 1927 1017 καταρ-

334 1033 487 1102 γήσῃ
515 1031 609 1084 τὸν
637 1031 889 1096 θάνατον,
920 1031 1177 1106 ταύτῃτοι
1211 1034 1437 1098 δικαίως
1471 1031 1582 1089 εἷεν
1625 1035 1691 1090 ἂν
1718 1036 1927 1090 ἑαυτῶν

339 1125 444 1193 μὲν
468 1125 654 1178 ούκὲτι
681 1123 749 1177 τὰ
784 1124 1101 1194 σεσωσμένα
1124 1141 1137 1155 ·
1168 1125 1365 1197 πρέποι
1390 1127 1435 1181 δ’
1465 1125 1530 1182 ἂν
1559 1127 1759 1199 μᾶλλον
1788 1128 1926 1182 αύτὰ

333 1216 735 1287 ἆακεκτῆσθαι
763 1216 947 1270 λοιπὸν
973 1217 1047 1281 ὡς
1075 1218 1181 1272 ίδια
1211 1218 1305 1272 τὸν
1340 1220 1483 1292 ὑπὲρ
1508 1219 1716 1275 ἑαυτῶν
1742 1236 1923 1274 κεκιν-

334 1306 660 1362 δυνευκότα.
710 1309 808 1362 ’ον
847 1309 959 1381 γὰρ
999 1309 1203 1380 τρόπον
1233 1310 1284 1363 οἰ
1325 1311 1454 1375 τοὺς
1499 1312 1601 1383 ήδη
1636 1311 1928 1380 γεγονότας

339 1400 694 1471 ὑποχειρίους
722 1399 1079 1473 βαρϐαρικοῖς
1107 1402 1470 1456 ἀπαλλάττειν
1495 1404 1789 1474 ἰσχύοντες,
1831 1404 1926 1457 καὶ

338 1491 441 1562 τῆς
484 1492 763 1563 ἀδοκήτως
790 1492 1180 1564 επενεχθείσης
1225 1495 1472 1558 δουλείας
1498 1494 1818 1568 ἐλευθεροῦν
1836 1496 1925 1550 διὰ

338 1581 437 1635 τοῦ
482 1582 582 1654 τὴν
612 1583 749 1655 πρὸς
779 1582 1023 1648 ἐκείνους
1062 1584 1357 1654 ἀνατλῆναι
1400 1587 1603 1659 μάχην,
1644 1589 1925 1659 μονονουχὶ

339 1675 441 1743 τὴν
480 1674 746 1729 δεσπότου
775 1675 960 1730 λοιπον
993 1677 1259 1749 ἐπέχουσι
1280 1679 1454 1746 τὰξιν,
1484 1680 1675 1751 αἵματι
1699 1679 1779 1751 τῷ
1810 1680 1923 1752 ίδίῳ

341 1768 473 1829 τοὺς
506 1767 737 1831 ἁλόντας
770 1767 1189 1839 κατακτώμενοι
1210 1785 1224 1798 ·
1257 1770 1397 1824 κατὰ
1431 1769 1522 1823 τὸν
1550 1772 1688 1832 ἴσον,
1728 1766 1881 1841 οἶμαι
1908 1813 1921 1834 .

340 1860 537 1913 τοῦτον
574 1859 732 1928 λόγον
776 1860 871 1913 καὶ
912 1861 941 1914 ό
990 1859 1195 1931 Κύριος
1232 1860 1390 1931 ἡμῶν
1437 1859 1641 1930 Ἰησοῦς
1669 1858 1922 1930 Χριστὸς,

339 1953 404 2006 τὸ
431 1952 547 2007 τῶν
585 1952 911 2024 ἀκαθάρτων
941 1953 1210 2024 δαιμόνων
1242 1952 1557 2024 καταδήσας
1587 1955 1796 2023 στῖφος,
1827 1954 1925 2009 καὶ

342 2043 406 2097 τὸ
457 2044 591 2097 ἴδιον
623 2038 763 2116 αῗμα
801 2044 1063 2108 τεθεικὼς
1103 2043 1244 2116 ὑπὲρ
1284 2045 1475 2116 ἡμῶν·
1521 2046 1835 2116 ἀποστήσας
1865 2061 1926 2100 τε

341 2136 490 2190 οὕτω
507 2136 601 2190 τὸν
634 2136 885 2204 θάνατον,
910 2137 1006 2190 καὶ
1041 2135 1354 2200 καταλύσας
1379 2137 1477 2209 τὴν
1510 2138 1737 2210 φθορὰν,
1765 2137 1926 2202 ἰδίους

343 2231 496 2300 ἡμᾶς
526 2232 762 2283 ποιεῖται
806 2229 1032 2294 λοιπὸν,
1068 2228 1144 2292 ὡς
1175 2228 1275 2301 τὴν
1319 2230 1529 2284 ἑαυτῶν
1571 2231 1670 2301 μὲν
1719 2230 1927 2299 οὐκέτι,

343 2322 449 2393 τὴν
495 2320 659 2375 αὑτοῦ
705 2321 762 2374 δὲ
798 2321 1001 2392 μᾶλλον
1045 2320 1346 2387 διαζῶντας
1376 2320 1545 2391 ζωήν.
1581 2322 1643 2376 Εἰ
1696 2323 1771 2393 μὴ
1818 2322 1947 2393 γὰρ·

342 2415 618 2469 ἀπέθανεν
663 2414 804 2485 ὑπὲρ
848 2413 1024 2485 ἡμῶν,
1059 2414 1162 2468 οὐκ
1200 2413 1264 2467 ἂν
1313 2414 1652 2484 διεσώθημεν
1677 2431 1690 2445 ·
1747 2415 1841 2468 καὶ
1878 2414 1930 2469 εί

344 2506 421 2578 μὴ
447 2508 675 2577 γέγονεν
700 2509 758 2559 ὲν
791 2509 1025 2578 νεκροῖς,
1058 2508 1156 2561 οὐκ
1181 2507 1247 2561 ἂν
1275 2507 1336 2560 τὸ
1362 2507 1689 2581 δυσάντητον
1716 2506 1808 2561 τοῦ
1834 2507 1928 2560 θα-

342 2600 507 2652 νάτου
555 2598 878 2669 κατεσείσθη
932 2599 1152 2668 κράτος.
1212 2598 1369 2654 Οὕτω
1422 2600 1517 2654 καὶ
1562 2602 1591 2654 ό
1641 2600 1929 2667 θεσπέσιος

344 2688 562 2753 Παῦλος
610 2689 1121 2761 μεμυσταγὼγηκε,
1157 2691 1352 2761 λέγων,
1399 2692 1525 2758 τοὺς
1552 2692 1639 2747 διὰ
1690 2693 1927 2766 Χριστοῦ

347 2782 752 2853 σεσωσμένους·
796 2802 814 2835 ι
853 2783 1076 2856 Χριστῷ
1109 2785 1598 2857 συνεσταύρωμαι·
1632 2784 1709 2850 ζῶ
1748 2786 1805 2840 δὲ
1835 2786 1929 2839 ού-

344 2876 467 2929 κέτι
503 2874 642 2944 ἐγώ·
680 2876 745 2947 ζῇ
785 2876 841 2929 δὲ
881 2880 938 2931 ὲν
984 2877 1109 2948 ἐμοὶ
1147 2878 1401 2949 Χριστός.
1443 2880 1507 2932 '0
1540 2878 1596 2931 δὲ
1630 2877 1725 2932 νῦν
1753 2878 1832 2943 ζῶ
1870 2880 1930 2934 ὲν

345 2966 536 3037 σαρκὶ,
569 2968 628 3020 ὲν
672 2968 855 3022 πίστει
895 2966 971 3032 ζῶ
997 2970 1061 3039 τῇ
1089 2967 1183 3021 τοῦ
1219 2967 1347 3022 Υίοῦ
1369 2968 1463 3022 τοῦ
1492 2968 1626 3022 Θεοῦ
1658 2968 1751 3022 τοῦ
1783 2969 1930 3038 ἀγα-

345 3059 624 3159 πῄσαντός
649 3077 737 3130 με,
761 3061 855 3159 καί
879 3061 1058 3159 Muto;
1081 3060 1271 3115 ἑαυτὸν
1296 3062 1433 3133 ὑπὲρ
1468 3062 1676 3159 spe-5.“:
1703 3061 1928 3159 ’Ὥσπερ
1955 3098 2000 3159 c

348 3144 443 3204 οῦν
478 3152 769 3220 μονονουχὶ
803 3149 903 3222 τὴν
935 3149 1028 3204 τοῦ
1066 3151 1369 3220 σφαγέντος
1403 3150 1577 3221 ἀμνοῦ
1619 3150 1763 3222 ζωὴν
1790 3150 1930 3216 ἔζων

344 3244 396 3296 οὶ
425 3242 487 3309 ἐξ
526 3242 764 3314 Ἰσραὴλ,
794 3243 936 3297 οῦτω
964 3243 1058 3297 καὶ
1088 3243 1247 3314 ἡμεῖς
1267 3244 1388 3315 ούχί
1409 3243 1513 3313 τὴν
1550 3243 1684 3297 ἰδίαν
1718 3243 1798 3297 ἔτι
1826 3241 1931 3309 ξῷ-

351 3351 452 3405 μεν
480 3334 651 3406 ζωὴν,
694 3334 829 3389 ἀλλά
862 3335 960 3405 τὴν
989 3333 1084 3389 τοῦ
1119 3334 1187 3389 δι’
1216 3337 1367 3405 ἡμᾶς
1393 3336 1759 3400 ἀποθανόντος
1798 3338 1934 3408 Χρι-

350 3426 480 3480 στοῦ
499 3468 516 3493 ,
550 3429 598 3480 εἰ
628 3426 724 3480 καὶ
750 3424 950 3480 ἀνεϐίω
979 3425 1165 3480 πάλιν.
1194 3425 1315 3497 Ζωὴ
1341 3426 1449 3498 γὰρ
1477 3422 1544 3498 ἦν
1570 3427 1711 3481 κατά
1744 3428 1927 3498 φύσιν,

348 3519 423 3582 ὡς
446 3517 605 3582 Θεός.
654 3519 775 3590 Χρὴ
808 3518 989 3572 τοίνυν
1039 3517 1195 3589 ἡμῶν
1235 3517 1395 3587 ἁγίαν
1433 3513 1574 3572 εἶναι
1610 3519 1708 3593 τὴν
1743 3521 1887 3592 ζωήν
1912 3537 1924 3550 ·

349 3610 575 3681 τοιαύτη
601 3610 711 3683 γὰρ
734 3612 768 3682 ἡ
795 3608 1056 3682 Χριστοῦ.
1088 3610 1472 3682 Ἀγίωςδὲζῇν
1503 3612 1796 3683 ᾑρημένοι,
1830 3610 1929 3683 τὴν

349 3704 683 3772 ἀξιὰγαστον
703 3701 871 3756 αὑτοῦ
894 3702 1422 3773 καταπλουτήσομεν
1452 3703 1657 3768 εἰκόνα,
1691 3704 1931 3775 σύμμορο

349 3795 437 3862 φοί
468 3810 530 3846 τε
556 3793 844 3862 γεγονότες
872 3792 951 3864 τῷ
978 3793 1047 3847 δι’
1074 3794 1223 3865 ἡμᾶς
1256 3792 1379 3848 καθ’
1412 3796 1593 3865 ἡμᾶς,
1626 3796 1721 3851 καὶ¹
1753 3797 1929 3852 Μονο-

348 3886 501 3950 γενεῖ
527 3883 627 3955 μὲν
653 3883 727 3948 ὡς
745 3883 886 3955 Θεῷ,
919 3885 1251 3956 πρωτοτόκῳ
1273 3885 1330 3939 δὲ
1353 3885 1442 3939 διὰ
1472 3888 1532 3939 τὸ
1562 3886 1925 3960 ἀνθρώπινον,

349 3976 549 4045 ἱερεῖον
579 3973 829 4045 ἀνάθεμα
858 3975 953 4029 καὶ
986 3974 1312 4048 ἁξιόληπτον
1353 3978 1569 4048 ἀληθῶς
1598 3979 1831 4051 ἐσόμεθα
1852 3977 1930 4052 τῷ

346 4067 469 4138 Θεῷ
496 4067 595 4121 καὶ
627 4066 821 4137 Πατρί.
867 4068 1178 4138 Ἀγιάζεται
1204 4070 1382 4124 τοίνυν
1402 4072 1469 4124 τὰ
1491 4070 1811 4143 πρωτότοκα
1837 4072 1930 4127 καὶ

348 4158 655 4230 ἀρσενικὰ,
698 4157 789 4212 διά
826 4175 908 4212 τοι
953 4158 1015 4213 τὸ
1061 4162 1118 4213 ἐν
1165 4161 1334 4215 εἰκόνι
1386 4160 1625 4214 νοεῖσθαι
1667 4161 1925 4229 Χριστοῦ.

350 4252 570 4322 Ὠσπερ
598 4252 709 4324 γὰρ
734 4252 803 4306 τὰ
826 4251 999 4325 βρέφη
1027 4253 1425 4326 προσεκόμιζον
1449 4253 1549 4325 μὲν
1569 4254 1626 4308 αἱ
1656 4254 1892 4325 μητέρες
1911 4271 1924 4285 ·

351 4344 680 4414 προσίετοδὲ
705 4346 799 4398 καὶ
824 4346 943 4399 λίαν
967 4347 1215 4416 ἀσμένως
1244 4348 1272 4400 ὁ
1295 4348 1501 4419 Κύριος
1530 4346 1689 4417 ἡμῶν
1721 4346 1931 4418 Ἰησοῦς

2031 503 2071 542 a
2099 486 2258 543 nobis
2312 483 2805 557 primogenitorum
2854 480 3359 547 consecrationem,
3406 481 3625 552 sibique

2032 579 2305 635 masculos
2328 594 2358 633 a
2382 576 2544 632 nobis
2567 573 2996 642 sanctiﬁcandos
3028 589 3151 629 esse
3187 572 3441 629 aﬂirmat.
3483 572 3622 629 Cum

2028 672 2175 726 enim
2200 668 2566 740 primogenita
2589 666 2975 739 Egyptiorum
3001 666 3297 736 periissem
3341 683 3355 718 :
3383 664 3625 720 dilectus

2030 771 2213 819 autem
2240 761 2405 817 Israel
2429 776 2528 830 per
2548 760 2743 814 domos
2775 758 3020 829 singulas
3043 756 3115 813 sit
3139 764 3415 820 servatus,
3456 764 3625 825 atque

2029 854 2269 910 evaserit
2286 854 2775 909 exterminatorem
2801 869 2816 917 ;
2847 859 3048 905 unctus
3069 849 3329 905 nimirum
3353 847 3623 919 sanguine

2029 948 2175 1019 agni,
2204 948 2298 1018 qui
2323 955 2442 1003 erat
2483 956 2644 1018 typus
2671 945 2879 1001 Christi
2906 953 3135 1016 propter
3188 958 3290 998 nos
3323 944 3526 997 mortui
3560 950 3623 999 ut

2030 1039 2275 1095 aboleret
2298 1047 2566 1104 mortem;
2598 1037 2807 1093 idcirco
2842 1036 2989 1091 haud
3043 1034 3322 1090 immerito
3366 1049 3478 1089 non
3517 1026 3635 1089 (ἰοί

2030 1131 2421 1201 bentamplius
2463 1145 2584 1186 esse
2633 1130 2719 1184 sui
2744 1130 2890 1200 juris
2920 1143 3043 1199 quae
3077 1133 3293 1183 servata
3353 1132 3519 1191 sunt;
3560 1132 3621 1180 at

2028 1224 2212 1293 potius
2243 1238 2342 1293 par
2386 1221 2553 1277 fuerit
2579 1236 2645 1276 ea
2670 1221 2900 1291 posthac
2940 1220 3011 1275 ab
3055 1233 3124 1275 eo
3158 1217 3450 1289 possideri,
3493 1224 3620 1277 tan-

2027 1331 2191 1387 quam
2216 1315 2458 1385 propria,
2482 1314 2575 1384 qui
2604 1330 2703 1385 pro
2733 1313 2865 1385 ipsis
2897 1312 3247 1383 periclitatus
3261 1319 3365 1366 est.
3412 1310 3619 1377 Quem-

2025 1407 2321 1461 admodum
2365 1407 2513 1461 enim
2555 1406 2648 1475 qui
2677 1404 2934 1475 potestati
2955 1400 3621 1471 barbarorum’subjectos

2025 1499 2286 1563 liberant,
2315 1506 2373 1553 et
2395 1497 2721 1553 servitutem
2756 1494 2891 1565 ipsis
2936 1509 3009 1548 ex-
3044 1492 3345 1564 improviso
3392 1491 3619 1561 imposi-

2030 1599 2137 1646 tam
2159 1591 2699 1660 depellunt'pugnam
2724 1603 2848 1643 cum
2869 1586 3003 1656 ipsis
3019 1583 3387 1650 conserendo,
3406 1582 3618 1638 domini

2027 1682 2434 1754 quodammodo
2464 1696 2657 1737 eorum
2682 1680 2840 1744 ﬁunt,
2865 1687 3058 1749 utpote
3082 1692 3222 1749 quos
3245 1676 3475 1747 proprio
3494 1691 3620 1731 san-

2026 1776 2191 1847 guine
2239 1774 2598 1845 acquisierint
2638 1791 2652 1827 :
2697 1772 2895 1828 eodem
2926 1770 3114 1835 modo,
3156 1769 3423 1832 arbitror,
3446 1768 3617 1823 etiam

2025 1866 2277 1922 Christus
2306 1865 2571 1920 Dominus
2593 1873 2804 1928 noster,
2853 1862 3265 1918 immundorum
3302 1862 3616 1917 daemonum

2028 1957 2189 2012 turba
2239 1955 2560 2027 proﬂigata,
2604 1956 2939 2027 proprioque
2997 1954 3265 2026 sanguine
3304 1968 3406 2024 pro
3456 1952 3618 2007 nobis

2027 2047 2224 2112 effuso,
2252 2055 2307 2102 et
2329 2056 2507 2102 morte
2532 2047 2812 2102 destructa
2841 2055 3005 2117 atque
3017 2045 3373 2116 corruptione
3387 2043 3614 2107 abolita,

2028 2155 2130 2197 nos
2155 2140 2259 2195 sibi
2287 2140 2343 2195 in
2372 2147 2654 2211 posterum
2683 2138 3019 2209 mancipavit
3044 2145 3211 2208 atque
3233 2136 3488 2207 subjecit,
3542 2152 3617 2192 ne

2027 2233 2259 2303 posthac
2282 2232 2446 2287 nobis
2463 2233 2616 2303 ipsis,
2645 2231 2741 2287 sed
2760 2231 2947 2302 potius
2965 2230 3017 2285 ei
3046 2230 3312 2284 vivamus.
3335 2228 3452 2284 Nisi
3467 2227 3616 2282 enim

2028 2341 2129 2398 pro
2141 2325 2302 2381 nobis
2324 2334 2469 2381 esset
2486 2334 2760 2390 mortuus,
2781 2340 3062 2395 nunquam
3080 2331 3229 2379 certe
3252 2322 3354 2393 ipsi
3369 2335 3617 2377 essemus

2029 2415 2252 2470 servati.
2302 2415 2438 2470 Item
2484 2416 2589 2470 nisi
2620 2416 2736 2486 ipse
2766 2423 3020 2469 mortuus
3064 2414 3294 2478 fuisset,
3331 2427 3615 2482 nunquam

2030 2515 2179 2561 certe
2204 2521 2346 2560 saeva
2370 2506 2564 2561 mortis
2585 2508 2831 2577 potentia
2857 2515 3004 2563 esset
3020 2514 3401 2576 conquassata.
3437 2505 3531 2561 Sic
3560 2514 3617 2558 et

2028 2596 2189 2651 divus
2212 2596 2416 2651 Paulus
2446 2612 2548 2651 nos
2575 2597 2833 2662 instituit,
2860 2597 2928 2652 iis
2951 2596 3055 2666 qui
3070 2611 3171 2665 per
3193 2594 3471 2651 Christum
3495 2611 3615 2649 ser-

2027 2690 2139 2744 vati
2163 2695 2291 2744 sunt
2332 2688 2555 2743 dicens:
2588 2707 2607 2739 ι
2636 2688 2752 2758 Ego
2772 2686 3070 2743 cruciﬁxus
3083 2701 3209 2741 sum
3223 2700 3347 2740 cum
3364 2685 3611 2739 Christo:

2028 2784 2155 2839 vivo
2178 2792 2361 2839 autem
2386 2785 2499 2855 jam
2523 2798 2632 2838 non
2656 2799 2778 2854 ego,
2808 2784 2904 2839 sed
2935 2784 3071 2837 vivit
3116 2784 3172 2837 in
3202 2798 3287 2837 me
3337 2782 3611 2838 Christus.

2028 2872 2183 2943 ρυοά
2212 2882 2395 2929 autem
2419 2891 2569 2930 nunc
2616 2875 2742 2928 vivo
2767 2875 2822 2929 in
2850 2890 3035 2939 carne,
3095 2875 3149 2929 in
3191 2874 3297 2930 ﬁde
3342 2875 3468 2930 vivo
3493 2875 3613 2929 Filii

2029 2965 2147 3031 Dei,
2172 2966 2264 3036 qui
2285 2966 2582 3021 dilexitme
2605 2966 2865 3039 deditque
2891 2968 3245 3039 semetipsum
3275 2983 3376 3037 pro
3404 2968 3561 3024 me“.
3590 2989 3607 3019 ι

2029 3054 2501 3126 Quemadmodum
2532 3059 2701 3131 igitur
2721 3060 2982 3116 Israelita:
3006 3059 3413 3131 quodammodo
3441 3060 3615 3130 ipsius

2032 3147 2395 3219 agnimactati
2425 3150 2594 3204 vitam
2617 3150 2907 3218 vixerunt;
2936 3152 3015 3206 sic
3039 3159 3095 3207 et
3118 3167 3219 3206 nos
3243 3167 3353 3206 non
3379 3152 3617 3223 amplius

2032 3238 2312 3308 propriam
2348 3239 2517 3294 vitam
2547 3240 2804 3306 vivimus,
2851 3241 2947 3297 sed
2980 3242 3150 3307 illius,
3192 3242 3287 3313 qui
3328 3258 3430 3313 pro
3448 3242 3616 3297 nobis

2032 3338 2286 3386 mortuus
2323 3339 2409 3386 est
2452 3331 2661 3388 Christi
2701 3333 3006 3404 :siquidem
3041 3343 3097 3389 et
3138 3334 3340 3390 revixit
3392 3335 3611 3390 iterum.

2031 3422 2153 3479 Vita
2176 3424 2325 3479 enim
2352 3434 2473 3481 erat
2497 3433 2690 3497 suapte
2724 3434 2942 3493 natura,
2965 3435 3230 3499 tauquam
3252 3429 3419 3485 Deus.
3443 3428 3617 3499 Opor-

2033 3508 2323 3587 tet'itaque
2368 3517 2533 3573 vitam
2566 3527 2808 3575 nostram
2852 3528 3096 3575 sanctam
3128 3536 3250 3577 esse
3295 3537 3309 3575 :
3346 3521 3615 3593 ejusmodi

2031 3607 2177 3661 enim
2210 3608 2312 3663 fuit
2335 3608 2447 3664 vita
2471 3609 2696 3665 Christi.
2734 3610 2934 3667 Sancte
2953 3619 3136 3668 autem
3161 3612 3347 3667 vivere
3367 3613 3618 3668 volentes

2031 3697 2413 3753 admirabilem
2440 3700 2611 3770 ipsius
2628 3700 2920 3772 imaginem
2941 3717 3364 3773 consequemur,
3409 3712 3615 3760 etcon-

2031 3785 2238 3842 formes
2261 3787 2389 3842 facti
2413 3790 2486 3853 ei,
2511 3791 2605 3859 qui
2638 3799 2865 3861 propter
2888 3807 2989 3846 nos
3019 3802 3080 3847 ut
3105 3808 3206 3848 nos
3223 3802 3309 3849 est
3355 3795 3613 3860 etl'ectus,

2034 3877 2356 3947 Unigenitus
2378 3880 2598 3948 quidem
2624 3889 2683 3935 ut
2712 3881 2877 3944 Dous,
2905 3882 3072 3952 278
3098 3882 3499 3954 primogenitus
3515 3901 3614 3941 au-

2032 3974 2141 4023 tem
2174 3979 2399 4039 propter
2423 3970 2717 4025 humanam
2754 3979 3031 4037 naturam,
3061 3981 3249 4029 sancta
3293 3977 3615 4046 acceptissis

2032 4074 2232 4129 maque
2265 4060 2443 4116 hostia
2464 4062 2673 4118 erimus
2700 4064 2813 4117 Deo
2844 4063 3015 4118 Patri.
3053 4064 3479 4122 Sanctiﬁcantur
3510 4069 3615 4124 ita-

2031 4168 2139 4222 que
2178 4153 2541 4225 primogenita
2563 4157 2886 4223 masculina,
2922 4166 2983 4213 ut
3016 4158 3071 4213 in
3121 4158 3359 4232 imagine
3411 4159 3614 4218 Christi

2033 4243 2429 4317 intelligantur.
2461 4247 2932 4315 Quemadmodum
2965 4252 3112 4305 enim
3142 4260 3343 4307 matres
3396 4254 3615 4324 quando

2036 4334 2270 4393 infantes
2303 4338 2630 4404 oﬂ‘erebant,
2657 4339 2912 4396 Christus
2949 4342 3217 4397 Dominus
3248 4352 3434 4398 noster
3457 4346 3615 4399 beni-

351 4436 620 4507 Χριστος,
654 4439 748 4491 καὶ
788 4439 903 4502 τοῖς
936 4438 1111 4507 ἁγίοις
1146 4438 1583 4510 προσπεφώνηκε
1622 4439 1922 4510 μαθηταῖςο

2034 4448 2137 4504 gne
2183 4430 2479 4486 admodum
2527 4431 2768 4496 admisit,
2818 4430 3021 4486 sanctis
3047 4431 3335 4504 discipulis
3376 4434 3611 4490 dicens:

355 4545 373 4577 ι
423 4526 627 4595 Ἅφετε
658 4529 726 4581 τά
765 4528 975 4591 παιδία,
1011 4529 1104 4582 καὶ
1134 4529 1209 4599 μὴ
1239 4527 1476 4581 κωλύετε
1508 4527 1647 4587 αὐτὰ
1672 4527 1928 4599 ἔρχεσθαι

352 4617 484 4689 πρός
522 4634 611 4689 με·
638 4619 747 4671 τῶν
772 4618 881 4691 γὰρ
912 4618 1166 4672 τοιούτων
1194 4619 1339 4671 ἐστὶν
1363 4620 1398 4689 ὴ
1420 4617 1666 4687 βασιλεία
1696 4618 1804 4672 τῶν
1837 4618 1927 4672 ού-

353 4708 555 4779 ρανῶν⁶
604 4728 623 4761 ι
670 4708 815 4762 οὕτω
842 4709 1070 4763 κάνθάδε
1104 4710 1317 4779 νοήσεις
1341 4725 1354 4739 °
1395 4710 1588 4779 ἀγαπᾷ
1626 4708 1686 4762 τὸ
1716 4709 1925 4780 πρωτό-

348 4815 506 4852 τοκον
546 4801 575 4852 ό
602 4798 735 4864 62b;
768 4801 863 4854 καὶ
902 4799 1109 4871 Πατὴρ,
1148 4800 1221 4864 ὡς
1253 4802 1309 4853 ὲν
1337 4800 1505 4853 εἰκόνι
1534 4797 1774 4871 Χριστοῦ
1810 4799 1928 4854 δια·

351 4890 585 4962 πρέπον.
622 4892 775 4946 Μόνα
809 4892 867 4946 δὲ
915 4892 1290 4949 ἀπόλεκτσετά
1322 4892 1588 4962 ἀρσενικὰ
1624 4890 1733 4944 τῶν
1771 4909 1925 4963 πρω-

347 4984 607 5037 τοτόκων.
664 4983 814 5037 Ἔδει
844 4983 989 5055 γὰρ,
1031 4983 1138 5038 ἔδει
1183 4982 1451 5047 σώζεσθαι
1496 4983 1574 5053 τῷ
1607 4982 1828 5054 Χριστῷ
1867 4982 1927 5036 τὸ

348 5073 496 5145 αὐτῷ
524 5073 726 5146 μᾶλλον
764 5072 1215 5146 πρεπωδέστατον
1256 5072 1450 5135 κάλλος
1472 5114 1485 5135 ,
1523 5074 1619 5126 καὶ
1657 5076 1769 5137 τοῖς
1806 5074 1926 5127 κατ’

350 5165 534 5220 εἰκόνα
566 5166 668 5237 τὴν
696 5166 833 5238 πρὸς
865 5166 1028 5220 αὑτὸν
1064 5167 1137 5231 ὼς
1168 5169 1225 5219 ἐν
1259 5165 1390 5219 εἴδει
1416 5166 1523 5219 τῶν
1563 5166 1925 5238 πρωτοτόκων

353 5259 828 5330 μεμορφωμένοις.
859 5259 1017 5317 Ἐστι
1057 5259 1167 5329 γὰρ
1195 5260 1329 5329 ὁμοῦ
1352 5259 1702 5331 πρωτότοκός
1735 5276 1794 5311 τε
1834 5261 1927 5313 καὶ

348 5350 546 5420 ἄρσην,
570 5351 650 5404 ὅτι
682 5347 886 5426 μὴοίδε
919 5351 1265 5423 μαλακισμδν
1299 5352 1378 5415 εἰς
1408 5352 1702 5425 ἁμαρτίαν·
1753 5353 1928 5422 μαλαι

353 5442 551 5514 κισμοῦ
574 5442 632 5495 δὲ
662 5443 853 5510 τύπος,
881 5444 941 5497 τὸ
979 5443 1259 5513 θῆλυ.,Δεῖ
1282 5444 1346 5514 δὴ
1370 5439 1462 5498 οὖν
1490 5444 1591 5514 τὴν
1619 5446 1801 5499 εἰκόνα
1831 5462 1925 5514 φο-

354 5530 577 5599 ροῦντας
607 5532 869 5603 Χριστοῦ,
898 5532 1281 5603 παραιτεῖσθαι
1310 5534 1406 5602 μὲν
1438 5535 1696 5605 φρόνημα
1729 5534 1789 5588 τὸ
1826 5534 1925 5606 θη-

418 5713 463 5745 "
516 5711 673 5768 Galat
756 5730 813 5782 ιι,
884 5716 970 5784 l9,
1021 5715 1108 5770 20.
1186 5712 1231 5745 δ’
1266 5712 1454 5769 Matth.
1492 5730 1604 5785 xu,
1637 5714 1722 5771 li-

2042 4542 2059 4573 ι
2084 4521 2257 4577 Sinite
2271 4521 2552 4591 parvulos,
2575 4537 2752 4592 neque
2776 4521 3066 4594 prohibete
3089 4540 3184 4580 eos
3205 4525 3272 4579 ad
3293 4541 3378 4581 me
3403 4527 3612 4591 venire,

2033 4615 2162 4685 quia
2222 4613 2422 4667 horum
2450 4622 2533 4668 est
2586 4629 2813 4685 regnum
2844 4616 3108 4671 cmlorum
3158 4618 3236 4684 n;
3277 4638 3293 4669 ι
3329 4620 3402 4674 ita
3440 4626 3495 4675 et
3524 4619 3614 4674 hic

2035 4706 2331 4779 intelliges,
2362 4707 2510 4777 quod
2535 4708 2680 4764 Deus
2704 4725 2767 4765 ac
2800 4712 2963 4766 Pater
2986 4711 3177 4785 diligat
3222 4715 3612 4787 primogenita,

2037 4804 2294 4868 tanquam
2323 4797 2377 4851 in
2409 4799 2645 4869 imagine
2668 4800 2873 4857 Christi
2898 4803 3003 4858 sibi
3025 4806 3287 4860 exhibita.
3308 4807 3482 4861 Porro
3514 4809 3614 4863 soli

2036 4889 2263 4943 masculi
2291 4904 2321 4942 e
2346 4890 2726 4961 primogenitis
2768 4894 3069 4965 eliguntur.
3118 4896 3421 4966 Oportebat
3465 4899 3612 4954 enim

2034 4979 2258 5033 omnino
2283 4982 2489 5036 servari
2513 4982 2734 5039 Christo
2759 4987 3329 5043 convenientissimam
3363 4990 3463 5060 ipsi
3489 4990 3614 5060 pul-

2034 5071 2425 5136 chritudinem,
2480 5076 2647 5131 etiam
2702 5077 2756 5130 in
2806 5076 2914 5131 illis
2955 5093 3076 5147 qua:
3123 5079 3277 5149 juxta
3322 5081 3610 5154 imaginem

2035 5164 2227 5234 ipsius,
2273 5165 2443 5220 veluti
2496 5168 2552 5221 in
2613 5169 2794 5239 specie
2838 5169 3331 5241 primogenitorum
3378 5173 3611 5230 formata

2032 5263 2210 5307 erant.
2272 5254 2404 5309 Nam
2436 5258 2835 5330 primogenitus
2880 5259 3041 5315 simul
3106 5272 3190 5317 est
3239 5272 3293 5318 et
3337 5266 3613 5321 masculus

2032 5346 2306 5412 Christus,
2333 5358 2521 5418 utpote
2558 5352 2652 5421 qui
2681 5352 2885 5406 nullam
2913 5352 3196 5408 mollitiem
3217 5365 3611 5425 autpeecatum

2034 5442 2267 5513 noverit.
2303 5443 2524 5499 Femina
2551 5454 2734 5502 autem
2763 5455 2847 5501 est
2879 5455 3037 5519 typus
3064 5449 3335 5503 mollitiei.
3382 5449 3613 5520 Oportet
3638 5488 3648 5505 ι

2035 5534 2202 5606 igitur
2228 5550 2323 5590 cos
2346 5536 2437 5606 qui
2466 5535 2667 5593 Christi
2694 5538 2988 5611 imaginem
3026 5556 3137 5611 pra:
3159 5557 3215 5597 se
3263 5541 3445 5598 ferunt
3489 5560 3615 5598 mu-
