4022 6198
464 326 571 381 439

1487 320 1541 376 S.
1584 319 1857 376 CYRILLI
1898 319 2366 378 ALEXANDRINI
2405 322 2722 378 ARCHIEP.

3620 326 3723 383 ιιο

464 443 673 501 liebres
693 440 1053 511 cogitationes
1077 438 1342 501 devitarc,
1370 437 1538 507 longe
1549 453 1680 493 vero
1702 454 1731 492 a
1771 453 1829 492 se
1856 437 2032 506 profli-

2149 438 2451 508 λυπρεπέςο
2481 436 2831 492 ἀποσείεσθαι
2849 435 2906 489 δὲ
2930 435 3068 500 λίαν,
3101 437 3176 501 ὼς
3205 438 3479 509 ἐπάρατον
3507 440 3720 513 ἀληθῶς

464 548 594 604 gare
616 530 899 584 mollitiem
921 537 1084 598 atque
1112 527 1562 591 imbecillitatem,
1618 535 1806 599 utpote
1847 543 2038 583 revera

463 623 576 676 Deo
608 619 1000 674 exsecrabilem
1026 625 1189 686 atque
1219 616 1492 682 odiosam;
1529 625 1580 670 at
1618 617 1803 686 potius
1827 632 2038 672 summa

463 715 630 770 animi
656 711 936 766 alacritate
963 709 1424 779 contentioneque
1457 710 1719 764 virtutem
1755 725 2035 766 exercere.

471 824 491 856 ‹
525 805 699 860 Omne
731 812 913 858 autem
937 803 1085 872 quod
1122 802 1299 872 aperit
1335 803 1549 856 vulvam
1578 803 1764 867 asinae,
1813 819 2040 874 permu-

465 904 614 950 tatur
655 909 776 948 ove.
815 914 833 944 ι
869 893 1130 959 Quanam
1151 907 1284 947 vero
1309 893 1451 948 ratio
1473 904 1557 948 est
1582 894 1892 963 iiujusmodi
1920 896 2040 950 rei?

462 986 598 1040 Nam
627 986 816 1040 asinus
857 985 1160 1040 secundum
1197 985 1371 1054 legem
1410 986 1652 1054 pollutus
1686 994 1772 1041 est
1825 996 1882 1042 et
1934 990 2038 1044 im-

449 1065 702 1132 'mundus
729 1095 741 1130 :
765 1077 884 1131 ovis
918 1088 1103 1131 autem
1128 1084 1212 1131 est
1249 1077 1448 1132 animal
1478 1078 1766 1141 mundum,
1809 1077 1953 1133 unde
1983 1087 2040 1132 et

461 1185 563 1238 pro
581 1169 737 1222 asino
760 1167 1008 1222 offertur.
1033 1167 1140 1222 Sed
1157 1168 1243 1221 lex
1271 1168 1471 1223 iterum
1497 1169 1656 1222 nobis
1713 1168 1941 1239 ﬁgurate
1983 1171 2038 1224 in

462 1257 551 1312 his
575 1258 908 1320 subindicat,
933 1258 1078 1325 quod
1101 1257 1389 1326 profanum
1415 1273 1512 1326 per
1534 1257 1814 1313 Christum
1843 1259 2040 1314 redda-

463 1357 554 1403 tur
575 1357 848 1412 sanctum,
897 1356 953 1402 et
981 1348 1324 1402 immundum
1351 1349 1637 1414 mundum,
1663 1343 1718 1403 et
1744 1351 2040 1419 reprohum

461 1440 822 1510 approbatum
847 1447 1261 1508 acceptumque.
1297 1439 1432 1494 Cum
1469 1440 1615 1494 enim
1642 1456 1742 1494 nos
1797 1455 2045 1497 essemus

461 1538 781 1600 peccatores
803 1537 966 1598 atque
990 1529 1280 1594 immundi,
1311 1528 1488 1584 factus
1516 1538 1599 1583 est
1623 1531 1740 1600 ipse
1759 1546 1860 1600 pro
1884 1531 2044 1585 nobis

462 1621 641 1675 hostia
687 1630 875 1676 sancta
909 1629 964 1675 et
1005 1621 1060 1675 in
1102 1621 1329 1675 odorem
1372 1621 1529 1675 bona:
1553 1621 1888 1692 fragrantize,
1915 1623 2044 1692 quia

461 1721 715 1767 mortuus
747 1721 834 1768 est
868 1730 968 1783 pro
1012 1715 1418 1782 peccatoribus,
1459 1716 1642 1784 justus
1676 1730 1777 1785 pro
1801 1715 2040 1786 injustis,

2141 531 2233 584 καὶ
2265 530 2383 599 Θεῷ
2420 529 2916 598 κατεστυγημένον,
2941 527 3002 581 τὸ
3041 527 3316 598 μαλθακόν
3345 547 3404 583 τε
3435 533 3527 584 καὶ
3574 535 3718 588 ἀνει-

2145 621 2326 691 μένον,
2355 621 2450 674 καὶ
2480 619 2694 685 ἀναλκι,
2721 619 2815 673 καὶ
2842 618 3145 689 σφριγῶδες
3169 621 3400 691 ἀνέχειν·
3430 625 3522 676 καὶ
3544 625 3723 697 ἀνδρο-

2141 712 2326 781 πρεπῆ
2357 710 2663 783 προθυμίαν
2695 710 2776 773 είς
2807 727 2870 778 γε
2896 709 2954 763 τὸ
2987 710 3096 764 δεῖν
3128 710 3366 778 ἑλέσθαι,
3386 719 3548 785 φημὶ,
3585 733 3719 772 κατ·

2141 802 2334 871 ορθοῦν
2367 805 2591 874 ἀρετήν.
2627 821 2647 854 ι
2699 801 3042 855 Ἀλλάττεται
3091 802 3149 855 δὲ
3189 804 3446 875 προϐάτῳ
3475 808 3582 859 πᾶν
3604 807 3719 864 δια-

2142 897 2318 963 νοῖγον
2351 896 2564 965 μήτραν
2590 895 2736 950 ὄνου.
2779 915 2798 947 ι
2831 895 2940 947 Καὶ
2962 894 3044 957 τίς
3066 895 3096 947 6
3121 894 3276 963 λόγος
3302 911 3316 959 ;
3357 897 3596 968 ’Δνίερον
3622 899 3721 968 μὲν

2142 985 2252 1056 γάρ
2279 986 2372 1039 καὶ
2393 985 2618 1056 βέϐηλον
2647 984 2790 1039 κατὰ
2817 985 2979 1054 νόμον
3009 985 3041 1054 ή
3073 983 3189 1046 ὄνος
3211 1001 3222 1013 ο
3254 985 3396 1054 ἱερὸν
3419 984 3476 1037 δὲ
3502 986 3562 1038 τὸ
3589 987 3721 1057 πρό-

2144 1080 2336 1132 ϐατον’
2370 1079 2648 1149 τοιγάρτοι
2681 1077 2778 1130 καλ⁵
2807 1077 2949 1147 ὑπὲρ
2980 1075 3102 1128 ὄνου
3136 1075 3490 1145 προσάγεται.
3530 1077 3719 1130 Ύπαιο

2145 1172 2386 1225 νίττεται
2419 1170 2476 1224 δὲ
2509 1169 2671 1224 πάλιν
2707 1170 2839 1240 ἡμῖν
2872 1171 2902 1221 6
2939 1167 3101 1238 νόμος
3132 1170 3189 1220 ἐν
3235 1169 3468 1234 τούτοις,
3509 1170 3592 1222 ὃτι
3625 1170 3717 1222 καὶ

2143 1264 2203 1316 τὸ
2237 1263 2462 1332 βέϐηλον
2507 1263 2661 1330 ἅγιον
2691 1264 2749 1315 ἐν
2802 1259 3061 1332 Χριστῷ,
3097 1261 3193 1312 καὶ
3238 1261 3298 1313 τὸ
3346 1261 3580 1330 ἀνίερον,
3626 1262 3718 1314 καὶ

2143 1355 2330 1408 δεκτὸν
2371 1354 2437 1407 δι’
2471 1352 2635 1407 αὑτοῦ
2679 1353 2773 1406 καὶ
2807 1353 2867 1405 τὸ
2898 1351 3298 1424 άπαράδεκτον.
3347 1352 3567 1422 Ἐπειδὴ
3606 1352 3716 1424 γὰρ

2142 1441 2284 1514 ἦμεν
2315 1445 2628 1516 ἁμαρτωλοὶ
2656 1445 2750 1498 κτλι)⁸
2776 1442 3098 1513 ἀκάθαρτοι,
3123 1443 3348 1511 γέγονεν
3377 1444 3539 1506 αὐτὸς
3577 1445 3717 1515 ὑπὲρ

2143 1537 2300 1607 ήμῶν
2329 1536 2483 1604 ἅγιον
2518 1535 2684 1605 θῦμα,
2715 1535 2807 1588 καὶ
2845 1537 2924 1597 είς
2954 1535 3129 1603 ὀσμὴν
3158 1534 3404 1597 εὐωδίας.
3453 1535 3714 1588 Ἀπέθανε

2143 1627 2252 1698 γάρ
2310 1627 2449 1699 ὑπὲρ
2489 1625 2850 1696 ἁμαρτωλῶν,
2883 1625 3087 1687 δίκαιος
3129 1623 3269 1695 ὑπὲρ
3307 1624 3525 1691 ἀδίκων,
3577 1626 3714 1696 ὑπὲρ

2143 1718 2252 1771 τῶν
2287 1719 2610 1788 ἀκαθάρτων
2633 1719 2662 1769 6
2694 1716 2950 1786 καθαρὸς,
2980 1715 3124 1769 καθά
3155 1716 3248 1768 καὶ
3275 1715 3546 1786 πρόϐατον
3577 1715 3716 1786 ὑπὲρ

460 1805 701 1860 mundus
741 1821 840 1874 pro
863 1806 1180 1868 immundis,
1211 1807 1353 1861 sicut
1373 1818 1429 1861 et
1454 1809 1573 1862 ovis
1609 1823 1708 1877 pro
1734 1808 1907 1862 asino.
1936 1807 2032 1861 Re-

2143 1811 2287 1865 6vou.
2319 1809 2624 1880 Λυτροῦται
2653 1809 2708 1862 δὲ
2739 1808 2805 1862 τά
2827 1807 3128 1878 ἀνθρώπων
3149 1810 3469 1879 πρωτότοκα
3503 1806 3715 1878 δώρων,

461 1895 749 1948 dimuntur
771 1903 955 1950 autem
981 1896 1266 1950 hominum
1295 1897 1678 1967 primogenita,
1716 1907 1776 1952 ut
1803 1913 1898 1966 par
1933 1904 2037 1962 est,

461 1987 622 2041 donis
653 1987 769 2042 sive
811 1987 1172 2042 aestimatione
1197 1989 1399 2042 oblata.
1445 1987 1618 2054 Quam
1669 1989 1741 2043 ob
1779 1989 2042 2043 causam?

459 2080 598 2146 Quia
623 2081 769 2150 quod
791 2080 1114 2149 simpliciter
1128 2088 1506 2135 consecratum
1537 2090 1702 2135 estet
1729 2079 2039 2134 sanctifica-

463 2182 577 2226 tum
601 2173 733 2238 Deo,
761 2173 815 2227 id
831 2189 994 2227 omne
1027 2172 1624 2242 oportebatimmolari.
1645 2171 1921 2226 Abhorret
1944 2186 2040 2224 au—

462 2275 571 2317 tem
595 2265 663 2319 ab
692 2265 992 2319 homicidio
1019 2265 1184 2328 Deus,
1213 2265 1308 2332 qui
1332 2264 1539 2318 creavit
1561 2264 1746 2318 omnia
1781 2264 1836 2317 in
1859 2263 2040 2317 incor-

460 2355 737 2425 ruptione.
770 2376 788 2408 ι
818 2357 1006 2426 Neque
1029 2356 1177 2411 enim
1204 2357 1412 2410 creavit
1439 2362 1692 2418 mortem,
1721 2370 1902 2424 neque
1944 2353 2039 2408 de-

458 2447 692 2502 lectatur
731 2448 956 2502 interitu
981 2447 1303 2512 viventium,
1338 2467 1356 2500 ι
1384 2449 1525 2503 sicut
1554 2447 1818 2516 scriptum
1861 2455 1946 2501 est
1969 2446 2032 2500 ”.

458 2537 645 2609 Neque
669 2541 799 2598 item
827 2542 1126 2596 immundis
1155 2542 1438 2598 diemoniis
1486 2543 1845 2611 pereuntibus
1881 2543 2034 2596 laeta-

457 2640 575 2698 tur;
609 2632 703 2686 sed
736 2633 920 2702 potius
942 2635 1209 2704 przecipit,
1240 2644 1301 2688 ut
1324 2651 1422 2704 pro
1458 2635 1573 2704 ipsa
1612 2642 1790 2688 morte
1835 2648 2034 2702 repen-

455 2722 652 2777 damus
670 2723 1062 2794 redemptionis
1092 2725 1350 2794 pretium,
1380 2724 1542 2794 279
1569 2733 1732 2794 atque
1763 2727 1838 2778 ita
1857 2723 2034 2792 palam

457 2815 820 2871 confiteantur
855 2833 956 2872 nos
982 2817 1031 2871 ei
1069 2818 1273 2873 debere
1303 2818 1444 2872 hanc
1469 2818 1660 2871 vitam.
1692 2817 1750 2871 ιιι
1780 2817 1927 2872 enim
1947 2815 2033 2868 in—

456 2908 663 2962 nuehat
684 2919 739 2963 et
766 2909 1106 2973 didrachma,
1132 2910 1278 2980 quod
1297 2911 1527 2980 jubebat
1553 2911 1776 2964 Petrum
1800 2911 2031 2966 solvere.

459 2999 576 3066 Ipse
602 3009 788 3055 autem
811 3000 1064 3056 Christus
1083 3017 1274 3055 verum
1299 3000 1530 3071 intelligi
1573 3000 1737 3054 debet
1791 3002 2032 3069 pretium

456 3091 874 3162 redemptionis,
929 3110 1029 3162 per
1062 3110 1224 3164 quem
1275 3101 1330 3168 et
1363 3094 1417 3147 in
1469 3108 1578 3162 quo
1619 3095 2029 3162 corruptionem
2062 3121 2102 3178 ο

453 3183 709 3248 vicimus,
754 3187 1022 3254 siquidem
1073 3185 1427 3252 semetipsum
1467 3200 1566 3252 pro
1602 3185 1762 3238 nobis
1785 3185 2023 3239 dedit“.

456 3277 629 3331 Porro
645 3285 852 3346 septem
875 3277 994 3331 dies
1016 3277 1094 3331 ait
1115 3284 1369 3344 oportere
1395 3290 1593 3344 agnum
1618 3276 1892 3344 complere
1925 3277 2028 3332 sub

457 3373 632 3422 matre
663 3375 894 3422 :octavo
919 3377 1105 3421 autem
1139 3366 1228 3421 die
1260 3366 1482 3420 adduci.
1527 3366 1646 3420 Non
1685 3373 1834 3424 enim
1863 3368 2026 3423 simul

455 3472 520 3510 ac
544 3465 706 3511 natus
727 3465 871 3510 esset
894 3457 1267 3523 mactabatur;
1307 3457 1403 3512 sed
1431 3472 1555 3511 cum
1582 3467 1836 3512 materno
1887 3459 2028 3514 laete

456 3547 716 3617 paulatim
744 3548 998 3617 pinguior
1018 3563 1082 3602 ac
1104 3549 1380 3603 r-ohustior
1404 3549 1578 3603 factus
1610 3548 1797 3612 fuerit,
1840 3560 2028 3620 aptum

457 3639 561 3693 sibi
589 3639 645 3693 in
681 3639 906 3694 odorem
936 3639 1089 3694 bona:
1106 3640 1417 3711 fragrantia;
1461 3639 1706 3695 futurum
1743 3642 1886 3694 Deus
1929 3641 2028 3696 de-

456 3731 646 3785 clarat.
676 3730 839 3801 Atqui
863 3730 966 3786 hoc
988 3731 1163 3800 ipsum
1177 3739 1356 3800 potest
1373 3746 1492 3786 esse
1514 3740 1672 3802 typus
1687 3732 1766 3794 rei
1789 3732 2030 3802 mystica;

456 3829 618 3890 atque
637 3821 980 3885 necessaria,
1009 3838 1129 3892 qua:
1153 3822 1207 3876 in
1230 3822 1377 3877 hunc
1397 3837 1569 3892 usque
1592 3822 1737 3878 diem
1765 3823 2029 3902 observa:

459 3918 550 3964 tur
577 3925 608 3964 a
630 3911 808 3976 nobis,
835 3911 929 3981 qui
967 3912 1250 3966 rationalia
1273 3912 1638 3983 primogenita
1681 3913 1794 3968 Deo
1831 3928 2028 3968 conse-

455 4018 611 4058 crare
659 4003 1065 4058 consuevimus.
1112 4003 1394 4058 Nonenim
1452 4004 1718 4059 continuo
1743 4004 2030 4059 offerimus

456 4093 570 4148 Deo
605 4108 799 4148 recens
821 4105 1062 4159 vocatos,
1087 4103 1143 4148 et
1174 4095 1399 4149 vixdum
1444 4095 1637 4164 primis
1668 4094 1793 4150 fidei
1821 4111 2027 4165 praece-

455 4187 566 4254 ptis
594 4183 854 4247 imbutos,
906 4194 1070 4254 atque
1111 4187 1354 4240 nondum
1407 4187 1653 4257 initiatos
1689 4205 1700 4240 :
1746 4196 1801 4242 at
1841 4188 2028 4258 potius

455 4272 790 4327 catechismo
816 4273 1182 4338 instituentes,
1219 4290 1281 4330 ac
1303 4275 1706 4344 quodammodo
1725 4278 1828 4332 sub
1852 4266 2028 4333 matre

455 4364 685 4428 alentes,
706 4365 810 4418 hoc
837 4374 941 4432 est,
975 4366 1076 4420 sub
1096 4366 1359 4430 Ecclesia,
1386 4381 1450 4421 ac
1486 4367 1655 4422 veluti
1704 4369 1843 4422 laete
1888 4386 2026 4438 quo-

2143 1905 2282 1958 κατὰ
2300 1904 2361 1956 τὸ
2391 1903 2558 1965 εἰκὸς,
2590 1903 2707 1973 ἦτοι
2731 1901 2952 1971 τίμημα
2969 1899 3078 1954 τῶν
3104 1899 3713 1971 προσδοκιμαζομένων.

2141 1999 2242 2050 Διὰ
2283 1995 2442 2048 ποίαν
2475 1993 2690 2057 αἰτίαν,
2733 1993 2855 2045 Ὅτι
2889 1992 2949 2044 τὸ
2986 1989 3405 2060 ἀνατεθειμένον
3451 1991 3589 2053 ὅλως
3624 1993 3716 2044 καὶ

2139 2083 2471 2156 ἡγιασμένον
2496 2083 2574 2154 τῷ
2597 2083 2715 2151 θεῷ
2748 2081 3118 2136 καταθύεσθαι
3146 2099 3248 2134 που
3273 2082 3442 2152 ἐχρῆν
3475 2084 3713 2144 πάντως.

2140 2180 2494 2248 Παραιτεῖται
2521 2175 2577 2229 δὲ
2612 2175 2710 2246 τὴν
2741 2173 3124 2246 ἀνδροκτονίαν
3155 2175 3183 2226 6
3211 2175 3402 2236 κτίσας
3428 2177 3486 2227 ἐν
3515 2175 3718 2246 demp-

2139 2270 2231 2339 σίᾳ
2255 2268 2387 2331 Θεὸς
2414 2267 2482 2321 τά
2509 2268 2707 2320 πάντα.
2747 2285 2765 2317 ι
2807 2267 2882 2318 Οὐ
2913 2265 3019 2337 γὰρ
3041 2265 3297 2334 ἐποίησεν
3323 2265 3574 2328 θάνατον,
3595 2263 3718 2319 οὐδὲ

2140 2359 2226 2412 ἐπ’
2262 2357 2504 2428 ἀπωλείᾳ
2547 2355 2766 2420 ζώντων
2795 2356 3081 2425 τέρπεται,
3136 2373 3153 2404 ι
3198 2355 3341 2407 κατά
3374 2355 3434 2407 τὸ
3460 2371 3716 2425 γεγραμ-

2141 2450 2318 2521 μένον.
2357 2448 2492 2502 Οῦτε
2541 2449 2647 2520 μὴν
2681 2449 2739 2500 ἐν
2787 2446 2886 2517 ῐσῳ
2932 2449 3046 2510 τοῖς
3082 2446 3414 2515 ἀκαθάρτοις
3459 2447 3713 2516 δαίμοσι,

2136 2544 2247 2604 τοῖς
2281 2539 2796 2611 καταφθειρομένοις
2820 2538 3104 2608 ἐφήδεται·
3136 2539 3460 2610 προστάττει
3490 2539 3545 2591 δὲ
3577 2538 3716 2608 μᾶλ-

2136 2632 2224 2684 λον
2260 2631 2401 2700 ὑπὲρ
2435 2629 2597 2685 αὑτοῦ
2638 2628 2880 2682 καθεῖναι
2927 2628 2988 2681 τὸ
3029 2627 3225 2699 λύτρον
3247 2671 3261 2694 ,
3295 2629 3575 2697 μονονουχὶ
3620 2630 3715 2681 καὶ

2135 2723 2430 2795 διαρρήδην
2455 2723 2733 2794 ὁμολογεῖν
2761 2721 2836 2784 ὼς
2875 2721 3023 2790 αὑτῷ
3049 2721 3146 2790 τὴν
3181 2722 3390 2774 οἰκείαν
3422 2720 3712 2790 ὀφείλομεν

2137 2813 2303 2884 ζωήν.
2337 2811 2506 2866 Τοῦτο
2550 2812 2657 2883 γάρ
2705 2811 2911 2864 ἐποίσει
2955 2811 3015 2863 τὸ
3046 2810 3377 2880 καλούμενον
3417 2811 3714 2881 δίδραγμον

2135 2905 2405 2958 τελεῖσθαι
2431 2905 2802 2976 προστάττων.
2831 2903 3040 2973 Λύτρον
3061 2903 3114 2954 δὲ
3144 2902 3203 2955 τὸ
3227 2902 3422 2971 ἀληθὲς
3452 2905 3545 2956 καὶ
3570 2904 3711 2974 ὑπὲρ

2137 2995 2372 3058 πάντων,
2391 2995 2552 3058 αὐτὸς
2573 2998 2743 3048 νοοῖτο
2767 2994 3018 3064 Χριστὸς,
3040 2994 3103 3046 δι’
3129 2989 3206 3059 οὗ,
3242 2996 3335 3047 καὶ
3357 2997 3413 3047 ἐν
3432 2991 3475 3063 ᾧ
3497 2998 3711 3066 νενική-

2137 3104 2312 3156 καμεν
2345 3087 2444 3158 τὴν
2475 3087 2679 3158 φθοράν
2707 3109 2717 3119 ο
2759 3087 2956 3140 δέδωκε
2986 3088 3094 3159 γὰρ
3129 3088 3320 3141 ἐαυτὸν
3349 3089 3493 3159 ὑπὲρ
3527 3088 3706 3158 ἡμῶν.

2147 3178 2318 3232 Ἑπτὰ
2357 3178 2415 3230 δὲ
2460 3179 2570 3232 δεῖν
2609 3179 2710 3250 ἔφη
2746 3177 2986 3250 πληροῦν
3026 3181 3237 3252 ἡμέρας
3281 3181 3386 3234 ὑπὸ
3422 3181 3590 3251 μητρὶ
3619 3181 3710 3233 τὸν

2131 3268 2330 3338 ἀμνόν·
2365 3269 2828 3339 προσκομίζεσθαι
2865 3269 2919 3322 δὲ
2953 3271 3097 3324 κατά
3131 3271 3230 3340 τὴν
3257 3271 3466 3342 όγδόην.
3501 3270 3574 3323 υύ
3601 3271 3709 3342 γάρ

2128 3376 2208 3412 τοι
2238 3359 2425 3428 τεχθὲν
2455 3363 2518 3412 ἐκ
2548 3361 2782 3431 μήτρας,
2808 3361 2970 3426 εὐθὺς
2999 3362 3402 3430 κατεσφάζετο·
3426 3362 3505 3432 τῷ
3533 3361 3589 3414 δὲ
3612 3362 3709 3430 τῆς

2130 3451 2393 3521 τεκούσης
2438 3451 2668 3519 γάλακτι
2716 3453 3103 3524 προανδρισθὲν
3128 3454 3332 3525 ἠρέμα,
3373 3454 3469 3506 καὶ
3496 3452 3707 3522 διισχύ-

2134 3560 2234 3598 σαν
2270 3545 2446 3614 βραχὺ
2473 3587 2488 3610 ,
2539 3547 2659 3598 τότε
2705 3547 2806 3617 δὴ,
2838 3548 2958 3601 τότε
3003 3550 3100 3602 καὶ
3149 3551 3230 3611 είς
3263 3548 3436 3618 ὀσμὴν
3480 3548 3707 3609 εὐωδίας

2129 3635 2445 3705 ἐπιτηδείως
2478 3636 2620 3706 ἔχειν
2643 3637 2792 3700 αὐτὸ,
2833 3639 3085 3692 διετύπου
3135 3639 3286 3702 Θεός.
3335 3639 3515 3703 Τύπος
3554 3639 3599 3691 δ’
3643 3638 3709 3691 ἂν

2129 3727 2216 3794 εἴη
2249 3726 2344 3778 καὶ
2373 3726 2491 3779 τόδε
2528 3727 2793 3796 μυστικοῦ
2833 3729 2930 3782 καὶ
2970 3730 3264 3798 ἀναγκαίου
3300 3730 3646 3800 πράγματος,
3684 3731 3714 3782 ὃ

2130 3819 2224 3871 καὶ
2263 3820 2342 3881 είς
2368 3817 2526 3887 δεῦρο
2552 3818 2849 3890 τετήρηται
2891 3821 3021 3892 παρ’
3067 3825 3200 3892 ἡμῖν
3254 3825 3366 3886 τοῖς
3410 3823 3477 3874 τά
3513 3822 3715 3888 λογικὰ

2130 3909 2423 3982 θρέμματα
2451 3908 2740 3982 καθιεροῦν
2774 3910 2989 3964 εἰωθόσι
3036 3912 3113 3981 τῷ
3154 3912 3374 3966 πάντων
3415 3912 3712 3983 κρατοῦντι

2128 4001 2266 4071 Θεῷ.
2321 4003 2394 4056 Ού
2444 4002 2552 4075 γὰρ
2586 4004 2720 4074 ὁμοῦ
2762 4004 3170 4074 κεκλημένους,
3208 4005 3302 4057 καὶ
3352 4007 3429 4068 εἰς
3483 4005 3582 4067 τάς
3611 4004 3708 4058 τοῦ

2130 4093 2402 4147 πιστεύειν
2423 4094 2594 4166 ἀρχάς
2618 4096 3006 4163 ἐκϐεϐηκότας,
3028 4096 3124 4147 καὶ
3141 4097 3420 4166 ἀμυήτους
3443 4095 3521 4148 ἔτι
3545 4112 3711 4165 προσ-

2130 4183 2426 4254 κομίζομεν
2468 4187 2533 4254 τῇ
2583 4184 2702 4255 θείᾳ
2735 4201 2794 4237 τε
2843 4184 2938 4237 καὶ
2975 4184 3301 4254 ἀναιμάκτῳ
3349 4183 3544 4252 θυσία⁸
3579 4200 3710 4253 προ-

2128 4276 2492 4346 κατηχοῦντες
2521 4276 2576 4330 δὲ
2611 4276 2831 4347 μᾶλλον,
2873 4274 3156 4346 μονονουχὶ
3186 4273 3242 4327 δὲ
3276 4275 3369 4328 καὶ
3400 4275 3504 4327 ὑπὸ
3537 4273 3709 4345 μητρὶ

2127 4367 2442 4437 τρέχοντες,
2491 4369 2774 4431 τουτέστι,
2818 4371 2884 4439 τῇ
2929 4367 3267 4438 Ἐκκλησία,
3300 4367 3394 4419 καὶ
3436 4360 3548 4418 οἷόν
3596 4383 3706 4420 τινι

453 4457 578 4511 dam
622 4456 923 4513 infantibus
977 4467 1124 4529 apto,
1171 4467 1226 4513 et
1255 4459 1452 4518 tenello
1497 4460 1667 4514 verbo
1707 4461 2025 4532 pinguiores

2134 4459 2356 4526 γάλακτι
2400 4463 2768 4531 νηπιοπρεπεῖ
2810 4460 2905 4512 καὶ
2950 4458 3204 4531 τρυφερῷ
3251 4458 3707 4523 καταπιαίνοντες

456 4549 768 4605 reddentes.
795 4551 934 4606 Hinc
970 4558 1026 4605 et
1051 4552 1250 4606 Paulus
1275 4553 1342 4608 iis
1383 4553 1476 4622 qui
1504 4553 1746 4608 nondum
1783 4555 2026 4624 perfecto

454 4651 584 4696 sunt
606 4642 793 4695 habitu
827 4643 1056 4696 scribit:
1091 4663 1108 4695 ‹
1139 4643 1320 4699 Laetis
1357 4655 1545 4714 potum
1568 4647 1726 4701 vobis
1749 4647 2026 4710 dedi,non

451 4747 656 4786 escam.
682 4730 934 4786 Nondum
953 4734 1096 4788 enim
1114 4736 1394 4804 poteratis,
1421 4737 1516 4790 sed
1543 4753 1609 4793 ne
1633 4754 1779 4792 nunc
1800 4739 2023 4807 quidem

453 4824 684 4893 potestis
716 4824 802 4878 δ’δ’.
846 4846 862 4876 ι
895 4825 1134 4879 Rursum
1159 4825 1211 4880 in
1236 4827 1339 4880 alia
1360 4828 1587 4897 epistola
1623 4846 1635 4882 :
1673 4850 1690 4880 ι
1717 4829 1905 4884 Omnis
1929 4831 2023 4899 qui

451 4917 726 4986 particeps
747 4926 833 4971 est
857 4917 1034 4982 lactis,
1061 4918 1346 4988 imperitus
1381 4927 1464 4974 est
1487 4921 2020 4991 scrmonisjustitiae.

453 5003 633 5058 Infans
655 5005 802 5060 enim
827 5015 928 5060 est.
957 5007 1330 5062 Perlectorum
1367 5019 1548 5064 autem
1574 5021 1658 5066 est
1699 5012 1906 5066 solidus
1941 5012 2022 5066 ci-

454 5095 575 5159 bus,
603 5097 696 5166 qui
728 5113 825 5166 pcr
861 5100 1314 5156 consuetudinem
1348 5102 1552 5157 habent
1591 5119 1783 5157 sensus
1821 5104 2021 5158 confir-

453 5197 628 5241 matos
653 5189 721 5242 ad
745 5189 1132 5246 discretionem
1159 5191 1286 5246 boni
1325 5207 1388 5245 ac
1414 5193 1539 5246 mali
1565 5194 1630 5246 "‘.
1664 5213 1680 5244 ›
1717 5195 1876 5249 Viros
1918 5196 2019 5265 igi-

453 5289 543 5333 tur
567 5279 756 5345 factos,
789 5296 852 5335 ac
902 5281 1040 5336 bene
1100 5282 1155 5335 in
1194 5282 1479 5351 prmccptis
1498 5281 1821 5336 Christianae
1865 5284 2020 5338 insti-

453 5371 682 5425 tutionis
731 5371 1001 5425 enutritos
1049 5371 1372 5426 adducimus
1409 5379 1602 5426 octavo
1632 5373 1741 5436 die,
1769 5373 1871 5428 hoc
1911 5383 2014 5437 est,

453 5458 543 5511 illo
568 5466 809 5527 tempore
872 5459 925 5512 in
954 5474 1063 5528 quo
1130 5469 1288 5515 erant
1313 5461 1568 5525 infantes,
1601 5464 1807 5532 elapso,
1829 5474 1882 5516 et.
1904 5464 2016 5530 jam

450 5547 557 5602 alio
574 5549 816 5611 ineunte,
839 5551 890 5604 in
907 5569 1014 5621 quo
1039 5552 1248 5607 Christi
1266 5553 1588 5623 mysterium
1606 5553 1709 5607 iliis
1732 5555 2016 5608 commode

524 5723 569 5756 ⁸³
605 5723 729 5794 Sap.
763 5744 800 5792 ι,
839 5728 918 5783 15.
997 5733 1038 5760 δ’
1069 5731 1301 5801 Philipp.
1334 5749 1392 5796 ll,
1439 5733 1485 5785 7.

1571 5735 1627 5763 ⁸⁸⁸
1669 5733 1685 5786 l
1720 5736 1841 5786 Cur.
1881 5751 1957 5801 m,
1996 5735 2052 5787 ‘2.

2134 4550 2294 4620 λόγῳ.
2331 4552 2438 4602 Καὶ
2475 4550 2605 4618 γοῦν
2645 4554 2672 4604 6
2712 4551 2994 4614 θεσπέσιος
3035 4549 3247 4613 Παῦλος
3288 4552 3394 4612 τοῖς
3422 4548 3574 4602 οὔπω
3604 4550 3708 4621 τὴν

2131 4637 2242 4704 ἕξιν
2268 4639 2488 4702 τελείοις
2511 4640 2814 4693 ἐπιστέλλει
2840 4639 3032 4708 λέγων·
3065 4659 3082 4689 ‹
3114 4639 3257 4692 Γάλα
3284 4639 3427 4708 ὑμᾶς
3453 4638 3703 4704 ἐπότισα,

2131 4733 2223 4785 καὶ
2255 4733 2315 4785 ού
2367 4731 2581 4802 βρῶμα.
2619 4730 2784 4785 Οῦπω
2815 4731 2922 4802 γάρ
2951 4729 3254 4800 ἠδύνασθε,
3307 4729 3419 4782 ἀλλ’
3463 4729 3582 4781 οὐδὲ
3622 4728 3706 4780 ἔτι

2129 4823 2221 4877 νῦν
2249 4825 2496 4879 δύνασθε.
2519 4845 2536 4875 ι
2573 4825 2680 4877 Καὶ
2712 4823 2870 4876 πάλιν
2905 4825 2960 4875 έν
2986 4823 3150 4893 ἑτέρᾳ.
3188 4819 3476 4891 Ἐπιστολῇ
3495 4834 3509 4848 ⁸
3535 4838 3552 4868 ι
3587 4821 3707 4881 Πᾶς

2122 4915 2229 4987 γάρ
2260 4918 2287 4969 ὀ
2319 4915 2560 4985 μετέχων
2582 4915 2870 4982 γάλακτος,
2901 4913 3123 4985 ἄπειρος
3150 4913 3309 4980 λόγου
3332 4910 3700 4981 δικαιοσύνης.

2121 5007 2333 5074 Νηπιος
2369 5007 2476 5077 γάρ
2507 5008 2643 5063 ἐστι.
2675 5005 2907 5058 Τελείων
2931 5005 2987 5058 δέ
3018 5007 3163 5058 ἐστιν
3202 5005 3234 5072 ή
3263 5003 3460 5074 στερεὰ
3498 5003 3700 5073 τροφὴ.

2118 5099 2229 5153 τῶν
2259 5099 2347 5150 διά
2378 5099 2475 5169 τὴν
2500 5097 2612 5164 ἕξιν
2642 5097 2708 5150 τά
2740 5097 3068 5167 αἰσθητήρια
3096 5097 3524 5168 γεγυμνασμένα
3555 5096 3703 5165 ἐχόν-

2117 5207 2227 5243 των
2245 5190 2378 5260 πρὸς
2394 5189 2662 5259 διάκρισιν
2679 5187 2844 5241 καλοῦ
2857 5205 2917 5240 τε
2935 5189 3029 5240 καὶ
3047 5187 3237 5242 κακοῦ.
3260 5206 3277 5238 ι
3311 5187 3458 5258 Ἀνδρ
3471 5186 3703 5248 υθέντας

2125 5283 2189 5353 δὴ
2222 5277 2313 5333 οῦν
2345 5279 2441 5332 καὶ
2465 5280 2872 5350 τεθραμμένους
2895 5274 2952 5332 εὖ
2983 5279 3127 5348 μάλα
3152 5280 3263 5342 τοῖς
3285 5280 3364 5340 είς
3390 5278 3702 5347 κατήχησιν

2126 5373 2302 5442 λόγοις
2323 5374 2668 5443 προσάγομεν
2691 5371 2832 5425 κατά
2851 5371 2946 5442 τὴν
2965 5371 3178 5442 ὀγδόην,
3209 5371 3455 5423 τουτέστι
3486 5385 3700 5441 παριπ-

2127 5465 2428 5527 πεύσαντος
2455 5463 2546 5516 τοῦ
2571 5463 2763 5533 καιροῦ
2789 5463 2906 5516 καθ’
2933 5463 2991 5516 ὃν
3015 5458 3153 5532 ἦσαν
3179 5463 3235 5514 ἐν
3259 5459 3569 5531 νηπιότητι,
3600 5457 3706 5511 καὶ

2124 5557 2306 5610 λοιπὸν
2337 5555 2521 5627 ἐτέρου
2571 5556 2686 5624 μετ’
2715 5557 2923 5608 ἐκεῖνον
2959 5553 3342 5616 εἰσϐαίνοντος,
3391 5549 3512 5603 καθ’
3541 5549 3601 5602 ὃν
3634 5547 3703 5602 τδ

2128 5739 2166 5768 ³⁸⁸
2203 5737 2370 5790 Hebr.
2414 5753 2464 5801 γ,
2507 5736 2584 5800 l5,
2620 5735 2703 5789 Μ.
