4024 6198
304 314 336 367 ε
348 310 405 367 ιι
472 358 514 409 ς
1322 305 1843 363 GLAPHYRORUI

1987 308 2273 366 EXODUM
2311 311 2440 365 LlB.
2484 310 2544 366 ll.
3300 310 3309 319 ’
3459 322 3565 381 ΗΞ

303 428 400 482 τοῦ
438 422 677 498 Χριστοῦ
710 421 1010 494 μυστήριον
1044 418 1432 493 παραμεὶθείη
1469 440 1554 487 τις
1580 422 1649 478 ἂν
1688 425 1878 487 αὐτοῖς

1983 428 2252 484 committi
2280 429 2474 500 possit.
2494 431 2733 485 Octavus
2761 430 2910 486 enim
2963 430 3085 489 dies
3117 434 3386 506 signiﬁcat
3404 438 3566 494 nobis

301 519 399 572 ἐπὶ
419 515 617 587 καιροῦ
648 515 744 569 καὶ
781 513 1123 585 πρεπόντως.
1156 513 1574 584 Κατασημαίνει
1599 514 1710 585 γὰρ
1750 517 1881 586 ἡμῖν

1988 523 2206 586 tempus
2258 518 2717 583 resurrectionis,
2770 533 2900 589 cum
2954 520 3210 578 Christus
3251 540 3356 595 pro
3405 524 3568 606 nolis

300 613 336 682 ἡ
370 610 534 680 ὀγδόη
577 607 669 661 τὸν
710 606 814 676 τῆς
847 605 1199 668 ἀναστάσεως
1242 606 1454 676 καιρὸν,
1484 607 1574 660 ὅτε
1615 606 1707 660 τὸν
1744 607 1881 678 ὑπὲρ

1988 617 2220 663 mortem
2261 623 2458 678 passus
2506 608 2725 673 revixit,
2777 610 2865 664 cui
2934 611 3301 680 spiritualiter
3347 605 3568 670 confor-

301 703 466 777 ἡμῶν
499 698 801 771 ὑπομείνας
843 697 1105 761 θάνατον,
1149 695 1350 750 ἀνεϐίω
1380 697 1635 768 Χριστὸς,
1660 690 1705 765 ᾧ
1744 714 1881 769 συμ-

1985 711 2200 751 mamur
2222 697 2518 752 morientes
2539 711 2636 766 per
2661 706 2909 753 sanctum
2935 699 3288 769 baptismum,
3317 710 3379 758 ut
3394 711 3452 759 et
3480 718 3569 759 re-

306 791 672 868 μορφούμεθα
715 789 925 860 νοητῶς
970 788 1407 859 ἀποθνήσκοντες
1462 790 1552 844 διά
1591 790 1685 844 τοῦ
1728 790 1884 859 άγίου

303 886 689 959 βαπτίσματος
714 924 729 946 ,
788 882 877 935 ἵνα
917 881 1015 934 καὶ
1061 881 1164 949 τῆς
1211 880 1563 945 ἀναστάσεως
1608 882 1882 953 τύχωμεν.

302 977 650 1033 Πιστώσεται
684 975 743 1029 δὲ
777 974 872 1027 καὶ
901 973 930 1026 ό
958 970 1168 1037 Παῦλος
1206 972 1436 1044 γράφων
1460 991 1474 1006 ·
1516 991 1537 1024 ε
1571 974 1885 1045 Συνετάφη..

307 1088 412 1142 μεν
445 1070 553 1139 γάρ
580 1066 731 1138 αὐτῷ
756 1066 844 1120 διὰ
868 1064 961 1118 τοῦ
992 1063 1367 1135 βαπτίσματος
1393 1068 1474 1129 είς
1510 1064 1603 1119 τὸν
1630 1066 1881 1130 θάνατον,

303 1156 396 1209 ἵνα
431 1155 620 1226 ὥσπερ
651 1152 864 1224 ἠγέρθη
898 1151 1134 1223 Χριστὸς
1157 1154 1221 1205 έκ
1249 1153 1459 1224 νεκρῶν
1489 1153 1579 1207 διὰ
1599 1153 1700 1224 τῆς
1724 1154 1885 1231 δόξης

300 1246 401 1299 τοῦ
432 1244 663 1315 ηατρδς,
697 1242 841 1296 οῦτω
872 1242 967 1296 καὶ⁵
990 1243 1147 1312 ἡμεῖς
1176 1243 1233 1295 έν
1257 1242 1535 1313 καινότητι
1560 1243 1705 1314 ζωῆς
1725 1260 1882 1314 περι-

303 1340 664 1408 πατήσωμεν.
693 1354 712 1387 ι
754 1334 1192 1404 ’Δνατικτόμενοι
1213 1334 1393 1388 τοίνυν
1418 1333 1505 1388 διὰ
1524 1336 1625 1404 τῆς
1647 1336 1884 1399 πίστεως

301 1433 386 1494 είς
419 1428 713 1497 ἐπίγνωσιν
743 1425 1026 1496 ἀληθείας,
1062 1426 1158 1480 καὶ
1198 1427 1551 1498 συμμορφίαν
1581 1427 1683 1497 ήδη
1712 1428 1882 1481 πλου-

300 1524 574 1593 τήσαντες
599 1520 699 1591 τὴν
718 1519 855 1591 πρὸς
885 1519 975 1571 τὸν
996 1518 1201 1587 Κύριον
1233 1518 1390 1587 ἡμῶν
1421 1518 1629 1589 Ἰησοῦν
1650 1518 1885 1590 Χριστὸν

299 1614 395 1667 τὸν
419 1612 490 1665 δι’
518 1612 664 1682 ημᾶς
706 1628 765 1663 τε
798 1611 892 1664 καὶ
920 1611 976 1662 έν
1018 1610 1150 1678 ἡμῖν
1183 1608 1527 1679 πρωτότοκον
1547 1625 1561 1639 ·
1595 1605 1712 1662 εἶτα
1739 1609 1886 1677 λογι-

1981 788 2342 844 surrectiouis
2400 797 2686 845 consortes
2737 788 3058 847 eﬂlciamur.
3109 793 3224 850 Hoc
3275 794 3569 850 conﬁrmat

1983 880 2186 936 Paulus
2217 881 2292 935 ita
2312 880 2593 936 scribens:
2639 900 2656 931 ε
2681 879 3002 951 Consepulti
3026 882 3194 954 igitur
3242 885 3346 955 ipsi
3373 900 3567 941 sumus

1982 987 2084 1041 per
2103 972 2438 1042 baptismum
2458 972 2515 1026 in
2540 980 2796 1038 mortem,
2829 983 2889 1028 ut
2916 975 3380 1044 quemadmodum
3400 975 3563 1031 Chri-

1984 1063 2386 1118 stusexcitatus
2413 1070 2498 1117 est
2525 1077 2594 1118 ex
2625 1064 2880 1131 mortuis,
2928 1081 3027 1136 per
3067 1067 3297 1137 gloriam
3343 1069 3523 1124 Patris
3544 1082 3573 1134 ;‘

1984 1154 2059 1208 ita
2104 1163 2160 1208 et
2200 1168 2302 1209 nos
2338 1155 2395 1209 in
2436 1155 2680 1209 novitate
2726 1155 2956 1226 spiritus
3012 1157 3359 1213 ambulemus
3409 1159 3477 1214 “.
3536 1150 3555 1211 ό

1983 1246 2329 1317 Quapropter
2351 1262 2475 1302 cum
2500 1262 2853 1303 renascamur
2878 1264 2978 1320 per
3002 1248 3165 1305 lldem
3192 1249 3247 1305 in
3291 1251 3564 1321 cognitio-

1982 1351 2113 1391 nem
2140 1336 2407 1401 veritatis,
2437 1335 2674 1406 Met
2697 1339 2809 1408 jam
2836 1338 3009 1394 simus
3041 1339 3284 1411 insigniti
3329 1340 3565 1411 imagine

1984 1426 2203 1481 Domini
2227 1426 2402 1481 nostri
2417 1426 2547 1481 Jesu
2568 1426 2794 1486 Christi.
2810 1428 2903 1497 qui
2922 1436 3144 1499 propter
3159 1445 3279 1493 nos,
3304 1430 3447 1484 inter
3466 1447 3566 1487 nos

1984 1518 2161 1573 factus
2181 1525 2266 1572 est
2290 1517 2688 1587 primogenitus
2715 1536 2727 1572 :
2755 1534 2818 1573 ac
2841 1519 3039 1574 deinde
3066 1520 3331 1574 rationale
3369 1528 3426 1575 et
3447 1520 3564 1575 sin-

1986 1608 2272 1664 cerumlac
2300 1607 2624 1672 biberimus,
2661 1627 2677 1660 ι
2728 1609 3249 1678 pervenerimusque
3299 1610 3355 1663 in
3407 1625 3562 1664 men-

302 1703 398 1755 κόν
429 1719 488 1755 τε
536 1703 632 1755 καὶ
672 1700 859 1755 ἄδολον
901 1700 1214 1762 ἐκπίνοντες
1263 1698 1440 1767 γάλα,
1484 1716 1501 1750 ι
1549 1701 1629 1763 εἰς
1674 1699 1877 1770 μέτρον

1987 1716 2174 1755 suram
2188 1701 2734 1770 aetatisplenitudinis
2753 1702 2893 1771 ejus,
2916 1721 2933 1753 ι
2957 1701 3101 1757 sicut
3116 1702 3478 1772 seriptumest
3494 1702 3561 1769 Ιιτς

299 1793 517 1862 ἡλικίας
548 1792 930 1855 ἀναϐαίνοντες
960 1792 1057 1845 τοῦ
1083 1764 1448 1861 πληρώματος
1472 1764 1709 1856 αὑτοῦξ»
1737 1764 1878 1845 κατά

1988 1800 2139 1854 tunc,
2171 1799 2323 1855 tunc,
2348 1791 2595 1861 inquam,
2623 1791 2884 1862 deinceps
2931 1808 3123 1848 omnes
3170 1793 3338 1848 futuri
3377 1809 3567 1850 sumus

297 1884 361 1937 τὺ
388 1883 778 1954 γεγραμμένον
800 1922 816 1947 ,
850 1881 973 1935 τότε
999 1880 1084 1951 δὴ,
1113 1879 1236 1934 τότε
1281 1880 1477 1933 λοιπὸν
1507 1881 1641 1949 ἱεροί
1678 1881 1879 1945 πάντες

298 1976 559 2047 ἐσόμεθα,
593 1976 686 2029 καὶ
715 1976 798 2038 είς
838 1973 1096 2043 ἀνάθημα
1124 1973 1201 2043 τῷ
1228 1972 1350 2044 Θεῷ
1371 1990 1384 2003 ο
1424 1974 1518 2026 καὶ
1558 1973 1748 2045 κόσμῳ
1780 1974 1879 2044 μὲν

299 2067 760 2137 ἀποθνήσκοντες,
788 2063 995 2136 νοητῶς
1023 2064 1080 2118 δὲ
1106 2063 1229 2135 Θεῷ
1256 2063 1458 2128 ζῶντες
1484 2065 1675 2132 ἀγίως.
1709 2064 1880 2118 Τοῦτο

299 2166 429 2231 γὰρ,
460 2154 637 2229 οἶμαι,
658 2158 779 2210 εστὶ
816 2159 877 2210 τὸ
906 2157 1030 2229 παρ’
1066 2155 1215 2227 αὐτῷ
1244 2155 1546 2225 σφάζεσθαι
1576 2154 1653 2226 τῷ
1688 2156 1880 2210 θυσια-

300 2252 513 2322 στηρίῳ
535 2249 646 2304 τῶν
682 2248 897 2319 κτηνῶν
931 2249 997 2301 τὰ
1028 2248 1368 2318 πρωτότοκα.
1412 2249 1619 2319 Γράφει
1644 2247 1700 2301 δὲ
1733 2249 1825 2302 καὶ
1850 2246 1879 2299 ό

300 2343 591 2405 θεσπέσιος
631 2340 841 2403 Παῦλος
867 2342 981 2404 τοῖς
1025 2338 1169 2413 οὕτω
1231 2338 1584 2410 ἡγιασμένοις
1609 2355 1626 2366 ⁸
1666 2357 1686 2390 ι
1746 2339 1877 2392 Ἀπ-

295 2433 524 2488 εθάνετε
543 2433 675 2503 γὰρ,
695 2433 791 2485 καὶ
818 2433 852 2502 ἡ
876 2431 989 2501 ζωὴ
1013 2429 1168 2501 ὑμῶν
1197 2430 1505 2500 κέκρυπται
1536 2430 1633 2485 σὺν
1655 2428 1879 2502 Χριστῷ

296 2525 356 2575 ὲν
390 2522 469 2592 τῷ
498 2521 638 2593 Θεῷ.
682 2539 701 2575 ι
752 2519 915 2590 Ἰερὸς
942 2515 1036 2573 οῦν
1071 2518 1179 2590 ἀρα
1209 2518 1319 2570 τῶν
1346 2518 1517 2586 ἁγίων
1546 2520 1575 2572 ό
1605 2518 1836 2579 θάνατος
1862 2558 1875 2584 ,

297 2616 396 2668 καί
428 2614 520 2686 μοί
544 2632 595 2667 τι
636 2610 876 2667 τοιοῦτον
896 2612 926 2665 ό
956 2611 1224 2683 μακάριος
1261 2610 1427 2663 Δαϐὶδ
1452 2609 1759 2678 ἀναϐλέψαι
1787 2609 1877 2661 δο-

298 2710 388 2760 κεί
406 2722 419 2735 ο
448 2723 467 2757 ι
505 2703 700 2775 Τίμιος
723 2704 853 2774 γὰρ,
883 2702 1069 2772 φησιν,
1095 2701 1336 2755 ἐναντίον
1365 2700 1570 2772 Κυρίου
1596 2701 1625 2752 ό
1647 2699 1876 2763 θάνατος

295 2801 407 2852 τῶν
429 2798 593 2852 ὁσίων
624 2795 810 2850 αὑτοῦ.
860 2814 879 2848 ι
913 2794 1119 2867 Πρέποι
1143 2794 1188 2847 δ’
1223 2794 1309 2858 ἀν,
1334 2792 1588 2863 καθάπερ
1633 2785 1874 2862 ἐγῷμαι,

296 2889 408 2941 τῶν
433 2887 642 2959 ἀρτίως
666 2889 803 2958 ἡμῖν
834 2885 1147 2959 εἰρημένων
1183 2883 1403 2938 ἐννοιῶν
1432 2886 1462 2938 ό
1490 2883 1715 2955 τρόπος,
1756 2882 1878 2952 οὐχὶ

295 2962 469 3052 δήπου
508 2979 671 3050 μόνον
715 2980 828 3042 τοῖς
866 2978 925 3044 ἐξ
965 2976 1136 3031 ἐθνῶν
1174 2975 1602 3047 ἐπιστρέφουσιν
1649 2976 1730 3038 είς
1776 2973 1875 3043 τὴν

295 3070 396 3141 τῆς
434 3067 693 3141 ἀληθείας
719 3068 1036 3136 ἐπίγνωσιν,
1068 3064 1206 3120 ἀλλά
1228 3067 1327 3121 καὶ
1369 3065 1451 3118 ὅτι
1498 3063 1737 3135 μάλιστα
1763 3064 1876 3125 τοῖς

1982 1883 2158 1938 sancti
2182 1892 2238 1938 et
2263 1884 2375 1938 Deo
2411 1885 2741 1949 consecrati,
2797 1884 3001 1940 mundo
3038 1884 3262 1954 quidem
3302 1886 3564 1956 spiritua-

1978 1973 2107 2029 liter
2135 1975 2453 2038 morientes,
2480 1976 2593 2030 Deo
2623 1984 2805 2030 autem
2828 1984 3014 2030 sancte
3036 1976 3305 2032 viventes.
3332 1977 3391 2031 id
3413 1977 3563 2033 enim

1979 2073 2083 2129 est,
2116 2072 2177 2119 ut
2200 2064 2458 2132 arbitror,
2493 2065 2640 2135 quod
2674 2066 2742 2120 ad
2779 2067 2959 2136 ipsum
2989 2067 3160 2123 altare
3200 2067 3566 2138 primogenita

1980 2170 2243 2225 pecorum
2274 2163 2617 2211 mactentur.
2676 2157 2881 2213 Scribit
2904 2168 3089 2213 autem
3133 2159 3301 2213 etiam
3344 2159 3568 2216 divinus

1978 2246 2182 2302 Paulus
2226 2247 2294 2302 iis
2319 2249 2415 2318 qui
2466 2249 2542 2303 ita
2572 2258 2700 2303 sunt
2745 2248 3071 2304 sanctiﬁcati
3116 2269 3129 2304 :
3171 2271 3189 2302 ι
3221 2250 3443 2317 Mortui,
3479 2252 3567 2306 in-

1977 2335 2195 2404 quiens,
2239 2335 2393 2402 estis,
2453 2345 2512 2392 et
2555 2336 2665 2392 vita
2720 2346 2901 2394 vestra
2942 2339 3265 2395 abscondita
3310 2351 3395 2395 est
3440 2356 3566 2395 cum

1975 2425 2197 2481 Christo
2222 2425 2279 2481 in
2316 2427 2429 2483 Deo
2454 2425 2520 2481 ".
2550 2447 2569 2479 ι
2594 2427 2792 2484 Sancta
2817 2429 2984 2499 igitur
3026 2440 3110 2486 est
3159 2446 3309 2485 mors
3342 2441 3569 2487 sancto-

1979 2532 2124 2582 rum,
2176 2518 2243 2572 ad
2268 2518 2417 2588 quod
2470 2519 2638 2574 etiam
2673 2519 2867 2575 beatus
2895 2500 3067 2577 David
3132 2522 3353 2577 videtur
3376 2539 3568 2594 respe—

1975 2607 2122 2663 xisse
2157 2626 2169 2661 :
2208 2627 2226 2659 ε
2283 2609 2530 2665 Pretiosa
2551 2612 2720 2673 enim,
2766 2611 2863 2674 ait,
2906 2611 2963 2665 in
3006 2620 3306 2682 conspectu
3343 2612 3568 2666 Domini

1977 2712 2127 2752 mors
2166 2706 2481 2753 sanctorum
2522 2700 2643 2769 ejus
2672 2701 2736 2754 δ’.
2776 2720 2793 2751 ι
2837 2700 3145 2756 Conveniet
3212 2710 3417 2764 autem,
3446 2716 3567 2754 mea

1975 2785 2199 2856 quidem
2226 2786 2520 2849 sententia,
2560 2802 2756 2841 sensus
2778 2802 2971 2842 eorum
2999 2804 3121 2858 qua:
3153 2788 3319 2841 modo
3356 2803 3384 2840 a
3406 2786 3570 2841 nobis

1976 2878 2121 2933 dicta
2160 2885 2305 2942 sunt,
2352 2893 2465 2931 non
2506 2878 2576 2931 iis
2624 2878 2800 2933 solum
2844 2877 2939 2948 qui
2970 2894 3037 2934 ex
3067 2878 3325 2949 gentibus
3348 2893 3467 2933 sese
3498 2877 3569 2935 ad

1974 2970 2225 3026 veritatis
2260 2969 2632 3039 cognitionem
2676 2970 2988 3035 conferunt,
3033 2987 3228 3026 verum
3277 2971 3467 3036 etiam,
3503 2988 3569 3029 ac

1974 3064 2246 3134 praecipue
2264 3063 2508 3134 quidem,
2533 3064 2651 3119 istis
2676 3064 2770 3134 qui
2793 3080 2860 3121 ex
2882 3066 3040 3137 legali
3066 3067 3218 3122 cultu
3244 3068 3419 3123 vocati
3440 3077 3570 3123 sunt

296 3135 364 3216 tat
391 3135 624 3232 νομικῆς
652 3135 1008 3230 κεκλημένοις
1035 3157 1293 3229 λατρείας
1312 3196 1328 3221 ,
1365 3156 1502 3227 πρὸς
1529 3154 1627 3226 τὴν
1652 3156 1709 3207 ἐν
1741 3155 1875 3225 Χρι-

1983 3157 2045 3210 ad
2063 3154 2512 3227 justiﬁcationem
2530 3156 2583 3209 in
2602 3154 2843 3222 Christo,
2861 3168 2918 3212 et
2938 3135 3424 3213 sanctificationem
3443 3158 3569 3229 Spi-

300 3254 412 3326 στῷ
439 3255 723 3309 δικαίωσιν
750 3253 843 3306 καὶ
874 3251 1144 3321 ἁγιασμόν
1169 3249 1259 3303 τὸν
1293 3252 1351 3303 ὲν
1374 3246 1673 3319 ΙΙνεύματι.
1691 3244 1877 3315 Ἐτρέ-

298 3364 433 3419 φετο
470 3346 570 3414 μὲν
602 3345 711 3415 γὰρ
739 3346 767 3398 ό
796 3344 986 3413 ἀμνὸς,
1018 3343 1137 3412 ἦτοι
1158 3341 1216 3394 τὺ
1250 3338 1543 3411 μοσχάριον
1577 3336 1715 3390 έπτά
1740 3335 1876 3407 ἠμέ-

299 3455 401 3511 ρας
429 3438 538 3491 ὑπὸ
563 3436 661 3507 τὴν
692 3435 904 3506 μητέρα
929 3450 942 3463 ⁸
975 3424 1285 3505 προσήγετο
1310 3430 1365 3482 δὲ
1385 3428 1527 3482 κατά
1545 3428 1641 3499 τὴν
1657 3426 1873 3498 ὀγδόην,

298 3527 739 3600 αἰνιγματωδῶς,
767 3521 1069 3597 οἶμαί,που,
1094 3520 1536 3593 παραδηλοῦντος
1563 3518 1697 3574 Θεοῦ
1727 3517 1880 3588 (σκιά

298 3624 408 3694 γὰρ
446 3624 476 3675 ό
503 3619 688 3690 νόμος)
716 3657 730 3680 ,
753 3618 829 3681 ὡς
861 3612 928 3688 ἦν
962 3617 1264 3684 ἀναγκαῖον
1295 3609 1877 3684 προπαιδαγωγεῖσοαι

298 3714 383 3766 διὰ
408 3711 621 3774 τύπων,
650 3710 744 3762 καὶ
772 3709 934 3761 οἱονεὶ
966 3723 997 3777 μ
1021 3706 1284 3776 ιθήμασιν
1322 3705 1433 3766 τοῖς
1458 3703 1518 3755 οὐ
1547 3701 1667 3754 λίαν
1691 3701 1880 3771 ἀνδρο-

300 3803 731 3878 πρεπεστέροις,
771 3797 1167 3871 νηπιοπρειτέσι
1197 3797 1252 3848 δὲ
1285 3795 1507 3865 μᾶλλον,
1546 3794 1672 3858 τοὺς
1702 3793 1880 3863 ἱεροὺς

300 3894 596 3963 ἐσομένους
622 3936 635 3955 ,
659 3892 755 3943 κοιλ⁸
785 3892 864 3953 είς
888 3888 1060 3960 ὀσμὴν
1085 3885 1312 3949 εὐωδίας
1335 3882 1880 3956 ἀνακομισθήσεσθαι

302 3987 600 4058 μέλλοντας
637 3982 714 4053 τῷ
746 3981 888 4052 Θεῷ.
934 3980 1137 4050 Καιρδς
1168 3977 1224 4031 δὲ
1255 3980 1283 4031 ὀ
1328 3976 1560 4049 μάλιστα
1594 3978 1663 4046 τῇ
1701 3974 1881 4045 τοιᾷδε

300 4078 581 4132 τελειώσει
617 4076 843 4145 πρέπων
871 4072 932 4125 τὸ
974 4069 1209 4143 Χριστοῦ
1245 4069 1564 4141 μυστήριον,
1604 4066 1632 4119 ὃ
1659 4066 1746 4119 διά
1781 4065 1884 4136 τῇς

298 4171 499 4242 ὀγδόης
528 4167 876 4238 σημαίνεται.
914 4163 1236 4233 Ἀπρόσιτος
1272 4155 1366 4215 οὖν
1406 4159 1496 4213 διά
1521 4159 1757 4231 νομικῆς
1782 4157 1881 4211 λα-

299 4262 493 4334 τρείας
524 4258 552 4311 ὁ
573 4258 728 4321 Θεὸς,
759 4255 1012 4326 προσιτὸς
1038 4255 1080 4307 δ’
1107 4253 1172 4307 ἂν
1198 4254 1408 4321 γένοιτο
1439 4250 1525 4304 διά
1561 4249 1722 4321 μόνου
1748 4250 1886 4322 Χρι-

302 4353 458 4409 στοῦ.
492 4351 573 4405 Δι’
596 4348 760 4403 αὑτοῦ
788 4348 899 4417 γάρ
921 4347 1021 4417 τὴν
1045 4344 1414 4417 προσαγωγὴν
1438 4343 1779 4414 ἐσχήκαμεν,
1810 4341 1885 4405 ὡς

306 4444 429 4516 μεθ’
470 4439 685 4511 ἡμέραν
719 4436 975 4508 ἑϐδόμην,
1005 4435 1275 4499 τουτέστι,
1306 4431 1752 4504 παρεληλακότος
1783 4431 1883 4503 ήδη

1976 3249 2275 3304 ritus.Nam
2290 3264 2462 3314 agnus
2475 3257 2571 3303 aut
2586 3248 2792 3304 vitulus
2809 3249 3227 3325 septemdiebus
3238 3266 3265 3304 a
3278 3257 3455 3305 matre
3469 3266 3570 3304 nu—

1979 3342 2271 3406 triebatur,
2293 3349 2679 3396 octavoautcm
2698 3339 3095 3408 adducebatur;
3112 3356 3222 3412 quo
3240 3341 3464 3411 quidem
3481 3358 3572 3397 ar-

1975 3441 2152 3498 bitror
2163 3442 2337 3496 Deum
2355 3439 2582 3512 figurate
2599 3438 2933 3511 signiﬁcasse
2947 3439 3055 3508 (lex
3072 3438 3218 3493 enim
3235 3437 3568 3509 estumbra),

1977 3531 2125 3603 quod
2150 3541 2296 3586 esset
2316 3530 2684 3585 necessarium
2711 3529 2863 3600 prius
2913 3528 3199 3583 informari
3255 3544 3353 3598 per
3382 3538 3560 3598 typos,

1978 3639 2043 3681 ac
2067 3623 2412 3692 disciplinam
2446 3638 2557 3676 non
2581 3620 2880 3676 admodum
2908 3619 3153 3684 virilem,
3198 3618 3295 3674 sed
3345 3618 3572 3672 infanti-

1979 3716 2083 3770 bus
2108 3713 2279 3785 magis
2299 3713 2740 3775 convenientem,
2766 3727 2863 3765 eos
2886 3710 2981 3781 qui
3014 3717 3202 3779 postea
3227 3709 3402 3763 sancti
3443 3717 3573 3763 sunt

1980 3807 2172 3872 l’uturi,
2209 3813 2376 3876 atque
2413 3803 2684 3860 oil‘erendi
2735 3804 2849 3857 Deo
2882 3802 2941 3856 in
2987 3801 3214 3856 odorem
3263 3799 3568 3853 suavitatis.

1980 3900 2299 3973 Mysterium
2346 3903 2527 3953 autem
2557 3894 2760 3949 Christi
2786 3892 2934 3962 quod
2968 3906 3066 3961 per
3118 3898 3373 3944 octavum
3423 3889 3569 3942 diem

1982 3992 2341 4065 signiﬁcatur,
2373 3994 2457 4043 est
2484 3992 2858 4056 opportunum
2889 3989 3126 4050 tempus,
3153 3977 3300 4048 quod
3335 3977 3571 4031 maxime

1982 4080 2243 4137 convenit
2283 4077 2376 4131 tali
2419 4072 2768 4147 perfectioni.
2812 4067 3216 4133 lnaccessibilis
3276 4066 3444 4138 igitur
3485 4071 3572 4121 est

1984 4174 2130 4227 Deus
2150 4186 2249 4240 per
2286 4168 2495 4223 cultum
2510 4165 2764 4237 legalem,
2790 4162 2886 4220 sed
2914 4178 3012 4233 per
3059 4162 3236 4216 solum
3286 4158 3571 4216 Christum

1984 4259 2121 4314 adiri
2157 4264 2356 4328 potest.
2396 4256 2532 4310 Nam
2562 4271 2658 4326 per
2677 4253 2856 4325 ipsum
2891 4267 3174 4309 accessum
3215 4249 3570 4314 habemus”,

1988 4357 2247 4420 tanquam
2271 4355 2393 4418 post
2419 4347 2566 4402 diem
2599 4346 2920 4414 septimum,
2958 4343 3180 4413 quando
3213 4342 3426 4397 scilicet
3452 4340 3574 4396 sab-

1989 4441 2257 4496 batismus
2279 4440 2415 4511 legis
2449 4437 2738 4509 prasteriit,
2783 4436 2898 4490 sive
2935 4434 2991 4487 in
3023 4434 3340 4488 universum
3386 4446 3449 4485 ac
3484 4447 3571 4500 ge-

303 4535 399 4589 τοῦ
450 4532 595 4587 κατά
635 4530 798 4600 νόμον
840 4526 1244 4597 σαϐϐατισμοῦ,
1294 4527 1413 4597 ητοι
1454 4523 1746 4579 καθολικοῦ
1791 4522 1881 4575 καὶ

1990 4531 2253 4587 neraliter
2308 4528 2545 4584 cessavit
2595 4527 2780 4581 cultus
2826 4524 3036 4596 legalis.
3099 4523 3235 4577 Nam
3298 4522 3386 4575 lex
3433 4521 3572 4575 nihil

304 4623 571 4695 γενικωτέ
582 4640 673 4694 ρου
696 4622 772 4684 ὡς
795 4624 860 4674 ὲκ
891 4619 1114 4692 μέρους,
1136 4618 1235 4687 τῆς
1257 4617 1399 4671 κατὰ
1420 4616 1583 4687 νόμον
1606 4613 1886 4686 λατρείας.

305 4715 637 4770 Τετελείωκε
659 4713 767 4785 γὰρ
798 4713 827 4765 ό
848 4712 1011 4781 νόμος
1030 4708 1180 4763 οὐδέν
1204 4724 1217 4738 ·
1252 4708 1515 4778 ἀναφέρει
1536 4708 1591 4760 δὲ
1622 4708 1700 4769 εἰς
1726 4704 1885 4760 τοῦτο

308 4805 571 4878 Χριστός·
614 4803 792 4873 ἀρτιοι
821 4801 930 4872 γὰρ
966 4801 1046 4862 είς
1081 4798 1282 4869 ἀρετὴν
1326 4797 1376 4849 οἱ
1415 4794 1843 4856 πεπιστευκότες
1866 4834 1881 4859 ,

311 4898 406 4952 καὶ
429 4897 492 4950 τὸ
520 4895 723 4949 τέλειον
757 4893 972 4964 ἔχοντες
1004 4893 1062 4944 ὲν
1099 4888 1299 4959 γνώσει
1335 4887 1423 4941 διὰ
1453 4884 1692 4958 Χριστοῦ
1719 4901 1732 4915 ·
1763 4883 1888 4939 νοῦν

1991 4622 2225 4692 perfecit
2249 4621 2295 4652 “
2324 4638 2338 4673 :
2367 4618 2463 4674 sed
2492 4617 2749 4673 Christus
2790 4630 2893 4669 nos
2925 4613 2994 4668 ad
3021 4612 3127 4668 hoc
3159 4609 3408 4674 adducit,
3443 4609 3573 4679 quia

1991 4713 2093 4768 soli
2137 4712 2328 4766 ﬁdeles
2367 4718 2496 4764 sunt
2549 4707 2661 4777 apti
2685 4706 2751 4761 ad
2769 4705 3024 4768 virtutes,
3065 4713 3121 4759 et
3157 4718 3255 4774 per
3294 4700 3574 4757 Christum

1991 4806 2289 4876 perfectam
2312 4801 2680 4873 cognitionem
2708 4800 3146 4868 consequuntur,
3180 4802 3370 4864 utpote
3394 4799 3575 4846 mente

1988 4896 2159 4966 ipsius
2184 4894 2419 4965 praediti,
2448 4908 2546 4961 per
2567 4906 2730 4961 quem
2777 4898 2834 4945 et
2867 4880 2999 4944 cum'
3023 4904 3133 4958 quo
3157 4887 3268 4941 Deo
3304 4900 3368 4938 ac
3428 4880 3575 4936 Patri

311 4988 416 5059 γάρ
443 4986 641 5057 ἔχομεν
662 4984 753 5037 τὸν
774 4982 963 5046 αὑτοῦ,
1005 4981 1099 5034 καὶ
1127 4980 1194 5033 δι’
1216 4978 1381 5032 αὑτοῦ
1405 4995 1463 5031 τε
1499 4978 1592 5031 καὶ
1618 4978 1714 5030 σὺν
1741 4973 1881 5045 αὐτῷ

1988 5000 2114 5039 cum
2149 4992 2337 5038 sancto
2354 4981 2585 5051 Spiritu,
2616 4980 2690 5036 sit
2717 4978 2896 5052 gloria
2927 4978 2985 5032 in
3011 4975 3227 5030 infinita
3254 4970 3453 5027 sarcula
3473 4984 3573 5023 sa:-

311 5078 389 5148 τῷ
415 5078 538 5147 Θεῷ
589 5076 686 5130 καὶ
728 5073 907 5145 Πατρὶ
952 5073 1049 5127 σὺν
1091 5072 1232 5143 ἁγίῳ
1270 5069 1550 5142 Πνεύματι
1588 5070 1622 5140 ή
1655 5068 1781 5135 δόξα
1813 5070 1891 5130 είς
1988 5075 2259 5129 culorum,
2283 5075 2479 5128 Amen.
3207 5066 3213 5072 ’

313 5177 437 5235 τοὺς
456 5169 660 5233 αίῶνας
687 5169 796 5222 τῶν
826 5166 1059 5222 αἰώνων.
1100 5166 1294 5236 Ἀμήν.

315 5285 448 5354 Περὶ
486 5280 754 5352 Μερῤᾶς,
786 5282 883 5335 καί
914 5282 1038 5354 Arat“)
1087 5280 1283 5354 £6400
1324 5278 1447 5354 τοῦ.
1465 5276 1890 5347 παραδειχθέν-

730 5368 835 5416 τος
865 5350 944 5416 τῷ
968 5352 1237 5420 μακαρίῳ
1260 5346 1467 5417 Μωσῇ.

379 5453 449 5499 α’.
511 5444 625 5513 Τῆς
682 5442 791 5495 τῶν
835 5442 1146 5511 Αἰγυπτίων
1199 5441 1524 5511 ἀπαίροντες
1580 5442 1680 5509 γῆς
1729 5437 1778 5490 οί
1836 5436 1894 5501 ἐξ

327 5535 560 5609 Ἰσραὴλ,
595 5535 691 5590 καὶ
714 5534 805 5588 τὸν
836 5534 1077 5605 δυσαχθῆ
1105 5535 1202 5604 τῆς
1229 5532 1471 5595 δουλείας
1500 5530 1663 5598 ζυγὸν
1694 5529 1892 5583 ἀποδυ-

2067 5273 2226 5344 281
2283 5271 2355 5326 De
2398 5271 2633 5344 Merrha‘
2664 5278 2712 5324 et
2758 5269 2898 5344 ligno
2928 5265 3078 5344 quod
3131 5271 3394 5318 ostensum
3434 5267 3507 5312 est

2616 5340 2766 5394 beato
2800 5337 2959 5392 Mosi.

2072 5435 2122 5487 l.
2152 5432 2413 5488 lsraelitae
2438 5429 2781 5485 discedentes
2810 5444 2839 5482 e
2894 5436 3035 5480 terra
3075 5438 3137 5478 ac
3168 5419 3386 5491 regione
3416 5413 3571 5486 IEgy-
3644 5470 3659 5475 _
3694 5461 3701 5468 .

2001 5528 2099 5597 pti,
2123 5527 2338 5596 abiecto
2365 5521 2691 5577 intolerabili
2723 5518 3005 5573 servitutis
3027 5518 3175 5588 jugo,
3213 5527 3312 5583 per
3337 5508 3576 5565 medium

387 5718 434 5751 “
459 5718 621 5774 Rom.
654 5717 870 5787 “3,5.
952 5716 993 5749 δ’
1015 5716 1216 5787 Ephes.
1243 5731 1313 5781 Iv,
1340 5715 1419 5769 l3.
1488 5713 1529 5745 “‘
1557 5712 1863 5777 Coloss.m,
1886 5710 1939 5764 5.
2010 5712 2049 5740 ‘~"
2071 5708 2210 5765 l’sal.
2243 5723 2360 5769 (λγ,
2408 5705 2488 5758 lii.
2567 5702 2612 5733 "
2642 5700 2843 5772 liphcs.
2870 5716 2929 5767 ιι,
2962 5699 3043 5755 l8.
3122 5700 3163 5732 ⁸’
3187 5698 3354 5755 llcbr.
3375 5712 3466 5755 vn.
3495 5692 3573 5753 19.
