4024 6198
288 328 392 385 ιιις

1300 324 1813 386 CLAPHYRORUM
1855 331 1921 386 IN
1961 327 2248 386 EXODUM
2287 328 2416 383 LIB.
2454 328 2521 383 ll.

3436 331 3542 388 43.6

285 443 543 512 εερισκον
576 439 720 510 ὕδωρ
764 437 904 491 ὥστε
953 440 1127 491 πιεῖν*
1176 442 1636 513 παρατεινομένου
1670 442 1726 495 δὲ
1767 440 1861 495 τοῦ

1966 457 2199 511 cumque
2236 442 2290 497 in
2332 441 2552 497 tertium
2585 455 2757 511 usque
2787 440 2931 495 diem
2959 440 3345 498 sustinuissent
3376 444 3544 512 sitim,

282 534 449 603 διψᾷν
480 530 577 585 καὶ
605 532 684 592 είς
710 530 904 599 τρίτην
940 528 1173 599 ἡμέραν,
1213 530 1364 601 μόλις
1406 532 1590 595 αὐτοῖς
1620 531 1868 603 εὑρίσκε-

281 643 373 679 ται
399 623 463 677 τὸ
488 620 841 691 ποθούμενον.
879 620 1019 673 Ἀλλ’
1037 615 1106 690 ἦν
1131 621 1225 675 καὶ
1252 621 1410 676 τοῦτο
1437 621 1708 694 ἄχρηστον
1732 638 1865 675 παν.

279 715 476 779 τελῶς.
512 713 715 785 Πικρδν
744 713 856 784 γὰρ
888 713 947 766 τὸ
977 712 1203 787 Μερῤἄς
1237 709 1305 785 ἦν
1336 712 1501 787 ὕδωρ,
1535 715 1630 769 καὶ
1661 716 1772 779 τοῖς
1796 714 1866 768 δι-

280 808 461 878 ψῶσιν
492 805 592 860 ούκ
630 804 872 874 ἀσφαλὲς
900 805 981 869 είς
1010 823 1075 875 γε
1110 806 1172 860 τὸ
1194 805 1472 870 δύνασθαι,
1508 806 1672 878 φησὶν
1696 847 1712 869 ,
1753 806 1868 860 δια-

278 900 476 970 δρΞναι
526 896 785 951 θάνατον·
822 895 1150 968 δυσφοροῦσί
1197 914 1258 949 τε
1303 896 1584 960 ἐντεῦθεν,
1632 896 1728 950 καί⁸
1771 895 1866 949 τοῦ

283 990 511 1060 μεσίτου
555 987 1057 1061 κατακεκράγασιν·
1107 987 1260 1043 ἀλύει
1298 989 1357 1042 δὲ
1401 990 1431 1043 ό
1474 988 1698 1057 Μωσῆς.
1733 986 1865 1040 Εἶτα

278 1078 378 1132 τοῦ
408 1078 586 1133 πάντα
623 1076 822 1141 εἰδότος
852 1076 987 1131 Θεοῦ
1022 1076 1179 1143 ξύλον
1211 1077 1362 1148 αὐτῷ
1404 1074 1828 1149 παραδείξαντος
1848 1116 1863 1136 .

279 1168 547 1240 ipsemet
574 1170 688 1231 τοῖς
716 1165 903 1233 ὕδασι,
937 1166 1007 1221 τὰ
1035 1166 1093 1220 δὲ
1133 1166 1453 1237 παραδόξως
1490 1168 1569 1230 είς
1601 1165 1771 1235 γλυκύ
1804 1182 1865 1218 τε

282 1261 382 1313 καὶ
414 1259 787 1329 ποτιμὼτατον
833 1257 1184 1328 μεθίστανται
1228 1259 1396 1328 νᾶμα.
1451 1256 1865 1321 Ἐκπεπωκότες

277 1344 379 1402 οὖν
411 1350 508 1402 καὶ
541 1347 917 1419 ὠφελημένοι,
957 1347 1337 1420 τεθαυμάκασι
1377 1346 1475 1419 τὴν
1515 1346 1862 1418 θεοσημείαν,

281 1439 730 1511 παρεμϐάλλουσι
779 1438 920 1511 μετά
945 1439 1103 1494 τοῦτο
1150 1440 1242 1495 καὶ
1277 1443 1480 1512 πηγαῖς
1519 1441 1725 1495 ὑδάτων
1766 1438 1867 1494 δώ-

277 1527 416 1586 δεκα
436 1573 451 1596 ,
489 1530 619 1585 ἔνθα
650 1531 745 1585 καὶ
794 1530 1165 1602 ἐϐδομήκοντα
1199 1531 1425 1602 στελέχη
1470 1532 1729 1602 φοινίκων
1771 1527 1861 1602 ἦν.

279 1621 694 1693 Κατηυλίζοντο
713 1621 771 1675 δὲ
793 1621 914 1675 τότε
942 1621 1257 1692 τρυφῶντες
1287 1622 1420 1675 ἐκεῖ.
1454 1622 1574 1675 Ὅτι
1605 1621 1784 1677 τοίνυν
1806 1622 1867 1675 ὲν

278 1714 467 1767 πίστει
501 1714 595 1767 καὶ
622 1714 720 1784 οὐχ
748 1713 953 1785 ἑτέρως
981 1714 1164 1785 εὑρεῖν
1185 1709 1255 1784 ἦν
1281 1713 1537 1768 δύνασθαι
1560 1714 1661 1784 τῆς
1689 1731 1865 1785 σωτη-

282 1807 409 1876 ρίας
431 1806 533 1877 τὴν
552 1804 692 1868 ὁδὸν,
708 1805 798 1859 διὰ
819 1807 978 1869 σκιᾶς
1002 1806 1098 1860 καὶ
1115 1805 1302 1860 τύπων
1326 1806 1463 1877 ἐπλη
1472 1806 1690 1877 ροφόρει
1708 1805 1860 1869 Θεός.

279 1895 559 1967 Ταύτῃτοι
613 1896 705 1950 καὶ
763 1893 991 1965 σφάζειν
1037 1896 1323 1950 ἐκέλευσεν
1367 1898 1426 1950 ἐν
1466 1894 1728 1966 Αίγύπτῳ
1775 1895 1865 1949 τὸν

277 1988 478 2058 ἀμνὸν,
513 1988 610 2042 καὶ
637 1988 916 2043 πιστεύειν
945 1986 1158 2059 ἤθελον,
1189 1990 1272 2043 ὅτι
1298 1989 1379 2061 τῷ
1407 1989 1600 2061 αἵματι
1631 2004 1866 2043 κατακε-

278 2080 592 2152 χρισμὲνοι,
609 2080 701 2133 τὸν
741 2083 856 2145 τοῖς
895 2081 1258 2151 πρωτοτόκοις
1303 2080 1706 2153 ἐπερῲμμένον
1745 2080 1864 2134 δια-

280 2170 608 2240 κρούσονται
634 2170 886 2226 θάνατον.
932 2172 1002 2225 Ἢ
1045 2171 1152 2242 γάρ
1181 2172 1303 2242 οὐχὶ
1336 2172 1469 2242 φαίη
1514 2190 1597 2237 τις
1635 2171 1727 2234 ἂν,
1769 2171 1863 2224 καὶ

284 2262 439 2334 μάλα
465 2263 711 2326 εἰκότως,
751 2264 831 2316 ὅτι
871 2262 1279 2336 προγύμνασμα
1307 2257 1542 2328 πίστεως
1567 2264 1629 2319 τὸ
1659 2264 1865 2335 δρώμε-

282 2372 377 2407 νον
408 2349 502 2425 ἦνς
523 2355 657 2407 Τίνα
678 2354 785 2426 γὰρ
808 2355 894 2419 ἂν,
914 2356 1032 2408 είπὲ
1053 2372 1165 2426 μοι,
1181 2357 1382 2427 τρόπον
1402 2355 1863 2428 κατορρωδήσειεν

280 2447 312 2498 ὁ
352 2445 587 2510 θάνατος
620 2446 892 2518 προϐάτου
926 2447 1170 2516 σφαγήνς
1208 2445 1348 2499 Ἀλλ’
1379 2442 1446 2517 ἦν
1475 2446 1775 2517 μυστηρίου
1801 2444 1863 2497 τὸ

278 2538 477 2607 χρῆμα
509 2537 698 2601 τύπος.
738 2537 1022 2608 Ἐκρύεται
1062 2536 1171 2607 γὰρ
1211 2538 1240 2590 ό
1287 2538 1522 2608 Χριστος
1559 2536 1752 2607 αἵματι
1784 2533 1862 2605 τῷ

282 2628 404 2699 ίδίῳ
432 2630 559 2692 τοὺς
584 2628 949 2699 ήγιασμένους
972 2630 1028 2683 ἐν
1056 2628 1254 2690 πίστει,
1283 2627 1377 2682 καὶ
1405 2627 1633 2682 θανάτου
1658 2626 1862 2696 φθορᾶς

276 2719 576 2787 ἀποφαίνει
602 2718 932 2788 κρείττονας.
963 2719 1029 2771 Τί
1068 2719 1124 2772 δὲ
1153 2718 1215 2789 δὴ
1251 2718 1412 2772 πάλιν
1439 2717 1555 2770 ἐστὶ
1582 2716 1642 2769 τὸ
1674 2717 1767 2769 ἐπὶ
1795 2718 1863 2787 τῇ

278 2810 481 2881 Μερρᾷ
500 2851 518 2877 ,
552 2808 685 2879 φέρε
713 2808 961 2880 λέγωμεν
994 2809 1069 2874 ὡς
1095 2808 1193 2863 ἔνι.

354 2897 422 2968 β’.
448 2897 638 2952 ’Υδατι
657 2898 748 2952 τὸν
769 2898 910 2952 θεῖον
931 2898 1255 2970 παρεικάζει
1270 2899 1476 2970 λόγονή
1504 2899 1861 2963 θεόπνευστος

276 2989 496 3060 Γραφή.
527 2989 737 3062 Ὠσπερ
763 2990 872 3059 γάρ
902 2992 1014 3043 ἐστι
1045 2991 1311 3061 σωμάτων
1340 2990 1602 3055 ζωοποιὸν
1632 2990 1692 3044 τὸ
1717 2989 1861 3061 ’ύδωρ

1967 538 2060 591 vix
2092 535 2313 591 tandem
2340 549 2504 605 quam
2539 533 2928 588 desiderabant
2968 543 3313 603 receperunt.
3350 534 3465 590 lmo
3491 551 3546 593 et

1968 629 2084 683 haec
2116 636 2235 682 erat
2266 642 2490 697 prorsus
2531 625 2741 681 inutilis
2771 625 2837 679 ad
2870 624 3189 679 bibendum.
3231 625 3366 680 Cum
3397 627 3543 680 enim

1966 732 2106 787 aqua
2129 715 2356 771 Merrha:
2377 725 2521 770 esset
2537 729 2739 779 amara,
2762 720 2817 770 et
2841 712 3158 769 bibentibus
3184 730 3377 784 parum
3407 722 3544 777 tuta,

1968 807 2230 862 nimirum
2253 807 2321 862 ad
2340 817 2572 862 mortem
2599 804 2987 876 effugiendam,
3012 805 3241 859 moleste
3260 805 3315 859 id
3336 804 3542 868 ferunt,

1968 907 2131 969 atque
2168 899 2224 953 in
2257 899 2612 954 mediatorem
2657 911 2816 953 suum
2859 896 3269 951 debacchantur
3309 912 3323 949 :
3369 896 3545 951 Moses
3586 909 3608 919 ‘

1966 1003 2098 1043 vero
2127 1003 2359 1043 moerere
2395 986 2751 1042 adiciebatur.
2780 984 2916 1042 Cum
2947 1001 3077 1043 vero
3098 985 3263 1047 Deus,
3294 984 3389 1055 qui
3421 999 3541 1043 om-

1968 1078 2059 1133 nia
2102 1078 2272 1143 novit,
2312 1076 2643 1132 ostendisset
2690 1077 2742 1131 ei
2784 1076 3010 1148 lignum,
3041 1074 3276 1146 coniecit
3316 1074 3450 1129 illud
3484 1074 3541 1131 in

1967 1185 2155 1240 aquas,
2190 1184 2312 1239 qua:
2338 1168 2663 1227 miraculose
2686 1166 2992 1223 redduntur
3019 1167 3208 1222 dulces
3238 1174 3294 1221 et
3322 1165 3540 1237 potabi-

1966 1262 2065 1316 les.
2093 1262 2212 1316 Poti
2230 1275 2381 1331 ergo,
2405 1267 2461 1314 et
2480 1259 2584 1314 ﬁde
2605 1259 2909 1315 continuati
2943 1257 3377 1329 (admirabantur
3391 1258 3539 1312 enim

1967 1353 2103 1409 illud
2133 1352 2379 1408 divinum
2408 1350 2667 1422 signum),
2686 1358 3142 1406 castrametantur
3168 1349 3312 1420 apud
3336 1349 3543 1404 duode-

1968 1445 2073 1500 cim
2101 1443 2297 1509 fontes,
2327 1444 2422 1499 ubi
2450 1454 2506 1500 et
2541 1443 2882 1514 septuaginta
2918 1443 3114 1512 stirpes
3139 1450 3298 1496 erant
3332 1442 3539 1512 palma-

1968 1551 2111 1590 rum.
2141 1534 2635 1591 Commorabantur
2657 1542 2840 1589 autem
2883 1532 2960 1587 ibi
3000 1531 3338 1587 deliciantes.
3383 1530 3544 1598 Quod

1967 1626 2134 1697 igitur
2155 1626 2211 1680 in
2238 1625 2367 1690 ﬁde,
2397 1634 2744 1696 et-nusquam
2769 1624 2899 1680 alibi
2934 1623 3103 1696 possit
3135 1621 3370 1678 inveniri
3397 1622 3551 1677 salu—

1969 1717 2041 1773 tis
2066 1718 2174 1784 via,
2208 1717 2351 1772 Deus
2396 1732 2493 1787 per
2530 1716 2783 1772 umbram
2823 1724 2879 1769 et
2909 1723 3064 1785 typos
3093 1714 3407 1784 plenissime
3437 1702 3537 1768 do-

1966 1809 2099 1864 cuit.
2124 1809 2360 1879 ideoque
2386 1818 2442 1863 et
2470 1808 2526 1862 in
2546 1806 2777 1879 Egypto
2798 1806 3027 1877 jubebat
3053 1820 3250 1877 agnum
3290 1805 3539 1868 mactari,

1966 1909 2021 1954 et
2045 1900 2197 1955 credi
2222 1900 2462 1964 volebat,
2491 1899 2638 1969 quod
2672 1898 2935 1970 sanguine
2968 1896 3122 1951 tincti
3160 1903 3391 1951 mortem
3423 1895 3537 1965 pri-

1965 1991 2255 2062 mogenitis
2293 1990 2495 2046 illatam
2524 2006 2554 2045 a
2581 2005 2638 2046 se
2667 1989 2948 2060 depulsuri
2973 1995 3174 2044 essent.
3204 1987 3358 2043 Dicat
3389 1987 3537 2041 enim

1964 2083 2109 2154 quis,
2141 2097 2323 2152 neque
2353 2082 2572 2153 injuria,
2603 2081 2750 2152 quod
2776 2081 2892 2135 haec
2922 2095 3010 2135 res
3033 2087 3184 2151 gesta
3212 2078 3378 2134 fuerit
3396 2092 3537 2149 pra:-

1964 2168 2174 2224 ludium
2225 2168 2370 2224 ﬁdei.
2410 2168 2530 2234 Quo
2574 2176 2763 2238 pacto,
2808 2169 3072 2232 obsecro,
3104 2167 3350 2221 timuerit
3389 2182 3540 2222 mors

1963 2262 2087 2332 agni
2122 2260 2546 2315 mactationem?
2568 2259 2770 2315 Verum
2808 2259 2913 2314 hoc
2946 2257 3192 2331 mysterii
3221 2266 3382 2331 typus
3411 2256 3535 2313 fuit.

1963 2352 2099 2407 Nam
2132 2352 2383 2407 Christus
2424 2368 2524 2408 suo
2556 2353 2818 2425 sanguine
2844 2367 2969 2407 vere
2995 2350 3159 2421 eripit
3184 2352 3238 2405 in
3266 2351 3372 2405 ﬁde
3410 2367 3535 2404 san-

1963 2441 2249 2507 ctiﬁcatos,
2279 2450 2335 2497 et
2366 2443 2558 2497 mortis
2584 2443 2935 2513 corruptione
2970 2458 3066 2497 eos
3097 2441 3407 2512 superiores
3439 2440 3535 2495 de-

1963 2532 2150 2587 clarat.
2186 2531 2456 2587 Caeterum
2482 2532 2644 2603 283
2669 2533 2799 2602 quid
2830 2532 2935 2587 sibi
2962 2533 3077 2587 vult
3106 2532 3259 2597 illud,
3286 2531 3432 2602 quod
3467 2531 3537 2588 ad

1963 2622 2235 2678 Merrham
2257 2622 2495 2679 accidit?
2521 2637 2619 2695 age
2648 2638 2751 2695 pro
2773 2622 2917 2677 virili
2953 2623 3221 2679 dicamus.

2032 2901 2083 2954 2.
2117 2900 2280 2955 Sacra
2311 2900 2593 2970 Scriptura
2625 2910 2903 2970 comparat
2942 2899 3038 2955 Dei
3077 2899 3304 2955 verbum
3346 2915 3534 2971 aqua,

1961 2990 2089 3061 quia
2120 2991 2261 3045 sicut
2293 2990 2411 3047 hmc
2444 2991 2718 3047 sensibilis
2744 3006 2883 3061 aqua
2914 2989 3150 3045 viviticat
3178 3005 3427 3061 corpora,
3458 2991 3533 3047 ita

274 3082 341 3135 τὸ
379 3080 669 3153 αἰσθητόν·
696 3080 840 3135 οὕτω
868 3083 963 3136 καὶ
990 3084 1018 3136 ὁ
1050 3081 1191 3145 θεῖος
1222 3083 1271 3136 εί
1297 3082 1574 3136 καθίκοιτο
1599 3082 1754 3151 λόγος
1780 3084 1859 3144 είς

1964 3080 2058 3136 Dei
2085 3081 2312 3135 verbum
2349 3081 2394 3135 si
2424 3091 2661 3136 mentem
2702 3091 2944 3137 nostram
2985 3081 3198 3148 subeat,
3225 3083 3373 3137 haud
3416 3098 3531 3138 me-

274 3171 430 3234 νοῦν,
447 3171 742 3245 ὀνήσει[εν]
765 3173 830 3227 ἂν
848 3175 906 3227 ού
935 3173 1169 3245 μετρίως
1200 3173 1381 3227 αὐτόν.
1405 3174 1694 3244 Τοιγάρτοι
1715 3175 1810 3228 καὶ
1831 3176 1860 3228 ὁ

275 3262 519 3334 Χριστὸς
559 3265 679 3325 ταῖς
726 3263 991 3316 Ἰουδαίων
1030 3263 1255 3331 ἀγέλαις
1301 3262 1619 3334 προσλαλῶν
1664 3264 1859 3316 ἀνακε-

276 3355 499 3424 κράγει,
534 3352 739 3421 λέγων’
774 3372 793 3404 ι
832 3353 900 3406 Εἴ
922 3371 1004 3417 τις
1032 3354 1178 3425 διψᾷ,
1207 3354 1449 3424 ἐρχέσθω
1475 3355 1611 3425 πρός
1642 3372 1731 3426 με,
1764 3356 1859 3407 καὶ

277 3445 503 3499 πινέτω.
548 3463 567 3496 ι
604 3445 715 3513 καὶ
754 3444 888 3516 πρὸς
918 3450 980 3513 γε
1019 3445 1116 3517 τὴν
1147 3449 1380 3514 γυναῖκα
1414 3447 1476 3499 ἐκ
1511 3446 1856 3518 Σαμαρείας,

282 3555 303 3588 ι
324 3536 438 3589 Καὶ
463 3535 576 3598 πᾶς
599 3536 629 3588 ὀ
656 3534 826 3588 πίνων
854 3537 917 3589 ἐκ
941 3535 1035 3589 τοῦ
1057 3535 1247 3601 ὕδατος
1275 3535 1488 3600 τούτου,
1516 3537 1731 3607 διψήσει
1756 3538 1860 3590 τιά-

254 3612 360 3680 ”λιν
380 3645 395 3658 ’
426 3627 489 3689 ὃς
513 3625 560 3679 δ’
584 3624 651 3679 ἂν
679 3625 779 3698 πίῃ
801 3627 861 3678 ἐκ
882 3625 977 3679 τοῦ
1000 3624 1191 3689 ὕδατος
1213 3620 1272 3680 οὗ
1292 3624 1402 3694 ἐγὼ
1421 3624 1578 3678 δώσω
1606 3625 1775 3695 αύτῷ,
1798 3625 1858 3678 ού

282 3720 354 3789 μὴ
376 3718 603 3789 διψήσει
627 3718 706 3781 είς
724 3716 813 3770 τὸν
836 3716 1025 3771 αἰῶνα.
1056 3736 1075 3768 ι
1105 3716 1261 3789 Ἀρτι
1281 3716 1459 3769 τοίνυν
1480 3718 1528 3769 οί
1550 3716 1609 3781 ἐξ
1643 3716 1860 3788 Ἰσραὴλ

277 3810 378 3879 τὴν
396 3808 632 3879 θεομισῆ
663 3807 772 3861 τῶν
798 3806 1105 3877 Αἰγυπτίων
1137 3807 1365 3877 ἀφέντες
1403 3807 1681 3878 λατρείαν,
1729 3825 1860 3878 μετ-

280 3902 468 3955 έθεντο
490 3903 613 3965 ταῖς
643 3900 888 3971 γνώμαις
915 3903 994 3964 είς
1023 3902 1084 3955 τὸ
1112 3901 1456 3972 τελεσφορεῖν
1485 3899 1629 3972 ἅπερ
1645 3900 1711 3953 ἂν
1736 3898 1860 3970 βού-

278 3993 426 4046 λοιτο
455 3991 613 4054 Θεός.
658 3992 796 4050 Ἀλλ’
836 3992 987 4046 οὔπω
1028 3996 1138 4057 τοῖς
1169 3993 1375 4047 ἄνωθέν
1413 4010 1473 4046 τε
1512 3992 1862 4061 πεπαιδαγὼ-

280 4100 480 4152 γηνται
521 4082 726 4154 νόμοις.
755 4082 908 4137 οὔπω
937 4083 1042 4138 τῶν
1068 4083 1274 4155 νοητῶν
1308 4084 1514 4139 ὑδάτων
1551 4083 1859 4152 ἀπογευσά-

284 4193 457 4245 μενοι.
488 4179 770 4248 μονονουχὶ
797 4176 958 4249 ξηρὸν
980 4178 1075 4231 καὶ
1103 4178 1425 4249 δεδιψηκότα
1453 4180 1544 4232 τὸν
1567 4177 1691 4232 νοῦν
1718 4173 1861 4247 εἶχον

278 4271 339 4322 ἐν
379 4271 619 4332 ἑαυτοῖς.
663 4265 794 4323 Εἶτα
830 4270 983 4341 μόλις
1024 4273 1510 4342 περιτυγχάνουσιν
1539 4275 1603 4342 τῇ
1635 4271 1857 4343 Μεῤῥᾷ⁶

278 4359 398 4414 ἀλλ’
457 4360 560 4412 οὐκ
614 4359 874 4430 ἠδύναντο
929 4362 1073 4414 πιεῖν
1123 4360 1297 4432 ὕδωρ*
1352 4361 1552 4433 πικρὸν
1606 4361 1713 4433 γὰρ
1768 4357 1856 4433 ἦν.

1959 3170 2222 3227 diocriter
2250 3186 2371 3226 eam
2396 3172 2669 3227 refecerit.
2696 3172 2850 3229 Unde
2873 3184 2930 3229 et
2955 3172 3209 3229 Christus
3238 3174 3425 3230 turbas
3439 3174 3535 3230 .lu-

1958 3262 2202 3318 dteorum
2249 3263 2534 3333 alloquens
2582 3264 2850 3319 exclamat
2889 3282 2900 3319 :
2960 3284 2978 3315 ι
3008 3264 3063 3320 Si
3097 3265 3225 3335 quis
3259 3265 3403 3329 sitit,
3444 3280 3535 3321 ve-

1959 3354 2075 3409 niat
2103 3354 2170 3410 ad
2200 3370 2309 3420 me,
2335 3363 2391 3411 et
2415 3354 2566 3410 bibat
2588 3355 2653 3409 ⁸⁶.
2687 3375 2705 3407 ι
2739 3356 2872 3411 Item
2899 3357 2967 3412 ad
2992 3357 3386 3412 Samaritanam
3410 3373 3533 3412 mu-

1957 3446 2149 3501 lierem
2183 3446 2362 3516 inquit
2406 3465 2418 3500 :
2455 3465 2473 3498 ι
2520 3447 2623 3514 Qui
2675 3447 2877 3504 biberit
2918 3464 2986 3504 ex
3024 3448 3129 3505 hac
3172 3464 3341 3519 aqua,
3386 3448 3536 3503 sitiet

1959 3539 2194 3605 iterum;
2227 3540 2320 3609 qui
2354 3547 2538 3594 autem
2566 3540 2769 3594 biberit
2797 3556 2864 3595 ex
2893 3557 3033 3611 aqua
3073 3557 3236 3611 quam
3261 3556 3362 3612 ego
3393 3541 3537 3596 dabo

1958 3630 2031 3694 ei,
2075 3645 2185 3684 non
2220 3630 2369 3686 sitiet
2409 3631 2462 3685 in
2486 3639 2752 3687 internum
2776 3634 2842 3684 ⁸⁷.
2884 3652 2901 3684 ι
2932 3633 3189 3688 Israelitze
3230 3633 3413 3703 igitur,
3447 3631 3534 3687 di-

1960 3723 2127 3777 misso
2160 3722 2380 3792 quidem
2406 3722 2781 3795 Aigyptiorum
2820 3724 2970 3778 cultu
3004 3738 3168 3794 quem
3203 3724 3348 3778 Deus
3375 3739 3534 3779 aver-

1960 3822 2131 3879 satur,
2157 3814 2521 3869 traduxerunt
2547 3822 2785 3869 mentem
2816 3830 2990 3876 suam,
3021 3823 3082 3869 ut
3107 3814 3364 3883 deinceps
3387 3814 3534 3884 quod

1960 3907 2072 3961 Deo
2110 3914 2397 3975 acceptum
2430 3914 2595 3970 esset,
2626 3914 2898 3974 saperent.
2932 3904 3204 3959 Caeterum
3237 3920 3362 3959 eum
3392 3921 3532 3960 non-

1960 3996 2090 4050 dum
2114 3995 2369 4066 supernis
2399 3996 2612 4066 legibus
2641 4004 2826 4050 essent
2854 3996 3076 4062 eruditi,
3109 3996 3342 4052 necdum
3370 3998 3534 4053 intel—

1959 4087 2194 4159 ligibiles
2214 4103 2384 4157 aquas
2400 4087 2838 4158 degustaverant,
2859 4087 3091 4159 ideoque
3119 4099 3357 4145 mentem
3379 4089 3536 4160 quasi

1961 4176 2171 4231 aridam
2218 4186 2275 4233 et
2306 4176 2645 4232 siticulosam
2695 4178 2751 4232 in
2793 4194 2853 4233 se
2892 4178 3185 4235 habebant.
3235 4180 3442 4236 Deinde
3473 4196 3538 4237 ac

1962 4266 2183 4336 quidem
2208 4282 2350 4338 aegre
2371 4267 2700 4336 perveniunt
2722 4265 3012 4331 Merrham,
3038 4268 3132 4323 ubi
3154 4283 3263 4323 non
3286 4275 3539 4340 poterant

1962 4374 2159 4429 aquam
2178 4359 2390 4425 bibere,
2421 4360 2549 4430 quia
2572 4367 2692 4415 erat
2723 4375 2925 4414 amara.
2946 4359 3017 4414 At
3048 4367 3400 4429 posteaquam
3420 4361 3536 4415 Mo-

284 4453 524 4505 Ἕπειτα
543 4451 783 4516 Μωσέως
803 4452 864 4505 τὸ
885 4452 1038 4518 ξύλον
1061 4451 1477 4525 ἐμϐεϐληκότος,
1500 4453 1598 4524 τῆς
1618 4453 1858 4523 ἐμφύτου

1964 4465 2051 4506 ses
2072 4451 2386 4506 immisisset
2414 4451 2643 4520 lignum,
2672 4450 2857 4505 amisit
2879 4465 3020 4519 aqua
3051 4464 3204 4505 suam
3231 4452 3539 4517 naturalem

280 4544 516 4616 πικρίας
560 4543 620 4598 τὸ
649 4543 791 4616 ὕδωρ
843 4544 1231 4615 ἀπηλλάττετο.
1273 4545 1369 4609 Τίς
1412 4540 1506 4599 οὖν
1550 4546 1584 4617 ἡ
1631 4544 1859 4616 Μερῤά;

280 4637 457 4705 Φαίην
488 4635 556 4690 ἃν
592 4636 674 4689 ὅτι
710 4636 771 4689 τὸ
792 4635 1034 4707 Γράμμα
1079 4635 1140 4689 τὸ
1175 4637 1414 4707 νομικόν.
1462 4636 1664 4708 Πικρὸς
1698 4636 1807 4708 γὰρ
1835 4636 1864 4689 ό

282 4725 486 4796 νόμος,
520 4723 676 4797 εἴπερ
711 4724 828 4777 ἐστί⁵
854 4723 1145 4795 κολαστής.
1180 4724 1293 4778 Καὶ
1336 4725 1464 4794 γοῦν
1506 4727 1535 4779 ὁ
1581 4725 1866 4787 θεσπέσιος

280 4817 389 4887 ἔφη
428 4815 672 4878 Παῦλος·
712 4834 731 4867 ι
779 4814 1074 4887 ’Δθετήσας
1105 4832 1190 4880 τις
1227 4815 1389 4886 νόμον
1418 4815 1660 4879 Μωσέως
1697 4814 1865 4887 χωρὶς

281 4905 589 4980 οἰκτιρμῶν
609 4906 701 4959 ἐπὶ
721 4906 872 4961 δυσὶν
898 4906 932 4978 ἢ
957 4907 1131 4979 τρισὶν
1162 4907 1427 4979 μάρτυσιν
1449 4905 1799 4976 ἀποθνήσκει.
1839 4924 1857 4957 ι

294 4996 463 5069 ὀρᾷς
500 4997 585 5050 ὅτι
618 4996 811 5069 πικρὸς
846 4992 915 5069 ἦν
944 4998 1037 5051 καὶ
1067 4996 1344 5061 δύσοιστος
1384 4996 1478 5050 καὶ
1507 4996 1691 5060 αὐτοῖς
1722 4996 1865 5066 τάχα

284 5103 392 5140 που
417 5089 533 5151 τοῖς
562 5086 808 5141 ἐθέλουσι
845 5085 1179 5156 κατορθοῦν;
1211 5085 1321 5139 Καὶ
1343 5084 1472 5154 γοῦν
1503 5085 1554 5138 οἱ
1588 5085 1865 5139 θεσπέσιοι

288 5178 534 5249 μαθηταὶ
574 5180 686 5240 τοῖς
732 5178 870 5249 μετὰ
910 5180 1010 5252 τὴν
1047 5178 1233 5233 πίστιν
1276 5178 1574 5234 ἀνάπτουσί
1607 5194 1759 5241 τινας
1793 5177 1875 5241 είς

285 5270 544 5342 λατρείαν
601 5266 755 5336 αὖθις
800 5272 901 5344 τὴν
950 5271 1202 5344 νομικὴν,
1262 5272 1560 5344 διαρρήδην
1613 5271 1870 5341 ἔφασκον

291 5382 315 5414 ι
352 5363 466 5417 Καὶ
499 5362 594 5415 νῦν
620 5363 671 5416 τί
698 5364 988 5435 πειράζετε
1016 5365 1110 5421 τὸν
1139 5365 1273 5420 Θεὸν
1301 5365 1567 5419 ἐπιθεῖναι
1591 5363 1753 5432 ζυγὸν
1780 5363 1873 5416 ἐπὶ

281 5456 381 5508 τὸν
414 5455 690 5524 τράχηλον
731 5454 843 5508 τῶν
882 5455 1158 5527 μαθητῶν,
1192 5456 1252 5510 ὃν
1284 5455 1409 5510 οὔτε
1449 5457 1644 5527 ἡμεῖς,
1664 5452 1786 5507 οὔτε
1823 5456 1873 5508 oi

282 5545 525 5617 πατέρες
555 5545 711 5617 ἡμῶν
740 5544 1038 5617 ίσχύσαμεν
1057 5546 1352 5618 pandam;
1389 5566 1406 5598 ι
1432 5546 1540 5600 Καὶ
1557 5545 1683 5615 γοῦν
1705 5548 1733 5599 ό
1765 5563 1870 5616 μα-

364 5735 411 5768 ⁸⁶
442 5733 603 5790 Joan.
640 5752 727 5804 vn.
756 5736 842 5791 37.
921 5736 958 5767 “
991 5736 1125 5792 Joan
1182 5753 1252 5803 iv,
1294 5736 1375 5799 l3.
1435 5738 1477 5771 "
1512 5738 1658 5793 llcbr
1716 5757 1770 5813 χ,
1808 5734 1898 5790 ‘28.

1963 4541 2406 4597 amaritudinem.
2426 4540 2683 4607 Quasnam
2704 4547 2880 4595 autem
2898 4547 2982 4594 est
3001 4538 3105 4594 ista
3121 4538 3366 4594 Merrha?
3381 4539 3543 4596 Dixe-

1966 4632 2070 4686 rim
2104 4647 2224 4687 esse
2256 4632 2495 4688 litteram
2523 4631 2773 4703 legalem.
2816 4631 2942 4686 Haec
2965 4631 3115 4686 enim
3154 4630 3353 4686 acerba
3377 4641 3463 4686 est
3486 4639 3544 4686 et

1967 4738 2170 4789 amara,
2199 4730 2389 4795 utpote
2417 4738 2538 4794 quae
2573 4739 2674 4779 nos
2696 4724 2907 4794 puniat.
2938 4723 3078 4778 Hinc
3100 4723 3318 4779 divinus
3341 4724 3546 4779 Paulus

1969 4816 2083 4871 ait:
2117 4835 2135 4868 ι
2165 4817 2864 4888 Transgressus_quispiam
2908 4819 3083 4890 legem
3122 4818 3305 4884 Mosis,
3337 4818 3545 4887 absque

1971 4908 2323 4963 miseratione
2363 4909 2466 4963 sub
2508 4909 2728 4965 duobus
2764 4917 2859 4964 aut
2892 4910 3070 4966 tribus
3115 4909 3345 4993 testibup
3374 4907 3543 4962 mori-

1971 5008 2063 5053 tur
2086 4999 2153 5052 ”.
2187 5018 2203 5050 ι
2232 4999 2467 5056 Videsne
2493 5016 2617 5056 eam
2642 5016 2761 5057 esse
2785 5016 3046 5063 amaram,
3073 5006 3127 5055 et
3155 4998 3428 5054 difficilem
3456 5007 3542 5053 to-

1970 5091 2168 5153 leratu,
2196 5090 2362 5145 etiam
2401 5091 2512 5147 illis
2537 5092 2632 5162 qui
2661 5092 2853 5147 volunt
2879 5107 2999 5145 eam
3028 5104 3154 5144 eum
3183 5089 3388 5144 virtute
3415 5104 3542 5159 per-

1971 5181 2166 5238 licere?
2192 5182 2347 5239 Unde
2371 5192 2428 5240 et
2467 5184 2640 5239 sancti
2669 5183 2921 5254 discipuli
2960 5183 3139 5253 palam
3180 5181 3435 5237 dicebant
3477 5182 3545 5236 iis

1968 5271 2063 5341 qui
2091 5272 2373 5329 nonnullis
2398 5273 2559 5330 ﬁdem
2596 5274 2708 5345 jam
2745 5273 3078 5328 habentibus
3112 5271 3542 5342 persuadebant,

1969 5371 2030 5417 ut
2068 5363 2137 5417 ad
2177 5363 2386 5419 cultum
2427 5365 2563 5438 legis
2594 5364 2877 5421 redirent:
2914 5383 2931 5414 ι
2972 5363 3115 5431 Quid
3159 5364 3410 5427 tentatis,
3458 5363 3544 5417 in-

1968 5455 2239 5527 quientes,
2290 5456 2484 5522 Deum,
2523 5467 2583 5512 ut
2627 5457 2922 5527 imponatis
2948 5458 3136 5527 jugum
3176 5456 3231 5509 in
3271 5455 3541 5511 cervicem

1969 5548 2384 5618 discipulorum,
2418 5549 2562 5619 quod
2601 5565 2779 5620 neque
2808 5566 2926 5615 nos,
2958 5563 3134 5619 neque
3161 5557 3344 5618 patres
3370 5549 3543 5604 nostri
