4024 6198
440 267 546 325 437

1473 264 1530 320 8.
1574 261 1852 321 CYRILLI
1889 257 2358 317 ALEXANDRJNI
2394 257 2714 316 ARCHIEP.

3595 256 3703 313 658

440 377 1040 449 potuerint'portare”.
1066 398 1082 430 ι
1105 376 1248 445 Quin
1267 383 1323 434 et
1345 377 1539 433 beatus
1565 374 1770 431 Paulus
1795 370 2019 428 manda-

2138 367 2313 441 ιιάριος
2347 368 2556 435 nam;
2581 368 2960 441 κατακρίσεως
2984 364 3260 421 διακονίαν
3295 362 3564 418 ἀποκαλεῖ
3605 364 3706 434 τὴν

440 475 557 520 tum
589 466 855 536 sapientis
878 465 1040 521 Hosis
1076 466 1371 537 appellavit
1402 464 1769 521 ministerium
1793 461 2022 516 damna-

442 558 624 612 tionis.
644 556 722 611 ita
743 559 889 612 enim
911 559 1018 613 ait:
1047 579 1065 610 ι
1085 558 1139 613 Si
1168 557 1536 613 ministerium
1554 553 1924 611 damnationis
1940 561 2026 610 est

441 648 499 703 in
521 648 715 719 gloria,
738 658 947 720 quanto
968 650 1140 721 magis
1157 649 1486 705 exuberabit
1510 648 1879 705 ministerium
1935 651 2027 721 ju-

442 740 607 796 stltia:
631 742 683 795 in
707 742 879 813 gloria
896 743 973 796 ὀἳ
1003 761 1021 789 ι
1048 741 1141 797 Ait
1160 742 1305 797 enim
1332 743 1497 798 etiam
1520 742 1684 812 paulo
1704 750 1857 797 ante:
1879 761 1897 793 ι
1915 742 2031 796 Lit-

2123 459 2213 513 διὰ
2231 459 2325 513 τοῦ
2359 461 2634 529 πανσόφου
2660 458 2907 522 Μωσέως
2926 456 3167 526 ἐντολήν.
3198 456 3343 527 Ἔφη
3372 454 3482 526 γὰρ
3506 453 3702 516 οὓτωςο

2133 568 2150 600 ι
2197 550 2260 604 Εί
2288 550 2397 623 γὰρ
2435 552 2468 622 ή
2500 550 2746 605 διακονία
2779 550 2878 618 τῆς
2917 547 3298 615 κατακρίσεως
3340 545 3491 611 δόξα,
3525 545 3708 616 πολλῷ
3774 554 3777 557 ’

2129 640 2329 711 μᾶλλον
2375 640 2687 713 περισσεύει
2732 643 2766 711 ἡ
2810 640 3057 693 διακονία
3100 638 3200 709 τῆς
3255 637 3605 708 δικαιοσύνης
3649 639 3708 690 ἐν

2126 732 2273 806 δόξῃ.
2313 752 2331 785 ι
2360 735 2502 804 Ἔφη
2518 733 2573 786 δὲ
2592 733 2687 788 καὶ
2708 731 2954 803 ὲτέρωθι’
2980 750 2998 783 ι
3023 732 3097 785 Τὸ
3114 730 3351 802 γράμμα
3371 730 3705 794 ἀποκτείνει,

443 842 558 887 tera
584 833 807 900 occidit,
824 835 1052 906 spiritus
1072 844 1258 889 autem
1280 832 1524 889 viviﬁcat
1547 834 1611 889 ⁶¹.
1637 852 1655 884 ι
1676 832 2027 907 Manifestum

2138 819 2187 874 ιδ
2214 822 2270 875 δὲ
2297 820 2513 894 πνεῦμα
2538 821 2812 887 ζωοποιεῖ.
2847 840 2865 873 ι
2897 820 3139 892 Γράμμα
3164 820 3372 890 σαφῶς,
3400 817 3558 891 οἶμαί
3582 838 3708 887 που,

442 932 529 979 est
553 933 737 979 autem
765 926 915 996 quod
950 943 1051 997 per
1074 927 1316 981 litteram
1357 926 1629 997 intelligat
1665 925 1861 996 legem,
1890 926 2033 980 sicut

445 1029 540 1083 per
559 1016 833 1087 spiritum,
853 1018 1159 1090 designavit
1181 1018 1387 1074 cultum
1413 1019 1776 1090 spiritualem,
1798 1019 1906 1074 hoc
1922 1028 2027 1085 est,

445 1108 819 1178 Evangelium.
846 1109 1083 1180 Ideoque
1110 1111 1198 1166 lex
1220 1121 1305 1167 est
1327 1111 1546 1167 acerba.
1574 1111 1713 1166 Nam
1735 1119 1792 1167 et
1813 1110 2030 1167 Merrha

442 1201 736 1271 exponitur
753 1218 957 1274 amara
987 1203 1158 1259 Porro
1208 1204 1357 1274 quod
1405 1203 1696 1274 disciplina
1734 1204 1872 1274 legis
1910 1203 2029 1273 ipsa

442 1305 542 1359 per
569 1291 827 1361 seipsam,
858 1299 1128 1362 quatenus
1171 1292 1228 1347 in
1270 1292 1413 1364 typis
1452 1291 2031 1357 consistit,viviﬁcare

442 1394 717 1455 nequeat,
771 1386 1095 1442 conﬁrmare
1159 1401 1625 1459 supervacaneum
1690 1394 1793 1442 est.
1836 1386 2033 1442 Nullus

443 1476 592 1530 enim
626 1493 726 1546 per
759 1478 933 1548 legem
960 1479 1293 1549 justiﬁeatur
1323 1478 1470 1549 apud
1491 1479 1685 1543 Deum,
1713 1479 1857 1534 sicut
1890 1478 2029 1533 scri-

442 1575 599 1637 ptum
632 1577 736 1624 est.
760 1567 928 1640 284
950 1568 1059 1625 Sed
1082 1569 1229 1639 quod
1252 1570 1369 1639 ipsa
1394 1570 1484 1625 lex
1507 1577 1640 1626 tunc
1659 1567 1926 1624 efﬁciatur
1951 1569 2033 1624 vi-

442 1655 690 1719 viﬁcans,
718 1666 774 1713 et
799 1658 1108 1713 amaritudo
1137 1675 1260 1729 quae
1280 1670 1363 1716 est
1388 1660 1442 1714 in
1472 1659 1676 1723 littera,
1713 1660 1959 1726 tollatur,
1982 1660 2033 1719 si

444 1746 561 1816 ipsa
586 1749 947 1818 spiritualiter
978 1749 1252 1804 intellecta
1278 1750 1572 1820 patefaciat
1594 1749 1798 1807 Christi
1824 1758 2028 1822 myste-

447 1838 590 1892 rium
614 1838 761 1909 (linis
787 1840 936 1895 enim
959 1840 1095 1911 legis
1115 1840 1368 1897 Christus
1387 1851 1496 1907 est,
1541 1843 1597 1897 in
1624 1843 1856 1899 salutem
1881 1843 2033 1898 omni

372 1982 377 1983 ,
450 1929 694 1985 credenti
718 1930 810 2001 "),
832 1932 996 1987 etiam
1014 1932 1067 1987 id
1090 1932 1237 2003 quod
1261 1935 1316 1989 in
1332 1933 1551 1989 Merrha
1574 1934 1781 1997 factum
1803 1941 1906 1997 est,
1922 1948 2035 1988 ma-

451 2020 681 2077 nifestus
722 2030 880 2094 typus
912 2039 1032 2079 esse
1061 2033 1260 2094 potest.
1305 2025 1538 2096 Lignum
1577 2025 1725 2081 enim
1766 2025 2036 2096 signiﬁcat

450 2111 748 2169 Salvatoris
791 2115 962 2170 nostri
1014 2130 1266 2182 crucem,
1316 2126 1412 2172 aut
1462 2117 1638 2187 ipsius
1682 2118 2030 2189 mysterium,

445 2204 595 2272 quod
621 2220 747 2260 cum
782 2206 851 2261 ab
885 2207 995 2262 illis
1037 2208 1132 2279 qui
1170 2209 1274 2265 sub
1314 2211 1437 2281 lege
1483 2220 1635 2276 sunt,
1665 2210 1833 2265 fuerit
1879 2226 2033 2265 rece-

447 2302 622 2364 ptum,
649 2296 813 2352 dulce
846 2299 1014 2354 etiam
1046 2300 1103 2356 id
1144 2300 1292 2371 quod
1330 2311 1414 2357 est
1438 2317 1707 2368 amarum,
1732 2301 2033 2366 invenient,

446 2385 575 2454 quia
610 2385 698 2440 lex
721 2403 830 2441 non
855 2397 1100 2455 accusat,
1139 2405 1241 2444 nec
1281 2390 1440 2460 punit
1466 2405 1562 2445 eos
1594 2390 1689 2460 qui
1721 2389 1956 2445 credunt
1980 2389 2037 2443 in

446 2475 748 2543 Christum,
775 2479 871 2534 sed
895 2480 1085 2550 potius
1115 2497 1211 2537 eos
1245 2481 1508 2547 viviﬁeat,
1544 2481 1806 2536 translata
1836 2488 1983 2535 recte
2006 2496 2037 2535 a

447 2567 609 2623 nobis
634 2562 865 2626 historia
889 2572 958 2627 ad
980 2573 1321 2629 intellectum
1342 2572 1705 2642 spiritualem,
1727 2579 1783 2627 et
1801 2571 2038 2627 ducente

448 2658 517 2712 ad
542 2658 842 2728 Christum,
880 2664 974 2734 qui
1016 2672 1100 2720 est
1127 2665 1239 2721 vita
1267 2673 1323 2720 et
1349 2665 1654 2720 viviﬁcans.
1683 2665 1839 2720 Tune
1867 2665 2036 2730 enim,

446 2754 605 2817 tunc,
626 2754 871 2824 inquam,
887 2756 1053 2810 etiam
1080 2756 1167 2817 lex
1191 2756 1417 2811 deliniet
1441 2756 1602 2811 nobis
1619 2755 2041 2829 justiﬁcationes

449 2856 505 2906 et
529 2847 761 2920 judicia,
787 2855 977 2918 utpote
1006 2863 1128 2918 qua:
1152 2863 1254 2903 nos
1286 2855 1438 2903 recta
1477 2847 1644 2902 ducat
1682 2848 1750 2903 ad
1796 2848 1850 2903 id
1891 2846 2040 2918 quod

416 2964 429 2983 τ
450 2940 562 2997 Deo
584 2940 781 3011 placet,
814 2939 1069 3011 viamque
1107 2939 1176 2995 ad
1222 2954 1384 2996 omne
1425 2940 1574 3010 quod
1615 2940 1855 2996 salutare
1877 2938 2040 2994 nobis

446 3043 553 3099 est,
582 3033 838 3088 ostendat
874 3051 887 3087 :
928 3040 1093 3103 atque
1142 3040 1298 3088 extra
1331 3034 1580 3088 timorem
1625 3047 1910 3101 pmnaeque
1941 3046 2038 3085 ex-
2065 3048 2110 3107 ε

447 3125 844 3194 spectationem
889 3125 961 3178 sit
997 3124 1349 3178 collocatura.
1380 3122 1472 3176 Ait
1511 3122 1661 3175 enim
1693 3139 1705 3173 :
1750 3140 1768 3171 ι
1804 3119 2036 3174 Omnem

447 3216 660 3285 plagam
701 3231 865 3286 quam
908 3214 1098 3268 induxi
1137 3215 1193 3268 in
1221 3212 1525 3283 IEgyptios,
1558 3227 1669 3266 non
1700 3210 1953 3266 inducam
1978 3209 2032 3262 in

449 3321 547 3361 vos
575 3307 641 3359 “.
673 3324 691 3356 ι
721 3305 991 3372 Quocirca
1017 3319 1141 3373 spes
1170 3302 1442 3360 evadendi
1467 3316 1686 3373 poenam
1708 3302 1816 3357 illis
1836 3317 2038 3374 propo-

449 3398 557 3452 sita
583 3404 687 3460 est,
714 3396 808 3465 qui
838 3396 1158 3467 mysterium
1187 3393 1395 3450 Christi
1428 3395 1484 3449 in
1516 3395 1634 3465 lege
1673 3395 2035 3465 comprehen-

448 3507 569 3546 sum
606 3490 907 3560 accipiunt.
954 3490 1132 3559 Atque
1177 3490 1303 3555 hoc,
1339 3488 1604 3554 arbitror,
1645 3495 1749 3553 est,
1792 3487 1938 3561 quod
1980 3496 2038 3542 et

451 3583 568 3652 ipse
617 3581 867 3636 Salvator
907 3580 1047 3635 dixit
1089 3578 1305 3651 populis
1341 3578 1655 3635 Iudaeorum
1691 3577 1748 3632 in
1793 3584 2037 3647 tempore

450 3688 563 3729 suae
606 3672 1069 3744 peregrinationis
1111 3690 1123 3725 :
1162 3660 1196 3723 “‹
1245 3670 1441 3736 Amen,
1487 3685 1644 3725 amen
1679 3668 1805 3724 dico
1844 3667 2033 3733 vobis,

450 3766 597 3837 quod
633 3765 813 3821 omnis
844 3765 938 3836 qui
979 3763 1132 3820 audit
1173 3777 1484 3819 sermonem
1519 3776 1726 3826 meum,
1766 3768 1825 3815 et
1861 3758 2038 3814 credit

454 3860 531 3915 illi
548 3859 643 3931 qui
662 3858 809 3915 misit
826 3874 934 3923 me,
952 3858 1119 3914 habet
1140 3858 1304 3912 vitam
1319 3864 1599 3919 aeternam,
1623 3862 1679 3910 et
1700 3851 2035 3924 injudicium

449 3969 563 4008 non
606 3952 784 4018 venit,
830 3952 925 4008 sed
957 3950 1155 4006 transit
1198 3966 1229 4005 a
1272 3958 1447 4004 morte
1492 3947 1561 4002 ad
1595 3946 1773 4019 vitam,
1808 3944 1874 3997 “.
1923 3962 1939 3995 ι
1970 3944 2038 3998 Ει

455 4061 687 4101 rursus:
724 4064 742 4096 ι
772 4044 876 4111 Qui
901 4045 1076 4100 credit
1111 4044 1167 4098 in
1197 4043 1417 4106 Filium,
1451 4055 1560 4095 non
1598 4038 1876 4110 iudicatur
1905 4038 1971 4090 ⁸⁸.
2011 4055 2029 4089 ι

451 4137 591 4192 Cum
609 4136 778 4207 igitur
799 4136 1169 4204 receperimus
1189 4134 1394 4189 Christi
1416 4131 1857 4203 iustiﬁcationes,
1885 4138 2036 4193 tunc,

454 4234 606 4291 tunc,
638 4224 953 4295 inquam,in
981 4224 1123 4279 Elim
1148 4223 1454 4286 veniemus,
1479 4220 1627 4291 quod
1651 4230 1735 4275 est
1767 4219 2036 4276 ascensio.

452 4319 496 4373 Τ
502 4317 830 4374 ransivimus
856 4318 1005 4374 enim
1034 4332 1101 4373 ex
1124 4315 1298 4372 veteri
1321 4323 1507 4369 nostra
1545 4310 1775 4366 infantia
1801 4311 1857 4363 in
1880 4325 2036 4364 men-

2124 913 2216 967 τδν
2236 914 2418 984 νόμον,
2448 915 2659 987 πνεῦμα
2682 915 2739 969 δὲ
2765 913 2948 978 πάλιν,
2968 913 3069 985 τὴν
3089 915 3145 966 ὲν
3164 912 3433 984 πνεύματι
3454 912 3709 984 λατρείαν

2127 1005 2437 1071 ἀποκαλῶν,
2469 1007 2740 1070 τουτέστι,
2767 1006 2865 1076 τὴν
2886 1004 3270 1074 εύαγγελικήν·
3307 1004 3505 1075 πικρὸς
3546 1004 3657 1074 γὰρ
3681 1006 3709 1058 6

2127 1095 2308 1166 νόμος.
2351 1096 2748 1167 Ἑρμηνεύεται
2774 1096 2829 1150 δὲ
2859 1096 3035 1167 πικρὰ
3065 1094 3160 1148 καὶ
3189 1096 3222 1165 ή
3252 1094 3467 1169 Μερρὰ.
3502 1096 3627 1153 Ὀτι
3654 1095 3712 1148 δὲ

2128 1188 2163 1256 ή
2193 1187 2280 1240 διὰ
2313 1187 2476 1257 νόμου
2517 1188 2798 1252 παίδευσις
2839 1187 2977 1260 αὐτὴ
3018 1187 3140 1241 καθ’
3179 1188 3410 1259 ἑαυτὴν,
3448 1188 3547 1240 καὶ
3589 1188 3711 1240 ὅσον

2126 1274 2260 1350 ἧκεν
2282 1280 2362 1342 είς
2376 1277 2600 1343 τύπους,
2626 1279 2909 1343 ζωοποιεῖν
2935 1280 3032 1348 οὐχ
3054 1279 3140 1332 οἵα
3166 1296 3247 1344 τε,
3272 1280 3334 1332 τὸ
3351 1277 3712 1332 διατείνεσθαι

2129 1368 2401 1440 περιττόν.
2435 1368 2624 1432 Οὐδεὶς
2650 1368 2759 1441 γὰρ
2786 1370 2845 1423 ὲν
2877 1371 3029 1441 νόμῳ
3057 1369 3361 1424 δικαιοῦται
3390 1369 3545 1441 παρὰ
3570 1368 3713 1440 Θεῷ,

2130 1456 2273 1510 κατὰ
2294 1456 2353 1510 τὸ
2381 1456 2784 1528 γεγραμμένον.
2828 1458 2989 1514 Ἀλλὰ
3011 1460 3105 1513 καὶ
3130 1460 3293 1524 αὐτὸς
3321 1459 3476 1513 ἔσται
3495 1459 3565 1531 δὴ
3592 1460 3713 1514 τότε

2131 1570 2399 1634 ζωοποιδς
2446 1572 2476 1624 6
2524 1571 2687 1641 νόμος
2706 1610 2722 1634 ,
2777 1571 3224 1641 ἀπαλλαγήσεται
3270 1574 3367 1625 καὶ
3420 1574 3520 1644 τῆς
3574 1577 3716 1628 κατᾶ

2132 1659 2369 1731 γράμμα
2400 1661 2643 1732 πικρίας,
2671 1663 2720 1715 εί
2742 1661 2954 1729 γένοιτο
2980 1662 3381 1732 παραδεκτικδς
3412 1666 3716 1737 μυστηρίου

2131 1750 2225 1804 τοῦ
2257 1752 2399 1804 κατὰ
2420 1752 2654 1824 Χριστόν
2676 1770 2691 1784 ο
2724 1751 2876 1815 τέλος
2902 1750 3012 1822 γὰρ
3041 1752 3206 1823 νόμου
3241 1755 3473 1825 Χριστὸς
3498 1758 3584 1820 είς
3613 1774 3718 1810 me

2132 1858 2197 1912 τη
2207 1840 2325 1912 ρίαν
2353 1842 2514 1896 παντὶ
2538 1842 2869 1906 πιστεύοντι,
2892 1842 3014 1897 νοού
3024 1860 3182 1912 μενος
3204 1843 3447 1914 δηλονότι
3468 1864 3716 1917 πνευμα-

2132 1930 2319 1994 τικῶς·
2342 1930 2511 1997 τύπος
2538 1932 2583 1986 δ’
2614 1932 2680 1987 ἂν
2702 1934 2786 2005 εἴη
2814 1934 2911 1987 καὶ
2934 1934 3087 1987 τοῦδε
3116 1920 3290 2005 σαφής
3317 1936 3379 1989 τὸ
3403 1938 3497 1990 ἐπὶ
3520 1940 3718 2010 Μερρᾷ

2135 2036 2200 2072 συ
2206 2018 2502 2091 μὸεδηκός.
2513 2020 2676 2091 Δηλοί
2688 2022 2797 2095 γὰρ
2806 2022 2869 2075 τὸ
2884 2021 3060 2088 ξύλον,
3073 2023 3163 2078 τὸν
3175 2024 3268 2078 τοῦ
3280 2026 3534 2098 Σωτῆρος
3554 2044 3718 2082 σταυο

2136 2108 2248 2183 ρὸν,
2270 2109 2389 2181 ἢτοι
2419 2110 2479 2162 τὸ
2503 2110 2590 2164 ἐπ’
2615 2109 2765 2180 αύτῷ
2790 2111 3108 2182 μυστήριονο
3132 2112 3269 2183 ὅπερ
3295 2114 3343 2166 εί
3368 2113 3582 2180 γένοιτο
3605 2118 3717 2177 tot;

2134 2202 2192 2253 ὲν
2220 2200 2369 2271 νόμῳ
2400 2201 2737 2272 παραδεκτὸν
2755 2243 2772 2269 ,
2806 2203 2980 2271 γλυκὺ
3010 2205 3105 2259 καὶ
3136 2205 3195 2258 τὺ
3224 2203 3419 2274 πικρὸν
3452 2206 3711 2275 εὑρήσου-

2138 2307 2251 2345 σιν·
2286 2291 2348 2345 ού
2381 2292 2492 2363 γὰρ
2513 2295 2625 2356 τοῖς
2669 2294 3018 2347 πιστεύουσιν
3047 2295 3127 2359 είς
3154 2294 3417 2366 Χριστὲν,
3450 2296 3715 2365 φιλαίτιος

2134 2380 2197 2434 τέ
2238 2382 2354 2435 ἐστι
2394 2383 2488 2437 καὶ
2523 2383 2794 2456 κολαστὴς
2826 2387 2854 2439 6
2893 2386 3093 2457 νόμος.
3124 2385 3238 2440 ἀλλ’
3272 2386 3371 2458 ήδη
3414 2385 3714 2454 ζωοποιίτς,

2140 2471 2657 2546 μεταπλαττομένης
2694 2470 2753 2529 εὖ
2795 2476 2942 2547 μάλα
2973 2477 3072 2548 τῆς
3105 2476 3346 2547 ἱστορίας
3399 2480 3535 2548 ἡμῖν
3581 2479 3715 2550 πρὸς

2138 2561 2373 2634 θεωρίαν
2407 2566 2812 2637 πνευματικὴν,
2843 2568 2938 2620 καὶ⁸
2967 2566 3312 2639 ποδηγούσης
3337 2569 3431 2622 ἐπὶ
3457 2569 3711 2639 Χριστὸν,

2138 2648 2197 2712 ὃς
2220 2650 2335 2702 ὲστι
2363 2648 2476 2722 ζωὴ
2516 2651 2610 2706 καὶ
2639 2652 2922 2718 ζωοποιός.
2955 2655 3089 2710 Τότε
3119 2656 3249 2729 γὰρ,
3279 2656 3403 2711 τότε
3431 2661 3527 2712 καὶ
3554 2659 3715 2729 νόμος

2139 2741 2271 2810 ήμῖν
2292 2742 2432 2813 ὁριεῖ
2449 2741 2794 2815 δικαιώματά
2815 2763 2876 2800 τε
2894 2747 2989 2801 καὶ
3004 2748 3233 2821 κρίσεις.
3267 2750 3591 2819 Ἀποκομιεῖ
3608 2751 3714 2824 γὰρ

2141 2829 2300 2894 εὐθὺς
2324 2832 2417 2885 ἐπὶ
2443 2832 2507 2885 τὸ
2524 2833 2674 2904 αὐτῷ
2694 2835 2905 2903 δοκοῦν,
2933 2839 3030 2892 καὶ
3057 2838 3153 2909 τὴν
3181 2840 3261 2903 εἰς
3281 2841 3389 2893 πᾶν
3408 2841 3586 2895 ὁτιοῦν
3610 2843 3714 2896 τῶν

2141 2924 2379 2995 ἀρίστων
2405 2926 2711 2992 καταδείξει
2735 2928 2943 3001 τρίϐον,
2978 2930 3084 2995 ἕξει)
3114 2949 3173 2985 τε
3205 2932 3475 3003 δειμάτων
3503 2934 3599 2987 καὶ
3624 2936 3713 2988 τοῦ

2141 3014 2464 3078 κολάζεσθαι
2491 3018 2795 3088 προσδοκᾷν
2822 3012 3073 3087 γενεσθαι
3095 3021 3521 3092 παρασκευάζει.
3554 3042 3573 3073 ι
3603 3023 3717 3076 na-

2145 3121 2243 3157 σαν
2268 3105 2395 3176 γὰρ,
2423 3108 2576 3177 φησὶ,
2605 3106 2819 3178 πληγὴν
2846 3110 2912 3181 ῆν
2935 3110 3212 3181 ἐπήγαγον
3238 3114 3353 3175 τοῖς
3378 3114 3716 3180 Αἰγυπτίοις,

2142 3197 2242 3250 οὐκ
2268 3194 2453 3262 ἐπάξω
2486 3199 2578 3252 ἐπὶ
2605 3198 2687 3252 σέ.
2728 3219 2747 3251 ι
2786 3200 2993 3254 Οὐκοῦν
3028 3203 3139 3265 τοῖς
3170 3203 3227 3256 ἐν
3261 3203 3411 3275 νόμῳ
3440 3204 3598 3259 τοῦτο
3628 3206 3719 3260 λα-

2143 3288 2298 3342 ϐοῦσι
2325 3290 2643 3362 μυστήριον,
2669 3290 2824 3356 ἐλπὶς
2853 3292 3033 3364 ἀγαθὴ
3063 3294 3156 3347 τοῦ
3177 3295 3530 3366 διαϐήσεσθαι
3555 3298 3718 3353 κόλα-

2146 3395 2248 3433 σιν.
2291 3378 2401 3432 Καὶ
2432 3377 2620 3443 τοῦτο,
2653 3375 2837 3450 οἶμαι,
2859 3379 3008 3434 ἐστὶν
3063 3379 3092 3433 ὃ
3124 3382 3219 3434 καὶ
3250 3381 3413 3445 αὐτὸς
3443 3381 3665 3454 εἴρηκεν
3693 3385 3723 3436 6

2144 3468 2332 3541 Σωτὴρ
2363 3472 2474 3533 τοῖς
2513 3471 2780 3525 Ἰουδαίων
2806 3471 2997 3543 δήμοις
3020 3474 3163 3527 κατὰ
3192 3473 3282 3527 τὸν
3311 3474 3410 3545 τῆς
3431 3474 3721 3544 ἐπιδημίας

2144 3560 2332 3632 καιρόν
2353 3576 2367 3590 '
2415 3579 2434 3613 ι
2488 3560 2660 3632 ’Δμὴν
2680 3601 2695 3626 ,
2725 3562 2872 3634 ἀμὴν
2900 3563 3054 3633 λέγω.
3078 3565 3226 3636 ύμῖν,
3266 3565 3348 3619 ὅτι
3386 3567 3414 3619 6
3443 3565 3534 3619 τὸν
3564 3564 3724 3633 λόγον

2148 3668 2248 3722 μου
2295 3650 2545 3719 ἁκούων,
2581 3652 2674 3705 καὶ
2708 3653 2979 3708 πιστεύων
3022 3656 3100 3727 τῷ
3140 3656 3417 3728 πέμψαντί
3467 3674 3568 3727 με,
3608 3657 3727 3728 ἔχει

2145 3744 2289 3814 ζωὴν
2317 3742 2552 3810 αἰώνιον,
2577 3745 2671 3798 καὶ
2689 3747 2768 3810 είς
2788 3749 2968 3818 κρίσιν
3000 3748 3101 3801 οὐκ
3122 3747 3359 3821 ἔρχεται·
3389 3748 3525 3803 ἀλλὰ
3553 3764 3728 3820 μετα-

2145 3833 2376 3905 ϐέδηκεν
2406 3835 2469 3888 ἐκ
2496 3833 2591 3887 τοῦ
2627 3835 2858 3890 θανάτου
2888 3839 2967 3902 είς
2994 3838 3158 3911 ζωήν.
3200 3857 3219 3891 ι
3250 3841 3362 3893 Καὶ
3384 3840 3566 3893 πάλινο
3594 3859 3614 3892 ι
3668 3842 3730 3895 '0

2146 3924 2414 3978 πιστεύων
2447 3925 2527 3987 εἰς
2551 3926 2641 3980 τὸν
2664 3925 2812 3991 Υίὸν,
2841 3928 2901 3981 ού
2927 3929 3192 4000 κρίνεται.
3225 3950 3243 3983 ι
3271 3930 3729 4002 Παραδεξάμενος

2145 4017 2320 4070 τοίνυν
2348 4018 2416 4072 τὰ
2439 4018 2780 4091 δικαιώματα
2806 4019 3045 4094 Χριστοῦ
3066 4061 3081 4083 ,
3105 4021 3221 4074 τότε
3254 4021 3340 4092 δὴ,
3367 4022 3487 4075 τότε
3517 4024 3615 4076 καὶ⁵
3645 4025 3730 4087 είς

2159 4105 2344 4177 Ἐλεὶμ
2375 4106 2607 4178 ἥξομεν·
2637 4110 2667 4163 ὅ
2702 4111 2849 4169 ἐστιν
2869 4150 2884 4174 ,
2918 4110 3200 4174 ἀνάϐασις.
3258 4111 3730 4182 ’Δναόιὸαζὸμεθα

2147 4194 2254 4266 γὰρ
2291 4197 2356 4250 ἐκ
2401 4196 2503 4266 τῆς
2545 4198 2778 4269 ἀρχαίας
2833 4198 2988 4270 ἡμῶν
3035 4200 3359 4270 νηπιότητος
3401 4202 3481 4264 εἰς
3523 4202 3730 4271 ἀρτίως

2147 4289 2375 4361 ἔχουσαν
2402 4290 2593 4363 φρένα,
2615 4293 2709 4346 καὶ
2737 4294 2815 4356 εἰς
2837 4292 3032 4363 μέτρον
3061 4292 3277 4364 ἡλικίας
3304 4293 3399 4347 τοῦ
3424 4292 3731 4366 πληρώμα-

456 4418 565 4467 tem
594 4410 914 4482 perfectam,
938 4421 993 4466 et
1029 4411 1085 4464 in
1123 4421 1437 4464 mensuram
1470 4403 1648 4460 artatis
1681 4399 2036 4472 plenitudinis

2144 4401 2235 4447 τος
2268 4383 2362 4437 τοῦ
2398 4383 2635 4455 Χριστοῦ
2679 4383 3150 4456 καταντήσαντες,
3199 4387 3318 4448 ταῖς
3361 4384 3471 4439 τῶν
3518 4385 3731 4455 νοητῶν

452 4504 652 4560 Christi
680 4504 746 4568 “,
774 4504 868 4558 ubi
895 4501 1204 4558 incidentes
1229 4501 1283 4554 in
1324 4499 1504 4553 fontes
1535 4508 1804 4565 aquarum
1835 4491 2040 4545 intelli-

451 4595 703 4667 gibilium
726 4603 941 4649 nostras
964 4592 1232 4646 habemus
1257 4588 1507 4645 delicias.
1534 4586 1602 4642 Hi
1627 4594 1812 4640 autem
1835 4584 2044 4639 duode—

453 4687 561 4741 cim
585 4686 765 4740 fontes
808 4682 1132 4738 describunt
1156 4680 1318 4736 nobis
1342 4679 1575 4734 chorum
1599 4675 1891 4732 duodecim
1914 4691 2044 4745 apo-

454 4778 744 4841 stolorum,
778 4775 873 4830 ubi
902 4783 959 4829 et
990 4774 1334 4845 septuaginta
1362 4772 1577 4842 stipites
1608 4769 1914 4840 palmarum
1952 4783 2042 4822 re-

453 4869 753 4942 periemus.
799 4867 1077 4937 Scriptum
1116 4874 1201 4921 est
1244 4865 1389 4921 enim
1429 4862 1577 4935 quod
1616 4861 1882 4918 Dominus
1920 4867 2043 4929 post

454 4932 673 5015 sanctos
693 4932 970 5028 apostolos
995 4976 1014 5008 ι
1043 4954 1347 5026 designarit
1379 4932 1517 5009 alios
1545 4951 1890 5023 septuaginta
1920 4950 1986 5003 ⁸⁷.
2019 4968 2035 5001 ι

453 5051 609 5117 Quod
637 5059 821 5107 autem
850 5051 1023 5107 divini
1055 5047 1312 5120 discipuli
1354 5063 1546 5103 revera
1575 5042 1686 5102 sint
1720 5043 1922 5108 fontes,
1949 5042 2046 5112 qui

454 5142 617 5199 nobis
647 5143 896 5199 divinum
937 5152 993 5199 et
1035 5143 1274 5199 salutare
1308 5140 1615 5196 scaturiunt
1643 5138 1872 5193 verbum
1896 5135 2042 5198 vitae,

455 5234 917 5290 demonstraverit
940 5234 1085 5289 Deus
1120 5234 1188 5289 iis
1210 5231 1306 5303 qui
1334 5232 1388 5287 in
1425 5231 1544 5301 lege
1573 5226 1856 5299 iustiﬁcati
1893 5230 2041 5286 sunt,

457 5327 531 5382 ita
555 5327 744 5384 dicens
769 5344 782 5381 :
817 5346 836 5377 ι
866 5325 1091 5382 llauritc
1124 5341 1319 5396 aquam
1343 5338 1470 5379 cum
1492 5320 1681 5377 laetitia
1703 5334 1768 5373 ex
1801 5314 2047 5370 fontibus

457 5419 724 5474 Salutaris
747 5416 813 5472 ⁸⁸.
842 5439 861 5469 ι
886 5418 955 5472 Et
973 5417 1041 5474 de
1063 5417 1260 5488 quovis
1283 5425 1473 5472 sancto
1519 5411 1688 5468 David
1715 5410 1789 5464 ita
1811 5405 2003 5464 scribit
2029 5421 2042 5455 :

530 5619 575 5650 ³⁸
604 5618 722 5671 Aet.
768 5582 871 5680 xv,
923 5583 1005 5672 lli.

460 5690 504 5722 “
528 5687 687 5747 Joan.
715 5703 792 5754 ιιι,
836 5688 916 5740 18.

1110 5620 1154 5649 ⁵⁸
1203 5620 1243 5673 Il
1279 5619 1404 5673 Cor.
1447 5634 1524 5677 ιιι,
1561 5619 1611 5670 9.

1028 5690 1071 5721 ⁸⁵
1100 5688 1301 5757 Ephcs.
1345 5704 1417 5752 iv,
1467 5687 1547 5740 15.
1624 5686 1666 5718 ⁵⁷
1709 5684 1841 5738 Luc.
1874 5698 1924 5747 Χ,
1958 5683 2007 5736 l.

608 5936 653 5966 ο

2144 4473 2349 4528 ὑδάτων
2385 4477 2590 4543 πηγαῖς
2622 4474 3048 4545 ἐντρυφήσομεν.
3095 4475 3430 4529 Δυοκαίδεκα
3471 4474 3530 4528 δὲ
3566 4470 3731 4531 αὗται

2139 4564 2230 4620 τὸν
2262 4564 2371 4618 τῶν
2403 4565 2572 4633 ἁγίων
2599 4565 2914 4619 ἀποστόλων
2935 4568 3069 4636 ἡμῖν
3103 4568 3519 4637 καταγράψουσι
3542 4569 3727 4639 χορόν·

2142 4654 2575 4727 περιτευξόμεθα
2595 4654 2653 4708 δὲ
2673 4655 2766 4710 καὶ
2786 4657 2898 4718 τοῖς
2920 4655 3293 4728 ἑϐδομήκοντα
3312 4657 3594 4727 στελέχεσι
3619 4659 3733 4712 τῶν

2142 4748 2420 4818 φοινίκων.
2439 4746 2756 4819 Γέγραπται
2775 4747 2908 4820 γὰρ,
2941 4748 3023 4801 ὅτι
3057 4748 3195 4818 μετᾶ
3225 4750 3351 4813 τοὺς
3380 4749 3574 4818 ἁγίους
3596 4751 3732 4804 ἁπο-

2142 4839 2360 4902 στόλους
2393 4856 2412 4889 ι
2442 4837 2707 4904 ἀνέδειξεν
2732 4840 2759 4892 6
2788 4837 2992 4912 Κύριος
3022 4837 3244 4909 ἐτέρους
3269 4837 3669 4908 ἐϐδομήκοντα.
3708 4857 3727 4890 ι

2145 4930 2266 4984 Ὅτι
2293 4930 2349 4983 δὲ
2377 4929 2553 5001 πηγαὶ
2573 4927 2714 4983 κατὰ
2745 4928 2803 4982 τδ
2835 4927 3032 4996 ἀληθὲς
3066 4929 3115 4982 oi
3150 4927 3429 4982 θεσπέσιοι
3463 4929 3731 5000 μαθηταὶ,

2140 5026 2232 5080 τὸν
2262 5024 2403 5079 θεῖον
2433 5026 2564 5094 ἡμῖν
2589 5023 2684 5077 καὶ
2718 5021 2982 5105 σωτήριον
3012 5020 3109 5075 καὶ
3137 5020 3434 5105 ἀναγκαῖον
3466 5023 3549 5085 είς
3582 5019 3735 5093 ζωὴν

2142 5114 2505 5186 ἀναϐρύοντες
2527 5114 2705 5181 λόγον,
2738 5104 3111 5181 παραδείξειεν
3143 5110 3208 5163 ἂν
3238 5104 3297 5163 εὖ
3337 5109 3481 5179 μάλα
3522 5115 3641 5175 τοῖς
3673 5115 3736 5165 ὲν

2144 5210 2292 5280 νόμῳ
2315 5205 2755 5276 δεδικαιωμένοις
2783 5205 2812 5256 ὁ
2842 5202 2950 5256 τῶν
2976 5201 3114 5255 ὅλων
3141 5200 3273 5264 Θεὸς
3291 5241 3306 5266 ,
3340 5200 3485 5254 οὕτω
3517 5200 3697 5272 λέγων
3719 5217 3732 5230 ·

2149 5321 2166 5353 ι
2197 5300 2524 5370 Ἀντλήσατε
2540 5297 2685 5370 ὕδωρ
2704 5295 2822 5368 μετ’
2840 5294 3179 5365 εὐφροσύνης
3203 5295 3265 5347 ἐκ
3284 5293 3393 5346 τῶν
3414 5294 3611 5364 πηγῶν
3634 5293 3736 5346 τοῦ

2145 5392 2441 5463 Σωτηρίου.
2464 5409 2482 5442 ι
2527 5389 2710 5457 Ἀγίου
2746 5389 2802 5442 δὲ
2846 5386 2972 5458 πέρι
3011 5386 3212 5449 παντὸς
3242 5388 3270 5438 6
3300 5385 3589 5449 θεσπέσιος
3618 5386 3737 5439 Με-

1691 5617 1731 5646 ⁶¹
1768 5613 1901 5666 ibid.
1944 5614 1995 5666 6.

2167 5610 2326 5662 llum.
2379 5624 2430 5667 κ,
2469 5606 2522 5660 Δ.
2603 5606 2645 5637 ⁸³
2680 5606 2852 5660 Exod.
2910 5623 2998 5670 xv,
3053 5605 3139 5658 26.
3221 5602 3265 5634 ⁸³
3311 5601 3469 5658 Joan.
3522 5615 3575 5665 ν,
3633 5596 3726 5653 24.

2085 5683 2135 5754 9⁸
2167 5681 2270 5735 lsa.
2305 5693 2400 5743 xu,
2428 5678 2481 5732 5.
