4022 6198
314 291 413 348 H9

1337 295 1860 353 GLAPHYRORUM
1895 298 1963 354 ΙΝ
2002 298 2287 357 EXODUM
2321 302 2449 357 LIB.
2493 304 2557 359 l'l.

3469 313 3581 370 450

314 403 495 475 λῳδδς,
521 423 537 454 ι
573 404 809 467 Δίκαιος,
838 408 1021 475 φησὶν,
1049 407 1124 471 ὡς
1151 409 1325 476 φοῖνιξ
1346 409 1589 480 ἀνθήσει.
1630 431 1647 463 ι
1676 412 1787 466 Καὶ
1816 413 1883 485 μή

2001 433 2019 465 ι
2047 414 2236 472 Justus
2258 426 2317 472 ut
2340 418 2520 487 palma
2544 416 2761 472 llorebit
2788 417 2852 469 “.
2885 436 2902 468 ι
2930 417 3095 489 285
3116 419 3303 490 Neque
3323 437 3457 479 vero
3475 423 3581 480 hoc

312 513 388 548 τοι
418 494 725 566 θαυμάσῃς.
773 497 925 550 Ἐπεὶ
955 498 1047 551 καὶ
1084 499 1243 564 αὐτὸς
1283 502 1311 554 ὁ
1339 501 1574 571 Χριστὸς
1606 505 1674 575 τῇ
1716 504 1894 576 τοιᾷδε

284 584 499 655 ὲκλήσει
516 584 949 655 κατονομάζεται
971 588 1123 657 παρά
1140 605 1203 656 γε
1223 591 1290 660 τῇ
1313 588 1658 662 θεοπνεύστῳ
1680 592 1891 662 Γραφῇ.

314 677 455 744 Ἔφη
510 675 620 745 γάρ
655 693 759 727 που
807 676 971 729 πάλιν
1022 679 1054 747 ἡ
1096 678 1261 750 νοητὴ
1306 679 1525 751 νύμφη,
1564 681 1814 734 τουτέστι
1861 681 1894 751 ἡ

321 765 636 839 Ἐκκλησία,
664 768 792 838 περὶ
817 767 908 821 τοῦ
935 767 1140 822 ἀνωθεν
1167 772 1261 823 καὶ
1292 770 1351 836 ἐξ
1370 770 1601 842 οὐρανοῦ
1633 771 1892 841 νυμφίου,

308 860 451 929 φημὶ
475 859 540 931 δὴ
572 860 832 931 Χριστοῦ·
875 879 894 912 ι
936 855 1098 915 Εἶπαν
1143 862 1512 935 Ἀναόἡσομαι
1551 864 1643 916 ἐπὶ
1670 862 1747 934 τῷ
1777 862 1894 931 φοί-
1924 858 1933 869 ’

308 966 452 1003 νικιο
506 953 768 1022 κρατήσω
795 952 904 1004 τῶν
947 952 1097 1023 ὑψῶν
1130 953 1317 1007 αὑτοῦ.
1366 974 1384 1005 ι
1443 954 1554 1008 Ἀεὶ
1590 954 1701 1026 γάρ
1748 956 1895 1007 ἐστιν

310 1038 537 1102 εύθαλὲς
566 1039 628 1091 τὸ
656 1039 821 1108 φυτὸν
844 1080 858 1103 ,
890 1038 1061 1108 γλυκύ
1096 1057 1156 1092 τε
1183 1041 1276 1094 καὶ
1308 1039 1521 1113 εῦριζον
1539 1083 1555 1107 ,
1587 1042 1681 1094 καὶ
1708 1038 1895 1093 λελευ·

313 1128 594 1198 κασμένην
645 1128 767 1199 ἔχον
819 1130 918 1201 τὴν
966 1131 1215 1202 καρδίαν.
1268 1131 1638 1202 Τοιουτοειδὴς
1682 1129 1735 1183 δέ
1779 1128 1896 1194 πώς

311 1222 456 1272 ἐστιν
492 1223 521 1273 ό
552 1220 785 1291 Χριστὸς
814 1222 1047 1292 νοητῶς,
1078 1223 1144 1274 δι’
1175 1217 1236 1276 οὗ
1281 1222 1377 1275 κα)⁵
1414 1221 1532 1293 μεθ’
1567 1217 1628 1277 οὗ
1657 1220 1734 1293 τῷ
1776 1221 1895 1293 Θεῷ

309 1312 404 1364 καὶ
430 1312 607 1384 Πατρὶ
636 1313 668 1382 ἡ
701 1310 848 1377 δόξα,
882 1313 979 1366 σὺν
1004 1312 1147 1384 ἁγίῳ
1180 1312 1460 1385 Πνεύματι
1496 1316 1577 1378 εἰς
1609 1315 1736 1378 τοὺς
1765 1313 1896 1367 αίῶο

310 1419 404 1465 νας
428 1403 538 1456 τῶν
569 1402 801 1458 αἰώνων.
840 1405 1035 1475 ’Δμήν.

442 1537 585 1606 Περὶ
613 1538 721 1592 τοῦ
748 1538 949 1608 μάννα
967 1578 984 1604 ,
1012 1538 1112 1592 καὶ
1142 1537 1250 1607 τῆς
1280 1539 1743 1610 ὀρτυγομήτρας.

367 1649 440 1703 α’.
460 1648 572 1702 Θαυ
581 1653 881 1722 ματουργεί
896 1650 951 1703 δὲ
970 1651 1131 1705 πάλιν
1147 1654 1174 1705 ό
1193 1652 1301 1705 τῶν
1320 1652 1459 1706 ὅλων
1480 1653 1633 1718 Θεὸς,
1652 1655 1746 1707 καὶ
1763 1671 1891 1725 μετ-

1998 505 2217 562 mireris
2236 548 2250 573 ,
2282 508 2553 580 siquidem
2580 519 2637 564 et
2671 510 2786 580 ipse
2811 508 3062 565 Christus
3087 512 3144 565 in
3171 512 3339 568 sacris
3360 513 3585 572 Litteris
3622 532 3635 541 ί

1998 596 2102 652 hoc
2124 599 2346 654 nomine
2370 601 2698 670 appellatur.
2725 600 2813 655 Ait
2835 602 2983 656 enim
3006 603 3138 658 alibi
3163 618 3362 674 sponsa
3385 604 3584 661 intelli-

1995 689 2198 760 gibilis,
2217 691 2321 746 hoc
2332 700 2418 746 est
2433 693 2695 758 Ecclesia,
2711 694 2779 749 de
2796 710 3034 765 superno
3051 711 3114 750 ac
3129 695 3337 750 caelesti
3359 712 3583 766 sponso,

1995 779 2219 837 Christo
2238 784 2500 839 nimirum
2529 801 2543 838 :
2577 805 2594 837 ι
2625 786 2766 851 Dixi,
2795 786 3099 842 Asceudam
3126 788 3181 842 in
3205 788 3464 857 palmam,
3487 790 3583 843 oho

1998 873 2184 929 tinebo
2215 875 2536 931 altitudines
2565 877 2685 947 ejus
2713 878 2779 930 "’.
2812 896 2830 928 ι
2863 876 3091 947 Semper
3112 878 3258 932 enim
3285 878 3445 934 ﬂoret
3467 880 3585 934 haec

1995 964 2180 1031 arbor,
2202 973 2394 1036 estque
2418 966 2595 1023 dulcis
2618 977 2674 1022 et
2699 968 2840 1023 bene
2866 968 3129 1033 radicata,
3152 986 3273 1039 quae
3294 982 3350 1025 et
3370 986 3465 1026 cor
3489 971 3584 1026 ha-

1994 1055 2090 1110 bet
2112 1058 2463 1113 candescens.
2492 1059 2639 1114 Talis
2654 1068 2837 1115 autem
2859 1068 2945 1116 est
2965 1060 3217 1116 Christus
3237 1061 3579 1132 spiritaliter,

1994 1164 2096 1220 per
2120 1166 2283 1221 quem
2303 1160 2503 1208 etcum
2526 1168 2636 1222 quo
2658 1154 2771 1208 Deo
2790 1154 2939 1210 Patri
2961 1154 3034 1209 sit
3052 1154 3223 1227 gloria
3244 1171 3368 1210 eum
3391 1165 3582 1210 sancto

1997 1238 2230 1311 Spiritu,
2261 1242 2315 1298 in
2345 1244 2544 1299 saecula
2566 1251 2791 1299 aeterna.
2820 1244 3015 1300 Amen.

2427 1541 2508 1597 De
2536 1561 2736 1600 manna
2774 1555 2823 1600 et
2854 1548 3135 1602 coturnice.

2066 1650 2119 1705 1.
2174 1652 2304 1707 Edit
2344 1668 2564 1710 rursum
2608 1658 2873 1714 miracula
2913 1661 3081 1716 totius
3120 1661 3360 1717 universi
3407 1662 3573 1730 Deus,

305 1739 415 1811 ιησι
450 1741 548 1811 μὲν
571 1741 635 1793 ὲκ
661 1741 946 1811 δυνάμεως
1009 1744 1090 1806 εἰς
1129 1741 1382 1814 δύναμιν,
1403 1743 1545 1798 κατὰ
1566 1744 1627 1798 τὸ
1650 1762 1883 1818 γεγραμ-

1993 1743 2300 1815 transitque
2345 1745 2414 1800 de
2456 1746 2661 1801 virtute
2701 1748 2754 1801 in
2807 1749 3089 1814 virtutem,
3129 1751 3272 1805 sicut
3306 1754 3573 1825 scriptum

306 1834 493 1904 μένον·
528 1834 644 1896 τοῖς
671 1832 725 1886 δὲ
746 1833 1052 1904 ἀμηχάνοις
1093 1834 1339 1906 εὑρίσκει
1372 1836 1591 1906 πόρους,
1621 1836 1723 1907 τῆς
1754 1839 1883 1891 ἑαυ-

300 1922 394 1975 τοῦ
415 1922 578 1993 δόξης
604 1921 918 1993 ἁπανταχοῦ
945 1923 1211 1994 προνοῶν,
1242 1924 1338 1977 καὶ
1369 1924 1726 1995 πολυτρόπως
1754 1926 1889 1980 ἁπο-

300 2012 511 2077 δεικνῦς
530 2054 546 2079 ,
574 2014 655 2067 ὅτι
697 2014 761 2083 δὴ
815 2013 962 2086 μόνῳ
992 2014 1243 2085 μέτεστιν
1268 2013 1418 2085 αὐτῷ
1442 2015 1503 2068 τὸ
1531 2017 1770 2087 ἀμογητὶ
1798 2016 1888 2071 δύ-

298 2105 492 2158 νασθαι
544 2104 843 2175 κατορθοῦν
889 2106 984 2159 καὶ
1024 2104 1095 2158 τὰ
1139 2104 1283 2177 πέρα
1331 2105 1522 2175 λόγου,
1566 2107 1662 2161 καὶ
1693 2102 1774 2171 οἷς
1819 2107 1885 2162 ἂν

299 2195 528 2259 εἰκότως
556 2197 741 2249 ἕποιτο
768 2197 907 2268 πρὸς
933 2197 1093 2268 ἡμῶν
1121 2196 1183 2250 τὸ
1205 2196 1726 2271 καταθαυμάζεσθαι
1753 2198 1883 2262 δεῖν,

299 2287 384 2341 ἵνα
425 2288 517 2341 διὰ
569 2289 789 2342 πάντων
828 2288 1003 2359 ὁρῷτο
1045 2289 1212 2355 Θεὸς,
1257 2290 1318 2343 ού
1363 2289 1483 2344 καθ’
1528 2290 1625 2344 ἕνα
1666 2290 1776 2344 τῶν
1820 2292 1885 2345 ἐκ

297 2380 491 2450 τέχνης
522 2379 824 2448 ἀνθρώπων
845 2419 859 2439 .
888 2380 1055 2451 ἤγουν
1084 2380 1315 2445 ἀνοσίως
1339 2379 1506 2452 ὲξῃρη
1516 2381 1721 2451 μένων,
1748 2381 1884 2436 ἀλλά

297 2471 456 2540 φύσει
487 2489 548 2524 τε
579 2472 672 2525 καὶ
702 2470 938 2542 ἀληθῶς.
995 2471 1129 2524 Ἀπὸ
1152 2471 1261 2543 γὰρ
1295 2471 1405 2525 τῶν
1433 2470 1657 2537 ἐνδόξως
1682 2473 1873 2526 ἀποτε-

296 2562 573 2633 λουμένων
605 2562 968 2633 καταθρήσειέ
996 2579 1081 2626 τις
1116 2561 1184 2616 ἂν
1220 2562 1316 2615 καὶ
1349 2562 1747 2632 ἀταλαιπώρως
1791 2578 1881 2615 κο-

301 2655 424 2727 μιδῇ
466 2654 565 2726 τὴν
598 2656 874 2726 ἀκήρατον
904 2654 1096 2724 φύσιν·
1201 2654 1466 2723 πρόσεστι
1502 2654 1603 2721 μὲν
1632 2654 1707 2716 ὡς
1751 2652 1881 2706 ῐδιον

296 2747 517 2815 ἀγαθὸν,
540 2747 602 2800 τὸ
629 2745 906 2810 πάναλκές
928 2762 989 2799 τε
1022 2745 1117 2799 καὶ
1144 2746 1358 2815 ἄμαχον
1403 2745 1539 2816 πρὸς
1569 2745 1679 2797 πᾶν
1703 2742 1880 2797 ὁτιοῦν

295 2831 368 2892 ὧν
399 2838 469 2891 ἂν
498 2838 671 2892 ἕλοιτο
708 2838 861 2909 δρᾷν.
908 2838 1179 2908 Πρόσεστι
1220 2835 1277 2891 δὲ
1308 2836 1403 2890 καὶ
1438 2835 1576 2906 μετά
1603 2834 1791 2888 τούτου
1821 2834 1881 2888 τὸ

295 2929 636 2994 ἀνεξίκακον.
671 2930 803 2984 Ἴδοι
828 2930 874 2982 δ’
899 2929 967 2984 ἂν
993 2931 1022 2984 ὅ
1045 2946 1222 3000 φημι,
1252 2928 1347 2982 καὶ
1381 2928 1524 2999 μάλα
1554 2928 1760 2995 σαφῶς,
1784 2926 1881 2980 καὶ

295 3022 350 3073 έν
382 3022 496 3082 τοῖς
539 3018 742 3091 ἀρτίως
787 3020 919 3091 ἡμῖν
966 3019 1369 3092 προκειμένοις.
1400 3018 1710 3090 Γέγραπται
1747 3017 1876 3089 γὰρ,

1987 1841 2073 1889 est
2137 1853 2150 1888 :
2210 1835 2529 1907 exitumque
2600 1839 2807 1909 reperit
2870 1841 3326 1911 impossibilibus,
3367 1846 3574 1916 ubique

1986 1940 2101 1980 suae
2129 1925 2315 1996 gloria
2366 1927 2681 1997 providens,
2710 1939 2876 2000 atque
2900 1931 3256 1987 multifariam
3279 1935 3577 1990 ostendens

1985 2017 2167 2087 ipsum
2199 2019 2376 2074 solum
2397 2035 2558 2090 posse
2581 2021 2714 2077 citra
2739 2024 2912 2077 ullum
2938 2025 3180 2081 laborem
3210 2035 3470 2097 praestare
3507 2043 3573 2083 ea
3680 2078 3687 2085 .

1985 2122 2108 2177 quas
2128 2109 2397 2163 rationem
2423 2119 2704 2180 superant,
2740 2117 3189 2183 qumque-merito
3212 2117 3574 2182 admiramur,

1985 2204 2048 2250 ut
2088 2197 2171 2252 sic
2224 2213 2324 2268 per
2361 2200 2546 2253 omnia
2590 2209 2956 2271 cognoscatur
2983 2204 3149 2269 Deus,
3188 2222 3298 2261 non
3329 2216 3389 2262 ut
3418 2209 3571 2278 quis-

1984 2287 2130 2357 piam
2152 2303 2221 2342 οι
2245 2289 2563 2344 artificiosis
2591 2290 2911 2348 hominibus
2939 2303 3033 2349 aut
3057 2296 3149 2365 qui
3175 2296 3340 2368 impie
3363 2298 3569 2369 aliquid

1984 2377 2337 2445 invenerunt,
2357 2378 2453 2434 sed
2472 2394 2601 2434 vere
2633 2395 2697 2435 ac
2718 2383 3065 2439 naturaliter.
3100 2386 3235 2440 Nam
3261 2401 3328 2441 ex
3352 2388 3420 2442 iis
3451 2403 3573 2459 qua:

1982 2469 2219 2539 gloriose
2263 2478 2504 2540 praestat,
2556 2469 2816 2528 facillime
2858 2474 2985 2543 quis
3025 2476 3357 2532 intellexerit
3388 2478 3570 2549 perfe-

1982 2560 2281 2616 ctissimam
2334 2561 2506 2631 ipsius
2555 2573 2855 2634 naturam;
2902 2568 2991 2622 cui
3032 2568 3176 2624 inest
3205 2571 3426 2641 quidem
3451 2579 3574 2626 tan-

1982 2665 2145 2719 quam
2176 2653 2463 2721 proprium
2498 2653 2726 2721 bonum,
2769 2659 3189 2728 omnipotentia,
3222 2668 3278 2715 et
3302 2660 3569 2717 invictum

1981 2740 2154 2793 robur
2197 2742 2266 2796 ad
2307 2743 2679 2816 quodcunque
2732 2748 2974 2804 voluerit
3014 2750 3355 2819 faciendum.
3399 2751 3571 2809 Adest

1980 2830 2147 2885 etiam
2184 2830 2409 2902 insuper
2446 2834 2499 2888 ei
2544 2835 2944 2907 longanimitas.
2976 2839 3174 2896 Videas
3210 2849 3392 2896 autem
3421 2844 3570 2914 quod

1981 2921 2127 2987 dico,
2162 2929 2220 2977 et
2239 2923 2461 2992 quidem
2484 2927 2774 2982 manifeste
2794 2928 3112 2995 admodum,
3140 2931 3196 2986 in
3220 2932 3287 2986 iis
3313 2949 3434 3003 quae
3457 2950 3591 3005 prae;

1982 3012 2240 3068 manibus
2287 3014 2573 3071 habemus.
2621 3016 2900 3088 Scriptum
2942 3028 3026 3076 est
3060 3021 3253 3077 enim:
3292 3042 3311 3077 ι
3334 3002 3596 3081 Ὀροίτου.

294 3113 375 3165 ὅτι
401 3129 422 3164 ι
454 3111 534 3182 Τῇ
561 3111 1021 3182 πεντεκαιδεκάτῃ
1043 3111 1249 3182 ἡμέρᾳ,
1272 3109 1351 3179 τῷ
1374 3109 1505 3181 μηνὶ⁵
1524 3108 1602 3180 τῷ
1620 3108 1877 3180 δευτέρῳ,

1982 3101 2177 3170 quinto
2207 3102 2297 3157 die
2324 3105 2530 3160 mensis
2559 3107 2809 3174 secundi,
2845 3123 2971 3164 eum
2999 3110 3101 3180 ipsi
3133 3128 3202 3167 ex
3225 3112 3456 3186 Egypto
3484 3132 3570 3172 es-

293 3204 694 3276 ὲξεληλυθότων
738 3205 918 3260 αὐτῶν
958 3207 1022 3259 ὲκ
1063 3205 1170 3276 γῆς
1209 3205 1521 3273 Αἰγύπτου,
1563 3202 1879 3273 διεγόγγυςε

293 3299 445 3353 πᾶσα
495 3299 788 3368 συναγωγὴ
844 3298 975 3352 υἱῶν
1031 3296 1246 3369 Ἰσραὴλ
1286 3296 1379 3350 ἐπί
1427 3312 1487 3349 τε
1556 3295 1731 3366 Μωσῆ
1787 3296 1881 3349 καὶ⁵

307 3388 554 3461 Ἀαρὼν,
602 3390 698 3444 καὶ
746 3386 896 3443 εἶπον
944 3389 1081 3461 πρὸς
1123 3388 1321 3450 αὐτοὺς
1365 3386 1415 3440 οἱ
1460 3388 1567 3440 υίοὶ
1629 3385 1873 3457 Ἰσραήλ·

297 3482 530 3563 Ὀερελον
571 3482 915 3552 ἀπεθάνομεν
956 3481 1257 3551 πληγέντες
1309 3478 1414 3534 ὑπὸ
1454 3478 1661 3550 Κυρίου
1705 3479 1762 3531 ὲν
1807 3480 1877 3549 γῇ

293 3571 596 3639 Αἰγύπτου,
641 3571 769 3625 ὃταν
800 3569 1136 3640 ὲκαθίσαμεν
1188 3568 1282 3621 ἐπὶ
1329 3567 1437 3621 τῶν
1479 3566 1725 3638 λεϐήτων
1770 3565 1879 3618 τῶν

293 3665 492 3736 κρεῶν,
531 3663 627 3717 καὶ
678 3658 940 3733 ἡσθιομεν
990 3660 1190 3732 ἄρτους
1231 3661 1312 3723 είς
1357 3658 1706 3730 πλησμονὴνε
1756 3659 1877 3713 Ὀτι

293 3756 596 3826 ὲξηγάγετε
619 3756 770 3827 ἡμᾶς
796 3754 875 3817 εἰς
906 3751 1002 3822 τὴν
1030 3751 1235 3823 ἔρημον
1276 3751 1482 3822 ταύτην
1500 3790 1514 3813 ,
1559 3751 1879 3805 ἀποκτεῖναι

295 3850 477 3902 πᾶσαν
502 3848 605 3917 τὴν
631 3845 956 3914 συναγωγὴν
991 3844 1198 3913 ταύτην
1225 3845 1282 3897 ὲν
1307 3842 1486 3913 λιμῷ;
1515 3838 1649 3897 Εἷπε
1678 3843 1733 3896 δὲ
1768 3841 1877 3896 Κύ-

299 3951 409 4005 ριος
441 3934 579 4005 πρὸς
605 3934 842 4004 Μωσῆν·
888 3932 1019 3986 Ἰδοὺ
1060 3930 1172 4000 ἐγὼ
1201 3932 1281 3985 lim
1306 3931 1433 4003 ὑμῖν
1462 3932 1663 4004 ἄρτους
1689 3934 1753 3985 ὲκ
1785 3930 1877 3985 τοῦ

295 4024 527 4097 ούρανοῦ
547 4065 564 4091 ,
593 4025 688 4078 καὶ
714 4022 1055 4090 ἐξελεύσεται
1093 4024 1123 4077 ό
1152 4022 1312 4087 λαὸς,
1346 4023 1442 4077 καὶ
1475 4022 1786 4089 συλλέξουσι
1817 4020 1878 4074 τὸ

294 4115 395 4186 τῆς
435 4114 651 4187 ἡμέρας
689 4116 769 4178 είς
807 4113 1051 4186 ἡμέραν,
1095 4114 1245 4178 ὅπως
1291 4114 1538 4185 πειράσω
1587 4112 1787 4175 αὐτοὺς
1829 4112 1877 4164 εἰ

294 4209 657 4281 πορεύσονται
687 4208 744 4260 ὲν
771 4207 848 4278 τῷ
890 4208 1040 4277 νόμῳ
1072 4223 1195 4277 μου.
1241 4206 1352 4263 Καὶ
1399 4206 1551 4260 ἔσται
1599 4207 1661 4277 τῇ
1696 4204 1879 4276 ἡμέρᾳ

292 4303 358 4372 τῇ
417 4300 590 4374 ἕκτῃ,
636 4300 731 4354 καὶ
776 4299 1123 4369 ἑτοιμάσουσι
1167 4296 1194 4350 δ
1227 4297 1294 4351 ἂν
1340 4297 1733 4364 είσενέγκωσι,
1784 4296 1877 4349 καὶ

291 4389 447 4443 ἔσται
490 4388 711 4443 διπλοῦν
739 4388 769 4441 ὃ
810 4387 880 4443 ἂν
929 4386 1275 4457 συναγάγωσι
1307 4386 1369 4439 τὸ
1398 4385 1519 4440 καθ’
1549 4385 1761 4457 ἡμέραν
1798 4387 1877 4448 είς

1982 3199 2105 3246 sent
2147 3193 2375 3262 egressi,
2420 3196 2787 3253 murmuravit
2838 3201 3017 3256 omnis
3046 3204 3395 3274 congregatio
3426 3204 3568 3261 ﬁlio-

1982 3297 2103 3337 rum
2148 3283 2310 3338 Israel
2350 3292 2542 3340 contra
2581 3286 2767 3343 Mosen
2801 3297 2858 3344 et
2901 3291 3101 3358 Aaron,
3136 3301 3192 3348 et
3214 3294 3470 3352 dixerunt
3498 3298 3568 3353 ad

1980 3387 2077 3428 eos
2124 3374 2220 3428 lilii
2267 3375 2435 3430 Israel
2468 3394 2481 3429 :
2515 3376 2736 3433 Utinam
2764 3382 2968 3435 mortui
2992 3397 3237 3441 essemus
3263 3388 3508 3456 percussi
3536 3405 3566 3443 a

1981 3464 2217 3522 Domino
2233 3465 2291 3519 in
2315 3473 2461 3521 terra
2479 3466 2718 3539 (Egypti,
2741 3472 2963 3541 quando
2987 3474 3314 3532 sedebamus
3344 3478 3410 3533 ad
3435 3479 3569 3534 ollas

1979 3558 2252 3621 carnium,
2281 3567 2339 3613 et
2382 3560 2811 3617 comedehamus
2854 3580 3049 3634 panem
3098 3566 3167 3621 ad
3217 3570 3562 3626 satietatem!

1980 3650 2091 3706 Cur
2118 3650 2416 3708 induxistis
2448 3669 2552 3709 nos
2591 3655 2646 3709 in
2686 3655 2969 3711 desertum
2995 3658 3118 3726 hoc,
3152 3666 3215 3714 ut
3242 3661 3568 3719 occideretis

1980 3759 2198 3799 omnem
2249 3746 2729 3816 congregationem
2786 3746 2928 3802 hanc
2969 3747 3327 3805 fame?Dixit
3380 3762 3566 3808 autem

1979 3835 2245 3890 Dominus
2281 3836 2350 3889 ad
2391 3834 2575 3891 Mosen
2602 3854 2614 3889 :
2648 3836 2787 3891 Ecce
2806 3852 2908 3907 ego
2940 3837 3123 3907 pinam
3144 3840 3303 3894 vobis
3330 3856 3498 3910 panes
3533 3860 3566 3899 e

1980 3926 2139 3991 caelo,
2169 3933 2224 3980 et
2252 3925 2568 3996 egredietur
2593 3928 2849 3995 populus,
2873 3936 2930 3982 et
2960 3927 3215 3999 colligent
3238 3931 3385 3999 quod
3420 3933 3566 3987 sutil-

1980 4016 2057 4071 cit
2098 4016 2153 4069 in
2178 4016 2299 4070 dies
2327 4016 2573 4085 singulos
2602 4034 2617 4067 :
2650 4023 2708 4070 ut
2744 4024 2948 4075 tentem
2982 4033 3097 4082 eos,
3131 4020 3176 4073 si
3204 4022 3565 4079 ambulabunt

1980 4106 2037 4160 in
2057 4107 2177 4177 lege
2200 4123 2341 4161 mea.
2375 4107 2445 4165 Et
2469 4107 2578 4162 erit
2599 4107 2690 4162 die
2721 4115 2892 4173 sexta,
2914 4117 2970 4164 et
2998 4114 3385 4182 praeparabunt
3418 4119 3563 4187 quod

1979 4197 2257 4262 inferant;
2291 4198 2457 4269 286
2496 4205 2553 4253 et
2582 4198 2693 4253 erit
2729 4198 2955 4269 duplum
2985 4202 3105 4273 eius
3125 4203 3272 4274 quod
3308 4206 3564 4279 colligere

1977 4290 2229 4346 solebant
2269 4306 2367 4361 per
2384 4290 2503 4346 dies
2524 4290 2769 4362 singulos
2788 4292 2854 4345 ".
2885 4311 2903 4344 ι
2945 4292 3310 4366 Primogenita
3340 4298 3562 4368 quidem

1979 4380 2383 4454 Egyptiorum,
2411 4390 2470 4436 ut
2490 4383 2600 4453 jam
2630 4382 2889 4447 diximus,
2919 4384 3243 4453 perierunt;
3276 4388 3373 4442 sed
3393 4390 3565 4447 Israe-

292 4481 527 4550 ἡμέραν.
565 4497 585 4530 ι
615 4479 696 4531 Tit
726 4478 825 4547 μὲν
853 4476 963 4546 γὰρ
985 4477 1091 4529 τῶν
1117 4474 1462 4543 Αἰγυπτίων,
1495 4473 1751 4543 καθάπερ
1776 4473 1873 4544 ἤδη

1982 4474 2092 4529 litae
2124 4474 2262 4529 adeo
2288 4489 2522 4544 propere
2551 4474 2992 4539 dimittebantur,
3028 4484 3088 4529 ut
3115 4491 3186 4531 ne
3216 4478 3417 4534 viatico
3434 4483 3561 4551 qui-

293 4570 674 4641 προείπαμεν,
710 4567 996 4623 διολώλασι
1031 4566 1376 4637 πρωτότοκα·
1411 4565 1785 4636 ἐξεπέμποντο
1819 4563 1875 4617 δὲ

290 4664 390 4734 τῆς
415 4662 603 4733 χώρας
640 4663 691 4715 οἱ
719 4659 1032 4732 ὲξΊσραὴλ,
1068 4658 1211 4722 οὐδὲ,
1249 4658 1374 4712 ὅσον
1409 4659 1605 4723 εἰπεῖν,
1645 4654 1877 4710 ἐπισιτί-

293 4754 490 4807 σασθαι
522 4752 986 4823 συγχωρούμενα.
1018 4750 1092 4804 Τὸ
1119 4751 1229 4823 γὰρ
1256 4751 1406 4814 σταῖς
1444 4749 1624 4803 αὐτῶν
1657 4747 1877 4819 ἐξήνεγ-

291 4856 393 4892 καν
412 4841 522 4912 πρὸ
541 4842 639 4896 τοῦ
668 4843 987 4916 ζυμωθῆναι
1015 4844 1085 4898 τὰ
1109 4844 1408 4917 φυράματα
1436 4843 1611 4896 αὐτῶν
1629 4843 1726 4911 (ll.
1745 4842 1865 4911 Ἐφ-

291 4931 635 5003 οδιασάμενοι
657 4934 715 4988 δὲ
746 4938 858 4999 τοῖς
886 4936 1290 5007 παρατυχοῦσιν
1309 4933 1514 4998 ἁπλῶς,
1542 4932 1769 5003 ἐξῄεσαν
1808 4934 1865 4986 ἐν

293 5024 498 5095 σπουδῇ
518 5063 537 5089 ,
565 5023 660 5077 καὶ
692 5023 751 5076 ὲν
780 5024 880 5094 τσῳ
921 5022 985 5076 τὸ
1014 5022 1175 5094 δεῖμα
1199 5025 1313 5087 τοῖς
1362 5019 1651 5076 διώκουσιν
1703 5021 1869 5090 Δίγυ-

289 5117 469 5181 πτίοις
507 5117 604 5171 καὶ
644 5119 757 5181 τοῖς
781 5116 881 5188 τὴν
912 5116 1096 5181 δίωξιν
1139 5115 1517 5187 ὑπομένουσιν.
1542 5114 1606 5167 Οἱ
1640 5112 1740 5183 μὲν
1768 5113 1876 5183 γὰρ

288 5211 399 5271 τοῖς
416 5207 519 5278 ἡδη
548 5206 775 5261 δλωλόσι
817 5206 1370 5281 προοτεθήίσὴεσθαι
1396 5205 1754 5278 προσεδόκουν
1776 5204 1876 5257 οὐκ

287 5300 366 5363 εἰς
393 5300 702 5371 μακρὰν,εἰ
722 5298 798 5370 μὴ
830 5301 943 5363 τοῖς
960 5298 1124 5362 θείοις
1140 5298 1381 5361 εῐκοντες
1404 5297 1667 5367 νεύμασιν
1692 5294 1876 5361 ἐξελά-

291 5405 442 5445 σαιεν
456 5390 556 5460 τῆς
582 5387 767 5461 χώρας
794 5388 886 5443 τὸν
924 5388 1172 5460 Ἰσραήλ·
1205 5389 1256 5442 οἱ
1283 5388 1364 5453 δὲ,
1401 5388 1452 5441 ει
1479 5386 1875 5458 καταληφθεῖεν

289 5484 576 5557 μέλλοντες
603 5483 703 5537 καὶ
728 5482 1091 5552 ἀπολυόμενοι
1115 5484 1217 5553 τὴν
1250 5482 1583 5554 ἀναδρομὴν,
1611 5481 1780 5553 ᾤοντο
1802 5481 1867 5552 δὴ

288 5576 509 5639 πάντως
534 5575 661 5639 τοὺς
688 5574 774 5628 έπ*
801 5575 982 5638 αὐτοῖς
1011 5576 1125 5639 τοῖς
1158 5574 1406 5646 ἐσχάτοις
1446 5572 1666 5642 ἀγῶνας
1685 5573 1867 5643 elabi)-

363 5688 574 5745 "Psal.
609 5705 718 5756 xei,
752 5689 841 5745 13.
917 5690 964 5723 ’⁸
987 5689 1142 5746 Cant.
1173 5705 1266 5755 vn,
1293 5688 1346 5743 8.
1423 5688 1468 5721 "
1496 5686 1663 5743 Exod.
1688 5702 1801 5755 xvi,
1829 5685 1944 5740 1-5.

1974 4566 2101 4621 dem
2135 4580 2195 4621 se
2229 4566 2502 4620 instruere
2535 4575 2778 4636 possent.
2809 4564 3061 4619 Farinam
3097 4566 3246 4622 enim
3276 4583 3430 4625 suam
3462 4589 3560 4628 ex-

1976 4658 2246 4721 tulerunt,
2285 4664 2577 4727 antequam
2617 4672 2808 4721 massae
2827 4665 3014 4713 essent
3033 4657 3394 4727 fermentatus;
3426 4678 3571 4734 quas

1976 4749 2032 4805 in
2067 4750 2183 4806 suis
2223 4749 2571 4805 vestimentis
2617 4749 3028 4821 eolligaverant.
3085 4750 3315 4824 Sumpto
3374 4756 3559 4827 itaque

1975 4842 2176 4922 viaq'co
2217 4856 2286 4896 ex
2324 4841 2393 4895 iis
2420 4855 2540 4910 qua:
2565 4842 2726 4896 obvia
2751 4851 2934 4908 erant,
2961 4842 3184 4899 exibant
3215 4846 3564 4915 festinanter,

1977 4941 2036 4988 et
2082 4931 2351 4987 timebant
2398 4932 2500 4986 sibi
2546 4940 2656 4987 tam
2700 4932 2934 5006 Egyptli
2964 4944 3364 5011 persecutoges,
3395 4954 3566 5008 quam

1977 5022 2173 5087 Judai,
2227 5023 2325 5092 qui
2379 5023 2728 5078 sustinebant
2770 5027 3232 5094 persecutionem.
3279 5027 3415 5082 Nam
3450 5030 3565 5085 illis

1976 5114 2199 5184 quidem
2236 5114 2528 5170 videbatur
2564 5114 2717 5169 brevi
2758 5114 2897 5180 fore,
2933 5126 2992 5171 ut
3028 5117 3415 5189 primogenitis
3444 5122 3556 5192 jam

1971 5205 2273 5278 deperditis
2299 5205 2400 5277 ipsi
2429 5205 2788 5271 adderentur,
2817 5207 2922 5262 nisi
2946 5207 3134 5264 divino
3159 5210 3318 5264 nutui
3339 5210 3556 5268 obtem-

1970 5306 2247 5370 perantes.
2302 5298 2577 5354 lsraelitas
2609 5313 2641 5352 e
2678 5311 2777 5352 sua
2812 5297 3033 5369 regione
3077 5300 3468 5359 dimitterent:
3495 5303 3555 5361 hi

1972 5405 2125 5456 vero,
2161 5390 2208 5445 si
2240 5389 2791 5460 deprehenderentur
2817 5390 2955 5446 tardi
2979 5401 3141 5462 atque
3163 5394 3371 5449 exitum
3398 5394 3559 5452 dine-

1973 5491 2177 5547 rentes,
2212 5481 2480 5551 putabant
2516 5479 2789 5547 futurum,
2826 5488 2887 5535 ut
2922 5479 2980 5536 in
3020 5493 3296 5540 certamen
3328 5496 3557 5557 propter

1976 5573 2124 5644 ipsos
2171 5572 2397 5629 ultimos
2447 5571 2724 5639 venirent,
2781 5586 2847 5629 ac
2890 5573 3009 5631 sine
3046 5574 3155 5631 ulla
3200 5576 3556 5638 miseratione

367 5784 443 5854 (ι)
478 5782 678 5856 Supple
703 5798 771 5839 ex
790 5782 977 5839 codice
1006 5781 1310 5849 Harlaano,
1341 5780 1664 5852 ἐνδεδέματα
1691 5782 1749 5835 ὲν
1778 5779 1883 5841 τοῖς

1982 5778 2156 5842 ατίοις
2186 5773 2387 5832 αὐτῶν.
