4022 6198
495 325 593 381 451

1525 315 1581 369 S.
1623 314 1899 369 CYRILLI
1941 315 2409 372 ALEXANDRINI
2451 318 2769 374 ARCHIEP.

3652 327 3756 382 433?.

491 441 922 499 trucidarentur.
954 439 1169 510 Egressi
1200 447 1328 492 sunt
1363 437 1530 508 igitur
1553 453 1744 506 parum
1782 437 2057 490 admodun

2185 436 2394 501 σεσθαι,
2421 439 2513 490 καὶ
2533 438 2898 493 κινδυνεύσειν
2924 437 3432 510 άφιλοικτιρμόνως.
3469 440 3757 513 Ἑξῲχοντο

488 535 557 589 de
587 535 654 590 iis
676 549 798 603 qua:
832 532 897 586 ad
922 531 1319 601 profectionem
1347 531 1796 598 requirebantur,
1835 529 2075 592 solliciti,

485 627 687 696 vixque
722 626 815 679 illa
842 639 962 693 qua:
992 623 1060 676 ad
1087 637 1308 676 manum
1337 629 1496 674 erant
1516 629 1879 692 asportantes,
1912 630 2078 689 atque

485 733 550 772 ex
593 719 659 772 iis
693 732 816 787 quae
861 716 1008 769 domi
1045 732 1156 769 sua:
1200 723 1360 769 erant
1397 731 1461 768 ea
1506 724 1715 769 tantum
1740 716 2074 779 auferentes,

485 826 606 879 qua:
667 808 979 863 necessaria
1035 807 1198 862 simul
1249 816 1305 861 et
1343 815 1625 877 asportatu
1655 807 1834 861 facilia
1869 818 2073 872 essent,

487 899 688 968 quibus
724 899 1017 967 assumptis
1052 897 1224 968 ignari
1263 898 1523 968 deinceps
1575 899 1720 953 unde
1750 915 1867 969 quzr
1897 899 1963 953 ad
1991 898 2074 952 vi-

489 1002 596 1046 tam
625 989 1035 1044 sustentandam
1053 989 1369 1044 suliicerent
1388 989 1491 1043 sibi
1518 998 1917 1058 compararent,
1944 1006 2074 1058 pro-

486 1083 740 1137 cidcrunt
765 1082 817 1135 in
844 1081 1180 1135 desiderium
1208 1080 1341 1144 cibi,
1367 1096 1478 1150 quo
1509 1080 1563 1134 in
1588 1080 1820 1151 Egypto
1843 1082 1928 1135 usi
1954 1081 2074 1136 fue-

487 1182 605 1226 rant
635 1191 648 1237 ;
677 1182 732 1226 et
757 1188 816 1226 se
843 1187 874 1226 a
919 1172 1152 1226 summis
1189 1172 1432 1226 miseriis
1469 1187 1531 1225 ac
1557 1173 1823 1227 servitute
1857 1185 2075 1243 ereptos

483 1263 663 1326 obliti,
721 1263 1129 1332 quodammodo
1182 1277 1282 1317 suo
1320 1262 1562 1332 ipsorum
1618 1262 1823 1316 auxilio
1857 1263 2073 1318 obstre-

483 1364 641 1424 punt,
677 1355 935 1424 quodque
958 1370 989 1408 e
1023 1354 1293 1408 servitute
1319 1353 1588 1423 redempti
1619 1353 1750 1418 sint,
1782 1354 2072 1422 indignan-

485 1455 591 1509 tur,
660 1455 716 1500 et
763 1446 1117 1514 optatissima:
1174 1445 1619 1513 suavissimznque
1669 1444 1912 1499 libertati
1967 1445 2072 1498 im-

483 1537 674 1591 mundi
689 1538 898 1592 ventris
921 1537 1216 1606 ingluviem
1236 1537 1689 1606 saturitatemque
1706 1545 2067 1607 anteponunt.

484 1627 610 1681 Ilico
636 1627 819 1695 itaque
841 1643 930 1681 res
949 1627 1108 1682 valde
1146 1627 1404 1680 turbabat
1427 1627 1809 1692 mediatorem,
1836 1628 1940 1682 hoc
1963 1636 2066 1692 est,

482 1717 686 1772 Mosen.
719 1717 824 1771 Sed
851 1718 996 1772 Deus
1021 1718 1295 1787 promittit
1315 1734 1371 1772 se
1393 1718 1542 1772 illico
1571 1720 1785 1786 copiam
1813 1719 2067 1773 ciborum

2179 527 2378 591 τοίνυν,
2402 529 2461 581 ού
2488 530 2683 601 κομιδῇ
2717 530 2825 582 τῶν
2860 532 2938 594 εἰς
2970 530 3281 600 ἀποδημίαν
3309 533 3752 601 πεφροντικότες,

2179 621 2271 674 καὶ
2301 621 2367 674 τά
2398 623 2456 673 ἐν
2487 624 2644 692 χερσὶ
2681 622 2834 692 μόλις
2863 622 3231 693 ἁρπάσαντες,
3266 626 3548 694 μονονουχὶ
3571 624 3625 676 δὲ
3651 625 3754 677 τῶν

2177 713 2314 766 οἴκοι
2344 714 2610 783 κειμένων
2638 715 2966 782 κεκλοφότες
2991 715 3306 782 ἀναγκαίως
3322 715 3388 768 τὰ
3405 714 3523 768 λίαν
3546 717 3684 768 εύπά
3695 734 3750 787 ρο

2177 821 2354 867 οιστα,
2402 805 2437 859 ἃ
2481 806 2546 875 δὴ
2577 807 2671 859 καὶ
2690 806 3128 878 κατεδηδοκότες,
3162 801 3281 863 εἶτα
3302 807 3464 860 πόθεν
3489 807 3553 861 ἂν
3580 808 3754 870 αὐτοῖς

2178 899 2234 950 ἐν
2279 897 2471 967 ἐρήμῳ
2516 897 2585 950 τά
2635 897 2857 968 ζωαρκῆ
2907 898 3291 968 προσγένοιντο
3339 897 3752 968 διηπορηκότες,

2176 987 2507 1041 κατώλισθον
2547 990 2627 1052 είς
2667 989 2962 1060 ἐπιθυμίαν
2996 990 3093 1061 τῆς
3129 991 3186 1042 ἐν
3221 988 3484 1060 Αἰγύπτῳ
3527 989 3751 1060 τροφῆς.

2176 1082 2270 1133 καὶ
2298 1080 2378 1133 ὅτι
2407 1080 2508 1150 μὲν
2531 1081 2638 1133 τῶν
2663 1081 2906 1152 ἐσχάτων
2929 1079 3182 1152 ἐξῄροντο
3209 1081 3424 1134 πάντων
3459 1081 3553 1134 καὶ
3577 1081 3670 1148 τῆς
3703 1083 3755 1132 ὲν

2174 1170 2436 1242 Αἰγύπτῳ
2484 1171 2749 1236 δουλείας,
2778 1172 3259 1238 ἐπιλανθάνονται,
3297 1171 3389 1226 καὶ
3433 1170 3594 1223 οἱονεί
3643 1187 3755 1234 πως

2175 1261 2625 1329 κατακεκράγασι
2674 1259 2774 1330 τῆς
2817 1260 3170 1330 ἐπικουρίας·
3207 1261 3302 1314 καὶ
3345 1260 3426 1314 ὅτι
3460 1259 3755 1330 λελύτρωνο

2172 1369 2282 1415 ται,
2315 1353 2699 1422 χαλεπαίνουσι
2721 1391 2735 1415 ,
2783 1354 2874 1406 καὶ
2900 1353 2999 1423 τῆς
3030 1351 3359 1424 τριποθήτου
3391 1354 3482 1405 καὶ
3515 1352 3756 1404 εὐκταιοι

2172 1445 2340 1514 τάτης
2386 1443 2586 1497 ἅπασιν
2622 1443 2928 1515 ἀνθρώποις
2966 1443 3313 1514 ἐλευθερίας,
3346 1443 3584 1514 γαστρὸς
3615 1445 3753 1496 ἀκα-

2173 1535 2371 1606 θάρτου
2398 1535 2760 1606 προτάττουσι
2785 1535 2965 1606 κόρον.
2991 1536 3103 1588 Kal.
3123 1535 3344 1606 θορυϐεῖ
3363 1535 3465 1606 μὲν
3487 1534 3546 1587 τὸ
3567 1533 3753 1605 χρῆμα

2171 1628 2262 1682 τὸν
2300 1627 2682 1698 μεσιτεύοντα,
2727 1627 2975 1680 τουτέστι
3023 1627 3280 1682 Μωῦσέα.
3316 1628 3666 1697 Χορηγήσειν
3701 1625 3752 1678 δέ

2174 1723 2516 1794 παραχρῆμα
2541 1721 2640 1791 τὴν
2663 1720 2771 1773 τῶν
2799 1719 3074 1790 ἐδωδίμων
3101 1718 3360 1788 ἀφθονίαν
3383 1719 3564 1780 αὐτοῖς
3585 1720 3754 1783 ἐπαγ-

482 1808 617 1877 ipsis
669 1809 1170 1877 suppeditaturum,
1215 1825 1392 1878 neque
1441 1825 1636 1879 parum
1670 1809 1906 1880 benigne
1946 1826 2057 1866 sese

2172 1787 2713 1884 yéileiidtbebgixai
2735 1787 3236 1883 προσκεκρουκόσιν
3250 1810 3310 1863 ού
3334 1809 3592 1880 μετρίως,
3615 1808 3754 1878 ἡμέο

486 1898 782 1952 rebellibus
811 1900 991 1953 oﬂ'ert.
1021 1901 1154 1954 Nam
1182 1901 1330 1969 quod
1361 1902 1673 1956 necessaria
1705 1902 1773 1956 ad
1794 1903 1920 1957 vita:
1942 1918 2067 1958 sus-

484 1989 840 2045 tentationem
880 1991 950 2044 ab
979 1991 1096 2061 ipso
1135 1991 1377 2062 exigant,
1407 1993 1838 2062 reprehensione
1867 2005 2025 2048 vacat
2051 2013 2061 2047 :

481 2081 992 2138 obmurmuratione
1047 2098 1180 2138 vero
1233 2082 1556 2138 oﬂ'enditur.
1600 2085 1772 2138 Porro
1818 2083 2066 2139 Salvator

482 2174 598 2242 ipse
631 2173 687 2226 in
713 2175 1056 2229 orationibus
1094 2191 1195 2230 nos
1221 2175 1409 2230 docuit
1442 2175 1626 2230 dicere
1653 2194 1664 2228 :
1693 2197 1709 2227 ι
1738 2177 1938 2232 Panem
1964 2195 2066 2234 no-

479 2272 656 2319 strum
687 2265 1069 2334 quotidianum
1099 2267 1167 2321 da
1206 2267 1368 2321 nobis
1406 2267 1570 2324 hodie
1610 2271 1676 2322 τ’.
1711 2288 1727 2320 ι
1767 2269 1923 2336 Quod
1945 2271 2068 2340 qui-

480 2356 604 2412 dem
637 2357 887 2412 dicentes
913 2359 1066 2412 nullo
1090 2359 1253 2413 modo
1280 2375 1606 2414 accusamus
1627 2361 1940 2425 Dominum,
1970 2362 2065 2417 sed

478 2450 662 2519 potius
700 2449 768 2503 ab
805 2451 926 2519 ipso
961 2451 1198 2520 petimus
1233 2467 1353 2520 quae
1395 2450 1462 2504 ad
1503 2452 1670 2505 vitam
1707 2462 1834 2506 sunt
1871 2469 2066 2508 neces-

479 2538 643 2591 saria.
667 2539 930 2595 Judaicus
958 2549 1143 2594 autem
1177 2541 1434 2610 populus,
1464 2555 1589 2594 cum
1615 2541 1841 2598 deberet
1878 2551 2066 2614 petere

477 2629 685 2695 cibum,
715 2632 858 2702 quod
890 2633 1155 2688 liberatus
1194 2634 1266 2688 sit
1303 2635 1698 2701 stomachatur,
1727 2648 1890 2707 atque
1927 2639 2068 2693 hanc

480 2735 588 2774 tam
658 2723 956 2796 pretiosam
1001 2730 1058 2778 et
1098 2724 1400 2794 optabilem
1454 2728 1688 2796 gratiam
1749 2730 2068 2785 stultissime

474 2795 816 2880 criminatur,
850 2824 1106 2886 tanquam
1129 2833 1250 2872 eam
1283 2834 1405 2887 qua:
1440 2819 1586 2889 ipsos
1622 2821 2068 2877 suavissimarum

477 2919 686 2970 rerum,
707 2907 954 2961 carnium
974 2909 1234 2963 nimirum
1252 2925 1315 2964 ac
1330 2913 1504 2978 panis,
1525 2927 1625 2966 usu
1648 2914 1893 2982 privarit.
1918 2916 2068 2981 Quo-

412 2998 434 3015 '
475 2991 620 3046 circa
651 3005 1020 3061 murmurant,
1055 2997 1334 3067 impieque
1359 2999 1470 3054 Deo
1487 3001 1883 3072 obloquuntur.
1903 3005 2066 3074 287

2175 1926 2280 1978 ρως
2327 1909 2409 1961 ἔτι
2451 1907 2846 1979 προσφέρεται.
2899 1907 2973 1960 Τὸ
3021 1905 3119 1976 μὲν
3163 1903 3271 1976 γάρ
3313 1904 3443 1975 παρ’
3489 1900 3655 1955 αὑτοῦ
3692 1902 3754 1953 τά

2170 1997 2395 2072 ζωαρκῆ
2439 1997 2688 2068 δέχεσθαι
2731 1996 2928 2060 θέλειν,
2972 1995 3162 2067 μῶμον
3197 1995 3263 2048 ἂν
3317 1994 3428 2065 ἔχοι
3471 1992 3752 2056 παντελῶς

2169 2090 2390 2143 ούδένα·
2443 2089 2604 2143 λυπεῖ
2640 2090 2696 2143 δὲ
2734 2089 2854 2142 λίαν
2898 2089 2929 2142 ό
2969 2088 3302 2158 γογγυσμός.
3356 2087 3467 2140 Καὶ
3514 2087 3624 2158 γάρ
3657 2083 3753 2140 οὖν

2170 2183 2331 2246 αὐτὸς
2360 2183 2388 2234 ὁ
2433 2182 2626 2254 Σωτὴρ
2658 2183 2716 2235 ἐν
2751 2183 3084 2252 προσευχαῖς
3126 2181 3272 2252 ἡμᾶς
3302 2178 3508 2244 ἐδίδαξε
3541 2180 3752 2248 λέγειν·

2177 2293 2194 2324 ι
2233 2274 2338 2327 Τὸν
2366 2273 2530 2345 ἄρτον
2555 2272 2712 2344 ἡμῶν
2736 2272 2826 2328 τόν
2857 2273 3133 2326 ἐπιούσιον
3161 2271 3247 2335 δὸς
3269 2273 3400 2342 ἡμῖν
3428 2271 3696 2341 σήμερον.
3733 2288 3751 2321 ι

2182 2365 2322 2419 Ἀλλ’
2349 2366 2403 2436 εἰ
2435 2364 2594 2420 τοῦτο
2627 2365 2727 2436 μὲν
2757 2365 3010 2436 λέγοιμεν
3031 2404 3046 2428 ,
3075 2364 3194 2417 κατ’
3236 2364 3425 2417 οὐδένα
3460 2363 3522 2435 δὴ
3550 2363 3754 2433 τρόπον

2169 2434 2531 2526 αἰτιασόμεθα
2569 2434 2654 2510 τὸν
2692 2434 3006 2526 Δεσπότήν,
3043 2454 3403 2526 ἐξαιτήσομεν
3443 2434 3519 2507 δέ
3551 2454 3757 2526 μᾶλλον

2169 2549 2300 2618 παρ’
2347 2547 2513 2601 αὑτοῦ
2548 2548 2618 2602 τὰ
2663 2549 2743 2612 είς
2788 2547 2932 2619 ζωὴν
2981 2548 3278 2617 ἐπιτήδεια.
3319 2547 3383 2600 Oi
3428 2546 3485 2600 δέ
3535 2563 3596 2614 γε
3645 2547 3757 2599 τῶν

2181 2638 2451 2692 Ἰουδαίων
2467 2638 2653 2710 δῆμοι,
2681 2639 2798 2692 δέον
2826 2638 3046 2709 αἰτῆσαι
3074 2638 3300 2709 τροφὰς,
3339 2637 3420 2690 ὅτι
3453 2635 3757 2707 λελύτριινο

2167 2745 2258 2782 ται
2289 2727 2712 2798 χαλεπαίνουσι,
2743 2729 2840 2782 κα)⁸
2875 2728 2973 2799 τὴν
3013 2727 3156 2780 οὕτω
3181 2725 3381 2798 σεπτὴν
3407 2726 3500 2779 καὶ
3525 2725 3753 2794 ἀξιόλῃ-

2171 2837 2307 2874 πτον
2325 2821 2484 2892 χάριν
2510 2819 2900 2892 ἀνοή[τό]τατα
2922 2819 3346 2889 καθυϐρίζουσιν
3366 2858 3380 2880 ,
3411 2817 3486 2880 ὠς
3508 2816 3616 2870 τῶν
3638 2817 3756 2887 ήδίο

2172 2928 2311 2966 στων
2339 2913 2534 2976 αὐτοὺς
2552 2912 2938 2982 ἐκπέμψασαν,
2957 2911 3118 2982 ἄρτου
3136 2927 3218 2975 τε,
3241 2927 3314 2979 φη
3326 2909 3407 2979 μὶ,
3427 2908 3522 2960 καὶ
3548 2907 3752 2977 κρεῶν.

2171 3002 2379 3055 Οὐκοῦν
2419 3002 2748 3070 γογγύζουσι
2787 3003 2919 3072 μὲν,
2972 3005 3065 3056 καί⁸
3112 2999 3600 3072 κατακεκράγασιν
3652 3000 3755 3052 ἀνα

478 3084 623 3140 Deus
655 3096 838 3142 autem
864 3089 1080 3158 patiens
1098 3091 1387 3154 malorum,
1417 3094 1686 3160 promittit
1708 3095 1789 3149 eis
1813 3094 2057 3163 inspera-

2171 3091 2358 3155 οσίως.
2377 3092 2716 3156 Ἀνεξικακεί
2729 3091 2784 3147 δέ
2805 3094 2935 3157 Θεὸς
2949 3137 2963 3161 ,
2987 3095 3083 3148 καὶ
3103 3094 3360 3163 ἀδόκητον
3379 3092 3561 3155 αὐτοῖς
3586 3091 3754 3160 ἀφθο-

478 3183 587 3229 tam
639 3177 839 3231 horum
888 3180 1122 3248 copiam.
1170 3181 1421 3234 Demittit
1464 3181 1611 3235 enim
1648 3199 1749 3251 pro
1791 3185 2054 3239 inell'abili

474 3281 573 3320 sua
611 3267 855 3334 potentia
893 3269 1108 3337 vesperi
1134 3269 1354 3337 quidem
1379 3272 1743 3337 coturnicem,
1773 3289 1931 3329 mane
1955 3291 2054 3330 au-

474 3365 584 3410 tem
629 3372 847 3411 manna.
893 3358 1030 3412 Hinc
1063 3359 1284 3413 divinus
1317 3359 1485 3413 David
1535 3362 1608 3415 ait
1640 3381 1652 3415 :
1700 3383 1718 3414 ι
1754 3365 1955 3419 Panem
1985 3368 2054 3423 de

473 3448 619 3501 caelo
649 3447 801 3502 dedit
827 3449 927 3513 eis,
960 3465 1154 3518 panem
1200 3453 1521 3521 angelorum
1567 3455 1918 3510 manducavit
1959 3459 2055 3512 ho—

473 3552 563 3592 mo
587 3539 652 3594 ⁷³.
688 3561 704 3589 ι
745 3540 1061 3596 Certissime
1085 3551 1264 3597 autem
1290 3543 1481 3599 docuit
1501 3562 1597 3601 eos
1624 3548 1964 3618 experientia
1989 3567 2054 3606 ac

470 3630 640 3686 rebus
683 3631 836 3700 ipsis,
883 3632 1031 3701 quod
1081 3634 1226 3688 Deus
1273 3635 1445 3705 possit
1475 3638 1638 3693 etiam
1667 3655 1816 3694 nunc
1843 3640 1975 3697 dare
1996 3652 2052 3696 et

470 3736 666 3792 parare
711 3739 957 3778 mensam
999 3724 1055 3779 in
1102 3725 1366 3794 deserto;
1406 3730 1546 3786 sicut
1573 3747 1764 3786 revera
1787 3742 1843 3787 et
1863 3734 2049 3788 Domi-

469 3828 576 3870 nus
615 3825 804 3871 noster
839 3817 1000 3872 Jesus
1029 3818 1285 3888 Christus
1322 3821 1522 3877 similia
1561 3822 1734 3878 edidit
1763 3825 2046 3892 miracula,

469 3918 595 3959 cum
641 3923 710 3961 ex
751 3908 996 3979 quinque
1026 3910 1262 3979 panibus
1292 3911 1477 3968 fractis
1499 3914 1809 3983 complures
1834 3925 2048 3969 satura-

464 3997 546 4052 vit
592 3998 650 4053 in
695 3999 933 4065 deserto,
979 4002 1268 4058 duodecim
1299 4005 1529 4075 insuper
1577 4005 1832 4075 cophinis
1855 4023 1922 4061 ex
1944 4007 2051 4062 fra-

466 4091 704 4158 gmentis
716 4092 958 4160 repletis.
979 4094 1150 4150 Porro
1171 4081 1582 4164 inexplicabiles
1601 4105 1731 4152 sunt
1753 4099 1900 4155 modi
1921 4099 2047 4169 qui-

467 4177 572 4232 bus
620 4181 883 4235 miracula
926 4183 1118 4249 edidit,
1170 4188 1265 4242 sed
1306 4204 1427 4257 quze
1473 4198 1712 4244 mentem
1749 4192 2043 4257 excedunt,

465 4265 573 4321 ﬁde
625 4269 1126 4338 apprehendantur,
1180 4275 1477 4346 audiatque
1522 4279 1668 4333 Deus
1695 4281 1764 4335 ab
1787 4283 2047 4339 omnibus

465 4358 560 4428 qui
583 4359 759 4429 ipsum
786 4363 1130 4420 admirantur
1155 4385 1167 4420 :
1191 4366 1318 4422 Scio
1342 4369 1488 4438 quod
1510 4371 1691 4424 omnia
1716 4373 1913 4442 possis,
1943 4391 2042 4430 ne-

463 4465 570 4520 que
603 4460 688 4506 est
719 4454 1016 4525 quidquam
1043 4458 1142 4512 tibi
1170 4458 1526 4529 impossibile.

532 4543 584 4598 2.
603 4543 876 4602 Hactenus
887 4565 1017 4604 vero
1028 4550 1096 4605 de
1111 4553 1366 4607 sensibus
1378 4568 1559 4608 sermo
1569 4555 1903 4611 esthabitus.
1915 4556 2048 4624 Quis

464 4650 596 4689 vero
619 4651 814 4691 sensus
837 4638 907 4692 sit
927 4640 1234 4708 spiritualis
1253 4642 1736 4712 considerationis,
1773 4654 1869 4702 aut
1896 4648 2046 4717 quod

461 4721 599 4789 legis
619 4723 870 4791 aenigma,
890 4726 1001 4794 jam
1024 4728 1185 4782 nobis
1226 4730 1616 4800 inquirendum
1656 4746 1758 4802 est,
1785 4737 1879 4808 qui
1905 4740 2043 4794 assi-

461 4811 568 4864 due
592 4811 878 4866 veritatem
902 4814 1313 4886 investigamus.
1341 4820 1662 4878 Videbimus
1685 4825 1852 4894 igitur
1873 4828 2039 4898 etiam

460 4917 558 4970 per
590 4902 887 4992 haechquod
919 4907 1030 4962 vita
1064 4907 1252 4979 legalis
1285 4911 1356 4966 sit
1385 4915 1574 4982 procul
1609 4916 1781 4970 dubio
1803 4933 2040 4989 evange-

459 4991 563 5047 lica
603 4991 852 5061 inferior,
893 4997 1133 5068 itemque
1173 4993 1474 5057 carnalium
1511 5005 1912 5063 desideriorum
1951 5027 2042 5065 ac-

459 5085 730 5140 cusationi
769 5088 1026 5154 obnoxia,
1063 5106 1242 5160 neque
1264 5108 1294 5146 a
1319 5095 1552 5150 terrenis
1577 5101 2040 5169 concupiscentiis

457 5175 630 5230 libera
663 5196 674 5229 :
715 5178 900 5233 divina
939 5195 1068 5234 vero
1101 5189 1266 5250 atque
1287 5186 1601 5254 evangelica
1629 5198 1712 5244 est
1737 5191 2038 5259 spiritualis

454 5275 510 5321 et
534 5268 814 5336 inviolata,
847 5273 1196 5342 speciemque
1218 5274 1382 5330 habet
1397 5277 1503 5332 alia
1525 5277 2032 5350 incomparabiliter

455 5359 845 5428 pulchriorem.
875 5362 1313 5434 Uniuscujusque
1346 5383 1477 5422 vero
1505 5369 2028 5430 demonstrationem

455 5465 520 5504 ac
543 5451 726 5516 fidem,
766 5453 1036 5508 rationem
1066 5455 1352 5524 utriusque
1375 5458 1514 5513 bene
1539 5464 1937 5531 examinantes,
1960 5484 2027 5522 ex

455 5555 604 5596 sacra
641 5541 922 5614 Scriptura
951 5554 1201 5616 petemus
1232 5566 1243 5600 :
1289 5568 1307 5600 ι
1339 5549 1559 5606 Factum
1598 5565 1683 5610 est
1708 5565 1891 5612 autem
1929 5574 2025 5613 ve-

524 5719 574 5754 "
606 5721 796 5779 Hatth.
838 5742 910 5791 vi,
939 5730 1023 5787 ll.
1103 5734 1148 5765 ⁷³
1177 5735 1320 5792 Psal.
1355 5751 1552 5803 Lxxvn,

2170 3180 2287 3235 νίαν
2329 3183 2746 3252 ἐπαγγέλλεται.
2788 3185 2900 3240 Καὶ
2931 3185 2994 3256 δὴ
3023 3185 3118 3238 καὶ⁵
3153 3185 3404 3254 καθίησιν
3438 3182 3631 3252 ἀφάτῳ
3659 3182 3753 3234 δυ-

2158 3273 2320 3343 νάμει
2354 3275 2593 3346 ἑσπέρας
2640 3276 2741 3346 μὲν
2773 3275 2871 3347 τὴν
2917 3277 3367 3348 ὀρτυγομήτραν’
3419 3276 3535 3345 ἅμα
3575 3275 3632 3328 δὲ
3683 3279 3750 3346 τῇ

2157 3363 2250 3432 ἓῳ,
2284 3365 2344 3418 τὸ
2375 3367 2569 3435 μάννα.
2600 3368 2713 3421 Καὶ
2761 3369 2837 3432 ὼς
2867 3370 2895 3422 ό
2937 3369 3078 3434 θεῖος
3107 3371 3211 3440 ἔφη
3256 3370 3450 3435 Δαῧὶδ,
3488 3390 3506 3421 ι
3545 3371 3752 3442 Ἀρτίν

2155 3452 2385 3523 ούρανοῦ
2416 3453 2614 3509 ἔδωκεν
2657 3457 2877 3526 αὐτοῖς,
2921 3459 3086 3530 άρτον
3119 3461 3367 3529 ἀγγέλων
3410 3461 3611 3531 ἔφαγεν
3654 3463 3752 3515 ἄν·

2156 3543 2392 3614 θρωπος.
2435 3565 2452 3596 ι
2492 3547 2962 3618 Πεπληροφόρηκε
2993 3550 3050 3602 δέ
3093 3549 3182 3604 διὰ
3212 3551 3405 3622 πείρας
3443 3551 3613 3619 αὐτῆς
3645 3539 3751 3604 καὶ

2155 3635 2518 3705 πραγμάτων,
2550 3639 2633 3691 ὅτι
2660 3638 2883 3694 δύναται
2925 3643 2952 3694 ὁ
2982 3641 3114 3705 Θεὸς
3151 3643 3315 3713 ἄρτον
3342 3659 3401 3695 τε
3432 3642 3617 3695 δοῦναι
3646 3644 3752 3696 καί

2155 3727 2444 3797 ἑτοιμάσαι
2477 3731 2756 3800 τράπεζαν
2795 3734 2852 3786 ἐν
2886 3734 3098 3804 ἐρήμῳ,
3134 3734 3386 3806 καθάπερ
3419 3735 3610 3806 ἀμέλει
3644 3736 3750 3788 καὶ

2151 3821 2180 3873 ό
2204 3820 2405 3892 Κύριος
2431 3821 2590 3893 ήμῶν
2631 3823 2838 3896 Ἰησοῦς
2861 3825 3098 3897 Χριστὸς
3119 3826 3190 3880 τά
3221 3826 3310 3880 ἴσα
3332 3825 3743 3899 τερατουργῶν,

2152 3911 2312 3964 πέντε
2339 3911 2638 3978 διακλάσας
2663 3915 2881 3986 ἄρτους,
2911 3918 3132 3988 ἐκόρεσε
3172 3919 3270 3989 μὲν
3301 3921 3359 3972 ἐν
3383 3921 3576 3990 ἐρήμῳ
3603 3919 3745 3972 πολ-

2150 4001 2296 4066 λοὺς,
2327 4003 2416 4056 ὅτε
2454 4007 2924 4078 συνεκομίσθησαν
2948 4009 3217 4080 λειψάνων
3262 4011 3472 4080 κόφινοι
3503 4010 3720 4066 δώδεκα

2180 4094 2616 4167 Απεριέργαστοι
2645 4097 2702 4151 δὲ
2742 4099 3024 4164 παντελῶς
3055 4101 3155 4171 τῆς
3199 4101 3649 4172 θαυματουργίας
3685 4109 3737 4160 οί

2146 4188 2363 4260 τρόποι,
2406 4189 2587 4243 πίστει
2617 4190 2681 4262 δὴ
2726 4185 2820 4245 οὖν
2850 4191 3101 4262 τιμάσθω
3140 4190 3213 4245 τά
3256 4193 3398 4264 ὑπὲρ
3441 4192 3588 4259 νοῦν,
3637 4193 3740 4247 καὶ

2147 4278 2392 4332 ἀκουέτω
2437 4279 2571 4343 Θεὸς
2617 4280 2772 4352 παρά
2833 4282 3051 4336 πάντων
3099 4280 3547 4354 τεθαυμακότων·
3598 4279 3738 4338 Οἶδα

2146 4371 2228 4424 ὅτι
2272 4370 2450 4425 πάντα
2490 4371 2746 4426 δύνασαι·
2791 4373 3049 4428 ἀδυνατεῖ
3077 4375 3132 4427 δέ
3164 4392 3246 4428 σοι
3273 4375 3443 4429 οὐδέν.

2216 4561 2282 4632 β.
2327 4561 2465 4614 Ἀλλ’
2486 4563 2544 4615 ἐν
2575 4563 2783 4628 τούτοις
2806 4567 2904 4636 μὲν
2933 4566 3066 4636 ἡμῖν
3099 4568 3128 4621 ό
3156 4567 3283 4639 περὶ
3314 4565 3421 4621 τῶν
3450 4566 3734 4638 αίσθητῶν

2144 4651 2284 4706 ἔστω
2296 4653 2471 4722 λόγος.
2497 4654 2592 4717 Τίς
2613 4654 2657 4708 δ’
2687 4655 2752 4710 ἂν
2774 4658 2983 4726 γίνοιτο
3012 4657 3194 4712 λοιπὸν
3217 4658 3317 4730 τῆς
3347 4660 3732 4730 πνευματικῆς

2143 4743 2373 4816 θεωρίας
2408 4747 2436 4798 ό
2460 4745 2604 4812 νοῦς,
2625 4746 2658 4818 ἢ
2679 4747 2730 4801 τί
2750 4748 2841 4802 τοῦ
2888 4750 3053 4820 νόμου
3074 4750 3136 4803 τὸ
3155 4752 3381 4821 αῐνιγμα
3401 4751 3731 4824 πολυπραγ-

2149 4840 2328 4906 μονεῖν
2350 4840 2664 4905 ἀναγκαῖον,
2684 4839 2994 4913 φιλοθηρείν
3011 4839 3071 4896 εὖ
3102 4841 3248 4912 μάλα
3272 4843 3728 4900 διεσπουδακόσιν

2139 4928 2270 4997 ἡμῖν
2291 4927 2389 4999 τὴν
2411 4929 2684 4999 ἀλήθειαν.
2729 4931 3000 5002 Εἰσόμεθα
3034 4934 3215 4988 τοίνυν
3245 4936 3340 4988 καὶ
3375 4936 3466 4990 διὰ
3491 4937 3722 5002 τούτων,

2137 5021 2212 5084 ὼς
2234 5019 2378 5073 ἐστιν
2406 5022 2792 5092 ἀναμφιλόγως
2806 5025 2907 5095 τῆς
2926 5025 3284 5097 εύαγγελικῆς
3297 5027 3573 5092 πολιτείας
3591 5047 3723 5083 κατ-

2138 5110 2316 5180 όπινὴ
2356 5112 2574 5183 νομικὴ,
2605 5114 2702 5167 καὶ
2734 5114 2841 5168 τῶν
2873 5118 2952 5179 εἰς
2985 5117 3342 5188 φιλοσαρκίαν
3373 5122 3721 5192 αίτιαμάτων

2135 5197 2234 5251 οὐκ
2280 5198 2568 5270 ἐλευθέρα,
2605 5203 2948 5274 ἀπήλλακται
2988 5207 3045 5259 δὲ
3087 5209 3206 5279 οὐχὶ
3250 5211 3483 5278 γεώδους
3526 5213 3721 5267 ἐπιθυ.

2142 5287 2292 5358 μίας,
2323 5289 2438 5342 ἀλλ’
2471 5291 2505 5360 ἢ
2536 5308 2598 5360 γε
2627 5292 2745 5346 θεία
2777 5295 2870 5347 καὶ
2897 5296 3244 5370 εὐαγγελικὴ,
3272 5305 3619 5375 πνευματική
3653 5305 3717 5357 τέ

2137 5381 2251 5432 ἐστι
2302 5380 2395 5434 καὶ
2437 5381 2688 5452 ἄμωμος,
2734 5387 2828 5440 καὶ
2867 5387 3196 5461 ἀσύγκριτον
3243 5393 3355 5462 ἐχει
3398 5393 3460 5446 τὸ
3495 5397 3710 5459 κάλλος.

2135 5469 2432 5540 Ληψόμεθα
2461 5471 2517 5523 δὲ
2541 5472 2642 5544 τὴν
2674 5474 2759 5540 ἐφ’
2792 5475 2997 5547 ἑκάστῃ
3029 5478 3281 5545 διάδειξιν
3305 5481 3401 5532 καὶ
3431 5481 3711 5552 πληροςο-

2136 5560 2280 5631 ρίαν.
2314 5562 2403 5616 τὸν
2433 5563 2517 5616 ἐπ’
2549 5563 2752 5634 ἀμφοῖν
2779 5561 2838 5620 εὖ
2870 5568 3012 5637 μάλα
3048 5568 3428 5639 βασανίζοντες
3454 5570 3612 5642 λόγον
3643 5573 3709 5627 ἐκ
