4024 6198
368 243 474 298 εδδ

1395 245 1912 304 GLAPIIYRORUM
1953 248 2020 304 IN
2059 248 2344 307 EXODUM
2382 250 2511 306 LIB.
2552 252 2615 306 li.

3518 258 3623 316 656

360 366 458 436 τῆς
501 361 863 417 θεοπνεύστου
896 362 1139 433 Γραφῆς.
1197 381 1215 413 ι
1281 365 1525 432 Ἐγένετο
1575 368 1706 438 γάρ,
1754 370 1933 438 φησὶν1

2048 384 2229 440 spe-re,
2286 344 2484 439 inquit,
2528 379 2585 424 et
2620 367 2866 423 ascendit
2909 366 3163 423 coturnix
3186 409 3199 434 ,
3236 374 3305 439 et.
3331 379 3616 442 cooperuit

361 454 590 524 ισπέρα.
635 453 729 507 καὶ
775 452 943 523 ἀνέϐη
978 454 1389 526 ὀρτυγομήτρα,
1426 458 1521 510 καὶ¹
1562 458 1797 530 ἐκάλυψε
1845 460 1945 530 τὴν

360 544 737 618 παρεμϐολήν.
759 544 831 596 Τὸ
856 543 1001 614 πρωϊ
1022 544 1078 598 δὲ
1104 547 1342 613 ἐγένετο,
1369 551 1827 621 καταπαυομένης
1847 551 1945 623 τῆς

356 639 552 710 δρόσου
583 638 765 706 κύκλῳ
818 636 914 707 τὴς
954 638 1328 710 παρεμῦολῆς,
1372 641 1466 693 καὶ
1512 641 1620 696 ἰδοὺ
1653 642 1748 695 ἐπὶ
1779 643 1945 714 πρόσ-

356 748 509 784 ωπον
531 730 630 799 τῆς
657 731 862 799 ἐρήμου
894 728 1089 781 λεπτὸν
1112 729 1245 782 ὡσεὶ
1271 730 1471 800 κόριον,
1485 731 1674 786 λευκὸν
1691 733 1823 787 ὡσεὶ
1841 735 1944 789 πά-

355 837 453 889 γος
486 820 581 872 ἐπὶ
609 820 709 888 τῆς
727 820 850 888 γῆς.
888 817 1108 881 ’ἰδόντες
1129 817 1186 871 δὲ
1216 820 1419 892 αὐτου]
1468 825 1518 875 οἰ
1553 825 1658 877 υἱοὶ
1702 824 1939 896 Ἰσραὴλ,

358 906 525 965 εἶπαν
563 911 747 983 ἕτερος
781 911 953 982 ἑτέρῳ
975 927 989 940 ·
1035 911 1100 963 Τί
1130 914 1247 965 ἐστι
1274 913 1465 981 τοῦτο;
1492 916 1551 968 οὐ
1582 916 1692 987 γὰρ
1726 918 1941 987 ᾔδεισαν

351 1002 405 1056 τε
430 998 523 1073 ἦν.
569 996 703 1054 Εἷπε
734 1001 790 1054 δὲ
820 1001 1058 1070 Μωῡσῆς
1088 1000 1227 1071 πρὸς
1254 1002 1485 1066 αὐτούς·
1522 996 1692 1067 υῦτος
1722 1006 1751 1056 6
1777 1005 1941 1075 ἄρτος

349 1093 411 1146 ὃν
456 1092 657 1145 ἔδωκεν
701 1091 831 1161 ὑμῖν
859 1093 888 1144 ὁ
934 1092 1138 1161 Κύριος
1187 1096 1383 1161 φαγεῖν
1405 1109 1418 1122 ο
1451 1092 1609 1146 τοῦτο
1639 1093 1699 1147 τὸ
1727 1093 1881 1164 ῥῆμα
1912 1094 1941 1147 ὃ

352 1182 613 1245 συνέταξε
642 1180 862 1252 Κύριος.
894 1181 1238 1248 Συναγάγετε
1273 1181 1365 1234 ἀπ’
1398 1181 1565 1234 αὑτοῦ
1594 1181 1824 1246 ἕκαστος
1858 1183 1939 1246 εἰς

349 1275 482 1336 τοὺς
532 1272 875 1342 καθήκοντας
920 1270 1116 1341 γόμορ,
1165 1271 1306 1324 κατὰ
1351 1273 1612 1342 κεφαλὴν,
1662 1274 1783 1325 κατ’
1823 1273 1940 1344 ἀρι-

351 1364 491 1433 θμὸν
513 1363 698 1434 ψυχῶν
728 1362 902 1431 ὑμῶν.
922 1363 1187 1424 Ἕκαστος
1206 1362 1303 1414 σὺν
1329 1364 1441 1424 τοῖς
1469 1364 1756 1433 συσκήνοις
1786 1362 1937 1434 ὑμῶν

350 1455 658 1520 συλλέξετε.
704 1455 995 1525 Ἐποίησαν
1030 1454 1088 1507 δὲ
1115 1453 1288 1518 οὕτως
1314 1454 1361 1507 οἱ
1398 1455 1508 1506 υἱοὶ¹
1550 1455 1794 1526 Ἰσραὴλ,
1842 1456 1936 1511 καὶ

351 1545 677 1611 συνέλεξαν,
725 1547 755 1599 6
784 1544 846 1599 τὸ
879 1546 1040 1608 πολὺ,
1075 1544 1168 1599 καὶ
1206 1546 1235 1597 6
1276 1543 1338 1597 τὸ
1365 1543 1626 1607 ἔλασσον,
1670 1547 1765 1599 καὶ
1807 1546 1936 1615 ἑμέ-

2047 471 2246 516 castra.
2293 462 2449 516 Mane
2488 468 2673 515 autem
2709 459 2913 514 factum
2946 472 3052 520 est.
3084 476 3210 515 cum
3232 475 3499 520 cessasset
3531 481 3622 522 ros

2046 550 2103 604 in
2137 549 2373 605 circuitu
2406 557 2738 614 castrorum,
2769 556 2822 601 et
2845 563 2975 603 ecce
3007 564 3172 619 super
3194 549 3388 606 faciem
3417 551 3621 608 deserti

2047 639 2249 695 subtile
2287 648 2350 694 ut
2384 639 2736 694 coriandrum
2763 638 2969 705 album,
3013 646 3072 693 ut
3093 639 3294 708 pruina
3320 655 3486 710 super
3512 651 3623 698 ter-

2044 745 2181 785 ram.
2231 731 2494 785 Videntes
2526 738 2708 785 autem
2754 729 2849 784 lilii
2889 729 3054 784 Israel
3086 730 3342 785 dixerunt
3382 732 3522 788 alter
3544 734 3621 787 al-

2045 822 2185 877 teri:
2222 821 2365 888 Quid
2402 830 2488 876 est
2527 822 2632 876 hoc
2658 822 2681 874 ?
2710 836 2820 876 non
2853 821 2999 875 enim
3035 821 3281 876 sciebant
3310 823 3442 892 quid
3476 833 3615 878 erat.

2042 911 2190 965 Dixit
2240 921 2426 965 autem
2470 911 2648 965 Moses
2680 910 2747 963 ad
2790 926 2924 964 eos:
2967 910 3245 981 Hic'panis
3267 926 3430 980 quem
3463 912 3618 967 dedit

2041 1001 2307 1056 Dominus
2339 1001 2495 1056 vobis
2522 1001 2589 1055 ad
2627 1001 3023 1056 comedendum
3049 1017 3065 1067 ;
3091 1001 3197 1055 hoc
3217 1001 3446 1056 verbum
3468 1004 3614 1072 quod

2040 1093 2328 1148 constituit
2358 1094 2640 1148 Dominus.
2668 1091 2918 1164 Colligite
2945 1108 3013 1147 ex
3044 1108 3110 1147 eo
3138 1094 3514 1163 unusquisque
3548 1095 3615 1148 ad

2039 1184 2322 1253 proximos
2359 1200 2571 1255 gomor,
2611 1185 2913 1239 secundum
2947 1185 3304 1255 caput,ju-xta
3326 1200 3612 1240 numerum

2038 1272 2347 1328 animarum
2374 1283 2702 1329 vestrarum.
2731 1275 3117 1345 Unusquisque
3152 1289 3276 1330 cu-tn
3314 1277 3613 1331 contuber-

2037 1364 2255 1419 nalibus
2282 1366 2482 1421 vestris
2508 1366 2769 1436 colligite.
2800 1365 3071 1419 Fecerunt
3102 1375 3285 1419 autem
3313 1365 3391 1420 sic
3413 1366 3508 1420 ﬁlii
3533 1367 3611 1422 ls-

2036 1455 2177 1519 rael,
2228 1464 2286 1509 et
2348 1456 2688 1527 collegerunt
2729 1456 2871 1510 alius
2918 1456 3061 1526 plus,
3109 1455 3251 1511 alius
3288 1455 3511 1523 minus;
3556 1465 3614 1512 et

2037 1548 2326 1602 metientes
2366 1564 2577 1618 gomor,
2638 1564 2748 1603 non
2799 1548 3098 1603 abundavit
3141 1548 3234 1618 qui
3268 1548 3520 1615 multum,
3555 1558 3612 1603 et

349 1655 567 1709 τρησαν
592 1639 656 1692 τὺ
679 1637 878 1709 γόμορ·
906 1638 1000 1692 καὶ
1031 1638 1130 1691 οῦκ
1160 1637 1485 1691 ἐπλεόνασεν
1512 1638 1540 1689 6
1563 1637 1623 1690 τὺ
1652 1637 1808 1698 πολὺ,
1840 1639 1933 1691 καὶ

2034 1637 2127 1706 qui
2155 1638 2357 1703 minus,
2382 1654 2492 1693 non
2516 1640 2699 1693 minus
2722 1640 2914 1694 habuit
2940 1658 2952 1692 :
2980 1640 3358 1709 unusquisque
3391 1640 3457 1694 ad
3479 1655 3611 1710 pro-

348 1704 471 1785 ίτθ
499 1704 857 1795 ἐλαττώξοὺκ
882 1730 1266 1801 ἠλαττόνησεν,
1290 1730 1518 1793 ἕκαστος
1545 1731 1625 1793 εἰς
1645 1731 1772 1793 τοὺς
1799 1730 1932 1783 καθο

2035 1704 2212 1784 riimos
2233 1730 2339 1784 sibi
2381 1731 2738 1801 collegerunt.
2786 1730 2931 1785 Dixit
2974 1704 3159 1784 autem
3176 1704 3352 1785 Moses
3383 1730 3451 1784 ad
3477 1704 3607 1784 eos:

345 1827 583 1892 ήκοντας
630 1825 763 1894 παρ’
786 1822 986 1892 ἑαυτῷ.
1028 1818 1162 1875 Εἷπε
1192 1821 1248 1874 δὲ
1271 1822 1511 1892 Μωῦσῆς
1542 1822 1679 1893 πρὸς
1702 1821 1928 1884 αὐτούς·

345 1915 557 1986 Μηδεὶς
586 1912 1013 1985 καταλ[ε]ιπέτω
1079 1913 1176 1967 ἀπ’
1209 1912 1375 1966 αὐτοῦ
1404 1916 1483 1977 εἰς
1520 1913 1581 1966 τὸ
1619 1915 1782 1985 πρωϊ.
1821 1912 1931 1967 Καὶ

344 2008 445 2059 οὐκ
461 2007 709 2077 ἤκουσαν
724 2006 954 2074 Μωῦσῇ,
983 2002 1120 2059 ἀλλὰ
1146 2004 1437 2058 κατέλιπον
1471 2021 1613 2067 τινες
1642 2006 1738 2058 ἁπ⁴
1765 2003 1929 2057 αὐτοῦ

347 2100 426 2161 εἰς
441 2098 506 2150 τὸ
527 2098 692 2168 πρωϊ,
711 2096 806 2150 καὶ
828 2094 1043 2161 ἐξέζεσε
1064 2096 1370 2166 σκώληκας,
1394 2098 1489 2149 καὶ
1519 2094 1787 2160 ὲπώζεσε.
1820 2097 1930 2150 Καὶ

341 2189 654 2261 ἐπικράνθη
682 2188 771 2243 ἐπ’
797 2190 979 2254 αὐτοῖς
1008 2189 1232 2258 Μωσῆς.
1276 2206 1295 2238 i
1335 2188 1444 2240 Καὶ
1476 2187 1595 2258 μεθ’
1625 2188 1791 2259 ἕτερα
1825 2188 1928 2241 πά-

343 2283 455 2337 λινυ
508 2301 529 2333 ι
566 2277 704 2335 Eine
733 2280 790 2335 δὲ
815 2281 1021 2351 Μωσῆς
1047 2279 1184 2351 πρὸς
1216 2279 1412 2343 αὐτούς
1432 2295 1447 2309 '
1478 2278 1649 2334 Τοῦτο
1676 2280 1737 2332 τὸ
1778 2280 1930 2351 ῥῆμά

341 2377 512 2437 ἐστιν,
533 2372 563 2425 6
585 2372 816 2435 ὲλάλησε
836 2371 1037 2441 Κύριος
1052 2389 1066 2402 ’
1097 2370 1350 2425 Σάὸθατα
1371 2369 1500 2441 ἅγια
1520 2372 1829 2433 ἀνάπαυσις
1850 2370 1928 2441 τῷ

343 2463 539 2535 Κυρίῳ
564 2461 774 2536 αὔριον.
825 2462 966 2515 Ὅσα
998 2460 1095 2514 ἐάν
1124 2460 1383 2531 πέσσητε,
1412 2461 1642 2514 πέσσετε
1662 2478 1676 2492 ο
1713 2461 1806 2514 καὶ
1829 2460 1928 2513 ὃσα

341 2557 441 2608 ἐὰν
470 2554 641 2625 ἕψητε
672 2554 854 2623 ἓψετε,
900 2554 993 2607 καὶ
1035 2556 1142 2608 πᾶν
1168 2553 1230 2608 τὸ
1261 2552 1571 2618 πλεονάζον,
1602 2552 1926 2607 καταλίπετε

337 2646 477 2702 αὐτὸ
508 2647 590 2709 εἰς
621 2643 907 2716 ἀποθήκην
934 2644 1014 2716 τῷ
1060 2646 1225 2715 πρωῒ.
1260 2645 1370 2699 Καὶ
1395 2644 1683 2699 κατέλιπον
1707 2645 1802 2697 ἀπ’
1826 2645 1927 2699 αὑ-

339 2733 439 2787 τοῦ
478 2736 559 2798 εἷς
597 2734 659 2788 τὸ
690 2734 856 2805 πρωῒ,
887 2734 1137 2804 καθάπερ
1171 2733 1456 2799 συνέταξεν
1484 2734 1669 2796 αὐτοῖς
1695 2732 1924 2802 Μωσῆς,

339 2826 443 2878 καὶ
487 2825 592 2877 οὐκ
619 2822 883 2890 ὲπὼζεσε,
930 2824 1049 2877 οὐδὲ
1086 2824 1301 2895 σκώληξ
1341 2816 1556 2893 ἐγένετο
1584 2824 1643 2876 ἐν
1681 2821 1848 2893 αὐτῷ.
1900 2842 1920 2875 ι

340 2916 623 2970 Ἐκαστον
656 2915 755 2987 μὲν
786 2913 878 2969 οῦν
903 2917 964 2968 τὸ
1003 2914 1205 2985 ἀρκοῦν
1235 2915 1385 2986 αὐτῷ
1420 2915 1771 2985 συγκομίζειν
1802 2915 1927 2968 ἐκέ-

339 3008 527 3061 λευεν.
575 3009 764 3078 Εἶργει
799 3007 856 3060 δὲ
887 3007 1138 3077 οὐδαμῶς
1172 3006 1337 3078 ἔργῳ,
1368 3008 1525 3079 εἴπερ
1554 3008 1725 3060 ἕλοιτο
1767 3007 1925 3078 τυχὸν
1953 3040 1997 3100 c

339 3100 439 3155 καὶ
470 3102 585 3163 τοῖς
608 3099 807 3153 ἀποῦσι
837 3099 1131 3167 συλλέγειν,
1163 3100 1259 3153 καὶ
1283 3098 1362 3169 τῷ
1384 3099 1483 3168 τῆς
1508 3100 1729 3170 ἀγάπης
1755 3116 1926 3153 κατα-

340 3190 734 3259 φαιδρὺνεσθαι
765 3190 933 3261 νόμῳ.
977 3189 1313 3258 Ἀποφάσκει
1341 3190 1399 3244 δὲ
1429 3189 1705 3252 παντελῶς
1735 3189 1795 3242 τὸ
1827 3208 1927 3258 φυ-

340 3281 563 3336 λάττειν
603 3282 683 3345 εἰς
722 3282 783 3335 τὸ
823 3280 986 3353 πρωῒ,
1019 3279 1112 3335 καὶ
1142 3279 1302 3333 τοῦτο
1332 3280 1465 3351 δρᾷν
1490 3281 1594 3351 ἔφη
1628 3280 1734 3351 πρὸ
1764 3280 1925 3351 μόνου

339 3370 434 3423 τοῦ
470 3369 789 3435 Σαῦὅάτου,
825 3372 912 3424 ἶνα
956 3370 1048 3422 καὶ
1072 3370 1100 3421 6
1140 3372 1240 3440 τῆς
1266 3370 1463 3440 ἀργίας
1496 3370 1572 3441 μὴ
1611 3371 1929 3441 άτιμάζοιτο

340 3461 533 3532 νόμος.
569 3461 646 3513 υύ
689 3461 797 3533 γὰρ
836 3455 904 3533 ἦν
947 3461 1085 3525 ὅλως
1127 3461 1307 3531 εὑρεῖν
1352 3460 1411 3512 ἐν
1452 3459 1735 3531 Σαᾶὸάτῳ,
1790 3461 1929 3533 μηδὲ

342 3552 633 3616 καθιέντος
659 3551 816 3618 Θεοῦ,
851 3553 1134 3625 μονονουχὶ
1162 3554 1219 3607 δὲ
1251 3552 1339 3608 διὰ
1366 3552 1519 3607 τοῦδε
1558 3553 1653 3607 καὶ
1684 3554 1931 3622 ἀναγκά-

344 3644 537 3709 ζοντος
580 3642 920 3715 ἀφιλοεργεῖν
978 3647 1036 3698 ὲν
1091 3645 1369 3715 Σαϐϐάτῳ.
1432 3643 1570 3700 Ἀλλ’
1613 3645 1768 3715 ὀλίγα
1819 3646 1930 3700 τῶν

342 3736 513 3791 θείων
533 3735 1021 3807 χρησμφδημάτων
1045 3736 1437 3808 πεφροντικασί
1464 3754 1629 3801 τινες,
1656 3737 1752 3791 καὶ
1772 3755 1931 3809 τετη-

345 3826 558 3897 ρήκασι
600 3825 707 3895 πρὸ
737 3825 1036 3889 Σαϐϐάτου,
1074 3828 1190 3892 καὶ,
1225 3826 1301 3890 ὣς
1348 3843 1481 3896 φησι
1513 3827 1574 3882 τὸ
1604 3829 1844 3899 Γράμμα
1869 3828 1931 3882 τὸ

345 3915 520 3985 ἱερὸν,
573 3933 591 3966 ι
647 3914 940 3981 Ἐπιῦζεσε,
986 3917 1079 3969 καὶ
1128 3914 1344 3980 ἐξέζεσε
1395 3914 1702 3987 σκώληκας.
1763 3937 1781 3969 ι
1820 3919 1930 3972 Καὶ

347 4002 660 4075 ἐπικράνθη
679 4005 883 4076 Μωσῆς
901 4022 915 4035 ’
940 4005 1374 4078 ὲκδεδραμήκασί
1395 4024 1455 4061 τε
1476 4009 1570 4061 καὶ
1590 4009 1647 4061 ἐν
1670 4008 1930 4080 Σαϐϐάτῳ

345 4094 720 4162 συλλέξοντες,
748 4098 842 4149 καὶ
860 4097 1156 4167 ἠγανάκτει
1182 4098 1333 4163 Θεός.
1365 4099 1676 4169 Γέγραπται
1703 4101 1811 4173 γὰρ
1834 4101 1930 4154 οῦ-

343 4198 488 4246 τως*
541 4199 562 4232 ι
632 4182 875 4251 Ἐγένετο
917 4183 975 4238 δὲ
1005 4186 1062 4237 ἐν
1096 4185 1276 4258 ἡμέρᾳ
1324 4190 1389 4259 τῇ
1436 4188 1662 4261 ἑϐδόμῃ,
1710 4189 1931 4260 ἐξῆλθον

341 4289 496 4335 τινες
526 4273 593 4325 ἐκ
629 4272 722 4325 τοῦ
754 4272 885 4326 λαοῦ
931 4273 1200 4340 συλλέξαι,
1232 4277 1327 4331 καὶ
1368 4278 1467 4348 οὐχ
1493 4273 1673 4349 εὗρον.
1709 4274 1842 4332 Eine
1872 4280 1930 4335 δὲ

2032 1819 2227 1874 Nullus
2271 1821 2547 1897 relinquat
2584 1836 2651 1876 ex
2697 1837 2765 1875 eo
2806 1822 2863 1875 in
2887 1836 3066 1875 mane.
3093 1821 3289 1875 Etnon
3316 1819 3610 1875 audierunt

2032 1910 2237 1975 Mosen,
2261 1913 2429 1983 288
2449 1913 2543 1967 sed
2567 1914 2911 1982 reliquerunt
2931 1910 3154 1981 quidam
3174 1925 3243 1965 ex
3261 1924 3328 1964 eo
3350 1910 3405 1964 in
3425 1925 3606 1973 mane,

2029 2009 2085 2054 et
2133 1999 2389 2053 eﬂ‘erbuit
2426 2015 2663 2064 vermes,
2695 2007 2751 2054 et
2795 1998 3150 2068 computruit.
3200 1997 3268 2052 Et
3297 1997 3610 2067 indignatus

2029 2102 2114 2145 est
2138 2099 2330 2146 contra
2355 2106 2452 2147 eos
2470 2091 2648 2148 Moses
2674 2091 2741 2144 ⁷⁸.
2779 2110 2796 2142 ι
2838 2091 2906 2145 Ει
2928 2099 3051 2159 post
3072 2099 3267 2145 caetera
3296 2105 3488 2146 rursus
3514 2105 3609 2145 eos

2028 2183 2328 2253 alloquitur
2367 2184 2598 2239 dicens:
2652 2204 2668 2235 ι
2702 2181 2816 2239 Hoc
2853 2183 3085 2238 verbum
3108 2189 3192 2241 est
3214 2180 3364 2253 quod
3393 2181 3610 2237 locutus

2027 2283 2112 2329 est
2150 2276 2448 2332 Dominus:
2477 2276 2713 2331 Sabbata
2735 2284 2923 2331 sancta
2949 2286 3078 2330 sunt
3109 2276 3330 2347 requies
3353 2276 3606 2338 Domino,

2027 2383 2168 2423 cras.
2210 2367 2562 2439 Quaecunque
2604 2369 2862 2424 coxeritis
2895 2369 3154 2439 coquite;
3193 2376 3249 2423 et
3268 2383 3608 2438 quaecunque

2027 2459 2365 2514 elixaveritis
2402 2460 2621 2525 elixate,
2660 2469 2716 2515 et
2756 2475 2918 2514 omne
2952 2458 3287 2529 superﬂuum
3316 2459 3608 2530 relinquite

2029 2549 2163 2604 illud
2205 2552 2262 2606 in
2300 2552 2693 2622 repositionem
2734 2552 2789 2605 in
2828 2552 3147 2606 crastinum.
3175 2551 3243 2620 Et
3266 2551 3610 2620 reliquerunt

2026 2657 2093 2695 ex
2117 2657 2183 2696 eo
2210 2643 2267 2696 in
2291 2657 2471 2709 mane,
2500 2644 2645 2697 sicut
2671 2650 3008 2712 praeceperat
3031 2641 3225 2705 Moses,
3256 2655 3359 2693 nec
3382 2654 3607 2708 compu-

2028 2732 2181 2797 truit,
2212 2749 2393 2803 neque
2414 2733 2620 2788 vermis
2642 2742 2804 2787 natus
2823 2740 2906 2787 est
2939 2732 2994 2786 in
3020 2731 3140 2800 ipso
3159 2732 3227 2784 ⁷⁸.
3251 2749 3277 2780 τ
3314 2729 3469 2796 Quod
3500 2728 3606 2801 igi-

2028 2830 2119 2878 tur
2155 2824 2453 2894 unicuique
2496 2825 2801 2880 suﬂiciebat
2837 2829 3183 2892 comportare
3211 2822 3393 2891 jussit.
3438 2820 3608 2875 Nemo

2029 2923 2210 2970 autem
2241 2898 2595 2986 prohibebat,
2622 2914 2919 2986 quominus
2943 2914 3082 2968 alter
3103 2911 3263 2966 alteri
3291 2910 3337 2965 si
3361 2910 3524 2966 vellet
3552 2911 3607 2966 in

2027 3007 2276 3062 absentia
2323 3008 2625 3079 colligeret,
2667 3016 2831 3077 atque
2865 3006 2938 3062 ita
2964 3003 3252 3059 cbaritatis
3274 3002 3392 3074 lege
3414 3002 3611 3056 condi-

2029 3107 2132 3152 ret.
2171 3099 2344 3170 Negat
2380 3108 2565 3155 autem
2603 3100 2829 3155 omnino
2849 3097 3149 3168 quidquam
3177 3110 3298 3151 esse
3316 3090 3607 3150 reservan-

2028 3188 2158 3243 dum
2190 3190 2246 3244 in
2274 3191 2577 3245 crastinum
2607 3208 2622 3257 ;
2658 3198 2715 3246 et
2747 3190 2792 3245 si
2827 3189 2931 3243 hoc
2953 3196 3079 3242 ante
3102 3187 3278 3240 solum
3308 3185 3605 3241 Sabbatum

2027 3279 2331 3347 permittat,
2378 3296 2448 3336 ne
2483 3280 2626 3335 forte
2669 3281 2757 3335 lex
2789 3279 2993 3350 quietis
3027 3279 3284 3333 violetur.
3318 3277 3435 3332 Non
3459 3277 3606 3331 enim

2029 3371 2256 3425 omnino
2277 3370 2661 3425 inveniebatur
2687 3369 2946 3434 Sabbato,
2976 3368 3110 3422 nihil
3133 3367 3454 3422 demittente
3474 3367 3605 3431 Deo,

2030 3470 2091 3516 ut
2118 3462 2199 3517 sic
2235 3461 2632 3532 propemodum
2678 3469 2900 3531 cogeret
2923 3475 3020 3515 eos
3043 3460 3099 3514 in
3124 3459 3362 3515 Sabbato
3385 3459 3454 3514 ab
3475 3474 3609 3529 ope-

2030 3555 2184 3609 ribus
2226 3570 2443 3609 vacare.
2491 3554 2693 3611 Verum
2740 3554 3024 3608 enimvero
3076 3552 3324 3622 plerique
3380 3567 3447 3606 ex
3504 3552 3607 3613 eis,

2029 3654 2344 3716 contempto
2367 3646 2556 3701 divino
2576 3645 2820 3709 oraculo,
2847 3645 3012 3700 etiam
3033 3645 3139 3699 hoc
3163 3651 3289 3698 ante
3313 3642 3608 3698 Sabbatuni

2030 3734 2402 3801 reservarunt,
2444 3745 2630 3805 atque,
2671 3744 2734 3789 ut
2767 3736 2844 3789 ait
2886 3750 3039 3789 sacra
3066 3734 3370 3803 Scriptura,
3406 3751 3425 3783 ι
3456 3746 3606 3785 com-

2029 3827 2244 3897 putruit
2285 3835 2343 3882 et
2393 3828 2594 3882 scatuit
2632 3825 2932 3880 vermibus.
2965 3842 2984 3875 i
3029 3824 3097 3878 Et
3134 3822 3493 3878 exacerbatus
3524 3831 3609 3876 est

2030 3918 2227 3982 Moses,
2247 3918 2378 3988 quia
2393 3918 2560 3971 etiam
2575 3917 2631 3971 in
2648 3915 2888 3970 Sabbato
2904 3914 3271 3969 excurrebant
3292 3912 3605 3977 collectum,

2029 4023 2097 4063 ex
2137 4022 2248 4079 quo
2280 4018 2338 4063 et
2372 4008 2516 4063 Deus
2547 4008 2664 4078 ipse
2701 4007 3038 4063 succensuit.
3064 4007 3141 4061 ita
3164 4004 3311 4061 enim
3339 4003 3605 4073 scriptum

2030 4108 2114 4155 est
2143 4118 2155 4152 :
2186 4118 2205 4151 ι
2231 4098 2445 4154 Accidit
2468 4107 2652 4155 autem
2674 4107 2731 4154 et
2755 4100 2809 4155 in
2834 4100 2923 4154 die
2947 4099 3202 4169 septimo,
3235 4095 3442 4167 egressi
3479 4107 3609 4153 sunt

2031 4193 2199 4263 aliqui
2223 4193 2292 4248 de
2315 4194 2520 4264 populo
2539 4202 2600 4249 ut
2620 4194 2959 4265 colligerent,
2983 4192 3078 4247 sed
3098 4191 3235 4246 nihil
3257 4191 3604 4247 invenerunt.

2031 4284 2289 4354 Dixitque
2332 4285 2599 4341 Dominus
2625 4284 2693 4339 ad
2720 4284 2906 4339 Mosen
2940 4301 2954 4336 :
2989 4284 3284 4353 Usquequo
3303 4298 3414 4336 non
3442 4283 3610 4337 vultis

346 4365 560 4436 Κύριος
606 4365 742 4436 πρὸς
786 4365 1023 4438 Μωσῆνο
1058 4369 1203 4432 Ἕως
1227 4368 1373 4434 τίνος
1400 4370 1461 4424 οὐ
1501 4369 1754 4441 βούλεσθε
1818 4373 1932 4426 εἶσ-

2035 4376 2227 4433 audire
2248 4377 2502 4432 mandata
2522 4392 2664 4441 mea,
2690 4384 2745 4429 et
2766 4376 2939 4446 legem
2964 4375 3176 4429 meam?
3191 4374 3450 4428 Dominus
3461 4374 3607 4427 enim

349 4455 578 4509 ακούειν
606 4454 706 4519 τὰς
743 4456 958 4520 ἐντολάς
983 4474 1084 4528 μου
1134 4458 1230 4512 καὶ
1265 4460 1358 4513 τὸν
1387 4460 1549 4531 νόμον
1577 4479 1709 4531 μου;
1746 4462 1932 4529 Ἴδετε,

347 4548 377 4598 6
424 4547 634 4618 Κύριος
674 4547 840 4601 ἔδωκε
872 4547 971 4618 τὴν
1009 4549 1223 4620 ἡμέραν
1267 4550 1471 4622 ταύτην
1517 4552 1789 4608 Σάϐϐατα.
1837 4555 1936 4607 Διὰ

348 4638 463 4710 γάρ
488 4638 651 4692 τοῦτο
669 4640 833 4703 αὐτὸς
861 4639 1060 4695 ἔδωκεν
1097 4643 1225 4713 ὑμῖν
1260 4646 1326 4714 τῇ
1357 4644 1539 4715 ἡμέρᾳ
1558 4647 1625 4715 τῇ
1656 4644 1791 4717 ἕκτῃ
1834 4646 1934 4716 ἄρ-

349 4746 480 4793 τους
512 4730 606 4784 δύο
629 4731 854 4803 ἡμερῶν
871 4747 885 4761 ο
915 4732 1213 4787 καθίσασθε
1241 4734 1470 4797 ἕκαστος
1494 4736 1575 4797 εἰς
1602 4736 1725 4797 τοὺς
1755 4734 1936 4800 οἴκους

352 4820 383 4873 ὑ
390 4822 541 4891 μῶν,
572 4822 762 4893 μηδεὶς
783 4822 936 4892 ὑμῶν
959 4824 1341 4894 ἐκπορευέσθω
1368 4825 1432 4877 ἐκ
1451 4822 1545 4875 τοῦ
1581 4823 1743 4877 τόπου
1768 4822 1932 4877 αὑτοῦ

349 4916 417 4984 τῇ
443 4914 630 4985 ἡμέρα
650 4918 716 4986 τῇ
746 4913 969 4986 ἑδδὸμῃ.
1002 4933 1021 4966 ι
1051 4915 1160 4968 Καὶ
1185 4915 1267 4979 τίς
1294 4914 1360 4969 ἂν
1382 4914 1592 4983 γένοιτο
1613 4914 1747 4985 πρὸς
1772 4914 1933 4985 ἡμῶν

349 5004 380 5055 6
403 5007 517 5068 tot;
538 5004 850 5077 εἰρημένοις
872 5006 1094 5076 πρέπων
1121 5022 1179 5058 τε
1202 5006 1295 5059 καὶ
1318 5002 1720 5076 ἁρμοδιώτατος
1744 5004 1931 5073 λόγος

351 5096 418 5147 Τί
450 5095 515 5165 δὴ
547 5096 612 5148 τὸ
643 5096 852 5168 ἑσπέρᾳ
883 5098 981 5168 μὲν
1019 5097 1115 5167 τὴν
1157 5096 1573 5168 ὁρτυγομήτραν
1614 5097 1805 5161 ἐλθεῖν,
1851 5096 1936 5150 δε-

347 5185 541 5240 δόσθαι
580 5185 639 5239 δὲ
681 5187 739 5239 ἐν
782 5188 922 5255 φωτὶ
966 5189 1061 5241 καὶ
1102 5187 1286 5259 ὄρθρῳ
1319 5188 1378 5240 τὸ
1415 5188 1620 5259 μάννα;
1667 5184 1837 5257 Οἶμαι
1878 5189 1935 5242 δὲ

349 5276 529 5344 ἔγωγε
560 5278 1135 5346 πολυπραγμονεῖσθαι
1170 5280 1395 5350 πρέπειν
1417 5296 1430 5311 ·
1461 5281 1554 5334 καὶ
1586 5282 1692 5351 πρό
1733 5297 1795 5349 γε
1824 5280 1935 5333 τῶν

2031 4467 2187 4523 dedit
2208 4468 2366 4523 vobis
2389 4466 2533 4521 diem
2566 4467 2707 4521 hanc
2730 4465 3051 4521 Sabbatum.
3084 4465 3313 4533 Propter
3350 4463 3456 4517 hoc
3494 4463 3609 4532 ipse

2031 4555 2184 4610 dedit
2205 4556 2364 4611 vobis
2387 4554 2476 4610 die
2503 4563 2657 4610 sexto
2679 4569 2849 4624 panes
2878 4554 3112 4609 duorum
3150 4552 3386 4615 dierum,
3423 4551 3608 4606 sedete

2032 4647 2412 4717 unusquisque
2467 4647 2522 4701 in
2574 4646 2832 4701 domibus
2875 4646 3093 4711 vestris,
3139 4644 3325 4699 nullus
3364 4652 3608 4699 vestrum

2032 4738 2350 4807 egrediatur
2375 4753 2405 4792 e
2430 4738 2553 4792 loco
2573 4753 2675 4792 suo
2700 4738 2789 4793 die
2811 4739 3045 4809 septimo
3067 4738 3131 4792 ".
3166 4757 3185 4789 ι
3206 4736 3468 4803 Quanam
3481 4750 3611 4789 vero

2036 4837 2220 4898 potest
2240 4844 2271 4882 a
2294 4829 2457 4883 nobis
2480 4829 2741 4899 assignari
2775 4832 2916 4885 ratio
2933 4831 3084 4886 hisce
3102 4829 3264 4885 dictis
3281 4828 3613 4883 conveniens

2038 4924 2384 4992 maximeque
2422 4924 2661 4978 idonea?
2699 4924 2899 4991 Quare,
2938 4924 3188 4987 obsecro,
3236 4919 3486 4975 coturnix
3521 4934 3611 4972 ve-

2036 5013 2184 5082 speri
2225 5014 2396 5078 venit,
2442 5030 2637 5071 manna
2686 5029 2820 5070 vero
2868 5014 3111 5069 diluculo
3135 5028 3199 5067 ac
3240 5025 3397 5065 mane
3424 5009 3610 5063 datum

2036 5102 2164 5156 est?
2187 5102 2453 5171 Equidem
2480 5118 2581 5174 par
2617 5122 2738 5163 esse
2771 5104 3029 5167 arbitror,
3060 5111 3121 5157 ut
3144 5108 3397 5156 accurate
3424 5099 3493 5154 de
3527 5098 3610 5153 his

2038 5189 2383 5260 inquiramus
2407 5209 2422 5258 ;
2447 5208 2510 5247 ac
2533 5209 2644 5262 pra:
2665 5192 2878 5247 ceteris
2891 5190 3023 5261 quid
3039 5187 3312 5251 coturnix,
3329 5184 3461 5255 quid
3480 5184 3611 5237 item

2039 5298 2239 5338 manna
2268 5283 2495 5355 ﬁgurate
2516 5302 2582 5342 ac
2605 5285 2775 5341 veluti
2810 5285 2865 5339 in
2890 5283 3105 5339 umbra
3123 5281 3294 5351 ﬁgura
3319 5275 3608 5348 signiﬁcet.

349 5369 562 5434 ἄλλων,
606 5373 657 5425 τί
705 5373 804 5443 μὲν
847 5373 881 5443 ἠ
920 5373 1328 5445 ὀρτυγομήτρα,
1362 5375 1504 5429 τίδὲ
1541 5377 1633 5430 καὶ
1665 5376 1723 5429 τὸ
1772 5375 1947 5446 μάννα
1995 5380 2457 5451 κατασημαίνοιεν
2503 5383 2571 5437 ᾶν
2614 5380 3024 5452 αἰνιγματωδῶς
3086 5377 3180 5432 καὶ
3246 5376 3322 5437 ὡς
3367 5374 3427 5425 ὲν
3454 5370 3613 5447 τύπῳ

352 5465 541 5527 σκιᾶς.

434 5645 488 5679 ’⁸
510 5645 682 5701 Exod.
712 5661 819 5714 xvi,
853 5646 1030 5705 lii—‘20.

1104 5650 1149 5678 ⁷⁵
1184 5647 1317 5702 ibid.
1349 5647 1438 5713 ‘25,
1462 5648 1550 5701 2i.

1626 5647 1671 5678 7"
1703 5645 1835 5701 ibid.
1866 5644 2061 5701 28-50.
