4024 6198
403 221 510 280 455

1440 214 1496 268 S.
1537 212 1809 270 CYBILLI
1849 209 2321 268 ALEXANDRIM
2356 211 2675 267 ARCHILP.

3560 214 3674 271 456

474 337 528 390 5.
555 334 712 402 Quod
722 334 890 406 igitur
906 333 1016 388 vita
1033 330 1468 389 Judaeorum'non
1482 330 1554 384 sit
1570 329 1740 384 libera
1755 344 1786 383 a
1801 341 1995 383 carna-

2164 332 2232 393 γθ.
2264 325 2388 379 Ὅτι
2419 327 2596 382 τοίνυν
2618 325 2897 397 σαρκικῶν
2923 325 3227 393 ἐπιθυμιῶν
3253 324 3357 378 οὐκ
3386 326 3673 398 ἀπηλλαγ-

405 430 553 484 lihus
563 426 1042 498 concupiscentiis,
1057 425 1214 480 facile
1230 424 1354 493 quis
1366 422 1716 486 intellexerit,
1733 419 1989 475 evidens-

407 536 516 589 quc
537 524 920 589 argumentum
939 515 1127 581 fuerit,
1143 512 1289 583 quod
1309 527 1505 568 carnes
1523 510 1868 582 (Egyptiacas
1884 507 1989 563 sibi

411 611 464 667 in
501 611 688 667 cibum
728 613 995 677 quaerant,
1030 613 1380 673 mentemque
1405 602 1492 657 his
1524 601 1739 657 deliciis
1763 601 1988 663 victam,

408 714 476 754 ac
498 695 782 770 tyrannide
806 709 1125 765 oppressam
1162 694 1420 749 habeant.
1452 693 1601 748 Nihil
1633 706 1767 747 vero
1799 691 1904 745 tale
1934 690 1992 745 in

410 791 571 846 nobis
595 788 864 844 invenias.
899 786 1235 842 Sanctiﬁcati
1252 786 1401 841 enim
1432 800 1625 840 sumus
1659 783 1714 839 in
1745 781 1989 846 Christo,

410 889 578 949 atque
606 878 712 932 ista
730 876 937 931 carnali
963 875 1312 931 immunditia
1342 875 1656 944 superiores
1696 872 1989 927 evasimus.

413 968 742 1040 assQuod
761 968 984 1038 quidem
1007 976 1241 1022 testatur
1267 964 1488 1021 divinus
1520 966 1725 1020 Paulus
1757 964 1831 1018 ita
1855 962 1994 1017 scri-

412 1060 552 1114 bc‘lts
570 1078 583 1112 :
598 1081 615 1111 ι
633 1059 737 1126 Qui
750 1067 880 1113 sunt
904 1059 959 1113 in
969 1059 1189 1114 Christo
1198 1059 1348 1122 .Iesu,
1361 1072 1582 1112 carnem
1603 1054 1998 1111 cruciﬁxerunt

414 1168 540 1208 cum
567 1151 858 1206 affectibus
902 1159 959 1205 et
1002 1150 1476 1220 concupiscentiis
1507 1150 1573 1202 ⁷⁷.
1607 1168 1624 1199 ι
1656 1146 1867 1216 Ecquid
1912 1152 1998 1201 est

420 1263 439 1294 ε
465 1241 903 1298 cruciﬁxerunt?
926 1261 944 1292 ι
981 1242 1090 1296 nisi
1112 1240 1260 1311 quod
1301 1255 1421 1296 sese
1451 1238 1783 1294 tradiderint
1805 1236 1995 1303 morti,

416 1333 691 1405 spirituali
723 1332 1009 1397 nimirum,
1031 1348 1139 1386 non
1156 1333 1395 1402 amplius
1412 1332 1709 1387 carnaliter
1737 1329 1995 1395 vivendo,

416 1435 582 1497 atque
613 1424 948 1494 temporaria
997 1425 1303 1494 sapiendo;
1352 1425 1449 1480 sed
1498 1424 1685 1495 potius
1722 1443 1739 1474 ι
1764 1420 1998 1477 mortiﬁ-

422 1521 614 1569 cantcs
637 1512 887 1566 membra
929 1521 1172 1576 terrena,
1227 1514 1642 1578 scortationem,
1699 1511 1999 1567 immundi-

418 1602 575 1665 tiam,
603 1600 860 1656 aﬁ‘ectum
878 1642 893 1666 ,
923 1603 1425 1672 concupiscentiam
1452 1604 1649 1658 malam
1668 1601 1770 1667 ⁷⁸,›
1803 1612 1859 1656 et
1885 1618 2001 1656 am-

418 1693 678 1748 bulantes
703 1693 930 1762 quidem
958 1695 1014 1747 in
1031 1671 1199 1759 terra,
1227 1703 1345 1751 toto
1399 1702 1584 1751 autem
1614 1703 1837 1766 pectore
1861 1710 1997 1749 con-
2031 1671 2072 1726 Β

418 1785 714 1840 tendentes
745 1794 911 1855 atque
935 1786 1247 1855 aspirantes
1263 1787 1330 1841 ad
1355 1786 1523 1842 vitam
1543 1801 1861 1856 supernam.
1891 1785 2000 1840 Me-

417 1875 700 1931 mineruut
769 1875 917 1933 enim
987 1892 1158 1931 sacrae
1233 1876 1534 1947 Scriptum
1605 1874 1995 1932 exelamantis:

430 1986 449 2019 ι
483 1967 692 2037 Spiritu
723 1967 1027 2032 ambulate,
1058 1976 1114 2022 et
1138 1968 1646 2036 concupiscentiam
1674 1966 1859 2021 carnis
1888 1981 2000 2040 non

418 2058 718 2127 perﬁcietis
735 2060 803 2113 ⁷³.
834 2077 851 2109 ι
870 2059 1021 2114 Mens
1053 2059 1223 2129 igitur
1242 2060 1558 2115 Iudaeorum
1581 2059 1799 2114 inﬁrma
1817 2067 1922 2123 est,
1944 2067 2002 2114 et

421 2152 493 2205 ab
545 2151 845 2206 aﬁectuum
894 2151 1349 2220 corruptionibus
1388 2152 1549 2207 facile
1614 2159 1998 2222 expugnatur:

420 2242 624 2312 quippe
656 2256 780 2311 qua:
803 2241 988 2295 adhuc
1035 2249 1185 2297 amet
1219 2242 1483 2307 carnalia,
1515 2250 1571 2298 et
1611 2251 1830 2297 terrena
1874 2256 2005 2295 con—

420 2334 688 2403 cupiscat.
721 2333 837 2387 Hoc
868 2339 1054 2386 autem
1079 2333 1262 2398 nobis,
1293 2342 1355 2387 ut
1380 2333 1516 2398 dixi,
1555 2349 1654 2403 per
1686 2332 2004 2388 coturnices

419 2424 782 2495 signiﬁcatur.
834 2422 911 2478 Ac
935 2424 1143 2493 praebet
1178 2424 1403 2494 quidem
1443 2425 1590 2479 Deus
1626 2423 2001 2494 cupientibus,

420 2531 533 2573 non
558 2516 847 2585 impellens
887 2532 983 2572 eos
1006 2515 1075 2571 ad
1125 2517 1654 2586 concupiscendum,
1697 2530 1877 2586 neque
1902 2515 2003 2570 ad-

423 2610 534 2664 huc
555 2608 868 2664 concedens
902 2608 1122 2663 fortiter
1164 2608 1456 2679 affectibus
1502 2608 1795 2674 resistere;
1827 2623 2005 2678 neque

421 2701 575 2763 enim
609 2701 676 2754 iis
708 2701 803 2769 qui
846 2699 953 2754 sub
977 2701 1097 2770 lege
1142 2707 1272 2755 sunt
1299 2702 1559 2756 convenit
1596 2700 1857 2770 splendor
1879 2701 2006 2756 vita:

420 2802 479 2848 et
500 2791 744 2863 perfecta
770 2791 1154 2855 sanctiﬁcatio,
1187 2793 1283 2847 sed
1312 2792 1380 2855 iis
1402 2791 1588 2860 potius
1638 2791 1734 2861 qui
1762 2792 1819 2846 in
1847 2791 2008 2847 Chri-

422 2890 510 2938 sto
531 2889 681 2947 sunt,
701 2890 975 2936 servatur.
993 2881 1149 2937 Unde
1172 2889 1230 2936 et
1248 2888 1632 2937 testamentum
1646 2896 1850 2936 novum
1873 2897 2003 2951 pro-

2096 415 2233 487 μένη
2252 415 2361 470 τῶν
2376 417 2692 487 Ἰουδαίωνή
2705 414 2838 487 ζωὴ,
2859 417 3016 469 νοοῖτ’
3035 416 3102 469 ἂν
3126 415 3372 479 εἰκότως,
3401 415 3498 481 καὶ
3519 416 3671 486 ἐλέγ-

2091 509 2148 576 ξε
2157 527 2202 569 ιε
2237 508 2423 580 σαφῶς
2439 509 2499 562 τὸ
2514 508 2747 579 ἐδώδιμα
2765 507 3034 561 ποιεῖσθαι
3052 507 3232 577 ζητεῖν
3247 507 3317 561 τὰ
3334 508 3395 561 ὲν
3410 508 3675 580 Αἰγύπτῳ

2091 601 2251 672 κρέα,
2282 602 2378 658 καὶ
2396 604 2516 664 ταῖς
2541 602 2621 665 εἰς
2642 601 2799 655 τοῦτο
2821 604 3014 672 ῥοπαῖς
3034 601 3473 671 ὲκνενικημένον,
3490 618 3678 670 μονον-

2091 693 2214 763 ουχὶ
2249 693 2305 745 δὲ
2337 692 2433 746 καὶ
2461 691 2891 764 τυραννούμενον
2926 692 3073 762 ἔχειν
3104 692 3198 745 τὸν
3227 691 3372 745 νοῦν.
3412 693 3550 745 Ἀλλ’
3570 694 3677 746 οὐκ

2091 784 2158 839 ἂν
2197 784 2369 855 ὁρῷτο
2400 784 2468 836 τὰ
2508 783 2630 837 καθ’
2655 786 2804 855 ἡμᾶς
2836 786 2893 837 ἐν
2924 783 3154 846 τούτοις.
3197 783 3536 854 Ἡγιάσμεθα
3565 783 3678 854 γὰρ

2095 877 2151 928 ἐν
2173 876 2414 947 Χριστῷ,
2440 877 2535 931 καὶ
2552 876 2716 947 ἐσμὲν
2744 876 3000 929 ἐπέκεινα
3022 875 3290 945 σαρκικῆς
3311 874 3674 946 ἀκαθαρσίας.

2109 967 2579 1037 Ἐπιμαρτυρήσει
2629 966 2688 1020 δὲ
2738 966 2964 1037 γράφων
3018 967 3048 1017 6
3097 964 3385 1027 θεσπέσιος
3426 964 3674 1028 Παῦλος-ο

2103 1079 2119 1110 ι
2169 1060 2231 1113 Ol
2266 1057 2321 1119 δὲ
2363 1058 2457 1111 τοῦ
2495 1057 2734 1129 Χριστοῦ
2774 1057 2970 1130 Ἰησοῦ,
2993 1056 3092 1128 τὴν
3118 1058 3296 1127 σάρκα
3316 1056 3678 1130 ἐσταύρωσαν

2098 1151 2195 1204 σῦν
2224 1152 2336 1214 τοῖς
2367 1149 2657 1219 παθήμασι
2689 1149 2783 1202 καὶ
2801 1151 2921 1212 ταῖς
2947 1148 3285 1218 ἐπιθυμίαις.
3320 1166 3339 1198 ι
3372 1148 3487 1201 Καὶ
3513 1148 3568 1199 τί
3593 1147 3677 1210 τὸ,

2103 1256 2122 1291 ι
2157 1238 2547 1308 ἑσταύρωσαν;
2601 1256 2620 1288 ι
2679 1238 2796 1291 ἀντὶ
2843 1235 2958 1297 τοῦ.
2989 1236 3205 1307 θανάτῳ
3235 1235 3678 1307 παραδεδώκασι,

2096 1330 2273 1401 νοητῷ
2297 1330 2557 1400 δηλονότι,
2586 1329 2673 1383 διά
2702 1346 2766 1398 γε
2794 1328 2854 1382 τὸ
2890 1329 2965 1400 μὴ
3004 1328 3293 1398 ἀνέχεσθαι
3323 1328 3467 1382 κατά
3500 1329 3683 1400 σάρκα

2099 1419 2218 1493 ζῇν,
2252 1423 2390 1492 μήτε
2427 1421 2533 1492 μὴν
2556 1420 2770 1474 ἑλέσθαι
2814 1422 3031 1492 φρονεῖν
3070 1419 3140 1472 τὰ
3171 1419 3508 1491 πρόσκαιρα,
3576 1435 3681 1473 κα-

2098 1510 2394 1586 τανεκροῦν
2433 1511 2491 1565 δὲ
2522 1510 2722 1581 μᾶλλον
2744 1510 2812 1564 τὰ
2848 1510 2985 1581 μέλη
3015 1511 3083 1563 τά
3111 1510 3204 1562 ἐπὶ
3234 1512 3355 1580 γῆς,
3398 1508 3682 1580 πορνείαν,

2102 1603 2292 1668 πάθος,
2319 1602 2614 1673 ἐπιθυμίαν
2626 1588 2828 1675 κακὴν,
2866 1603 2961 1656 καὶ
2982 1602 3307 1671 περιπατεῖν
3331 1600 3431 1671 μὲν
3451 1601 3680 1671 ὲπὶγῆς,

2100 1695 2379 1766 γλίχεσθαι
2414 1694 2470 1747 δὲ
2500 1694 2704 1766 σφόδρα
2724 1694 2831 1749 τῶν
2867 1694 2980 1749 ἄνω
3017 1692 3452 1763 πολιτευμάτων.
3481 1692 3686 1763 Διαμέ-

2104 1804 2301 1857 μνηται
2345 1785 2455 1855 γὰρ
2485 1785 2717 1856 βοῶντος
2762 1785 3092 1855 Γράμματος
3125 1781 3293 1855 ἱεροῦο
3336 1800 3357 1834 ι
3404 1782 3686 1852 Πνεύματι

2101 1882 2477 1950 περιπατεῖτε,
2508 1879 2603 1932 καὶ
2629 1876 2924 1948 ἐπιθυμίαν
2950 1875 3153 1946 σαρκὸς
3179 1876 3241 1928 ού
3263 1873 3338 1945 μὴ
3368 1872 3681 1944 τελέσητε.»

2113 1971 2373 2042 Ἀδρανὴς
2405 1966 2497 2023 οὖν
2538 1970 2647 2041 ἀρα
2683 1967 2793 2021 τῶν
2857 1966 3127 2021 Ἰουδαίων
3169 1966 3201 2018 6
3252 1965 3400 2030 νοῦς,
3442 1965 3537 2019 καὶ
3564 1967 3688 2026 ταῖς

2100 2062 2208 2115 τῶν
2234 2060 2423 2116 παθῶν
2447 2059 2774 2132 προσϐολαῖς
2796 2057 2930 2111 πολὺ
2953 2057 3016 2127 δὴ
3038 2057 3158 2110 λίαν
3178 2054 3682 2123 εύκαταγώνιστος·

2103 2155 2205 2225 ὲρᾷ
2230 2153 2339 2224 γὰρ
2375 2152 2454 2206 ἐτι
2484 2151 2595 2205 τῶν
2622 2152 2925 2223 σαρκικῶν,
2958 2152 3053 2205 καὶ
3082 2151 3312 2221 ἡττᾶται
3336 2149 3448 2202 τῶν
3487 2148 3688 2217 γεωδε-

2105 2244 2333 2315 στέρων.
2362 2241 2534 2295 Ταυτὶ
2561 2240 2620 2294 δὲ
2653 2243 2808 2311 ἡμῖν,
2836 2240 2912 2303 ὡς
2943 2239 3105 2311 ἔφην,
3129 2238 3222 2292 διὰ
3250 2241 3350 2310 τῆς
3370 2237 3689 2311 ὀρτυγομή-

2102 2352 2239 2407 τρας
2295 2332 2639 2404 σημαίνεται.
2692 2332 2906 2403 Ὀρὲγει
2950 2348 3015 2401 γε
3044 2331 3151 2402 μὴν
3178 2328 3499 2401 ἐπιζητοῦσι
3526 2329 3683 2393 θεὸς,

2104 2426 2202 2496 οὐχ
2228 2425 2405 2479 ἕλκων
2433 2424 2598 2487 αὐτὸς
2637 2425 2717 2487 είς
2763 2422 3081 2493 ἐπιθυμίας,
3110 2420 3265 2476 οῦπώ
3307 2422 3370 2476 δὲ
3412 2420 3589 2484 διδοὺς
3623 2420 3687 2474 τὸ

2105 2515 2616 2572 κατανεανιεύεσθαι
2648 2514 2837 2568 παθῶν
2860 2531 2874 2544 ·
2923 2515 3005 2567 ὅτι
3067 2514 3142 2585 μὴ
3196 2515 3309 2577 τοῖς
3338 2514 3398 2567 ὲν
3447 2512 3600 2583 νόμῳ
3624 2510 3688 2566 τὸ

2106 2610 2384 2681 ἐκπρεπὲς
2410 2608 2489 2671 είς
2516 2606 2687 2678 ζωὴν,
2716 2606 2810 2660 καὶ
2850 2605 2912 2659 τὸ
2938 2606 3015 2669 είς
3047 2604 3199 2659 ἅπαν
3223 2603 3578 2675 ἡγιασμένον,
3599 2620 3687 2657 τε·

2105 2705 2312 2776 τήρητο
2359 2702 2418 2755 δὲ
2474 2699 2674 2772 μᾶλλον
2712 2701 2825 2763 τοῖς
2859 2699 2917 2751 ὲν
2944 2692 3234 2768 πνεύματι.
3268 2697 3558 2768 Τοιγάρτοι
3589 2698 3687 2750 καὶ

2086 2793 2372 2865 διαθήκην
2398 2793 2591 2863 καινὴν
2620 2790 2983 2860 ἐπηγγείλατο
3010 2788 3103 2842 διὰ
3130 2788 3413 2860 προφήτου
3441 2788 3596 2851 Θεὸς,
3621 2788 3684 2840 οὐ

2109 2887 2230 2940 κατ’
2262 2884 2476 2954 ἐκείνην
2507 2886 2608 2957 τὴν
2632 2885 2875 2955 πρώτην,
2904 2882 2986 2935 ὅτι
3020 2880 3093 2951 μὴ
3127 2878 3240 2950 ἔχει
3266 2880 3329 2933 τὸ
3363 2879 3684 2951 ἄμεμπτον·

425 2974 578 3028 misit
596 2973 742 3028 Deus
765 2989 865 3042 per
895 2974 1246 3043 prophetam,
1276 2989 1388 3027 non
1440 2973 1603 3043 quale
1637 2974 1795 3044 prius
1846 2973 2004 3038 illud,

2112 2975 2303 3045 ἑτέραν
2336 2973 2393 3026 δὲ
2416 2973 2509 3026 καὶ
2536 2970 2933 3042 πνευματικὴν,
2960 2968 3200 3022 τελειοῦν
3230 2968 3524 3040 ἰσχύουσαν
3548 2968 3690 3022 κατά

424 3065 572 3136 quod
589 3064 822 3120 nonfuit
842 3064 1067 3120 omnino
1083 3064 1603 3135 irreprehensibile:
1628 3064 1725 3120 sed
1748 3064 2003 3130 alterum,

425 3154 577 3225 quod
626 3162 713 3209 est
762 3153 1072 3222 spirituale,
1119 3153 1379 3223 quodque
1412 3154 1679 3224 perﬁcere
1713 3163 1896 3224 potest
1944 3170 2009 3210 ac

425 3259 809 3300 consummare
866 3259 965 3298 eos
1000 3245 1096 3313 qui
1148 3246 1512 3311 crediderint,
1565 3245 1622 3299 in
1647 3245 2007 3302 conscientia.

427 3336 564 3391 Vide
590 3343 776 3389 autem
803 3350 914 3403 quo
939 3345 1102 3404 pacto
1131 3337 1349 3406 vesperi
1388 3337 1483 3392 ﬁat
1542 3339 1893 3393 coturnicum
1916 3326 2012 3394 vo-

428 3431 574 3487 latus
596 3430 663 3484 ad
689 3428 1006 3484 .ludzeorum
1028 3445 1379 3501 synagogam.
1410 3431 1502 3486 Ait
1530 3432 1678 3487 enim
1700 3450 1713 3485 :
1746 3453 1765 3484 ‹
1783 3432 2010 3487 Factum

428 3529 515 3577 est
540 3535 796 3590 vespere,
823 3530 878 3574 et
918 3521 1166 3575 ascendit
1210 3523 1506 3577 coturnix:
1537 3542 1553 3572 ι
1583 3523 1808 3593 oblique
1850 3523 2012 3578 nobis

430 3614 696 3669 innuente
751 3612 923 3683 ﬁgura
975 3613 1121 3682 quod
1165 3612 1261 3683 qui
1311 3614 1550 3668 terrenis
1595 3615 1762 3669 rebus
1805 3612 2011 3668 addicti

433 3715 590 3771 sunt,
618 3714 1039 3761 nonversentur
1067 3705 1124 3760 in
1171 3705 1293 3761 luce
1339 3704 1696 3775 intelligibili,
1728 3706 1826 3761 sed
1883 3712 2008 3759 tan-

429 3814 595 3868 quam
615 3798 673 3852 in
699 3807 863 3853 nocte
892 3814 957 3852 ac
986 3796 1252 3854 tenebris.
1277 3796 1457 3867 Atque
1481 3797 1557 3851 ita
1585 3796 1814 3851 omnino
1835 3808 1894 3851 se
1920 3812 2011 3851 res

431 3891 617 3955 habet,
641 3891 772 3961 quia
814 3906 970 3947 mens
1010 3890 1327 3946 Judzeorum
1375 3904 1724 3960 nequaquam
1777 3889 2012 3944 liberata

430 3991 519 4037 est
539 3984 609 4037 ab
635 3984 911 4051 imperitia
952 3992 1011 4038 et
1039 3985 1291 4039 caecitate
1336 3991 1501 4051 atque
1525 3981 1759 4052 caligine
1808 3980 2011 4035 intelli-

432 4071 607 4140 gibili.
648 4070 787 4123 [line
812 4080 868 4123 ct
890 4070 1144 4125 Christ
1165 4071 1457 4134 exclamat,
1479 4069 1698 4124 dicens:
1721 4089 1737 4120 ι
1757 4069 1869 4140 Ego
1890 4083 2014 4124 sum

433 4162 531 4216 lux
574 4160 766 4213 mundi
798 4160 865 4210 '°.
899 4178 917 4208 ι
950 4159 1011 4212 in
1052 4160 1289 4228 caligine
1338 4164 1523 4228 itaque
1580 4167 1637 4214 et
1664 4161 1719 4214 in
1771 4161 2015 4217 tenebris

434 4260 582 4316 sunt,
603 4250 697 4321 qui
714 4249 959 4305 nondum
983 4257 1314 4320 receperunt
1341 4247 1526 4313 ﬁdem,
1542 4250 1746 4318 quippe
1766 4251 1862 4318 qui
1879 4267 2017 4306 non-

2112 3066 2417 3136 συνείδησιν
2444 3063 2573 3126 τοὺς
2602 3063 2978 3126 πιστεύοντας.
3002 3061 3112 3116 Θέα
3138 3061 3194 3114 δὲ
3222 3061 3413 3133 ὥσπερ
3445 3061 3503 3114 ἐν
3528 3059 3690 3114 esas-

2112 3176 2184 3231 ρα
2208 3157 2288 3231 [ὴ]
2314 3158 2422 3212 τῶν
2443 3157 2870 3230 ὀρτυγομητρῶν
2894 3155 3103 3225 γίνεται
3123 3153 3259 3226 πρὸς
3278 3154 3380 3225 τὴν
3421 3152 3691 3208 Ἰουδαίων

2110 3251 2441 3323 Συναγωγὴν
2466 3252 2686 3320 πτῆσις.
2721 3249 2862 3320 Φησὶ
2888 3249 3017 3322 γάρ’
3051 3269 3071 3302 r
3110 3249 3358 3317 Ἐγένετο
3382 3247 3441 3301 δὲ
3463 3246 3691 3318 ἑσπέρα,

2111 3344 2207 3399 καὶ
2236 3344 2402 3414 ἀνέϐη
2434 3344 2848 3415 ὀρτυγομήτρα·
2892 3362 2908 3394 ι
2943 3341 3190 3412 πλαγίως
3223 3342 3355 3412 ἡμῖν
3382 3339 3480 3393 τοῦ
3510 3341 3691 3411 πράγ-

2115 3452 2282 3507 ματος
2313 3433 2769 3505 ὑπεμφαίνοντος,
2796 3434 2879 3487 ὅτι
2910 3432 3044 3505 μηδέ
3074 3433 3222 3485 ἐστιν
3257 3432 3317 3483 ὲν
3346 3431 3487 3500 φωτὶ
3517 3428 3696 3500 νοητῷ

2110 3528 2219 3582 τῶν
2248 3528 2455 3598 γηΐνων
2480 3528 2508 3579 6
2539 3526 2796 3597 ἐραστὴς,
2829 3525 2942 3579 ἀλλ’
2981 3525 3057 3589 ὡς
3086 3527 3143 3578 ὲν
3171 3523 3328 3579 νυκτὶ
3360 3523 3457 3577 καὶ
3491 3520 3692 3590 σκότῳ.

2112 3620 2222 3673 Καὶ
2253 3619 2315 3671 τὸ
2350 3616 2545 3688 χρῆμά
2570 3618 2738 3682 ἐστιν,
2764 3616 2828 3670 ού
2852 3612 3287 3685 διεψευσμένως’
3325 3606 3567 3682 ἀμαθίας
3584 3609 3697 3683 γὰρ

2112 3709 2208 3763 καὶ
2236 3706 2568 3779 πωρώσεως,
2596 3706 2765 3778 ἡγουν
2794 3706 2993 3776 ἀχλύος
3019 3705 3120 3774 τῆς
3146 3703 3366 3776 νοητῆς,
3394 3703 3700 3757 ὀ·τῶν’Ῑουο

2112 3799 2275 3853 δαίων
2309 3799 2413 3852 ούκ
2452 3798 2798 3870 ἀπήλλακται
2828 3797 2972 3860 νοῦς.
3019 3795 3309 3866 Τοιγάρτοι
3358 3794 3454 3849 καὶ
3494 3795 3524 3847 6
3558 3795 3693 3865 Χρι-

2115 3889 2237 3953 στὸς
2300 3888 2641 3960 προσεφώνει
2690 3888 2863 3957 λέγων
2891 3905 2908 3922 ο
2967 3905 2986 3937 ο
3026 3886 3169 3956 Ἐγώ
3197 3887 3314 3957 είμι
3346 3886 3409 3939 τὸ
3444 3884 3561 3954 φῶς
3597 3884 3698 3938 τοῦ

2113 3982 2341 4051 κόσμου.
2373 3999 2394 4033 δ
2451 3980 2542 4035 Ἐν
2599 3978 2761 4050 ἀχλύῖ
2818 3978 2883 4049 δὴ
2954 3973 3050 4032 οὖν
3108 3978 3205 4031 καὶ
3260 3978 3339 4041 ὡς
3404 3978 3463 4032 ὲν

2113 4068 2307 4123 λοιπὸν-
2344 4069 2396 4122 ol.
2458 4066 2612 4123 οὕπω
2657 4067 3119 4131 πεπιστευκότεςο
3166 4068 3229 4121 οὐ
3278 4067 3389 4139 γὰρ
3437 4066 3700 4136 ἀφίκοντο

2116 4162 2255 4230 πρὸς
2306 4160 2369 4213 τὸ
2413 4159 2549 4230 φῶς.
2610 4160 2757 4229 Ἔφη
2801 4158 2858 4213 δέ
2909 4176 3012 4213 που
3074 4158 3204 4231 περί
3260 4175 3325 4212 τε
3369 4159 3481 4212 τῶν
3523 4159 3698 4231 Φαρι-

2117 4251 2284 4304 σαίων
2352 4251 2447 4304 καὶ
2512 4251 2621 4304 τῶν
2690 4250 2798 4303 ὑπὸ
2849 4252 3005 4322 χεῖρα
3074 4249 3251 4313 λαῶν,
3321 4250 3352 4302 6
3416 4248 3696 4319 Χριστὸς·

434 4343 568 4398 dum
587 4341 842 4398 venerint
861 4341 927 4395 ad
960 4340 1161 4395 lucem.
1203 4339 1297 4394 Ait
1320 4339 1470 4395 enim
1494 4337 1627 4394 alibi
1662 4338 1919 4394 Christus
1941 4339 2005 4394 de

2121 4361 2140 4393 ι
2186 4343 2387 4410 ’Ἅφετε
2416 4342 2633 4406 αὐτούς·
2665 4342 2857 4412 τυφλοὶ
2882 4343 2991 4412 γάρ
3011 4343 3170 4407 εἰσιν,
3200 4340 3384 4412 ὁδηγοὶ
3407 4340 3647 4409 τυφλῶν.
3672 4359 3692 4391 ο

435 4431 728 4490 Pharisaais
773 4440 830 4487 et
877 4432 1081 4502 populo
1129 4431 1264 4502 ipsis
1302 4430 1586 4501 subjecto:
1638 4427 1851 4483 «Sinite
1896 4443 2012 4493 eos,

437 4525 571 4581 caeci
594 4532 745 4588 sunt,
770 4531 830 4578 et
854 4523 1026 4577 duces
1072 4537 1345 4578 caecorum
1369 4519 1437 4573 ⁸¹.
1463 4538 1480 4570 ι
1506 4519 1659 4574 Mens
1708 4518 1878 4588 igitur
1915 4518 2016 4573 Ju-

436 4615 683 4671 daeorum
713 4629 858 4668 caeca
889 4619 947 4666 et
971 4612 1200 4666 luminis
1217 4626 1439 4682 expers,
1467 4611 1704 4679 ideoque
1726 4610 1912 4665 carnis
1933 4609 2016 4664 ain

433 4706 675 4764 fectibus
720 4705 995 4768 laborant,
1042 4711 1148 4759 eta
1193 4703 1431 4758 terrenis
1458 4703 1626 4759 rebus
1656 4703 2014 4774 dependent;

435 4815 639 4856 manna
661 4813 794 4852 vero
847 4810 1137 4852 censemus
1166 4810 1287 4850 esse
1312 4797 1565 4852 umbram
1605 4812 1670 4851 ac
1716 4804 1903 4868 typum
1930 4796 2017 4851 di-

436 4891 684 4962 sciplinae
707 4904 774 4944 ac
795 4888 1068 4943 donorum
1100 4885 1337 4959 Christi,
1374 4902 1497 4956 qua
1527 4903 1559 4942 e
1583 4887 1840 4957 supernis
1864 4894 2015 4954 sunt,

438 4998 617 5054 neque
640 4980 941 5053 quidquam
955 4978 1165 5034 habent
1179 4985 1486 5044 terrenum,
1498 4979 1593 5034 sed
1607 4979 1791 5050 potius
1813 4979 2017 5035 abhor-

440 5075 644 5130 rentab
666 5070 1801 5141 istacarnaliemcrationeﬁsosuntque
1825 5087 2018 5127 revera

439 5183 549 5221 non
573 5165 863 5222 hominum
894 5165 1094 5230 solum,
1130 5163 1227 5219 sed
1250 5162 1572 5234 angelorum
1590 5150 1758 5217 etiam
1781 5163 2011 5219 cibaria.

2124 4433 2398 4504 ’Δφεγγὴς
2436 4430 2530 4488 οὖν
2562 4434 2670 4503 ἄρα
2709 4435 2819 4489 τῶν
2871 4433 3136 4490 Ἰουδαίων
3173 4435 3202 4486 6
3234 4431 3387 4496 νοῦς’
3413 4432 3698 4502 τοιγάρτοι

2111 4524 2326 4577 νοσοῦσι
2355 4523 2498 4577 κατὰ
2520 4525 2744 4598 σαρκὸς,
2776 4527 2870 4580 καὶ
2890 4525 3176 4597 μονονουχὶ
3195 4525 3290 4579 καὶ
3323 4523 3703 4595 ὲκκρέμανται

2111 4616 2220 4670 τῶν
2250 4615 2653 4687 γεωδεστέρων.
2693 4617 3039 4688 Δογιούμεθα
3079 4613 3173 4670 οὖν
3211 4616 3275 4669 τὸ
3308 4615 3507 4686 μάννα,
3537 4612 3704 4668 σκιὰν

2114 4705 2255 4763 εἶναι
2292 4708 2387 4763 καὶ
2416 4707 2585 4761 τύπον
2633 4709 2740 4762 τῶν
2784 4709 2873 4764 διὰ
2919 4708 3159 4780 Χριστοῦ
3209 4706 3599 4777 παιδευμάτων
3638 4722 3704 4759 τι

2118 4801 2214 4856 καὶ
2243 4800 2623 4872 χαρισμάτων,
2652 4800 2688 4854 ἃ
2721 4802 2814 4854 καὶ
2842 4800 3049 4854 ἄνωθέν
3084 4802 3200 4853 ἐστι
3235 4800 3329 4854 καὶ
3348 4799 3408 4862 ἐξ
3438 4798 3699 4869 οὐρανοῦ,

2118 4894 2216 4946 καὶ
2239 4893 2301 4944 τὸ
2328 4890 2527 4960 γεῶδες
2558 4892 2659 4945 οὐκ
2683 4890 2797 4960 ἔχει
2827 4890 2992 4946 ποθέν
3009 4908 3025 4922 ·
3058 4892 3281 4963 ἀμοιρεί
3298 4890 3357 4945 δὲ
3383 4890 3584 4961 μᾶλλον
3607 4892 3703 4944 καὶ

2120 4984 2401 5056 βδελυρίας
2430 4983 2720 5056 σαρκικῆς,
2758 4983 2852 5037 καὶ
2908 4983 3054 5037 ἔστιν
3088 4983 3306 5055 ἀληθῶς
3340 4985 3442 5038 οὐκ
3491 4982 3705 5056 ἀνθρώ-

2120 5076 2236 5129 πών
2265 5077 2446 5148 μόνον,
2495 5075 2632 5129 ἀλλά
2684 5075 2777 5128 καὶ
2819 5075 3069 5143 ἀγγέλων
3096 5076 3295 5146 τροφή.
3335 5075 3706 5145 Πεφανέρωκε

2121 5167 2231 5237 γάρ
2264 5167 2395 5237 ἡμῖν
2427 5168 2456 5219 6
2478 5166 2604 5229 Υίὸς
2637 5166 2695 5218 ὲν
2728 5165 2902 5236 ἐαυτῷ
2930 5165 3021 5218 τὸν
3056 5167 3299 5238 Πατέρα,
3327 5167 3539 5221 καὶτὸν
3575 5168 3703 5237 περὶ

438 5258 614 5313 Filius
628 5257 777 5313 enim
808 5256 865 5313 in
889 5257 1072 5328 seipse
1098 5256 1317 5312 Patrem
1357 5253 1523 5310 nobis
1545 5253 1934 5321 manifestavit,
1959 5263 2005 5310 el

2125 5257 2221 5328 τῆς
2252 5258 2413 5326 ἁγίας
2436 5257 2527 5311 καὶ
2551 5255 2835 5327 ὁμοουσίου
2863 5256 3095 5327 Τριάδος
3119 5257 3279 5328 λόγον
3303 5258 3371 5312 δι’
3403 5257 3571 5312 αὐτοῦ
3608 5275 3701 5312 πε-

440 5363 538 5418 per
564 5348 743 5418 ipsum
766 5348 973 5407 eruditi
995 5361 1188 5402 sumus
1210 5352 1412 5401 sanctae
1442 5352 1499 5399 et
1531 5344 2005 5400 consubstantialii

2125 5346 2482 5418 πιστεύμεθα,
2533 5349 2627 5400 καὶ
2670 5349 2753 5411 εἰς
2787 5349 2964 5401 πᾶσαν
3003 5346 3192 5418 τρίϐον
3225 5348 3437 5419 ,ἀρετῆς
3466 5343 3525 5402 εὖ
3558 5347 3701 5419 μάλα

440 5437 727 5493 Trinitatis
740 5440 1009 5495 rationem
1021 5480 1036 5507 ,
1062 5437 1312 5507 adeoque
1330 5436 1385 5491 in
1398 5451 1618 5492 omnem
1635 5437 1858 5492 virtutis
1872 5437 2005 5503 viam

2128 5439 2580 5510 πεποδηγήμεθα.
2613 5438 2799 5510 Τροφὴ
2820 5438 2876 5492 δὲ
2900 5439 3249 5509 πνευμάτων,
3272 5442 3305 5511 ἡ
3333 5440 3390 5493 ἐν
3407 5457 3467 5508 γε
3495 5442 3702 5503 τούτοις

509 5613 559 5649 τ’
589 5613 762 5673 Galat.
792 5632 848 5684 v,
872 5618 961 5675 24.
1028 5621 1073 5655 ’⁸
1095 5618 1307 5677 Coloss.
1337 5635 1414 5688 ιιι,
1435 5621 1488 5687 5,
1566 5622 1611 5654 ⁷⁹
1643 5620 1817 5678 Galat.
1843 5638 1897 5693 v,
1934 5622 2005 5680 l6.

2106 5625 2144 5659 '°
2168 5624 2324 5682 Joan.
2352 5639 2484 5699 vur.‘
2545 5624 2631 5680 12.
2764 5626 2821 5702 ,⁶¹
2854 5624 3045 5681 Matth.
3082 5642 3171 5694 xv,
3203 5627 3291 5682 14.
