4024 6198
292 303 392 359 657

1319 290 1840 348 GLAPIIYRORUM
1882 292 1948 347 IN
1989 294 2270 350 EXODL’M
2310 294 2438 348 LIB.
2486 292 2549 346 ll.

3449 290 3548 344 658

226 406 229 407 ν
289 417 437 474 εστὶν
480 411 618 484 ὀρθὴ
661 409 758 464 καὶ
799 405 1089 478 ἀκίσδηλος
1133 405 1353 474 γνῶσις.
1395 405 1492 476 Εῖη
1527 405 1571 458 δ’
1603 406 1669 458 ἂν
1709 403 1784 468 ὡς
1814 405 1870 457 ὲν

1981 403 2192 478 egregie
2220 421 2411 460 sumus
2469 401 2710 458 deducti.
2777 401 2946 455 Porro
2987 399 3386 455 nutrimentum
3444 404 3552 472 spi-

288 510 431 582 (prmi.
484 507 580 560 καὶ
627 503 816 574 ἡμέρᾳ
847 501 958 553 τῶν
1011 499 1098 553 διὰ
1131 498 1364 571 Χριστοῦ
1424 498 1872 569 παιδευμάτωνή

289 601 545 676 χορηγία.
577 598 868 666 Τοιγάρτοι
905 594 965 647 τὸ
1007 595 1184 663 μάννα
1213 591 1475 662 κατεδόοη
1505 592 1620 654 τοῖς
1647 591 1871 661 ἀρχαιο-

286 697 500 766 τέρθις.
545 687 948 758 διαυγαζούσης
982 685 1215 756 ἡμέρας.
1251 684 1342 737 καὶ
1378 682 1730 744 σκιδναμένου
1763 699 1873 752 φωο

288 787 398 847 τός.
432 779 705 852 Διηύγαζε
725 779 835 850 γὰρ
853 779 910 830 ὲν
944 778 1075 846 ἡμῖν
1101 777 1212 838 τοῖς
1237 773 1581 828 πιστεύουσιν
1611 773 1645 843 ἡ
1668 771 1870 844 ἡμέρα,

289 875 432 929 κατά
464 875 525 926 τὸ
557 871 966 943 γεγραμμένον,
1018 869 1113 921 καὶ
1161 867 1450 938 φωσφόρος
1499 864 1770 919 ἀνέτειλεν
1817 866 1874 917 ὲν

288 970 407 1029 ταῖς
438 965 696 1018 ἀπάντων
736 962 1015 1032 καρδίαις,
1066 960 1158 1012 καὶ
1188 960 1216 1012 6
1250 958 1348 1028 τῆς
1398 955 1744 1027 δικαιοσύνης
1785 957 1876 1009 άν-

294 1057 446 1126 ίσχεν
481 1054 652 1124 ἥλιος,
683 1051 926 1104 τουτέστι
974 1048 1230 1119 Χριστὸς,
1268 1050 1297 1101 6
1336 1046 1430 1101 τοῦ
1475 1045 1664 1116 νοητοῦ
1702 1045 1876 1114 μάννα

287 1147 477 1216 δοτὴρ.
513 1146 636 1197 Ὀτι
671 1141 780 1213 γὰρ
814 1141 888 1204 ὡς
915 1143 971 1193 ὲν
1001 1141 1168 1194 εικόνι
1200 1140 1298 1211 μὲν
1325 1141 1499 1194 έκεῖνο
1533 1138 1594 1192 τὸ
1622 1137 1876 1208 αἰσθητὸν

288 1235 405 1297 ἔτι,
449 1234 510 1286 τὸ
557 1234 613 1286 δὲ
649 1231 846 1302 ἀληθὲς
872 1231 1056 1296 αὐτὸς,
1094 1231 1500 1302 πληροφορήσει
1539 1230 1712 1298 λέγων
1739 1229 1876 1301 πρὸς

301 1327 611 1388 Ἰουδαίους·
656 1343 675 1376 «
715 1325 779 1377 υἱ
809 1323 1043 1394 πατέρες
1077 1322 1229 1392 ὑμῶν
1275 1321 1478 1392 ἔφαγον
1513 1321 1572 1373 τὸ
1604 1322 1778 1390 μάννα
1819 1322 1876 1373 ὲν

287 1423 353 1489 τῇ
379 1421 594 1488 ἐρήμῳ,
613 1416 709 1470 καὶ
736 1415 1024 1469 ἀπέθανον.
1057 1410 1226 1478 Οὗτός
1249 1416 1397 1467 ἐστιν
1415 1413 1442 1465 6
1459 1414 1622 1484 ἄρτος
1643 1414 1670 1464 6
1691 1413 1755 1463 ἐκ
1780 1409 1874 1463 τοῦ

287 1513 344 1562 οὺ
357 1507 518 1582 ρανοῦ
546 1507 910 1571 καταϐαίνων,
937 1506 1023 1558 ἴνα
1051 1523 1133 1568 τις
1164 1505 1223 1569 ὲξ
1246 1503 1408 1558 αὐτοῦ
1430 1502 1600 1574 φάγῃ,
1637 1499 1774 1572 [καὶ]
1802 1499 1876 1571 μὴ

287 1601 562 1670 ἀποθάνῃ.
616 1599 756 1667 Ἐγώ
798 1601 914 1670 εἰμι
951 1599 980 1650 6
1020 1598 1188 1668 ἄρτος
1220 1598 1248 1649 ό
1279 1594 1408 1661 ζῶν,
1433 1595 1462 1647 6
1491 1597 1556 1647 ὲκ
1590 1593 1681 1646 τοῦ
1708 1592 1874 1662 ούρα-

291 1692 457 1764 ρανοῦ
481 1689 746 1752 καταὸάς.
787 1688 911 1742 Ἐάν
943 1703 1027 1749 τις
1058 1687 1206 1757 φάγῃ
1232 1687 1296 1737 ἐκ
1338 1682 1528 1736 τούτου
1555 1679 1650 1734 τοῦ
1684 1680 1872 1750 ἄρτου,

1979 497 2118 551 ritus
2145 507 2248 561 est,
2289 507 2437 552 recta
2489 497 2540 549 in
2573 495 2660 549 his
2686 503 2741 548 et
2779 493 2993 548 sincera
3034 493 3294 564 cognitio.
3313 493 3380 546 At
3417 510 3551 547 vero

1978 589 2032 642 in
2050 589 2172 645 luce
2210 605 2275 644 ac
2312 589 2402 643 die
2423 587 2710 656 disciplina
2729 602 2826 656 per
2844 585 3124 642 Christum
3147 586 3551 656 suppeditatur.

1976 681 2132 738 Unde
2190 690 2245 737 et
2296 698 2494 742 manna
2560 681 2750 736 datum
2818 689 2903 735 est
2961 679 3243 734 veteribus
3295 679 3551 749 splende-

1976 782 2162 826 scente
2221 772 2310 828 die
2355 783 2411 828 et
2473 774 2593 828 luce
2659 771 2976 841 elfulgente.
3029 771 3156 824 Dies
3197 770 3342 824 enim
3375 770 3430 824 in
3455 768 3554 823 nc-

1976 860 2061 917 bis
2111 862 2696 926 credentibusilluxit,
2731 861 2876 916 sicut
2922 860 3189 930 scriptum
3220 867 3306 913 est
3355 859 3431 924 8’;
3494 867 3550 912 et

1976 953 2172 1009 lucifer
2203 955 2258 1008 in
2288 955 2534 1010 omnium
2556 948 2820 1009 cordibus
2847 960 2932 1009 est
2965 960 3212 1018 exortus,
3239 960 3296 1007 et
3329 952 3409 1006 sol
3457 952 3549 1022 ju-

1978 1045 2141 1100 stitize
2167 1047 2458 1116 processit,
2501 1045 2608 1102 hoc
2651 1053 2736 1100 est
2779 1044 3056 1110 Christus,
3077 1044 3170 1114 qui
3207 1051 3293 1099 est
3340 1059 3552 1112 manna:

1979 1135 2339 1207 intelligibilis
2363 1137 2609 1208 largitor.
2634 1138 2774 1217 Nam.
2795 1137 2940 1208 quod
2958 1137 3090 1191 illud
3118 1135 3378 1191 sensibile
3403 1152 3555 1190 man-

1977 1244 2046 1282 na
2093 1228 2262 1282 fuerit
2305 1229 2464 1298 quasi
2512 1230 2569 1284 in
2604 1229 2799 1300 ﬁgura,
2839 1229 2945 1285 hoc
2992 1237 3176 1283 autem
3219 1227 3293 1283 sit
3338 1245 3553 1289 verum,

1976 1316 2231 1373 Christus
2252 1318 2367 1388 ipse
2421 1319 2728 1374 certissime
2752 1320 2915 1375 nobis
2951 1327 3207 1384 testatur,
3250 1319 3441 1376 dicens
3487 1319 3553 1374 ad

1977 1409 2234 1465 Judmos:
2285 1411 2515 1466 «Patres
2551 1415 2722 1468 vestri
2767 1414 3002 1469 ederunt
3027 1429 3226 1468 manna
3256 1413 3311 1468 in
3363 1413 3554 1468 deser-

1981 1507 2057 1567 to,
2085 1503 2386 1556 et-mortui
2411 1511 2560 1557 sunt.
2582 1504 2677 1558 llle
2702 1512 2885 1559 autem
2929 1512 3014 1560 est
3040 1504 3199 1574 panis
3236 1504 3331 1574 qui
3363 1519 3392 1559 e
3417 1504 3555 1559 εωὶο

1979 1589 2284 1657 descendit,
2321 1602 2381 1648 ut
2417 1595 2596 1649 omnis
2619 1597 2797 1665 quiex
2825 1596 2943 1666 ipso
2961 1596 3097 1661 edit,
3123 1613 3234 1650 non
3266 1597 3554 1650 moriatur.

1979 1684 2093 1755 Ego
2135 1701 2256 1739 sum
2314 1686 2472 1755 panis
2527 1687 2738 1752 vivens,
2787 1688 2881 1758 qui
2912 1703 2943 1742 e
2987 1688 3128 1743 caelo
3159 1687 3463 1743 descendit.
3500 1687 3558 1742 Si

289 1761 452 1853 ζήσει
493 1783 574 1844 είς
607 1781 698 1834 τὸν
731 1779 923 1834 αίῶνα.
957 1779 1064 1831 Καὶ
1092 1778 1120 1829 6
1153 1775 1317 1846 ἄρτος
1363 1773 1422 1826 ὃν
1475 1770 1586 1840 ἐγὼ
1628 1769 1804 1831 δώσω,
1842 1771 1872 1839 ἡ

1982 1777 2106 1846 quis
2147 1778 2327 1833 ederit
2386 1794 2450 1833 ex
2488 1779 2593 1834 hoc
2658 1795 2820 1849 pane,
2874 1781 3024 1835 vivet
3064 1781 3121 1835 in
3169 1789 3460 1836 aeternum.
3490 1782 3560 1836 Et

291 1876 431 1946 σάρξ
469 1873 572 1945 μού
614 1876 784 1938 ὲστιν,
814 1871 882 1942 ἥν
912 1869 1024 1940 ἐγὼ
1057 1868 1214 1922 δώσω
1245 1868 1384 1938 ὑπὲρ
1413 1866 1511 1937 τῆς
1539 1863 1633 1917 τοῦ
1667 1862 1874 1932 κόσμου

290 1970 460 2039 ζωῆς.
502 1990 520 2021 ι
562 1966 886 2038 Ἀποτρέφει
910 1965 1016 2036 γὰρ
1056 1965 1204 2035 ἡμᾶς
1231 1963 1311 2026 εἰς
1342 1962 1622 2031 ἀμήρυτον
1656 1956 1800 2027 ζωὴν
1850 1955 1878 2007 6

289 2059 504 2129 Κύριος
529 2057 690 2130 ἡμῶν
738 2055 942 2128 Ἰησοῦς
984 2055 1249 2126 Χριστὸς,
1297 2053 1390 2106 κα)⁸
1440 2052 1560 2112 ταῖς
1602 2049 1681 2112 είς
1729 2045 1879 2099 εὐσέ-

291 2150 449 2204 ϐειαν
503 2149 827 2220 ὑποθήκαις,
886 2148 983 2201 καὶ
1026 2147 1094 2200 δι’
1127 2144 1374 2213 εὐλογίας
1420 2143 1519 2213 τῆς
1579 2137 1874 2212 μυστικῆς.

291 2241 471 2303 Αὐτὸς
498 2235 592 2293 οὖν
628 2240 733 2310 ἀρα
775 2238 870 2292 καὶ
909 2238 976 2290 δι’
1009 2235 1176 2289 αὑτοῦ
1215 2234 1277 2287 τὸ
1320 2233 1496 2304 μάννα
1518 2231 1580 2284 τὸ
1608 2229 1752 2283 θεῖον
1782 2229 1878 2284 καὶ

292 2330 560 2397 ζωοποιὸν
601 2327 840 2398 ἀληθῶς.
884 2327 994 2380 Καὶ
1034 2325 1194 2379 τοῦτο
1229 2327 1257 2377 6
1297 2319 1691 2392 κατεδηδοκὼς,
1717 2317 1878 2389 ἀμεί-

289 2441 402 2478 νων
451 2423 575 2476 ὲστὶ
630 2420 857 2492 φθορᾶς,
898 2418 990 2472 καὶ
1047 2415 1331 2486 ὑφαλείται
1389 2412 1648 2477 θάνατον,
1688 2409 1788 2480 οὐχ
1827 2408 1876 2461 οἱ

289 2519 566 2589 φαγόντες
590 2515 650 2568 τὸ
671 2513 946 2584 αἰσθητόν.
982 2513 1056 2564 υύ
1095 2507 1205 2579 γὰρ
1235 2502 1350 2578 ἦνὸ
1383 2503 1556 2565 τύπος
1591 2501 1874 2571 σωτήριος,

288 2609 673 2665 ὑπεπλάττετο
717 2605 774 2658 δὲ
818 2603 916 2675 τῆς
947 2598 1206 2671 ἀληθείας
1241 2596 1340 2669 τὴν
1377 2595 1683 2667 μόρφωσιν.
1724 2589 1878 2643 Ἐχέ-

287 2705 456 2757 λευσε
495 2702 553 2754 δὲ
582 2700 642 2754 τὸ
684 2699 858 2770 μάννα
885 2699 914 2750 6
939 2695 1093 2761 Θεὸς,
1125 2691 1278 2747 ὑετοῦ
1318 2691 1473 2760 δίκην
1506 2684 1712 2740 ἀνωθεν
1741 2683 1874 2736 καθ-

287 2800 418 2862 ιεὶς,
450 2797 514 2849 τὸ
542 2791 802 2864 ἀποχρῶν
835 2791 1051 2859 ἑκάστῳ
1082 2785 1382 2854 συλλέγειν,
1427 2781 1769 2852 συναγείρειν
1797 2777 1874 2841 δὲ,

286 2893 456 2962 εἴπερ
486 2887 693 2942 ἓλοιντό
717 2902 883 2948 τινες,
917 2884 1012 2937 καὶ
1039 2884 1152 2944 τοῖς
1184 2879 1283 2950 τὴν
1307 2876 1475 2948 αὐτὴν
1508 2874 1719 2928 οίκοῦσι
1745 2890 1878 2941 σκη-

283 2987 413 3058 νήν.
440 3003 460 3037 ι
485 2984 758 3045 Ἕκαστος
788 2978 917 3049 γὰρ,
945 2976 1100 3046 φησι,
1135 2975 1232 3027 σὺν
1259 2975 1371 3035 τοῖς
1403 2970 1693 3040 συσκήνοις
1723 2965 1877 3058 ὑμῶν

285 3075 611 3140 συλλέξατε,
642 3072 736 3125 καὶ
766 3071 825 3124 οὐ
856 3066 1234 3138 καταλείψετε,
1260 3064 1445 3133 φησὶν,
1479 3062 1574 3116 ἀπ’
1596 3057 1760 3114 αὑτοῦ
1799 3060 1877 3121 εἰς

280 3169 348 3222 τὸ
390 3167 561 3237 πρωϊ.
591 3182 610 3215 ι
647 3162 770 3234 Χρὴ
796 3161 902 3232 γὰρ
932 3160 1075 3230 ἡμᾶς
1104 3155 1218 3210 τῶν
1249 3153 1408 3208 θείων
1438 3168 1498 3205 τε
1535 3150 1628 3204 καὶ
1648 3150 1878 3218 εὐαγγε-

283 3260 462 3315 λικῶν
485 3252 941 3326 ἀναπίμπλασθαι
962 3249 1321 3320 μαθημάτων.
1363 3245 1451 3298 Ἐν
1478 3243 1578 3314 ἴσῳ
1605 3241 1669 3314 δὴ
1696 3241 1882 3313 μέτρῳ

291 3352 524 3422 μικροῖς
552 3351 644 3400 καὶ
693 3345 951 3416 μεγάλοις
985 3341 1328 3412 διανέμοντος
1354 3338 1487 3408 ἡμῖν
1517 3333 1612 3388 τοῦ
1641 3331 1879 3405 Χριστοῦ

286 3445 391 3515 τὴν
421 3441 560 3512 παρ’
589 3438 784 3492 ἑαυτοῦ
825 3437 1002 3508 χάριν,
1025 3433 1119 3488 καὶ
1147 3430 1349 3502 ὁμοίως
1373 3430 1622 3491 ἅπαντας
1649 3423 1882 3494 ἀποτρέ-

285 3551 499 3603 φοντος
537 3535 617 3596 είς
653 3529 822 3601 ζωὴν,
865 3527 1202 3597 συναγείρειν
1234 3526 1348 3586 τοῖς
1389 3521 1570 3584 ἄλλοις
1605 3518 1882 3582 ἐθέλοντος

283 3629 417 3690 τοὺς
441 3623 923 3691 εὖοθενεστέρους,
957 3619 1051 3673 καὶ
1083 3616 1258 3689 ἱδροῦν
1296 3615 1438 3686 ὑπὲρ
1476 3612 1752 3682 ἀδελφῶν,
1788 3612 1882 3665 καὶ

281 3723 419 3782 τοὺς
441 3716 611 3779 ἰδίους
632 3715 816 3777 αὐτοῖς
832 3709 1162 3775 ἐκδανείξειν
1189 3707 1406 3772 πόνους,
1434 3705 1654 3760 καὶτῶν
1675 3704 1881 3759 ἀνωθεν

282 3807 660 3881 χαρισμάτων
682 3805 854 3856 ποιεῖν
885 3819 945 3856 τε
967 3797 1277 3860 κοινωνούς.
1307 3795 1418 3850 Καὶ
1446 3791 1605 3847 τοῦτο
1633 3787 1774 3846 εἶναι
1802 3786 1880 3844 ol-

284 3919 396 3974 μαι
429 3899 500 3954 τὸ
529 3897 666 3970 πρὸς
699 3895 896 3960 αὐτοὺς
937 3891 1227 3964 εἰρημένον
1263 3887 1390 3951 τοὺς
1427 3885 1612 3955 ἁγίους
1650 3881 1885 3937 ἀποστό-

393 4010 456 4059 ς·
503 4011 522 4044 «
565 3990 786 4061 Δωρεάν
824 3985 1065 4050 ἐλάϐετε,
1099 3982 1305 4055 δωρεὰν
1336 3981 1474 4034 δότε.
1525 3997 1544 4031 ι
1583 3975 1883 4046 Μονονουχὶ

390 4033 418 4059 ἱ

279 4087 408 4160 γὰρ
443 4085 703 4139 πλεῖστον
739 4081 956 4142 ἑαυτοῖς
986 4077 1045 4130 τὸ
1079 4075 1255 4146 μάννα
1297 4071 1666 4140 συλλέγοντες,
1706 4067 1883 4160 διανέ-

283 4157 422 4252 μειν
479 4175 814 4240 ἐσπούδαζον
860 4173 975 4233 τοῖς
1023 4168 1121 4240 τὴν
1180 4164 1349 4236 αὐτὴν
1393 4161 1601 4216 οἰκοῦσι
1647 4157 1878 4230 σκηνὴν,

276 4251 551 4326 τουτέστι
584 4267 685 4336 τὴν
721 4262 1070 4342 Ἐκκλησίαν.
1098 4257 1379 4312 Διετέλουν
1402 4253 1513 4325 γὰρ
1533 4254 1582 4305 οί
1605 4251 1881 4342 θεσπέσιον.

279 4359 549 4433 μαθηταὶ
575 4341 1395 4424 νουθετοῦντες,είσηγούμενοι,
1411 4346 1548 4419 πρὸς
1575 4345 1682 4398 πᾶν
1702 4341 1880 4397 ὁτιοῦν

1981 1870 2136 1938 panis
2162 1885 2326 1939 quem
2349 1887 2450 1941 ego
2477 1871 2620 1926 dabo
2673 1873 2852 1937 vobis,
2896 1888 3023 1927 caro
3066 1889 3188 1928 mea
3218 1882 3323 1937 est,
3393 1889 3556 1944 quam

1979 1975 2081 2030 ego
2106 1961 2250 2016 dabo
2273 1978 2374 2032 pro
2406 1964 2598 2018 mundi
2629 1964 2741 2018 vita
2766 1962 2831 2017 ⁸³.
2869 1984 2887 2016 ι
2915 1963 3138 2019 Enutrit
3183 1965 3329 2019 enim
3370 1980 3470 2019 nos
3502 1966 3557 2019 in

1979 2052 2144 2106 vitam
2170 2068 2471 2123 perennem
2499 2055 2765 2109 Dominus
2793 2063 2982 2111 noster
3016 2055 3177 2111 Jesus
3201 2055 3475 2120 Christus,
3502 2066 3558 2112 et

1980 2143 2096 2198 suis
2126 2145 2192 2200 ad
2236 2146 2498 2215 pietatem
2532 2147 2822 2218 praeceptis
2870 2154 2927 2202 et
2979 2162 3080 2217 per
3118 2148 3377 2219 mysticas
3407 2148 3562 2203 eulo-

1979 2238 2114 2308 gias.
2175 2238 2295 2308 ipse
2357 2239 2526 2310 igitur
2575 2255 2770 2295 revera
2817 2247 2902 2295 est
2956 2255 3058 2310 per
3131 2240 3372 2310 seipsum
3422 2240 3561 2296 illud

1979 2343 2180 2383 manna
2210 2329 2458 2385 divinum
2482 2338 2539 2386 et
2561 2330 2859 2386 viviﬁcum.
2893 2331 2962 2386 Et
2982 2331 3159 2403 quies
3189 2331 3294 2387 hoc
3331 2333 3563 2388 mandu-

1981 2425 2211 2490 caverit,
2226 2427 2604 2498 corruptionis
2623 2444 2822 2499 expers
2843 2436 2928 2483 est
2944 2427 3184 2493 futurus,
3215 2436 3560 2498 mortemque

1979 2532 2267 2583 evasurus,
2297 2535 2407 2576 non
2434 2531 2617 2576 autem
2646 2521 2685 2576 ii
2714 2521 2809 2592 qui
2847 2521 3108 2576 sensibile
3140 2520 3275 2575 illud
3303 2521 3559 2578 ederunt.

1978 2607 2167 2678 Neque
2191 2611 2340 2666 enim
2359 2620 2521 2683 typus
2545 2613 2801 2669 salutaris
2835 2621 2975 2678 erat,
3010 2613 3104 2669 sed
3143 2612 3394 2668 veritatis
3418 2613 3559 2680 ﬁgu-

1981 2713 2098 2752 ram
2137 2715 2249 2770 prae
2273 2718 2331 2759 se
2370 2705 2601 2760 ferebat.
2623 2706 2770 2763 Deus
2801 2715 2988 2762 autem
3011 2721 3213 2761 manna
3248 2705 3424 2761 instar
3439 2706 3561 2776 plu-

1979 2791 2081 2846 viae
2104 2791 2344 2864 desuper
2365 2795 2684 2863 demittens,
2703 2798 2862 2869 jubet
2891 2805 2953 2853 ut
2975 2797 3354 2869 unusquisque
3381 2813 3559 2869 quan-

1981 2891 2095 2938 tum
2132 2887 2264 2941 satis
2303 2888 2375 2943 sit
2414 2891 2656 2962 colligat,
2698 2899 2864 2961 atque
2901 2907 3009 2946 una
3044 2891 3330 2962 colligere,
3364 2891 3411 2946 si
3438 2889 3562 2962 quis

1979 2975 2111 3029 velit
2134 2993 2325 3033 eorum
2349 2980 2444 3049 qui
2477 2981 2622 3037 idem
2645 2982 3059 3039 tabernaculum
3085 2984 3357 3040 habitant.
3389 3005 3406 3038 «
3431 2984 3531 3042 Sin
3551 3012 3565 3028 -

1981 3067 2091 3135 gu-li
2116 3069 2286 3130 enim,
2313 3071 2409 3136 ait,
2461 3087 2586 3126 cum
2625 3073 2743 3128 suis
2790 3075 3558 3150 contubernalibuscolligite,

1981 3173 2084 3212 nec
2138 3159 2439 3230 quidquam
2513 3162 2787 3233 reliquum
2853 3165 3016 3221 facite
3055 3165 3112 3221 in
3181 3167 3553 3222 crastinum.»

1981 3247 2214 3318 Oportet
2242 3251 2392 3306 enim
2418 3269 2521 3308 nos
2560 3253 2767 3310 divinis
2821 3265 2879 3311 et
2918 3256 3250 3328 evangelicis
3292 3256 3562 3313 doctrinis

1983 3341 2208 3410 repleri.
2232 3341 2292 3397 In
2317 3359 2577 3399 mensura
2606 3343 2775 3415 igitur
2793 3347 2991 3417 aequali
3021 3347 3212 3417 parvis
3260 3355 3316 3402 et
3349 3347 3564 3418 magnis

1981 3428 2236 3486 Christus
2268 3447 2422 3487 suam
2473 3433 2759 3489 distribuit
2787 3437 3040 3507 gratiam,
3072 3445 3129 3492 et
3164 3437 3373 3508 pariter
3420 3452 3561 3491 enu-

1982 3521 2080 3576 trit
2100 3537 2297 3579 omnes
2323 3524 2376 3579 in
2407 3524 2596 3592 vitam,
2633 3527 2864 3598 vultque
2899 3543 3013 3582 una
3032 3543 3158 3583 cum
3187 3528 3310 3584 aliis
3329 3543 3562 3599 congre-

1981 3627 2109 3684 gare
2144 3616 2309 3668 etiam
2338 3615 2693 3684 inﬁrmiores,
2734 3627 2900 3691 atque
2928 3619 3079 3690 ipsos
3099 3634 3202 3689 pro
3224 3619 3339 3675 suis
3377 3618 3565 3674 fratri-

1984 3705 2089 3760 bus
2128 3707 2426 3772 desudare,
2451 3709 2703 3780 adeoque
2727 3711 2839 3766 illis
2869 3725 3000 3766 suos
3033 3710 3278 3781 ipsorum
3307 3721 3563 3766 mutuare

1983 3797 2222 3865 labores,
2241 3810 2297 3855 et
2317 3803 2614 3873 participes
2636 3818 2890 3873 supernae
2916 3803 3106 3874 gratia:
3146 3802 3382 3858 efﬁcere.
3421 3803 3558 3868 Hoc,

1986 3899 2044 3943 ut
2068 3890 2328 3957 arbitror,
2368 3899 2473 3957 est,
2528 3892 2675 3962 quod
2717 3893 2785 3948 ad
2817 3893 2965 3962 ipsos
3016 3900 3238 3948 sanctos
3284 3893 3562 3962 apostolos

1983 3981 2150 4036 dixit:
2183 4001 2200 4032 «
2220 3983 2403 4038 Gratis
2427 3983 2742 4054 accepistis,
2771 3983 2941 4056 gratis
2955 3984 3080 4039 date
3105 3982 3174 4036 ⁸δ.
3201 4004 3218 4035 ι
3253 3983 3562 4039 Plurimum

1983 4072 2129 4126 enim
2155 4073 2476 4128 sibimanna
2507 4073 2830 4146 colligentes
2854 4075 3191 4132 distribuere
3226 4074 3280 4130 id
3329 4077 3562 4132 studue-

1984 4172 2112 4217 runt
2142 4164 2210 4219 iis
2262 4164 2356 4232 qui
2384 4164 2440 4218 in
2467 4164 2662 4221 iisdem
2689 4183 2815 4222 cum
2842 4166 3209 4238 ipsiseastris,
3254 4165 3412 4238 291
3456 4167 3564 4224 hoc

1981 4263 2067 4311 est
2103 4256 2158 4310 in
2197 4256 2464 4322 Ecclesia,
2497 4258 2792 4330 degebant.
2830 4259 3207 4314 Hortabantur
3229 4261 3375 4314 enim
3401 4259 3566 4315 disci-

1983 4345 2119 4415 puli,
2141 4354 2196 4400 et
2230 4346 2298 4400 ad
2323 4361 2487 4404 omne
2513 4348 2658 4417 quod
2705 4348 3029 4418 praeclarum
3067 4355 3153 4401 est
3192 4346 3561 4414 deducebant,

275 4449 673 4519 ἀποφέροντες
696 4445 804 4499 τῶν
836 4441 1262 4514 ἐπαινουμένων,
1297 4438 1391 4492 καὶ
1433 4435 1681 4507 ἀφθόνως
1706 4433 1878 4488 ἅπασι

1985 4445 2040 4492 et
2063 4439 2294 4509 gratiam
2317 4455 2484 4510 quam
2531 4455 2561 4494 a
2589 4439 2812 4495 Christo
2839 4438 3124 4495 consecuti
3169 4447 3350 4505 erant,
3395 4440 3564 4493 uber-

274 4539 700 4614 παρατιθέντες
736 4538 816 4601 είς
858 4533 1073 4606 μέθεξιν
1096 4573 1109 4596 ,
1149 4533 1218 4602 ἢν
1255 4529 1409 4583 αὐτοὶ
1451 4525 1602 4598 παρά
1641 4520 1880 4595 Χριστοῦ

274 4633 715 4702 πεπλουτηκασι
757 4630 938 4700 χάριν.
981 4625 1092 4679 Καὶ
1135 4623 1266 4692 γοῦν
1307 4623 1336 4675 6
1366 4619 1632 4691 μακάριος
1668 4615 1882 4678 Παῦλος

271 4723 611 4780 ἔπιε-τέλλει
635 4721 804 4774 τισίν
856 4735 875 4771 ι
921 4712 1205 4786 Ἐπιθυμῶ
1242 4711 1352 4783 γὰρ
1406 4708 1533 4763 ἰδεῖν
1574 4708 1752 4778 ὑμᾶς,
1794 4705 1881 4758 ἵνα

271 4834 334 4871 τι
375 4811 608 4885 μεταδῷ
633 4812 762 4882 ὑμῖν
786 4809 1032 4881 χάρισμα
1059 4802 1429 4874 πνευματικὸν
1475 4803 1556 4865 είς
1598 4799 1660 4854 τὸ
1697 4815 1883 4870 στηρι-

267 4909 497 4980 χθῆναι
526 4905 722 4975 ὑμᾶς.)
749 4903 814 4956 Et
837 4901 895 4955 δὲ
924 4901 990 4973 δὴ
1015 4901 1187 4954 νοοῖτο
1203 4896 1326 4952 καθ’
1359 4896 1546 4966 ἓτερον
1575 4892 1777 4964 τρόπον
1798 4890 1882 4956 τὸ,

276 5023 300 5056 «
342 5003 641 5061 Ἕκαστος
676 4999 772 5051 σὺν
812 4997 923 5060 τοῖς
974 4992 1263 5065 συσκήνοις
1300 4990 1454 5062 ὑμῶν
1502 4985 1808 5054 συλλέξατε,
1857 5003 1875 5037 ι

265 5095 572 5158 τουτέστι,
623 5091 699 5163 μὴ
740 5088 906 5162 χύδην
953 5087 1226 5154 ἀπαντες,
1281 5083 1419 5154 μηδὲ
1462 5077 1700 5152 ἀναμὶξ,
1744 5077 1882 5132 ἀλλά

269 5189 442 5245 κατὰ
470 5188 651 5256 γένος,
668 5185 786 5256 ἦτοι
812 5182 955 5236 κατά
973 5181 1200 5254 σκηνάς,
1232 5178 1592 5233 ποιείσθωσαν
1619 5171 1719 5245 τὴν
1749 5186 1880 5240 συγ-

265 5280 558 5355 κομιδὴν,
587 5276 811 5332 τοιῶσδε
844 5276 1080 5347 νοήσεις.
1110 5272 1234 5346 Χρὴ
1277 5272 1384 5344 γὰρ
1424 5271 1572 5342 ἡμᾶς
1615 5269 1728 5332 τοῖς
1757 5267 1886 5337 ὁμο-

262 5378 516 5436 πξστοις
555 5371 693 5443 ὁμοῦ
726 5370 836 5425 τῶν
865 5368 1027 5423 θείων
1056 5365 1414 5439 ἐμφορεῖσθαι
1442 5363 1636 5430 λόγων,
1668 5359 1761 5413 καὶ
1788 5359 1887 5428 ζη-

261 5473 396 5525 τεῖν
431 5465 505 5518 τὸ
533 5464 710 5536 μάννα
745 5463 806 5516 τὸ
829 5462 1052 5531 νοητόν·
1090 5460 1152 5514 οὐ
1187 5461 1300 5522 τοῖς
1319 5455 1659 5527 ἐτερόφροσι,
1696 5466 1886 5522 μονον-

266 5561 409 5634 οὐχὶ
449 5558 515 5610 δὲ
556 5556 653 5610 καὶ
682 5554 1026 5625 ἀλλογενέσιν
1054 5553 1326 5616 ἀσυνέτως
1386 5541 1880 5616 συναποφέρεσθαι.

345 5733 405 5764 "
450 5737 503 5794 ﬂ
530 5735 659 5792 Cor.
700 5752 772 5800 iv,
800 5735 854 5790 6.
932 5732 1155 5788 "Joan.
1189 5751 1262 5798 vr,
1293 5735 1378 5790 50.
1459 5733 1500 5766 ⁸⁸
1535 5734 1728 5790 Matth.
1759 5751 1813 5802 ι,
1852 5733 1904 5789 8.

547 5831 818 5890 PATROL.
855 5827 970 5888 Gn.
1012 5828 1214 5888 LXIX.

1986 4532 2084 4586 tim
2109 4533 2368 4588 omnibus
2391 4532 2893 4588 communicabant.
2936 4531 3077 4587 Hinc
3122 4531 3321 4588 beatus
3363 4533 3568 4588 Paulus

1985 4623 2314 4693 quibusdam
2343 4625 2416 4680 ita
2443 4624 2672 4680 scribit:
2714 4623 2928 4696 «Cupio
2975 4640 3074 4680 vos
3118 4625 3329 4692 videre,
3374 4635 3435 4682 ut
3466 4626 3568 4681 im-

1984 4716 2218 4784 pertiam
2249 4716 2406 4774 vobis
2445 4717 2678 4789 gratiam
2723 4717 3068 4790 spiritualem
3102 4719 3172 4775 ad
3214 4736 3314 4776 vos
3357 4722 3562 4776 conﬁr-

1986 4806 2218 4861 mandos
2245 4805 2333 4861 "".
2357 4825 2374 4856 ι
2403 4805 2674 4862 Caeterum
2720 4806 2767 4862 si
2799 4807 2917 4863 haec
2953 4808 3142 4874 verba,
3179 4809 3415 4880 «singuli
3458 4827 3565 4864 una

1989 4911 2114 4951 cum
2132 4896 2629 4953 contubernalibus
2655 4899 2919 4970 colligite,
2951 4920 2968 4951 ι
3005 4901 3111 4954 alia
3158 4900 3371 4954 ratione
3421 4903 3566 4955 acci-

1989 4990 2232 5059 piantur,
2270 4989 2377 5045 hoc
2418 5000 2524 5056 est,
2565 5000 2624 5045 ut
2656 5007 2766 5047 non
2820 4991 3133 5062 promiscue
3183 5007 3396 5056 omnes,
3462 4995 3567 5047 nec?

1988 5081 2278 5152 gregatim,
2306 5081 2405 5136 sed
2436 5083 2740 5138 secundum
2764 5098 2938 5154 genus
2959 5091 3016 5138 et
3036 5083 3271 5138 tentoria
3302 5099 3399 5139 sua
3446 5085 3564 5138 col-

1986 5172 2176 5243 ligant,
2211 5179 2328 5227 tum
2367 5172 2684 5245 hujusmodi
2712 5191 2877 5230 sensu
2899 5189 2965 5229 ea
3003 5174 3295 5247 intelliges.
3333 5173 3566 5245 Oportet

1983 5265 2133 5321 enim
2180 5264 2305 5320 illos
2329 5267 2423 5337 qui
2455 5266 2747 5322 nobiscum
2778 5268 3192 5322 communicant
3240 5265 3367 5330 ﬁde,
3408 5276 3564 5321 satu-

1986 5371 2111 5411 rare
2133 5355 2338 5410 divinis
2361 5359 2673 5428 praeceptis,
2702 5358 2946 5430 ipsisque
2971 5374 3171 5413 manna
3215 5350 3581 5428 intelligibile"

1983 5448 2312 5519 conquirere
2339 5466 2354 5515 ;
2396 5464 2744 5520 nequaquam
2769 5465 2896 5505 cum
2945 5449 3067 5506 istis
3090 5449 3186 5520 qui
3213 5464 3244 5504 a
3269 5445 3431 5504 nobis
3452 5445 3565 5503 dis-

1985 5542 2252 5608 sentiunt,
2279 5541 2756 5612 etquodammodo
2778 5540 3101 5616 alienigenae
3133 5546 3282 5608 sunt,
3307 5554 3564 5613 compor~

1983 5735 2046 5766 ⁸⁸⁸
2073 5733 2231 5788 Rom.
2267 5745 2302 5798 l,
2332 5729 2418 5783 lt.

3192 5814 3261 5879 15
