4024 6198
459 265 564 322 659

1489 256 1544 312 S.
1586 256 1860 313 CYRILLI
1900 259 2370 317 ALEXANDRINI
2412 261 2732 319 ARCHIEP.

3637 263 3746 319 660

465 391 600 435 tare.
628 373 785 442 Quod
809 368 1032 443 quidem
1088 371 1343 438 facimus,
1387 387 1512 427 cum
1540 389 1794 429 arcemus
1843 375 1913 430 ab
1939 376 2042 430 Ec-

2163 381 2221 431 Ὀ
2256 377 2320 448 δὴ
2365 378 2459 432 καὶ
2505 378 2790 448 ποιοῦμεν,
2823 377 3222 442 ἀποσοϐοῦντες
3259 377 3358 448 μὲν
3407 376 3747 449 Ἐκκλησιῶν

463 469 630 523 clesia
660 481 756 520 eos
783 465 876 535 qui
902 464 1121 520 diversa
1145 479 1175 518 a
1201 465 1361 520 nobis
1405 466 1654 522 sentiunt
1690 476 1746 522 et
1798 470 2043 538 perversi

463 569 621 614 sunt:
649 572 774 611 cum
805 557 872 610 iis
899 571 1032 610 vero
1087 557 1182 626 qui
1226 557 1515 610 domestici
1560 566 1690 612 sunt
1739 558 2043 613 secundum

465 650 650 714 tidem,
677 650 902 704 caeleste
936 648 1261 703 alimentum
1290 648 1499 703 aii‘atim
1527 651 1820 706 sumimus.
1866 652 2044 705 Inter—

462 742 671 798 dicitur
692 750 875 796 autem
900 739 1000 805 eis,
1035 754 1106 794 ne
1128 738 1264 810 quid
1288 739 1568 810 reliquum
1599 741 1800 798 faciant
1828 743 1883 796 in
1897 742 2044 798 diem

463 830 791 886 crastinum.
827 828 945 896 Quo
970 830 1173 884 iterum
1215 829 1300 882 lex
1326 829 1666 896 subindicat,
1712 832 1859 902 quod
1884 848 2046 887 usum

464 931 740 994 typorum,
779 928 1028 991 tempore
1077 935 1187 990 quo
1237 919 1402 974 utiles
1443 937 1507 976 ac
1548 922 1847 977 necessarii
1886 932 2050 978 erant

463 1015 670 1083 elapso,
699 1012 908 1083 judicio
955 1026 1019 1066 ac
1041 1027 1218 1081 poena:
1281 1013 1556 1084 subjiciat.
1628 1031 1644 1064 ι
1699 1012 2049 1084 Computruit

463 1107 611 1163 enim
653 1105 934 1160 vermibus
965 1105 1021 1159 id
1062 1103 1209 1175 quod
1254 1112 1598 1161 reservatum
1628 1104 1825 1160 fuerat.
1858 1125 1876 1156 ι
1906 1107 2049 1161 Fue-

466 1201 538 1256 rit
567 1208 751 1255 autem
783 1199 900 1254 hac
925 1197 1216 1253 manifesta
1238 1213 1414 1269 pmnte
1459 1205 1515 1252 et
1555 1197 1937 1268 corruptionis
1971 1199 2048 1253 si-

465 1292 761 1364 gniﬁcatio.
802 1292 937 1348 Nam
969 1292 1064 1362 qui
1101 1291 1310 1346 umbrae
1351 1300 1476 1362 post
1521 1299 1799 1346 ostensam
1845 1292 2050 1346 verita-

467 1399 580 1443 tem
630 1385 1012 1456 acquiescunt,
1040 1384 1452 1454 corruptionem
1492 1383 1717 1438 omnino
1751 1399 1814 1438 ac
1863 1399 2053 1454 poenas

467 1486 595 1533 sunt
624 1475 919 1531 incursuri.
956 1473 1240 1544 Ejusmodi
1269 1472 1400 1543 quid
1437 1472 1708 1529 accidisse
1751 1471 2054 1527 asserimus

470 1571 579 1626 illis
630 1569 698 1624 de
752 1568 953 1639 quibus
1003 1566 1201 1621 beatus
1240 1565 1441 1621 Paulus
1472 1565 1700 1620 scribit:
1761 1563 2055 1619 «Evacuati

467 1661 603 1717 estis
633 1676 664 1714 a
693 1659 934 1722 Christo,
971 1657 1065 1727 qui
1116 1673 1214 1727 per
1238 1655 1415 1726 legem
1447 1654 1848 1726 justificamini,
1881 1654 2055 1724 gratia

2145 467 2274 531 τοὺς
2316 468 2654 538 ἑτεροδόξους
2700 468 2796 521 καὶ
2827 467 3298 539 διεστραμμένους
3318 508 3334 532 ,
3367 466 3507 537 ὁμοῦ
3539 467 3596 520 δὲ
3635 470 3749 532 τοῖς

2146 559 2288 613 κατὰ
2338 559 2521 613 πίστιν
2572 561 2794 624 οἰκείοις
2847 561 2946 622 τὰς
2996 559 3056 623 ἐξ
3103 559 3338 631 ούρανοῦ
3388 559 3751 623 πλουτοῦντες

2146 652 2378 721 τροφάς,
2417 653 2646 724 Εἴρηται
2679 652 2734 704 δε
2783 651 2857 722 μὴ
2909 653 3345 722 καταλιμπάνειν
3377 653 3458 716 εἰς
3491 652 3552 705 τὸ
3581 649 3752 722 πρωΐ·

2145 743 2242 796 τοῦ
2284 744 2448 814 νόμου
2503 744 2664 799 πάλιν
2711 743 3169 814 ὑπεμφαίνοντος,
3202 745 3284 797 ὅτι
3334 743 3401 796 τὸ
3442 744 3749 815 κεχρῆσθαι

2147 837 2260 898 τοῖς
2292 835 2486 899 τύποις
2520 837 2919 908 παρῳχηκότος
2960 836 3054 889 τοῦ
3106 836 3323 906 χρόνου,
3365 835 3490 888 καθ’
3519 836 3580 888 ὃν
3608 832 3750 906 ἦσαν

2148 925 2230 979 ἔτι
2261 927 2522 998 χρήσιμοί
2555 944 2614 980 τε
2649 929 2745 981 καὶ
2769 929 3076 995 ἀναγκαῖοι,
3107 927 3284 997 πάντη
3309 944 3369 978 τε
3399 927 3496 979 καὶ
3530 927 3752 991 πάντως

2151 1014 2256 1068 ύπδ
2295 1016 2479 1086 κρίσιν
2521 1016 2646 1085 ἄγει
2696 1017 2790 1070 καὶ
2824 1017 3079 1070 κόλασινο
3114 1036 3132 1068 ι
3181 1015 3431 1080 Ἐξέζεσε
3459 1017 3573 1088 γὰρ
3605 1017 3751 1070 σκώ-

2149 1104 2324 1178 ληκας
2356 1106 2418 1160 τὸ
2447 1108 2846 1178 τετηρημένον.
2897 1126 2916 1159 ι
2961 1107 3252 1171 Κολάσεὼς
3286 1125 3345 1160 τε
3398 1110 3494 1162 καὶ
3543 1108 3753 1178 φθορᾶς

2155 1199 2388 1271 μήνυσις
2416 1199 2482 1254 ἂν
2523 1202 2608 1272 εἴη
2631 1202 2728 1255 και,
2760 1201 2900 1272 αῦτη
2935 1202 3134 1272 σαφής.
3178 1201 3436 1256 Ἔσονται
3472 1201 3586 1273 γὰρ
3618 1202 3754 1255 πᾶν.

2151 1309 2242 1355 τες
2269 1292 2374 1344 ὑπὸ
2405 1291 2613 1362 φθορὰν
2658 1295 2754 1346 καὶ
2783 1294 3009 1347 κόλασιν
3045 1295 3095 1346 οἱ
3125 1293 3420 1365 τηροῦντες
3451 1294 3554 1364 τὴν
3591 1296 3752 1348 σκιάν

2157 1382 2296 1452 μετὰ
2338 1384 2438 1453 τὴν
2491 1385 2591 1452 τῆς
2637 1384 2898 1455 ἀληθείας
2946 1385 3239 1450 ἀνάδειξιν.
3285 1386 3501 1440 Ὀποῖόν
3545 1403 3604 1438 τι
3657 1403 3753 1440 πει

2155 1474 2412 1528 πονθέναι
2431 1476 2611 1546 φαμὲν
2641 1477 2787 1543 τοὺς,
2811 1470 2893 1540 οἷς
2916 1479 2944 1531 6
2969 1477 3242 1548 μακάριος
3266 1477 3470 1548 γράφει
3497 1476 3718 1542 Παῦλος
3735 1493 3749 1506 ⁸

2162 1586 2180 1618 ι
2229 1568 2632 1640 Κατηργήθητε
2683 1568 2794 1622 ἀπὸ
2831 1568 2926 1623 τοῦ
2969 1569 3232 1638 Χριστοῦ,
3276 1570 3476 1632 οἵτινες
3513 1572 3571 1622 tv
3598 1570 3747 1640 νόμῳ

2155 1660 2504 1728 δικαιοῦσθε,
2561 1662 2660 1732 τῆς
2718 1663 2942 1732 χάριτος
2996 1663 3315 1727 ἐξεπέσατε.
3355 1681 3374 1714 ι
3405 1662 3516 1715 Καὶ
3549 1661 3746 1715 πάλιν

469 1753 754 1810 excidistis
782 1749 850 1804 ⁸³.
873 1770 890 1800 ›
923 1749 991 1803 Ει
1019 1763 1243 1802 rursus:
1283 1767 1298 1796 ι
1322 1746 1460 1802 Cum
1497 1745 1779 1817 coeperitis
1825 1745 2046 1815 spiritu,

2163 1769 2177 1804 ι
2234 1752 2622 1824 Ἐναρξάμενοι
2667 1751 2968 1824 πνεύματι,
3029 1752 3124 1806 νῦν
3167 1753 3331 1823 σαρκὶ
3379 1753 3746 1806 ἐπιτελεῑσοεο

470 1861 620 1900 nunc
646 1858 809 1898 carne
838 1840 1316 1897 consummemini.
1355 1839 1530 1894 Tanta
1563 1837 1710 1909 passi
1753 1837 1890 1892 estis
1940 1836 2057 1889 fru-

471 1945 605 2001 stra,
624 1937 668 1991 si
698 1945 878 1990 tamen
909 1933 1114 1988 frustra
1139 1930 1207 1985 ⁸⁸.
1232 1951 1251 1983 ι
1282 1931 1441 1986 Vetat
1476 1929 1644 2003 igitur
1677 1930 1733 1984 in
1757 1929 2058 1985 crastinum

469 2029 707 2093 servari,
737 2035 797 2082 ut
817 2027 897 2082 sic
924 2042 1022 2097 per
1045 2022 1347 2079 crastinum
1371 2022 1646 2094 intelligas
1673 2030 1888 2092 tempus
1935 2026 2061 2090 post

473 2122 666 2194 legem,
696 2121 750 2174 in
784 2135 894 2190 quo
911 2117 1167 2173 Christus
1193 2115 1468 2186 apparuit,
1497 2122 1554 2168 et
1602 2112 1789 2168 divina
1831 2113 1926 2166 lux
1957 2125 2060 2165 no-

476 2214 561 2269 bis
580 2212 776 2266 illuxit.
799 2211 1076 2265 Caeterum
1106 2207 1368 2262 Israelita:
1391 2205 1691 2260 Sabbatum
1725 2202 2059 2258 celebraturi

473 2302 829 2359 reservabant
859 2301 914 2355 in
969 2299 1290 2363 crastinum,
1341 2297 1504 2367 idque
1536 2298 1646 2350 Deo
1683 2295 2057 2366 praecipiente.

470 2395 612 2462 Quid
645 2395 812 2466 igitur
831 2401 936 2458 est,
962 2391 1110 2462 quod
1140 2391 1431 2446 collectum
1463 2397 1589 2442 ante
1630 2387 1932 2442 Sabbatum
1959 2402 2060 2441 cu-

472 2485 765 2550 stodiatur,
799 2499 902 2540 nec
930 2491 1140 2554 pereat,
1171 2497 1352 2552 neque
1390 2481 1568 2534 Moses
1605 2480 1718 2534 illis
1753 2479 1848 2549 qui
1876 2495 2060 2534 rescr-

476 2588 672 2633 varunt
699 2576 1064 2633 succenseat?
1089 2575 1224 2629 Nam
1265 2575 1496 2646 ingressi
1524 2590 1621 2644 per
1652 2572 1815 2626 fidem
1843 2572 1899 2626 in
1931 2571 2061 2626 sab-

473 2670 791 2735 batismum,
837 2669 928 2738 qui
963 2668 1020 2721 in
1044 2666 1264 2722 Christo
1312 2666 1658 2737 intelligitur,
1724 2663 1829 2717 hoc
1852 2669 1956 2727 est,
2007 2661 2062 2717 in

473 2761 647 2815 otium
675 2768 730 2814 et
753 2757 1114 2814 cessationem
1144 2772 1173 2810 a
1205 2757 1445 2826 peccatis
1471 2797 1485 2817 ,
1533 2770 1643 2808 non
1677 2761 1936 2823 tanquam
1973 2751 2060 2805 in-

476 2853 668 2908 utilem
692 2850 1019 2923 abjieiamus
1069 2849 1357 2904 collectam
1405 2848 1460 2903 in
1496 2847 1653 2902 nobis
1681 2862 1746 2900 ac
1778 2845 1934 2916 quasi
1970 2859 2062 2899 re-

476 2947 712 3017 positam
751 2943 888 3014 legis
927 2942 1296 3012 disciplinam,
1335 2956 1458 3011 qua:
1497 2955 1600 2994 nos
1620 2939 1773 2994 ducit
1806 2938 1874 2991 ad
1898 2935 2062 2992 Chri-

475 3047 643 3102 stum,
676 3035 837 3106 292
867 3036 954 3090 lex
977 3035 1123 3090 enim
1158 3033 1484 3104 predagogus
1506 3042 1591 3086 est
1621 3032 1664 3063 ⁸⁷
1692 3049 1705 3098 ;
1733 3030 1829 3084 sed
1880 3029 2063 3099 potius

2159 1845 2396 1899 τοσαῦτα
2435 1845 2665 1900 ἐπάθετε
2727 1847 2872 1918 εἰκῆ,
2935 1847 2987 1900 εῐ
3043 1863 3108 1914 γε
3155 1845 3251 1900 καὶ
3291 1847 3437 1916 είκῆ.
3474 1864 3494 1898 ι
3536 1844 3748 1900 Οὐκοῦν

2160 1935 2779 2004 ἀποςιάσκειφυλάττειν
2831 1937 2910 2000 εἰς
2937 1935 2997 1990 τὸ
3027 1937 3201 2007 πρωῖο
3234 1935 3321 1988 ῐνα
3341 1935 3428 1988 διὰ
3457 1933 3552 1988 τοῦ
3580 1934 3746 2006 πρωῒ,

2159 2027 2251 2080 τὸν
2289 2027 2426 2098 μετὰ
2470 2027 2561 2082 τὸν
2597 2029 2760 2100 νόμον
2811 2029 3010 2100 νοήσῃς
3057 2027 3271 2099 καιρὸν,
3315 2026 3436 2080 καθ’
3469 2026 3530 2079 6v
3576 2029 3612 2098 ἠ
3656 2027 3748 2080 τοῦ

2159 2120 2396 2192 Χριστοῦ
2429 2121 2639 2191 πέφηνε
2669 2121 2964 2192 παρουσία,
2982 2121 3079 2174 καὶ
3107 2120 3166 2173 τὸ
3190 2120 3482 2192 θεῖονήμῖν
3507 2119 3749 2188 ἀνέλαμ-

2159 2214 2229 2284 ψε
2265 2212 2401 2282 φῶς.
2465 2213 2607 2266 Ἀλλ’
2635 2215 2863 2284 ἐτήρουν
2915 2214 2994 2276 εἰς
3040 2213 3100 2266 τὸ
3157 2211 3338 2283 πρωῒ,
3400 2211 3749 2275 σαϐϐατξζειν

2165 2306 2451 2377 μέλλοντες
2488 2306 2538 2358 oi
2589 2305 2647 2370 ἐξ
2685 2305 2926 2376 Ἰσραὴλ,
2965 2305 3060 2358 καὶ
3095 2304 3254 2357 τοῦτο
3296 2303 3432 2356 Θεοῦ
3473 2303 3748 2374 προστάτ-

2160 2413 2365 2459 τοντος.
2409 2396 2474 2450 Τί
2499 2397 2563 2468 δὴ
2603 2393 2696 2451 οὖν
2737 2398 2845 2468 ἄρα
2891 2397 3010 2450 ἐστὶ
3054 2395 3521 2466 τὺξφυλάττεσθαι
3557 2385 3660 2466 μὲν
3685 2395 3748 2449 τὸ

2161 2488 2254 2542 τοῦ
2283 2488 2563 2543 Σαϐϐάτου
2595 2489 3037 2560 προσυλλεχθὲν,
3086 2487 3160 2558 μὴ
3207 2488 3316 2559 μὴν
3358 2489 3439 2542 ἔτι
3488 2489 3587 2542 καὶ
3635 2488 3750 2542 διαο

2163 2579 2513 2651 φθείρεσθαι,
2548 2580 2684 2651 μηδὲ
2716 2581 2830 2642 τοῖς
2872 2579 3242 2650 τετηρηκόσιν
3271 2579 3751 2652 ὲπιπικραίνεσθαι

2161 2673 2254 2724 τὸν
2290 2671 2522 2737 Μωσέα;
2571 2671 2890 2742 Ἀφιγμένοι
2922 2672 3031 2742 γὰρ
3069 2671 3159 2724 διὰ
3202 2671 3440 2734 πίστεως
3468 2673 3549 2735 εἰς
3575 2671 3668 2724 τὸν
3694 2673 3749 2726 tv

2165 2759 2385 2832 Χριστῷ
2433 2760 2724 2831 νοούμενον
2769 2758 3164 2829 σαϐϐατισμὺν,
3201 2759 3486 2812 τουτέστιν
3529 2761 3612 2823 είς
3649 2760 3748 2828 ἀρ-

2162 2851 2289 2922 γίαν
2330 2869 2392 2904 τε
2437 2851 2532 2904 καὶ
2577 2850 2875 2922 κατάληξιν
2923 2851 3023 2921 τὴν
3064 2850 3122 2914 ἐξ
3163 2849 3486 2919 ἁμαρτιῶν,
3533 2849 3634 2919 οὐχ
3674 2847 3749 2912 ὡς

2165 2945 2436 3016 ἄχρηστον
2500 2944 2916 3016 παραιτούμεθα
2987 2943 3087 3014 τὴν
3160 2941 3644 3014 προσωρευθεῖσαν
3695 2942 3750 2994 tv

2173 3037 2306 3107 ἡμῖν
2330 3035 2422 3088 καὶ
2460 3033 2623 3087 οἱονεὶ
2653 3033 3131 3106 προαποκειμένην
3151 3031 3244 3085 τοῦ
3274 3031 3438 3100 νόμου
3474 3028 3753 3082 παίδευσιν

475 3144 599 3184 cum
629 3127 928 3182 habeamus
951 3139 1071 3179 eam
1099 3121 1539 3178 institutionibus
1575 3120 1907 3189 evangelicis
1935 3133 2060 3172 con-

2175 3124 2615 3198 χειραγωγοῦσαν
2672 3124 2818 3194 ἡμᾶς
2848 3125 2926 3186 εἰς
2957 3122 3210 3194 Χριστόν*
3271 3119 3617 3188 παιδαγωγὸς
3650 3116 3753 3186 γὰρ

470 3220 738 3292 junctam,
769 3231 878 3269 non
907 3217 1065 3285 longe
1096 3223 1245 3268 certe
1285 3212 1526 3266 abfuturi
1581 3227 1773 3266 sumus
1817 3212 1886 3266 ab
1932 3211 2060 3276 hoc,

479 3310 734 3367 utetiam
763 3321 867 3362 nos
916 3307 1022 3361 hoc
1066 3305 1292 3359 nomine
1319 3303 1529 3358 laudari
1554 3318 1656 3372 par
1703 3303 1801 3369 sit;
1851 3311 2065 3358 tantum

478 3403 656 3465 abest,
686 3408 746 3454 ut
783 3400 930 3454 Deus
963 3396 1126 3452 nobis
1178 3397 1284 3451 hoc
1347 3395 1680 3450 facientibus
1715 3402 2062 3449 succenseat.

477 3495 632 3552 Unde
659 3491 1044 3563 Salvator-ipsc
1095 3489 1170 3545 ita
1213 3503 1316 3544 nos
1355 3488 1552 3543 docet:
1591 3507 1608 3540 ι
1632 3488 1952 3558 Propterea,
1978 3486 2066 3540 in-

477 3589 619 3660 quit,
651 3586 774 3641 dico
799 3585 978 3650 vobis,
1015 3583 1163 3655 quod
1193 3583 1374 3638 omnis
1398 3580 1590 3638 Scriba
1645 3581 1844 3638 doctus
1871 3579 1940 3635 ad
1976 3597 2060 3635 re-

478 3697 643 3754 gnum
663 3680 954 3745 ctelorum,
986 3679 1187 3734 similis
1230 3687 1316 3733 est
1349 3677 1754 3749 patrifamilias,
1793 3676 1887 3747 qui
1919 3675 2068 3731 eruit

478 3790 510 3830 e
537 3773 797 3830 thesauro
824 3786 926 3828 suo
963 3786 1104 3826 nova
1143 3779 1200 3826 et
1245 3778 1436 3825 vetera
1468 3770 1535 3824 “.
1562 3788 1580 3821 ι
1610 3769 1806 3824 Manna
1841 3769 2010 3840 igitur
2035 3784 2068 3822 a

478 3868 638 3925 nobis
671 3865 825 3937 prius
857 3880 956 3936 per
1003 3864 1179 3935 legem
1227 3863 1519 3919 collectum
1568 3871 1726 3917 vacat
1764 3861 2067 3931 reprehen-

479 3955 935 4027 sione,siquidem
966 3954 1022 4009 in
1043 3954 1440 4010 sabbatismum
1461 3951 1865 4024 intelligibilem
1883 3967 2069 4007 reser-

475 4061 656 4106 vetur.
698 4051 810 4105 Nos
843 4050 1014 4114 enim,
1040 4048 1135 4118 qui
1166 4048 1222 4102 in
1248 4047 1473 4103 Christo
1491 4046 1792 4102 Sabbatum
1824 4045 2071 4102 celebra-

480 4157 623 4202 mus,
655 4138 781 4194 ideo
807 4152 1094 4192 versamur
1119 4137 1176 4190 in
1204 4136 1419 4190 umbris
1455 4134 1732 4200 Mosaicis,
1764 4146 1827 4190 ut
1857 4134 1913 4188 in
1935 4133 2070 4204 ipsis

480 4232 828 4301 inquiramus
848 4228 1158 4284 veritatem.
1185 4227 1534 4284 Exsecrabile
1553 4237 1735 4283 autem
1772 4237 1914 4291 erat,
1934 4241 2068 4296 sup-

481 4322 755 4396 plicioque
793 4321 1093 4380 obnoxium
1134 4321 1180 4376 si
1221 4321 1348 4392 quis
1371 4320 1426 4376 in
1454 4317 1696 4375 Sabbato
1737 4319 2065 4389 colligeret;

480 4417 614 4488 quin
640 4415 826 4488 potius
853 4415 1160 4483 Deustum
1206 4413 1420 4468 nullum
1473 4409 1786 4468 dimittebat
1843 4424 2063 4464 manna.

2165 3221 2195 3273 6
2226 3219 2414 3290 νόμοςο
2451 3218 2665 3288 ἔχοντες
2708 3215 2766 3268 δὲ
2811 3215 3011 3286 μᾶλλον
3055 3215 3216 3268 αὐτὸν
3245 3211 3381 3284 ὁμοῦ
3420 3214 3536 3276 τοῖς
3584 3213 3748 3281 εὐαγ·

2165 3312 2405 3382 γελικοῖς
2431 3307 2815 3380 παιδεύμασιν,
2842 3307 2942 3360 οὐκ
2965 3305 3202 3376 ἐσόμεθα
3226 3305 3444 3376 μακρὰν
3465 3303 3561 3357 τοῦ
3595 3306 3750 3356 ἐπαι-

2167 3407 2278 3458 νεῖν
2312 3403 2565 3475 πρέπειν,
2597 3401 2694 3454 καὶ
2729 3399 2891 3453 τοῦτο
2927 3399 3101 3470 δρῶσι
3139 3397 3272 3461 Θεὸς
3300 3399 3401 3452 οὐκ
3425 3398 3749 3468 ὲπιπικραί-

2167 3513 2336 3552 νεται.
2378 3495 2487 3548 Καὶ
2522 3493 2654 3563 γοῦν
2691 3492 2720 3543 6
2752 3491 2944 3563 Σωτὴρ
2985 3491 3143 3544 τοῦτο
3179 3489 3444 3543 διδάσκων
3473 3489 3640 3554 αὐτὸς
3664 3489 3751 3543 λέ-

2167 3607 2253 3660 γει
2280 3591 2434 3660 ἡμῖν,
2463 3588 2546 3640 ὅτι
2573 3605 2590 3636 ι
2622 3585 2736 3647 Πᾶς
2760 3582 3128 3656 Γραμματεῦς
3153 3579 3516 3653 μαθητευθεὶς
3551 3581 3619 3650 τῇ
3657 3578 3752 3648 βα-

2169 3681 2344 3752 σιλείᾳ
2373 3677 2482 3733 τῶν
2511 3677 2776 3747 οὐρανῶν,
2825 3676 3010 3747 ὅμοιός
3057 3677 3175 3728 ὲστι
3231 3671 3505 3744 ἀνθρώπῳ
3543 3672 3754 3726 οἰκοδε-

2168 3774 2366 3844 σπότῃ,
2387 3772 2536 3834 ὅστις
2566 3768 2819 3823 ἐκϐάλλει
2853 3769 2918 3821 ὲκ
2950 3765 3043 3820 τοῦ
3076 3764 3352 3837 θησαυροῦ
3381 3761 3544 3819 αὑτοῦ
3583 3763 3748 3816 καινὰ

2167 3865 2259 3920 καὶ
2287 3863 2511 3918 παλαιά.
2571 3881 2590 3915 ι
2639 3860 2999 3930 Ἀνέγκλητον
3042 3852 3134 3912 οὗν
3177 3859 3240 3912 τὸ
3275 3855 3660 3929 προσωρευθὲν
3698 3857 3756 3909 tv

2168 3957 2300 4028 ἡμῖν
2332 3954 2506 4025 μάννα
2549 3953 2636 4006 διὰ
2675 3951 2770 4006 τοῦ
2801 3952 2990 4022 νόμου,
3022 3949 3128 4003 κᾶν
3159 3949 3208 4002 εἰ
3255 3949 3311 4001 tv
3339 3947 3418 4018 τῷ
3449 3944 3628 4016 νοητῷ
3661 3962 3753 4015 τη-

2173 4051 2314 4122 ροῖτο
2339 4045 2716 4116 σαϐϐατισμῷ.
2743 4043 3223 4116 Περιτυγχάνομεν
3254 4040 3351 4111 μὲν
3376 4038 3484 4109 γὰρ
3511 4041 3630 4102 ταῖς
3663 4037 3756 4092 διὰ

2168 4139 2415 4203 Μωσέως
2468 4139 2649 4200 σκιαῖς
2699 4136 2750 4189 οἱ
2791 4136 2848 4189 tv
2896 4132 3118 4206 Χριστῷ
3162 4129 3603 4195 σαϐϐατίζοντες,
3665 4129 3754 4182 ἶνα

2168 4234 2267 4305 τὴν
2297 4235 2355 4287 tv
2386 4231 2578 4294 αὐταῖς
2605 4229 2858 4302 ζητῶμεν
2896 4225 3178 4296 ἀλήθειαν.
3222 4222 3532 4292 Ἐπάρατον
3562 4220 3621 4274 δὲ
3659 4221 3756 4274 καὶ

2180 4325 2286 4380 ὑπὸ
2325 4323 2482 4393 δίκην
2530 4320 2696 4375 ἐτίθει
2739 4319 2802 4372 τὸ
2833 4320 2890 4372 tv
2925 4316 3192 4386 Σαϐϐάτῳ
3222 4314 3523 4381 συλλέγειν,
3553 4312 3756 4383 μᾶλλον

2169 4417 2228 4473 δὲ
2268 4416 2331 4470 οὐ
2371 4412 2550 4468 καθίει
2579 4410 2640 4464 τὸ
2669 4410 2846 4482 μάννα
2877 4409 2907 4461 6
2933 4407 3084 4470 Θεός.
3110 4404 3538 4469 Σαϐϐατίζοντες
3565 4403 3676 4474 γὰρ
3699 4404 3754 4456 tv

479 4475 616 4563 Cum
640 4475 794 4564 enim
834 4508 892 4562 in
922 4477 1148 4563 Christo
1188 4505 1516 4577 spiritaliter
1571 4502 1873 4558 Sabbatum
1915 4501 2060 4557 cele-

2170 4505 2392 4580 Χριστῷ
2420 4475 2753 4575 νοητῶςίτὰ
2807 4502 2865 4556 tv
2915 4499 3110 4560 τύποις
3155 4498 3254 4569 μὲν
3297 4497 3482 4552 οὐκέτι
3510 4494 3759 4560 συλλέξο-

483 4601 728 4664 hremus,
763 4614 828 4652 ea
863 4613 986 4667 qua:
1019 4596 1074 4651 in
1101 4597 1290 4668 figuris
1309 4607 1459 4661 sunt,
1484 4610 1597 4650 non
1637 4594 1878 4664 amplius
1908 4593 2068 4649 colli-

483 4706 694 4764 gemus.
721 4689 912 4758 Neque
956 4689 1108 4742 enim
1165 4689 1443 4744 carnalem
1487 4685 1800 4743 subibimus
1836 4686 2070 4740 circum-

485 4782 772 4844 cisionem,
831 4793 1012 4849 neque
1051 4795 1184 4834 oves
1249 4787 1344 4835 aut
1404 4779 1574 4834 boves
1614 4777 2068 4842 sacrificabimus,

484 4873 582 4930 sed
604 4873 790 4947 potius
824 4871 1135 4944 rejiciemus
1159 4879 1415 4942 typorum
1451 4868 1897 4936 crassitudinem,
1944 4884 2072 4925 cum

483 4969 656 5038 ipsam
679 4965 981 5039 habeamus
1018 4964 1325 5030 veritatem,
1359 4965 1464 5018 hoc
1482 4973 1566 5019 est
1596 4961 1899 5019 Christum.

554 5059 607 5112 ι.
634 5057 906 5131 Copiosus
928 5057 1101 5128 igitur
1133 5056 1265 5112 satis
1299 5071 1364 5110 ac
1403 5054 1748 5120 manifestus,
1799 5064 1861 5110 ut
1913 5054 2065 5109 arbi-

486 5159 623 5214 tror,
645 5163 827 5204 sermo
859 5147 927 5203 de
983 5147 1068 5203 his
1106 5146 1327 5203 habitus
1375 5153 1478 5200 est.
1511 5143 1780 5200 Caeterum
1837 5160 1963 5199 cum
2010 5143 2067 5198 in

487 5241 652 5305 libro,
688 5240 778 5295 cui
798 5239 992 5297 titulus
1029 5247 1115 5294 est
1165 5239 1415 5303 Numeri,
1461 5236 1841 5294 invenerimus
1883 5247 2068 5309 caput,

486 5333 632 5403 quml
685 5339 741 5386 et
773 5332 909 5386 alias
955 5330 1334 5388 narrationum
1390 5326 1722 5400 appendices
1788 5329 2068 5397 continet,

489 5423 858 5478 necessarium
918 5421 1032 5477 fore
1077 5422 1263 5492 putavi
1309 5437 1419 5476 non
1473 5420 1778 5480 indiscussa
1815 5421 2072 5475 omittere

490 5507 578 5561 illa
606 5527 725 5579 qua:
747 5513 798 5564 in
833 5512 938 5565 hoc
977 5511 1148 5564 Exodi
1183 5510 1325 5565 libro
1347 5509 1567 5566 silentio
1595 5520 1725 5566 sunt
1770 5511 2068 5582 prmierita.

489 5599 773 5667 Siquidem
833 5604 1140 5658 lectoribus
1192 5606 1264 5657 ita
1325 5604 1506 5674 majus
1569 5617 1920 5657 accessurum
1987 5611 2072 5656 est

558 5715 603 5749 ⁸⁵
634 5717 808 5772 Gaiat.
841 5734 893 5783 ν,
925 5718 975 5772 ι.
1057 5721 1098 5749 ⁸⁸
1125 5718 1298 5788 Galat,
1329 5737 1404 5788 ιιι,
1432 5720 1484 5775 5.

2168 4617 2288 4672 μεν.
2320 4596 2400 4652 Ού
2433 4595 2545 4666 γὰρ
2592 4593 2866 4665 σαρκικῆς
2905 4589 3246 4662 ἅνθεξόμεθα
3285 4587 3612 4658 περιτομῆς,
3633 4585 3758 4640 οὐδὲ

2167 4691 2295 4763 βόας
2323 4689 2357 4761 ἢ
2392 4688 2640 4759 πρόϐατα
2680 4683 3082 4754 καταθύσομεν,
3127 4679 3504 4755 παρωσὸμεθα
3529 4677 3759 4748 sapa-

2164 4785 2256 4838 λον
2286 4782 2346 4836 τὸ
2370 4782 2516 4851 παχὺ
2535 4779 2644 4833 τῶν
2661 4778 2871 4843 τύπων,
2905 4776 3081 4846 αὐτὴν
3108 4774 3325 4846 ἔχοντες
3345 4773 3446 4844 τὴν
3475 4770 3760 4841 ἀλήθειαν,

2165 4875 2412 4929 τουτέστι
2441 4869 2696 4943 Χριστόν.
2923 4926 2928 4931 ,
3293 4873 3306 4882 ‘

2239 4965 2301 5018 δ’.
2347 4961 2626 5032 ’Δποχρῶν
2651 4961 2746 5032 μὲν
2779 4955 2893 5026 οῦν,
2923 4957 3178 5027 καθάπερ
3207 4947 3443 5025 ἐγῷμαι,
3465 4953 3561 5008 καὶ
3583 4951 3762 5024 σαφὴς

2172 5057 2228 5110 ἓν
2261 5073 2322 5123 γε
2343 5058 2451 5118 τοῖς
2478 5052 2857 5124 προκειμένοις
2877 5054 3010 5124 ἡμῖν
3037 5049 3330 5120 πεποίηται
3357 5047 3535 5116 λόγος.
3579 5047 3759 5102 Ἐπειέ

2172 5149 2236 5220 δὴ
2265 5147 2322 5202 δέ
2353 5164 2459 5217 περ
2493 5147 2551 5199 ὲν
2595 5145 2783 5216 βιϐλίῳ
2814 5145 2890 5215 τῷ
2923 5142 3152 5214 ἐπίκλην
3180 5140 3481 5213 Ἀριθμοῖς,
3511 5139 3606 5194 καὶ
3636 5137 3754 5192 tcto

2173 5254 2291 5307 ραις
2324 5236 2380 5290 δὲ
2402 5235 2759 5307 διηγημάτων
2800 5233 3138 5305 προσθήκαις
3176 5231 3392 5304 ἔχοντες
3427 5230 3756 5302 εὑρίσκομεν

2167 5329 2230 5382 τὸ
2280 5327 2596 5397 κεφάλαιον,
2651 5325 2757 5379 δεῖν
2790 5324 2977 5397 ᾠήθην
3028 5325 3365 5394 ἀναγκαίως,
3412 5323 3513 5376 υύκ
3546 5321 3760 5375 ἀϐασά-

2169 5437 2325 5473 νιστα
2356 5418 2645 5490 παρελθεῖν
2675 5419 2759 5472 ’τά
2807 5421 2864 5472 tv
2898 5420 2965 5488 τῇ
3010 5417 3207 5487 Ἐξόδῳ
3258 5413 3615 5485 σεσιγημένα.
3659 5413 3758 5482 Εῑη

2169 5512 2278 5584 γὰρ
2305 5510 2369 5565 ἃν
2401 5511 2497 5563 ὡδὶ
2541 5512 2653 5573 τοῖς
2691 5508 3094 5578 ἐντευξομένοις
3135 5504 3590 5577 ἁμφιλαφεστέρα
3625 5503 3755 5574 μᾶλτ

2171 5604 2260 5658 λιν
2299 5607 2330 5674 ἡ
2381 5603 2581 5674 νόησις.
2615 5601 2924 5673 Γέγραπται
2959 5601 3168 5657 τοίνυν·
3213 5619 3231 5652 ι
3269 5600 3390 5654 ’Ὁτι
3441 5597 3535 5651 καὶ
3576 5599 3605 5652 6
3639 5595 3755 5648 ἑπι-

1561 5722 1603 5753 ⁸⁷
1632 5721 1766 5780 ibitl.
1802 5721 1892 5778 Ἡ.
1969 5721 2014 5754 ⁸⁸
2055 5721 2243 5778 Matth.
2269 5738 2382 5790 xm,
2413 5720 2510 5776 52.
