  <div class='ocr_page' id='page_1' title='image "/cluster/home/n/w/nwhite01/storage/ocr_20150623/69/hvd.32044073501983/236.png"; bbox 0 0 4022 6198; ppageno 0'>
   <div class='ocr_carea' id='block_1_1' title="bbox 288 290 381 346">
    <p class='ocr_par' dir='ltr' id='par_1_1' title="bbox 288 290 381 346">
     <span class='ocr_line' id='line_1_1' title="bbox 288 290 381 346; baseline 0.054 -9"><span class='ocrx_word' id='word_1_1' title='bbox 288 290 381 346; x_wconf 64' lang='lat' dir='ltr'><strong>Ui]</strong></span> 
     </span>
    </p>
   </div>
   <div class='ocr_carea' id='block_1_2' title="bbox 1316 296 2546 365">
    <p class='ocr_par' dir='ltr' id='par_1_2' title="bbox 1316 296 2546 365">
     <span class='ocr_line' id='line_1_2' title="bbox 1316 296 2546 365; baseline 0.009 -14"><span class='ocrx_word' id='word_1_2' title='bbox 1316 296 1836 357; x_wconf 66' lang='lat' dir='ltr'><strong>GLAPHYRORUM</strong></span> <span class='ocrx_word' id='word_1_3' title='bbox 1877 303 1946 358; x_wconf 79' lang='lat' dir='ltr'><strong>IN</strong></span> <span class='ocrx_word' id='word_1_4' title='bbox 1986 304 2270 364; x_wconf 74' lang='lat' dir='ltr'><strong>EXODUM</strong></span> <span class='ocrx_word' id='word_1_5' title='bbox 2309 307 2437 364; x_wconf 85' lang='lat' dir='ltr'><strong>LIB.</strong></span> <span class='ocrx_word' id='word_1_6' title='bbox 2481 308 2546 365; x_wconf 84' lang='lat' dir='ltr'><strong>ll.</strong></span> 
     </span>
    </p>
   </div>
   <div class='ocr_carea' id='block_1_3' title="bbox 3457 305 3562 362">
    <p class='ocr_par' dir='ltr' id='par_1_3' title="bbox 3457 305 3562 362">
     <span class='ocr_line' id='line_1_3' title="bbox 3457 305 3562 362; baseline -0.029 1"><span class='ocrx_word' id='word_1_7' title='bbox 3457 305 3562 362; x_wconf 69' lang='grc'><strong>462</strong></span> 
     </span>
    </p>
   </div>
   <div class='ocr_carea' id='block_1_4' title="bbox 273 419 1857 506">
    <p class='ocr_par' dir='ltr' id='par_1_4' title="bbox 273 419 1857 506">
     <span class='ocr_line' id='line_1_4' title="bbox 273 419 1857 506; baseline 0.011 -30"><span class='ocrx_word' id='word_1_8' title='bbox 273 419 480 497; x_wconf 79' lang='grc' dir='ltr'>’μικτος</span> <span class='ocrx_word' id='word_1_9' title='bbox 519 426 549 478; x_wconf 96' lang='lat'><strong>6</strong></span> <span class='ocrx_word' id='word_1_10' title='bbox 596 428 656 479; x_wconf 75' lang='grc' dir='ltr'>ἑν</span> <span class='ocrx_word' id='word_1_11' title='bbox 695 428 880 490; x_wconf 76' lang='grc' dir='ltr'>αὐτοῖς</span> <span class='ocrx_word' id='word_1_12' title='bbox 905 430 1252 502; x_wconf 77' lang='grc' dir='ltr'>ᾶπεθὺμησιν</span> <span class='ocrx_word' id='word_1_13' title='bbox 1282 434 1598 506; x_wconf 77' lang='grc' dir='ltr'>ἐπιθυμίαν,</span> <span class='ocrx_word' id='word_1_14' title='bbox 1634 438 1726 491; x_wconf 79' lang='grc' dir='ltr'>καὶ</span> <span class='ocrx_word' id='word_1_15' title='bbox 1754 441 1857 494; x_wconf 84' lang='grc' dir='ltr'><strong>καθ</strong></span> 
     </span>
    </p>
   </div>
   <div class='ocr_carea' id='block_1_5' title="bbox 1959 419 3555 506">
    <p class='ocr_par' dir='ltr' id='par_1_5' title="bbox 1983 421 3555 491">
     <span class='ocr_line' id='line_1_5' title="bbox 1983 421 3555 491; baseline -0.001 -16"><span class='ocrx_word' id='word_1_16' title='bbox 1983 423 2438 480; x_wconf 74' lang='lat' dir='ltr'><strong>emolumentum.</strong></span> <span class='ocrx_word' id='word_1_17' title='bbox 2476 425 2552 480; x_wconf 82' lang='lat' dir='ltr'><strong>Ita</strong></span> <span class='ocrx_word' id='word_1_18' title='bbox 2605 431 2790 480; x_wconf 88' lang='lat' dir='ltr'><strong>autem</strong></span> <span class='ocrx_word' id='word_1_19' title='bbox 2821 421 3090 477; x_wconf 86' lang='lat' dir='ltr'><strong>habetur:</strong></span> <span class='ocrx_word' id='word_1_20' title='bbox 3129 421 3322 487; x_wconf 67' lang='lat' dir='ltr'><strong>«Quod</strong></span> <span class='ocrx_word' id='word_1_21' title='bbox 3365 422 3555 491; x_wconf 77' lang='lat' dir='ltr'><strong>vulgus</strong></span> 
     </span>
    </p>
   </div>
   <div class='ocr_carea' id='block_1_6' title="bbox 287 515 1875 598">
    <p class='ocr_par' dir='ltr' id='par_1_6' title="bbox 287 515 1875 598">
     <span class='ocr_line' id='line_1_6' title="bbox 287 515 1875 598; baseline 0.011 -32"><span class='ocrx_word' id='word_1_22' title='bbox 287 515 504 580; x_wconf 81' lang='grc' dir='ltr'>ισαντες</span> <span class='ocrx_word' id='word_1_23' title='bbox 554 518 771 572; x_wconf 73' lang='grc' dir='ltr'>ἔκλαιον</span> <span class='ocrx_word' id='word_1_24' title='bbox 835 523 931 574; x_wconf 57' lang='grc' dir='ltr'><strong>κοιλ⁷</strong></span> <span class='ocrx_word' id='word_1_25' title='bbox 990 522 1040 575; x_wconf 87' lang='grc' dir='ltr'>οἱ</span> <span class='ocrx_word' id='word_1_26' title='bbox 1095 524 1201 577; x_wconf 80' lang='grc' dir='ltr'>υἱοὶ</span> <span class='ocrx_word' id='word_1_27' title='bbox 1258 524 1495 598; x_wconf 80' lang='grc' dir='ltr'>Ἰσραὴλ,</span> <span class='ocrx_word' id='word_1_28' title='bbox 1543 529 1637 581; x_wconf 59' lang='grc' dir='ltr'><strong>καὶ⁸</strong></span> <span class='ocrx_word' id='word_1_29' title='bbox 1682 525 1875 584; x_wconf 73' lang='grc' dir='ltr'>εἴπανο</span> 
     </span>
    </p>
   </div>
   <div class='ocr_carea' id='block_1_7' title="bbox 283 609 1877 692">
    <p class='ocr_par' dir='ltr' id='par_1_7' title="bbox 283 609 1877 692">
     <span class='ocr_line' id='line_1_7' title="bbox 283 609 1877 692; baseline 0.011 -32"><span class='ocrx_word' id='word_1_30' title='bbox 283 609 380 672; x_wconf 81' lang='grc' dir='ltr'><strong>Τίς</strong></span> <span class='ocrx_word' id='word_1_31' title='bbox 434 612 585 680; x_wconf 71' lang='grc' dir='ltr'>ἡμᾶς</span> <span class='ocrx_word' id='word_1_32' title='bbox 643 612 854 682; x_wconf 73' lang='grc' dir='ltr'>ψωμιεῖ</span> <span class='ocrx_word' id='word_1_33' title='bbox 892 614 1069 685; x_wconf 76' lang='grc' dir='ltr'>κρέας</span> <span class='ocrx_word' id='word_1_34' title='bbox 1120 617 1507 689; x_wconf 83' lang='grc' dir='ltr'>Ἐμνήσθημεν</span> <span class='ocrx_word' id='word_1_35' title='bbox 1551 621 1742 692; x_wconf 77' lang='grc' dir='ltr'>ἰχθύας</span> <span class='ocrx_word' id='word_1_36' title='bbox 1783 623 1877 688; x_wconf 79' lang='grc' dir='ltr'><strong>οὒς</strong></span> 
     </span>
    </p>
   </div>
   <div class='ocr_carea' id='block_1_8' title="bbox 284 699 1872 780">
    <p class='ocr_par' dir='ltr' id='par_1_8' title="bbox 284 699 1872 780">
     <span class='ocr_line' id='line_1_8' title="bbox 284 699 1872 780; baseline 0.011 -31"><span class='ocrx_word' id='word_1_37' title='bbox 284 699 548 769; x_wconf 76' lang='grc' dir='ltr'>ησθίομεν</span> <span class='ocrx_word' id='word_1_38' title='bbox 618 703 676 754; x_wconf 81' lang='grc' dir='ltr'>ἐν</span> <span class='ocrx_word' id='word_1_39' title='bbox 726 703 990 774; x_wconf 79' lang='grc' dir='ltr'><strong>Αἰγύπτῳ</strong></span> <span class='ocrx_word' id='word_1_40' title='bbox 1034 705 1275 778; x_wconf 82' lang='grc' dir='ltr'>δωρεὰν,</span> <span class='ocrx_word' id='word_1_41' title='bbox 1327 711 1422 761; x_wconf 76' lang='grc' dir='ltr'>καὶ</span> <span class='ocrx_word' id='word_1_42' title='bbox 1471 711 1595 773; x_wconf 78' lang='grc' dir='ltr'>τοὺς</span> <span class='ocrx_word' id='word_1_43' title='bbox 1633 715 1872 780; x_wconf 78' lang='grc' dir='ltr'>σικυοὺς,</span> 
     </span>
    </p>
   </div>
   <div class='ocr_carea' id='block_1_9' title="bbox 283 791 1875 871">
    <p class='ocr_par' dir='ltr' id='par_1_9' title="bbox 283 791 1875 871">
     <span class='ocr_line' id='line_1_9' title="bbox 283 791 1875 871; baseline 0.007 -29"><span class='ocrx_word' id='word_1_44' title='bbox 283 791 381 842; x_wconf 76' lang='grc' dir='ltr'>καὶ</span> <span class='ocrx_word' id='word_1_45' title='bbox 415 791 546 854; x_wconf 71' lang='grc' dir='ltr'>τοὺς</span> <span class='ocrx_word' id='word_1_46' title='bbox 593 793 870 857; x_wconf 81' lang='grc' dir='ltr'><strong>πέπονας,</strong></span> <span class='ocrx_word' id='word_1_47' title='bbox 921 796 1016 848; x_wconf 72' lang='grc' dir='ltr'><strong>καὶ</strong></span> <span class='ocrx_word' id='word_1_48' title='bbox 1054 797 1122 849; x_wconf 83' lang='grc' dir='ltr'><strong>τὰ</strong></span> <span class='ocrx_word' id='word_1_49' title='bbox 1170 797 1384 868; x_wconf 83' lang='grc' dir='ltr'>πράσα,</span> <span class='ocrx_word' id='word_1_50' title='bbox 1436 801 1538 851; x_wconf 59' lang='grc' dir='ltr'><strong>καῖ</strong></span> <span class='ocrx_word' id='word_1_51' title='bbox 1586 799 1654 852; x_wconf 74' lang='grc' dir='ltr'>τὰ</span> <span class='ocrx_word' id='word_1_52' title='bbox 1703 801 1875 871; x_wconf 61' lang='lat'><strong>2969;-</strong></span> 
     </span>
    </p>
   </div>
   <div class='ocr_carea' id='block_1_10' title="bbox 283 883 1875 960">
    <p class='ocr_par' dir='ltr' id='par_1_10' title="bbox 283 883 1875 960">
     <span class='ocr_line' id='line_1_10' title="bbox 283 883 1875 960; baseline 0.008 -28"><span class='ocrx_word' id='word_1_53' title='bbox 283 898 419 950; x_wconf 85' lang='grc' dir='ltr'>μυα,</span> <span class='ocrx_word' id='word_1_54' title='bbox 463 883 558 934; x_wconf 69' lang='grc' dir='ltr'><strong>καὶ</strong></span> <span class='ocrx_word' id='word_1_55' title='bbox 588 883 656 936; x_wconf 74' lang='grc' dir='ltr'><strong>τὰ</strong></span> <span class='ocrx_word' id='word_1_56' title='bbox 691 883 942 953; x_wconf 84' lang='grc' dir='ltr'>σκόροδα.</span> <span class='ocrx_word' id='word_1_57' title='bbox 983 885 1123 939; x_wconf 84' lang='grc' dir='ltr'><strong>Νυνὶ</strong></span> <span class='ocrx_word' id='word_1_58' title='bbox 1167 887 1224 940; x_wconf 85' lang='grc' dir='ltr'><strong>δὲ</strong></span> <span class='ocrx_word' id='word_1_59' title='bbox 1270 890 1302 958; x_wconf 81' lang='grc' dir='ltr'>ἡ</span> <span class='ocrx_word' id='word_1_60' title='bbox 1337 888 1482 959; x_wconf 74' lang='grc' dir='ltr'>ψυχὴ</span> <span class='ocrx_word' id='word_1_61' title='bbox 1517 890 1674 960; x_wconf 82' lang='grc' dir='ltr'>ἡμῶν</span> <span class='ocrx_word' id='word_1_62' title='bbox 1705 888 1875 944; x_wconf 64' lang='grc' dir='ltr'>κατάὲ</span> 
     </span>
    </p>
   </div>
   <div class='ocr_carea' id='block_1_11' title="bbox 281 971 1874 1054">
    <p class='ocr_par' dir='ltr' id='par_1_11' title="bbox 281 971 1874 1054">
     <span class='ocr_line' id='line_1_11' title="bbox 281 971 1874 1054; baseline 0.006 -29"><span class='ocrx_word' id='word_1_63' title='bbox 281 971 489 1044; x_wconf 80' lang='grc' dir='ltr'>ξηρος,</span> <span class='ocrx_word' id='word_1_64' title='bbox 554 973 705 1026; x_wconf 71' lang='grc' dir='ltr'>οὐδὲν</span> <span class='ocrx_word' id='word_1_65' title='bbox 768 975 907 1045; x_wconf 83' lang='grc' dir='ltr'>πλὴν</span> <span class='ocrx_word' id='word_1_66' title='bbox 983 977 1065 1038; x_wconf 83' lang='grc' dir='ltr'><strong>είς</strong></span> <span class='ocrx_word' id='word_1_67' title='bbox 1136 977 1196 1030; x_wconf 80' lang='grc' dir='ltr'><strong>τὸ</strong></span> <span class='ocrx_word' id='word_1_68' title='bbox 1263 979 1470 1052; x_wconf 50' lang='grc' dir='ltr'>μάννα.</span> <span class='ocrx_word' id='word_1_69' title='bbox 1499 981 1548 1032; x_wconf 88' lang='grc' dir='ltr'><strong>οί</strong></span> <span class='ocrx_word' id='word_1_70' title='bbox 1603 980 1874 1054; x_wconf 70' lang='grc' dir='ltr'>ὀφθαλμοὶ</span> 
     </span>
    </p>
   </div>
   <div class='ocr_carea' id='block_1_12' title="bbox 278 1063 1873 1145">
    <p class='ocr_par' dir='ltr' id='par_1_12' title="bbox 278 1063 1873 1145">
     <span class='ocr_line' id='line_1_12' title="bbox 278 1063 1873 1145; baseline 0.008 -29"><span class='ocrx_word' id='word_1_71' title='bbox 278 1065 464 1133; x_wconf 72' lang='grc' dir='ltr'>ἡμῶν.</span> <span class='ocrx_word' id='word_1_72' title='bbox 524 1083 543 1117; x_wconf 76' lang='grc' dir='ltr'><strong>ι</strong></span> <span class='ocrx_word' id='word_1_73' title='bbox 600 1063 733 1121; x_wconf 74' lang='grc' dir='ltr'>Εἶτα</span> <span class='ocrx_word' id='word_1_74' title='bbox 787 1067 999 1132; x_wconf 80' lang='grc' dir='ltr'><strong>τούτοις</strong></span> <span class='ocrx_word' id='word_1_75' title='bbox 1058 1070 1343 1142; x_wconf 72' lang='grc' dir='ltr'>ἐπιφέρειο</span> <span class='ocrx_word' id='word_1_76' title='bbox 1402 1089 1419 1120; x_wconf 68' lang='grc' dir='ltr'><em>α</em></span> <span class='ocrx_word' id='word_1_77' title='bbox 1479 1073 1590 1125; x_wconf 78' lang='grc' dir='ltr'><strong>Καὶ</strong></span> <span class='ocrx_word' id='word_1_78' title='bbox 1640 1074 1873 1145; x_wconf 70' lang='grc' dir='ltr'>ἤκουσεν</span> 
     </span>
    </p>
   </div>
   <div class='ocr_carea' id='block_1_13' title="bbox 279 1155 1868 1234">
    <p class='ocr_par' dir='ltr' id='par_1_13' title="bbox 279 1155 1868 1234">
     <span class='ocr_line' id='line_1_13' title="bbox 279 1155 1868 1234; baseline 0.006 -24"><span class='ocrx_word' id='word_1_79' title='bbox 279 1158 492 1226; x_wconf 83' lang='grc' dir='ltr'>Μωσῆς</span> <span class='ocrx_word' id='word_1_80' title='bbox 557 1155 850 1212; x_wconf 72' lang='grc' dir='ltr'><strong>κλαιόντων</strong></span> <span class='ocrx_word' id='word_1_81' title='bbox 916 1161 1098 1214; x_wconf 85' lang='grc' dir='ltr'>αὐτῶν</span> <span class='ocrx_word' id='word_1_82' title='bbox 1153 1161 1296 1216; x_wconf 79' lang='grc' dir='ltr'>κατὰ</span> <span class='ocrx_word' id='word_1_83' title='bbox 1359 1163 1565 1234; x_wconf 82' lang='grc' dir='ltr'>δήμους</span> <span class='ocrx_word' id='word_1_84' title='bbox 1646 1167 1826 1219; x_wconf 78' lang='grc' dir='ltr'>αὐτῶν</span> <span class='ocrx_word' id='word_1_85' title='bbox 1854 1208 1868 1232; x_wconf 93' lang='grc'><strong>,</strong></span> 
     </span>
    </p>
   </div>
   <div class='ocr_carea' id='block_1_14' title="bbox 277 1249 1868 1328">
    <p class='ocr_par' dir='ltr' id='par_1_14' title="bbox 277 1249 1868 1328">
     <span class='ocr_line' id='line_1_14' title="bbox 277 1249 1868 1328; baseline 0.007 -27"><span class='ocrx_word' id='word_1_86' title='bbox 277 1249 513 1303; x_wconf 78' lang='grc' dir='ltr'>ἕκαστον</span> <span class='ocrx_word' id='word_1_87' title='bbox 588 1251 682 1304; x_wconf 78' lang='grc' dir='ltr'><strong>ἐπὶ</strong></span> <span class='ocrx_word' id='word_1_88' title='bbox 750 1252 852 1321; x_wconf 83' lang='grc' dir='ltr'>τῆς</span> <span class='ocrx_word' id='word_1_89' title='bbox 925 1252 1096 1324; x_wconf 80' lang='grc' dir='ltr'>θύρας</span> <span class='ocrx_word' id='word_1_90' title='bbox 1163 1255 1349 1308; x_wconf 77' lang='grc' dir='ltr'>αὐτοῦ.</span> <span class='ocrx_word' id='word_1_91' title='bbox 1420 1255 1534 1308; x_wconf 72' lang='grc' dir='ltr'>Καὶ</span> <span class='ocrx_word' id='word_1_92' title='bbox 1612 1255 1868 1328; x_wconf 76' lang='grc' dir='ltr'><strong>ἐθυμώθη</strong></span> 
     </span>
    </p>
   </div>
   <div class='ocr_carea' id='block_1_15' title="bbox 275 1341 1864 1420">
    <p class='ocr_par' dir='ltr' id='par_1_15' title="bbox 275 1341 1864 1420">
     <span class='ocr_line' id='line_1_15' title="bbox 275 1341 1864 1420; baseline 0.007 -28"><span class='ocrx_word' id='word_1_93' title='bbox 275 1343 415 1411; x_wconf 78' lang='grc' dir='ltr'>ὀργῇ</span> <span class='ocrx_word' id='word_1_94' title='bbox 455 1341 656 1412; x_wconf 82' lang='grc' dir='ltr'>Κύριος</span> <span class='ocrx_word' id='word_1_95' title='bbox 700 1343 925 1414; x_wconf 71' lang='grc' dir='ltr'>σφόδρα,</span> <span class='ocrx_word' id='word_1_96' title='bbox 955 1345 1051 1397; x_wconf 75' lang='grc' dir='ltr'><strong>καὶ</strong></span> <span class='ocrx_word' id='word_1_97' title='bbox 1077 1345 1256 1398; x_wconf 80' lang='grc' dir='ltr'>ἔναντι</span> <span class='ocrx_word' id='word_1_98' title='bbox 1281 1347 1454 1418; x_wconf 78' lang='grc' dir='ltr'>Μωσῇ</span> <span class='ocrx_word' id='word_1_99' title='bbox 1489 1343 1554 1418; x_wconf 79' lang='grc' dir='ltr'>ἦν</span> <span class='ocrx_word' id='word_1_100' title='bbox 1575 1350 1864 1420; x_wconf 76' lang='grc' dir='ltr'>πονηρόν.»</span> 
     </span>
    </p>
   </div>
   <div class='ocr_carea' id='block_1_16' title="bbox 279 1427 1866 1511">
    <p class='ocr_par' dir='ltr' id='par_1_16' title="bbox 279 1427 1866 1511">
     <span class='ocr_line' id='line_1_16' title="bbox 279 1427 1866 1511; baseline 0.006 -27"><span class='ocrx_word' id='word_1_101' title='bbox 279 1433 477 1502; x_wconf 78' lang='grc' dir='ltr'>Ἀθρει</span> <span class='ocrx_word' id='word_1_102' title='bbox 520 1431 586 1502; x_wconf 83' lang='grc' dir='ltr'><strong>δὴ</strong></span> <span class='ocrx_word' id='word_1_103' title='bbox 613 1427 705 1486; x_wconf 84' lang='grc' dir='ltr'>οὖν</span> <span class='ocrx_word' id='word_1_104' title='bbox 731 1431 875 1496; x_wconf 81' lang='grc' dir='ltr'>ὅπως</span> <span class='ocrx_word' id='word_1_105' title='bbox 906 1434 1382 1506; x_wconf 73' lang='grc' dir='ltr'><strong>εὐπαρακόμιστος</strong></span> <span class='ocrx_word' id='word_1_106' title='bbox 1415 1437 1534 1490; x_wconf 85' lang='grc' dir='ltr'>λίαν</span> <span class='ocrx_word' id='word_1_107' title='bbox 1562 1440 1590 1492; x_wconf 98' lang='lat'><strong>6</strong></span> <span class='ocrx_word' id='word_1_108' title='bbox 1629 1439 1866 1511; x_wconf 77' lang='grc' dir='ltr'>Ἰσραὴλ,</span> 
     </span>
    </p>
   </div>
   <div class='ocr_carea' id='block_1_17' title="bbox 275 1522 1869 1596">
    <p class='ocr_par' dir='ltr' id='par_1_17' title="bbox 275 1522 1869 1596">
     <span class='ocr_line' id='line_1_17' title="bbox 275 1522 1869 1596; baseline 0.006 -21"><span class='ocrx_word' id='word_1_109' title='bbox 275 1524 373 1576; x_wconf 75' lang='grc' dir='ltr'><strong>καὶ</strong></span> <span class='ocrx_word' id='word_1_110' title='bbox 388 1525 488 1592; x_wconf 71' lang='grc' dir='ltr'><strong>οὐχ</strong></span> <span class='ocrx_word' id='word_1_111' title='bbox 515 1525 654 1595; x_wconf 77' lang='grc' dir='ltr'>ὅπερ</span> <span class='ocrx_word' id='word_1_112' title='bbox 674 1524 787 1594; x_wconf 80' lang='lat' dir='ltr'><strong>(sic)</strong></span> <span class='ocrx_word' id='word_1_113' title='bbox 810 1525 1014 1596; x_wconf 76' lang='grc' dir='ltr'>ἑτέροις</span> <span class='ocrx_word' id='word_1_114' title='bbox 1036 1528 1266 1596; x_wconf 75' lang='grc' dir='ltr'>ὠφελεῖν</span> <span class='ocrx_word' id='word_1_115' title='bbox 1291 1522 1402 1592; x_wconf 75' lang='grc' dir='ltr'>οἶός</span> <span class='ocrx_word' id='word_1_116' title='bbox 1426 1547 1484 1581; x_wconf 83' lang='grc' dir='ltr'><strong>τε</strong></span> <span class='ocrx_word' id='word_1_117' title='bbox 1503 1546 1515 1559; x_wconf 77' lang='grc' dir='ltr'><strong>ο</strong></span> <span class='ocrx_word' id='word_1_118' title='bbox 1556 1534 1702 1584; x_wconf 79' lang='grc' dir='ltr'>νοσεῖ</span> <span class='ocrx_word' id='word_1_119' title='bbox 1721 1531 1776 1584; x_wconf 84' lang='grc' dir='ltr'><strong>δὲ</strong></span> <span class='ocrx_word' id='word_1_120' title='bbox 1810 1532 1869 1586; x_wconf 82' lang='grc' dir='ltr'><strong>τὸ</strong></span> 
     </span>
    </p>
   </div>
   <div class='ocr_carea' id='block_1_18' title="bbox 273 1609 1869 1694">
    <p class='ocr_par' dir='ltr' id='par_1_18' title="bbox 273 1609 1869 1694">
     <span class='ocr_line' id='line_1_18' title="bbox 273 1609 1869 1694; baseline 0.009 -33"><span class='ocrx_word' id='word_1_121' title='bbox 273 1609 472 1663; x_wconf 80' lang='grc' dir='ltr'>ἄναλκι</span> <span class='ocrx_word' id='word_1_122' title='bbox 536 1613 634 1665; x_wconf 74' lang='grc' dir='ltr'><strong>καὶ</strong></span> <span class='ocrx_word' id='word_1_123' title='bbox 683 1615 739 1665; x_wconf 80' lang='grc' dir='ltr'>ὲν</span> <span class='ocrx_word' id='word_1_124' title='bbox 781 1614 962 1684; x_wconf 84' lang='grc' dir='ltr'>μόνοις</span> <span class='ocrx_word' id='word_1_125' title='bbox 1022 1619 1135 1680; x_wconf 84' lang='grc' dir='ltr'>τοῖς</span> <span class='ocrx_word' id='word_1_126' title='bbox 1198 1617 1320 1671; x_wconf 85' lang='grc' dir='ltr'>καθ’</span> <span class='ocrx_word' id='word_1_127' title='bbox 1371 1619 1583 1675; x_wconf 82' lang='grc' dir='ltr'>ἑαυτόν.</span> <span class='ocrx_word' id='word_1_128' title='bbox 1646 1621 1869 1694; x_wconf 81' lang='grc' dir='ltr'>Κατηρο</span> 
     </span>
    </p>
   </div>
   <div class='ocr_carea' id='block_1_19' title="bbox 274 1700 1866 1782">
    <p class='ocr_par' dir='ltr' id='par_1_19' title="bbox 274 1700 1866 1782">
     <span class='ocr_line' id='line_1_19' title="bbox 274 1700 1866 1782; baseline 0.008 -31"><span class='ocrx_word' id='word_1_129' title='bbox 274 1700 529 1771; x_wconf 76' lang='grc' dir='ltr'>ρὡτησε</span> <span class='ocrx_word' id='word_1_130' title='bbox 599 1703 697 1772; x_wconf 82' lang='grc' dir='ltr'><strong>μὲν</strong></span> <span class='ocrx_word' id='word_1_131' title='bbox 768 1705 877 1776; x_wconf 74' lang='grc' dir='ltr'><strong>γὰρ</strong></span> <span class='ocrx_word' id='word_1_132' title='bbox 933 1707 961 1758; x_wconf 98' lang='lat'><strong>6</strong></span> <span class='ocrx_word' id='word_1_133' title='bbox 1007 1707 1299 1776; x_wconf 77' lang='grc' dir='ltr'>ὲπίμικτος</span> <span class='ocrx_word' id='word_1_134' title='bbox 1336 1707 1436 1779; x_wconf 80' lang='grc' dir='ltr'>τὴν</span> <span class='ocrx_word' id='word_1_135' title='bbox 1480 1713 1866 1782; x_wconf 82' lang='grc' dir='ltr'>ἐκτοπωτάτην</span> 
     </span>
    </p>
   </div>
   <div class='ocr_carea' id='block_1_20' title="bbox 1981 514 3556 587">
    <p class='ocr_par' dir='ltr' id='par_1_20' title="bbox 1981 514 3556 587">
     <span class='ocr_line' id='line_1_20' title="bbox 1981 514 3556 587; baseline 0 -17"><span class='ocrx_word' id='word_1_136' title='bbox 1981 518 2356 586; x_wconf 83' lang='lat' dir='ltr'><strong>promiscuum</strong></span> <span class='ocrx_word' id='word_1_137' title='bbox 2385 519 2529 572; x_wconf 89' lang='lat' dir='ltr'><strong>inter</strong></span> <span class='ocrx_word' id='word_1_138' title='bbox 2562 515 3063 587; x_wconf 85' lang='lat' dir='ltr'><strong>ipsosconcupierit</strong></span> <span class='ocrx_word' id='word_1_139' title='bbox 3087 514 3556 583; x_wconf 75' lang='lat' dir='ltr'><strong>concupiscentia,</strong></span> 
     </span>
    </p>
   </div>
   <div class='ocr_carea' id='block_1_21' title="bbox 1978 602 3556 670">
    <p class='ocr_par' dir='ltr' id='par_1_21' title="bbox 1978 602 3556 670">
     <span class='ocr_line' id='line_1_21' title="bbox 1978 602 3556 670; baseline -0.001 -9"><span class='ocrx_word' id='word_1_140' title='bbox 1978 616 2035 661; x_wconf 89' lang='lat' dir='ltr'><strong>ct</strong></span> <span class='ocrx_word' id='word_1_141' title='bbox 2067 607 2324 662; x_wconf 84' lang='lat' dir='ltr'><strong>sedentes</strong></span> <span class='ocrx_word' id='word_1_142' title='bbox 2362 607 2614 662; x_wconf 81' lang='lat' dir='ltr'><strong>ﬂeverint</strong></span> <span class='ocrx_word' id='word_1_143' title='bbox 2649 607 2745 662; x_wconf 76' lang='lat' dir='ltr'><strong>lilii</strong></span> <span class='ocrx_word' id='word_1_144' title='bbox 2789 606 2978 670; x_wconf 81' lang='lat' dir='ltr'><strong>Israel,</strong></span> <span class='ocrx_word' id='word_1_145' title='bbox 3013 615 3067 659; x_wconf 90' lang='lat' dir='ltr'><strong>et</strong></span> <span class='ocrx_word' id='word_1_146' title='bbox 3115 604 3384 658; x_wconf 72' lang='lat' dir='ltr'><strong>dixerint:</strong></span> <span class='ocrx_word' id='word_1_147' title='bbox 3426 602 3556 669; x_wconf 66' lang='lat' dir='ltr'><strong>Qui!</strong></span> 
     </span>
    </p>
   </div>
   <div class='ocr_carea' id='block_1_22' title="bbox 1978 695 3557 766">
    <p class='ocr_par' dir='ltr' id='par_1_22' title="bbox 1978 695 3557 766">
     <span class='ocr_line' id='line_1_22' title="bbox 1978 695 3557 766; baseline -0.003 -14"><span class='ocrx_word' id='word_1_148' title='bbox 1978 697 2132 752; x_wconf 84' lang='lat' dir='ltr'><strong>dabit</strong></span> <span class='ocrx_word' id='word_1_149' title='bbox 2157 698 2316 753; x_wconf 90' lang='lat' dir='ltr'><strong>nobis</strong></span> <span class='ocrx_word' id='word_1_150' title='bbox 2335 701 2568 754; x_wconf 86' lang='lat' dir='ltr'><strong>carnes?</strong></span> <span class='ocrx_word' id='word_1_151' title='bbox 2595 698 2886 754; x_wconf 79' lang='lat' dir='ltr'><strong>Recordati</strong></span> <span class='ocrx_word' id='word_1_152' title='bbox 2914 711 3106 752; x_wconf 89' lang='lat' dir='ltr'><strong>sumus</strong></span> <span class='ocrx_word' id='word_1_153' title='bbox 3153 696 3332 766; x_wconf 87' lang='lat' dir='ltr'><strong>pisces</strong></span> <span class='ocrx_word' id='word_1_154' title='bbox 3355 695 3557 764; x_wconf 72' lang='lat' dir='ltr'><strong>quibus</strong></span> 
     </span>
    </p>
   </div>
   <div class='ocr_carea' id='block_1_23' title="bbox 1977 787 3554 862">
    <p class='ocr_par' dir='ltr' id='par_1_23' title="bbox 1977 787 3554 862">
     <span class='ocr_line' id='line_1_23' title="bbox 1977 787 3554 862; baseline -0.001 -19"><span class='ocrx_word' id='word_1_155' title='bbox 1977 789 2337 844; x_wconf 82' lang='lat' dir='ltr'><strong>vescebamur</strong></span> <span class='ocrx_word' id='word_1_156' title='bbox 2362 791 2417 845; x_wconf 94' lang='lat' dir='ltr'><strong>in</strong></span> <span class='ocrx_word' id='word_1_157' title='bbox 2444 790 2675 862; x_wconf 61' lang='lat' dir='ltr'><strong>{Egypto</strong></span> <span class='ocrx_word' id='word_1_158' title='bbox 2707 789 2896 860; x_wconf 79' lang='lat' dir='ltr'><strong>gratis,</strong></span> <span class='ocrx_word' id='word_1_159' title='bbox 2922 796 2977 843; x_wconf 89' lang='lat' dir='ltr'><strong>et</strong></span> <span class='ocrx_word' id='word_1_160' title='bbox 3017 787 3172 852; x_wconf 85' lang='lat' dir='ltr'><strong>ﬁcus,</strong></span> <span class='ocrx_word' id='word_1_161' title='bbox 3209 793 3266 840; x_wconf 91' lang='lat' dir='ltr'><strong>et</strong></span> <span class='ocrx_word' id='word_1_162' title='bbox 3290 800 3554 855; x_wconf 78' lang='lat' dir='ltr'><strong>pepones.</strong></span> 
     </span>
    </p>
   </div>
   <div class='ocr_carea' id='block_1_24' title="bbox 1975 873 3554 950">
    <p class='ocr_par' dir='ltr' id='par_1_24' title="bbox 1975 873 3554 950">
     <span class='ocr_line' id='line_1_24' title="bbox 1975 873 3554 950; baseline -0.005 -16"><span class='ocrx_word' id='word_1_163' title='bbox 1975 887 2033 934; x_wconf 90' lang='lat' dir='ltr'><strong>et</strong></span> <span class='ocrx_word' id='word_1_164' title='bbox 2052 895 2304 949; x_wconf 85' lang='lat' dir='ltr'><strong>porrum,</strong></span> <span class='ocrx_word' id='word_1_165' title='bbox 2337 888 2394 934; x_wconf 87' lang='lat' dir='ltr'><strong>et</strong></span> <span class='ocrx_word' id='word_1_166' title='bbox 2442 896 2596 950; x_wconf 93' lang='lat' dir='ltr'><strong>cepe,</strong></span> <span class='ocrx_word' id='word_1_167' title='bbox 2630 888 2687 934; x_wconf 90' lang='lat' dir='ltr'><strong>et</strong></span> <span class='ocrx_word' id='word_1_168' title='bbox 2736 879 2944 934; x_wconf 89' lang='lat' dir='ltr'><strong>allium.</strong></span> <span class='ocrx_word' id='word_1_169' title='bbox 2972 878 3129 932; x_wconf 84' lang='lat' dir='ltr'><strong>Nunc</strong></span> <span class='ocrx_word' id='word_1_170' title='bbox 3157 882 3340 931; x_wconf 84' lang='lat' dir='ltr'><strong>autem</strong></span> <span class='ocrx_word' id='word_1_171' title='bbox 3373 873 3554 927; x_wconf 81' lang='lat' dir='ltr'><strong>anima</strong></span> 
     </span>
    </p>
   </div>
   <div class='ocr_carea' id='block_1_25' title="bbox 1975 966 3554 1043">
    <p class='ocr_par' dir='ltr' id='par_1_25' title="bbox 1975 966 3554 1043">
     <span class='ocr_line' id='line_1_25' title="bbox 1975 966 3554 1043; baseline -0.004 -18"><span class='ocrx_word' id='word_1_172' title='bbox 1975 982 2162 1027; x_wconf 89' lang='lat' dir='ltr'><strong>nostra</strong></span> <span class='ocrx_word' id='word_1_173' title='bbox 2187 973 2460 1028; x_wconf 81' lang='lat' dir='ltr'><strong>exsiccata</strong></span> <span class='ocrx_word' id='word_1_174' title='bbox 2490 981 2594 1037; x_wconf 91' lang='lat' dir='ltr'><strong>est,</strong></span> <span class='ocrx_word' id='word_1_175' title='bbox 2640 988 2816 1043; x_wconf 88' lang='lat' dir='ltr'><strong>neque</strong></span> <span class='ocrx_word' id='word_1_176' title='bbox 2842 971 2988 1027; x_wconf 91' lang='lat' dir='ltr'><strong>oculi</strong></span> <span class='ocrx_word' id='word_1_177' title='bbox 3032 970 3206 1026; x_wconf 82' lang='lat' dir='ltr'><strong>nostri</strong></span> <span class='ocrx_word' id='word_1_178' title='bbox 3252 966 3554 1040; x_wconf 84' lang='lat' dir='ltr'><strong>quidquam</strong></span> 
     </span>
    </p>
   </div>
   <div class='ocr_carea' id='block_1_26' title="bbox 1973 1059 3552 1136">
    <p class='ocr_par' dir='ltr' id='par_1_26' title="bbox 1973 1059 3552 1136">
     <span class='ocr_line' id='line_1_26' title="bbox 1973 1059 3552 1136; baseline -0.004 -18"><span class='ocrx_word' id='word_1_179' title='bbox 1973 1064 2080 1118; x_wconf 87' lang='lat' dir='ltr'><strong>nisi</strong></span> <span class='ocrx_word' id='word_1_180' title='bbox 2106 1080 2305 1121; x_wconf 87' lang='lat' dir='ltr'><strong>manna</strong></span> <span class='ocrx_word' id='word_1_181' title='bbox 2329 1065 2677 1136; x_wconf 90' lang='lat' dir='ltr'><strong>conspiciunt</strong></span> <span class='ocrx_word' id='word_1_182' title='bbox 2707 1066 2776 1118; x_wconf 76' lang='grc'><strong>⁸⁸.</strong></span> <span class='ocrx_word' id='word_1_183' title='bbox 2805 1084 2822 1115; x_wconf 74' lang='grc' dir='ltr'><strong>ι</strong></span> <span class='ocrx_word' id='word_1_184' title='bbox 2859 1063 3068 1118; x_wconf 90' lang='lat' dir='ltr'><strong>Deinde</strong></span> <span class='ocrx_word' id='word_1_185' title='bbox 3117 1062 3206 1116; x_wconf 87' lang='lat' dir='ltr'><strong>his</strong></span> <span class='ocrx_word' id='word_1_186' title='bbox 3241 1059 3552 1132; x_wconf 71' lang='lat' dir='ltr'><strong>subiungit:</strong></span> 
     </span>
    </p>
   </div>
   <div class='ocr_carea' id='block_1_27' title="bbox 1980 1157 3554 1229">
    <p class='ocr_par' dir='ltr' id='par_1_27' title="bbox 1980 1157 3554 1229">
     <span class='ocr_line' id='line_1_27' title="bbox 1980 1157 3554 1229; baseline -0.002 -20"><span class='ocrx_word' id='word_1_187' title='bbox 1980 1157 2088 1211; x_wconf 68' lang='lat' dir='ltr'><strong>«Et</strong></span> <span class='ocrx_word' id='word_1_188' title='bbox 2127 1158 2340 1213; x_wconf 89' lang='lat' dir='ltr'><strong>audivit</strong></span> <span class='ocrx_word' id='word_1_189' title='bbox 2379 1158 2558 1215; x_wconf 85' lang='lat' dir='ltr'><strong>Moses</strong></span> <span class='ocrx_word' id='word_1_190' title='bbox 2589 1159 2738 1229; x_wconf 88' lang='lat' dir='ltr'><strong>ipsos</strong></span> <span class='ocrx_word' id='word_1_191' title='bbox 2776 1157 2970 1212; x_wconf 85' lang='lat' dir='ltr'><strong>ﬂentes</strong></span> <span class='ocrx_word' id='word_1_192' title='bbox 3005 1171 3103 1226; x_wconf 88' lang='lat' dir='ltr'><strong>per</strong></span> <span class='ocrx_word' id='word_1_193' title='bbox 3155 1163 3329 1210; x_wconf 87' lang='lat' dir='ltr'><strong>totum</strong></span> <span class='ocrx_word' id='word_1_194' title='bbox 3380 1168 3554 1223; x_wconf 81' lang='lat' dir='ltr'><strong>popu-</strong></span> 
     </span>
    </p>
   </div>
   <div class='ocr_carea' id='block_1_28' title="bbox 1972 1245 3554 1320">
    <p class='ocr_par' dir='ltr' id='par_1_28' title="bbox 1972 1245 3554 1320">
     <span class='ocr_line' id='line_1_28' title="bbox 1972 1245 3554 1320; baseline -0.003 -18"><span class='ocrx_word' id='word_1_195' title='bbox 1972 1248 2085 1303; x_wconf 90' lang='lat' dir='ltr'><strong>lum</strong></span> <span class='ocrx_word' id='word_1_196' title='bbox 2115 1249 2184 1303; x_wconf 87' lang='lat' dir='ltr'><strong>ad</strong></span> <span class='ocrx_word' id='word_1_197' title='bbox 2213 1264 2308 1304; x_wconf 89' lang='lat' dir='ltr'><strong>sua</strong></span> <span class='ocrx_word' id='word_1_198' title='bbox 2334 1266 2610 1320; x_wconf 87' lang='lat' dir='ltr'><strong>quemque</strong></span> <span class='ocrx_word' id='word_1_199' title='bbox 2635 1249 2793 1304; x_wconf 90' lang='lat' dir='ltr'><strong>ostia.</strong></span> <span class='ocrx_word' id='word_1_200' title='bbox 2833 1251 2900 1304; x_wconf 86' lang='lat' dir='ltr'><strong>Et</strong></span> <span class='ocrx_word' id='word_1_201' title='bbox 2925 1249 3100 1304; x_wconf 89' lang='lat' dir='ltr'><strong>iratus</strong></span> <span class='ocrx_word' id='word_1_202' title='bbox 3135 1254 3222 1302; x_wconf 88' lang='lat' dir='ltr'><strong>est</strong></span> <span class='ocrx_word' id='word_1_203' title='bbox 3252 1245 3406 1301; x_wconf 82' lang='lat' dir='ltr'><strong>furor</strong></span> <span class='ocrx_word' id='word_1_204' title='bbox 3443 1245 3554 1298; x_wconf 87' lang='lat' dir='ltr'><strong>Do-</strong></span> 
     </span>
    </p>
   </div>
   <div class='ocr_carea' id='block_1_29' title="bbox 1972 1339 3547 1408">
    <p class='ocr_par' dir='ltr' id='par_1_29' title="bbox 1972 1339 3547 1408">
     <span class='ocr_line' id='line_1_29' title="bbox 1972 1339 3547 1408; baseline -0.004 -12"><span class='ocrx_word' id='word_1_205' title='bbox 1972 1342 2108 1397; x_wconf 90' lang='lat' dir='ltr'><strong>mini</strong></span> <span class='ocrx_word' id='word_1_206' title='bbox 2136 1343 2316 1408; x_wconf 80' lang='lat' dir='ltr'><strong>valde,</strong></span> <span class='ocrx_word' id='word_1_207' title='bbox 2348 1352 2406 1399; x_wconf 89' lang='lat' dir='ltr'><strong>et</strong></span> <span class='ocrx_word' id='word_1_208' title='bbox 2444 1344 2580 1399; x_wconf 89' lang='lat' dir='ltr'><strong>Mosi</strong></span> <span class='ocrx_word' id='word_1_209' title='bbox 2621 1345 2788 1399; x_wconf 91' lang='lat' dir='ltr'><strong>etiam</strong></span> <span class='ocrx_word' id='word_1_210' title='bbox 2836 1342 3130 1398; x_wconf 79' lang='lat' dir='ltr'><strong>videbatur</strong></span> <span class='ocrx_word' id='word_1_211' title='bbox 3175 1341 3381 1396; x_wconf 89' lang='lat' dir='ltr'><strong>malum</strong></span> <span class='ocrx_word' id='word_1_212' title='bbox 3419 1339 3487 1392; x_wconf 65' lang='lat'><strong>9°.</strong></span> <span class='ocrx_word' id='word_1_213' title='bbox 3525 1355 3547 1389; x_wconf 74' lang='grc' dir='ltr'><strong>ι</strong></span> 
     </span>
    </p>
   </div>
   <div class='ocr_carea' id='block_1_30' title="bbox 1970 1430 3552 1506">
    <p class='ocr_par' dir='ltr' id='par_1_30' title="bbox 1970 1430 3552 1506">
     <span class='ocr_line' id='line_1_30' title="bbox 1970 1430 3552 1506; baseline -0.002 -19"><span class='ocrx_word' id='word_1_214' title='bbox 1970 1434 2107 1489; x_wconf 80' lang='lat' dir='ltr'><strong>Vide</strong></span> <span class='ocrx_word' id='word_1_215' title='bbox 2137 1434 2304 1506; x_wconf 80' lang='lat' dir='ltr'><strong>igitur</strong></span> <span class='ocrx_word' id='word_1_216' title='bbox 2337 1451 2500 1506; x_wconf 90' lang='lat' dir='ltr'><strong>quam</strong></span> <span class='ocrx_word' id='word_1_217' title='bbox 2535 1437 2672 1492; x_wconf 82' lang='lat' dir='ltr'><strong>levis</strong></span> <span class='ocrx_word' id='word_1_218' title='bbox 2692 1445 2748 1491; x_wconf 89' lang='lat' dir='ltr'><strong>et</strong></span> <span class='ocrx_word' id='word_1_219' title='bbox 2770 1435 2992 1491; x_wconf 87' lang='lat' dir='ltr'><strong>mobilis</strong></span> <span class='ocrx_word' id='word_1_220' title='bbox 3011 1435 3083 1490; x_wconf 86' lang='lat' dir='ltr'><strong>sit</strong></span> <span class='ocrx_word' id='word_1_221' title='bbox 3107 1433 3300 1498; x_wconf 80' lang='lat' dir='ltr'><strong>Israel,</strong></span> <span class='ocrx_word' id='word_1_222' title='bbox 3323 1440 3380 1486; x_wconf 89' lang='lat' dir='ltr'><strong>et</strong></span> <span class='ocrx_word' id='word_1_223' title='bbox 3403 1430 3552 1502; x_wconf 88' lang='lat' dir='ltr'><strong>quod</strong></span> 
     </span>
    </p>
   </div>
   <div class='ocr_carea' id='block_1_31' title="bbox 1971 1521 3548 1598">
    <p class='ocr_par' dir='ltr' id='par_1_31' title="bbox 1971 1521 3548 1598">
     <span class='ocr_line' id='line_1_31' title="bbox 1971 1521 3548 1598; baseline -0.003 -20"><span class='ocrx_word' id='word_1_224' title='bbox 1971 1525 2247 1580; x_wconf 90' lang='lat' dir='ltr'><strong>neminem</strong></span> <span class='ocrx_word' id='word_1_225' title='bbox 2276 1535 2442 1596; x_wconf 86' lang='lat' dir='ltr'><strong>queat</strong></span> <span class='ocrx_word' id='word_1_226' title='bbox 2465 1528 2683 1598; x_wconf 84' lang='lat' dir='ltr'><strong>juvare,</strong></span> <span class='ocrx_word' id='word_1_227' title='bbox 2711 1528 2807 1582; x_wconf 88' lang='lat' dir='ltr'><strong>sed</strong></span> <span class='ocrx_word' id='word_1_228' title='bbox 2868 1533 3018 1581; x_wconf 87' lang='lat' dir='ltr'><strong>tanta</strong></span> <span class='ocrx_word' id='word_1_229' title='bbox 3060 1524 3277 1579; x_wconf 88' lang='lat' dir='ltr'><strong>laboret</strong></span> <span class='ocrx_word' id='word_1_230' title='bbox 3310 1521 3548 1576; x_wconf 82' lang='lat' dir='ltr'><strong>inﬁrmi-</strong></span> 
     </span>
    </p>
   </div>
   <div class='ocr_carea' id='block_1_32' title="bbox 1973 1615 3550 1689">
    <p class='ocr_par' dir='ltr' id='par_1_32' title="bbox 1973 1615 3550 1689">
     <span class='ocr_line' id='line_1_32' title="bbox 1973 1615 3550 1689; baseline -0.003 -19"><span class='ocrx_word' id='word_1_231' title='bbox 1973 1624 2103 1681; x_wconf 86' lang='lat' dir='ltr'><strong>tate,</strong></span> <span class='ocrx_word' id='word_1_232' title='bbox 2128 1625 2186 1672; x_wconf 89' lang='lat' dir='ltr'><strong>et</strong></span> <span class='ocrx_word' id='word_1_233' title='bbox 2218 1617 2274 1671; x_wconf 86' lang='lat' dir='ltr'><strong>in</strong></span> <span class='ocrx_word' id='word_1_234' title='bbox 2317 1617 2387 1672; x_wconf 91' lang='lat' dir='ltr'><strong>iis</strong></span> <span class='ocrx_word' id='word_1_235' title='bbox 2418 1619 2617 1683; x_wconf 91' lang='lat' dir='ltr'><strong>solum,</strong></span> <span class='ocrx_word' id='word_1_236' title='bbox 2668 1634 2791 1689; x_wconf 71' lang='lat' dir='ltr'><strong>qua:</strong></span> <span class='ocrx_word' id='word_1_237' title='bbox 2824 1617 2892 1672; x_wconf 90' lang='lat' dir='ltr'><strong>ad</strong></span> <span class='ocrx_word' id='word_1_238' title='bbox 2920 1631 2978 1673; x_wconf 86' lang='lat' dir='ltr'><strong>se</strong></span> <span class='ocrx_word' id='word_1_239' title='bbox 3013 1615 3316 1686; x_wconf 83' lang='lat' dir='ltr'><strong>pertinent,</strong></span> <span class='ocrx_word' id='word_1_240' title='bbox 3363 1626 3550 1666; x_wconf 79' lang='lat' dir='ltr'><strong>verse-</strong></span> 
     </span>
    </p>
   </div>
   <div class='ocr_carea' id='block_1_33' title="bbox 1969 1706 3548 1779">
    <p class='ocr_par' dir='ltr' id='par_1_33' title="bbox 1969 1706 3548 1779">
     <span class='ocr_line' id='line_1_33' title="bbox 1969 1706 3548 1779; baseline -0.001 -21"><span class='ocrx_word' id='word_1_241' title='bbox 1969 1713 2079 1760; x_wconf 89' lang='lat' dir='ltr'><strong>tur.</strong></span> <span class='ocrx_word' id='word_1_242' title='bbox 2104 1706 2458 1762; x_wconf 88' lang='lat' dir='ltr'><strong>Promiscuus</strong></span> <span class='ocrx_word' id='word_1_243' title='bbox 2486 1708 2632 1762; x_wconf 91' lang='lat' dir='ltr'><strong>enim</strong></span> <span class='ocrx_word' id='word_1_244' title='bbox 2656 1709 2894 1779; x_wconf 84' lang='lat' dir='ltr'><strong>pepulus</strong></span> <span class='ocrx_word' id='word_1_245' title='bbox 2940 1706 3338 1762; x_wconf 85' lang='lat' dir='ltr'><strong>absurdissima</strong></span> <span class='ocrx_word' id='word_1_246' title='bbox 3382 1713 3548 1774; x_wconf 86' lang='lat' dir='ltr'><strong>atque</strong></span> 
     </span>
    </p>
   </div>
   <div class='ocr_carea' id='block_1_34' title="bbox 272 1793 1857 1873">
    <p class='ocr_par' dir='ltr' id='par_1_34' title="bbox 272 1793 1857 1873">
     <span class='ocr_line' id='line_1_34' title="bbox 272 1793 1857 1873; baseline 0.007 -28"><span class='ocrx_word' id='word_1_247' title='bbox 272 1793 418 1846; x_wconf 73' lang='grc' dir='ltr'>οὕτω</span> <span class='ocrx_word' id='word_1_248' title='bbox 463 1794 558 1846; x_wconf 81' lang='grc' dir='ltr'><strong>καὶ</strong></span> <span class='ocrx_word' id='word_1_249' title='bbox 593 1794 1004 1869; x_wconf 84' lang='grc' dir='ltr'>βδελυρωτάτην</span> <span class='ocrx_word' id='word_1_250' title='bbox 1069 1799 1397 1871; x_wconf 79' lang='grc' dir='ltr'>ἐπιθυμίαν·</span> <span class='ocrx_word' id='word_1_251' title='bbox 1446 1800 1540 1865; x_wconf 80' lang='grc' dir='ltr'><strong>οὓς</strong></span> <span class='ocrx_word' id='word_1_252' title='bbox 1591 1801 1647 1854; x_wconf 81' lang='grc' dir='ltr'><strong>δὲ</strong></span> <span class='ocrx_word' id='word_1_253' title='bbox 1687 1799 1756 1873; x_wconf 77' lang='grc' dir='ltr'>ἦν</span> <span class='ocrx_word' id='word_1_254' title='bbox 1795 1805 1857 1856; x_wconf 83' lang='grc' dir='ltr'>εί-</span> 
     </span>
    </p>
   </div>
   <div class='ocr_carea' id='block_1_35' title="bbox 1959 1793 3544 1873">
    <p class='ocr_par' dir='ltr' id='par_1_35' title="bbox 1968 1797 3544 1871">
     <span class='ocr_line' id='line_1_35' title="bbox 1968 1797 3544 1871; baseline -0.003 -17"><span class='ocrx_word' id='word_1_255' title='bbox 1968 1798 2297 1855; x_wconf 81' lang='lat' dir='ltr'><strong>exsecrabili</strong></span> <span class='ocrx_word' id='word_1_256' title='bbox 2330 1799 2604 1868; x_wconf 88' lang='lat' dir='ltr'><strong>imprimis</strong></span> <span class='ocrx_word' id='word_1_257' title='bbox 2627 1800 2928 1871; x_wconf 88' lang='lat' dir='ltr'><strong>cupiditate</strong></span> <span class='ocrx_word' id='word_1_258' title='bbox 2974 1808 3094 1854; x_wconf 86' lang='lat' dir='ltr'><strong>erat</strong></span> <span class='ocrx_word' id='word_1_259' title='bbox 3138 1797 3544 1860; x_wconf 85' lang='lat' dir='ltr'><strong>inﬂammatus;</strong></span> 
     </span>
    </p>
   </div>
   <div class='ocr_carea' id='block_1_36' title="bbox 272 1885 1860 1965">
    <p class='ocr_par' dir='ltr' id='par_1_36' title="bbox 272 1885 1860 1965">
     <span class='ocr_line' id='line_1_36' title="bbox 272 1885 1860 1965; baseline 0.008 -30"><span class='ocrx_word' id='word_1_260' title='bbox 272 1887 369 1946; x_wconf 80' lang='grc' dir='ltr'><strong>κὸς</strong></span> <span class='ocrx_word' id='word_1_261' title='bbox 418 1885 764 1954; x_wconf 80' lang='grc' dir='ltr'>ὲπιτιμὴσειν</span> <span class='ocrx_word' id='word_1_262' title='bbox 813 1889 1036 1954; x_wconf 79' lang='grc' dir='ltr'>αὐτοῖς,</span> <span class='ocrx_word' id='word_1_263' title='bbox 1087 1891 1484 1964; x_wconf 78' lang='grc' dir='ltr'>ἀναπεισθῆναί</span> <span class='ocrx_word' id='word_1_264' title='bbox 1533 1905 1593 1946; x_wconf 79' lang='grc' dir='ltr'><strong>τε</strong></span> <span class='ocrx_word' id='word_1_265' title='bbox 1659 1894 1860 1965; x_wconf 81' lang='grc' dir='ltr'>μᾶλλον</span> 
     </span>
    </p>
   </div>
   <div class='ocr_carea' id='block_1_37' title="bbox 273 1975 1857 2056">
    <p class='ocr_par' dir='ltr' id='par_1_37' title="bbox 273 1975 1857 2056">
     <span class='ocr_line' id='line_1_37' title="bbox 273 1975 1857 2056; baseline 0.01 -31"><span class='ocrx_word' id='word_1_266' title='bbox 273 1978 498 2044; x_wconf 70' lang='grc' dir='ltr'>φρονεῖν</span> <span class='ocrx_word' id='word_1_267' title='bbox 532 1975 744 2030; x_wconf 78' lang='grc' dir='ltr'>ἑλέσθαι</span> <span class='ocrx_word' id='word_1_268' title='bbox 761 1979 828 2032; x_wconf 77' lang='grc' dir='ltr'>τὰ</span> <span class='ocrx_word' id='word_1_269' title='bbox 855 1981 1305 2054; x_wconf 77' lang='grc' dir='ltr'>πρεπωδέστερα,</span> <span class='ocrx_word' id='word_1_270' title='bbox 1332 1985 1549 2038; x_wconf 65' lang='grc' dir='ltr'>νοσοῦσι</span> <span class='ocrx_word' id='word_1_271' title='bbox 1577 1988 1857 2056; x_wconf 81' lang='grc' dir='ltr'>χειρόνως.</span> 
     </span>
    </p>
   </div>
   <div class='ocr_carea' id='block_1_38' title="bbox 271 2064 1858 2148">
    <p class='ocr_par' dir='ltr' id='par_1_38' title="bbox 271 2064 1858 2148">
     <span class='ocr_line' id='line_1_38' title="bbox 271 2064 1858 2148; baseline 0.009 -30"><span class='ocrx_word' id='word_1_272' title='bbox 271 2066 384 2118; x_wconf 78' lang='grc' dir='ltr'><strong>Καὶ</strong></span> <span class='ocrx_word' id='word_1_273' title='bbox 417 2064 566 2120; x_wconf 70' lang='grc' dir='ltr'>ἀλύει</span> <span class='ocrx_word' id='word_1_274' title='bbox 601 2067 699 2138; x_wconf 73' lang='grc' dir='ltr'><strong>μὲν</strong></span> <span class='ocrx_word' id='word_1_275' title='bbox 733 2069 792 2122; x_wconf 79' lang='grc' dir='ltr'><strong>οὐ</strong></span> <span class='ocrx_word' id='word_1_276' title='bbox 834 2071 1074 2141; x_wconf 79' lang='grc' dir='ltr'><strong>μετρίως</strong></span> <span class='ocrx_word' id='word_1_277' title='bbox 1101 2074 1128 2126; x_wconf 93' lang='lat'><strong>6</strong></span> <span class='ocrx_word' id='word_1_278' title='bbox 1163 2073 1455 2139; x_wconf 77' lang='grc' dir='ltr'>θεσπέσιος</span> <span class='ocrx_word' id='word_1_279' title='bbox 1488 2077 1718 2146; x_wconf 81' lang='grc' dir='ltr'><strong>Μωσῆς,</strong></span> <span class='ocrx_word' id='word_1_280' title='bbox 1753 2077 1858 2148; x_wconf 73' lang='grc' dir='ltr'><strong>ἔφη</strong></span> 
     </span>
    </p>
   </div>
   <div class='ocr_carea' id='block_1_39' title="bbox 271 2154 1860 2239">
    <p class='ocr_par' dir='ltr' id='par_1_39' title="bbox 271 2154 1860 2239">
     <span class='ocr_line' id='line_1_39' title="bbox 271 2154 1860 2239; baseline 0.009 -31"><span class='ocrx_word' id='word_1_281' title='bbox 271 2154 322 2208; x_wconf 81' lang='grc' dir='ltr'><strong>δὲ</strong></span> <span class='ocrx_word' id='word_1_282' title='bbox 349 2159 606 2228; x_wconf 79' lang='grc' dir='ltr'>ἐναργῶς</span> <span class='ocrx_word' id='word_1_283' title='bbox 637 2160 773 2232; x_wconf 82' lang='grc' dir='ltr'>πρὸς</span> <span class='ocrx_word' id='word_1_284' title='bbox 802 2162 890 2214; x_wconf 78' lang='grc' dir='ltr'><strong>τὸν</strong></span> <span class='ocrx_word' id='word_1_285' title='bbox 913 2162 1020 2215; x_wconf 85' lang='grc' dir='ltr'><strong>τῶν</strong></span> <span class='ocrx_word' id='word_1_286' title='bbox 1045 2165 1182 2217; x_wconf 77' lang='grc' dir='ltr'>ὅλων</span> <span class='ocrx_word' id='word_1_287' title='bbox 1203 2165 1356 2229; x_wconf 81' lang='grc' dir='ltr'>Θεὸν,</span> <span class='ocrx_word' id='word_1_288' title='bbox 1387 2166 1461 2229; x_wconf 86' lang='grc' dir='ltr'>ὼς</span> <span class='ocrx_word' id='word_1_289' title='bbox 1484 2167 1583 2220; x_wconf 80' lang='grc' dir='ltr'><strong>οὐκ</strong></span> <span class='ocrx_word' id='word_1_290' title='bbox 1615 2167 1681 2222; x_wconf 87' lang='grc' dir='ltr'>ἂν</span> <span class='ocrx_word' id='word_1_291' title='bbox 1707 2169 1860 2239; x_wconf 73' lang='grc' dir='ltr'><strong>ἰσχύ-</strong></span> 
     </span>
    </p>
   </div>
   <div class='ocr_carea' id='block_1_40' title="bbox 273 2251 1860 2333">
    <p class='ocr_par' dir='ltr' id='par_1_40' title="bbox 273 2251 1860 2333">
     <span class='ocr_line' id='line_1_40' title="bbox 273 2251 1860 2333; baseline 0.008 -32"><span class='ocrx_word' id='word_1_292' title='bbox 273 2265 384 2302; x_wconf 82' lang='grc' dir='ltr'>σειε</span> <span class='ocrx_word' id='word_1_293' title='bbox 427 2251 592 2320; x_wconf 85' lang='grc' dir='ltr'>μόνος</span> <span class='ocrx_word' id='word_1_294' title='bbox 622 2252 715 2305; x_wconf 78' lang='grc' dir='ltr'>τὸν</span> <span class='ocrx_word' id='word_1_295' title='bbox 738 2253 883 2307; x_wconf 77' lang='grc' dir='ltr'>οὕτω</span> <span class='ocrx_word' id='word_1_296' title='bbox 911 2255 1164 2327; x_wconf 79' lang='grc' dir='ltr'>διαὸριθῆ</span> <span class='ocrx_word' id='word_1_297' title='bbox 1202 2257 1295 2310; x_wconf 76' lang='grc' dir='ltr'><strong>καὶ</strong></span> <span class='ocrx_word' id='word_1_298' title='bbox 1324 2257 1603 2312; x_wconf 80' lang='grc' dir='ltr'>δύσοιστον</span> <span class='ocrx_word' id='word_1_299' title='bbox 1635 2261 1860 2333; x_wconf 69' lang='grc' dir='ltr'>ἀνατλῆ.</span> 
     </span>
    </p>
   </div>
   <div class='ocr_carea' id='block_1_41' title="bbox 271 2343 1858 2421">
    <p class='ocr_par' dir='ltr' id='par_1_41' title="bbox 271 2343 1858 2421">
     <span class='ocr_line' id='line_1_41' title="bbox 271 2343 1858 2421; baseline 0.008 -28"><span class='ocrx_word' id='word_1_300' title='bbox 271 2358 358 2394; x_wconf 80' lang='grc' dir='ltr'><strong>ναι</strong></span> <span class='ocrx_word' id='word_1_301' title='bbox 397 2343 582 2397; x_wconf 82' lang='grc' dir='ltr'>πόνον.</span> <span class='ocrx_word' id='word_1_302' title='bbox 620 2346 714 2408; x_wconf 81' lang='grc' dir='ltr'><strong>Εἰς</strong></span> <span class='ocrx_word' id='word_1_303' title='bbox 743 2346 1016 2411; x_wconf 76' lang='grc' dir='ltr'>ἀπόδειξιν</span> <span class='ocrx_word' id='word_1_304' title='bbox 1057 2349 1115 2401; x_wconf 83' lang='grc' dir='ltr'><strong>δὲ</strong></span> <span class='ocrx_word' id='word_1_305' title='bbox 1154 2348 1250 2402; x_wconf 83' lang='grc' dir='ltr'>τοῦ</span> <span class='ocrx_word' id='word_1_306' title='bbox 1287 2351 1637 2421; x_wconf 74' lang='grc' dir='ltr'>πράγματος,</span> <span class='ocrx_word' id='word_1_307' title='bbox 1675 2354 1768 2404; x_wconf 68' lang='grc' dir='ltr'><strong>καὶ</strong></span> <span class='ocrx_word' id='word_1_308' title='bbox 1799 2353 1858 2406; x_wconf 84' lang='grc' dir='ltr'><strong>τὸ</strong></span> 
     </span>
    </p>
   </div>
   <div class='ocr_carea' id='block_1_42' title="bbox 274 2433 1854 2514">
    <p class='ocr_par' dir='ltr' id='par_1_42' title="bbox 274 2433 1854 2514">
     <span class='ocr_line' id='line_1_42' title="bbox 274 2433 1854 2514; baseline 0.008 -30"><span class='ocrx_word' id='word_1_309' title='bbox 274 2433 394 2485; x_wconf 73' lang='grc' dir='ltr'>λίαν</span> <span class='ocrx_word' id='word_1_310' title='bbox 433 2435 719 2506; x_wconf 79' lang='grc' dir='ltr'>ἀμήχανον</span> <span class='ocrx_word' id='word_1_311' title='bbox 759 2439 855 2491; x_wconf 81' lang='grc' dir='ltr'><strong>καὶ</strong></span> <span class='ocrx_word' id='word_1_312' title='bbox 886 2439 1247 2511; x_wconf 84' lang='grc' dir='ltr'>δυσπόριστον</span> <span class='ocrx_word' id='word_1_313' title='bbox 1280 2442 1618 2514; x_wconf 77' lang='grc' dir='ltr'>παρεκόμιζε</span> <span class='ocrx_word' id='word_1_314' title='bbox 1661 2442 1854 2512; x_wconf 75' lang='grc' dir='ltr'><strong>λέγων⁸</strong></span> 
     </span>
    </p>
   </div>
   <div class='ocr_carea' id='block_1_43' title="bbox 277 2525 1852 2606">
    <p class='ocr_par' dir='ltr' id='par_1_43' title="bbox 277 2525 1852 2606">
     <span class='ocr_line' id='line_1_43' title="bbox 277 2525 1852 2606; baseline 0.006 -30"><span class='ocrx_word' id='word_1_315' title='bbox 277 2543 294 2576; x_wconf 84' lang='grc' dir='ltr'><strong>ι</strong></span> <span class='ocrx_word' id='word_1_316' title='bbox 335 2525 516 2578; x_wconf 87' lang='grc' dir='ltr'>Ηόθεν</span> <span class='ocrx_word' id='word_1_317' title='bbox 559 2545 649 2597; x_wconf 90' lang='grc' dir='ltr'><strong>μοι</strong></span> <span class='ocrx_word' id='word_1_318' title='bbox 679 2529 864 2583; x_wconf 77' lang='grc' dir='ltr'>δοῦναι</span> <span class='ocrx_word' id='word_1_319' title='bbox 910 2531 986 2602; x_wconf 79' lang='grc' dir='ltr'><strong>τῷ</strong></span> <span class='ocrx_word' id='word_1_320' title='bbox 1027 2531 1142 2603; x_wconf 87' lang='grc' dir='ltr'><strong>λαῷ</strong></span> <span class='ocrx_word' id='word_1_321' title='bbox 1182 2533 1356 2604; x_wconf 80' lang='grc' dir='ltr'>τούτῳ</span> <span class='ocrx_word' id='word_1_322' title='bbox 1400 2535 1537 2606; x_wconf 85' lang='grc' dir='ltr'>κρέα</span> <span class='ocrx_word' id='word_1_323' title='bbox 1572 2539 1796 2603; x_wconf 80' lang='grc' dir='ltr'>φαγεϊν;</span> <span class='ocrx_word' id='word_1_324' title='bbox 1833 2554 1852 2586; x_wconf 72' lang='grc' dir='ltr'><strong>ι</strong></span> 
     </span>
    </p>
   </div>
   <div class='ocr_carea' id='block_1_44' title="bbox 271 2617 1855 2696">
    <p class='ocr_par' dir='ltr' id='par_1_44' title="bbox 271 2617 1855 2696">
     <span class='ocr_line' id='line_1_44' title="bbox 271 2617 1855 2696; baseline 0.006 -28"><span class='ocrx_word' id='word_1_325' title='bbox 271 2617 593 2687; x_wconf 79' lang='grc' dir='ltr'>Δυσθυμίας</span> <span class='ocrx_word' id='word_1_326' title='bbox 615 2619 671 2672; x_wconf 82' lang='grc' dir='ltr'>δὲ</span> <span class='ocrx_word' id='word_1_327' title='bbox 698 2623 777 2684; x_wconf 88' lang='grc' dir='ltr'><strong>είς</strong></span> <span class='ocrx_word' id='word_1_328' title='bbox 801 2622 960 2676; x_wconf 76' lang='grc' dir='ltr'>τοῦτο</span> <span class='ocrx_word' id='word_1_329' title='bbox 986 2623 1085 2694; x_wconf 77' lang='grc' dir='ltr'><strong>ἠδη</strong></span> <span class='ocrx_word' id='word_1_330' title='bbox 1116 2623 1471 2696; x_wconf 81' lang='grc' dir='ltr'>καθιγμὲνος,</span> <span class='ocrx_word' id='word_1_331' title='bbox 1503 2625 1578 2688; x_wconf 88' lang='grc' dir='ltr'>ὼς</span> <span class='ocrx_word' id='word_1_332' title='bbox 1609 2625 1711 2696; x_wconf 74' lang='grc' dir='ltr'><strong>ἤδη</strong></span> <span class='ocrx_word' id='word_1_333' title='bbox 1742 2643 1855 2690; x_wconf 84' lang='grc' dir='ltr'><strong>πως</strong></span> 
     </span>
    </p>
   </div>
   <div class='ocr_carea' id='block_1_45' title="bbox 266 2707 1854 2786">
    <p class='ocr_par' dir='ltr' id='par_1_45' title="bbox 266 2707 1854 2786">
     <span class='ocr_line' id='line_1_45' title="bbox 266 2707 1854 2786; baseline 0.007 -27"><span class='ocrx_word' id='word_1_334' title='bbox 266 2707 580 2763; x_wconf 75' lang='grc' dir='ltr'>ἁποὸιῶναι</span> <span class='ocrx_word' id='word_1_335' title='bbox 606 2709 798 2775; x_wconf 81' lang='grc' dir='ltr'>θέλων,</span> <span class='ocrx_word' id='word_1_336' title='bbox 824 2713 916 2766; x_wconf 77' lang='grc' dir='ltr'><strong>«Εἰ</strong></span> <span class='ocrx_word' id='word_1_337' title='bbox 943 2713 1052 2784; x_wconf 80' lang='grc' dir='ltr'>γὰρ</span> <span class='ocrx_word' id='word_1_338' title='bbox 1079 2714 1221 2769; x_wconf 75' lang='grc' dir='ltr'>οὕτω</span> <span class='ocrx_word' id='word_1_339' title='bbox 1252 2717 1318 2769; x_wconf 79' lang='grc' dir='ltr'><strong>σὺ</strong></span> <span class='ocrx_word' id='word_1_340' title='bbox 1350 2719 1519 2780; x_wconf 84' lang='grc' dir='ltr'>ποιεῖς</span> <span class='ocrx_word' id='word_1_341' title='bbox 1553 2719 1854 2786; x_wconf 75' lang='grc' dir='ltr'>μοι,ιρησὶν,</span> 
     </span>
    </p>
   </div>
   <div class='ocr_carea' id='block_1_46' title="bbox 269 2799 1864 2884">
    <p class='ocr_par' dir='ltr' id='par_1_46' title="bbox 269 2799 1864 2884">
     <span class='ocr_line' id='line_1_46' title="bbox 269 2799 1864 2884; baseline 0.011 -34"><span class='ocrx_word' id='word_1_342' title='bbox 269 2799 594 2855; x_wconf 76' lang='grc' dir='ltr'>ἀπόκτεινόν</span> <span class='ocrx_word' id='word_1_343' title='bbox 613 2819 678 2872; x_wconf 90' lang='grc' dir='ltr'><strong>με</strong></span> <span class='ocrx_word' id='word_1_344' title='bbox 709 2805 766 2858; x_wconf 79' lang='grc' dir='ltr'>ὲν</span> <span class='ocrx_word' id='word_1_345' title='bbox 780 2805 1174 2876; x_wconf 80' lang='grc' dir='ltr'>ἀναιρέσει,ἴνα</span> <span class='ocrx_word' id='word_1_346' title='bbox 1201 2807 1275 2879; x_wconf 83' lang='grc' dir='ltr'><strong>μὴ</strong></span> <span class='ocrx_word' id='word_1_347' title='bbox 1293 2807 1388 2862; x_wconf 71' lang='grc' dir='ltr'><strong>ἴδω</strong></span> <span class='ocrx_word' id='word_1_348' title='bbox 1413 2827 1512 2879; x_wconf 89' lang='grc' dir='ltr'><strong>μου</strong></span> <span class='ocrx_word' id='word_1_349' title='bbox 1547 2815 1645 2884; x_wconf 80' lang='grc' dir='ltr'>τὴν</span> <span class='ocrx_word' id='word_1_350' title='bbox 1673 2801 1864 2866; x_wconf 59' lang='grc' dir='ltr'>κάκωέ</span> 
     </span>
    </p>
   </div>
   <div class='ocr_carea' id='block_1_47' title="bbox 269 2892 1858 2971">
    <p class='ocr_par' dir='ltr' id='par_1_47' title="bbox 269 2892 1858 2971">
     <span class='ocr_line' id='line_1_47' title="bbox 269 2892 1858 2971; baseline 0.011 -30"><span class='ocrx_word' id='word_1_351' title='bbox 269 2908 371 2943; x_wconf 85' lang='grc' dir='ltr'>σιν.</span> <span class='ocrx_word' id='word_1_352' title='bbox 407 2910 426 2942; x_wconf 75' lang='lat' dir='ltr'><strong>s</strong></span> <span class='ocrx_word' id='word_1_353' title='bbox 475 2892 687 2963; x_wconf 83' lang='grc' dir='ltr'>Ἀνέχει</span> <span class='ocrx_word' id='word_1_354' title='bbox 728 2897 823 2948; x_wconf 75' lang='grc' dir='ltr'><strong>καὶ</strong></span> <span class='ocrx_word' id='word_1_355' title='bbox 861 2895 1198 2962; x_wconf 85' lang='grc' dir='ltr'>ἁπολέκτους</span> <span class='ocrx_word' id='word_1_356' title='bbox 1229 2901 1454 2971; x_wconf 81' lang='grc' dir='ltr'>ποιῆσαι</span> <span class='ocrx_word' id='word_1_357' title='bbox 1494 2903 1702 2958; x_wconf 76' lang='grc' dir='ltr'>κελεύει</span> <span class='ocrx_word' id='word_1_358' title='bbox 1734 2906 1858 2967; x_wconf 78' lang='grc' dir='ltr'>τοὺς</span> 
     </span>
    </p>
   </div>
   <div class='ocr_carea' id='block_1_48' title="bbox 271 2983 1854 3068">
    <p class='ocr_par' dir='ltr' id='par_1_48' title="bbox 271 2983 1854 3068">
     <span class='ocr_line' id='line_1_48' title="bbox 271 2983 1854 3068; baseline 0.01 -34"><span class='ocrx_word' id='word_1_359' title='bbox 271 2983 718 3054; x_wconf 71' lang='grc' dir='ltr'>συλληψομένους</span> <span class='ocrx_word' id='word_1_360' title='bbox 742 2986 910 3058; x_wconf 72' lang='grc' dir='ltr'>αὐτῷ,</span> <span class='ocrx_word' id='word_1_361' title='bbox 931 2989 1024 3041; x_wconf 81' lang='grc' dir='ltr'>καὶ</span> <span class='ocrx_word' id='word_1_362' title='bbox 1048 2990 1535 3063; x_wconf 53' lang='lat' dir='ltr'><strong>extundit-immuta;</strong></span> <span class='ocrx_word' id='word_1_363' title='bbox 1555 2995 1656 3066; x_wconf 83' lang='grc' dir='ltr'>τῆς</span> <span class='ocrx_word' id='word_1_364' title='bbox 1687 3013 1854 3068; x_wconf 58' lang='lat' dir='ltr'><strong>990v-</strong></span> 
     </span>
    </p>
   </div>
   <div class='ocr_carea' id='block_1_49' title="bbox 263 3075 1859 3157">
    <p class='ocr_par' dir='ltr' id='par_1_49' title="bbox 263 3075 1859 3157">
     <span class='ocr_line' id='line_1_49' title="bbox 263 3075 1859 3157; baseline 0.009 -32"><span class='ocrx_word' id='word_1_365' title='bbox 263 3075 433 3138; x_wconf 83' lang='grc' dir='ltr'>τίδος,</span> <span class='ocrx_word' id='word_1_366' title='bbox 477 3076 589 3128; x_wconf 67' lang='grc' dir='ltr'><strong>ἀπὸ</strong></span> <span class='ocrx_word' id='word_1_367' title='bbox 628 3078 809 3148; x_wconf 81' lang='grc' dir='ltr'>πάσης</span> <span class='ocrx_word' id='word_1_368' title='bbox 849 3079 948 3149; x_wconf 78' lang='grc' dir='ltr'>τῆς</span> <span class='ocrx_word' id='word_1_369' title='bbox 994 3083 1316 3152; x_wconf 80' lang='grc' dir='ltr'>συναγωγῆς</span> <span class='ocrx_word' id='word_1_370' title='bbox 1371 3084 1569 3155; x_wconf 81' lang='grc' dir='ltr'>ἄνδρας</span> <span class='ocrx_word' id='word_1_371' title='bbox 1601 3085 1692 3138; x_wconf 75' lang='grc' dir='ltr'><strong>τὸν</strong></span> <span class='ocrx_word' id='word_1_372' title='bbox 1739 3088 1859 3157; x_wconf 82' lang='grc' dir='ltr'>ἀρι-</span> 
     </span>
    </p>
   </div>
   <div class='ocr_carea' id='block_1_50' title="bbox 1965 1885 3546 1960">
    <p class='ocr_par' dir='ltr' id='par_1_50' title="bbox 1965 1885 3546 1960">
     <span class='ocr_line' id='line_1_50' title="bbox 1965 1885 3546 1960; baseline -0.002 -18"><span class='ocrx_word' id='word_1_373' title='bbox 1965 1889 2004 1943; x_wconf 92' lang='lat' dir='ltr'><strong>ii</strong></span> <span class='ocrx_word' id='word_1_374' title='bbox 2068 1903 2202 1944; x_wconf 89' lang='lat' dir='ltr'><strong>vero</strong></span> <span class='ocrx_word' id='word_1_375' title='bbox 2251 1905 2392 1960; x_wconf 90' lang='lat' dir='ltr'><strong>quos</strong></span> <span class='ocrx_word' id='word_1_376' title='bbox 2456 1905 2553 1959; x_wconf 88' lang='lat' dir='ltr'><strong>par</strong></span> <span class='ocrx_word' id='word_1_377' title='bbox 2590 1898 2712 1945; x_wconf 88' lang='lat' dir='ltr'><strong>erat</strong></span> <span class='ocrx_word' id='word_1_378' title='bbox 2757 1889 2906 1959; x_wconf 90' lang='lat' dir='ltr'><strong>ipsos</strong></span> <span class='ocrx_word' id='word_1_379' title='bbox 2957 1887 3285 1958; x_wconf 48' lang='lat' dir='ltr'><strong>increparet,</strong></span> <span class='ocrx_word' id='word_1_380' title='bbox 3345 1885 3546 1941; x_wconf 51' lang='lat' dir='ltr'><strong>suade.</strong></span> 
     </span>
    </p>
   </div>
   <div class='ocr_carea' id='block_1_51' title="bbox 1965 1978 3542 2052">
    <p class='ocr_par' dir='ltr' id='par_1_51' title="bbox 1965 1978 3542 2052">
     <span class='ocr_line' id='line_1_51' title="bbox 1965 1978 3542 2052; baseline -0.003 -18"><span class='ocrx_word' id='word_1_381' title='bbox 1965 1995 2136 2051; x_wconf 87' lang='lat' dir='ltr'><strong>reque</strong></span> <span class='ocrx_word' id='word_1_382' title='bbox 2194 1988 2255 2035; x_wconf 88' lang='lat' dir='ltr'><strong>ut</strong></span> <span class='ocrx_word' id='word_1_383' title='bbox 2315 1982 2542 2037; x_wconf 89' lang='lat' dir='ltr'><strong>meliora</strong></span> <span class='ocrx_word' id='word_1_384' title='bbox 2593 1981 2930 2051; x_wconf 77' lang='lat' dir='ltr'><strong>cogitarent,</strong></span> <span class='ocrx_word' id='word_1_385' title='bbox 2987 1980 3209 2052; x_wconf 81' lang='lat' dir='ltr'><strong>gravius</strong></span> <span class='ocrx_word' id='word_1_386' title='bbox 3265 1978 3542 2034; x_wconf 83' lang='lat' dir='ltr'><strong>laborant.</strong></span> 
     </span>
    </p>
   </div>
   <div class='ocr_carea' id='block_1_52' title="bbox 1963 2071 3549 2142">
    <p class='ocr_par' dir='ltr' id='par_1_52' title="bbox 1963 2071 3549 2142">
     <span class='ocr_line' id='line_1_52' title="bbox 1963 2071 3549 2142; baseline -0.001 -17"><span class='ocrx_word' id='word_1_387' title='bbox 1963 2071 2124 2142; x_wconf 70' lang='lat'><strong>293</strong></span> <span class='ocrx_word' id='word_1_388' title='bbox 2163 2071 2371 2128; x_wconf 82' lang='lat' dir='ltr'><strong>Idcirco</strong></span> <span class='ocrx_word' id='word_1_389' title='bbox 2403 2072 2624 2127; x_wconf 87' lang='lat' dir='ltr'><strong>divinus</strong></span> <span class='ocrx_word' id='word_1_390' title='bbox 2651 2073 2827 2128; x_wconf 85' lang='lat' dir='ltr'><strong>Moses</strong></span> <span class='ocrx_word' id='word_1_391' title='bbox 2857 2087 2968 2126; x_wconf 91' lang='lat' dir='ltr'><strong>non</strong></span> <span class='ocrx_word' id='word_1_392' title='bbox 2991 2086 3186 2142; x_wconf 89' lang='lat' dir='ltr'><strong>parum</strong></span> <span class='ocrx_word' id='word_1_393' title='bbox 3213 2071 3398 2126; x_wconf 88' lang='lat' dir='ltr'><strong>animo</strong></span> <span class='ocrx_word' id='word_1_394' title='bbox 3414 2084 3549 2126; x_wconf 84' lang='lat' dir='ltr'><strong>con-</strong></span> 
     </span>
    </p>
   </div>
   <div class='ocr_carea' id='block_1_53' title="bbox 1962 2162 3544 2236">
    <p class='ocr_par' dir='ltr' id='par_1_53' title="bbox 1962 2162 3544 2236">
     <span class='ocr_line' id='line_1_53' title="bbox 1962 2162 3544 2236; baseline -0.001 -18"><span class='ocrx_word' id='word_1_395' title='bbox 1962 2164 2116 2231; x_wconf 89' lang='lat' dir='ltr'><strong>cidit,</strong></span> <span class='ocrx_word' id='word_1_396' title='bbox 2144 2172 2307 2234; x_wconf 89' lang='lat' dir='ltr'><strong>atque</strong></span> <span class='ocrx_word' id='word_1_397' title='bbox 2329 2174 2517 2236; x_wconf 89' lang='lat' dir='ltr'><strong>aperte</strong></span> <span class='ocrx_word' id='word_1_398' title='bbox 2542 2165 2609 2220; x_wconf 91' lang='lat' dir='ltr'><strong>ad</strong></span> <span class='ocrx_word' id='word_1_399' title='bbox 2629 2163 2880 2219; x_wconf 81' lang='lat' dir='ltr'><strong>universi</strong></span> <span class='ocrx_word' id='word_1_400' title='bbox 2928 2165 3100 2220; x_wconf 86' lang='lat' dir='ltr'><strong>Deum</strong></span> <span class='ocrx_word' id='word_1_401' title='bbox 3132 2164 3231 2228; x_wconf 84' lang='lat' dir='ltr'><strong>ait,</strong></span> <span class='ocrx_word' id='word_1_402' title='bbox 3267 2179 3326 2219; x_wconf 87' lang='lat' dir='ltr'><strong>se</strong></span> <span class='ocrx_word' id='word_1_403' title='bbox 3365 2162 3544 2218; x_wconf 88' lang='lat' dir='ltr'><strong>solum</strong></span> 
     </span>
    </p>
   </div>
   <div class='ocr_carea' id='block_1_54' title="bbox 1961 2255 3545 2327">
    <p class='ocr_par' dir='ltr' id='par_1_54' title="bbox 1961 2255 3545 2327">
     <span class='ocr_line' id='line_1_54' title="bbox 1961 2255 3545 2327; baseline -0.001 -18"><span class='ocrx_word' id='word_1_404' title='bbox 1961 2255 2100 2311; x_wconf 89' lang='lat' dir='ltr'><strong>adeo</strong></span> <span class='ocrx_word' id='word_1_405' title='bbox 2115 2271 2334 2327; x_wconf 81' lang='lat' dir='ltr'><strong>gravem</strong></span> <span class='ocrx_word' id='word_1_406' title='bbox 2364 2265 2530 2326; x_wconf 88' lang='lat' dir='ltr'><strong>atque</strong></span> <span class='ocrx_word' id='word_1_407' title='bbox 2553 2256 2952 2312; x_wconf 80' lang='lat' dir='ltr'><strong>intolerabilem</strong></span> <span class='ocrx_word' id='word_1_408' title='bbox 2994 2257 3240 2312; x_wconf 85' lang='lat' dir='ltr'><strong>laborem</strong></span> <span class='ocrx_word' id='word_1_409' title='bbox 3265 2255 3411 2312; x_wconf 78' lang='lat' dir='ltr'><strong>ferre</strong></span> <span class='ocrx_word' id='word_1_410' title='bbox 3433 2267 3545 2310; x_wconf 90' lang='lat' dir='ltr'><strong>non</strong></span> 
     </span>
    </p>
   </div>
   <div class='ocr_carea' id='block_1_55' title="bbox 1961 2345 3544 2417">
    <p class='ocr_par' dir='ltr' id='par_1_55' title="bbox 1961 2345 3544 2417">
     <span class='ocr_line' id='line_1_55' title="bbox 1961 2345 3544 2417; baseline 0 -19"><span class='ocrx_word' id='word_1_411' title='bbox 1961 2359 2142 2414; x_wconf 89' lang='lat' dir='ltr'><strong>posse.</strong></span> <span class='ocrx_word' id='word_1_412' title='bbox 2175 2345 2256 2399; x_wconf 85' lang='lat' dir='ltr'><strong>Ad</strong></span> <span class='ocrx_word' id='word_1_413' title='bbox 2294 2346 2678 2416; x_wconf 88' lang='lat' dir='ltr'><strong>probationem</strong></span> <span class='ocrx_word' id='word_1_414' title='bbox 2720 2361 2856 2402; x_wconf 73' lang='lat' dir='ltr'><strong>vero</strong></span> <span class='ocrx_word' id='word_1_415' title='bbox 2892 2345 3058 2417; x_wconf 84' lang='lat' dir='ltr'><strong>hujus</strong></span> <span class='ocrx_word' id='word_1_416' title='bbox 3104 2347 3184 2402; x_wconf 88' lang='lat' dir='ltr'><strong>rei</strong></span> <span class='ocrx_word' id='word_1_417' title='bbox 3211 2345 3544 2402; x_wconf 86' lang='lat' dir='ltr'><strong>arduitatem</strong></span> 
     </span>
    </p>
   </div>
   <div class='ocr_carea' id='block_1_56' title="bbox 1962 2435 3546 2509">
    <p class='ocr_par' dir='ltr' id='par_1_56' title="bbox 1962 2435 3546 2509">
     <span class='ocr_line' id='line_1_56' title="bbox 1962 2435 3546 2509; baseline 0.002 -20"><span class='ocrx_word' id='word_1_418' title='bbox 1962 2435 2568 2508; x_wconf 84' lang='lat' dir='ltr'><strong>impossibilitatemquc</strong></span> <span class='ocrx_word' id='word_1_419' title='bbox 2601 2439 2990 2509; x_wconf 89' lang='lat' dir='ltr'><strong>suppeditandi</strong></span> <span class='ocrx_word' id='word_1_420' title='bbox 3016 2454 3212 2495; x_wconf 89' lang='lat' dir='ltr'><strong>carnes</strong></span> <span class='ocrx_word' id='word_1_421' title='bbox 3239 2438 3296 2494; x_wconf 90' lang='lat' dir='ltr'><strong>in</strong></span> <span class='ocrx_word' id='word_1_422' title='bbox 3319 2437 3546 2493; x_wconf 88' lang='lat' dir='ltr'><strong>deserto</strong></span> 
     </span>
    </p>
   </div>
   <div class='ocr_carea' id='block_1_57' title="bbox 1961 2528 3545 2602">
    <p class='ocr_par' dir='ltr' id='par_1_57' title="bbox 1961 2528 3545 2602">
     <span class='ocr_line' id='line_1_57' title="bbox 1961 2528 3545 2602; baseline 0.003 -22"><span class='ocrx_word' id='word_1_423' title='bbox 1961 2528 2164 2593; x_wconf 87' lang='lat' dir='ltr'><strong>attulit,</strong></span> <span class='ocrx_word' id='word_1_424' title='bbox 2189 2529 2378 2585; x_wconf 91' lang='lat' dir='ltr'><strong>dicens</strong></span> <span class='ocrx_word' id='word_1_425' title='bbox 2410 2546 2423 2584; x_wconf 91' lang='lat'><strong>:</strong></span> <span class='ocrx_word' id='word_1_426' title='bbox 2458 2550 2475 2581; x_wconf 73' lang='grc' dir='ltr'><strong>ι</strong></span> <span class='ocrx_word' id='word_1_427' title='bbox 2509 2530 2666 2586; x_wconf 86' lang='lat' dir='ltr'><strong>Unde</strong></span> <span class='ocrx_word' id='word_1_428' title='bbox 2712 2532 2848 2587; x_wconf 88' lang='lat' dir='ltr'><strong>mihi</strong></span> <span class='ocrx_word' id='word_1_429' title='bbox 2880 2531 3070 2588; x_wconf 81' lang='lat' dir='ltr'><strong>licebit</strong></span> <span class='ocrx_word' id='word_1_430' title='bbox 3105 2532 3238 2588; x_wconf 89' lang='lat' dir='ltr'><strong>dare</strong></span> <span class='ocrx_word' id='word_1_431' title='bbox 3268 2531 3400 2586; x_wconf 83' lang='lat' dir='ltr'><strong>huic</strong></span> <span class='ocrx_word' id='word_1_432' title='bbox 3441 2546 3545 2602; x_wconf 77' lang='lat' dir='ltr'><strong>po-</strong></span> 
     </span>
    </p>
   </div>
   <div class='ocr_carea' id='block_1_58' title="bbox 1960 2619 3547 2688">
    <p class='ocr_par' dir='ltr' id='par_1_58' title="bbox 1960 2619 3547 2688">
     <span class='ocr_line' id='line_1_58' title="bbox 1960 2619 3547 2688; baseline 0.004 -16"><span class='ocrx_word' id='word_1_433' title='bbox 1960 2619 2091 2688; x_wconf 87' lang='lat' dir='ltr'><strong>pulo</strong></span> <span class='ocrx_word' id='word_1_434' title='bbox 2119 2634 2315 2675; x_wconf 87' lang='lat' dir='ltr'><strong>carnes</strong></span> <span class='ocrx_word' id='word_1_435' title='bbox 2335 2620 2578 2676; x_wconf 88' lang='lat' dir='ltr'><strong>edendas</strong></span> <span class='ocrx_word' id='word_1_436' title='bbox 2599 2621 2688 2675; x_wconf 68' lang='grc' dir='ltr'>ἐἳ</span> <span class='ocrx_word' id='word_1_437' title='bbox 2718 2639 2737 2673; x_wconf 75' lang='grc' dir='ltr'><strong>ι</strong></span> <span class='ocrx_word' id='word_1_438' title='bbox 2769 2621 2906 2678; x_wconf 88' lang='lat' dir='ltr'><strong>Cum</strong></span> <span class='ocrx_word' id='word_1_439' title='bbox 2957 2631 3141 2678; x_wconf 86' lang='lat' dir='ltr'><strong>autem</strong></span> <span class='ocrx_word' id='word_1_440' title='bbox 3172 2638 3242 2679; x_wconf 90' lang='lat' dir='ltr'><strong>eo</strong></span> <span class='ocrx_word' id='word_1_441' title='bbox 3287 2622 3547 2678; x_wconf 73' lang='lat' dir='ltr'><strong>mmroris</strong></span> 
     </span>
    </p>
   </div>
   <div class='ocr_carea' id='block_1_59' title="bbox 1960 2710 3542 2784">
    <p class='ocr_par' dir='ltr' id='par_1_59' title="bbox 1960 2710 3542 2784">
     <span class='ocr_line' id='line_1_59' title="bbox 1960 2710 3542 2784; baseline 0.002 -21"><span class='ocrx_word' id='word_1_442' title='bbox 1960 2710 2203 2764; x_wconf 83' lang='lat' dir='ltr'><strong>venisset</strong></span> <span class='ocrx_word' id='word_1_443' title='bbox 2236 2720 2297 2765; x_wconf 90' lang='lat' dir='ltr'><strong>ut</strong></span> <span class='ocrx_word' id='word_1_444' title='bbox 2327 2711 2430 2766; x_wconf 90' lang='lat' dir='ltr'><strong>sibi</strong></span> <span class='ocrx_word' id='word_1_445' title='bbox 2477 2712 2581 2782; x_wconf 88' lang='lat' dir='ltr'><strong>ipsi</strong></span> <span class='ocrx_word' id='word_1_446' title='bbox 2614 2722 2847 2768; x_wconf 90' lang='lat' dir='ltr'><strong>mortem</strong></span> <span class='ocrx_word' id='word_1_447' title='bbox 2887 2721 3190 2784; x_wconf 79' lang='lat' dir='ltr'><strong>expeteret,</strong></span> <span class='ocrx_word' id='word_1_448' title='bbox 3237 2713 3314 2768; x_wconf 85' lang='lat' dir='ltr'><strong>ait</strong></span> <span class='ocrx_word' id='word_1_449' title='bbox 3339 2713 3486 2769; x_wconf 91' lang='lat' dir='ltr'><strong>enim</strong></span> <span class='ocrx_word' id='word_1_450' title='bbox 3523 2729 3542 2767; x_wconf 88' lang='lat'><strong>:</strong></span> 
     </span>
    </p>
   </div>
   <div class='ocr_carea' id='block_1_60' title="bbox 1969 2802 3544 2876">
    <p class='ocr_par' dir='ltr' id='par_1_60' title="bbox 1969 2802 3544 2876">
     <span class='ocr_line' id='line_1_60' title="bbox 1969 2802 3544 2876; baseline 0.004 -22"><span class='ocrx_word' id='word_1_451' title='bbox 1969 2820 1986 2854; x_wconf 76' lang='grc' dir='ltr'><strong>ι</strong></span> <span class='ocrx_word' id='word_1_452' title='bbox 2019 2802 2076 2857; x_wconf 89' lang='lat' dir='ltr'><strong>Si</strong></span> <span class='ocrx_word' id='word_1_453' title='bbox 2109 2811 2168 2856; x_wconf 88' lang='lat' dir='ltr'><strong>tu</strong></span> <span class='ocrx_word' id='word_1_454' title='bbox 2199 2803 2280 2858; x_wconf 91' lang='lat' dir='ltr'><strong>sic</strong></span> <span class='ocrx_word' id='word_1_455' title='bbox 2304 2803 2459 2868; x_wconf 82' lang='lat' dir='ltr'><strong>facis,</strong></span> <span class='ocrx_word' id='word_1_456' title='bbox 2499 2804 2690 2860; x_wconf 89' lang='lat' dir='ltr'><strong>occide</strong></span> <span class='ocrx_word' id='word_1_457' title='bbox 2714 2821 2801 2860; x_wconf 88' lang='lat' dir='ltr'><strong>me</strong></span> <span class='ocrx_word' id='word_1_458' title='bbox 2825 2805 3120 2870; x_wconf 89' lang='lat' dir='ltr'><strong>occisione,</strong></span> <span class='ocrx_word' id='word_1_459' title='bbox 3157 2821 3229 2861; x_wconf 88' lang='lat' dir='ltr'><strong>ne</strong></span> <span class='ocrx_word' id='word_1_460' title='bbox 3277 2805 3544 2876; x_wconf 86' lang='lat' dir='ltr'><strong>aspiciam</strong></span> 
     </span>
    </p>
   </div>
   <div class='ocr_carea' id='block_1_61' title="bbox 1961 2893 3546 2968">
    <p class='ocr_par' dir='ltr' id='par_1_61' title="bbox 1961 2893 3546 2968">
     <span class='ocr_line' id='line_1_61' title="bbox 1961 2893 3546 2968; baseline 0.003 -21"><span class='ocrx_word' id='word_1_461' title='bbox 1961 2893 2311 2950; x_wconf 86' lang='lat' dir='ltr'><strong>alllictionem</strong></span> <span class='ocrx_word' id='word_1_462' title='bbox 2335 2895 2478 2951; x_wconf 88' lang='lat' dir='ltr'><strong>hanc</strong></span> <span class='ocrx_word' id='word_1_463' title='bbox 2497 2897 2566 2962; x_wconf 83' lang='lat'><strong>&quot;,</strong></span> <span class='ocrx_word' id='word_1_464' title='bbox 2598 2916 2616 2949; x_wconf 75' lang='grc' dir='ltr'><strong>ι</strong></span> <span class='ocrx_word' id='word_1_465' title='bbox 2655 2897 2892 2952; x_wconf 88' lang='lat' dir='ltr'><strong>sustinet</strong></span> <span class='ocrx_word' id='word_1_466' title='bbox 2927 2898 3090 2962; x_wconf 83' lang='lat' dir='ltr'><strong>Deus,</strong></span> <span class='ocrx_word' id='word_1_467' title='bbox 3113 2905 3170 2953; x_wconf 88' lang='lat' dir='ltr'><strong>et</strong></span> <span class='ocrx_word' id='word_1_468' title='bbox 3194 2895 3546 2968; x_wconf 75' lang='lat' dir='ltr'><strong>coadjutorcs</strong></span> 
     </span>
    </p>
   </div>
   <div class='ocr_carea' id='block_1_62' title="bbox 1961 2985 3544 3059">
    <p class='ocr_par' dir='ltr' id='par_1_62' title="bbox 1961 2985 3544 3059">
     <span class='ocr_line' id='line_1_62' title="bbox 1961 2985 3544 3059; baseline 0.003 -21"><span class='ocrx_word' id='word_1_469' title='bbox 1961 2985 2226 3056; x_wconf 89' lang='lat' dir='ltr'><strong>quosdam</strong></span> <span class='ocrx_word' id='word_1_470' title='bbox 2260 2986 2365 3057; x_wconf 91' lang='lat' dir='ltr'><strong>ipsi</strong></span> <span class='ocrx_word' id='word_1_471' title='bbox 2406 2987 2572 3059; x_wconf 91' lang='lat' dir='ltr'><strong>deligi</strong></span> <span class='ocrx_word' id='word_1_472' title='bbox 2591 2988 2772 3059; x_wconf 88' lang='lat' dir='ltr'><strong>jubet,</strong></span> <span class='ocrx_word' id='word_1_473' title='bbox 2798 2989 3131 3059; x_wconf 83' lang='lat' dir='ltr'><strong>quibuscum</strong></span> <span class='ocrx_word' id='word_1_474' title='bbox 3197 2988 3371 3044; x_wconf 83' lang='lat' dir='ltr'><strong>totius</strong></span> <span class='ocrx_word' id='word_1_475' title='bbox 3408 3003 3544 3042; x_wconf 81' lang='lat' dir='ltr'><strong>con-</strong></span> 
     </span>
    </p>
   </div>
   <div class='ocr_carea' id='block_1_63' title="bbox 1961 3076 3543 3146">
    <p class='ocr_par' dir='ltr' id='par_1_63' title="bbox 1961 3076 3543 3146">
     <span class='ocr_line' id='line_1_63' title="bbox 1961 3076 3543 3146; baseline 0.001 -17"><span class='ocrx_word' id='word_1_476' title='bbox 1961 3077 2293 3146; x_wconf 81' lang='lat' dir='ltr'><strong>gregationis</strong></span> <span class='ocrx_word' id='word_1_477' title='bbox 2323 3092 2512 3132; x_wconf 89' lang='lat' dir='ltr'><strong>curam</strong></span> <span class='ocrx_word' id='word_1_478' title='bbox 2557 3079 2949 3142; x_wconf 85' lang='lat' dir='ltr'><strong>communicet,</strong></span> <span class='ocrx_word' id='word_1_479' title='bbox 2999 3076 3148 3131; x_wconf 85' lang='lat' dir='ltr'><strong>viros</strong></span> <span class='ocrx_word' id='word_1_480' title='bbox 3196 3092 3426 3134; x_wconf 87' lang='lat' dir='ltr'><strong>numero</strong></span> <span class='ocrx_word' id='word_1_481' title='bbox 3452 3092 3543 3131; x_wconf 84' lang='lat' dir='ltr'><strong>se-</strong></span> 
     </span>
    </p>
   </div>
   <div class='ocr_carea' id='block_1_64' title="bbox 265 3166 1857 3252">
    <p class='ocr_par' dir='ltr' id='par_1_64' title="bbox 265 3167 1848 3251">
     <span class='ocr_line' id='line_1_64' title="bbox 265 3167 1848 3251; baseline 0.008 -31"><span class='ocrx_word' id='word_1_482' title='bbox 265 3167 406 3237; x_wconf 81' lang='grc' dir='ltr'>θμδν</span> <span class='ocrx_word' id='word_1_483' title='bbox 435 3169 833 3240; x_wconf 71' lang='grc' dir='ltr'>ἐϐδομήκοντα.</span> <span class='ocrx_word' id='word_1_484' title='bbox 859 3191 877 3223; x_wconf 89' lang='grc'><em>‹</em></span> <span class='ocrx_word' id='word_1_485' title='bbox 903 3169 1034 3225; x_wconf 83' lang='grc' dir='ltr'>Εἶπε</span> <span class='ocrx_word' id='word_1_486' title='bbox 1069 3171 1177 3244; x_wconf 77' lang='grc' dir='ltr'><strong>γὰρ</strong></span> <span class='ocrx_word' id='word_1_487' title='bbox 1207 3175 1408 3246; x_wconf 76' lang='grc' dir='ltr'>Κύριος</span> <span class='ocrx_word' id='word_1_488' title='bbox 1440 3177 1575 3247; x_wconf 75' lang='grc' dir='ltr'>πρὸς</span> <span class='ocrx_word' id='word_1_489' title='bbox 1619 3179 1848 3251; x_wconf 71' lang='grc' dir='ltr'>Μωσῆψ</span> 
     </span>
    </p>
   </div>
   <div class='ocr_carea' id='block_1_65' title="bbox 1959 3166 3542 3252">
    <p class='ocr_par' dir='ltr' id='par_1_65' title="bbox 1961 3166 3542 3239">
     <span class='ocr_line' id='line_1_65' title="bbox 1961 3166 3542 3239; baseline 0 -18"><span class='ocrx_word' id='word_1_490' title='bbox 1961 3169 2264 3238; x_wconf 83' lang='lat' dir='ltr'><strong>ptuaginta.</strong></span> <span class='ocrx_word' id='word_1_491' title='bbox 2300 3187 2319 3220; x_wconf 75' lang='grc' dir='ltr'><strong>ι</strong></span> <span class='ocrx_word' id='word_1_492' title='bbox 2353 3169 2500 3223; x_wconf 80' lang='lat' dir='ltr'><strong>Dixit</strong></span> <span class='ocrx_word' id='word_1_493' title='bbox 2531 3171 2678 3225; x_wconf 88' lang='lat' dir='ltr'><strong>enim</strong></span> <span class='ocrx_word' id='word_1_494' title='bbox 2713 3169 2782 3225; x_wconf 85' lang='lat' dir='ltr'><strong>ad</strong></span> <span class='ocrx_word' id='word_1_495' title='bbox 2817 3170 3000 3224; x_wconf 78' lang='lat' dir='ltr'><strong>Mosen</strong></span> <span class='ocrx_word' id='word_1_496' title='bbox 3031 3187 3044 3222; x_wconf 68' lang='grc' dir='ltr'><strong>ε</strong></span> <span class='ocrx_word' id='word_1_497' title='bbox 3075 3167 3359 3239; x_wconf 85' lang='lat' dir='ltr'><strong>Congrega</strong></span> <span class='ocrx_word' id='word_1_498' title='bbox 3403 3166 3542 3222; x_wconf 87' lang='lat' dir='ltr'><strong>mihi</strong></span> 
     </span>
    </p>
   </div>
   <div class='ocr_carea' id='block_1_66' title="bbox 263 3261 1855 3340">
    <p class='ocr_par' dir='ltr' id='par_1_66' title="bbox 263 3261 1855 3340">
     <span class='ocr_line' id='line_1_66' title="bbox 263 3261 1855 3340; baseline 0.006 -28"><span class='ocrx_word' id='word_1_499' title='bbox 263 3261 558 3328; x_wconf 76' lang='grc' dir='ltr'>Συνὰγαγέ</span> <span class='ocrx_word' id='word_1_500' title='bbox 589 3279 678 3331; x_wconf 80' lang='grc' dir='ltr'><strong>μοι</strong></span> <span class='ocrx_word' id='word_1_501' title='bbox 712 3262 1082 3334; x_wconf 73' lang='grc' dir='ltr'>ἑϐδομήκοντα</span> <span class='ocrx_word' id='word_1_502' title='bbox 1111 3266 1311 3336; x_wconf 82' lang='grc' dir='ltr'>ἄνδρας</span> <span class='ocrx_word' id='word_1_503' title='bbox 1346 3266 1452 3319; x_wconf 72' lang='grc' dir='ltr'><strong>ἀπὸ</strong></span> <span class='ocrx_word' id='word_1_504' title='bbox 1475 3267 1584 3321; x_wconf 83' lang='grc' dir='ltr'><strong>τῶν</strong></span> <span class='ocrx_word' id='word_1_505' title='bbox 1615 3271 1855 3340; x_wconf 73' lang='grc' dir='ltr'>πρεσϐυ-</span> 
     </span>
    </p>
   </div>
   <div class='ocr_carea' id='block_1_67' title="bbox 263 3350 1858 3432">
    <p class='ocr_par' dir='ltr' id='par_1_67' title="bbox 263 3350 1858 3432">
     <span class='ocr_line' id='line_1_67' title="bbox 263 3350 1858 3432; baseline 0.007 -28"><span class='ocrx_word' id='word_1_506' title='bbox 263 3354 440 3424; x_wconf 82' lang='grc' dir='ltr'>τέρων</span> <span class='ocrx_word' id='word_1_507' title='bbox 485 3352 726 3425; x_wconf 68' lang='grc' dir='ltr'>Ἰσραὴλ,</span> <span class='ocrx_word' id='word_1_508' title='bbox 744 3353 838 3418; x_wconf 76' lang='grc' dir='ltr'><strong>οὓς</strong></span> <span class='ocrx_word' id='word_1_509' title='bbox 860 3357 1022 3420; x_wconf 71' lang='grc' dir='ltr'>αὐτὸς</span> <span class='ocrx_word' id='word_1_510' title='bbox 1037 3353 1186 3420; x_wconf 80' lang='grc' dir='ltr'>οἶδας</span> <span class='ocrx_word' id='word_1_511' title='bbox 1205 3359 1287 3411; x_wconf 85' lang='grc' dir='ltr'>ὅτι</span> <span class='ocrx_word' id='word_1_512' title='bbox 1317 3350 1462 3412; x_wconf 66' lang='grc' dir='ltr'>οὗτοι</span> <span class='ocrx_word' id='word_1_513' title='bbox 1484 3362 1590 3413; x_wconf 85' lang='grc' dir='ltr'>είσι</span> <span class='ocrx_word' id='word_1_514' title='bbox 1621 3362 1858 3432; x_wconf 81' lang='grc' dir='ltr'>πρεσϐύ-</span> 
     </span>
    </p>
   </div>
   <div class='ocr_carea' id='block_1_68' title="bbox 263 3441 1857 3516">
    <p class='ocr_par' dir='ltr' id='par_1_68' title="bbox 263 3441 1857 3516">
     <span class='ocr_line' id='line_1_68' title="bbox 263 3441 1857 3516; baseline 0.007 -24"><span class='ocrx_word' id='word_1_515' title='bbox 263 3457 414 3512; x_wconf 84' lang='grc' dir='ltr'>τεροι</span> <span class='ocrx_word' id='word_1_516' title='bbox 447 3441 548 3494; x_wconf 81' lang='grc' dir='ltr'>τοῦ</span> <span class='ocrx_word' id='word_1_517' title='bbox 592 3442 756 3506; x_wconf 78' lang='grc' dir='ltr'>λαοῦ,</span> <span class='ocrx_word' id='word_1_518' title='bbox 788 3446 882 3498; x_wconf 75' lang='grc' dir='ltr'><strong>καὶ</strong></span> <span class='ocrx_word' id='word_1_519' title='bbox 925 3449 1272 3516; x_wconf 83' lang='grc' dir='ltr'>γραμματεῖς</span> <span class='ocrx_word' id='word_1_520' title='bbox 1324 3447 1534 3511; x_wconf 74' lang='grc' dir='ltr'>αὐτῶν,</span> <span class='ocrx_word' id='word_1_521' title='bbox 1570 3450 1662 3502; x_wconf 77' lang='grc' dir='ltr'>καὶ</span> <span class='ocrx_word' id='word_1_522' title='bbox 1707 3449 1857 3514; x_wconf 83' lang='grc' dir='ltr'>ἄξεις</span> 
     </span>
    </p>
   </div>
   <div class='ocr_carea' id='block_1_69' title="bbox 263 3534 1859 3611">
    <p class='ocr_par' dir='ltr' id='par_1_69' title="bbox 263 3534 1859 3611">
     <span class='ocr_line' id='line_1_69' title="bbox 263 3534 1859 3611; baseline 0.008 -27"><span class='ocrx_word' id='word_1_523' title='bbox 263 3534 468 3597; x_wconf 76' lang='grc' dir='ltr'>αὐτοὺς</span> <span class='ocrx_word' id='word_1_524' title='bbox 499 3534 640 3604; x_wconf 83' lang='grc' dir='ltr'>πρὸς</span> <span class='ocrx_word' id='word_1_525' title='bbox 663 3536 763 3607; x_wconf 82' lang='grc' dir='ltr'>τὴν</span> <span class='ocrx_word' id='word_1_526' title='bbox 798 3539 1004 3608; x_wconf 78' lang='grc' dir='ltr'>σκηνὴν</span> <span class='ocrx_word' id='word_1_527' title='bbox 1036 3537 1128 3590; x_wconf 79' lang='grc' dir='ltr'><strong>τοῦ</strong></span> <span class='ocrx_word' id='word_1_528' title='bbox 1168 3539 1494 3609; x_wconf 81' lang='grc' dir='ltr'>μαρτυρίου,</span> <span class='ocrx_word' id='word_1_529' title='bbox 1520 3540 1613 3592; x_wconf 77' lang='grc' dir='ltr'>καὶ</span> <span class='ocrx_word' id='word_1_530' title='bbox 1638 3541 1859 3611; x_wconf 85' lang='grc' dir='ltr'>στήσον-</span> 
     </span>
    </p>
   </div>
   <div class='ocr_carea' id='block_1_70' title="bbox 262 3627 1852 3703">
    <p class='ocr_par' dir='ltr' id='par_1_70' title="bbox 262 3627 1852 3703">
     <span class='ocr_line' id='line_1_70' title="bbox 262 3627 1852 3703; baseline 0.006 -25"><span class='ocrx_word' id='word_1_531' title='bbox 262 3643 350 3678; x_wconf 81' lang='grc' dir='ltr'><strong>ται</strong></span> <span class='ocrx_word' id='word_1_532' title='bbox 387 3627 515 3679; x_wconf 71' lang='grc' dir='ltr'>ἐκεῖ</span> <span class='ocrx_word' id='word_1_533' title='bbox 565 3627 707 3696; x_wconf 79' lang='grc' dir='ltr'>μετὰ</span> <span class='ocrx_word' id='word_1_534' title='bbox 756 3627 872 3690; x_wconf 77' lang='grc' dir='ltr'>σοῦ,</span> <span class='ocrx_word' id='word_1_535' title='bbox 903 3629 997 3680; x_wconf 72' lang='grc' dir='ltr'><strong>καὶ</strong></span> <span class='ocrx_word' id='word_1_536' title='bbox 1039 3631 1444 3700; x_wconf 75' lang='grc' dir='ltr'>καταϐήσομαι,</span> <span class='ocrx_word' id='word_1_537' title='bbox 1490 3631 1585 3683; x_wconf 65' lang='grc' dir='ltr'><strong>κα)⁸</strong></span> <span class='ocrx_word' id='word_1_538' title='bbox 1628 3630 1852 3703; x_wconf 83' lang='grc' dir='ltr'>λαλήσω</span> 
     </span>
    </p>
   </div>
   <div class='ocr_carea' id='block_1_71' title="bbox 262 3718 1849 3793">
    <p class='ocr_par' dir='ltr' id='par_1_71' title="bbox 262 3718 1849 3793">
     <span class='ocr_line' id='line_1_71' title="bbox 262 3718 1849 3793; baseline 0.004 -22"><span class='ocrx_word' id='word_1_539' title='bbox 262 3719 377 3771; x_wconf 78' lang='grc' dir='ltr'>ἐκεῖ</span> <span class='ocrx_word' id='word_1_540' title='bbox 411 3719 562 3790; x_wconf 75' lang='grc' dir='ltr'>μετὰ</span> <span class='ocrx_word' id='word_1_541' title='bbox 617 3718 732 3772; x_wconf 83' lang='grc' dir='ltr'>σοῦ.</span> <span class='ocrx_word' id='word_1_542' title='bbox 776 3721 888 3773; x_wconf 75' lang='grc' dir='ltr'><strong>Καὶ</strong></span> <span class='ocrx_word' id='word_1_543' title='bbox 916 3720 1100 3788; x_wconf 79' lang='grc' dir='ltr'>ἀφελώ</span> <span class='ocrx_word' id='word_1_544' title='bbox 1136 3721 1246 3774; x_wconf 85' lang='grc' dir='ltr'><strong>ἀπὸ</strong></span> <span class='ocrx_word' id='word_1_545' title='bbox 1281 3720 1376 3774; x_wconf 78' lang='grc' dir='ltr'><strong>τοῦ</strong></span> <span class='ocrx_word' id='word_1_546' title='bbox 1411 3721 1721 3793; x_wconf 83' lang='grc' dir='ltr'>πνεύματος</span> <span class='ocrx_word' id='word_1_547' title='bbox 1753 3722 1849 3778; x_wconf 80' lang='grc' dir='ltr'>τοῦ</span> 
     </span>
    </p>
   </div>
   <div class='ocr_carea' id='block_1_72' title="bbox 261 3809 1856 3886">
    <p class='ocr_par' dir='ltr' id='par_1_72' title="bbox 261 3809 1856 3886">
     <span class='ocr_line' id='line_1_72' title="bbox 261 3809 1856 3886; baseline 0.004 -25"><span class='ocrx_word' id='word_1_548' title='bbox 261 3809 355 3862; x_wconf 67' lang='grc' dir='ltr'><strong>ἐπὶ</strong></span> <span class='ocrx_word' id='word_1_549' title='bbox 385 3811 500 3871; x_wconf 79' lang='grc' dir='ltr'>σοὶ,</span> <span class='ocrx_word' id='word_1_550' title='bbox 536 3811 635 3862; x_wconf 78' lang='grc' dir='ltr'>καὶ</span> <span class='ocrx_word' id='word_1_551' title='bbox 679 3810 831 3881; x_wconf 85' lang='grc' dir='ltr'>θήσω</span> <span class='ocrx_word' id='word_1_552' title='bbox 860 3812 945 3864; x_wconf 74' lang='grc' dir='ltr'><strong>ἐπ’</strong></span> <span class='ocrx_word' id='word_1_553' title='bbox 974 3813 1171 3874; x_wconf 80' lang='grc' dir='ltr'>αὐτοὺς</span> <span class='ocrx_word' id='word_1_554' title='bbox 1191 3853 1205 3877; x_wconf 91' lang='grc'><strong>,</strong></span> <span class='ocrx_word' id='word_1_555' title='bbox 1235 3812 1330 3865; x_wconf 72' lang='grc' dir='ltr'><strong>καὶ</strong></span> <span class='ocrx_word' id='word_1_556' title='bbox 1372 3815 1856 3886; x_wconf 74' lang='grc' dir='ltr'>συναντιλήψονται</span> 
     </span>
    </p>
   </div>
   <div class='ocr_carea' id='block_1_73' title="bbox 263 3901 1854 3975">
    <p class='ocr_par' dir='ltr' id='par_1_73' title="bbox 263 3901 1854 3975">
     <span class='ocr_line' id='line_1_73' title="bbox 263 3901 1854 3975; baseline 0.004 -19"><span class='ocrx_word' id='word_1_557' title='bbox 263 3903 403 3971; x_wconf 71' lang='grc' dir='ltr'>μετὰ</span> <span class='ocrx_word' id='word_1_558' title='bbox 445 3903 547 3956; x_wconf 79' lang='grc' dir='ltr'>σοῦ</span> <span class='ocrx_word' id='word_1_559' title='bbox 583 3903 681 3973; x_wconf 80' lang='grc' dir='ltr'>τὴν</span> <span class='ocrx_word' id='word_1_560' title='bbox 703 3902 881 3975; x_wconf 82' lang='grc' dir='ltr'>ὁρμὴν</span> <span class='ocrx_word' id='word_1_561' title='bbox 905 3904 1001 3957; x_wconf 76' lang='grc' dir='ltr'>τοῦ</span> <span class='ocrx_word' id='word_1_562' title='bbox 1032 3903 1184 3958; x_wconf 79' lang='grc' dir='ltr'>λαοῦ·</span> <span class='ocrx_word' id='word_1_563' title='bbox 1214 3905 1308 3957; x_wconf 81' lang='grc' dir='ltr'>καὶ</span> <span class='ocrx_word' id='word_1_564' title='bbox 1336 3906 1437 3960; x_wconf 85' lang='grc' dir='ltr'><strong>οὐκ</strong></span> <span class='ocrx_word' id='word_1_565' title='bbox 1460 3907 1630 3972; x_wconf 75' lang='grc' dir='ltr'>οἴσεις</span> <span class='ocrx_word' id='word_1_566' title='bbox 1656 3901 1854 3972; x_wconf 81' lang='grc' dir='ltr'>αὐτοὺς</span> 
     </span>
    </p>
   </div>
   <div class='ocr_carea' id='block_1_74' title="bbox 260 3991 1854 4069">
    <p class='ocr_par' dir='ltr' id='par_1_74' title="bbox 260 3991 1854 4069">
     <span class='ocr_line' id='line_1_74' title="bbox 260 3991 1854 4069; baseline 0.003 -21"><span class='ocrx_word' id='word_1_567' title='bbox 260 3997 325 4049; x_wconf 78' lang='grc' dir='ltr'><strong>σὺ</strong></span> <span class='ocrx_word' id='word_1_568' title='bbox 359 3996 550 4066; x_wconf 79' lang='grc' dir='ltr'>μόνος.</span> <span class='ocrx_word' id='word_1_569' title='bbox 593 4014 612 4047; x_wconf 75' lang='grc' dir='ltr'><strong>ι</strong></span> <span class='ocrx_word' id='word_1_570' title='bbox 647 3991 722 4050; x_wconf 74' lang='grc' dir='ltr'><strong>Οὔ</strong></span> <span class='ocrx_word' id='word_1_571' title='bbox 743 3996 806 4067; x_wconf 84' lang='grc' dir='ltr'><strong>δὴ</strong></span> <span class='ocrx_word' id='word_1_572' title='bbox 837 3996 1121 4066; x_wconf 80' lang='grc' dir='ltr'>γεγονότος</span> <span class='ocrx_word' id='word_1_573' title='bbox 1147 3999 1506 4067; x_wconf 78' lang='grc' dir='ltr'>(παρεστήκει</span> <span class='ocrx_word' id='word_1_574' title='bbox 1544 4000 1656 4069; x_wconf 79' lang='grc' dir='ltr'>γὰρ</span> <span class='ocrx_word' id='word_1_575' title='bbox 1688 3998 1854 4066; x_wconf 76' lang='grc' dir='ltr'>εὐθὺς</span> 
     </span>
    </p>
   </div>
   <div class='ocr_carea' id='block_1_75' title="bbox 257 4087 1853 4160">
    <p class='ocr_par' dir='ltr' id='par_1_75' title="bbox 257 4087 1853 4160">
     <span class='ocr_line' id='line_1_75' title="bbox 257 4087 1853 4160; baseline 0.003 -21"><span class='ocrx_word' id='word_1_576' title='bbox 257 4089 388 4151; x_wconf 72' lang='grc' dir='ltr'>τοὺς</span> <span class='ocrx_word' id='word_1_577' title='bbox 418 4087 533 4141; x_wconf 82' lang='grc' dir='ltr'>τῶν</span> <span class='ocrx_word' id='word_1_578' title='bbox 565 4087 742 4141; x_wconf 67' lang='grc' dir='ltr'>ἄλλων</span> <span class='ocrx_word' id='word_1_579' title='bbox 770 4088 1312 4159; x_wconf 85' lang='grc' dir='ltr'>διαπρεπεστέρους),</span> <span class='ocrx_word' id='word_1_580' title='bbox 1344 4089 1501 4158; x_wconf 80' lang='grc' dir='ltr'>ἁγίου</span> <span class='ocrx_word' id='word_1_581' title='bbox 1526 4090 1624 4160; x_wconf 84' lang='grc' dir='ltr'>μὲν</span> <span class='ocrx_word' id='word_1_582' title='bbox 1649 4090 1853 4154; x_wconf 79' lang='grc' dir='ltr'>αὐτοὺς</span> 
     </span>
    </p>
   </div>
   <div class='ocr_carea' id='block_1_76' title="bbox 259 4177 1854 4253">
    <p class='ocr_par' dir='ltr' id='par_1_76' title="bbox 259 4177 1854 4253">
     <span class='ocr_line' id='line_1_76' title="bbox 259 4177 1854 4253; baseline 0.004 -24"><span class='ocrx_word' id='word_1_583' title='bbox 259 4177 584 4247; x_wconf 77' lang='grc' dir='ltr'>ἰμπίπλησι</span> <span class='ocrx_word' id='word_1_584' title='bbox 629 4179 948 4249; x_wconf 84' lang='grc' dir='ltr'>Πνεύματος</span> <span class='ocrx_word' id='word_1_585' title='bbox 979 4181 1008 4231; x_wconf 92' lang='lat'><strong>6</strong></span> <span class='ocrx_word' id='word_1_586' title='bbox 1053 4179 1160 4231; x_wconf 82' lang='grc' dir='ltr'>τῶν</span> <span class='ocrx_word' id='word_1_587' title='bbox 1197 4178 1332 4232; x_wconf 85' lang='grc' dir='ltr'>ὅλων</span> <span class='ocrx_word' id='word_1_588' title='bbox 1372 4180 1524 4244; x_wconf 84' lang='grc' dir='ltr'>Θεός·</span> <span class='ocrx_word' id='word_1_589' title='bbox 1557 4177 1676 4234; x_wconf 77' lang='grc' dir='ltr'>εἶτα</span> <span class='ocrx_word' id='word_1_590' title='bbox 1710 4182 1854 4253; x_wconf 77' lang='grc' dir='ltr'>μετὰ</span> 
     </span>
    </p>
   </div>
   <div class='ocr_carea' id='block_1_77' title="bbox 254 4270 1854 4342">
    <p class='ocr_par' dir='ltr' id='par_1_77' title="bbox 254 4270 1854 4342">
     <span class='ocr_line' id='line_1_77' title="bbox 254 4270 1854 4342; baseline 0.003 -20"><span class='ocrx_word' id='word_1_591' title='bbox 254 4270 420 4324; x_wconf 77' lang='grc' dir='ltr'>τοῦτο</span> <span class='ocrx_word' id='word_1_592' title='bbox 451 4273 578 4333; x_wconf 83' lang='grc' dir='ltr'>ταῖς</span> <span class='ocrx_word' id='word_1_593' title='bbox 620 4270 728 4323; x_wconf 85' lang='grc' dir='ltr'><strong>τῶν</strong></span> <span class='ocrx_word' id='word_1_594' title='bbox 775 4271 1070 4324; x_wconf 85' lang='grc' dir='ltr'>κλαιόντων</span> <span class='ocrx_word' id='word_1_595' title='bbox 1096 4270 1417 4342; x_wconf 79' lang='grc' dir='ltr'>ἐπιθυμίαις</span> <span class='ocrx_word' id='word_1_596' title='bbox 1439 4271 1693 4337; x_wconf 75' lang='grc' dir='ltr'>ἐνδιδοὺς,</span> <span class='ocrx_word' id='word_1_597' title='bbox 1719 4273 1854 4327; x_wconf 87' lang='grc' dir='ltr'>καθ-</span> 
     </span>
    </p>
   </div>
   <div class='ocr_carea' id='block_1_78' title="bbox 255 4361 1852 4436">
    <p class='ocr_par' dir='ltr' id='par_1_78' title="bbox 255 4361 1852 4436">
     <span class='ocr_line' id='line_1_78' title="bbox 255 4361 1852 4436; baseline 0.004 -23"><span class='ocrx_word' id='word_1_598' title='bbox 255 4362 327 4416; x_wconf 76' lang='grc' dir='ltr'>ιει</span> <span class='ocrx_word' id='word_1_599' title='bbox 361 4363 470 4433; x_wconf 80' lang='grc' dir='ltr'>μὲν</span> <span class='ocrx_word' id='word_1_600' title='bbox 525 4364 714 4426; x_wconf 82' lang='grc' dir='ltr'>αὐτοῖς</span> <span class='ocrx_word' id='word_1_601' title='bbox 746 4361 844 4434; x_wconf 81' lang='grc' dir='ltr'>τὴν</span> <span class='ocrx_word' id='word_1_602' title='bbox 881 4363 1320 4434; x_wconf 79' lang='grc' dir='ltr'>ὀρτυγομήτραν.</span> <span class='ocrx_word' id='word_1_603' title='bbox 1358 4365 1421 4416; x_wconf 78' lang='lat' dir='ltr'><strong>0i</strong></span> <span class='ocrx_word' id='word_1_604' title='bbox 1442 4363 1500 4416; x_wconf 83' lang='grc' dir='ltr'><strong>δὲ</strong></span> <span class='ocrx_word' id='word_1_605' title='bbox 1541 4363 1726 4436; x_wconf 82' lang='grc' dir='ltr'>κύκλῳ</span> <span class='ocrx_word' id='word_1_606' title='bbox 1753 4367 1852 4436; x_wconf 80' lang='grc' dir='ltr'>τῆς</span> 
     </span>
    </p>
   </div>
   <div class='ocr_carea' id='block_1_79' title="bbox 254 4453 1849 4528">
    <p class='ocr_par' dir='ltr' id='par_1_79' title="bbox 254 4453 1849 4528">
     <span class='ocr_line' id='line_1_79' title="bbox 254 4453 1849 4528; baseline 0.002 -21"><span class='ocrx_word' id='word_1_607' title='bbox 254 4453 626 4526; x_wconf 70' lang='grc' dir='ltr'>παρεμϐολῆς</span> <span class='ocrx_word' id='word_1_608' title='bbox 668 4453 908 4524; x_wconf 81' lang='grc' dir='ltr'>σωρηδὸν</span> <span class='ocrx_word' id='word_1_609' title='bbox 943 4454 1118 4518; x_wconf 73' lang='grc' dir='ltr'>ὄντες,</span> <span class='ocrx_word' id='word_1_610' title='bbox 1170 4453 1432 4526; x_wconf 82' lang='grc' dir='ltr'>κειμένην</span> <span class='ocrx_word' id='word_1_611' title='bbox 1465 4457 1849 4528; x_wconf 87' lang='grc' dir='ltr'>συναγείρουσι</span> 
     </span>
    </p>
   </div>
   <div class='ocr_carea' id='block_1_80' title="bbox 1958 3258 3542 3330">
    <p class='ocr_par' dir='ltr' id='par_1_80' title="bbox 1958 3258 3542 3330">
     <span class='ocr_line' id='line_1_80' title="bbox 1958 3258 3542 3330; baseline 0.001 -18"><span class='ocrx_word' id='word_1_612' title='bbox 1958 3259 2304 3330; x_wconf 82' lang='lat' dir='ltr'><strong>septuaginta</strong></span> <span class='ocrx_word' id='word_1_613' title='bbox 2357 3259 2506 3315; x_wconf 89' lang='lat' dir='ltr'><strong>viros</strong></span> <span class='ocrx_word' id='word_1_614' title='bbox 2532 3275 2601 3315; x_wconf 77' lang='lat' dir='ltr'><strong>ex</strong></span> <span class='ocrx_word' id='word_1_615' title='bbox 2659 3259 2979 3315; x_wconf 82' lang='lat' dir='ltr'><strong>senioribus</strong></span> <span class='ocrx_word' id='word_1_616' title='bbox 3023 3258 3208 3324; x_wconf 83' lang='lat' dir='ltr'><strong>Israel,</strong></span> <span class='ocrx_word' id='word_1_617' title='bbox 3260 3258 3542 3329; x_wconf 82' lang='lat' dir='ltr'><strong>quosipsc</strong></span> 
     </span>
    </p>
   </div>
   <div class='ocr_carea' id='block_1_81' title="bbox 1957 3350 3539 3424">
    <p class='ocr_par' dir='ltr' id='par_1_81' title="bbox 1957 3350 3539 3424">
     <span class='ocr_line' id='line_1_81' title="bbox 1957 3350 3539 3424; baseline 0 -19"><span class='ocrx_word' id='word_1_618' title='bbox 1957 3351 2159 3406; x_wconf 87' lang='lat' dir='ltr'><strong>novisti</strong></span> <span class='ocrx_word' id='word_1_619' title='bbox 2176 3351 2322 3422; x_wconf 90' lang='lat' dir='ltr'><strong>quod</strong></span> <span class='ocrx_word' id='word_1_620' title='bbox 2340 3351 2454 3407; x_wconf 90' lang='lat' dir='ltr'><strong>sint</strong></span> <span class='ocrx_word' id='word_1_621' title='bbox 2474 3353 2724 3409; x_wconf 86' lang='lat' dir='ltr'><strong>seniores</strong></span> <span class='ocrx_word' id='word_1_622' title='bbox 2745 3353 2936 3424; x_wconf 85' lang='lat' dir='ltr'><strong>populi</strong></span> <span class='ocrx_word' id='word_1_623' title='bbox 2963 3367 3026 3406; x_wconf 86' lang='lat' dir='ltr'><strong>ac</strong></span> <span class='ocrx_word' id='word_1_624' title='bbox 3046 3351 3244 3406; x_wconf 65' lang='lat' dir='ltr'><strong>scribae</strong></span> <span class='ocrx_word' id='word_1_625' title='bbox 3267 3350 3539 3422; x_wconf 82' lang='lat' dir='ltr'><strong>ipsorum.</strong></span> 
     </span>
    </p>
   </div>
   <div class='ocr_carea' id='block_1_82' title="bbox 1955 3443 3542 3509">
    <p class='ocr_par' dir='ltr' id='par_1_82' title="bbox 1955 3443 3542 3509">
     <span class='ocr_line' id='line_1_82' title="bbox 1955 3443 3542 3509; baseline 0.001 -12"><span class='ocrx_word' id='word_1_626' title='bbox 1955 3452 2012 3498; x_wconf 90' lang='lat' dir='ltr'><strong>et</strong></span> <span class='ocrx_word' id='word_1_627' title='bbox 2044 3443 2152 3499; x_wconf 92' lang='lat' dir='ltr'><strong>duc</strong></span> <span class='ocrx_word' id='word_1_628' title='bbox 2177 3459 2272 3500; x_wconf 89' lang='lat' dir='ltr'><strong>eos</strong></span> <span class='ocrx_word' id='word_1_629' title='bbox 2293 3445 2361 3500; x_wconf 88' lang='lat' dir='ltr'><strong>ad</strong></span> <span class='ocrx_word' id='word_1_630' title='bbox 2420 3446 2836 3502; x_wconf 84' lang='lat' dir='ltr'><strong>tabernaculum</strong></span> <span class='ocrx_word' id='word_1_631' title='bbox 2864 3444 3190 3509; x_wconf 84' lang='lat' dir='ltr'><strong>testimonii,</strong></span> <span class='ocrx_word' id='word_1_632' title='bbox 3220 3452 3279 3500; x_wconf 91' lang='lat' dir='ltr'><strong>et</strong></span> <span class='ocrx_word' id='word_1_633' title='bbox 3315 3444 3542 3500; x_wconf 88' lang='lat' dir='ltr'><strong>stabunt</strong></span> 
     </span>
    </p>
   </div>
   <div class='ocr_carea' id='block_1_83' title="bbox 1955 3536 3536 3610">
    <p class='ocr_par' dir='ltr' id='par_1_83' title="bbox 1955 3536 3536 3610">
     <span class='ocr_line' id='line_1_83' title="bbox 1955 3536 3536 3610; baseline 0 -20"><span class='ocrx_word' id='word_1_634' title='bbox 1955 3536 2032 3591; x_wconf 92' lang='lat' dir='ltr'><strong>ibi</strong></span> <span class='ocrx_word' id='word_1_635' title='bbox 2057 3543 2258 3601; x_wconf 89' lang='lat' dir='ltr'><strong>tecum,</strong></span> <span class='ocrx_word' id='word_1_636' title='bbox 2285 3546 2342 3592; x_wconf 90' lang='lat' dir='ltr'><strong>et</strong></span> <span class='ocrx_word' id='word_1_637' title='bbox 2373 3538 2726 3603; x_wconf 87' lang='lat' dir='ltr'><strong>descendam,</strong></span> <span class='ocrx_word' id='word_1_638' title='bbox 2769 3547 2825 3594; x_wconf 89' lang='lat' dir='ltr'><strong>et</strong></span> <span class='ocrx_word' id='word_1_639' title='bbox 2855 3539 3050 3610; x_wconf 88' lang='lat' dir='ltr'><strong>loquar</strong></span> <span class='ocrx_word' id='word_1_640' title='bbox 3088 3537 3166 3592; x_wconf 90' lang='lat' dir='ltr'><strong>ibi</strong></span> <span class='ocrx_word' id='word_1_641' title='bbox 3199 3552 3324 3592; x_wconf 93' lang='lat' dir='ltr'><strong>eum</strong></span> <span class='ocrx_word' id='word_1_642' title='bbox 3372 3537 3536 3606; x_wconf 89' lang='lat' dir='ltr'><strong>ipsis.</strong></span> 
     </span>
    </p>
   </div>
   <div class='ocr_carea' id='block_1_84' title="bbox 1956 3628 3539 3704">
    <p class='ocr_par' dir='ltr' id='par_1_84' title="bbox 1956 3628 3539 3704">
     <span class='ocr_line' id='line_1_84' title="bbox 1956 3628 3539 3704; baseline 0.001 -21"><span class='ocrx_word' id='word_1_643' title='bbox 1956 3628 2026 3684; x_wconf 89' lang='lat' dir='ltr'><strong>Et</strong></span> <span class='ocrx_word' id='word_1_644' title='bbox 2055 3629 2300 3704; x_wconf 83' lang='lat' dir='ltr'><strong>auferam</strong></span> <span class='ocrx_word' id='word_1_645' title='bbox 2323 3646 2355 3685; x_wconf 91' lang='lat' dir='ltr'><strong>a</strong></span> <span class='ocrx_word' id='word_1_646' title='bbox 2389 3631 2589 3700; x_wconf 84' lang='lat' dir='ltr'><strong>spiritu</strong></span> <span class='ocrx_word' id='word_1_647' title='bbox 2613 3631 2781 3701; x_wconf 90' lang='lat' dir='ltr'><strong>quiin</strong></span> <span class='ocrx_word' id='word_1_648' title='bbox 2806 3642 2858 3686; x_wconf 89' lang='lat' dir='ltr'><strong>te</strong></span> <span class='ocrx_word' id='word_1_649' title='bbox 2884 3640 2989 3695; x_wconf 88' lang='lat' dir='ltr'><strong>est,</strong></span> <span class='ocrx_word' id='word_1_650' title='bbox 3017 3641 3073 3687; x_wconf 90' lang='lat' dir='ltr'><strong>et</strong></span> <span class='ocrx_word' id='word_1_651' title='bbox 3095 3631 3408 3702; x_wconf 88' lang='lat' dir='ltr'><strong>impertiam</strong></span> <span class='ocrx_word' id='word_1_652' title='bbox 3431 3630 3539 3694; x_wconf 67' lang='lat' dir='ltr'><strong>eis,</strong></span> 
     </span>
    </p>
   </div>
   <div class='ocr_carea' id='block_1_85' title="bbox 1954 3721 3542 3793">
    <p class='ocr_par' dir='ltr' id='par_1_85' title="bbox 1954 3721 3542 3793">
     <span class='ocr_line' id='line_1_85' title="bbox 1954 3721 3542 3793; baseline 0.001 -18"><span class='ocrx_word' id='word_1_653' title='bbox 1954 3727 2012 3775; x_wconf 87' lang='lat' dir='ltr'><strong>et</strong></span> <span class='ocrx_word' id='word_1_654' title='bbox 2032 3726 2214 3775; x_wconf 88' lang='lat' dir='ltr'><strong>tecum</strong></span> <span class='ocrx_word' id='word_1_655' title='bbox 2260 3721 2560 3791; x_wconf 88' lang='lat' dir='ltr'><strong>portabunt</strong></span> <span class='ocrx_word' id='word_1_656' title='bbox 2586 3723 2775 3793; x_wconf 85' lang='lat' dir='ltr'><strong>pepuli</strong></span> <span class='ocrx_word' id='word_1_657' title='bbox 2834 3722 3098 3792; x_wconf 81' lang='lat' dir='ltr'><strong>impetum</strong></span> <span class='ocrx_word' id='word_1_658' title='bbox 3143 3736 3293 3776; x_wconf 91' lang='lat' dir='ltr'><strong>:nec</strong></span> <span class='ocrx_word' id='word_1_659' title='bbox 3339 3729 3398 3776; x_wconf 88' lang='lat' dir='ltr'><strong>tu</strong></span> <span class='ocrx_word' id='word_1_660' title='bbox 3443 3735 3542 3776; x_wconf 76' lang='lat' dir='ltr'><strong>eos</strong></span> 
     </span>
    </p>
   </div>
   <div class='ocr_carea' id='block_1_86' title="bbox 1955 3810 3536 3882">
    <p class='ocr_par' dir='ltr' id='par_1_86' title="bbox 1955 3810 3536 3882">
     <span class='ocr_line' id='line_1_86' title="bbox 1955 3810 3536 3882; baseline 0.001 -17"><span class='ocrx_word' id='word_1_661' title='bbox 1955 3810 2107 3866; x_wconf 85' lang='lat' dir='ltr'><strong>solus</strong></span> <span class='ocrx_word' id='word_1_662' title='bbox 2132 3812 2432 3867; x_wconf 84' lang='lat' dir='ltr'><strong>sustinebis</strong></span> <span class='ocrx_word' id='word_1_663' title='bbox 2465 3813 2531 3866; x_wconf 82' lang='lat'><strong>&quot;.</strong></span> <span class='ocrx_word' id='word_1_664' title='bbox 2566 3831 2584 3862; x_wconf 72' lang='grc' dir='ltr'><strong>ι</strong></span> <span class='ocrx_word' id='word_1_665' title='bbox 2635 3812 2754 3878; x_wconf 86' lang='lat' dir='ltr'><strong>Quo</strong></span> <span class='ocrx_word' id='word_1_666' title='bbox 2784 3812 2930 3867; x_wconf 80' lang='lat' dir='ltr'><strong>facto</strong></span> <span class='ocrx_word' id='word_1_667' title='bbox 2951 3813 3182 3868; x_wconf 81' lang='lat' dir='ltr'><strong>adduxit</strong></span> <span class='ocrx_word' id='word_1_668' title='bbox 3213 3813 3397 3869; x_wconf 89' lang='lat' dir='ltr'><strong>statim</strong></span> <span class='ocrx_word' id='word_1_669' title='bbox 3421 3827 3536 3882; x_wconf 69' lang='lat' dir='ltr'><strong>pra:</strong></span> 
     </span>
    </p>
   </div>
   <div class='ocr_carea' id='block_1_87' title="bbox 1951 3903 3538 3975">
    <p class='ocr_par' dir='ltr' id='par_1_87' title="bbox 1951 3903 3538 3975">
     <span class='ocr_line' id='line_1_87' title="bbox 1951 3903 3538 3975; baseline 0 -17"><span class='ocrx_word' id='word_1_670' title='bbox 1951 3903 2077 3959; x_wconf 86' lang='lat' dir='ltr'><strong>aliis</strong></span> <span class='ocrx_word' id='word_1_671' title='bbox 2103 3905 2514 3968; x_wconf 82' lang='lat' dir='ltr'><strong>eminentiores,</strong></span> <span class='ocrx_word' id='word_1_672' title='bbox 2540 3919 2678 3974; x_wconf 89' lang='lat' dir='ltr'><strong>quos</strong></span> <span class='ocrx_word' id='word_1_673' title='bbox 2696 3905 2860 3974; x_wconf 85' lang='lat' dir='ltr'><strong>hujus</strong></span> <span class='ocrx_word' id='word_1_674' title='bbox 2886 3904 3131 3959; x_wconf 88' lang='lat' dir='ltr'><strong>universi</strong></span> <span class='ocrx_word' id='word_1_675' title='bbox 3169 3904 3314 3959; x_wconf 86' lang='lat' dir='ltr'><strong>Deus</strong></span> <span class='ocrx_word' id='word_1_676' title='bbox 3337 3903 3538 3975; x_wconf 82' lang='lat' dir='ltr'><strong>imple-</strong></span> 
     </span>
    </p>
   </div>
   <div class='ocr_carea' id='block_1_88' title="bbox 1951 3993 3535 4066">
    <p class='ocr_par' dir='ltr' id='par_1_88' title="bbox 1951 3993 3535 4066">
     <span class='ocr_line' id='line_1_88' title="bbox 1951 3993 3535 4066; baseline -0.001 -15"><span class='ocrx_word' id='word_1_677' title='bbox 1951 3995 2034 4051; x_wconf 78' lang='lat' dir='ltr'><strong>vit</strong></span> <span class='ocrx_word' id='word_1_678' title='bbox 2059 3994 2269 4065; x_wconf 84' lang='lat' dir='ltr'><strong>Spiritu</strong></span> <span class='ocrx_word' id='word_1_679' title='bbox 2293 4003 2501 4048; x_wconf 88' lang='lat' dir='ltr'><strong>sancto.</strong></span> <span class='ocrx_word' id='word_1_680' title='bbox 2531 3993 2739 4047; x_wconf 90' lang='lat' dir='ltr'><strong>Deinde</strong></span> <span class='ocrx_word' id='word_1_681' title='bbox 2775 4008 2910 4048; x_wconf 84' lang='lat' dir='ltr'><strong>vero</strong></span> <span class='ocrx_word' id='word_1_682' title='bbox 2934 3994 3226 4065; x_wconf 77' lang='lat' dir='ltr'><strong>indulgens</strong></span> <span class='ocrx_word' id='word_1_683' title='bbox 3257 3993 3535 4066; x_wconf 80' lang='lat' dir='ltr'><strong>cupidita-</strong></span> 
     </span>
    </p>
   </div>
   <div class='ocr_carea' id='block_1_89' title="bbox 1953 4083 3534 4156">
    <p class='ocr_par' dir='ltr' id='par_1_89' title="bbox 1953 4083 3534 4156">
     <span class='ocr_line' id='line_1_89' title="bbox 1953 4083 3534 4156; baseline 0.006 -18"><span class='ocrx_word' id='word_1_684' title='bbox 1953 4083 2105 4140; x_wconf 87' lang='lat' dir='ltr'><strong>tibus</strong></span> <span class='ocrx_word' id='word_1_685' title='bbox 2122 4083 2391 4150; x_wconf 79' lang='lat' dir='ltr'><strong>llentium,</strong></span> <span class='ocrx_word' id='word_1_686' title='bbox 2415 4085 2636 4141; x_wconf 90' lang='lat' dir='ltr'><strong>demisit</strong></span> <span class='ocrx_word' id='word_1_687' title='bbox 2661 4086 2794 4156; x_wconf 88' lang='lat' dir='ltr'><strong>ipsis</strong></span> <span class='ocrx_word' id='word_1_688' title='bbox 2824 4089 3185 4146; x_wconf 86' lang='lat' dir='ltr'><strong>coturnicem.</strong></span> <span class='ocrx_word' id='word_1_689' title='bbox 3208 4089 3279 4145; x_wconf 80' lang='lat' dir='ltr'><strong>At</strong></span> <span class='ocrx_word' id='word_1_690' title='bbox 3304 4090 3394 4146; x_wconf 84' lang='lat' dir='ltr'><strong>isti</strong></span> <span class='ocrx_word' id='word_1_691' title='bbox 3432 4107 3534 4148; x_wconf 84' lang='lat' dir='ltr'><strong>cu-</strong></span> 
     </span>
    </p>
   </div>
   <div class='ocr_carea' id='block_1_90' title="bbox 1953 4178 3534 4246">
    <p class='ocr_par' dir='ltr' id='par_1_90' title="bbox 1953 4178 3534 4246">
     <span class='ocr_line' id='line_1_90' title="bbox 1953 4178 3534 4246; baseline 0.005 -13"><span class='ocrx_word' id='word_1_692' title='bbox 1953 4178 2201 4233; x_wconf 89' lang='lat' dir='ltr'><strong>mulatim</strong></span> <span class='ocrx_word' id='word_1_693' title='bbox 2245 4178 2393 4234; x_wconf 89' lang='lat' dir='ltr'><strong>circa</strong></span> <span class='ocrx_word' id='word_1_694' title='bbox 2421 4187 2604 4235; x_wconf 88' lang='lat' dir='ltr'><strong>castra</strong></span> <span class='ocrx_word' id='word_1_695' title='bbox 2637 4192 2940 4246; x_wconf 88' lang='lat' dir='ltr'><strong>versantes,</strong></span> <span class='ocrx_word' id='word_1_696' title='bbox 2965 4196 3091 4237; x_wconf 89' lang='lat' dir='ltr'><strong>cum</strong></span> <span class='ocrx_word' id='word_1_697' title='bbox 3120 4183 3376 4241; x_wconf 86' lang='lat' dir='ltr'><strong>viderent</strong></span> <span class='ocrx_word' id='word_1_698' title='bbox 3409 4201 3534 4243; x_wconf 81' lang='lat' dir='ltr'><strong>eam</strong></span> 
     </span>
    </p>
   </div>
   <div class='ocr_carea' id='block_1_91' title="bbox 1946 4271 3536 4345">
    <p class='ocr_par' dir='ltr' id='par_1_91' title="bbox 1946 4271 3536 4345">
     <span class='ocr_line' id='line_1_91' title="bbox 1946 4271 3536 4345; baseline 0.005 -21"><span class='ocrx_word' id='word_1_699' title='bbox 1946 4271 2150 4342; x_wconf 85' lang='lat' dir='ltr'><strong>jacere,</strong></span> <span class='ocrx_word' id='word_1_700' title='bbox 2195 4271 2303 4326; x_wconf 80' lang='lat' dir='ltr'><strong>laeti</strong></span> <span class='ocrx_word' id='word_1_701' title='bbox 2326 4272 2621 4328; x_wconf 89' lang='lat' dir='ltr'><strong>admodum</strong></span> <span class='ocrx_word' id='word_1_702' title='bbox 2654 4273 3018 4345; x_wconf 85' lang='lat' dir='ltr'><strong>collegerunt.</strong></span> <span class='ocrx_word' id='word_1_703' title='bbox 3067 4275 3536 4335; x_wconf 75' lang='lat' dir='ltr'><strong>Devoraruntau-</strong></span> 
     </span>
    </p>
   </div>
   <div class='ocr_carea' id='block_1_92' title="bbox 1954 4362 3532 4428">
    <p class='ocr_par' dir='ltr' id='par_1_92' title="bbox 1954 4362 3532 4428">
     <span class='ocr_line' id='line_1_92' title="bbox 1954 4362 3532 4428; baseline 0.007 -12"><span class='ocrx_word' id='word_1_704' title='bbox 1954 4371 2062 4417; x_wconf 90' lang='lat' dir='ltr'><strong>tem</strong></span> <span class='ocrx_word' id='word_1_705' title='bbox 2086 4377 2238 4418; x_wconf 87' lang='lat' dir='ltr'><strong>more</strong></span> <span class='ocrx_word' id='word_1_706' title='bbox 2268 4362 2534 4428; x_wconf 89' lang='lat' dir='ltr'><strong>belluino,</strong></span> <span class='ocrx_word' id='word_1_707' title='bbox 2565 4365 2713 4420; x_wconf 90' lang='lat' dir='ltr'><strong>nulla</strong></span> <span class='ocrx_word' id='word_1_708' title='bbox 2756 4367 3024 4421; x_wconf 85' lang='lat' dir='ltr'><strong>satietatis</strong></span> <span class='ocrx_word' id='word_1_709' title='bbox 3056 4368 3271 4423; x_wconf 83' lang='lat' dir='ltr'><strong>ratione</strong></span> <span class='ocrx_word' id='word_1_710' title='bbox 3321 4371 3532 4427; x_wconf 57' lang='lat' dir='ltr'><strong>habita:</strong></span> 
     </span>
    </p>
   </div>
   <div class='ocr_carea' id='block_1_93' title="bbox 1950 4452 3532 4526">
    <p class='ocr_par' dir='ltr' id='par_1_93' title="bbox 1950 4452 3532 4526">
     <span class='ocr_line' id='line_1_93' title="bbox 1950 4452 3532 4526; baseline 0.004 -19"><span class='ocrx_word' id='word_1_711' title='bbox 1950 4452 2290 4524; x_wconf 86' lang='lat' dir='ltr'><strong>Congregata</strong></span> <span class='ocrx_word' id='word_1_712' title='bbox 2314 4462 2496 4509; x_wconf 84' lang='lat' dir='ltr'><strong>autem</strong></span> <span class='ocrx_word' id='word_1_713' title='bbox 2519 4461 2576 4510; x_wconf 90' lang='lat' dir='ltr'><strong>et</strong></span> <span class='ocrx_word' id='word_1_714' title='bbox 2601 4466 2757 4524; x_wconf 88' lang='lat' dir='ltr'><strong>capta</strong></span> <span class='ocrx_word' id='word_1_715' title='bbox 2788 4456 2858 4510; x_wconf 90' lang='lat' dir='ltr'><strong>ab</strong></span> <span class='ocrx_word' id='word_1_716' title='bbox 2890 4455 3024 4526; x_wconf 86' lang='lat' dir='ltr'><strong>ipsis</strong></span> <span class='ocrx_word' id='word_1_717' title='bbox 3042 4457 3311 4514; x_wconf 83' lang='lat' dir='ltr'><strong>immensa</strong></span> <span class='ocrx_word' id='word_1_718' title='bbox 3346 4460 3532 4514; x_wconf 82' lang='lat' dir='ltr'><strong>avium</strong></span> 
     </span>
    </p>
   </div>
   <div class='ocr_carea' id='block_1_94' title="bbox 253 4545 1857 4623">
    <p class='ocr_par' dir='ltr' id='par_1_94' title="bbox 253 4545 1846 4623">
     <span class='ocr_line' id='line_1_94' title="bbox 253 4545 1846 4623; baseline 0.001 -19"><span class='ocrx_word' id='word_1_719' title='bbox 253 4551 359 4620; x_wconf 82' lang='grc' dir='ltr'><strong>μὲν</strong></span> <span class='ocrx_word' id='word_1_720' title='bbox 383 4549 694 4620; x_wconf 73' lang='grc' dir='ltr'>γεγηθότες</span> <span class='ocrx_word' id='word_1_721' title='bbox 721 4545 781 4602; x_wconf 84' lang='grc' dir='ltr'><strong>εὖ</strong></span> <span class='ocrx_word' id='word_1_722' title='bbox 822 4548 970 4619; x_wconf 81' lang='grc' dir='ltr'>μάλα</span> <span class='ocrx_word' id='word_1_723' title='bbox 988 4563 1004 4579; x_wconf 76' lang='grc' dir='ltr'><strong>ο</strong></span> <span class='ocrx_word' id='word_1_724' title='bbox 1033 4549 1428 4621; x_wconf 78' lang='grc' dir='ltr'>κατεδηδόκασι</span> <span class='ocrx_word' id='word_1_725' title='bbox 1463 4549 1521 4602; x_wconf 85' lang='grc' dir='ltr'><strong>δὲ</strong></span> <span class='ocrx_word' id='word_1_726' title='bbox 1551 4553 1846 4623; x_wconf 83' lang='grc' dir='ltr'>θηριοπρε-</span> 
     </span>
    </p>
   </div>
   <div class='ocr_carea' id='block_1_95' title="bbox 1959 4545 3534 4623">
    <p class='ocr_par' dir='ltr' id='par_1_95' title="bbox 1959 4545 3534 4617">
     <span class='ocr_line' id='line_1_95' title="bbox 1959 4545 3534 4617; baseline 0.004 -17"><span class='ocrx_word' id='word_1_727' title='bbox 1959 4545 2324 4610; x_wconf 83' lang='lat' dir='ltr'><strong>multitudine,</strong></span> <span class='ocrx_word' id='word_1_728' title='bbox 2342 4553 2399 4601; x_wconf 89' lang='lat' dir='ltr'><strong>et</strong></span> <span class='ocrx_word' id='word_1_729' title='bbox 2422 4560 2522 4601; x_wconf 89' lang='lat' dir='ltr'><strong>esu</strong></span> <span class='ocrx_word' id='word_1_730' title='bbox 2555 4547 2741 4602; x_wconf 86' lang='lat' dir='ltr'><strong>carnis</strong></span> <span class='ocrx_word' id='word_1_731' title='bbox 2761 4561 2862 4617; x_wconf 87' lang='lat' dir='ltr'><strong>per</strong></span> <span class='ocrx_word' id='word_1_732' title='bbox 2906 4554 3083 4602; x_wconf 83' lang='lat' dir='ltr'><strong>totum</strong></span> <span class='ocrx_word' id='word_1_733' title='bbox 3137 4564 3384 4606; x_wconf 87' lang='lat' dir='ltr'><strong>mensem</strong></span> <span class='ocrx_word' id='word_1_734' title='bbox 3427 4550 3534 4606; x_wconf 84' lang='lat' dir='ltr'><strong>du-</strong></span> 
     </span>
    </p>
   </div>
   <div class='ocr_carea' id='block_1_96' title="bbox 253 4640 1851 4714">
    <p class='ocr_par' dir='ltr' id='par_1_96' title="bbox 253 4640 1851 4714">
     <span class='ocr_line' id='line_1_96' title="bbox 253 4640 1851 4714; baseline 0 -18"><span class='ocrx_word' id='word_1_735' title='bbox 253 4643 397 4706; x_wconf 81' lang='grc' dir='ltr'>πῶς,</span> <span class='ocrx_word' id='word_1_736' title='bbox 425 4644 595 4714; x_wconf 88' lang='grc' dir='ltr'>κόρου</span> <span class='ocrx_word' id='word_1_737' title='bbox 618 4641 714 4694; x_wconf 75' lang='grc' dir='ltr'>καὶ</span> <span class='ocrx_word' id='word_1_738' title='bbox 736 4640 1070 4712; x_wconf 73' lang='grc' dir='ltr'>αὐταρκείας</span> <span class='ocrx_word' id='word_1_739' title='bbox 1095 4641 1472 4712; x_wconf 74' lang='grc' dir='ltr'>ἠφειδηκότες.</span> <span class='ocrx_word' id='word_1_740' title='bbox 1496 4643 1851 4713; x_wconf 78' lang='grc' dir='ltr'>Συνειλεγμέ-</span> 
     </span>
    </p>
   </div>
   <div class='ocr_carea' id='block_1_97' title="bbox 251 4729 1849 4806">
    <p class='ocr_par' dir='ltr' id='par_1_97' title="bbox 251 4729 1849 4806">
     <span class='ocr_line' id='line_1_97' title="bbox 251 4729 1849 4806; baseline -0.001 -20"><span class='ocrx_word' id='word_1_741' title='bbox 251 4749 352 4803; x_wconf 82' lang='grc' dir='ltr'><strong>νης</strong></span> <span class='ocrx_word' id='word_1_742' title='bbox 385 4734 447 4786; x_wconf 76' lang='grc' dir='ltr'><strong>δὲ</strong></span> <span class='ocrx_word' id='word_1_743' title='bbox 475 4734 658 4793; x_wconf 79' lang='grc' dir='ltr'>αὐτοῖς</span> <span class='ocrx_word' id='word_1_744' title='bbox 690 4732 783 4786; x_wconf 76' lang='grc' dir='ltr'><strong>καὶ</strong></span> <span class='ocrx_word' id='word_1_745' title='bbox 814 4730 1184 4802; x_wconf 81' lang='grc' dir='ltr'>ἁληλισμένης</span> <span class='ocrx_word' id='word_1_746' title='bbox 1219 4729 1456 4802; x_wconf 83' lang='grc' dir='ltr'>πληθύος</span> <span class='ocrx_word' id='word_1_747' title='bbox 1481 4731 1542 4784; x_wconf 77' lang='grc' dir='ltr'><strong>οὐ</strong></span> <span class='ocrx_word' id='word_1_748' title='bbox 1570 4734 1849 4806; x_wconf 84' lang='grc' dir='ltr'>μετρητῆς</span> 
     </span>
    </p>
   </div>
   <div class='ocr_carea' id='block_1_98' title="bbox 250 4821 1850 4894">
    <p class='ocr_par' dir='ltr' id='par_1_98' title="bbox 250 4821 1850 4894">
     <span class='ocr_line' id='line_1_98' title="bbox 250 4821 1850 4894; baseline 0.001 -18"><span class='ocrx_word' id='word_1_749' title='bbox 250 4823 589 4893; x_wconf 72' lang='grc' dir='ltr'>στρουθίων,</span> <span class='ocrx_word' id='word_1_750' title='bbox 621 4824 717 4876; x_wconf 79' lang='grc' dir='ltr'>καὶ</span> <span class='ocrx_word' id='word_1_751' title='bbox 749 4821 1192 4894; x_wconf 78' lang='grc' dir='ltr'>παρατεινούσης</span> <span class='ocrx_word' id='word_1_752' title='bbox 1241 4822 1341 4892; x_wconf 84' lang='grc' dir='ltr'>τῆς</span> <span class='ocrx_word' id='word_1_753' title='bbox 1387 4823 1724 4893; x_wconf 78' lang='grc' dir='ltr'>κρεοφαγίας</span> <span class='ocrx_word' id='word_1_754' title='bbox 1769 4827 1850 4888; x_wconf 79' lang='grc' dir='ltr'><strong>είς</strong></span> 
     </span>
    </p>
   </div>
   <div class='ocr_carea' id='block_1_99' title="bbox 252 4914 1844 4986">
    <p class='ocr_par' dir='ltr' id='par_1_99' title="bbox 252 4914 1844 4986">
     <span class='ocr_line' id='line_1_99' title="bbox 252 4914 1844 4986; baseline 0.001 -20"><span class='ocrx_word' id='word_1_755' title='bbox 252 4915 431 4984; x_wconf 80' lang='grc' dir='ltr'>μηνὸς</span> <span class='ocrx_word' id='word_1_756' title='bbox 471 4915 712 4986; x_wconf 71' lang='grc' dir='ltr'>ἡμέρας,</span> <span class='ocrx_word' id='word_1_757' title='bbox 738 4914 1026 4969; x_wconf 85' lang='grc' dir='ltr'>τελευταία</span> <span class='ocrx_word' id='word_1_758' title='bbox 1064 4914 1252 4968; x_wconf 75' lang='grc' dir='ltr'>λοιπὸν</span> <span class='ocrx_word' id='word_1_759' title='bbox 1294 4915 1626 4985; x_wconf 75' lang='grc' dir='ltr'>ἐπι-σκήπτει</span> <span class='ocrx_word' id='word_1_760' title='bbox 1669 4914 1844 4978; x_wconf 90' lang='grc' dir='ltr'>νόσος,</span> 
     </span>
    </p>
   </div>
   <div class='ocr_carea' id='block_1_100' title="bbox 248 5006 1848 5082">
    <p class='ocr_par' dir='ltr' id='par_1_100' title="bbox 248 5006 1848 5082">
     <span class='ocr_line' id='line_1_100' title="bbox 248 5006 1848 5082; baseline -0.001 -19"><span class='ocrx_word' id='word_1_761' title='bbox 248 5013 344 5063; x_wconf 73' lang='grc' dir='ltr'><strong>καὶ</strong></span> <span class='ocrx_word' id='word_1_762' title='bbox 376 5011 457 5073; x_wconf 77' lang='grc' dir='ltr'>ὡς</span> <span class='ocrx_word' id='word_1_763' title='bbox 497 5012 527 5064; x_wconf 91' lang='lat'><strong>6</strong></span> <span class='ocrx_word' id='word_1_764' title='bbox 560 5011 850 5082; x_wconf 80' lang='grc' dir='ltr'>προφήτης</span> <span class='ocrx_word' id='word_1_765' title='bbox 881 5010 1067 5080; x_wconf 63' lang='grc' dir='ltr'>φησιν,</span> <span class='ocrx_word' id='word_1_766' title='bbox 1109 5029 1127 5062; x_wconf 75' lang='grc' dir='ltr'><strong>ι</strong></span> <span class='ocrx_word' id='word_1_767' title='bbox 1179 5009 1506 5063; x_wconf 81' lang='grc' dir='ltr'>Ἐπλάτυνεν</span> <span class='ocrx_word' id='word_1_768' title='bbox 1534 5011 1564 5061; x_wconf 93' lang='lat'><strong>6</strong></span> <span class='ocrx_word' id='word_1_769' title='bbox 1593 5006 1728 5080; x_wconf 70' lang='grc' dir='ltr'>ᾅδης</span> <span class='ocrx_word' id='word_1_770' title='bbox 1749 5009 1848 5078; x_wconf 73' lang='grc' dir='ltr'>τὴν</span> 
     </span>
    </p>
   </div>
   <div class='ocr_carea' id='block_1_101' title="bbox 245 5099 1848 5174">
    <p class='ocr_par' dir='ltr' id='par_1_101' title="bbox 245 5099 1848 5174">
     <span class='ocr_line' id='line_1_101' title="bbox 245 5099 1848 5174; baseline -0.002 -19"><span class='ocrx_word' id='word_1_771' title='bbox 245 5101 433 5173; x_wconf 66' lang='grc' dir='ltr'>ψυχὴν</span> <span class='ocrx_word' id='word_1_772' title='bbox 463 5101 669 5167; x_wconf 80' lang='grc' dir='ltr'>αὑτοῦ,</span> <span class='ocrx_word' id='word_1_773' title='bbox 702 5105 798 5157; x_wconf 75' lang='grc' dir='ltr'><strong>καὶ</strong></span> <span class='ocrx_word' id='word_1_774' title='bbox 825 5103 1056 5174; x_wconf 82' lang='grc' dir='ltr'>διήνοιξε</span> <span class='ocrx_word' id='word_1_775' title='bbox 1093 5103 1154 5156; x_wconf 81' lang='grc' dir='ltr'>τὸ</span> <span class='ocrx_word' id='word_1_776' title='bbox 1197 5103 1372 5172; x_wconf 85' lang='grc' dir='ltr'>στόμα</span> <span class='ocrx_word' id='word_1_777' title='bbox 1401 5099 1598 5166; x_wconf 81' lang='grc' dir='ltr'>αὑτοῦ,</span> <span class='ocrx_word' id='word_1_778' title='bbox 1631 5099 1726 5153; x_wconf 84' lang='grc' dir='ltr'>τοῦ</span> <span class='ocrx_word' id='word_1_779' title='bbox 1772 5099 1848 5172; x_wconf 81' lang='grc' dir='ltr'>μὴ</span> 
     </span>
    </p>
   </div>
   <div class='ocr_carea' id='block_1_102' title="bbox 242 5190 1844 5268">
    <p class='ocr_par' dir='ltr' id='par_1_102' title="bbox 242 5190 1844 5268">
     <span class='ocr_line' id='line_1_102' title="bbox 242 5190 1844 5268; baseline -0.001 -21"><span class='ocrx_word' id='word_1_780' title='bbox 242 5196 550 5250; x_wconf 80' lang='grc' dir='ltr'>διαλιπεῖν,</span> <span class='ocrx_word' id='word_1_781' title='bbox 594 5195 675 5248; x_wconf 79' lang='grc' dir='ltr'><strong>Τὰ</strong></span> <span class='ocrx_word' id='word_1_782' title='bbox 704 5195 842 5267; x_wconf 82' lang='grc' dir='ltr'>κρέα</span> <span class='ocrx_word' id='word_1_783' title='bbox 867 5195 998 5268; x_wconf 80' lang='grc' dir='ltr'>γὰρ,</span> <span class='ocrx_word' id='word_1_784' title='bbox 1031 5195 1219 5266; x_wconf 75' lang='grc' dir='ltr'>φησὶν,</span> <span class='ocrx_word' id='word_1_785' title='bbox 1253 5190 1322 5265; x_wconf 84' lang='grc' dir='ltr'>ἦν</span> <span class='ocrx_word' id='word_1_786' title='bbox 1348 5193 1429 5248; x_wconf 75' lang='grc' dir='ltr'>ἔτι</span> <span class='ocrx_word' id='word_1_787' title='bbox 1462 5196 1520 5247; x_wconf 74' lang='grc' dir='ltr'>ὲν</span> <span class='ocrx_word' id='word_1_788' title='bbox 1549 5195 1663 5257; x_wconf 83' lang='grc' dir='ltr'>τοῖς</span> <span class='ocrx_word' id='word_1_789' title='bbox 1692 5191 1844 5247; x_wconf 81' lang='grc' dir='ltr'><strong>ὀδοῦ-</strong></span> 
     </span>
    </p>
   </div>
   <div class='ocr_carea' id='block_1_103' title="bbox 247 5275 1841 5361">
    <p class='ocr_par' dir='ltr' id='par_1_103' title="bbox 247 5275 1841 5361">
     <span class='ocr_line' id='line_1_103' title="bbox 247 5275 1841 5361; baseline -0.003 -20"><span class='ocrx_word' id='word_1_790' title='bbox 247 5306 337 5342; x_wconf 89' lang='grc' dir='ltr'><strong>σιν</strong></span> <span class='ocrx_word' id='word_1_791' title='bbox 368 5289 597 5350; x_wconf 78' lang='grc' dir='ltr'>αὑτῶν,</span> <span class='ocrx_word' id='word_1_792' title='bbox 629 5288 762 5361; x_wconf 72' lang='grc' dir='ltr'>πρὶν</span> <span class='ocrx_word' id='word_1_793' title='bbox 807 5289 1072 5342; x_wconf 66' lang='grc' dir='ltr'>ἐκλιπεῖν.</span> <span class='ocrx_word' id='word_1_794' title='bbox 1118 5306 1137 5339; x_wconf 72' lang='grc' dir='ltr'><strong>ι</strong></span> <span class='ocrx_word' id='word_1_795' title='bbox 1177 5275 1289 5340; x_wconf 75' lang='grc' dir='ltr'>Καὶ</span> <span class='ocrx_word' id='word_1_796' title='bbox 1329 5286 1534 5358; x_wconf 76' lang='grc' dir='ltr'>Κύριος</span> <span class='ocrx_word' id='word_1_797' title='bbox 1583 5282 1841 5355; x_wconf 75' lang='grc' dir='ltr'>ἐθυμώθη</span> 
     </span>
    </p>
   </div>
   <div class='ocr_carea' id='block_1_104' title="bbox 239 5374 1847 5450">
    <p class='ocr_par' dir='ltr' id='par_1_104' title="bbox 239 5374 1847 5450">
     <span class='ocr_line' id='line_1_104' title="bbox 239 5374 1847 5450; baseline -0.006 -15"><span class='ocrx_word' id='word_1_798' title='bbox 239 5385 323 5445; x_wconf 77' lang='grc' dir='ltr'>εἰς</span> <span class='ocrx_word' id='word_1_799' title='bbox 351 5378 454 5434; x_wconf 62' lang='grc' dir='ltr'>τὶν</span> <span class='ocrx_word' id='word_1_800' title='bbox 484 5381 636 5445; x_wconf 81' lang='grc' dir='ltr'>λαὸν,</span> <span class='ocrx_word' id='word_1_801' title='bbox 666 5381 764 5434; x_wconf 73' lang='grc' dir='ltr'>καὶ</span> <span class='ocrx_word' id='word_1_802' title='bbox 809 5380 1048 5444; x_wconf 74' lang='grc' dir='ltr'>ἐπάταξε</span> <span class='ocrx_word' id='word_1_803' title='bbox 1087 5378 1309 5450; x_wconf 77' lang='grc' dir='ltr'>Κύριος</span> <span class='ocrx_word' id='word_1_804' title='bbox 1335 5377 1425 5430; x_wconf 84' lang='grc' dir='ltr'><strong>τὸν</strong></span> <span class='ocrx_word' id='word_1_805' title='bbox 1475 5377 1603 5430; x_wconf 82' lang='grc' dir='ltr'>λαὸν</span> <span class='ocrx_word' id='word_1_806' title='bbox 1633 5374 1847 5446; x_wconf 83' lang='grc' dir='ltr'>πληγὴν</span> 
     </span>
    </p>
   </div>
   <div class='ocr_carea' id='block_1_105' title="bbox 243 5466 1843 5544">
    <p class='ocr_par' dir='ltr' id='par_1_105' title="bbox 243 5466 1843 5544">
     <span class='ocr_line' id='line_1_105' title="bbox 243 5466 1843 5544; baseline -0.005 -18"><span class='ocrx_word' id='word_1_807' title='bbox 243 5475 507 5544; x_wconf 79' lang='grc' dir='ltr'>μεγάλην</span> <span class='ocrx_word' id='word_1_808' title='bbox 575 5472 804 5542; x_wconf 81' lang='grc' dir='ltr'>σφόδρα,</span> <span class='ocrx_word' id='word_1_809' title='bbox 849 5473 944 5525; x_wconf 74' lang='grc' dir='ltr'><strong>καὶ</strong></span> <span class='ocrx_word' id='word_1_810' title='bbox 992 5470 1193 5541; x_wconf 80' lang='grc' dir='ltr'>ἐκλήθη</span> <span class='ocrx_word' id='word_1_811' title='bbox 1237 5468 1297 5522; x_wconf 82' lang='grc' dir='ltr'><strong>τὸ</strong></span> <span class='ocrx_word' id='word_1_812' title='bbox 1326 5468 1499 5540; x_wconf 74' lang='grc' dir='ltr'>ὄνομα</span> <span class='ocrx_word' id='word_1_813' title='bbox 1542 5467 1635 5521; x_wconf 74' lang='grc' dir='ltr'>τοῦ</span> <span class='ocrx_word' id='word_1_814' title='bbox 1678 5466 1843 5519; x_wconf 83' lang='grc' dir='ltr'>τόπου</span> 
     </span>
    </p>
   </div>
   <div class='ocr_carea' id='block_1_106' title="bbox 240 5558 1846 5635">
    <p class='ocr_par' dir='ltr' id='par_1_106' title="bbox 240 5558 1846 5635">
     <span class='ocr_line' id='line_1_106' title="bbox 240 5558 1846 5635; baseline -0.004 -17"><span class='ocrx_word' id='word_1_815' title='bbox 240 5569 493 5630; x_wconf 71' lang='grc' dir='ltr'>ἐκείνου,</span> <span class='ocrx_word' id='word_1_816' title='bbox 532 5584 552 5616; x_wconf 73' lang='grc' dir='ltr'><strong>ι</strong></span> <span class='ocrx_word' id='word_1_817' title='bbox 591 5564 804 5635; x_wconf 81' lang='grc' dir='ltr'>Μνῆμα</span> <span class='ocrx_word' id='word_1_818' title='bbox 834 5563 936 5635; x_wconf 75' lang='grc' dir='ltr'>τῆς</span> <span class='ocrx_word' id='word_1_819' title='bbox 967 5563 1284 5634; x_wconf 82' lang='grc' dir='ltr'>ἐπιθυμίας.</span> <span class='ocrx_word' id='word_1_820' title='bbox 1321 5581 1340 5612; x_wconf 76' lang='grc' dir='ltr'><strong>ι</strong></span> <span class='ocrx_word' id='word_1_821' title='bbox 1373 5561 1454 5614; x_wconf 83' lang='grc' dir='ltr'>ὅτι</span> <span class='ocrx_word' id='word_1_822' title='bbox 1490 5563 1606 5613; x_wconf 81' lang='grc' dir='ltr'>ἐκεῖ</span> <span class='ocrx_word' id='word_1_823' title='bbox 1639 5558 1846 5628; x_wconf 76' lang='grc' dir='ltr'>ἔθαψαν</span> 
     </span>
    </p>
   </div>
   <div class='ocr_carea' id='block_1_107' title="bbox 243 5652 1844 5727">
    <p class='ocr_par' dir='ltr' id='par_1_107' title="bbox 243 5652 1844 5727">
     <span class='ocr_line' id='line_1_107' title="bbox 243 5652 1844 5727; baseline -0.006 -15"><span class='ocrx_word' id='word_1_824' title='bbox 243 5659 334 5712; x_wconf 77' lang='grc' dir='ltr'><strong>τὸν</strong></span> <span class='ocrx_word' id='word_1_825' title='bbox 387 5659 526 5711; x_wconf 76' lang='grc' dir='ltr'>λαὸν</span> <span class='ocrx_word' id='word_1_826' title='bbox 576 5657 672 5711; x_wconf 69' lang='grc' dir='ltr'>τὸν</span> <span class='ocrx_word' id='word_1_827' title='bbox 725 5657 1089 5727; x_wconf 76' lang='grc' dir='ltr'>ἐπιθυμητήν.</span> <span class='ocrx_word' id='word_1_828' title='bbox 1148 5652 1448 5716; x_wconf 83' lang='grc' dir='ltr'>Ἐνδὲοντος</span> <span class='ocrx_word' id='word_1_829' title='bbox 1495 5653 1605 5721; x_wconf 75' lang='grc' dir='ltr'>γὰρ</span> <span class='ocrx_word' id='word_1_830' title='bbox 1658 5652 1844 5714; x_wconf 78' lang='grc' dir='ltr'>αὐτοῖς</span> 
     </span>
    </p>
   </div>
   <div class='ocr_carea' id='block_1_108' title="bbox 307 5769 1676 5842">
    <p class='ocr_par' dir='ltr' id='par_1_108' title="bbox 307 5769 1676 5842">
     <span class='ocr_line' id='line_1_108' title="bbox 307 5769 1676 5842; baseline -0.007 -10"><span class='ocrx_word' id='word_1_831' title='bbox 307 5780 356 5810; x_wconf 70' lang='grc'><strong>⁸³</strong></span> <span class='ocrx_word' id='word_1_832' title='bbox 394 5773 569 5831; x_wconf 70' lang='lat' dir='ltr'><strong>Num.</strong></span> <span class='ocrx_word' id='word_1_833' title='bbox 607 5789 680 5842; x_wconf 75' lang='lat' dir='ltr'><strong>XI,</strong></span> <span class='ocrx_word' id='word_1_834' title='bbox 707 5773 818 5829; x_wconf 76' lang='grc'><strong>4-6.</strong></span> <span class='ocrx_word' id='word_1_835' title='bbox 893 5774 940 5806; x_wconf 77' lang='grc' dir='ltr'><strong>⁸ο</strong></span> <span class='ocrx_word' id='word_1_836' title='bbox 970 5771 1102 5827; x_wconf 85' lang='lat' dir='ltr'><strong>ibid.</strong></span> <span class='ocrx_word' id='word_1_837' title='bbox 1151 5769 1231 5824; x_wconf 90' lang='lat' dir='ltr'><strong>lO.</strong></span> <span class='ocrx_word' id='word_1_838' title='bbox 1335 5771 1376 5802; x_wconf 84' lang='grc'><strong>⁹¹</strong></span> <span class='ocrx_word' id='word_1_839' title='bbox 1415 5769 1548 5824; x_wconf 84' lang='lat' dir='ltr'><strong>ibid.</strong></span> <span class='ocrx_word' id='word_1_840' title='bbox 1597 5769 1676 5823; x_wconf 81' lang='lat' dir='ltr'><strong>l3.</strong></span> 
     </span>
    </p>
   </div>
   <div class='ocr_carea' id='block_1_109' title="bbox 1756 5765 2084 5821">
    <p class='ocr_par' dir='ltr' id='par_1_109' title="bbox 1756 5765 2084 5821">
     <span class='ocr_line' id='line_1_109' title="bbox 1756 5765 2084 5821; baseline 0.003 -3"><span class='ocrx_word' id='word_1_841' title='bbox 1756 5767 1798 5798; x_wconf 79' lang='lat'><strong>”</strong></span> <span class='ocrx_word' id='word_1_842' title='bbox 1830 5765 1962 5821; x_wconf 84' lang='lat' dir='ltr'><strong>ibid.</strong></span> <span class='ocrx_word' id='word_1_843' title='bbox 2002 5767 2084 5819; x_wconf 81' lang='grc'><strong>15.</strong></span> 
     </span>
    </p>
   </div>
   <div class='ocr_carea' id='block_1_110' title="bbox 1949 4638 3528 4709">
    <p class='ocr_par' dir='ltr' id='par_1_110' title="bbox 1949 4638 3528 4709">
     <span class='ocr_line' id='line_1_110' title="bbox 1949 4638 3528 4709; baseline 0.006 -19"><span class='ocrx_word' id='word_1_844' title='bbox 1949 4645 2125 4703; x_wconf 89' lang='lat' dir='ltr'><strong>rante,</strong></span> <span class='ocrx_word' id='word_1_845' title='bbox 2180 4638 2402 4694; x_wconf 90' lang='lat' dir='ltr'><strong>tandem</strong></span> <span class='ocrx_word' id='word_1_846' title='bbox 2441 4639 2620 4694; x_wconf 88' lang='lat' dir='ltr'><strong>letalis</strong></span> <span class='ocrx_word' id='word_1_847' title='bbox 2669 4655 2767 4696; x_wconf 88' lang='lat' dir='ltr'><strong>eos</strong></span> <span class='ocrx_word' id='word_1_848' title='bbox 2825 4641 3056 4697; x_wconf 90' lang='lat' dir='ltr'><strong>morbus</strong></span> <span class='ocrx_word' id='word_1_849' title='bbox 3095 4641 3317 4709; x_wconf 85' lang='lat' dir='ltr'><strong>invasit,</strong></span> <span class='ocrx_word' id='word_1_850' title='bbox 3363 4651 3420 4700; x_wconf 93' lang='lat' dir='ltr'><strong>et</strong></span> <span class='ocrx_word' id='word_1_851' title='bbox 3465 4654 3528 4701; x_wconf 91' lang='lat' dir='ltr'><strong>ut</strong></span> 
     </span>
    </p>
   </div>
   <div class='ocr_carea' id='block_1_111' title="bbox 1947 4731 3526 4802">
    <p class='ocr_par' dir='ltr' id='par_1_111' title="bbox 1947 4731 3526 4802">
     <span class='ocr_line' id='line_1_111' title="bbox 1947 4731 3526 4802; baseline 0.004 -17"><span class='ocrx_word' id='word_1_852' title='bbox 1947 4731 2215 4802; x_wconf 87' lang='lat' dir='ltr'><strong>propheta</strong></span> <span class='ocrx_word' id='word_1_853' title='bbox 2237 4731 2353 4786; x_wconf 89' lang='lat' dir='ltr'><strong>ait:</strong></span> <span class='ocrx_word' id='word_1_854' title='bbox 2399 4749 2418 4784; x_wconf 79' lang='grc' dir='ltr'><strong>ι</strong></span> <span class='ocrx_word' id='word_1_855' title='bbox 2472 4731 2727 4788; x_wconf 84' lang='lat' dir='ltr'><strong>lnfemus</strong></span> <span class='ocrx_word' id='word_1_856' title='bbox 2760 4732 3011 4790; x_wconf 81' lang='lat' dir='ltr'><strong>dilatavit</strong></span> <span class='ocrx_word' id='word_1_857' title='bbox 3054 4735 3294 4790; x_wconf 86' lang='lat' dir='ltr'><strong>animam</strong></span> <span class='ocrx_word' id='word_1_858' title='bbox 3348 4750 3526 4798; x_wconf 89' lang='lat' dir='ltr'><strong>suam.</strong></span> 
     </span>
    </p>
   </div>
   <div class='ocr_carea' id='block_1_112' title="bbox 1946 4824 3530 4895">
    <p class='ocr_par' dir='ltr' id='par_1_112' title="bbox 1946 4824 3530 4895">
     <span class='ocr_line' id='line_1_112' title="bbox 1946 4824 3530 4895; baseline 0.002 -18"><span class='ocrx_word' id='word_1_859' title='bbox 1946 4831 2002 4878; x_wconf 91' lang='lat' dir='ltr'><strong>et</strong></span> <span class='ocrx_word' id='word_1_860' title='bbox 2049 4824 2265 4895; x_wconf 87' lang='lat' dir='ltr'><strong>aperuit</strong></span> <span class='ocrx_word' id='word_1_861' title='bbox 2293 4827 2554 4879; x_wconf 79' lang='lat' dir='ltr'><strong>ossuum</strong></span> <span class='ocrx_word' id='word_1_862' title='bbox 2598 4831 2660 4879; x_wconf 91' lang='lat' dir='ltr'><strong>ut</strong></span> <span class='ocrx_word' id='word_1_863' title='bbox 2691 4840 2804 4880; x_wconf 90' lang='lat' dir='ltr'><strong>non</strong></span> <span class='ocrx_word' id='word_1_864' title='bbox 2836 4825 3156 4881; x_wconf 77' lang='lat' dir='ltr'><strong>deficerent.</strong></span> <span class='ocrx_word' id='word_1_865' title='bbox 3192 4827 3240 4860; x_wconf 68' lang='grc' dir='ltr'><strong>’δ</strong></span> <span class='ocrx_word' id='word_1_866' title='bbox 3273 4845 3290 4879; x_wconf 73' lang='grc' dir='ltr'><strong>ι</strong></span> <span class='ocrx_word' id='word_1_867' title='bbox 3319 4826 3530 4883; x_wconf 77' lang='lat' dir='ltr'><strong>Games</strong></span> 
     </span>
    </p>
   </div>
   <div class='ocr_carea' id='block_1_113' title="bbox 1946 4911 3523 4989">
    <p class='ocr_par' dir='ltr' id='par_1_113' title="bbox 1946 4911 3523 4989">
     <span class='ocr_line' id='line_1_113' title="bbox 1946 4911 3523 4989; baseline 0.001 -20"><span class='ocrx_word' id='word_1_868' title='bbox 1946 4915 2094 4970; x_wconf 90' lang='lat' dir='ltr'><strong>enim</strong></span> <span class='ocrx_word' id='word_1_869' title='bbox 2127 4922 2287 4970; x_wconf 84' lang='lat' dir='ltr'><strong>erant</strong></span> <span class='ocrx_word' id='word_1_870' title='bbox 2322 4914 2506 4970; x_wconf 85' lang='lat' dir='ltr'><strong>adhuc</strong></span> <span class='ocrx_word' id='word_1_871' title='bbox 2525 4916 2671 4971; x_wconf 91' lang='lat' dir='ltr'><strong>intra</strong></span> <span class='ocrx_word' id='word_1_872' title='bbox 2705 4916 2902 4972; x_wconf 87' lang='lat' dir='ltr'><strong>dentes</strong></span> <span class='ocrx_word' id='word_1_873' title='bbox 2927 4911 3193 4988; x_wconf 76' lang='lat' dir='ltr'><strong>ipsarum,</strong></span> <span class='ocrx_word' id='word_1_874' title='bbox 3230 4927 3523 4989; x_wconf 83' lang='lat' dir='ltr'><strong>antequam</strong></span> 
     </span>
    </p>
   </div>
   <div class='ocr_carea' id='block_1_114' title="bbox 1945 5003 3531 5082">
    <p class='ocr_par' dir='ltr' id='par_1_114' title="bbox 1945 5003 3531 5082">
     <span class='ocr_line' id='line_1_114' title="bbox 1945 5003 3531 5082; baseline 0.003 -20"><span class='ocrx_word' id='word_1_875' title='bbox 1945 5006 2259 5062; x_wconf 79' lang='lat' dir='ltr'><strong>deficerent.</strong></span> <span class='ocrx_word' id='word_1_876' title='bbox 2297 5003 2537 5077; x_wconf 76' lang='lat' dir='ltr'><strong>ideoque</strong></span> <span class='ocrx_word' id='word_1_877' title='bbox 2585 5008 2872 5073; x_wconf 88' lang='lat' dir='ltr'><strong>Dominus,</strong></span> <span class='ocrx_word' id='word_1_878' title='bbox 2927 5009 3101 5063; x_wconf 84' lang='lat' dir='ltr'><strong>iratus</strong></span> <span class='ocrx_word' id='word_1_879' title='bbox 3133 5008 3357 5078; x_wconf 88' lang='lat' dir='ltr'><strong>populo.</strong></span> <span class='ocrx_word' id='word_1_880' title='bbox 3403 5025 3531 5082; x_wconf 83' lang='lat' dir='ltr'><strong>per-</strong></span> 
     </span>
    </p>
   </div>
   <div class='ocr_carea' id='block_1_115' title="bbox 1944 5100 3524 5172">
    <p class='ocr_par' dir='ltr' id='par_1_115' title="bbox 1944 5100 3524 5172">
     <span class='ocr_line' id='line_1_115' title="bbox 1944 5100 3524 5172; baseline 0.001 -18"><span class='ocrx_word' id='word_1_881' title='bbox 1944 5100 2116 5155; x_wconf 89' lang='lat' dir='ltr'><strong>cussit</strong></span> <span class='ocrx_word' id='word_1_882' title='bbox 2158 5114 2286 5154; x_wconf 89' lang='lat' dir='ltr'><strong>eum</strong></span> <span class='ocrx_word' id='word_1_883' title='bbox 2336 5101 2492 5172; x_wconf 83' lang='lat' dir='ltr'><strong>plaga</strong></span> <span class='ocrx_word' id='word_1_884' title='bbox 2543 5115 2758 5172; x_wconf 83' lang='lat' dir='ltr'><strong>magna,</strong></span> <span class='ocrx_word' id='word_1_885' title='bbox 2793 5109 3159 5171; x_wconf 81' lang='lat' dir='ltr'><strong>vocatumque</strong></span> <span class='ocrx_word' id='word_1_886' title='bbox 3203 5107 3289 5157; x_wconf 91' lang='lat' dir='ltr'><strong>est</strong></span> <span class='ocrx_word' id='word_1_887' title='bbox 3323 5114 3524 5158; x_wconf 85' lang='lat' dir='ltr'><strong>nomen</strong></span> 
     </span>
    </p>
   </div>
   <div class='ocr_carea' id='block_1_116' title="bbox 1942 5192 3580 5266">
    <p class='ocr_par' dir='ltr' id='par_1_116' title="bbox 1942 5192 3580 5266">
     <span class='ocr_line' id='line_1_116' title="bbox 1942 5192 3580 5266; baseline 0.001 -19"><span class='ocrx_word' id='word_1_888' title='bbox 1942 5192 2050 5247; x_wconf 85' lang='lat' dir='ltr'><strong>loci</strong></span> <span class='ocrx_word' id='word_1_889' title='bbox 2083 5192 2253 5258; x_wconf 87' lang='lat' dir='ltr'><strong>illius,</strong></span> <span class='ocrx_word' id='word_1_890' title='bbox 2291 5211 2310 5243; x_wconf 75' lang='grc' dir='ltr'><strong>ι</strong></span> <span class='ocrx_word' id='word_1_891' title='bbox 2343 5192 2759 5249; x_wconf 81' lang='lat' dir='ltr'><strong>Monumentum</strong></span> <span class='ocrx_word' id='word_1_892' title='bbox 2792 5192 3272 5264; x_wconf 71' lang='lat' dir='ltr'><strong>concupiscentiae,</strong></span> <span class='ocrx_word' id='word_1_893' title='bbox 3309 5213 3328 5246; x_wconf 70' lang='grc' dir='ltr'><strong>ο</strong></span> <span class='ocrx_word' id='word_1_894' title='bbox 3394 5195 3524 5266; x_wconf 86' lang='lat' dir='ltr'><strong>quia</strong></span> <span class='ocrx_word' id='word_1_895' title='bbox 3571 5211 3580 5219; x_wconf 69' lang='grc'><strong><em>“</em></strong></span> 
     </span>
    </p>
   </div>
   <div class='ocr_carea' id='block_1_117' title="bbox 1944 5284 3524 5358">
    <p class='ocr_par' dir='ltr' id='par_1_117' title="bbox 1944 5284 3524 5358">
     <span class='ocr_line' id='line_1_117' title="bbox 1944 5284 3524 5358; baseline 0.001 -20"><span class='ocrx_word' id='word_1_896' title='bbox 1944 5285 2020 5340; x_wconf 88' lang='lat' dir='ltr'><strong>ibi</strong></span> <span class='ocrx_word' id='word_1_897' title='bbox 2041 5284 2378 5355; x_wconf 86' lang='lat' dir='ltr'><strong>sepelierunt</strong></span> <span class='ocrx_word' id='word_1_898' title='bbox 2401 5287 2663 5358; x_wconf 87' lang='lat' dir='ltr'><strong>populum</strong></span> <span class='ocrx_word' id='word_1_899' title='bbox 2679 5284 3177 5355; x_wconf 83' lang='lat' dir='ltr'><strong>concupiscentem.</strong></span> <span class='ocrx_word' id='word_1_900' title='bbox 3206 5285 3345 5342; x_wconf 82' lang='lat' dir='ltr'><strong>Cum</strong></span> <span class='ocrx_word' id='word_1_901' title='bbox 3372 5287 3524 5342; x_wconf 84' lang='lat' dir='ltr'><strong>enim</strong></span> 
     </span>
    </p>
   </div>
   <div class='ocr_carea' id='block_1_118' title="bbox 1944 5375 3521 5448">
    <p class='ocr_par' dir='ltr' id='par_1_118' title="bbox 1944 5375 3521 5448">
     <span class='ocr_line' id='line_1_118' title="bbox 1944 5375 3521 5448; baseline 0.002 -18"><span class='ocrx_word' id='word_1_902' title='bbox 1944 5376 2153 5432; x_wconf 89' lang='lat' dir='ltr'><strong>nullius</strong></span> <span class='ocrx_word' id='word_1_903' title='bbox 2179 5375 2310 5431; x_wconf 91' lang='lat' dir='ltr'><strong>boni</strong></span> <span class='ocrx_word' id='word_1_904' title='bbox 2342 5377 2524 5447; x_wconf 89' lang='lat' dir='ltr'><strong>inopia</strong></span> <span class='ocrx_word' id='word_1_905' title='bbox 2564 5376 2899 5440; x_wconf 87' lang='lat' dir='ltr'><strong>laborarent,</strong></span> <span class='ocrx_word' id='word_1_906' title='bbox 2927 5383 3260 5448; x_wconf 80' lang='lat' dir='ltr'><strong>possemque</strong></span> <span class='ocrx_word' id='word_1_907' title='bbox 3313 5377 3521 5432; x_wconf 79' lang='lat' dir='ltr'><strong>affatim</strong></span> 
     </span>
    </p>
   </div>
   <div class='ocr_carea' id='block_1_119' title="bbox 1945 5464 3525 5539">
    <p class='ocr_par' dir='ltr' id='par_1_119' title="bbox 1945 5464 3525 5539">
     <span class='ocr_line' id='line_1_119' title="bbox 1945 5464 3525 5539; baseline 0.002 -19"><span class='ocrx_word' id='word_1_908' title='bbox 1945 5480 2159 5521; x_wconf 67' lang='lat' dir='ltr'><strong>mannaa</strong></span> <span class='ocrx_word' id='word_1_909' title='bbox 2203 5465 2418 5521; x_wconf 81' lang='lat' dir='ltr'><strong>deliciis</strong></span> <span class='ocrx_word' id='word_1_910' title='bbox 2459 5464 2690 5537; x_wconf 78' lang='lat' dir='ltr'><strong>perfrui.</strong></span> <span class='ocrx_word' id='word_1_911' title='bbox 2727 5473 2906 5519; x_wconf 80' lang='lat' dir='ltr'><strong>tamen</strong></span> <span class='ocrx_word' id='word_1_912' title='bbox 2940 5465 3167 5535; x_wconf 91' lang='lat' dir='ltr'><strong>insuper</strong></span> <span class='ocrx_word' id='word_1_913' title='bbox 3211 5481 3403 5523; x_wconf 83' lang='lat' dir='ltr'><strong>carnes</strong></span> <span class='ocrx_word' id='word_1_914' title='bbox 3426 5482 3525 5539; x_wconf 80' lang='lat' dir='ltr'><strong>ap-</strong></span> 
     </span>
    </p>
   </div>
   <div class='ocr_carea' id='block_1_120' title="bbox 1943 5555 3527 5628">
    <p class='ocr_par' dir='ltr' id='par_1_120' title="bbox 1943 5555 3527 5628">
     <span class='ocr_line' id='line_1_120' title="bbox 1943 5555 3527 5628; baseline 0.003 -18"><span class='ocrx_word' id='word_1_915' title='bbox 1943 5565 2156 5628; x_wconf 87' lang='lat' dir='ltr'><strong>petunt,</strong></span> <span class='ocrx_word' id='word_1_916' title='bbox 2184 5565 2240 5612; x_wconf 91' lang='lat' dir='ltr'><strong>et</strong></span> <span class='ocrx_word' id='word_1_917' title='bbox 2268 5572 2452 5628; x_wconf 85' lang='lat' dir='ltr'><strong>porra,</strong></span> <span class='ocrx_word' id='word_1_918' title='bbox 2489 5565 2545 5610; x_wconf 91' lang='lat' dir='ltr'><strong>et</strong></span> <span class='ocrx_word' id='word_1_919' title='bbox 2575 5555 2712 5610; x_wconf 75' lang='lat' dir='ltr'><strong>licus</strong></span> <span class='ocrx_word' id='word_1_920' title='bbox 2741 5564 2796 5610; x_wconf 93' lang='lat' dir='ltr'><strong>et</strong></span> <span class='ocrx_word' id='word_1_921' title='bbox 2828 5571 3069 5627; x_wconf 87' lang='lat' dir='ltr'><strong>pepones</strong></span> <span class='ocrx_word' id='word_1_922' title='bbox 3113 5567 3332 5624; x_wconf 79' lang='lat' dir='ltr'><strong>vocant,</strong></span> <span class='ocrx_word' id='word_1_923' title='bbox 3365 5559 3527 5615; x_wconf 82' lang='lat' dir='ltr'><strong>item-</strong></span> 
     </span>
    </p>
   </div>
   <div class='ocr_carea' id='block_1_121' title="bbox 1942 5645 3521 5723">
    <p class='ocr_par' dir='ltr' id='par_1_121' title="bbox 1942 5645 3521 5723">
     <span class='ocr_line' id='line_1_121' title="bbox 1942 5645 3521 5723; baseline 0.002 -19"><span class='ocrx_word' id='word_1_924' title='bbox 1942 5663 2048 5719; x_wconf 87' lang='lat' dir='ltr'><strong>que</strong></span> <span class='ocrx_word' id='word_1_925' title='bbox 2082 5663 2257 5720; x_wconf 62' lang='lat' dir='ltr'><strong>carpas</strong></span> <span class='ocrx_word' id='word_1_926' title='bbox 2293 5655 2347 5702; x_wconf 86' lang='lat' dir='ltr'><strong>et</strong></span> <span class='ocrx_word' id='word_1_927' title='bbox 2377 5646 2521 5701; x_wconf 84' lang='lat' dir='ltr'><strong>allia.</strong></span> <span class='ocrx_word' id='word_1_928' title='bbox 2544 5645 2700 5702; x_wconf 88' lang='lat' dir='ltr'><strong>Unde</strong></span> <span class='ocrx_word' id='word_1_929' title='bbox 2729 5646 2875 5700; x_wconf 89' lang='lat' dir='ltr'><strong>haud</strong></span> <span class='ocrx_word' id='word_1_930' title='bbox 2906 5646 2980 5702; x_wconf 85' lang='lat' dir='ltr'><strong>ita</strong></span> <span class='ocrx_word' id='word_1_931' title='bbox 3010 5649 3183 5706; x_wconf 84' lang='lat' dir='ltr'><strong>multo</strong></span> <span class='ocrx_word' id='word_1_932' title='bbox 3212 5657 3521 5723; x_wconf 85' lang='lat' dir='ltr'><strong>postquam</strong></span> 
     </span>
    </p>
   </div>
   <div class='ocr_carea' id='block_1_122' title="bbox 2162 5759 3090 5832">
    <p class='ocr_par' dir='ltr' id='par_1_122' title="bbox 2162 5759 3090 5832">
     <span class='ocr_line' id='line_1_122' title="bbox 2162 5759 3090 5832; baseline -0.001 -13"><span class='ocrx_word' id='word_1_933' title='bbox 2162 5768 2206 5798; x_wconf 71' lang='grc'><strong>’³</strong></span> <span class='ocrx_word' id='word_1_934' title='bbox 2240 5765 2372 5820; x_wconf 88' lang='lat' dir='ltr'><strong>ibid.</strong></span> <span class='ocrx_word' id='word_1_935' title='bbox 2424 5761 2510 5832; x_wconf 77' lang='lat' dir='ltr'><strong>l6,</strong></span> <span class='ocrx_word' id='word_1_936' title='bbox 2554 5759 2638 5816; x_wconf 81' lang='lat' dir='ltr'><strong>l7.</strong></span> <span class='ocrx_word' id='word_1_937' title='bbox 2717 5762 2762 5796; x_wconf 69' lang='lat'><strong>&quot;‘</strong></span> <span class='ocrx_word' id='word_1_938' title='bbox 2790 5761 2892 5818; x_wconf 84' lang='lat' dir='ltr'><strong>lsa.</strong></span> <span class='ocrx_word' id='word_1_939' title='bbox 2921 5781 2974 5830; x_wconf 70' lang='grc' dir='ltr'><strong>γ,</strong></span> <span class='ocrx_word' id='word_1_940' title='bbox 3005 5761 3090 5819; x_wconf 71' lang='grc' dir='ltr'><strong>Η.</strong></span> 
     </span>
    </p>
   </div>
  </div>
