4024 6198
463 270 567 327 ωδ

1488 268 1544 323 S.
1583 270 1858 326 CYRILLI
1895 269 2365 325 ALEXANDRINI
2403 271 2722 327 ARCIIIEP.

3623 277 3728 334 484

463 388 905 452 inanducassent,
939 386 1288 443 interierunt.
1326 387 1460 442 Nam
1497 389 1639 446 Deus
1683 389 1778 444 dat
1816 388 2035 459 quidem

2143 389 2250 442 τῶν
2316 389 2537 458 ἀγαθῶν
2589 391 2838 454 οὐδενὸς,
2901 391 3034 446 ἀλλά
3083 391 3260 444 καίτοι
3323 393 3494 463 μετῆν
3541 396 3721 459 αὐτοῖς

463 492 825 548 coturnicem,
844 496 951 536 non
969 482 1281 552 approbatis
1296 497 1485 537 eorum
1503 483 2000 552 concupiscentiam
2021 499 2035 548 ;

463 573 628 646 294
665 573 759 627 sed
800 573 982 642 potius
1033 572 1338 627 certissima
1387 570 1492 629 fide
1543 573 1624 626 eis
1676 571 2036 642 persuadens,

463 665 607 735 quod
651 664 786 718 nihil
821 664 923 734 ipsi
952 662 1024 717 sit
1072 663 1429 733 impossibile.
1477 663 1711 734 Ideoque
1751 663 2037 719 confestim

463 758 621 828 punit
644 756 895 826 turpibus
915 755 1290 826 voluptatibus
1306 753 1708 825 captos.Simile
1718 755 1850 826 quid
1875 755 2041 810 mise-

465 851 542 906 ris
557 848 761 905 Judzeis
777 847 976 902 accidit
997 854 1240 917 tempore
1262 846 1528 902 adventus
1551 847 1850 903 Salvatoris
1872 863 1886 901 :
1914 862 2041 903 um-

463 938 562 990 bra
587 937 812 990 enimet
845 937 955 1006 typi
986 935 1207 991 fuerunt
1226 936 1317 990 illa
1345 951 1468 1006 quae
1495 944 1610 990 tum
1623 944 2039 1007 praemonstrata

463 1027 1047 1094 fuerunt,fuvturorum.
1066 1028 1203 1084 Cum
1227 1029 1375 1084 enim
1402 1028 1506 1099 ipsi
1523 1045 1656 1085 vero
1679 1045 1912 1094 mannae,
1930 1030 2041 1084 hoc

460 1130 543 1175 est
562 1119 905 1190 Christo,qui
927 1119 1211 1174 descendit
1236 1121 1497 1187 ecoelo,et
1524 1129 1703 1191 potest
1727 1136 1827 1176 nos
1849 1136 2040 1177 omnes

462 1213 732 1278 enutrirc,
774 1212 1155 1282 promittitque
1182 1210 1648 1277 vitamaeternam,
1693 1211 2041 1283 praetulerint

463 1321 624 1360 usum
680 1313 1024 1359 terrenornm
1061 1302 1311 1372 putidum
1345 1312 1508 1373 atque
1539 1304 1828 1369 insulsum,
1860 1303 2036 1358 offen-

461 1396 663 1450 derunt
686 1392 998 1449 necessario
1015 1408 1124 1447 non
1139 1391 1316 1447 solum
1334 1393 1527 1461 Deum,
1552 1409 1742 1449 verum
1763 1395 1929 1450 etiam
1953 1394 2035 1464 ip,-

461 1503 580 1541 sum
601 1486 850 1540 divinum
871 1485 1076 1540 Mosen.
1103 1484 1381 1556 Scriptum
1403 1495 1487 1540 est
1511 1486 1659 1542 enim
1685 1505 1730 1540 τι
1757 1487 1937 1542 lratus
1954 1494 2037 1542 est

461 1581 614 1633 furor
633 1577 850 1632 Domini
877 1585 1071 1630 contra
1102 1577 1366 1646 populum
1423 1591 1608 1643 suum,
1636 1585 1693 1632 et
1735 1576 1868 1633 Mosi
1906 1576 2038 1632 item

459 1672 748 1727 videbatur
775 1671 978 1725 malum
1009 1670 1076 1723 ".
1099 1689 1119 1720 ι
1158 1669 1311 1726 Mens
1343 1670 1490 1726 enim
1519 1677 1836 1726 sanctorum
1887 1684 2036 1725 sem-

2145 479 2412 543 πλουσίως
2443 482 2564 544 ταῖς
2595 481 2686 533 τοῦ
2722 481 2898 551 μάννα
2931 484 3218 553 χορηγίαις
3261 482 3605 554 ἀδιαὸλήτως
3636 486 3722 536 ἐν-

2143 572 2374 654 τρυφᾷν,
2405 572 2582 642 κρεῶν
2611 572 2778 643 ἐρῶσι
2811 573 2905 627 καὶ
2941 575 3189 645 πράσων,
3237 575 3460 638 σικυοὺς
3503 576 3597 627 καὶ
3626 577 3721 628 πέ-

2143 677 2312 723 πονας
2336 660 2682 730 ὀνομάζουσι,
2709 662 2968 732 κρόμμυά
2997 678 3056 714 τε
3083 662 3177 714 καὶ
3221 661 3468 733 σκόροδα.
3490 663 3722 731 Τοιγάρ-

2142 767 2224 802 τοι
2254 751 2542 819 φαγόντες,
2573 751 2676 804 οῦκ
2707 752 2787 815 εἰς
2812 751 3029 824 μακρὰν
3054 751 3360 806 διολώλασι.
3401 752 3597 805 Δίδωσι
3628 752 3723 822 μὲν

2143 841 2250 914 γὰρ
2289 841 2389 912 τὴν
2418 841 2838 916 ὁρτυγομήτραν
2872 842 3024 907 Θεὸς,
3056 844 3157 897 οὐκ
3199 843 3440 898 ἐπαινῶν
3471 843 3570 914 τὴν
3609 846 3722 896 ἐπι⁹

2145 929 2370 1002 θυμίαν,
2404 931 2768 1003 πληροφορῶν
2797 932 2852 984 δὲ
2885 931 3082 1002 μᾶλλον
3122 933 3211 986 διὰ
3249 933 3618 1004 πραγμάτων,
3650 933 3726 997 ὡς

2140 1022 2293 1076 οὐδὲν
2324 1023 2604 1095 ἀμήχανον
2630 1023 2798 1094 αὐτῷ.
2828 1025 3062 1088 Κολάζει
3095 1025 3151 1078 δὲ
3188 1025 3328 1096 μετὰ
3357 1026 3515 1079 τοῦτο
3540 1025 3726 1078 λοιπὸν

2140 1113 2452 1178 ἀκολούθως
2502 1117 2756 1186 αίσχραῖς
2803 1116 3091 1180 ἐναλόντας
3133 1117 3370 1186 ἡδοναῖς.
3409 1117 3725 1172 Πεπόνθασί

2139 1221 2196 1258 τι
2235 1205 2376 1259 κατά
2403 1206 2495 1259 τὸν
2534 1206 2634 1277 τῆς
2664 1207 2960 1278 ἐπιδημίας
2985 1207 3079 1261 τοῦ
3117 1209 3367 1281 Σωτῆρος
3395 1210 3555 1281 ἡμῶν
3598 1228 3721 1263 και-

2143 1298 2234 1370 ρὸν
2263 1301 2311 1352 οἱ
2351 1298 2579 1363 τάλανες
2621 1299 2886 1353 Ἰουδαῖοι.
2929 1301 3088 1354 Σκια“ι
3119 1301 3226 1372 γὰρ
3262 1301 3466 1354 τούτων
3514 1303 3724 1367 ἐκεῖνα,

2141 1391 2236 1444 καὶ
2269 1390 2432 1444 τύποι
2481 1390 2942 1462 προανεφαίνοντο
2982 1392 3090 1445 τῶν
3139 1392 3381 1464 ὑστέρων
3431 1393 3502 1447 τὰ
3551 1395 3724 1448 παλαι

2143 1481 2548 1554 συμϐεϐηκότα.
2583 1483 2930 1554 Καθιγμένου
2962 1485 3073 1557 γὰρ
3106 1487 3238 1556 ἡμῖν
3295 1485 3502 1541 ἄνωθεν
3533 1487 3630 1540 καὶ
3665 1487 3726 1552 ἐξ

2140 1569 2370 1642 οὐρανοῦ
2405 1572 2498 1625 τοῦ
2527 1572 2891 1643 ἀληθεστέρου
2923 1575 3119 1644 μάννα,
3160 1575 3420 1646 Χριστοῦ,
3455 1576 3551 1630 καὶ
3581 1577 3724 1629 ἀπο-

2141 1664 2362 1733 τρέφειν
2409 1664 2521 1717 οἴου
2551 1681 2633 1730 τε,
2668 1664 2761 1716 καὶ
2792 1665 3227 1736 ὑπισχνουμένου
3264 1668 3402 1738 πρὸς
3435 1669 3721 1738 ἀμήρυτον

459 1781 558 1834 per
582 1763 679 1818 Dei
701 1762 1041 1818 voluntatem
1071 1761 1339 1832 sequitur.
1388 1761 1545 1829 Quod
1577 1771 1761 1818 autem
1798 1762 2034 1832 populus

2137 1757 2304 1829 ζωὴν,
2336 1751 2444 1812 ’ἰῶν
2496 1759 2752 1828 ἐπιγείων
2795 1759 2893 1830 τὴν
2926 1760 3125 1831 χρῆσιν
3171 1759 3270 1831 τὴν
3321 1761 3463 1814 κατὰ
3511 1763 3720 1831 κόσμον

459 1855 722 1910 .ludaicus
771 1853 922 1909 omni
961 1869 1032 1909 ex
1075 1863 1230 1924 parte
1280 1853 1536 1923 supernis
1567 1853 1730 1909 bonis
1780 1851 2035 1923 praeferat

463 1949 791 2021 temporaria
846 1957 905 2003 et
929 1947 1195 2013 carnalia,
1244 1947 1402 2002 facile
1447 1947 1572 2017 quis
1602 1961 1671 2002 ex
1721 1945 2037 2015 evangelica

460 2041 718 2112 parabola
756 2038 1012 2095 didicerit
1038 2039 1106 2091 ³⁸.
1131 2037 1290 2092 Servi
1323 2038 1470 2093 enim
1500 2036 1595 2107 qui
1639 2034 1896 2090 convivas
1950 2036 2036 2088 in-

459 2134 726 2197 vitabant,
743 2131 1013 2186 advocare
1033 2130 1256 2201 quidem
1281 2129 1402 2184 illos
1423 2129 1680 2184 volebant
1699 2127 1767 2182 ad
1781 2126 2032 2195 nuptias:

459 2227 562 2296 ipsi
594 2241 725 2280 vero
757 2224 1032 2288 abierunt,
1059 2223 1217 2278 alius
1240 2222 1296 2276 in
1351 2235 1541 2292 agrum
1588 2235 1770 2286 suum,
1800 2219 1941 2274 alius
1967 2219 2034 2274 ad

463 2317 679 2389 negotia
705 2331 805 2371 sua
825 2355 840 2381 ,
864 2322 1196 2370 excusantes
1225 2330 1305 2379 se,
1338 2313 1429 2368 hic
1448 2313 1693 2383 quidem,
1719 2311 1866 2382 quod
1896 2327 2036 2367 uxo-

463 2424 577 2463 rem
601 2407 875 2473 duxisset;
907 2407 999 2462 ille
1032 2421 1185 2472 vero,
1219 2406 1366 2475 quod
1399 2421 1589 2475 agrum
1643 2411 2034 2474 comparasset,

460 2501 696 2570 ideoque
733 2514 846 2554 non
901 2506 1132 2568 possent
1181 2496 1391 2551 venire.
1441 2497 1612 2551 Porro
1660 2495 1808 2566 quod
1831 2503 1888 2550 et
1921 2499 2038 2564 ipse

459 2592 636 2647 Moses
655 2591 729 2646 de
774 2588 1150 2645 inobedientia
1185 2589 1501 2645 Judaeorum
1553 2595 1890 2658 conquestus
1943 2586 2035 2653 sit,

457 2681 751 2740 confirmat
782 2681 1047 2737 Dominus
1080 2690 1271 2736 noster
1309 2680 1471 2736 Jesus
1506 2680 1782 2745 Christus,
1816 2679 1895 2734 ita
1950 2679 2038 2734 di-

452 2790 590 2831 cens
620 2793 633 2828 :
664 2793 682 2827 ι
701 2774 780 2829 Ne
801 2773 1126 2829 existimetis
1150 2772 1297 2844 quod
1309 2788 1410 2844 ego
1429 2773 1536 2826 sim
1564 2787 1663 2827 vos
1681 2779 2040 2827 accusaturus

455 2867 601 2938 apud
635 2867 875 2922 Patrem.
907 2867 1006 2922 Est
1041 2866 1135 2936 qui
1165 2881 1264 2920 vos
1289 2871 1511 2921 accuset
1542 2864 1739 2929 Moses,
1757 2864 1815 2920 in
1873 2877 2038 2934 quem

456 2971 554 3012 vos
584 2956 923 3027 speravistis.
965 2953 1023 3011 Si
1047 2955 1196 3011 enim
1235 2953 1534 3010 crederetis
1556 2953 1710 3019 Mosi,
1738 2952 2040 3009 crederetis

457 3056 514 3103 et
572 3047 709 3103 mihi
742 3065 756 3101 :
788 3063 916 3102 nam
971 3046 1039 3101 de
1098 3061 1185 3101 me
1219 3045 1310 3101 ille
1336 3045 1557 3116 scripsit
1578 3046 1647 3098 ’7.
1686 3064 1705 3096 ι
1763 3044 1843 3100 Ac
1873 3059 2037 3116 grave
2064 3071 2109 3133 ο

455 3137 679 3209 quidem
707 3148 764 3191 et
791 3136 1025 3191 arduum
1077 3135 1334 3190 censebat
1373 3135 1570 3200 Moses,
1615 3134 1825 3190 diutius
1891 3135 2037 3192 ferre

455 3227 731 3282 lsraelem.
768 3225 980 3280 Idcirco
1003 3225 1150 3280 Deus
1185 3223 1548 3280 sanctiﬁcavit
1572 3224 1742 3279 etiam
1772 3224 1909 3280 alios
1927 3239 2037 3279 nu-

455 3331 612 3372 mero
643 3316 1017 3386 septuaginta,
1077 3324 1140 3370 ut
1167 3316 1278 3388 jam
1307 3313 1564 3370 diximus.
1621 3315 1757 3372 Nam
1776 3316 1867 3372 lex
1896 3316 2034 3384 sola,

457 3407 615 3478 cujus
639 3413 827 3478 typum
864 3406 1006 3477 gerit
1031 3407 1228 3472 Moses,
1290 3421 1455 3462 manu
1494 3405 1698 3465 ducere
1715 3423 1826 3465 non
1867 3409 2032 3466 valet.

459 3494 613 3554 Unde
663 3505 720 3553 et
769 3496 860 3551 alii
888 3497 1233 3568 septuaginta
1265 3497 1605 3569 deliguntur,
1656 3500 1752 3569 qui
1787 3499 1843 3556 id
1887 3500 2035 3571 quod

456 3591 612 3647 deest
633 3590 947 3661 suppleam,
973 3598 1034 3646 et
1058 3589 1229 3645 veluti
1277 3589 1334 3644 in
1363 3605 1597 3646 numero
1633 3589 1877 3661 perfecto
1911 3606 2034 3646 ccr-

457 3692 677 3739 nantur.
717 3681 868 3737 Hanc
883 3681 1037 3736 enim
1070 3679 1462 3754 perfectionem
1515 3679 1786 3752 signiﬁcat
1835 3697 2036 3739 nume-

459 3791 554 3832 rus
583 3773 1049 3846 septuagenarius.
1089 3773 1158 3828 At
1207 3773 1432 3844 quinam
1481 3781 1612 3829 sunt
1660 3774 2035 3846 septuaginta?

453 3869 558 3938 Qui
578 3885 681 3941 per
694 3867 975 3925 Christum
1009 3873 1133 3937 post
1152 3865 1340 3922 Mosen
1368 3874 1498 3922 sunt
1525 3865 1812 3922 constituti
1832 3865 1902 3922 ad
1928 3866 2034 3922 du-

453 3960 690 4017 cendum
729 3959 1016 4030 populum,
1047 3973 1284 4029 quorum
1306 3957 1564 4028 primitiae
1607 3966 1664 4014 et
1695 3968 1880 4029 patres
1905 3967 2036 4015 sunt

453 4051 630 4105 sancti
675 4049 956 4118 discipuli.
1009 4048 1154 4103 Deus
1201 4057 1386 4104 autem
1450 4047 1654 4103 dicitur
1699 4048 1917 4104 auferre
1963 4047 2035 4104 de

453 4139 652 4208 spiritu
677 4138 773 4206 qui
794 4147 878 4192 est
900 4139 957 4191 in
990 4138 1158 4203 Mose,
1189 4153 1429 4207 eumque
1474 4139 1773 4196 immittere
1831 4140 1889 4196 in
1916 4139 2032 4196 ele-

451 4237 705 4284 ctos‘non
726 4228 894 4283 aliam
914 4228 986 4282 ob
1009 4243 1250 4293 causam,
1275 4244 1442 4298 quam
1475 4239 1536 4284 ut
1555 4232 1864 4300 credamus,
1883 4233 2032 4304 quod

453 4321 600 4375 Deus
630 4334 742 4374 uno
762 4329 820 4376 et
839 4329 1028 4377 sancto
1052 4319 1262 4391 Spiritu
1301 4335 1514 4388 omnes,
1560 4331 1618 4378 et
1648 4325 1742 4393 qui
1772 4332 1898 4382 ante
1931 4342 2033 4382 nos

2138 1847 2355 1920 ἀληθῶς
2405 1851 2501 1904 καὶ
2555 1851 2924 1922 ὑδαρεστάτην
2977 1851 3254 1915 ἀσυνέτως
3321 1851 3718 1924 ἀνθῃρημένοι,

2139 1939 2651 2012 προσκεκρούκασιν
2683 1943 3018 2011 ἀναγκαίως,
3051 1943 3145 1998 καὶ
3189 1943 3313 2013 οὐχὶ
3353 1943 3419 2014 δὴ
3451 1945 3600 2015 μόνῳ
3640 1945 3719 2015 τῷ

2136 2031 2243 2084 τῶν
2270 2031 2404 2086 ὅλων
2427 2032 2565 2104 Θεῷ,
2587 2032 2722 2087 ἀλλὰ
2747 2035 2842 2087 καὶ
2863 2033 3010 2104 αὐτῷ
3035 2034 3099 2106 δὴ
3119 2033 3197 2105 τῷ
3221 2033 3492 2107 θεσπεσίῳ
3519 2037 3713 2108 Μωσῇ.

2138 2123 2452 2194 Γέγραπται
2496 2125 2628 2197 γὰρ,
2675 2126 2758 2180 ὅτι
2803 2147 2820 2178 ι
2871 2127 2983 2180 Kal
3033 2127 3286 2198 ἐθυμώθη
3331 2128 3536 2200 Κύριος
3579 2131 3715 2200 ὀργῇ

2137 2219 2216 2281 είς
2250 2217 2342 2272 τὸν
2374 2217 2499 2272 λαὸν
2532 2217 2724 2285 αὑτοῦ,
2754 2220 2851 2273 κα)⁸
2881 2219 3061 2273 ἔναντι
3095 2223 3267 2291 Μωσῇ
3295 2216 3362 2292 ἦν
3393 2222 3654 2293 πονηρόν.
3689 2242 3708 2274 ι

2140 2309 2370 2362 Ἐπεται
2393 2309 2504 2380 γὰρ
2535 2309 2622 2363 ἀεὶ
2645 2313 2766 2374 ταῖς
2792 2311 2888 2366 τοῦ
2915 2311 3052 2365 Θεοῦ
3081 2312 3303 2383 ψήφοις,
3347 2313 3457 2367 τῶν
3489 2314 3660 2382 ἁγίων
3687 2315 3716 2367 6

2137 2398 2280 2462 νοῦς.
2301 2400 2423 2452 Ὅτι
2457 2399 2556 2471 μὲν
2583 2395 2675 2454 οῦν
2699 2401 2804 2454 τῶν
2832 2400 3037 2456 ἀνωθεν
3060 2401 3280 2470 ἀγαθῶν
3306 2403 3378 2457 ετά
3406 2404 3718 2477 πρόσκαιρὰ

2137 2509 2196 2545 τε
2244 2491 2340 2545 καὶ
2379 2493 2620 2562 σαρκικὰ
2656 2493 2931 2564 προετίθει
2980 2494 3232 2564 πανταχῆ
3279 2494 3386 2548 τῶν
3448 2495 3714 2550 Ἰουδαίων

2137 2585 2166 2638 6
2199 2584 2390 2654 δῆμος,
2427 2583 2696 2654 ἀναμάθοι
2723 2602 2806 2648 τις
2835 2584 2899 2639 ἂν
2932 2586 2996 2638 ἐκ
3019 2586 3117 2654 τῆς
3147 2587 3507 2658 εὐαγγελικῆς
3544 2604 3718 2658 παρα-

2139 2678 2322 2749 ϐολῆς.
2359 2678 2421 2730 Oi
2464 2678 2563 2748 μὲν
2596 2676 2706 2748 γὰρ
2743 2676 3193 2748 δειπνοκλήτορες
3224 2678 3564 2750 συναγείρειν
3591 2679 3716 2749 ἠθε-

2139 2769 2230 2824 λον
2268 2772 2348 2834 εἰς
2373 2769 2500 2832 τοὺς
2523 2768 2758 2838 γάμουςο
2799 2768 2850 2821 οί
2879 2768 2935 2821 δὲ
2980 2769 3286 2838 ἀπῴχοντο,
3319 2769 3505 2840 φησιν,
3531 2769 3588 2833 ὃς
3617 2767 3716 2838 μὲν

2139 2862 2234 2917 ἐπὶ⁹
2262 2861 2352 2916 τὸν
2385 2861 2514 2915 ἴδιον
2552 2861 2744 2932 ἀγρὸν,
2777 2860 2836 2925 ὃς
2865 2860 2922 2914 δὲ
2968 2862 3063 2915 ἐπὶ
3090 2861 3190 2932 τὴν
3220 2863 3491 2933 ἐμπορίαν
3525 2861 3711 2918 αὑτοῦ.

2139 2954 2253 3006 Kal
2280 2949 2348 3025 ἦν
2393 2954 2428 3024 ἡ
2462 2954 2817 3025 παραίτησις,
2859 2952 2936 3025 τῷ
2968 2954 3089 3024 μὲν,
3128 2955 3209 3008 ὅτι
3237 2956 3485 3009 Γυναῖκα
3509 2955 3710 3026 ἔγημα,

2139 3043 2217 3114 τῷ
2251 3043 2328 3108 δὲ,
2368 3044 2451 3097 ὅτι
2491 3044 2684 3116 Ἀγρὸν
2713 3046 2982 3117 ἠγόρασα,
3029 3045 3125 3100 ml
3169 3046 3230 3098 οὐ
3257 3045 3488 3116 δύναμαι
3518 3045 3711 3102 ἐλθεῖν.

2142 3133 2268 3186 Ὅτι
2300 3132 2360 3186 δὲ
2404 3133 2500 3186 καὶ
2533 3133 2695 3200 αὐτὸς
2729 3136 2826 3206 τῆς
2853 3135 2961 3189 τῶν
3005 3136 3275 3189 Ἰουδαίων
3307 3136 3587 3202 ἀπειθείας
3617 3155 3716 3192 κα-

2137 3222 2486 3296 τακέκραγεν
2517 3227 2546 3280 ὁ
2589 3226 2820 3296 Μωσῆς,
2859 3226 3192 3282 πιστώσεται
3232 3227 3404 3297 λέγων
3447 3230 3475 3281 6
3510 3230 3714 3302 Κύριος

2137 3317 2296 3387 ἡμῶν
2338 3316 2547 3389 Ἰησοῦς
2577 3318 2832 3390 Χριστός*
2873 3338 2893 3372 ι
2931 3319 3022 3391 Μὴ
3060 3319 3266 3374 δοκεῖτε
3311 3322 3394 3375 ὅτι
3431 3321 3543 3391 ἐγὼ
3583 3341 3715 3379 κατ-

2135 3408 2398 3481 ηγορήσω
2420 3409 2574 3480 ὑμῶν
2602 3409 2738 3481 πρὸς
2757 3409 2847 3464 τὸν
2873 3410 3115 3484 Πατέρα.
3137 3412 3326 3466 Ἔστιν
3340 3414 3368 3466 6
3392 3416 3714 3485 κατηγορῶν

2136 3503 2291 3573 ὑμῶν
2323 3504 2561 3575 Μωσῆς,
2594 3505 2672 3567 είς
2700 3503 2760 3558 6v
2791 3503 2948 3575 ὑμεῖς
2980 3503 3266 3574 ἠλπίκατε.
3306 3507 3370 3560 Εἰ
3401 3507 3510 3578 γὰρ
3542 3507 3713 3579 [6]“:-

2137 3595 2357 3650 στεύετε
2384 3595 2556 3667 Μωσῇ
2579 3635 2595 3661 ,
2636 3595 2953 3650 ἐπιστεύετε
2993 3595 3060 3652 ἂν
3100 3597 3243 3668 ἐμοί·
3275 3597 3540 3671 περὶγὰρ
3577 3599 3710 3670 ἐμοῦ

2133 3686 2344 3749 ἐκεῖνος
2384 3683 2612 3757 ἔγραψε.
2657 3705 2676 3740 ι
2721 3686 2830 3741 Καὶ
2877 3688 3134 3759 φορτικὸν
3187 3689 3287 3758 μὲν
3335 3689 3458 3744 λίαν
3498 3691 3712 3760 ἡγεῖται

2134 3777 2375 3849 Μωσῆς,
2411 3778 2472 3830 τὸ
2521 3779 2846 3848 ὑπενεγκεῖν
2894 3780 2976 3835 ἔτι
3016 3779 3280 3836 δύνασθαι
3330 3783 3419 3836 τὸν
3473 3783 3710 3856 Ἰσραήλ.

2146 3867 2439 3938 Ἦγιόιζετο
2465 3869 2523 3922 δέ
2566 3871 2596 3924 6
2633 3869 2764 3935 Θεὸς
2811 3871 3031 3942 ἐτέρους
3079 3871 3169 3926 τὸν
3212 3873 3446 3946 ἀριθμὸν
3479 3875 3711 3946 ἐϐδομή-

2135 3976 2322 4026 κοντα,
2351 3961 2605 4034 καθάπερ
2643 3963 2746 4035 ήδη
2777 3963 3133 4034 προείπομεν.
3160 3965 3337 4030 Μόνος
3373 3968 3484 4040 γὰρ
3505 3971 3654 4040 ἡμᾶς
3681 3971 3711 4021 6

2133 4052 2333 4125 νόμος,
2373 4047 2434 4108 οὖ
2479 4055 2574 4109 κα)⁸
2615 4054 2785 4119 τύπος
2827 4056 2984 4110 νοοῖΐ
3034 4058 3101 4111 ἂν
3139 4059 3366 4124 είκότως
3406 4061 3435 4115 6
3480 4060 3708 4131 Μωσῆς,

2133 4149 2495 4219 χειραγωγεῖν
2523 4147 2621 4220 οὐχ
2663 4143 2776 4212 οἶός
2808 4165 2890 4203 τε.
2925 4151 3196 4223 Ταύτῃτοι
3230 4154 3324 4206 καὶ
3353 4155 3532 4227 ἕτεροι
3559 4157 3707 4210 ἑϐδο-

2136 4238 2383 4308 μήκοντα
2419 4238 2852 4310 χειροτονοῦνται
2885 4240 3092 4305 πολλοὶ,
3144 4242 3206 4295 τὸ
3234 4243 3478 4299 ἐλλεῖπον
3518 4247 3708 4318 ἐκείνῳ

2135 4328 2532 4400 πληρώσοντες,
2559 4329 2655 4384 καὶ
2689 4329 2766 4396 ὡς
2804 4333 2864 4386 ἐν
2909 4333 3100 4406 τελείῳ
3134 4337 3439 4407 πεφήνασιν
3470 4338 3708 4411 ἀριθμῷ.

452 4411 697 4480 fuerunt,
725 4421 782 4470 et
800 4428 901 4469 nos
926 4413 1247 4470 sanctificet.
1288 4413 1450 4484 295
1471 4413 1740 4481 Quoniam
1773 4415 1923 4471 enim
1944 4423 2030 4470 est

2136 4416 2301 4471 Τοῦδε
2326 4417 2436 4489 γὰρ
2465 4417 2532 4472 ἂν
2565 4420 2648 4491 εἴη
2709 4423 3045 4492 σημαντικὸν
3070 4465 3084 4491 ,
3117 4424 3147 4478 6
3177 4423 3549 4498 ἐϐδομήκοντα
3591 4431 3706 4502 ἀρι-

453 4519 596 4560 unus
616 4506 798 4572 Pater,
828 4521 972 4561 unus
997 4506 1130 4562 item
1163 4505 1353 4572 Filius,
1386 4505 1462 4564 ita
1485 4521 1705 4577 quoque
1736 4522 1880 4564 unus
1912 4507 2033 4579 Spi-

453 4593 594 4650 ritus
613 4603 856 4661 sanctus,
883 4596 978 4665 qui
1010 4595 1068 4650 in
1096 4597 1381 4666 prophetis
1406 4604 1463 4651 et
1487 4597 1544 4652 in
1568 4597 1731 4652 nobis
1759 4614 1904 4654 unus
1924 4608 2028 4656 est.

449 4683 588 4740 Cum
618 4700 749 4755 ergo
779 4701 923 4742 unus
947 4686 1040 4752 sit,
1077 4687 1232 4742 nullo
1259 4689 1423 4744 modo
1466 4688 1768 4745 secundum
1800 4689 2029 4746 divisio-

451 4791 576 4833 nem
621 4777 959 4849 intelligatur
1001 4779 1060 4834 in
1124 4780 1352 4848 multis;
1401 4781 1498 4836 sed
1551 4789 1638 4837 est
1687 4781 2026 4848 individuus,

447 4869 616 4925 etiam
656 4869 710 4924 in
732 4869 1024 4940 multiplici
1049 4869 1322 4926 donorum
1351 4873 1765 4940 distributione,
1807 4882 1866 4930 et
1902 4889 2030 4945 per-

448 4963 589 5018 fecte
626 4976 686 5028 se
724 4961 936 5018 habens
957 4963 1014 5018 in
1051 4963 1328 5021 omnibus.
1366 4964 1783 5024 Observandum
1840 4977 2025 5025 autem

445 5063 552 5119 est,
569 5053 718 5125 quod
737 5053 902 5126 hujus
917 5055 1158 5112 universi
1171 5056 1318 5112 Deus
1331 5058 1557 5128 jusserit
1579 5059 1802 5129 quidem
1823 5059 2026 5131 eligere

446 5159 680 5199 numero
730 5147 1090 5218 septuaginta.
1130 5146 1402 5204 Caaterum
1450 5148 1542 5205 hic
1600 5164 1866 5207 numerus
1912 5166 2026 5208 non

447 5234 774 5305 completur.
806 5235 1110 5294 Defucrunt
1129 5237 1280 5293 enim
1307 5238 1439 5305 duo,
1478 5238 1672 5295 Modad
1720 5249 1778 5298 et
1826 5241 2020 5298 Eldad.

446 5323 774 5383 Deﬂeientes
820 5336 1006 5384 autem
1047 5328 1216 5383 etiam
1261 5328 1362 5385 hos
1411 5330 1585 5401 replet
1607 5330 1754 5386 Deus
1791 5330 2021 5402 Spiritu.

447 5419 850 5490 Prophetarum
880 5421 1030 5476 enim
1091 5420 1147 5476 in
1202 5422 1416 5478 castris.
1483 5421 1640 5480 Unde
1660 5423 1882 5496 quidam
1929 5424 2024 5495 qui

446 5508 592 5567 circa
653 5512 840 5567 Mosen
877 5521 1035 5568 erant
1071 5527 1168 5570 eos
1223 5514 1585 5582 aemulantur,
1613 5525 1672 5571 et
1706 5515 2024 5572 submoveri

2136 4507 2296 4579 θμός.
2330 4509 2440 4563 Kal
2460 4509 2606 4574 τίνες
2640 4506 2786 4566 οὗτοι
2817 4513 2880 4583 δὴ
2909 4515 3070 4569 πάλιν
3091 4534 3106 4583 ;
3129 4519 3192 4570 Οἱ
3217 4518 3355 4589 μετά
3381 4521 3588 4575 Μωσέα
3623 4523 3709 4576 διᾶ

2129 4597 2370 4669 Χριστοῦ
2412 4599 2551 4671 πρὸς
2584 4600 2644 4654 τὸ
2693 4601 3058 4674 καθηγεῖσθαι
3091 4611 3589 4681 παρενηνεγμένοι,
3635 4606 3709 4668 ὧν

2131 4689 2225 4743 καὶ
2242 4689 2469 4762 ἀπαρχὴ
2491 4691 2587 4746 καὶ
2629 4694 2867 4766 πατέρες
2892 4697 2942 4749 οἱ
2982 4696 3260 4753 θεσπέσιοι
3293 4700 3552 4772 μαθηταί.
3590 4705 3710 4774 Ἀφ-

2129 4781 2271 4836 ελεῖν
2307 4783 2366 4838 δὲ
2403 4784 2618 4855 λέγεται
2653 4786 2787 4851 Θεὸς
2821 4789 2929 4842 ἀπὸ
2961 4791 3056 4845 τοῦ
3089 4793 3402 4864 πνεύματος
3434 4795 3528 4848 τοῦ
3557 4797 3710 4862 ὄντος

2129 4875 2226 4931 ἐπὶ
2255 4875 2482 4942 Μωσέα,
2516 4878 2612 4932 καὶ
2657 4879 2857 4935 ἐνεῖναι
2895 4885 3009 4947 τοῖς
3035 4883 3455 4957 ἐξειλεγμένοις,
3482 4892 3582 4944 καὶ
3610 4893 3705 4962 οὐχ

2127 4969 2316 5042 ἐτέρου
2342 4987 2436 5024 του
2460 4971 2639 5042 χάριν,
2670 4970 2706 5043 ἢ
2744 4972 2830 5028 ἵνα
2863 4975 3242 5049 πιστεύσωμεν
3271 4981 3352 5035 ὅτι
3384 4983 3465 5055 τῷ
3501 4985 3586 5037 ἐνὶ
3614 4984 3706 5039 καὶ

2124 5061 2268 5132 ἁγίῳ
2299 5062 2573 5133 Πνεύματι
2591 5104 2606 5131 ,
2631 5064 2757 5129 τούς
2786 5082 2844 5118 τε
2876 5066 2986 5138 πρὸ
3015 5070 3176 5139 ἡμῶν
3215 5072 3404 5141 ἁγίους
3431 5077 3526 5129 καὶ
3559 5077 3703 5148 ἡμᾶς

2122 5152 2322 5240 aptat;
2350 5152 2568 5221 ἁγιάζει
2587 5154 2740 5219 Θεός-
2773 5157 2983 5230 ’Ὠσπερ
3016 5161 3126 5233 γὰρ
3151 5158 3234 5227 εἷς
3260 5166 3408 5220 ἔστιν
3434 5169 3464 5225 δ
3491 5168 3702 5240 nam“

2125 5236 2207 5304 εἷς
2235 5241 2292 5296 δὲ
2319 5243 2520 5314 ὁμοίως
2550 5246 2643 5298 καὶ
2671 5248 2699 5300 6
2728 5246 2874 5312 Υἱὸς,
2911 5247 3055 5304 οὕτω
3085 5252 3180 5306 καὶ
3214 5253 3272 5307 ἐν
3303 5255 3364 5308 τὸ
3393 5257 3621 5329 Πνεῦμα
3635 5236 3703 5311 τὸ

2125 5335 2318 5402 ἅγιον,
2360 5335 2423 5389 τό
2447 5352 2507 5388 τε
2533 5339 2591 5391 ἐν
2637 5339 2948 5410 προφήταις
2994 5340 3052 5395 ἓν
3083 5343 3178 5397 καὶ
3225 5347 3283 5398 ἐν
3325 5349 3482 5418 ⁴ἡμῖν.
3518 5351 3617 5402 Ἐν
3648 5349 3701 5402 δὲ

2127 5424 2394 5497 ὑπάρχον,
2423 5425 2485 5478 οὐ
2527 5427 2666 5482 κατὰ
2719 5429 2984 5502 διαίρεσιν
3027 5433 3087 5488 ἐν
3124 5436 3340 5502 πολλοῖς
3383 5440 3605 5494 ἐννοοῖτ’
3638 5440 3700 5494 ἀν

2127 5515 2372 5582 εἰκότως,
2396 5515 2511 5572 ἀλλ’
2539 5518 2687 5574 ἐστιν
2711 5521 3007 5594 ἀμέριστον
3030 5525 3127 5582 καὶ
3153 5528 3212 5584 ἐν
3237 5528 3409 5602 πολλῇ
3437 5533 3700 5604 χαρισμά-

512 5684 558 5717 ⁹⁸
589 5682 752 5740 Num.
787 5698 859 5754 xx,
894 5685 978 5742 10.
1056 5689 1103 5722 ⁸⁸
1128 5687 1319 5746 Matth.
1357 5709 1466 5764 xxv,
1495 5693 1681 5749 16-24.
1718 5771 1728 5779 ⁸
1757 5694 1802 5727 ⁸⁷
1833 5693 1989 5751 Joan.
2030 5711 2035 5722 ε

2136 5696 2206 5765 ί5,
2245 5696 2332 5754 46.
