4022 6198
286 331 393 394 465

1295 334 1823 394 GLAPHYRORUM
1861 336 1928 392 IN
1967 335 2254 394 EXODUM
2295 336 2423 392 LIB.
2466 336 2531 392 ﬂ.

3457 333 3561 394 466

285 464 396 502 των
422 447 678 519 διανομῇ,
710 446 806 503 καὶ
838 447 1062 515 τελείως
1095 449 1227 523 ἔχων
1248 452 1308 508 ὲν
1346 453 1531 507 πᾶσιν.
1578 450 1870 525 Ἐπιτηριη-

1979 454 2184 512 debere
2233 453 2510 511 dicebant.
2559 453 2756 508 Verum
2798 450 2845 506 is
2889 447 3196 523 prtevidcns
3239 450 3559 521 mysterium

284 541 406 593 τέον
427 538 509 602 δὲ,
541 539 625 592 ὅτι
645 538 738 593 τὸν
765 540 998 613 ἀριθμὸν
1016 542 1386 616 ἑϐδομήκοντα
1412 544 1538 609 τοὺς
1556 543 1868 616 δξειλεγμέ-

285 646 411 693 νους
440 629 788 700 συναγείριιν
816 630 1079 687 ἐκέλευεν
1099 635 1129 688 6
1157 632 1266 688 τῶν
1293 633 1431 689 ὅλων
1467 634 1619 698 Θεός.
1659 633 1877 706 ’Δθροί-

284 720 440 785 (erat
466 721 524 774 δὲ
550 724 666 778 οὐκ·
692 721 778 785 είς
810 722 1019 794 πλῆρες
1046 724 1309 796 ἀριθμός.
1358 724 1734 780 Ἐλλελεὲπασι
1763 724 1883 798 γὰρ

283 811 408 878 δύο,
449 810 654 866 Μωδάδ
684 812 781 866 καὶ
826 813 1035 867 Ἐλδάδ.
1081 814 1499 885 ’Υστερίξοιντας
1534 815 1591 869 δὲ
1621 815 1714 870 καὶ
1751 814 1875 870 106'-

280 921 408 967 τους
434 903 641 975 ὲπίπλη
670 904 805 970 Θεὸς
821 905 916 959 τοῦ
944 907 1283 978 Πνεύματος.
1308 908 1733 980 Προειρήτευσαν
1765 909 1873 983 γάρ

282 996 341 1049 ἂν
365 999 436 1068 τῇ
472 997 822 1071 παρεμϐολῇ.
856 1000 968 1054 Kal
1012 1000 1236 1070 ζηλοῦσι
1271 1000 1374 1072 μέν
1400 1018 1547 1066 τινες
1587 1002 1704 1056 τῶν
1730 1002 1876 1075 ἀμφὶ

280 1089 513 1152 Μωσέα,
546 1090 643 1145 καὶ
675 1091 739 1162 δὴ
769 1091 865 1145 καὶ
908 1091 1191 1165 εἴργεσθαι
1219 1090 1332 1146 δεῖν
1362 1092 1604 1164 ἔφασκον
1648 1095 1872 1160 αὐτούς.

291 1174 353 1229 ⁸0
384 1176 445 1229 δὲ
475 1177 536 1230 τὸ
564 1178 659 1231 τοῦ
691 1180 932 1249 Χριστοῦ
958 1180 1322 1252 προαναθρῶν
1355 1184 1679 1257 μυστήριον,
1719 1205 1738 1238 ι
1774 1187 1875 1251 Τίς

285 1262 398 1335 δῴη
424 1306 439 1329 ,
463 1265 619 1335 φησι,
647 1266 728 1338 τῷ
767 1267 882 1339 λαῷ
916 1268 1125 1339 Κυρίου
1158 1270 1468 1342 προφήτας,
1501 1273 1631 1327 ὅταν
1657 1273 1732 1345 δῷ
1762 1274 1876 1328 K6-

285 1373 404 1426 ριος
451 1356 514 1409 τὸ
544 1357 762 1430 πνεῦμα
795 1360 962 1414 αὐτοῦ
994 1361 1083 1414 ἐπ’
1125 1362 1367 1427 αύτούςξ
1397 1383 1417 1416 ι
1470 1365 1784 1437 Συνήσομεν
1818 1366 1877 1421 δὲ

283 1447 380 1500 καὶ
398 1446 490 1500 διὰ
521 1449 747 1514 τούτων,
777 1452 859 1505 ὅτι
886 1454 1333 1524 σεσαγήνευκενό
1366 1454 1551 1526 νόμος,
1584 1456 1680 1510 καὶ
1706 1474 1879 1527 προσ-

282 1536 509 1606 εκόμιζε
588 1538 669 1610 τῷ
722 1540 846 1612 Θεῷ
892 1543 1314 1614 παιδαγωγῆσαι
1390 1546 1624 1610 πολλοὺς
1668 1547 1760 1601 ἐπὶ
1812 1548 1875 1600 τὸ

278 1628 522 1698 Χριστοῦ
569 1632 889 1703 μυστήριον.
931 1633 1082 1705 Πλὴν
1128 1636 1191 1689 οὐ
1230 1636 1441 1700 πάντας
1477 1636 1872 1708 προσκομίζειν

277 1714 394 1783 οἷός
419 1737 482 1774 τε
505 1716 599 1792 ἦν’
628 1722 1016 1795 ὑστερίζοντας
1044 1727 1142 1781 καὶ
1166 1727 1388 1792 τούτους
1419 1728 1647 1799 ἡγίασεν
1677 1732 1705 1783 ὁ
1728 1732 1868 1800 Χρι·

1977 546 2223 603 Christi:
2253 565 2271 599 ι
2300 544 2560 613 Quisdet,
2586 544 3062 617 inquit,utomnis
3096 542 3558 614 populusDomini

1976 638 2287 710 prephetet,
2314 636 2540 709 quando
2564 635 3071 711 dcderitDomiuus
3098 633 3364 727 Spiritum
3396 645 3560 727 suum

1978 730 2033 786 in
2071 745 2168 785 eos
2215 728 2297 801 "fl
2324 748 2342 780 ι
2394 727 2766 800 intelligemus
2824 735 3009 784 autem
3060 740 3129 781 ex
3160 723 3249 782 his
3288 723 3435 797 quod
3473 726 3561 782 lex

1977 822 2180 876 multos
2208 819 2417 891 ceperit
2445 828 2502 874 et
2530 818 2822 874 adduxerit
2866 818 2987 873 Deo
3010 815 3079 872 ad
3100 813 3303 872 Christi
3350 825 3558 888 mystc-

1978 911 2121 967 rium
2154 911 2432 967 erudiens.
2470 909 2743 967 Caeterum
2781 923 2889 964 non
2931 922 3131 963 omnes.
3156 905 3431 962 adducere
3462 923 3561 972 po—

1977 1004 2135 1060 tuit:
2197 1003 2519 1061 deﬁcientes
2569 1011 2753 1059 autem
2803 1000 2971 1057 etiam
3029 1000 3143 1055 hos.
3196 996 3561 1071 sanctiﬁcat“;

1973 1095 2246 1152 Christus.
2287 1094 2477 1152 Vocati
2503 1094 2814 1150 enimsunt
2837 1108 2903 1150 ex
2920 1091 3181 1164 gentibus
3209 1090 3276 1145 ad
3309 1089 3560 1148 veritatis

1974 1185 2367 1258 cognitionem,
2404 1201 2516 1241 non
2549 1200 2648 1256 per
2674 1184 2859 1242 Mosen
2902 1190 2998 1238 aut
3021 1183 3221 1261 legem,
3248 1181 3345 1238 sed
3375 1182 3561 1253 potius

1973 1276 2182 1331 virtute
2210 1276 2306 1332 Dei
2348 1291 2411 1331 ac
2454 1276 2654 1341 Patris,
2695 1274 2789 1346 qui
2845 1272 3225 1346 ignorantibus
3295 1271 3559 1328 revelavit

1975 1381 2130 1421 suam
2189 1366 2507 1438 imaginem,
2540 1365 2646 1421 hoc
2687 1372 2770 1420 est
2824 1364 3024 1420 Filium
3062 1382 3074 1418 :
3113 1371 3345 1419 vocatos
3374 1373 3558 1419 autem

1975 1467 2194 1515 sanctos
2246 1460 2414 1514 etiam
2460 1459 2646 1516 etlecit
2701 1473 2912 1529 ungens
2958 1457 3176 1529 spiritu.
3208 1457 3277 1513 At
3326 1456 3422 1528 qui
3453 1456 3555 1513 sub

1974 1551 2091 1622 lege
2116 1561 2245 1607 sunt
2294 1553 2622 1608 aemulantur
2652 1551 2774 1606 illos
2815 1550 2909 1622 Qui
2978 1549 3034 1604 in
3066 1548 3287 1605 Christo
3312 1558 3472 1617 sunt,
3501 1558 3559 1605 et

1976 1643 2082 1700 ﬁde.
2106 1644 2389 1715 justiﬁeati
2428 1642 2862 1714 sanctiﬁcatiquc
2892 1640 3409 1713 spiritu..C:eterum
3459 1656 3555 1713 ga-

1974 1738 2127 1792 visus
2155 1747 2239 1794 est
2267 1737 2447 1794 Moses
2469 1736 2800 1809 praecognito
2822 1735 3106 1808 mysterio.
3133 1734 3252 1790 Non
3276 1733 3441 1807 igitur
3467 1749 3555 1788 sa-

280 1810 425 1873 στός.
458 1810 779 1884 Κέκληνται
826 1816 926 1887 μὲν
951 1816 1060 1890 γάρ
1103 1819 1151 1872 οί
1200 1817 1260 1887 ἐξ
1306 1818 1478 1873 ὲθνῶν
1506 1820 1599 1874 ἐπὶ
1641 1820 1739 1893 τὴν
1769 1822 1870 1891 τῆς

1976 1828 2134 1899 piunt
2163 1844 2226 1884 ea
2246 1844 2369 1900 qua:
2391 1828 2555 1884 Mosis
2585 1837 2716 1884 sunt
2762 1828 2948 1900 populi
2984 1827 3296 1884 Iudaeorum
3340 1834 3559 1882 sanctos

278 1901 543 1975 ἀληθείας
574 1905 893 1975 ἐπίγνωσιν,
929 1909 991 1963 οὐ
1021 1909 1110 1963 διὰ
1140 1911 1387 1975 Μωσέως
1421 1911 1454 1984 ἢ
1483 1912 1673 1985 νόμου,
1709 1913 1869 1968 δυνά-

281 2011 374 2064 μει
394 1995 451 2049 δὲ
477 1997 683 2067 μᾶλλον
709 2000 777 2071 τῇ
804 2000 898 2075 τοῦ
925 2000 1063 2055 Θεοῦ
1088 2002 1182 2056 καὶ
1210 2002 1445 2074 Πατρὸς,
1463 2004 1871 2060 ἀποκαλύπτον-

276 2103 369 2151 τος
391 2090 507 2152 τοῖς
534 2090 824 2158 ἀγνοοῦσιν
857 2092 1024 2146 αὐτοῦ
1059 2093 1159 2167 τὴν
1188 2094 1328 2149 ἰδίαν
1374 2096 1582 2163 εἰκόνα,
1616 2099 1868 2154 τουτέστι

278 2178 370 2232 τὸν
415 2179 566 2235 Υίόν·
611 2183 986 2263 κεκλημένους
1016 2185 1072 2239 δὲ
1106 2186 1201 2240 καὶ
1244 2187 1436 2256 ἁγίους
1481 2188 1652 2242 ἐτίθει
1699 2207 1868 2244 κατα-

278 2271 453 2342 χρίων
495 2272 575 2344 τῷ
619 2274 913 2346 πνεύματι.
960 2278 1071 2331 Καὶ
1112 2275 1339 2347 ζηλοῦσι
1393 2278 1493 2349 μὲν
1534 2280 1584 2333 οί
1615 2281 1672 2332 ὲν
1717 2281 1869 2352 νόμῳ

276 2364 407 2428 τοὺς
453 2366 514 2419 ὲν
557 2366 783 2438 Χριστῷ
821 2367 915 2422 καὶ
949 2368 1008 2421 ὲν
1052 2368 1235 2423 πίστει
1284 2369 1746 2442 δεδικαιωμένους
1774 2372 1869 2426 καὶ

278 2456 653 2529 ἡγιασμένους
694 2459 753 2512 ἐν
790 2458 1083 2530 πνεύματι.
1118 2459 1267 2532 Πλὴν
1311 2460 1569 2534 ἐγεγήθει
1608 2464 1637 2517 6
1662 2463 1867 2534 Μωσῆς

277 2549 649 2620 προεγνωκὼς
688 2551 750 2604 τὸ
790 2552 1113 2623 μυστήριον.
1160 2553 1372 2608 Οὐκοῦν
1410 2553 1472 2607 ού
1515 2554 1870 2627 φρονοῦσιτὰ

275 2640 547 2706 Μωσέως,
582 2640 871 2715 ζηλοῦντες
903 2644 1125 2708 ἀτόπως
1153 2645 1281 2710 τοὺς
1321 2645 1514 2715 ἁγίους
1555 2648 1617 2701 ὲν
1644 2647 1869 2720 Χριστῷ

276 2731 387 2787 τῶν
436 2733 710 2789 Ἰουδαίων
756 2737 806 2788 οἱ
844 2734 1031 2807 δῆμοι.
1090 2737 1605 2811 ’Δναμηρυσάμενοι
1657 2740 1722 2812 δὴ
1772 2735 1868 2796 οῦν

274 2823 471 2894 ὥσπερ
499 2827 577 2889 είς
604 2827 667 2880 τὺ
693 2827 753 2879 ὲν
787 2827 983 2897 ἀρχαῖς
1003 2827 1095 2881 τὸν
1119 2827 1303 2896 λόγον,
1327 2829 1505 2883 ἐκεῖνό
1529 2847 1730 2903 φαμεν·
1777 2833 1867 2887 Ἐν

278 2916 376 2985 μὶν
401 2915 486 2987 τῷ
511 2917 714 2988 πρώτῳ
740 2917 1019 2989 κεφαλαίῳ
1042 2918 1372 2975 διεδείκνυτο
1404 2907 1613 2991 σαφῶς,
1637 2922 1719 2977 ὅτι
1744 2941 1871 2996 σαρ-

274 3007 431 3071 κικὸς
470 3007 575 3079 μὲν
602 3007 683 3062 ἔτι
708 3009 817 3062 τῶν
849 3008 1121 3065 Ἰουδαίων
1141 3011 1170 3065 6
1208 3011 1401 3083 δῆμος.
1440 3012 1670 3084 Ἕτερος
1687 3014 1746 3069 δὲ
1774 3016 1869 3070 καὶ

273 3102 626 3174 άγιοπρεπὴς
655 3102 750 3156 καὶ
780 3102 1020 3173 ἀμείνων
1048 3102 1267 3175 άληθῶς
1293 3105 1322 3158 6
1347 3104 1456 3159 τῶν
1480 3107 1538 3159 ὲν
1569 3107 1750 3161 πίστει
1774 3108 1869 3162 καλ⁸

1974 1920 2182 1977 Christi
2232 1920 2576 1977 simulantes.
2608 1919 2952 1978 Revocantes
3007 1920 3192 1991 itaque
3243 1933 3555 1974 sermonem

1975 2013 2043 2069 ad
2076 2013 2129 2068 id
2178 2013 2327 2084 quod
2359 2011 2520 2068 initio
2556 2011 2873 2084 agebatur,.
2908 2011 3350 2082 dicimus'primo
3377 2010 3556 2082 capite

1975 2115 2164 2176 aperte
2197 2114 2478 2161 ostensum
2520 2118 2647 2159 esse
2683 2103 2829 2174 quod
2866 2103 3183 2160 Judaeorum
3229 2101 3464 2172 populus
3482 2100 3566 2159 sit.

1975 2194 2230 2251 carnalis.
2264 2194 2528 2249 Diversus
2558 2201 2742 2249 autem
2759 2209 2825 2249 ac
2851 2209 3061 2250 revera.
3083 2193 3285 2247 melior
3325 2192 3419 2247 ille
3459 2190 3556 2262 qui

1976 2287 2031 2343 in
2057 2285 2164 2343 ﬁde
2216 2286 2357 2342 etin
2394 2286 2812 2358 Christo,.quia
2864 2284 3002 2341 illud
3049 2283 3310 2341 sensibile
3356 2297 3557 2340 manna

1974 2379 2337 2435 adumbrabat
2387 2389 2444 2436 et
2492 2388 2680 2452 typum
2714 2378 2941 2453 gerebat
3002 2376 3274 2433 donorum
3329 2373 3554 2432 Christi.

1975 2470 2271 2529 Docuimus
2301 2480 2567 2543 praeterea
2592 2470 2740 2543 quod
2772 2471 2824 2527 si
2838 2469 2977 2542 legis
3003 2468 3229 2524 umbras
3276 2482 3560 2523 servemus

1974 2564 2140 2619 etiam
2185 2574 2307 2634 post
2335 2572 2551 2634 tempus
2594 2562 2729 2634 ipsis
2779 2561 3149 2624 conveniens,
3215 2559 3561 2617 oil'endemus

1974 2656 2170 2720 Deum,
2199 2654 2405 2710 sanctis
2439 2670 2572 2710 vero
2594 2654 2730 2725 ipsis
2742 2653 2917 2710 odiosi
2943 2651 3346 2708 sumus-futuri.
3377 2648 3561 2720 Siqui-

1975 2744 2101 2800 dem
2152 2754 2210 2800 et
2260 2744 2442 2800 Moses
2486 2744 2604 2815 ipse
2642 2742 2939 2799 iratusfuit
2968 2741 3051 2797 eis
3086 2740 3560 2812 qui'rcservareut

1976 2852 2175 2893 manna
2198 2836 2254 2891 in
2278 2835 2607 2892 crastinum.
2631 2835 2692 2890 In
2712 2832 3114 2907 posterioribus
3144 2840 3328 2887 autem
3357 2827 3557 2900 capiti-

1976 2928 2081 2986 bus
2106 2929 2212 2985 hoc
2227 2942 2394 2983 unum
2425 2935 2511 2983 est
2535 2926 2745 2991 videre,
2784 2924 2933 2996 quod
2969 2923 3146 2981 Judaei
3196 2928 3557 2978 contemnen-

1976 3028 2060 3075 tes
2107 3018 2391 3088 spirituale
2418 3032 2639 3081 manna,
2686 3024 2850 3086 atque
2883 3022 3199 3072 avertentes
3223 3027 3280 3067 se
3307 3027 3343 3066 a
3392 3009 3561 3065 rebus

1976 3108 2293 3164 cmlestibus
2313 3122 2412 3179 per
2432 3105 2713 3163 Christum
2739 3105 2959 3171 oblatis,
2990 3103 3198 3160 addicti
3229 3118 3362 3159 vero
3374 3101 3561 3173 potius

273 3196 330 3249 iv
357 3195 610 3266 Χριστῷ,
641 3196 736 3250 καὶ
755 3198 837 3252 ὅτι
875 3199 1034 3253 σκιὰν
1060 3198 1299 3270 ἐπλήρου
1329 3201 1424 3253 καί
1445 3200 1616 3255 τύπον
1645 3188 1753 3256 τῶν
1775 3202 1865 3256 διὰ

1976 3200 2206 3258 terrenis
2227 3208 2284 3257 et
2314 3175 2754 3270 intemperanter
2771 3198 2940 3256 tetris
2963 3195 3361 3267 voluptatibus.
3390 3192 3556 3260 aﬂixi,

273 3284 523 3358 Χριστοῦ
556 3285 913 3357 χαρισμάτων
936 3287 998 3342 τὸ
1027 3289 1204 3360 μάννα
1248 3288 1309 3342 τὸ
1340 3288 1618 3360 αἰσθητόν.
1663 3288 1866 3343 Ἐδιδα-

274 3378 533 3450 σκόμεθα
561 3379 619 3432 δὲ
658 3380 794 3450 πρὸς
830 3379 1063 3444 τούτοις,
1098 3381 1182 3435 ὃτι
1223 3381 1320 3435 ὲάν
1364 3379 1464 3444 τὰς
1490 3381 1656 3452 νόμου
1705 3380 1866 3445 σκιὰς

273 3472 366 3523 καὶ
396 3472 546 3541 μετά
567 3471 759 3541 χρόνον
790 3473 982 3537 αὑταῖς
1028 3472 1249 3544 Eretum:
1286 3473 1671 3544 φυλάττωμεν,
1702 3490 1870 3545 προσ-

1970 3291 2173 3364 insigni
2203 3290 2357 3346 clade
2397 3288 2680 3361 perierint.
2727 3287 2897 3360 296
2927 3286 3228 3359 Oportebat
3257 3284 3405 3341 enim
3444 3298 3561 3338 om—

1971 3383 2105 3438 nino
2127 3382 2341 3454 potiora
2354 3382 2559 3437 habere
2582 3380 2789 3446 divina,
2815 3388 2873 3436 et
2892 3379 3000 3436 tlde
3026 3377 3284 3451 amplecti
3310 3376 3558 3432 omnium

1966 3481 2219 3527 nostrum
2273 3472 2611 3528 Salvatorem
2652 3487 2719 3527 ac
2772 3471 3220 3542 Redemptorem,
3277 3466 3559 3523 Christum

272 3561 592 3632 κρούσομεν
634 3562 714 3633 τῷ
758 3562 910 3633 Θεῷ,
968 3563 1209 3634 ισόμεθα
1259 3562 1317 3617 δὲ
1370 3562 1466 3616 καὶ
1518 3562 1703 3628 αὐτοῖς
1756 3566 1870 3628 τοῖς

1976 3562 2216 3634 inquam,
2247 3579 2347 3634 per
2375 3578 2540 3635 quem
2578 3571 2635 3618 et
2665 3578 2792 3618 cum
2826 3578 2937 3634 quo
2966 3560 3144 3634 gloria
3163 3560 3278 3614 Deo
3323 3573 3388 3613 ac
3406 3555 3557 3613 Patri

274 3652 458 3720 ἁγίοις
501 3652 910 3724 ἀπηχθημένοι.
957 3653 1435 3725 Κατεπικραίνετο
1477 3653 1587 3725 γὰρ
1628 3654 1722 3708 ἐπὶ
1758 3656 1870 3719 τοῖς

1976 3670 2097 3711 cum
2148 3663 2338 3713 sancto
2370 3655 2581 3726 Spiritu
2630 3670 2778 3711 nunc
2799 3662 2857 3711 et
2893 3669 3115 3724 semper
3171 3657 3227 3707 et
3256 3651 3313 3706 in
3361 3647 3560 3704 saecula

272 3743 613 3814 τετηρηκόσι
639 3743 699 3796 τὸ
724 3744 898 3811 μάννα
926 3744 954 3797 6
978 3743 1203 3814 Μωσῆς.
1249 3743 1339 3798 Ἐν
1363 3744 1420 3798 δὲ
1450 3747 1564 3810 τοῖς
1594 3744 1870 3816 δευτέροις

1976 3747 2322 3802 seculorum.
2352 3747 2544 3802 Amen.

272 3836 490 3892 ἔνεστιν
538 3838 702 3904 ἰδεῖν,
752 3838 835 3892 ὅτι
879 3838 943 3892 τὸ
984 3840 1160 3909 μάννα
1193 3839 1255 3894 τὸ
1296 3842 1487 3913 νοητὸν
1516 3841 1876 3911 ἀτιμάζοντες
1921 3841 2191 3908 Ἰουδαῖοι,
2236 3842 2329 3896 καὶ
2394 3842 2903 3907 ἀποσπουδάζοντες
2950 3839 3051 3911 μὲν
3090 3838 3160 3891 τὰ
3197 3835 3403 3891 ἀνωθεν
3464 3835 3557 3887 καὶ

272 3932 360 3986 διὰ
394 3931 672 4003 Χριστοῦ,
706 3934 1166 4005 προσκεκλιμένοι
1199 3934 1257 3988 δὲ
1293 3935 1486 4006 ὥσπερ
1547 3936 1660 3998 τοῖς
1702 3933 2120 4007 γεωδεστέροις,
2168 3937 2259 3990 καὶ
2325 3935 2635 4000 νενευκότες
2681 3935 2933 4008 ἀμέτρως
3003 3933 3098 3986 ἐπὶ
3160 3929 3260 3994 τὰς
3301 3928 3556 3992 δυσώδεις

270 4024 510 4092 ἡδονὰς,
560 4025 849 4097 ἐπισήμως
909 4026 1250 4082 διολώλασιν.
1294 4028 1443 4082 Ἔδει
1487 4028 1598 4099 γὰρ
1647 4029 1864 4092 πάντως
1901 4028 2156 4098 ἡγεῖσθαι
2189 4028 2288 4099 μὲν
2352 4029 2410 4080 ἐν
2440 4027 2690 4098 ἀμείνοσι
2737 4025 2807 4080 τὰ
2844 4025 2997 4097 παρά
3031 4022 3191 4088 Θεοῦ,
3259 4020 3560 4091 στεφανοῦ-

271 4119 402 4174 σθαι
439 4119 501 4173 δὲ
542 4122 611 4190 τῇ
651 4119 832 4173 πίστει
871 4118 961 4174 τὸν
992 4121 1247 4185 ἁπάντων
1292 4121 1446 4192 ήμῶν
1495 4121 1724 4193 Σωτῆρα
1770 4121 1865 4175 καὶ
1902 4120 2235 4192 Λυτρωτὴν,
2277 4122 2422 4192 φημὶ
2488 4119 2554 4191 δὴ
2622 4119 2876 4191 Χριστόν’
2916 4117 2984 4171 δι’
3020 4110 3081 4173 οὗ
3109 4115 3204 4174 καὶ
3243 4114 3362 4186 μεθ’
3394 4107 3456 4167 οῦ
3485 4106 3560 4191 τῷ

266 4211 395 4281 Θεῷ
426 4212 526 4265 καὶ
557 4211 791 4282 Πατρὶή
825 4210 955 4279 δόξα
986 4213 1084 4267 σὺν
1130 4212 1270 4284 ἁγίῳ
1300 4212 1581 4285 Πνεύματι
1623 4214 1704 4277 είς
1739 4213 1866 4278 τοὺς
1904 4212 2125 4278 αίῶνας.
2163 4213 2359 4285 Ἀμήν.
2867 4243 2875 4254 ν

267 4330 417 4400 Περὶ
445 4327 572 4383 τῶν
602 4327 699 4382 διὰ
725 4326 985 4393 Μωσέως
1016 4328 1354 4397 γεγονότων
1383 4326 1562 4395 τριῶν
1579 4327 1865 4396 annalem.

338 4428 417 4478 α’.
456 4422 575 4494 Τὴν
621 4420 719 4491 μὲν
763 4420 949 4486 θείαν,
996 4419 1122 4491 ἥτις
1171 4419 1290 4472 ποτ’
1333 4421 1485 4474 ἐστὶν
1520 4418 1867 4490 καταθρῆσαι

2179 4324 2259 4380 De
2287 4326 2451 4380 tribus
2471 4342 2504 4379 a
2534 4324 2678 4381 Haec
2730 4324 2956 4395 patratis
2991 4321 3343 4378 admirandis.

2042 4418 2094 4473 l.
2111 4417 2385 4483 Divinam,
2406 4416 2584 4488 qualis
2603 4432 2667 4473 ea
2686 4415 2779 4481 sit,
2803 4421 3057 4470 naturam
3079 4413 3389 4484 perspicere
3408 4429 3558 4475 mor.

265 4514 466 4587 φύσιν,
492 4513 597 4566 οὐκ
625 4511 691 4565 ἂν
717 4510 934 4565 δύναιτό
957 4528 1065 4573 τις.
1107 4511 1388 4575 Ἀποπτος
1412 4510 1522 4584 γὰρ
1564 4509 1868 4575 παντελῶςι

1976 4508 2166 4565 talium
2188 4522 2352 4563 nemo
2366 4514 2563 4578 potest.
2579 4502 2991 4576 lnaspectabilis
3000 4502 3147 4557 enim
3161 4502 3563 4572 penitus,lnen-

264 4607 365 4661 καὶ
402 4605 516 4676 μὴν
558 4605 654 4657 καὶ
696 4601 954 4656 ἐπέκεινα
986 4601 1079 4655 νοῦ
1111 4602 1335 4666 παντὸς,
1370 4603 1465 4656 καὶ
1512 4601 1672 4671 λόγου
1708 4600 1868 4656 δύνα-

269 4702 368 4770 μιν
398 4694 803 4765 ὑπερφέρεται’
837 4693 972 4765 μόνη
1003 4693 1061 4747 δὲ
1107 4694 1214 4747 ὑπὸ
1254 4694 1424 4764 μόνης
1457 4694 1660 4765 ἑαυτῆς
1700 4692 1868 4763 γινώυ

264 4806 496 4844 σκεται.
551 4787 665 4841 Καὶ
725 4786 925 4863 πεύσει.
980 4785 1045 4858 δὴ
1096 4785 1258 4845 τοῦτο
1319 4785 1551 4856 βοῶντος
1604 4787 1866 4858 Χριστοῦ*

268 4902 289 4933 ι
331 4882 533 4944 Οὐδεὶς
566 4878 679 4949 γὰρ
712 4873 851 4936 οἶδε.
888 4878 1054 4950 φησὶ,
1086 4878 1170 4943 τίς
1200 4879 1350 4932 ἐστιν
1377 4879 1406 4931 ὁ
1447 4879 1604 4945 Υἱὸς,
1643 4881 1693 4932 εἰ
1739 4879 1814 4951 μὴ
1842 4880 1871 4933 6

262 4976 490 5049 Πατήρ·
521 4974 649 5029 οὐδὲ
687 4974 781 5027 τὸν
807 4973 1026 5045 Πατέρα
1060 4991 1145 5038 τις
1191 4974 1546 5042 ἐπιγινώσκει
1588 4972 1674 5037 τίς
1699 4975 1868 5037 ἐστιν,

261 5073 311 5123 εἰ
340 5070 426 5140 μὴ
446 5072 477 5122 ὁ
502 5067 655 5131 Υίδς,
679 5067 773 5119 καὶ
798 5063 842 5135 ᾧ
865 5066 933 5120 ἂν
956 5065 1214 5138 βούληται
1236 5067 1264 5119 6
1290 5065 1419 5130 Υἱὸς
1442 5064 1814 5136 ἀποκαλύψαι.
1843 5084 1861 5116 ι

271 5158 579 5225 Παρέδειξε
607 5156 786 5211 τοίνυν
817 5159 948 5229 ἡμῖν
977 5158 1037 5212 τὸ
1064 5156 1342 5229 ἐξαίρετον
1376 5158 1573 5222 κάλλος
1602 5156 1698 5212 τοῦ
1730 5156 1867 5212 Θεοῦ

259 5253 361 5303 καὶ
394 5248 644 5319 [lat-96;,
681 5249 711 5301 6
740 5248 1083 5321 Μονογενὴς,
1133 5249 1327 5304 ἑαυτὸν
1373 5248 1562 5320 ὥσπερ
1609 5247 1872 5320 λαμπρὰν

252 5342 498 5405 ἀναθεὶς
521 5339 732 5394 εἰκόνα.
760 5340 1052 5413 Τοιγάρτοι
1082 5341 1266 5414 φησίν·
1308 5360 1327 5392 ι
1373 5339 1432 5394 Ὀ
1456 5338 1717 5409 ἑωρακὼς
1748 5340 1869 5411 ἐμὲ,

256 5434 495 5506 ἑώρακε
534 5432 629 5486 τόν
672 5431 916 5503 Πατέρα.
954 5451 973 5484 ι
1013 5433 1337 5504 Τεθεάμεθα
1375 5432 1432 5487 δὲ
1470 5432 1562 5486 τὸν
1597 5432 1747 5497 Υῑδν,
1775 5432 1873 5487 καὶ

251 5528 375 5592 τοῖς
433 5526 542 5594 τῆς
585 5522 816 5593 καρδίας
865 5523 1145 5595 ὄμμασιν,
1201 5522 1300 5578 καὶ
1331 5525 1443 5587 τοῖς
1493 5522 1593 5593 τῆς
1642 5522 1868 5594 σαρκὸς,

255 5616 345 5670 ire
378 5614 585 5677 καθεὶς
622 5614 817 5668 ἑαυτὸν
850 5617 927 5680 εἰς
969 5616 1220 5683 κένωσιν,
1256 5614 1637 5686 καταϐέϐηκεν
1666 5616 1725 5669 ὲν
1760 5615 1870 5678 τοῖς

1975 4608 2198 4671 temque
2219 4615 2438 4655 omnem
2461 4606 2519 4654 et
2547 4597 2817 4653 rationem
2837 4593 3087 4652 excedit:
3106 4595 3221 4651 sola
3241 4594 3448 4667 quippe
3469 4610 3560 4653 se—

1974 4692 2149 4762 ipsam
2170 4691 2432 4747 divinitas
2447 4688 2747 4763 cognoscit.
2774 4687 2961 4743 Fidem
2981 4686 3146 4759 hujus
3161 4686 3240 4744 rei
3268 4685 3450 4745 facere
3466 4702 3564 4759 pe-

1977 4790 2084 4840 test
2104 4783 2193 4838 illa
2212 4782 2416 4840 Christi
2430 4781 2786 4838 exclamatio:
2814 4801 2833 4832 ι
2859 4780 3033 4836 Nemo
3045 4779 3435 4846 novitFilium,
3453 4779 3559 4836 nisi

1978 4874 2173 4941 Pater;
2205 4889 2386 4943 neque
2424 4872 2639 4928 Patrem
2680 4869 2807 4940 quis
2834 4869 3010 4934 novit,
3038 4869 3144 4924 nisi
3174 4869 3368 4933 Filius,
3393 4869 3559 4924 etcui

1978 4965 2218 5021 voluerit
2246 4965 2422 5020 Filius
2449 4963 2697 5019 revelare
2735 4963 2803 5018 ’9.
2846 4980 2865 5013 ι
2902 4959 3156 5017 Ostendit
3187 4960 3374 5030 itaque
3401 4959 3561 5015 nobis

1975 5056 2233 5113 eximiam
2266 5057 2363 5112 Dei
2386 5071 2450 5111 ac
2481 5055 2662 5113 Patris
2691 5051 3161 5125 pulchritudinem
3198 5050 3558 5124 Unigenitus,

1978 5148 2219 5218 seipsum
2245 5148 2410 5204 veluti
2438 5146 2782 5218 splendidam
2810 5151 3211 5214 repraesentans
3239 5143 3557 5215 imaginem.

1980 5240 2069 5296 Ait
2091 5239 2239 5295 enim
2265 5258 2277 5294 :
2306 5261 2324 5292 ι
2354 5240 2459 5308 Qui
2484 5239 2636 5296 videt
2652 5254 2764 5305 me,
2780 5237 2933 5293 videt
2958 5245 3016 5291 et
3036 5237 3254 5293 Patrem
3279 5237 3518 5292 meum'.
3534 5255 3553 5288 ›

1979 5331 2232 5386 Vidimus
2269 5331 2469 5387 Filium
2530 5331 2706 5387 oculis
2757 5344 2885 5385 cum
2921 5330 3127 5396 cordis,
3182 5337 3299 5386 tum
3354 5329 3558 5393 carnis,

1979 5425 2273 5497 quandose
2300 5426 2417 5497 ipse
2437 5421 2743 5480 exinanivit
2765 5423 2807 5488 ’,
2825 5436 2994 5491 seque
3014 5422 3083 5479 ad
3100 5430 3294 5478 nostra
3308 5420 3560 5478 demisit:

1978 5526 2037 5574 et
2074 5517 2300 5590 quidem
2335 5518 2390 5572 in
2444 5515 2625 5571 forma
2662 5519 2720 5569 et
2768 5512 3082 5583 mqualitate
3130 5513 3231 5569 Dei
3254 5528 3322 5569 ac
3383 5511 3563 5568 Patris

1977 5613 2251 5669 exsistens
2276 5612 2443 5677 Deus,
2471 5616 2774 5678 naturaque
2803 5620 2869 5662 ex
2894 5606 3013 5677 ipso
3050 5607 3289 5679 genitus.
3346 5603 3560 5662 Barucli

320 5794 376 5827 "
419 5793 598 5848 Num.
641 5807 716 5856 τι,
758 5792 847 5847 29.
927 5795 970 5826 ’³
1000 5793 1189 5849 Matth.
1224 5810 1295 5853 xi.
1326 5794 1419 5848 93'.
1518 5795 1532 5825 ¹
1566 5792 1724 5849 Joan.
1759 5808 1868 5858 xxv,

2030 5793 2048 5823 ’
2080 5789 2280 5859 Philip.
2309 5806 2367 5857 ιι,
2407 5790 2471 5845 7.-
