4022 6198
292 321 391 380 169

1310 317 1829 376 οιΑΡιιῑιιοιιυΜ
1869 318 1936 374 IN
1976 317 2260 374 EXODUM
2301 316 2428 372 LIB.
2466 317 2530 372 11.

3467 319 3572 374 8⁸10

291 435 452 507 ἡνίκα
479 429 918 501 ἀναγινώσκεται
945 425 1174 502 Μωσῆξ,
1202 431 1465 504 κάλυμμα
1492 433 1585 486 ἐπὶ
1612 432 1714 501 τὴν
1742 449 1877 504 καρ-

1997 431 2203 500 gloriam
2227 429 2445 484 Domini
2483 427 2829 499 speculamur
2852 428 2936 483 “2
2961 445 2977 478 ι
3005 458 3075 467 -
3095 446 3114 479 ι
3143 425 3316 498 lgitur
3353 429 3572 499 avertit,

290 527 407 579 δίαν
437 521 619 577 αὐτῶν
643 523 840 576 κεῖται.
889 522 1081 576 Ἦνίκα
1109 523 1166 575 δὲ
1188 521 1252 577 ἂν
1276 524 1578 596 ἐπιστρέψῃ
1608 524 1744 596 πρὸς
1772 523 1883 576 Κύ-

294 633 429 688 ριον,
483 615 852 685 περιαιρεῖται
892 613 956 668 τὸ
1007 613 1292 685 κάλυμμα.
1355 616 1412 669 '0
1441 616 1497 668 δὲ
1546 615 1775 686 Κύριος,
1822 615 1883 668 τὸ

292 705 518 776 Πνεῦμά
543 707 718 759 ἐστιν·
736 700 797 759 οῦ
814 705 873 758 δὲ
896 705 1120 775 Πνεῦμα
1140 707 1368 778 Κυρίου,
1393 709 1510 760 ἐκεῖ
1535 707 1828 778 ἐλευθερία.
1859 727 1877 761 ι

303 799 495 868 Ἡμεῖς
514 798 571 851 δὲ
586 800 634 850 oi
659 798 1068 862 πιστεύσαντες,
1092 800 1193 852 οὐκ
1221 800 1598 870 εύλαϐούμεθα
1622 802 1884 855 καταϐλέ-

289 890 386 960 ψαι
409 888 642 942 ἐνώπιον
661 888 755 942 τοῦ
773 887 931 952 Θεοῦ,
963 889 1080 942 ἀλλ’
1111 885 1326 966 ᾖπάλιν
1355 892 1514 956 αὐτὸς
1539 894 1566 944 6
1595 892 1883 956 Θεσπέσιος

292 979 394 1050 ἔφη
425 980 638 1043 Παῦλος
665 995 679 1010 ·
718 998 737 1031 ι
787 978 1323 1052 Ἀνακεκαλυμμένῳ
1352 981 1628 1054 προσώπῳ
1661 985 1760 1052 τὴν
1788 983 1878 1035 66-

293 1069 386 1134 ξαν
418 1070 628 1141 Κυρίου
668 1068 1168 1141 κατοπτριζόμεθα.
1212 1073 1572 1144 Ἀποστρέφει
1601 1074 1784 1126 τοίνυν
1822 1073 1887 1126 τὸ

291 1162 586 1233 πρόσωπον
630 1161 856 1232 Μωσῆς.
899 1177 918 1213 ι
981 1157 1114 1214 Εἶτα
1157 1163 1252 1215 τοῦ
1301 1161 1438 1215 Θεοῦ
1469 1163 1751 1231 λέγοντος,
1800 1164 1882 1216 ὅτι

294 1254 563 1324 προσήκει
600 1251 840 1322 βαδίζειν
873 1252 1036 1306 αὐτὸν
1064 1251 1202 1322 ὁμοῦ
1231 1256 1296 1324 τῇ
1329 1253 1590 1324 γερουσίᾳ
1617 1254 1726 1307 τῶν
1754 1254 1886 1307 υίῶν

306 1342 522 1414 Ἰσραὴλ
546 1343 683 1412 πρὸς
729 1343 823 1396 τὸν
861 1343 1206 1414 ἀπόπληκτον
1249 1343 1450 1415 Φαραὼ
1471 1385 1485 1410 ,
1521 1346 1886 1418 σαφηνιοῦντα

294 1434 376 1487 δτι
410 1433 824 1505 προσκέκληται
850 1435 879 1487 6
911 1433 1045 1498 Θεὸς
1079 1436 1204 1498 τοὺς
1228 1435 1286 1501 ἐξ
1331 1435 1568 1506 Ἰσραὴλ,
1597 1438 1686 1490 ἵνα
1718 1437 1886 1493 θύσω-

295 1541 377 1578 σιν
401 1523 554 1594 αύτῷ
589 1525 730 1577 κατά
758 1524 860 1597 τὴν
882 1525 1107 1596 ἔρημον·
1139 1527 1469 1598 προσθέντος
1503 1527 1558 1580 δὲ
1593 1529 1675 1581 ὅτι
1703 1529 1886 1600 δεήσει

293 1616 588 1670 σκυλεῦσαι
609 1617 736 1680 τοὺς
760 1616 1110 1685 Αἰγυπτίους,
1139 1619 1437 1689 δεχομένης
1459 1619 1714 1686 γυναικὸς
1737 1621 1888 1692 παρὰ

290 1708 533 1774 γείτονος
581 1709 676 1761 καὶ
730 1709 1001 1778 συσκήνω
1059 1710 1232 1780 αὐτῆς
1291 1709 1459 1782 σκεύη
1523 1712 1744 1783 ἀργυρᾶ
1795 1713 1886 1766 καὶ

291 1801 500 1872 χρυσᾶ,
551 1801 645 1853 καὶ
709 1801 1055 1871 ίματισμόνί
1080 1781 1601 1876 Ἀπεκρίθη,ιρησὶν,
1629 1806 1656 1856 6
1677 1781 1884 1875 Μωσῆς
1921 1781 1964 1839 Β

292 1888 389 1943 καὶ
435 1884 612 1941 εἶπεν·
675 1889 802 1942 Ἐάν
840 1889 898 1943 δὲ
933 1890 1010 1961 μὴ
1044 1892 1374 1944 πιστεύσωσι
1399 1935 1413 1954 ,
1471 1892 1606 1964 μηδὲ
1637 1893 1890 1946 εἰσακού-

299 1996 436 2033 σωσι
497 1981 598 2050 τῆς
639 1980 826 2051 φωνῆς
861 1999 961 2053 μου
1011 1983 1216 2054 (ἐροῦσι
1251 1984 1381 2057 γάρ,
1425 1986 1508 2038 ὅτι
1554 1987 1666 2038 Ούκ
1711 1979 1890 2039 ὦπταί

294 2091 378 2126 σοι
412 2075 441 2126 6
471 2073 656 2138 Θεὸς),
686 2073 740 2127 τί
772 2075 883 2145 ἐρῶ
906 2076 1046 2146 πρὸς
1081 2077 1299 2140 αύτούςς
1333 2072 1468 2130 Elite
1499 2078 1556 2131 δὲ
1592 2079 1743 2148 αύτῷ
1778 2079 1892 2132 Κύ-

302 2183 432 2236 pm;-
465 2167 531 2218 Τί
558 2166 718 2220 τοῦτο
745 2168 803 2220 ὲν
833 2170 898 2238 τῇ
922 2167 1066 2238 χειρί
1093 2185 1186 2222 σου
1212 2187 1226 2233 ;
1265 2169 1324 2222 Ὀ
1346 2169 1401 2222 δὲ
1425 2165 1599 2222 εἶπεν·
1640 2168 1884 2233 Ῥάϐδος.

294 2259 404 2312 Καὶ
421 2254 559 2311 εἷπε
595 2259 781 2329 Ῥίψον
793 2260 961 2331 αὐτὴν
978 2261 1069 2314 ἐπὶ
1083 2260 1180 2330 τὴν
1208 2263 1330 2332 γῆν.
1353 2263 1462 2316 Καὶ
1479 2261 1700 2333 ἕρῥιψεν
1718 2263 1889 2332 αὐτὴν

295 2350 388 2403 ἐπὶ
433 2351 534 2420 τὴν
563 2353 668 2421 γῆν
697 2353 793 2405 καὶ
823 2353 1044 2421 ἐγένετο
1065 2353 1208 2422 ὄφις,
1237 2355 1332 2406 καὶ
1367 2353 1534 2423 ἔφυγε
1559 2357 1764 2425 Μωσῆς
1789 2358 1884 2410 ἀπ’

297 2436 488 2490 αὑτοῦ.
530 2440 638 2492 Καὶ⁸
676 2436 795 2494 εἷπε
831 2442 1034 2512 Κύριος
1081 2444 1215 2514 πρὸς
1245 2443 1431 2497 αὐτόν*
1473 2445 1751 2499 Ἔκτεινον
1785 2447 1886 2514 τὴν

293 2528 455 2599 χεῖρά
480 2545 574 2583 σου
593 2571 606 2595 ,
655 2532 748 2585 καὶ
773 2533 1034 2586 ἐπιλαϐοῦ
1073 2537 1173 2605 τῆς
1199 2534 1424 2605 κέρκου.
1486 2535 1764 2600 Ἐκτείνας
1795 2533 1887 2591 οὖν

291 2620 390 2682 τὴν
421 2622 604 2691 χεῖρα,
632 2623 928 2676 ἐπελάϐετο
950 2622 1048 2691 τῆς
1077 2625 1298 2696 κέρκου,
1332 2625 1425 2678 καὶ
1452 2625 1669 2694 ἐγένετο
1693 2627 1888 2696 ῥάϐδος

292 2710 350 2762 iV
383 2713 452 2782 τῇ
489 2715 633 2783 χειρὶ
659 2713 847 2768 αὑτοῦ·
887 2715 972 2768 ἵνα
1004 2715 1337 2770 πιστεύσωσί
1367 2735 1448 2772 σοι
1479 2721 1560 2773 ὅτι
1587 2714 1768 2774 ὦπταί
1804 2736 1886 2772 σοι

292 2800 503 2872 Κύριος
529 2807 557 2857 6
580 2805 712 2870 Θεὸς
738 2806 848 2860 τῶν
883 2809 1136 2880 πατέρων
1164 2827 1280 2872 σου,
1315 2810 1446 2874 Θεὸς
1488 2811 1760 2882 Ἀϐραὰμ,
1791 2812 1886 2864 καὶ

291 2892 427 2956 Θεὸς
451 2893 637 2949 Ἰσαάκ
657 2897 751 2950 καὶ
765 2897 899 2961 Θεὸς
913 2898 1128 2956 Ἰακώϐ.
1143 2920 1162 2951 ι
1181 2900 1402 2955 Ἐδεδίει
1429 2901 1526 2972 μὲν
1547 2902 1657 2971 γὰρ
1683 2900 1885 2971 Μωσῆς

1985 523 2189 592 inquit,
2226 522 2439 589 {faciem
2467 535 2623 576 suam
2657 520 2851 575 Moses.
2889 539 2906 572 ι
2942 520 3054 575 Deo
3091 519 3296 575 dehinc
3333 520 3574 578 dicente.

1983 612 2450 684 proficiscendum
2479 611 2558 666 illi
2584 627 2709 666 cum
2738 611 3054 666 senioribus
3086 611 3279 681 populi
3315 610 3479 665 Israel
3509 609 3577 664 ad

1985 705 2323 759 Pharaonem
2369 712 2580 759 terrore
2621 718 2965 774 percussum,
2999 702 3382 758 denuntiando
3441 716 3574 756 evo-

1989 797 2102 852 cari
2126 813 2156 851 a
2193 797 2305 852 Deo
2334 797 2608 852 lsraelitas
2633 803 2692 850 ut
2719 795 3030 851 sacrificent
3070 795 3174 864 ipsi
3216 795 3272 848 in
3306 793 3527 848 deserto
3557 810 3570 846 :

1985 886 2280 942 mandante
2307 888 2472 942 etiam
2496 885 2781 958 Egyptios
2803 886 3121 956 exspoliari,
3167 885 3335 954 298
3383 884 3574 938 uxori-

1986 978 2090 1035 bus
2111 994 2301 1035 eorum
2332 996 2364 1035 a
2387 980 2584 1036 vicinis
2599 989 2656 1035 et
2673 979 3177 1036 contubernalibus
3196 993 3326 1032 vasa
3377 992 3578 1048 argen-

1985 1082 2092 1139 tea,
2119 1083 2176 1130 et
2196 1073 2376 1128 discos
2401 1088 2603 1128 aureos
2627 1088 2691 1128 ac
2721 1071 3050 1127 vestimenta
3104 1067 3512 1139 accipientibus
3560 1083 3576 1122 :

1994 1184 2012 1216 ι
2039 1165 2364 1236 Respondit,
2399 1165 2598 1235 inquit,
2631 1165 2827 1228 Moses,
2876 1172 2931 1219 et
2962 1162 3140 1217 dixit:
3173 1161 3293 1216 Non
3349 1159 3580 1215 credent

1989 1259 2146 1321 mihi,
2189 1274 2368 1327 neque
2400 1258 2630 1313 audient
2680 1272 2874 1312 vocem
2931 1271 3130 1310 meam.
3183 1253 3292 1310 Sed
3348 1253 3576 1308 dicent:

1985 1351 2106 1406 Non
2134 1351 2388 1420 apparuit
2415 1351 2514 1405 tibi
2544 1349 2830 1404 Dominus.
2858 1347 3001 1415 Quid
3025 1347 3203 1402 dicam
3249 1345 3402 1400 illis?
3433 1343 3580 1398 Dixit

1989 1443 2064 1496 illi
2104 1443 2370 1496 Dominus
2402 1461 2414 1495 :
2444 1442 2587 1508 Quid
2619 1451 2773 1497 tenes
2810 1457 2973 1494 manu
3000 1439 3130 1493 tua?
3157 1438 3250 1492 ille
3281 1437 3386 1491 ait:
3419 1437 3580 1506 Virga

1987 1544 2090 1590 est.
2120 1535 2374 1605 Dixitque
2399 1536 2666 1589 Dominus
2705 1552 2718 1587 :
2758 1534 2971 1604 Projice
2997 1548 3118 1587 eam
3146 1531 3203 1584 in
3246 1539 3470 1585 terram.
3515 1529 3585 1584 Et

1988 1627 2241 1698 projccit.
2270 1643 2538 1697 versaque
2563 1699 2567 1702 _
2591 1637 2676 1683 εει.
2707 1627 2763 1681 in
2815 1635 3150 1697 serpentem,
3179 1623 3426 1694 fugitque
3455 1637 3582 1677 eum

1991 1718 2187 1772 Moses.
2215 1717 2302 1772 Ait
2329 1719 2597 1773 Dominus
2627 1719 2706 1773 illi
2753 1737 2766 1771 :
2796 1717 3046 1772 Extende
3078 1731 3301 1770 manum
3331 1724 3500 1778 tuam,
3529 1721 3586 1769 et

1995 1807 2227 1861 caudam
2259 1809 2379 1879 ejus
2402 1809 2777 1878 apprehende.
2814 1808 3031 1862 Manum
3065 1807 3252 1877 itaque
3280 1803 3586 1861 extendens

1993 1900 2223 1953 caudam
2249 1900 2633 1969 apprehendit,
2674 1899 2926 1970 factaque
2965 1899 3023 1954 in
3067 1899 3190 1970 ejus
3223 1913 3391 1952 manu
3428 1897 3584 1965 virga

1993 1998 2076 2045 est
2117 2009 2131 2044 :
2169 1999 2229 2045 ut
2254 1991 2505 2056 credant,
2547 1992 2748 2064 inquit,
2793 1993 3112 2063 apparuisse
3140 1991 3239 2046 tibi
3286 1990 3584 2046 Dominum

1993 2083 2167 2138 Deum
2193 2091 2684 2154 patrum‘tuorum,
2717 2085 2918 2155 quiest
2949 2085 3096 2140 Deus
3117 2083 3418 2149 Abraham,
3437 2084 3587 2140 Dens

1993 2173 2140 2228 lsaac
2163 2183 2218 2228 et
2249 2175 2394 2230 Deus
2417 2174 2586 2230 Jacob
2605 2175 2744 2229 ¹¹’¹’.
2760 2195 2778 2226 ι
2817 2173 3093 2229 Metuebat
3119 2171 3394 2243 siquidem
3410 2171 3590 2227 Moses

1992 2268 2337 2323 nelsraelitis
2357 2269 2622 2338 deceptor
2654 2267 2960 2332 videretur,
2999 2265 3148 2337 quod
3200 2265 3383 2320 visum
3431 2279 3464 2318 a
3526 2277 3589 2318 se

1993 2355 2380 2411 universorum
2429 2358 2602 2410 Deum
2651 2365 2953 2420 assereret,
3007 2357 3100 2426 qui
3126 2355 3232 2411 sibi
3262 2355 3590 2425 imperasset

1994 2447 2372 2520 Egyptiorum
2404 2449 2879 2520 exspoliationem,
2919 2455 2974 2502 et
3001 2447 3147 2517 quod
3175 2445 3354 2501 valida
3405 2445 3587 2500 disce-

1993 2539 2128 2594 dere
2153 2556 2315 2594 manu
2341 2548 2644 2610 oporteret.
2674 2539 2742 2594 Et
2765 2548 3060 2609 propterea
3099 2537 3430 2593 miraculum
3478 2535 3586 2591 hoc

1993 2637 2214 2700 patrare
2242 2646 2391 2694 cum,
2421 2639 2584 2699 atque
2615 2646 2780 2700 supra
2828 2631 3124 2684 humanam
3157 2637 3413 2682 naturam
3453 2641 3586 2697 ope-

1991 2720 2103 2774 rari
2128 2721 2258 2790 quid
2283 2729 2338 2774 et
2371 2720 2585 2776 etliccre
2614 2722 2798 2791 jussit,
2842 2720 3168 2774 immutante
3193 2719 3307 2773 Deo
3329 2719 3448 2788 ipso
3467 2716 3586 2772 vir-

1988 2829 2108 2884 gam
2144 2812 2198 2865 in
2241 2821 2574 2882 serpentem,
2633 2829 2702 2866 ne
2748 2811 3111 2881 transfugium
3161 2810 3418 2873 suadere,
3481 2809 3570 2865 sed

1988 2901 2236 2957 cmlestia
2267 2911 2434 2971 atque
2457 2901 2642 2955 divina
2679 2908 2900 2970 portare
2959 2900 3181 2955 oracula
3232 2913 3422 2954 revera
3454 2912 3582 2952 cre-

293 2983 386 3034 καὶ
411 2981 532 3053 [πρ.
565 2985 662 3058 μὴ]
697 2987 804 3058 ἄρα
837 3006 922 3052 τις
949 2985 1089 3043 εἶναι
1113 2991 1240 3063 δόξῃ
1265 2994 1378 3054 τοῖς
1407 2994 1545 3055 υἱοῖς
1568 2990 1887 3063 ἰσραὴλφι-

1997 2990 2233 3046 deretur.
2261 2991 2322 3047 Id
2351 2992 2499 3046 enim
2524 3007 2717 3046 verum
2743 2991 2960 3060 signum
3003 2989 3092 3045 cui
3125 3003 3318 3044 omnes
3337 2984 3586 3042 credidi-

290 3070 561 3179 λοψευδὴς
595 3093 654 3128 τε
713 3077 806 3130 καὶ
852 3079 1222 3149 είκαιόμυθος,
1271 3079 1502 3151 ὀφθῆναι
1557 3081 1654 3151 μὲν
1705 3078 1883 3150 ἑαυτῷ

1997 3097 2132 3148 mus,
2148 3081 2389 3136 Verbum
2403 3081 2560 3136 nobis
2575 3080 2752 3135 simile
2767 3079 2967 3134 factum
2983 3078 3048 3133 ad
3067 3094 3169 3133 nos
3186 3077 3400 3132 venisse
3421 3073 3588 3146 :quod

289 3163 472 3232 λέγων
503 3169 596 3221 τὸν
640 3169 746 3223 τῶν
771 3169 908 3224 ὅλων
937 3171 1088 3234 Θεὸν,
1131 3174 1306 3225 εἰπεῖν
1335 3173 1391 3225 δὲ
1437 3173 1738 3245 προστάξαι
1783 3173 1882 3243 τῆς

1997 3174 2136 3244 virga
2161 3174 2330 3228 humo
2356 3175 2597 3243 projecta
2623 3173 2892 3244 designat.
2923 3172 2979 3226 Id
3009 3188 3117 3242 qua
3138 3170 3348 3226 ratione
3382 3165 3592 3223 intelli-

291 3257 615 3325 Αἰγυπτίων
647 3261 958 3326 πλεονεξίας
1000 3264 1081 3316 ὃτι
1112 3263 1315 3334 πρέπει
1345 3263 1530 3318 λοιπὸν
1581 3265 1881 3334 ἁποφοιτᾷυ

1997 3264 2249 3335 gendum,
2282 3281 2389 3335 qua
2412 3265 2565 3328 licet,
2607 3265 2794 3320 dicere
2822 3264 3007 3318 denuo
3036 3263 3442 3334 aggrediamur.

295 3348 649 3423 ἐρρωμένως.
696 3353 970 3426 Ταύτῃτοι
1016 3355 1455 3426 Θαυματουργεῖν
1500 3356 1717 3408 ἐκέλευε
1742 3395 1756 3419 ,
1793 3355 1887 3408 καὶ
1921 3354 1990 3408 τά
2057 3356 2196 3427 ὑπὲρ
2228 3356 2518 3428 ἀνθρώπου
2558 3355 2720 3425 φύσιν
2797 3356 3146 3424 ἐργάζεσθαι,
3182 3352 3589 3425 μεταπλάττονο

292 3454 385 3502 τος
417 3439 512 3492 τοῦ
540 3439 676 3494 Θεοῦ
712 3441 811 3514 τὴν
863 3443 1059 3514 ῥάϐδον
1089 3446 1171 3508 είς
1203 3445 1346 3512 ὅφιν,
1378 3443 1455 3508 ὡς
1495 3443 1560 3498 ἂν
1587 3447 1757 3498 νοοῖτο
1788 3445 1887 3497 οὐκ
1925 3445 2232 3517 αύτομόλης
2259 3445 2510 3515 άληθῶς,
2537 3447 2675 3501 ἀλλὰ
2702 3448 2812 3500 τῶν
2841 3447 3048 3501 άνωοεν
3113 3449 3206 3501 καὶ
3269 3441 3597 3516 παρὰεΘεοῦ

295 3533 692 3604 θεσπισμάτων
737 3537 1022 3608 κομιστής.
1063 3536 1136 3588 Τὸ
1180 3536 1289 3608 γάρ
1334 3537 1534 3608 ἀληθὲς
1581 3539 1826 3607 σημεῖον,
1893 3535 1922 3588 ὃ
1959 3537 2161 3603 πάντες
2204 3540 2367 3609 ἡμεῖς
2415 3538 2880 3609 πεπιστεύκαμεν,
2920 3542 2954 3610 ἡ
3025 3537 3120 3592 τοῦ
3155 3539 3326 3607 Λόγου
3374 3540 3433 3592 ἐν
3459 3536 3590 3600 τοῖς

296 3628 426 3683 καθ’
460 3629 608 3698 ἡμᾶς
655 3627 1078 3699 καταφοίτησις,
1111 3631 1145 3699 ἦ
1179 3630 1268 3684 διὰ
1301 3629 1399 3701 τῆς
1430 3629 1626 3701 ῥάϐδου
1672 3628 1770 3700 τῆς
1808 3629 1886 3692 είς
1922 3626 2026 3699 γῆν
2063 3629 2338 3704 πεσούσης
2383 3629 2724 3702 σημαίνεται.
2760 3630 2884 3695 Πῶς
2924 3630 2981 3685 δὲ
3047 3630 3150 3684 καὶ
3205 3628 3586 3705 τίνα,τρόποιι⁹

295 3724 374 3786 ὡς
410 3722 492 3775 ενι
522 3721 590 3792 δὴ
629 3722 789 3776 πάλιν
815 3725 992 3778 εἰπεῖν
1024 3726 1376 3798 πειράσομαι.
3003 3771 3012 3776 .

372 3814 444 3884 β’.
494 3813 704 3886 Ῥάϐδῳ
733 3817 1062 3888 παρεικάζει
1091 3818 1184 3871 τὸν
1219 3819 1285 3872 ὲκ
1325 3818 1462 3872 Θεοῦ
1506 3819 1679 3888 Λόγον
1729 3820 1893 3887 φύντα

2069 3815 2122 3869 2.
2169 3815 2342 3886 Virga:
2385 3823 2666 3884 comparat
2700 3822 2888 3868 natum
2928 3827 2992 3866 ex
3015 3811 3136 3866 .Deo
3175 3807 3412 3864 Verbum
3446 3807 3592 3864 divi-

293 3911 326 3977 ἡ
361 3907 731 3971 Θεόπνευστος
763 3909 954 3982 Γραφὴ
977 3950 991 3973 ,
1019 3910 1109 3966 διά
1132 3929 1212 3965 τοι
1238 3912 1299 3965 τὸ
1333 3913 1510 3966 πάντα
1547 3910 1893 3982 στηρίζεσθαι

2001 3909 2151 3963 nitus
2179 3907 2438 3976 inspirata
2467 3904 2772 3973 Scriptura,
2799 3903 2944 3974 quod
2969 3902 3038 3956 ab
3066 3916 3134 3955 eo
3159 3899 3342 3954 omnia
3371 3897 3594 3953 firmen-

295 3999 439 4071 παρ’
489 3998 680 4053 αὐτοῦ’
734 4019 754 4051 ι
790 3999 882 4072 Τῷ
921 4001 1065 4073 λόγῳ
1099 4003 1326 4073 Κυρίου,
1372 4003 1560 4072 φησὶν,
1591 4005 1640 4055 οί
1684 4001 1893 4072 ούρανοῖ

1999 4007 2108 4052 tur.
2149 4017 2165 4048 ι
2203 3995 2386 4050 V’crbo
2432 3995 2680 4056 Domini,
2740 3992 2920 4062 inquit
2969 3989 3173 4054 David,
3223 3988 3349 4044 caeli
3392 3987 3592 4042 ﬁrmati

294 4088 741 4158 ἐστερεώθησαν.
780 4109 797 4141 ι
848 4091 997 4155 Καὶ,
1054 4111 1072 4142 ι
1123 4091 1509 4164 ’Υποστηρίζει
1546 4092 1646 4162 μὲν
1674 4093 1798 4151 τοὺς
1829 4091 1906 4143 δι-

295 4181 495 4243 καίους
524 4182 554 4232 6
584 4180 805 4250 Κύριος.
843 4200 860 4232 ι
915 4182 1361 4252 ’Υπενηνέγμεθα
1403 4182 1466 4251 δὴ
1508 4182 1584 4251 τῷ
1620 4180 1794 4251 Πατρὶ
1835 4179 1899 4234 δι’

295 4272 482 4332 Υίοῦ,
542 4272 638 4324 καὶ
685 4271 843 4325 τοῦτο
891 4273 1052 4336 αὐτὸς
1104 4273 1304 4344 ἀληθὲς
1363 4273 1612 4343 ὑπάρχον
1669 4271 1903 4339 ὑποφαί-

295 4380 382 4417 ν-ει
442 4361 652 4429 λέγων·
692 4381 710 4412 ι
749 4363 860 4416 Καὶ
918 4361 1084 4428 διάξω
1137 4363 1332 4427 αὐτοὺς
1395 4363 1499 4416 ὑπὸ
1553 4361 1651 4432 τὴν
1705 4361 1902 4432 ῥάϐδον

299 4472 436 4525 μου.
485 4473 504 4506 ι
575 4454 794 4520 Ῥάϐδος
837 4455 893 4508 δὲ
950 4457 1045 4509 καὶ
1095 4456 1337 4528 ἑτέρως,
1383 4456 1658 4527 βασιλείας
1697 4454 1897 4525 σύμϐοο

2001 4095 2130 4142 sunt
2163 4085 2224 4138 ".
2265 4104 2282 4135 ι
2339 4083 2407 4138 Ει
2449 4101 2462 4136 :
2511 4102 2528 4134 ι
2563 4081 2865 4138 Confirmat
2907 4081 3131 4152 quidem
3178 4081 3356 4151 jnstos
3401 4079 3588 4134 Domi-

2007 4195 2111 4234 nus
2139 4178 2202 4232 “.
2232 4197 2250 4229 ι
2291 4177 2659 4247 Aggregamur
2683 4175 2866 4245 itaque
2890 4175 3036 4230 Patri
3062 4191 3160 4244 per
3184 4174 3382 4230 Filium
3407 4192 3420 4228 :
3445 4175 3591 4245 quod

2007 4272 2173 4328 etiam
2202 4269 2416 4324 Veritas
2454 4268 2569 4338 ipsa
2614 4268 2894 4324 ostendit:
2938 4288 2954 4319 ι
2993 4268 3322 4332 Traducam,
3362 4267 3458 4332 ait,
3498 4281 3596 4322 eos

2009 4364 2066 4418 in
2090 4363 2238 4433 virga
2281 4376 2400 4416 mea
2428 4360 2491 4414 ¹⁸.
2523 4379 2540 4410 ι
2574 4359 2724 4414 Alias
2759 4360 2907 4429 virga
2951 4360 3102 4428 regni
3127 4368 3211 4414 est
3237 4359 3546 4430 symbolum
3579 4377 3593 4414 :

2010 4470 2109 4525 per
2137 4455 2336 4508 Filium
2369 4452 2514 4507 e‘nim
2552 4451 2783 4520 imperat
2810 4450 3196 4504 universorum
3227 4451 3372 4504 Deus
3402 4465 3466 4505 ac
3492 4451 3596 4505 Pa-

296 4547 430 4599 λον·
477 4543 750 4614 βασιλεύει
799 4547 858 4600 δὲ
904 4547 971 4600 δι’
1013 4547 1142 4601 Υίοῦ
1203 4549 1232 4600 6
1277 4546 1383 4601 τῶν
1443 4547 1580 4601 ὅλων
1636 4547 1767 4610 Θεὸς
1815 4548 1893 4601 κατ

2015 4550 2115 4598 ter.
2149 4542 2305 4596 Hunc
2335 4541 2499 4595 etiam
2522 4539 2756 4594 Aaronis
2781 4537 2928 4608 virga
2964 4537 3018 4591 in
3055 4537 3254 4593 Sancto
3280 4546 3596 4593 sanctorum

297 4638 527 4706 Πατήρ.
593 4638 776 4691 Αὑτὸν
821 4640 855 4709 ἡ
894 4639 1088 4710 ῥάϐδος
1153 4638 1364 4710 Ἀαρὼν
1401 4641 1432 4709 ἡ
1471 4641 1527 4692 ὲν
1566 4642 1680 4702 τοῖς
1735 4637 1912 4706 ἁγίοις

299 4730 416 4783 τῶν
479 4729 650 4796 ἁγίων
711 4731 1238 4802 καταϐλαστήσασα,
1311 4733 1749 4804 κατασημήνειεν
1812 4730 1904 4783 ἄν·

299 4824 477 4876 αὐτὸν
531 4822 565 4891 ἡ
623 4823 687 4874 ὲκ
741 4823 896 4893 ῥίζης
963 4825 1196 4890 Ἰεσσαὶ,
1259 4825 1357 4878 καὶ
1401 4827 1434 4895 ἡ
1496 4824 1704 4885 πάντας
1759 4823 1908 4892 ἡμᾶς

302 4911 720 4983 παρακαλοῦσα
762 4913 1183 4982 πνευματικῶς,
1229 4915 1328 4968 καὶ
1378 4914 1515 4985 πρός
1562 4930 1625 4981 γε
1676 4912 1736 4965 τὸ
1776 4915 1906 4984 ὲρηεε

305 5003 528 5074 ρείσϐαι
565 5003 742 5067 καλῶς
786 5006 912 5068 τοὺς
955 5005 1385 5068 πεπιστευκότας
1422 5005 1719 5075 ἀνέχουσα,
1763 5003 1903 5056 κατὰ

302 5095 368 5147 τὸ
398 5097 460 5146 ὲν
505 5094 757 5163 Ψαλμοῖς
791 5095 1129 5166 ὑμνούμενον
1176 5097 1310 5167 πρὸς
1339 5097 1428 5148 τὸν
1471 5096 1578 5148 τῶν
1611 5094 1746 5148 ὅλων
1773 5094 1905 5147 Θεὸν

304 5187 405 5239 καὶ
439 5186 685 5257 Πατέρα.⁸
725 5205 744 5237 ι
791 5188 851 5240 Ἠ
888 5187 1083 5258 ῥάϐδος
1112 5205 1202 5240 σου
1235 5188 1389 5256 καὶή
1423 5186 1718 5258 βακτηρία,
1747 5180 1906 5238 αῦταί

306 5296 378 5349 με
427 5279 838 5349 παρεκάλεσαν.
892 5298 910 5330 ›
959 5280 1180 5343 Ῥάϐδος
1213 5279 1276 5351 δὴ
1321 5276 1434 5344 οὖν,
1479 5280 1508 5330 6
1554 5279 1702 5341 Υἱός.
1769 5277 1907 5330 Ἀλλ’

300 5371 418 5434 ἱως
454 5367 677 5442 μὲνίῆν]
709 5371 784 5434 ὼς
828 5373 886 5424 ὲν
915 5373 1059 5442 χειρὶ
1086 5371 1184 5424 τοῦ
1213 5371 1418 5442 [ἰατρὸς
1450 5369 1544 5424 καὶ
1583 5372 1640 5423 ἐν
1669 5371 1784 5433 τοῖς
1815 5370 1913 5439 τῆς

302 5463 578 5532 Θεότητος
606 5463 920 5534 atumat-1,
935 5461 1089 5516 οὔπω
1104 5463 1397 5532 γενόμενος
1417 5461 1537 5516 καθ’
1561 5463 1711 5532 ἡμᾶς
1728 5502 1742 5526 ,
1764 5459 1912 5513 ἄθεοι

303 5556 418 5626 μὲν
446 5554 508 5606 ὲν
543 5554 735 5622 κόσμῳ
775 5552 1117 5624 διετελοῦμεν
1153 5554 1201 5605 οἱ
1241 5552 1498 5616 τάλανες·
1551 5549 1916 5622 ὲπλανώμεθα

2009 4635 2322 4705 germinans
2368 4632 2654 4702 designare
2695 4637 2878 4700 queat.
2915 4629 3051 4684 Item
3085 4628 3236 4700 virga
3278 4629 3368 4684 illa
3403 4644 3471 4683 ex
3505 4644 3596 4683 ra-

2009 4729 2130 4782 dice
2173 4727 2344 4789 Jesse,
2381 4739 2502 4794 qua:
2540 4738 2640 4778 nos
2679 4738 2871 4779 omnes
2909 4722 3228 4794 spiritaliter
3260 4721 3594 4784 consolatur.

2009 4829 2172 4888 atque
2209 4817 2396 4879 etiam,
2432 4823 2629 4884 prater
2691 4814 2837 4884 quod
2869 4815 3109 4870 stabiliat
3154 4829 3422 4885 gressum,
3450 4821 3598 4868 recte

2007 4910 2298 4964 credentes
2326 4917 2617 4970 sustentat,
2645 4908 2798 4977 juxta
2833 4907 2967 4962 illud
3000 4907 3056 4962 in
3087 4905 3319 4961 Psalmis
3346 4905 3460 4959 Deo
3489 4903 3594 4959 Pa-

2016 5001 2081 5055 tri
2127 4999 2475 5054 decantatum
2512 5016 2524 5051 :
2565 5017 2583 5049 ‹
2621 4997 2786 5068 Virga
2831 5007 2921 5052 tua
2967 5006 3022 5052 et
3068 4996 3315 5057 baculus,
3362 4993 3477 5065 ipsa
3511 5007 3600 5048 me

2013 5091 2290 5146 consolata
2335 5099 2463 5144 sunt
2499 5090 2564 5144 ’°.
2599 5109 2616 5143 ι
2664 5091 2827 5160 Virga
2873 5090 3084 5159 itaque,
3113 5088 3227 5143 Dei-
3259 5085 3450 5142 Filius.
3489 5086 3596 5142 Sed

2015 5182 2260 5252 quandiu
2292 5182 2447 5251 quasi
2481 5183 2534 5238 in
2565 5183 2741 5239 Patris
2777 5189 2896 5237 erat
2935 5189 3203 5244 manu,.et
3232 5182 3286 5234 in
3317 5179 3601 5235 altissimis

2019 5272 2341 5336 divinitatis,
2375 5271 2622 5326 nondum
2659 5272 2822 5330 homo
2866 5280 3025 5326 natus
3064 5279 3123 5324 ut
3166 5286 3285 5334 nos,
3313 5269 3503 5325 miseri
3545 5269 3600 5323 in

2005 5363 2246 5428 mundo,
2288 5370 2452 5432 atque
2491 5362 2651 5432 plane
2689 5362 2842 5432 impii
2874 5362 3213 5417 vivebamus.
3245 5361 3411 5432 299
3432 5359 3600 5416 Crea-

2023 5465 2160 5510 tura:
2187 5454 2335 5509 enim
2363 5454 2687 5508 errabamus
2713 5453 3037 5516 servientes,
3069 5460 3126 5506 et
3162 5451 3456 5522 impiorum
3487 5451 3600 5521 spio

2025 5549 2229 5604 rituum
2263 5545 2547 5616 cupiditati
2579 5545 2830 5616 subjecti.
2869 5545 3162 5614 Postquam
3200 5559 3353 5609 vero,
3387 5552 3447 5600 ut
3484 5543 3604 5616 pla-

427 5757 499 5786 ‘°‘
530 5755 570 5810 ll
596 5752 696 5812 (ἔοι
755 5770 831 5823 ιιι,
861 5755 938 5810 18.
1019 5754 1319 5812 “'"Exod.
1345 5772 1416 5823 iv,
1441 5755 1461 5809 1
1483 5756 1558 5811 —5.
1623 5751 2087 5819 "Psal.xuu,6.
2153 5750 2193 5783 “
2216 5748 2358 5805 Psal.
2392 5764 2569 5814 xxxvi,
2599 5747 2683 5804 17.
2749 5748 2790 5782 ³⁸
2822 5747 2924 5804 Isa.
2956 5745 3110 5815 x,°.!.i.
3185 5746 3226 5778 "
3256 5743 3603 5811 Psal.xxn,4.
