4024 6198
1451 296 1514 354 s.
1555 263 1832 359 cmle
1866 255 2339 364 Ait-statuarum
2378 297 2696 358 meumr.

3602 290 3708 346 472

438 415 566 470 nius
601 415 838 481 dicatur,
871 417 1017 486 quod
1063 418 1131 472 ad
1179 420 1695 491 contemplationem
1736 425 1870 482 utile
1910 433 2013 490 est,

2127 424 2202 489 δὲ,
2229 427 2296 494 τῇ
2329 422 2502 476 κτίσει
2527 417 2914 491 λατρεύοντεῄ
2947 413 3042 470 καὶ
3081 413 3201 477 ταῖς
3245 410 3353 465 τῶν
3378 407 3709 479 ἀκαθάρτων

440 507 672 578 propria:
711 509 898 579 gloria:
933 510 1208 576 sublimia,
1239 513 1486 584 adeoque
1525 515 1809 573 dexteram
1846 517 2020 574 Patris

439 599 848 668 quodammodo
907 603 1240 672 reliquisset,
1289 605 1345 659 in
1393 615 1706 679 terramque
1758 609 1828 666 de
1881 611 2021 666 caelo

439 691 847 759 descendisset;
895 695 1069 750 nostri
1122 695 1299 752 factus
1345 707 1430 753 est
1482 699 1705 766 similis,
1753 701 2022 771 nobisque

441 783 739 838 conformis
781 784 837 839 in
882 785 1063 851 terris,
1087 787 1181 858 qui
1217 788 1421 844 malitia
1459 790 1820 848 abundamus.
1854 793 2024 850 Malos

441 873 588 928 enim
629 874 746 946 ipse
778 890 878 932 nos
909 877 1005 933 Dei
1042 877 1213 934 Filius
1247 881 1479 948 vocavit,
1505 881 1732 939 dicens:
1771 902 1790 936 ι
1830 882 1886 940 Si
1917 884 2022 955 igi-

443 976 533 1022 tur
558 983 657 1023 vos
680 983 806 1024 cum
839 970 960 1028 sitis
988 973 1139 1039 mali,
1170 975 1400 1030 novistis
1423 975 1567 1031 bona
1595 977 1719 1032 data
1743 977 1873 1033 dare
1898 977 2024 1034 ﬁliis

443 1059 662 1125 vestris,
702 1068 911 1130 quanto
945 1064 1117 1134 magis
1149 1065 1312 1120 Pater
1341 1079 1522 1122 vester
1556 1069 1651 1137 qui
1680 1068 1733 1122 in
1761 1069 1916 1124 caelis
1940 1076 2025 1125 est

440 1151 586 1207 bona
631 1151 786 1206 dabit
838 1155 1156 1224 petentibus
1189 1173 1248 1212 se
1282 1157 1364 1211 ‘7?
1402 1177 1419 1209 ι
1460 1158 1605 1226 Quin
1649 1167 1706 1214 et
1750 1160 1927 1230 ipsum
1967 1159 2024 1213 in

442 1251 752 1313 serpentem
781 1244 895 1301 fere
922 1255 1190 1303 mutatum
1219 1249 1429 1316 dixero,
1461 1253 1532 1307 ob
1563 1253 1734 1308 nostri
1767 1252 2024 1308 similitu-

441 1334 648 1400 dinem,
678 1337 936 1407 quodque
963 1354 1148 1408 parem
1178 1341 1466 1398 nobiseum
1494 1343 1723 1398 formam
1759 1344 2022 1399 induerit.

447 1424 617 1478 Malus
629 1425 847 1494 quidem
865 1426 1050 1493 homo,
1065 1428 1110 1482 si
1127 1428 1196 1482 ad
1209 1430 1683 1486 mansuetudinem
1704 1433 1799 1488 Dei
1811 1449 1930 1488 com
1937 1451 2029 1504 pa-

447 1522 620 1569 retur.
653 1515 897 1571 Transiit
931 1518 1119 1588 itaque
1150 1519 1206 1574 in
1239 1529 1555 1590 serpentem
1577 1523 1750 1594 virga.
1777 1523 2030 1595 Unigeni-

443 1611 534 1658 tus
562 1605 712 1660 enim
746 1605 912 1662 homo
944 1607 1121 1664 factus
1151 1619 1256 1677 est,
1283 1620 1338 1667 et
1367 1613 1509 1668 inter
1536 1613 1833 1668 sceleratos
1862 1629 2025 1684 repu-

443 1704 608 1761 tatus,
653 1706 820 1769 atque
868 1699 1152 1770 improbus
1193 1703 1483 1759 nobiscum
1531 1706 1857 1776 appellatus,
1899 1721 2026 1762 cum

2121 513 2448 586 πνευμάτων
2465 509 2895 581 ὑπενηνεγμένοι
2911 504 3269 571 πλεονεξίαις.
3303 501 3522 572 Ἐπειδὴ
3543 501 3598 554 δὲ
3621 518 3706 572 μο-

2121 606 2336 678 νονουχὶ
2353 601 2830 675 (σωματικάπερον
2847 598 3128 671 εἰρήσεται
3146 595 3312 663 διάγε
3335 592 3398 646 τὸ
3417 595 3484 663 τῇ
3507 591 3707 663 θεωρίᾳ

2121 695 2412 770 χρήσιμον)
2428 696 2528 765 τῆς
2549 694 2686 756 ἰδίας
2713 692 2870 762 δόξης
2883 685 3290 750 καταλελοιπὼς
3314 686 3384 740 τὰ
3413 683 3703 754 ὑψώματα,

2123 791 2218 846 καὶ
2257 789 2421 844 οἱονεὶ
2465 787 2565 860 τὴν
2609 785 2704 840 τοῦ
2748 783 2962 855 Πατρδς
2995 783 3176 853 χεῖρα,
3229 778 3490 834 καθίκετο
3505 776 3605 846 μὲν
3629 777 3706 832 είς

2123 883 2230 954 γῆν
2254 881 2312 949 ἐξ
2327 879 2583 953 οὐρανοῦ,
2608 875 2937 948 γέγονςκαθ⁶
2955 875 3124 946 ἡμᾶς,
3144 870 3469 944 σύμμορφός
3482 885 3540 922 τε
3549 865 3706 940 [τοῖς]

2124 975 2216 1030 ἐπὶ
2237 975 2338 1045 τῆς
2362 976 2484 1043 γῆς,
2507 971 2558 1026 οἳ
2587 970 2849 1041 πονηρίας
2874 967 3009 1022 εἰσὶν
3029 963 3258 1037 ἔμπλεοι
3281 961 3578 1034 (πονηροὺς
3600 958 3708 1029 γὰρ

2125 1068 2321 1131 αὐτοὺς
2347 1064 2608 1119 ἐκάλεσεν
2646 1065 2674 1116 ὁ
2704 1061 2850 1124 Υἱὸς,
2881 1057 3022 1113 οὕτω
3050 1057 3246 1125 λέγων’
3289 1075 3308 1107 ι
3341 1055 3407 1108 Εἰ
3433 1047 3526 1106 οὖν
3553 1052 3709 1122 ὑμεῖς

2126 1160 2352 1231 πονηροὶ
2375 1159 2548 1220 ὄντες,
2581 1155 2756 1210 οἴδατε
2793 1153 3004 1223 δόματα
3041 1149 3223 1219 ἁγαθὰ
3248 1148 3449 1203 διδόναι
3478 1147 3594 1208 τοῖς
3625 1144 3711 1197 τὲ-

2126 1269 2273 1314 κνοις
2304 1249 2478 1320 ὑμῶν,
2510 1247 2664 1317 πόσῳ
2705 1245 2906 1318 μᾶλλον
2947 1242 2976 1295 ὁ
3015 1241 3208 1312 Πατὴρ
3241 1239 3394 1310 ὑμῶν
3438 1237 3467 1290 ὁ
3502 1237 3560 1289 ἐν
3601 1235 3709 1297 τοῖς

2125 1343 2370 1412 οὐρανοῖς
2387 1340 2547 1394 δώσει
2570 1338 2751 1407 ἀγαθὰ
2770 1338 2884 1398 τοῖς
2907 1333 3154 1389 αἰτοῦσιν
3173 1333 3306 1386 αὑτό
3320 1336 3386 1403 ›)·
3427 1328 3711 1400 μονονουχὶ

2127 1435 2222 1488 καὶ
2247 1435 2324 1497 εἰς
2341 1433 2464 1502 ὅφιν
2490 1431 2652 1486 αὐτὸν
2680 1429 3086 1500 μετασκευάσαι
3109 1425 3310 1496 φαμὲν,
3338 1423 3427 1476 διά
3442 1440 3524 1475 τοι
3551 1421 3710 1492 μόνον

2125 1527 2226 1598 τὴν
2257 1526 2397 1597 πρὸς
2443 1527 2589 1596 ἡμᾶς
2628 1522 2924 1594 ὁμοιότητα
2977 1520 3072 1575 καὶ
3117 1519 3180 1572 τὸ
3216 1519 3274 1572 ἐν
3309 1515 3411 1586 ῐσῳ
3456 1513 3710 1582 γενέσθαι

2129 1615 2390 1686 σχήματι.
2424 1613 2666 1684 Πονηρὸς
2699 1614 2796 1684 μὲν
2835 1615 2864 1665 ό
2906 1613 3222 1680 ἄνθρωπος,
3256 1609 3306 1662 εί
3347 1607 3484 1678 πρὸς
3513 1605 3716 1676 ἡμερό-

2134 1723 2272 1774 τητα
2291 1705 2384 1759 τοῦ
2397 1705 2532 1758 Θεοῦ
2551 1705 2912 1775 συγκρίνοιτο.
2931 1701 3287 1772 Μεταϐἐὸηκε
3301 1700 3480 1753 τοίνυν
3498 1702 3576 1763 είς
3591 1699 3712 1766 ὅφιν

440 1795 638 1843 natura
692 1790 889 1858 bonus,
941 1792 1052 1848 imo
1097 1794 1214 1864 ipsa
1259 1795 1423 1850 etiam
1461 1795 1683 1852 bonitas
1715 1798 2021 1854 exsisteret.

2137 1798 2171 1868 ἡ
2186 1795 2396 1869 ῥάϐδος.
2413 1797 2606 1866 Γέγονε
2624 1795 2695 1865 γὰ
2701 1813 2732 1867 ρ
2754 1795 3032 1865 ἅνθρωπος
3047 1793 3075 1846 ὁ
3091 1790 3519 1860 Μονογενὴς,καὶ
3535 1791 3591 1842 ἐν
3605 1792 3712 1852 τοῖς

440 1878 646 1935 Verum
694 1883 840 1952 quod
887 1884 1270 1957 Unigenitum,
1317 1887 1521 1944 factum
1574 1889 1880 1953 hominem,
1925 1905 2026 1946 nos

441 1969 664 2038 quidem
701 1977 1105 2046 receperimus;
1139 1979 1324 2034 Iudaea
1355 1996 1488 2035 vero
1518 1981 1668 2035 natio
1699 1980 2025 2051 repudiave-

442 2062 535 2126 rit,
557 2080 661 2120 nec
685 2082 796 2135 quo
824 2067 1017 2124 debuit
1045 2084 1230 2126 amore
1264 2081 1556 2140 prosecuta
1587 2072 1753 2128 fuerit
1778 2073 2028 2142 (recessit

439 2156 590 2210 enim
625 2159 1032 2227 quodammodo
1073 2163 1144 2218 ab
1185 2164 1274 2233 eo)
1302 2180 1370 2220 ex
1414 2165 1548 2235 ipsis
1592 2167 1764 2222 sacris
1804 2167 2027 2223 Litteris

441 2248 650 2304 clarum
681 2266 801 2307 eme
835 2255 1058 2323 poterit.
1101 2275 1119 2307 ι
1153 2257 1331 2313 Moses
1367 2259 1537 2324 enim,
1575 2260 1832 2329 inquiunt
1874 2262 2023 2332 ipsze,

440 2339 639 2396 faciem
679 2357 835 2397 suam
867 2345 1066 2400 avertit
1097 2346 1160 2400 ".
1194 2367 1212 2399 ι
1252 2347 1569 2418 Improbum
1607 2365 1734 2404 eum
1767 2365 1890 2405 cum
1936 2366 2025 2405 re-

440 2437 678 2498 putaret,
715 2433 942 2489 credere
983 2434 1039 2490 in
1082 2434 1261 2511 ipsum
1293 2435 1630 2501 formidavit,
1660 2437 1770 2492 imo
1801 2438 2023 2501 occidit,

441 2526 499 2571 et
523 2517 578 2573 in
609 2520 791 2575 medio
820 2522 1092 2578 latronum
1119 2526 1268 2580 cruci
1297 2525 1486 2582 aﬂixit.
1513 2526 1666 2593 Quod
1693 2543 1824 2583 vero
1854 2527 2025 2583 inter-

442 2611 574 2666 dum
615 2613 786 2668 notati
824 2623 882 2670 et
910 2617 1232 2686 reprehensi
1273 2617 1480 2674 fuerint
1507 2636 1537 2674 a
1571 2619 1792 2675 Christo
1829 2619 2025 2685 Judaei,

442 2710 658 2759 tantum
687 2705 842 2762 abest
864 2716 924 2763 ut
945 2717 1235 2778 propterea
1261 2718 1520 2780 peccator
1541 2711 1709 2765 fuisse
1735 2727 2029 2781 cognosca-

443 2804 556 2861 tur,
593 2805 654 2851 ut
684 2798 867 2867 potius
896 2799 1301 2856 firmamentum
1331 2809 1387 2854 et
1420 2801 1590 2855 robur
1623 2801 1868 2870 spiritale
1903 2815 2028 2856 cre-

443 2887 702 2945 dentibus
722 2905 847 2945 eum
875 2906 1016 2952 esse.
1048 2907 1113 2948 ex
1139 2908 1206 2947 eo
1228 2892 1375 2964 quod
1404 2892 1608 2949 factum
1634 2903 1737 2957 est,
1769 2894 2026 2948 sciamus.

391 3008 402 3015 -
441 2979 766 3052 Fugientem
811 2984 958 3039 enim
1007 2984 1190 3040 Mosen
1236 2986 1383 3040 Deus
1427 2985 1718 3040 convertit.
1762 2985 1897 3040 Nam
1932 2983 2028 3038 ubi

443 3082 754 3143 serpentem
787 3076 1172 3146 apprehendit,
1196 3077 1379 3132 statim
1411 3077 1465 3132 in
1499 3093 1664 3131 manu
1687 3077 1806 3146 ejus
1835 3076 1888 3129 in
1909 3077 2022 3130 vir-
2052 3116 2096 3176 Ο

441 3179 562 3234 3am
589 3172 673 3221 est
697 3177 1084 3222 commutatus.
1121 3167 1372 3222 Rudibus
1399 3167 1583 3236 itaque
1617 3167 1900 3236 improbus
1926 3181 2020 3234 ap-

437 3264 594 3323 paret
623 3255 896 3321 Christus,
930 3257 1001 3312 ob
1032 3259 1202 3312 nostri
1233 3257 1647 3312 similitudinem
1677 3265 1761 3310 :at
1783 3257 1878 3327 qui
1913 3256 2020 3311 fide

438 3362 566 3400 eum
597 3348 1095 3416 comprehenderit,
1128 3350 1335 3420 virgam
1367 3364 1488 3404 esse
1525 3358 1580 3405 et
1616 3349 2019 3404 ﬁrmamentum

438 3441 763 3510 comperiet.
804 3440 1168 3508 Quamobrem
1204 3443 1308 3498 fide
1344 3443 1571 3514 dignum
1609 3453 1694 3499 est
1732 3443 1838 3500 hoc
1877 3444 2019 3499 divi-

439 3549 572 3589 num
607 3534 750 3589 circa
781 3535 986 3605 virgam
1014 3535 1216 3596 factum
1246 3537 1595 3602 miraculum,
1625 3545 1681 3592 et
1720 3536 2019 3607 plurimum

439 3625 584 3681 valet
598 3625 666 3680 ad
683 3626 1123 3696 persuadendum
1142 3627 1424 3692 lsraelitis,
1447 3629 1499 3682 id
1515 3638 1598 3684 est
1615 3629 1884 3683 universis
1906 3639 2019 3683 ter-

439 3735 558 3773 ram
592 3719 979 3780 incolentibus.
1021 3736 1050 3774 a
1089 3721 1200 3775 Deo
1239 3735 1296 3775 se
1335 3720 1690 3775 considerari.
1726 3721 2020 3791 Postquam

441 3831 573 3872 vero
595 3816 752 3871 valde
776 3815 1061 3887 languidos
1083 3815 1266 3870 animo
1288 3814 1584 3882 obstinato,
1608 3823 1664 3870 et
1689 3823 1841 3870 extra
1869 3830 2020 3885 spem

442 3897 649 3976 positos
680 3909 922 3979 effugere
959 3923 1138 3979 posse,
1175 3907 1320 3978 quod
1365 3907 1499 3978 ipsis
1533 3907 1904 3978 impendebat,
1933 3906 2020 3961 in-

441 4000 700 4056 evitabile
739 4002 943 4055 malum
1001 4001 1268 4070 pluraque
1303 4007 1556 4070 portenta
1598 3997 1880 4070 oportuit,
1927 4013 2024 4053 vo-

442 4092 550 4146 cati
579 4093 670 4146 vix
702 4092 840 4146 tales
864 4099 993 4146 sunt
1019 4091 1086 4147 ad
1118 4091 1510 4148 obediendum.

512 4267 564 4319 5.
598 4267 744 4322 Deus
762 4265 946 4337 itaque
971 4282 1191 4322 rursum
1214 4267 1280 4322 ad
1304 4281 1522 4322 sacrum
1545 4267 1730 4323 Mosen
1759 4289 1769 4322 :
1803 4290 1820 4320 ι
1848 4269 2020 4334 Mitte,

444 4359 642 4429 inquit,
675 4373 898 4414 manum
925 4367 1075 4414 tuam
1102 4359 1159 4415 in
1184 4359 1348 4431 300
1375 4361 1578 4415 sinum.
1606 4359 1861 4430 Misitque
1904 4378 2022 4416 ma-

2127 1892 2349 1962 ὰνόμοις
2377 1889 2651 1960 ἐλογίσθη,
2682 1889 2775 1943 καὶ
2801 1887 3177 1959 κεχρημάτικε
3221 1883 3339 1956 μεθ’
3367 1881 3525 1955 ήμῶν
3545 1897 3716 1950 πονη-

2131 1982 2241 2053 ρδς,
2279 1982 2458 2036 καίτοι
2486 1980 2630 2035 κατὰ
2663 1979 2823 2050 φύσιν
2865 1980 3127 2051 ὑπάρχων
3158 1976 3394 2046 ἀγαθὸς,
3435 1973 3636 2044 μᾶλλον
3660 1971 3716 2026 δέ

2127 2075 2448 2147 αὐτόχρημα
2477 2075 2538 2128 τὸ
2564 2073 2788 2143 ἀγαθόν.
2837 2073 2974 2126 Ἀλλ’
3005 2072 3086 2126 ὅτι
3111 2069 3376 2140 γεγονότα
3405 2065 3527 2122 καθ’
3566 2067 3716 2136 ἡμᾶς

2126 2167 2217 2221 τὸν
2239 2167 2521 2237 Μονογενῆ
2547 2164 2960 2237 παρεδεξάμεθα
2982 2164 3080 2234 μέν
3103 2164 3287 2234 ἡμεῖς,
3304 2161 3406 2215 οὐκ
3424 2159 3717 2229 ἠγάπησαν

2125 2258 2181 2311 δὲ
2207 2259 2256 2311 οί
2284 2257 2392 2310 τῶν
2430 2256 2699 2310 Ἰουδαίων
2729 2256 2893 2326 δῆμοι
2941 2253 3362 2326 (άποδεδράκασι
3383 2249 3495 2322 γὰρ
3527 2249 3716 2320 ὥσπερ

2127 2345 2318 2416 αὑτοῦ)
2338 2387 2353 2412 ,
2384 2346 2557 2416 σαφὲς
2576 2344 2641 2399 ἂν
2666 2344 2876 2414 γένοιτο
2903 2345 2992 2398 διὰ
3015 2344 3125 2397 τῶν
3159 2341 3320 2412 ἱερῶν
3339 2341 3377 2394 Γ
3384 2340 3710 2413 ραμμάτων.

2133 2458 2154 2492 ι
2190 2438 2401 2509 Ἐφυγε
2446 2437 2553 2509 γάρ
2595 2438 2804 2507 Μωσῆς
2845 2437 2954 2491 ἀπὸ
3002 2435 3298 2508 προσώπου
3326 2433 3511 2487 αὑτοῦ.
3551 2452 3567 2484 ι
3614 2432 3716 2485 Πο-

2127 2531 2290 2600 νηρὸν
2321 2531 2428 2599 γάρ
2461 2525 2597 2582 εἶναι
2637 2529 2980 2600 νομίσαντες,
3019 2529 3082 2581 οὑ
3124 2530 3190 2597 τῇ
3233 2527 3414 2580 πίστει
3447 2524 3713 2594 τετολμή-

2129 2639 2306 2686 κασιν,
2355 2622 2687 2676 ἀπεκτόνασι
2739 2620 2797 2674 δέ
2834 2621 3069 2691 μᾶλλον,
3114 2621 3208 2674 καὶ
3248 2617 3714 2689 συνεσταύρωσαν

2129 2715 2404 2785 πονηροῖς.
2447 2711 2593 2783 Πλὴν
2624 2712 2705 2765 ὅτι
2746 2711 2888 2765 κατὰ
2930 2711 3188 2778 καιροὺς,
3237 2709 3584 2780 ἑπιδράξεται
3618 2707 3716 2778 μὲν

2128 2804 2235 2858 ἀπὸ
2263 2803 2356 2856 τοῦ
2382 2802 2641 2874 Χριστοῦ,
2667 2800 2997 2870 γινώσκεται
3033 2800 3090 2854 δὲ
3119 2801 3200 2853 δτι
3229 2799 3464 2870 πονηρὸς
3497 2797 3594 2868 μὲν
3624 2796 3715 2850 οὑ-

2128 2895 2336 2966 δαμῶς,
2373 2896 2652 2966 στήριγμα
2679 2893 2736 2947 δὲ
2765 2893 2963 2964 μᾶλλον
2991 2893 3086 2947 καὶ
3116 2893 3268 2963 ἰσχῦς
3300 2893 3334 2962 ή
3372 2889 3716 2960 πνευματικὴ

2128 2988 2237 3040 τῶν
2265 2988 2627 3041 πιστευόντων
2656 2987 2792 3050 ἐστὶ,
2824 2986 2890 3040 δι’
2922 2985 3088 3040 αὐτοῦ
3125 2983 3218 3038 τοῦ
3258 2983 3545 3052 γεγονότος
3574 2980 3718 3034 sled.

2134 3080 2292 3147 μευα.
2314 3077 2587 3146 Φεύγοντα
2614 3079 2724 3150 γάρ
2746 3079 2950 3133 Μωσέα
2969 3077 3100 3142 Θεδς
3126 3077 3461 3148 ἐπιστρέφει.
3497 3072 3714 3140 Ἐπειδὴ

2127 3169 2183 3222 δὲ
2211 3169 2305 3221 τοῦ
2345 3169 2522 3239 δφεως
2553 3171 2878 3238 ἐπελάϐετο,
2915 3170 3105 3239 γέγονε
3138 3168 3332 3240 ῥάϐδος
3371 3168 3428 3218 ἐν
3465 3169 3529 3236 τῇ
3576 3165 3716 3235 χειρὶ

2127 3259 2313 3314 αὑτοῦ.
2363 3261 2574 3316 Οὐκοῦν
2622 3264 2733 3326 τοῖς
2783 3263 2881 3332 μὲν
2923 3263 3024 3315 οὐκ
3057 3261 3257 3324 εἰδόσι,
3299 3259 3533 3331 πονηρὸς
3579 3253 3716 3310 εἶναι

2127 3350 2292 3413 δοκεῖ,
2326 3353 2415 3406 διὰ
2437 3352 2534 3424 τὴν
2564 3355 2698 3424 πρὸς
2729 3355 2878 3424 ἡμᾶς
2907 3354 3188 3424 όμοίωσινσ
3225 3352 3278 3404 εἴ
3304 3369 3368 3420 γε
3401 3352 3506 3422 μὴν
3528 3348 3716 3402 ἐπιλά-

2129 3443 2276 3497 ϐοιτὸ
2321 3461 2406 3508 τις
2439 3444 2605 3498 αὑτοῦ
2649 3445 2740 3499 διὰ
2778 3447 3046 3508 πίστεως,
3092 3444 3284 3515 ῥάϐδον
3327 3443 3574 3514 εὑρίσκει
3625 3440 3717 3495 καὶ

2130 3535 2428 3605 στήριγμα.
2473 3535 2800 3604 Ἀξιόχρεως
2840 3536 2937 3606 μὲν
2976 3531 3068 3589 οὗν
3099 3536 3130 3604 ή
3161 3535 3253 3587 ἐπὶ⁸
3277 3536 3344 3604 τῇ
3381 3533 3563 3606 ράὒδῳ
3601 3530 3716 3584 θευ-

2131 3625 2354 3695 σημεία,
2382 3626 2475 3679 καὶ
2500 3625 2814 3679 ἀναπείθειν
2837 3626 2927 3680 οἶα
2953 3643 3011 3680 τε
3041 3627 3168 3689 τοὺς
3188 3625 3247 3692 ἐξ
3280 3624 3518 3696 Ἰσραὴλ,
3549 3624 3718 3694 ἡγουν

2131 3717 2376 3780 ἅπαντας
2402 3717 2528 3780 τοὺς
2571 3719 2664 3770 ἐπὶ
2704 3717 2807 3787 τῆς
2851 3718 2988 3788 γῆς,
3016 3717 3090 3781 ὡς
3135 3717 3474 3771 ἐπέσκεπται
3512 3717 3541 3769 ὁ
3585 3714 3715 3776 Θεὸς

2129 3809 2344 3874 αὐτούς.
2389 3810 2607 3880 Ἐπειδὴ
2640 3809 2698 3862 δέ
2745 3812 2856 3873 τοῖς
2894 3809 3034 3878 ἄγαν
3069 3810 3453 3881 ἠρῤωστηκόσι
3491 3807 3554 3860 τὸ
3595 3807 3714 3860 δυσ-

2130 3903 2308 3974 ήκοον,
2341 3902 2435 3956 καὶ
2463 3904 2575 3966 τοῖς
2610 3901 2714 3968 ἔξω
2746 3901 3026 3970 γεγονόσιν
3055 3901 3268 3964 ἐλπίδος
3304 3901 3398 3953 τοῦ
3439 3899 3714 3970 διαδρᾶναι

2130 3993 2390 4050 δύνασθαι
2416 3993 2525 4046 τῶν
2562 3993 2745 4062 σφίσιν
2779 3992 3176 4065 ἐπηρτημένων
3198 3992 3262 4045 τὸ
3293 3990 3591 4062 δυσαχθές,
3623 3989 3713 4042 καὶ

2131 4088 2394 4142 πλειόνων
2429 4087 2536 4140 ἔδει
2565 4086 2889 4158 θαυμάτων
2928 4086 3222 4158 κέκληνται
3251 4084 3360 4156 γὰρ
3397 4085 3447 4137 oi.
3487 4082 3712 4136 τοιοῦτοι

2135 4180 2287 4251 μόλις
2315 4183 2393 4244 είς
2423 4180 2484 4234 τὸ
2512 4180 2748 4252 εῦήνιον.

2201 4278 2269 4340 γ’.
2297 4272 2464 4326 Πάλιν
2501 4271 2604 4342 ἔφη
2627 4271 2759 4335 Θεὸς
2789 4270 2926 4342 πρὸς
2952 4271 3043 4324 τὸν
3067 4269 3210 4342 ἱερὸν
3233 4269 3707 4341 δηλονότιΜωσέα⁶

2139 4380 2155 4412 ι
2197 4361 2520 4430 Είσένεγκαι
2548 4361 2645 4432 τὴν
2677 4361 2836 4432 χεῖρά
2876 4378 2970 4416 σου
2995 4362 3074 4424 εἰς
3102 4360 3194 4414 τὸν
3219 4359 3420 4413 κόλπον
3461 4376 3576 4414 σου.
3609 4357 3711 4411 Καὶ

441 4467 575 4513 num
603 4467 758 4507 suam
789 4451 843 4505 in
870 4451 1073 4517 sinum,
1098 4459 1155 4507 et
1177 4451 1320 4507 facta
1342 4460 1427 4508 est
1448 4465 1644 4505 manus
1667 4451 1786 4521 ejus
1806 4451 2023 4521 leprosa

2131 4453 2416 4523 εἰσήνεγκε
2445 4454 2544 4522 τὴν
2572 4455 2728 4523 χεῖρα
2758 4453 2923 4506 αὑτοῦ
2955 4454 3033 4511 είς
3065 4452 3156 4506 τὸν
3182 4452 3381 4505 κόλπον
3409 4451 3596 4516 αὐτοῦ,
3623 4449 3711 4503 καὶ

443 4535 505 4598 ut
537 4543 652 4600 nix.
689 4545 758 4599 Et
793 4542 929 4598 dixit
963 4558 1184 4597 rursum
1223 4561 1236 4596 :
1272 4543 1424 4598 Mitte
1471 4558 1694 4597 manum
1740 4541 1798 4596 in
1843 4543 2026 4598 sinum

446 4649 623 4694 tuum.
679 4637 748 4691 Et
789 4635 940 4690 misit
974 4650 1197 4689 manum
1230 4650 1384 4690 suam
1428 4633 1485 4687 in
1525 4633 1706 4688 sinum
1754 4649 1936 4699 suum,
1972 4644 2030 4690 et

443 4730 635 4787 eduxit
660 4743 882 4783 manum
912 4727 980 4782 de
1013 4727 1137 4782 sinu
1173 4743 1295 4791 suo,
1326 4727 1638 4797 iterumque
1665 4727 1921 4782 restituta
1944 4735 2030 4783 est

447 4824 501 4879 in
545 4820 729 4877 carnis
777 4833 889 4875 sua:
930 4806 1172 4873 colorem
1212 4819 1277 4872 ".
1321 4837 1339 4870 ι
1387 4818 1557 4889 Igitur
1599 4817 1903 4890 majestatis
1941 4827 2028 4875 est

444 4929 673 4971 summae
720 4927 785 4968 ac
829 4909 1138 4983 potestatis,
1177 4910 1390 4980 lepram
1423 4925 1582 4980 posse
1621 4925 1835 4966 curare.
1871 4910 2020 4967 Affe-

443 5007 654 5062 ctiones
697 5018 830 5059 vero
873 5017 996 5073 qua:
1039 5015 1108 5056 eo
1153 4999 1439 5071 pravitatis
1484 5009 1612 5056 sunt
1658 5000 1927 5067 deducta,
1964 5011 2025 5057 ut

441 5097 608 5152 nullis
647 5095 988 5151 medicorum
1037 5091 1429 5164 experimentis
1471 5092 1669 5148 cedere
1709 5092 2021 5157 videantur,

443 5187 691 5258 indigent
741 5186 945 5256 aliqua,
985 5199 1158 5254 caque
1205 5183 1391 5240 divina
1441 5183 1559 5239 sola
1608 5193 1897 5254 potestate,
1934 5186 2025 5243 cui

445 5279 584 5336 nihil
619 5278 849 5344 resistit,
881 5277 977 5334 sed
1015 5278 1203 5348 pervia
1249 5275 1431 5333 omnia
1465 5285 1594 5330 sunt
1625 5285 1680 5332 et
1711 5277 2022 5348 obsequen-

451 5371 540 5426 tia.
573 5369 998 5426 lmmedicabilis
1018 5385 1150 5440 ergo
1175 5369 1400 5424 morbus
1425 5368 1575 5439 lepra
1601 5379 1714 5434 est;
1746 5385 1867 5440 quae
1889 5385 2020 5425 vero

448 5460 766 5516 hominibus
807 5460 1115 5530 desperata,
1158 5459 1425 5530 nobisque
1463 5469 1728 5529 apparent
1772 5460 2023 5530 impossi-

446 5551 598 5618 bilia,
639 5554 764 5623 ipsi
785 5554 896 5608 Deo
936 5552 1079 5608 factu
1132 5551 1310 5606 facilia
1379 5559 1526 5606 sunt.
1576 5551 1727 5608 Adeo
1795 5552 2024 5620 ipsemet

516 5736 560 5771 “
593 5737 784 5795 Matth.
816 5754 905 5801 vn.
931 5739 1013 5792 li.
1098 5737 1138 5769 ’⁸
1173 5738 1341 5794 Exod.
1369 5756 1444 5806 lli,
1475 5741 1524 5793 6.
1611 5739 1648 5770 ι’
1679 5735 1849 5792 Exod.
1876 5751 1946 5802 tv,
1976 5736 2027 5801 6,
2062 5737 2112 5792 7.

2128 4545 2360 4615 ἐγενήθη
2412 4545 2445 4613 ή
2490 4545 2610 4614 χεὶρ
2649 4544 2814 4597 αὐτοῦ
2846 4544 3106 4616 λεπρῶσα
3133 4545 3211 4609 ὡς
3253 4545 3404 4616 χιών.
3449 4543 3562 4597 Καὶ
3593 4538 3710 4595 είπε

2128 4636 2324 4690 πάλινο
2374 4635 2697 4703 Είσένεγκαι
2740 4635 2839 4707 τὴν
2889 4640 3048 4707 χεῖρα
3093 4638 3172 4700 είς
3208 4637 3298 4690 τὸν
3347 4635 3546 4690 κόλπον
3595 4652 3706 4688 σου.

2126 4730 2238 4782 Καὶ
2259 4727 2544 4800 εἰσήνεγκε
2573 4727 2671 4798 τὴν
2696 4731 2855 4801 χεῖρα
2878 4729 3043 4782 αὐτοῦ
3072 4730 3151 4792 είς
3175 4728 3266 4782 τὸν
3296 4727 3498 4782 κόλπον
3520 4725 3707 4793 αὑτοῦ,

2126 4817 2222 4873 καὶ
2249 4817 2509 4890 ἐξήνεγκε
2542 4818 2642 4890 τὴν
2675 4821 2831 4890 χεῖρα
2860 4818 3026 4873 αὑτοῦ
3068 4820 3132 4872 ἐκ
3163 4818 3257 4872 τοῦ
3292 4819 3496 4873 κόλπου
3523 4818 3708 4883 αὑτοῦ,

2125 4911 2219 4966 καὶ
2252 4912 2413 4966 πάλιν
2452 4911 2871 4984 ἀπεκατεστάθη
2901 4913 2982 4976 εἰς
3024 4912 3122 4984 τὴν
3167 4913 3333 4982 χρόαν
3365 4912 3468 4983 τῆς
3508 4913 3709 4984 σαρκὸς

2126 5003 2312 5060 αὑτοῦ.
2340 5024 2358 5057 ι
2387 5004 2699 5076 Θεοπρεπὲς
2722 5005 2851 5074 γοῦν
2867 5006 2949 5058 ὅτι
2972 5005 3209 5076 μάλιστά
3231 5022 3292 5074 γε
3313 5006 3375 5058 τὸ
3405 5005 3710 5070 ἀπαλλάξαι

2125 5095 2384 5151 δύνασθαι
2409 5096 2636 5168 λέπραν.
2670 5096 2750 5150 Τὰ
2779 5096 2836 5150 δέ
2866 5097 2946 5160 είς
2983 5095 3142 5149 τοῦτο
3175 5096 3362 5150 λοιπὸν
3386 5097 3708 5167 ἀγριότητος

2132 5187 2406 5259 ἀφιγμένα
2429 5189 2538 5242 τῶν
2578 5187 2788 5251 παθῶν,
2827 5188 2903 5252 ὡς
2945 5188 3080 5259 μηδὲ
3106 5188 3301 5253 αὑταῖς
3323 5187 3496 5242 εἴκειν
3522 5188 3706 5258 ἀνέχε-

2131 5279 2256 5333 σοαι
2284 5283 2402 5343 ταῖς
2431 5280 2540 5334 τῶν
2571 5279 2770 5351 ἰατρῶν
2797 5280 3128 5351 ἐμπειρίαις,
3156 5279 3314 5334 δέοιτ’
3355 5280 3422 5335 ἂν
3457 5281 3558 5351 ήδη
3594 5297 3708 5342 πως

2127 5370 2186 5424 ἐν
2227 5373 2338 5433 τοῖς
2369 5371 2490 5425 καθ’
2514 5373 2652 5428 αὐτὰ
2679 5371 2848 5443 μόνης
2890 5373 3032 5442 τάχα
3069 5389 3170 5425 που
3198 5372 3299 5442 τῆς
3323 5372 3528 5426 ἄνωθεν
3559 5373 3706 5437 ἐξου-

2125 5461 2267 5525 σίας,
2353 5461 2414 5515 τὸ
2441 5461 2796 5516 ἁντιστατοῦν
2825 5461 3000 5527 οὐδὲν,
3036 5462 3216 5516 πάντα
3256 5461 3467 5532 βάσιμα
3493 5462 3587 5515 καὶ
3612 5461 3703 5514 εῦ-

2124 5551 2309 5620 ήνυτα·
2338 5553 2552 5608 ἀνίατον
2573 5554 2630 5610 δὲ
2655 5553 2976 5625 νοσημάτων
2998 5555 3030 5626 ή
3054 5554 3249 5627 λέπρα.
3282 5557 3403 5610 Ὀτι
3429 5554 3612 5609 τοίνυν
3638 5553 3700 5609 τά
