4024 6198
281 315 384 375 473

279 538 433 584 vara,
474 517 605 589 παρ’
641 510 789 582 αὐτῷ
819 508 1021 564 δυνατὰ
1039 549 1055 571 ,
1083 508 1178 562 καὶ
1207 506 1357 560 οὐδὲν
1384 505 1521 571 ὅλως
1547 504 1609 559 τὸ
1634 505 1859 567 ἄναντες

277 611 451 680 ἐφῆκε
487 606 628 660 νοεῖν
657 605 685 657 6
719 601 825 656 τῶν
866 600 1005 654 ὅλων
1045 596 1208 662 Θεὸς,
1237 596 1327 651 διὰ
1354 593 1451 649 τοῦ
1480 595 1576 668 τὴν
1616 593 1861 658 Μωσέως

278 706 436 777 χεῖρα
480 694 820 771 θεραπεῦσαι
845 689 1301 763 λελεπρωμένην·
1338 687 1414 750 ὡς
1445 688 1513 744 ἀν
1547 687 1737 777 εἰδεῖεν
1770 687 1861 777 έν.

277 773 469 850 τεῦθεν
484 792 532 846 ot
547 785 899 857 κεκλημένοι,
916 779 1218 846 τουτέστιν,
1232 782 1281 855 οἱ
1298 777 1359 845 ἐξ
1375 778 1603 851 αἵματος
1626 773 1860 849 Ἰσραὴλ,

277 889 358 942 ὅτι
385 883 493 939 κᾶν
520 877 916 948 δυσδιάφυκτον
941 872 1118 945 ἔχοιεν
1148 872 1249 943 τὴν
1281 870 1587 944 συμφορὰν,
1614 872 1734 934 ταῖς
1770 869 1866 923 Δίς

277 973 528 1046 γυπτίων
560 966 885 1041 μοχθηρίαις
916 959 1340 1033 ὑπεζευγμένοι,
1366 959 1463 1016 καὶ
1493 957 1649 1012 νόσον
1675 955 1865 1027 ὥσπερ

276 1066 400 1119 τινὰ
447 1061 710 1122 παθόντες
749 1054 1007 1126 ἐσχάτην,
1046 1052 1145 1123 τὴν
1199 1050 1292 1105 ὑπ’
1332 1050 1557 1112 ἐκείνοις
1597 1047 1860 1103 δουλείαν·

278 1150 396 1204 ἀλλ’
428 1152 741 1221 εὐμήχανος
766 1148 795 1200 ὁ
816 1144 1020 1217 ίατρὺς,
1050 1143 1146 1197 καλ⁵
1166 1141 1235 1198 τὰ
1257 1140 1392 1196 πολὺ
1417 1140 1736 1210 δυσεξίτητα
1756 1139 1866 1192 τῶν

279 1240 476 1299 uelim
498 1241 858 1313 παρενεγκεῖν
879 1235 1115 1297 εὐκόλως
1137 1231 1295 1297 εἰδὼς
1317 1232 1412 1286 καὶ
1433 1231 1746 1301 δυνάμενος,
1773 1230 1867 1284 καὶ

278 1334 443 1389 τοῦτο
470 1334 705 1404 ἀμογητὶ
753 1331 849 1384 καὶ
881 1329 982 1383 οὐκ
1010 1329 1067 1380 ὲν
1098 1325 1275 1398 χρόνῳ
1319 1321 1536 1395 μακρῷ.
1580 1323 1733 1394 ’Ἅμα
1758 1322 1867 1394 γάρ

281 1424 571 1494 εἰσήνεγκε
615 1428 643 1478 6
685 1422 893 1491 Μωσῆς
929 1420 1027 1491 τὴν
1068 1419 1228 1488 χεῖρα
1272 1418 1330 1470 ὲν
1380 1415 1456 1487 τῷ
1503 1415 1722 1487 κόλπῳ,
1775 1413 1869 1467 καὶ

283 1516 634 1587 ἀπήλλακται
675 1514 769 1568 τοῦ
820 1515 1016 1566 νοσεῖν.
1078 1508 1431 1581 ’Υπηνίττετο
1474 1507 1531 1561 δέ
1577 1524 1631 1560 τι
1681 1506 1867 1578 ἕτερον

280 1610 439 1679 ἡμῖν,
471 1605 726 1677 καθάπερ
755 1602 970 1676 ἐγῷμαι
990 1644 1007 1672 ,
1036 1604 1098 1656 τὸ
1136 1601 1344 1672 χρῆμα.
1369 1599 1631 1670 Μακροῦς
1658 1596 1766 1669 γὰρ
1811 1599 1869 1651 ὲν

283 1698 550 1766 Αἰγύπτῳ
592 1695 870 1768 τρίϐοντες
902 1695 1125 1766 χρόνους
1152 1697 1201 1748 οἰ
1232 1695 1290 1761 ἐξ
1337 1691 1588 1764 Ἰσραὴλ,
1621 1690 1868 1762 ἐξέθορον

286 1790 386 1860 μὲν
428 1787 529 1856 τῆς
577 1784 785 1839 ἀνωθεν
828 1785 922 1838 καὶ
968 1787 1033 1838 ὲκ
1077 1785 1331 1855 πατέρων
1367 1782 1550 1845 αὐτοῖς
1592 1779 1870 1850 ἑντριϐοῦς

284 1876 612 1941 ιπιεικείας,
655 1875 800 1929 ἔθεσί
830 1892 887 1929 τε
920 1875 1118 1946 μᾶλλον
1142 1877 1253 1939 τοῖς
1279 1872 1596 1944 ἐπιχωρίοις
1623 1869 1870 1942 ὲνιζηκό-

284 1988 412 2037 τες,
440 1970 538 2023 καὶ
570 1968 891 2039 βαθύνοντες
920 1967 1039 2021 λίαν
1081 1968 1159 2031 είς
1197 1966 1441 2029 κάθεσιν,
1473 1963 1613 2018 κατά
1650 1962 1748 2032 τὴν
1779 1961 1871 2017 τοῦ

287 2062 575 2133 προφήτου
620 2060 827 2131 φωνήν·
879 2076 899 2112 t
955 2058 1361 2130 Λελατρεύκασι
1407 2057 1505 2128 μὲν
1548 2059 1614 2128 τῇ
1661 2055 1871 2122 κτίσει,

290 2152 441 2225 παρὰ
461 2151 554 2205 τὸν
581 2150 864 2204 κτίσαντα.
890 2167 910 2201 ι
954 2148 1415 2218 Κατωλισθήκασι
1451 2147 1508 2200 δὲ
1535 2146 1629 2201 καὶ
1655 2147 1735 2209 είς
1765 2147 1873 2199 πᾶν

291 2242 425 2307 εἶδος
451 2239 795 2312 ἀκαθαρσίας
813 2278 830 2304 ,
864 2239 1146 2311 μονονουχὶ
1172 2238 1228 2292 δὲ
1251 2238 1521 2292 τεθνεῶτα
1557 2238 1744 2292 λοιπὸν
1777 2236 1872 2291 καὶ

291 2333 680 2403 ἀπεψυγμένον
711 2331 978 2403 ἐσχήκασι
1023 2328 1169 2384 νοῦν.
1216 2329 1583 2400 ’Δκαθαρσίας
1626 2329 1732 2398 γὰρ
1778 2328 1871 2383 καλ⁵

293 2424 620 2497 νεκρότητος
648 2425 871 2494 σημεῖον
903 2422 938 2493 ἡ
960 2420 1157 2493 λέπρα.
1186 2419 1677 2491 Μεμυσταγὼγηκε
1705 2420 1762 2474 δὲ
1786 2419 1874 2474 διὰ

292 2518 387 2570 τοῦ
417 2516 720 2586 θαύματος,
747 2512 824 2578 ὡς
863 2514 911 2567 εί
951 2511 1306 2584 παραδέξοιτο
1347 2511 1479 2575 Θεὸς
1517 2511 1734 2576 αὐτοὺς,
1773 2527 1871 2578 μο-

292 2608 511 2678 νονουχλ⁵
529 2606 587 2661 δὲ
608 2605 702 2659 καὶ
723 2603 1121 2673 ὲγκολπώσοιτο
1143 2603 1323 2668 πάλιν,
1347 2602 1407 2656 οὐ
1435 2603 1875 2673 δυσαπότρεπτον

294 2698 479 2764 ἕξουσι
516 2697 615 2769 τὴν
655 2696 1019 2769 ἀκαθαρσίαν,
1062 2694 1474 2766 διακρούσονται
1506 2692 1562 2745 δὲ
1600 2691 1695 2746 καὶ
1732 2692 1875 2762 μάλα

1270 295 1795 358 GLAPHYRORUM
1829 297 1899 355 ιΝ
1938 297 2224 359 EXODUM
2263 299 2394 355 LIB.
2435 299 2504 356 ιι.
2524 322 2535 337 λι

278 432 337 485 ιν
370 419 684 496 ἀνθριῖιποις
712 414 1274 488 ἀπεγνωσμένατκαὶ
1308 415 1378 469 τὰ
1404 415 1533 487 παρ’
1574 415 1704 485 ἡμῖν
1732 411 1862 469 ἀδύ-

1976 412 2128 480 Deus,
2162 429 2230 469 eo
2268 414 2387 484 ipso
2424 411 2556 469 dum
2590 410 2866 482 leprosam
2898 408 3035 467 Iasi
3070 424 3294 467 manum
3326 415 3548 474 sanitati
3664 414 3691 429 ‘

3381 313 3400 330 ο
3439 304 3545 361 m

1964 504 2228 570 restituit,
2275 504 2414 560 nihil
2461 504 2622 574 plane
2672 501 2905 573 reliquit
2949 502 3101 573 quod
3147 501 3550 566 immedicabile

1961 611 2082 652 esse
2115 596 2376 652 aestimari
2417 602 2630 665 queat:
2673 601 2734 649 ut
2777 593 2864 650 vel
2905 593 3038 650 hinc
3081 596 3419 667 perspiciam
3448 612 3549 655 vo-

1962 688 2092 753 cati,
2128 687 2183 743 id
2225 696 2311 744 est
2348 686 2630 752 lsraelitaa,
2676 685 2827 757 quod
2858 686 2964 742 etsi
2996 685 3316 744 inevitabile
3345 690 3550 744 malum

1975 779 2235 844 habeant,
2264 778 2397 834 dum
2452 777 2792 850 improbitati
2823 776 3201 850 Egyptiorum
3246 787 3379 836 sunt
3415 782 3551 837 sub-

1966 870 2121 943 jecti,
2152 879 2209 927 et
2256 871 2555 942 pessimum
2598 868 2757 942 quasi
2797 869 3092 941 quemdam
3140 870 3396 927 morbum
3440 872 3554 928 sint

1970 964 2140 1030 nacti,
2170 962 2495 1020 servitutem
2517 962 2644 1019 dico
2669 961 2774 1025 sub
2796 961 3068 1035 Egyptiis
3084 1002 3100 1030 ,
3134 979 3345 1035 gnavus
3368 972 3554 1021 tamen

1974 1063 2141 1125 atque
2170 1054 2474 1111 industrius
2505 1054 2752 1111 medicus
2781 1038 2838 1110 in
2865 1063 3057 1126 parato
3090 1055 3182 1121 sit,
3217 1057 3313 1127 qui
3345 1058 3552 1127 optime

1973 1145 2122 1201 norit
2157 1160 2221 1201 ac
2260 1152 2514 1223 potenter
2555 1146 2737 1202 valeat
2772 1146 3049 1217 depellere
3086 1147 3254 1204 etiam
3287 1148 3551 1219 despera-

1970 1237 2183 1295 tissima
2204 1239 2475 1295 malorum
2498 1254 2718 1311 genera,
2744 1239 2910 1310 idque
2932 1240 3051 1295 sine
3071 1240 3283 1305 labore,
3308 1255 3373 1295 ac
3397 1241 3550 1297 brevi

1970 1339 2236 1402 tempore.
2283 1332 2421 1387 Nam
2459 1331 2624 1387 simul
2673 1340 2836 1402 atque
2874 1332 3062 1389 intulit
3105 1331 3284 1389 Moses
3327 1349 3553 1389 manum

1969 1436 2125 1476 suam
2150 1420 2209 1475 in
2238 1420 2441 1486 sinum,
2478 1421 2631 1491 lepra
2663 1423 2953 1479 confestim
2987 1432 3180 1478 sanata
3211 1431 3298 1480 est
3366 1424 3555 1481 Tacite

1971 1527 2192 1583 quoque
2227 1512 2379 1569 aliud
2421 1513 2705 1584 quidpiam
2740 1515 2923 1582 nobis,
2954 1524 3017 1571 ut
3037 1531 3139 1587 ego
3167 1517 3430 1581 arbitror,
3464 1517 3553 1577 in-

1970 1605 2181 1661 nuitur.
2239 1604 2411 1662 Multo
2459 1606 2609 1662 enim
2662 1614 2910 1677 tempore
2954 1608 3011 1664 in
3053 1606 3285 1680 Egypto
3329 1617 3581 1680 agentes.

1973 1696 2252 1764 lsraelitae,
2288 1698 2501 1755 cmlesti
2546 1708 2876 1769 patrumque
2920 1713 3147 1754 suorum
3179 1707 3400 1755 utentes
3431 1714 3553 1754 mo-

1973 1786 2149 1857 destia
2181 1786 2455 1853 enituere,
2486 1787 2734 1843 moribus
2771 1801 2905 1842 vero
2939 1787 3119 1857 gentis
3161 1786 3218 1840 in
3256 1802 3364 1857 qua
3393 1786 3555 1857 dege-

1972 1879 2106 1935 bant
2146 1878 2305 1934 valde
2345 1879 2403 1934 in
2448 1878 2811 1949 dejectionem
2860 1877 3193 1943 inciderunt,
3225 1878 3377 1949 juxta
3420 1894 3555 1948 pro-

1972 1972 2154 2042 phetae
2181 1985 2374 2026 vocem
2407 1987 2420 2023 :
2461 1990 2479 2022 ι
2510 1970 2833 2026 Servierunt
2872 1977 3140 2026 creaturae
3168 1969 3353 2040 petius
3386 1985 3553 2040 quam

1972 2062 2220 2119 Creatori
2241 2063 2308 2116 ¹⁰.
2351 2080 2368 2115 ι
2409 2061 2658 2133 Prolapsi
2683 2077 2819 2117 vero
2859 2070 2990 2118 sunt
3025 2062 3081 2117 in
3116 2077 3278 2119 omne
3309 2065 3553 2134 turpitu-

1971 2153 2120 2210 dinis
2146 2169 2338 2226 genus,
2370 2162 2752 2224 mortuamque
2776 2153 2933 2225 quasi
2969 2162 3027 2210 et
3061 2154 3371 2210 exanimem
3406 2155 3554 2211 nacti

1973 2253 2103 2300 sunt
2137 2252 2379 2299 mentem
2440 2243 2618 2313 Lepra
2660 2244 2806 2299 enim
2849 2243 3220 2299 immunditiei
3260 2259 3333 2306 ac~
3361 2245 3558 2301 mortis

1974 2336 2141 2392 index
2164 2344 2266 2392 est.
2298 2336 2414 2392 Hoc
2437 2345 2523 2392 est
2546 2350 2680 2391 vero
2706 2335 2972 2392 miraculo
3001 2350 3098 2392 eos
3124 2335 3432 2399 erudiebat,
3462 2351 3554 2400 ne,

1975 2435 2330 2499 posteaquam
2369 2428 2515 2483 Deus
2551 2426 2677 2481 illos
2713 2425 2783 2481 ad
2822 2441 2881 2483 se
2912 2425 3276 2491 revocaverit,
3307 2438 3372 2480 ac
3396 2423 3557 2494 quasi

1975 2519 2033 2573 in
2082 2519 2265 2575 sinum
2314 2534 2477 2574 suum
2500 2517 2685 2575 denuo
2714 2516 3062 2583 condiderit,
3094 2516 3389 2574 difﬁculter
3426 2530 3486 2571 se
3523 2531 3555 2571 a

1972 2607 2229 2664 sordibus
2243 2604 2721 2676 etimpuritatibus
2734 2604 2852 2660 suis
2866 2612 3197 2668 averterent,
3217 2604 3311 2660 sed
3328 2603 3486 2660 facile
3495 2611 3554 2659 et

1970 2700 2127 2770 quasi
2142 2699 2293 2755 nullo
2302 2698 2524 2779 negotio
2534 2697 2863 2768 impedirent
2876 2697 3071 2752 mortis
3087 2695 3387 2767 spiritualis
3395 2695 3554 2750 foedi-

295 2790 496 2863 ῥᾳδίως
514 2788 607 2843 τὸν
644 2790 708 2842 ἐκ
744 2788 840 2858 τῆς
870 2786 1063 2857 νοητῆς
1086 2783 1415 2855 νεκρότητος
1448 2780 1742 2851 μολυσμὸν.
1768 2779 1871 2833 Kal

1976 2800 2164 2848 tatem.
2194 2789 2272 2845 Ac
2298 2790 2367 2845 de
2399 2789 2488 2844 his
2514 2788 2740 2859 quidem
2769 2790 3039 2846 hactenus
3070 2788 3183 2845 sint
3210 2786 3377 2867 dicta.
3405 2785 3550 2853 Quo-

291 2880 497 2936 οὐτωσὶ
523 2880 623 2952 μὲν
656 2880 786 2951 ἡμῖν
808 2880 836 2931 6
869 2877 924 2931 ἐν
952 2893 1016 2946 γε
1036 2876 1210 2946 τούτῳ
1233 2873 1408 2943 λόγος.
1429 2873 1551 2925 ’Ότι
1576 2871 1632 2923 δὲ
1655 2871 1714 2923 τὸ
1740 2871 1877 2941 Χρι-

294 2971 421 3026 στοῦ
438 2971 739 3041 μυστήριον
756 2968 1181 3039 ὲσκιαγραιρεῖτο
1202 2964 1362 3020 πάλιν
1377 2964 1452 3027 ὡς
1469 2964 1527 3017 ὲν
1550 2966 1618 3035 τῇ
1639 2961 1879 3025 Μωσέως

1976 2883 2141 2939 modo
2180 2897 2313 2938 vero
2361 2880 2724 2935 adumbretur
2771 2880 2956 2936 adhuc
2989 2878 3194 2936 Christi
3234 2876 3554 2949 mysterium

1978 2974 2036 3029 in
2070 2972 2234 3029 Mosis
2275 2986 2442 3026 manu
2473 2971 2627 3042 lepra
2657 2970 2882 3037 infecta,
2909 2986 2976 3027 ac
3012 2987 3140 3028 mox
3166 2987 3299 3028 sana
3335 2979 3393 3027 et
3418 2984 3556 3041 pur)

290 3058 436 3128 χειρὶ
483 3056 874 3129 λελεπρωμένῃ
921 3074 980 3111 τε
1028 3056 1120 3110 καὶ
1175 3052 1598 3126 κεκαθαρμένη,
1652 3051 1871 3105 διειπεῖν

1980 3063 2213 3129 reddita,
2248 3062 2432 3118 dicere
2471 3061 2778 3133 aggrediar.
2821 3061 2964 3129 Quia
3008 3078 3140 3133 ergo
3179 3079 3198 3114 ι
3231 3077 3330 3133 per
3360 3061 3559 3116 Filium

182 3171 200 3188 ε
291 3149 650 3218 πειράσομαι.
691 3148 922 3212 Οὐκοῦν,
951 3148 1032 3202 ὅτι
1071 3166 1089 3200 ι
1131 3146 1319 3201 Πάντα
1364 3144 1556 3213 γέγονε
1604 3143 1671 3197 δι’
1720 3142 1871 3210 Υίοῦ,

290 3238 390 3293 καὶ
453 3238 624 3323 χωρὶς
683 3236 848 3292 αὑτοῦ
921 3237 1135 3307 ἐγένετο
1202 3236 1324 3290 οὐδὲ
1381 3235 1460 3297 ἓν,
1530 3253 1547 3286 ι
1602 3236 1630 3290 6
1679 3234 1870 3289 θεσπέ-

288 3347 407 3393 σιος
448 3330 583 3399 ἡμῖν
626 3328 1014 3400 εὐαγγελιστὴς
1069 3327 1323 3398 Ἰωάννης
1365 3322 1424 3381 εὖ
1480 3326 1624 3400 μάλα
1644 3326 1875 3397 διαμαρ-

162 3396 169 3401 Δ
285 3396 539 3491 cipe-cat.
592 3396 814 3491 Ἐπειδῆ
857 3421 916 3475 δὲ
943 3396 1078 3491 πρὸς
1107 3420 1215 3473 πᾶν
1254 3396 1431 3472 ὁτιοῦν
1458 3396 1676 3489 ἐνεργὸς
1702 3396 1876 3472 ὁΠα-

287 3515 397 3585 τὴρ
434 3513 502 3566 δι’
547 3512 736 3577 αὑτοῦ,
780 3510 1036 3584 ταύτῃτοι
1081 3510 1177 3565 καὶ
1217 3512 1251 3581 ἡ
1281 3510 1640 3573 θεόπνευστος
1682 3510 1872 3583 Γραφὴ

289 3602 450 3673 χεῖρά
492 3619 552 3655 τε
583 3602 734 3673 ἡμῖν,
762 3600 1038 3672 βραχίονα
1066 3617 1126 3653 τε
1157 3600 1255 3653 καὶ
1277 3598 1456 3665 δεξιὰν
1484 3598 1740 3670 ὀνομάζει
1777 3599 1872 3653 τοῦ

288 3696 506 3767 Ila-r96;
544 3694 638 3748 τὸν
672 3693 818 3747 Υίὸν.
868 3692 983 3748 Kal.
1038 3692 1169 3762 γοῦν
1216 3693 1244 3745 6
1277 3691 1562 3756 θεσπέσιος
1615 3692 1870 3757 Ἡσαΐας,

295 3811 312 3840 ι
348 3790 551 3859 Κύριε,
601 3786 755 3859 φησὶ,
790 3775 890 3851 τίς⁸
915 3785 1202 3839 ἐπίστευσε
1237 3788 1301 3857 τῇ
1329 3785 1466 3856 ἀκοῇ
1502 3784 1691 3856 ήμῶν;
1724 3786 1817 3840 καὶ
1846 3788 1874 3840 6

291 3879 538 3951 βραχίων
560 3877 767 3949 Κυρίου
792 3876 898 3931 τίνι
920 3875 1307 3947 ἀπεκαλύφοη;
1336 3896 1354 3929 t
1386 3877 1744 3947 Μεμενήκασι
1765 3876 1875 3949 γὰρ

291 3971 525 4041 σκληροὶ
554 3970 651 4023 καὶ
691 3969 915 4041 ὲξήνιοι,
961 3968 1056 4023 καὶ
1085 3968 1219 4023 πολὺ
1251 3968 1535 4033 νοσοῦντες
1562 3969 1624 4022 τὸ
1652 3971 1876 4035 ἀπειθὲς

287 4063 339 4115 οἱ
370 4062 604 4125 τάλανες
646 4062 910 4115 Ἰουδαῖοι.
960 4061 1071 4115 Kal.
1118 4060 1195 4133 τῷ
1241 4063 1342 4132 μὲν
1369 4062 1513 4133 λόγῳ
1549 4063 1750 4134 Κυρίου
1782 4065 1877 4118 καὶ

290 4151 500 4213 αὐτοὺς
539 4150 644 4221 ἔφη
686 4151 813 4215 τοὺς
865 4150 1126 4222 οὐρανοὺς
1153 4151 1518 4222 ὲστερεῶσθαι
1559 4151 1735 4207 Δαϐίδ’
1787 4153 1877 4209 διά

287 4239 464 4314 [δέ]γε
488 4241 675 4312 φωνῆς
694 4241 988 4313 προφητῶν
1004 4243 1032 4296 6
1046 4241 1281 4304 Θεδςκαλ.
1297 4242 1489 4315 Πατὴρ
1506 4241 1876 4315 διισχυρίσατο

285 4336 491 4405 λέγων·
523 4353 543 4386 ι
589 4333 727 4402 Ἐγὼ
750 4336 816 4406 τῇ
839 4335 981 4405 χειρί
1006 4352 1108 4406 μου
1129 4334 1435 4407 ὲστερὲωσα
1457 4334 1546 4389 τὸν
1566 4336 1812 4407 οὐρανόν.
1848 4355 1869 4389 ι

1983 3155 2119 3212 facta
2159 3162 2287 3210 sunt
2322 3154 2480 3224 301
2510 3155 2715 3219 omnia,
2739 3164 2796 3210 et
2823 3155 2943 3212 sine
2974 3156 3096 3226 ipso
3132 3155 3335 3211 factum
3364 3164 3447 3210 est
3470 3154 3557 3208 ni-

1984 3246 2061 3300 hil
2090 3247 2154 3311 “,
2191 3264 2208 3298 ι
2248 3246 2455 3315 optime
2485 3260 2640 3301 sacer
2671 3247 3005 3317 evangelista
3034 3247 3272 3302 Joannes
3300 3252 3559 3302 testatum

1982 3337 2227 3409 reliquit.
2255 3336 2394 3405 Quia
2423 3352 2554 3393 vero
2597 3338 2761 3393 Pater
2789 3338 2973 3394 omnia
3012 3341 3071 3397 in
3101 3338 3240 3394 Filio
3273 3345 3557 3407 operatur,

1980 3438 2272 3500 propterea
2300 3444 2456 3485 sacra
2489 3428 2772 3498 Scriptura
2801 3444 3020 3500 quoque
3048 3428 3210 3484 nobis
3236 3428 3440 3484 Filium
3460 3428 3559 3484 Pa-

1981 3523 2083 3578 tris
2114 3521 2362 3577 nominat
2402 3535 2646 3585 manum,
2682 3519 2970 3575 brachium
3016 3504 3093 3576 et.
3122 3520 3423 3575 dexteram.
3469 3519 3562 3576 Sic

1980 3611 2128 3668 enim
2162 3610 2382 3665 divinus
2412 3607 2581 3663 Isaias
2610 3624 2623 3660 :
2663 3626 2681 3657 ι
2712 3608 2962 3672 Domine,
2992 3606 3117 3676 quis
3143 3605 3379 3662 credidit
3407 3604 3561 3660 audi-

1983 3702 2064 3757 tui
2115 3700 2340 3757 nostro?
2393 3699 2462 3754 Et
2515 3698 2805 3755 brachium
2856 3697 3075 3753 Domini
3122 3696 3214 3755 cui
3257 3696 3562 3752 revelatum

1980 3803 2065 3850 est
2086 3794 2166 3847 "?
2202 3812 2220 3845 ι
2259 3791 2393 3847 Duri
2428 3789 2577 3847 enim
2608 3797 2665 3845 et
2694 3789 2931 3845 eﬂ‘renes
2968 3787 3340 3858 perdurarunt
3372 3786 3562 3845 miseri

1979 3884 2175 3949 Judmi,
2210 3880 2595 3937 incredulitate
2631 3878 2863 3933 nimium
2906 3877 3241 3933 laborantes.
3282 3876 3351 3931 Et
3379 3875 3560 3933 Verbo

1980 3973 2198 4031 Domini
2242 3971 2413 4027 cmlos
2453 3984 2576 4024 esse
2622 3966 2867 4021 firmatos
2898 3965 3069 4021 David
3112 3971 3362 4030 testatur,
3395 3964 3559 4035 idque

1980 4065 2372 4138 prophetarum
2416 4058 2657 4117 oraculis
2701 4059 2847 4113 Deus
2891 4058 3056 4113 Pater
3100 4056 3176 4113 ita
3218 4056 3556 4129 confirmat:

1988 4178 2007 4212 ι
2044 4158 2236 4215 Manus
2258 4170 2380 4212 mea
2406 4152 2658 4210 fundavit
2678 4150 2881 4207 caelum
2904 4150 2971 4206 ”.
3008 4169 3027 4203 ι
3056 4149 3402 4222 Compellans
3426 4164 3563 4204 vero

1981 4251 2118 4307 alios
2144 4248 2312 4314 idem,
2341 4246 2419 4303 ait
2446 4263 2460 4301 :
2500 4264 2520 4298 ι
2548 4244 2663 4316 Ego
2691 4244 2837 4300 Deus
2872 4250 3000 4299 tuus
3025 4243 3121 4315 qui
3145 4241 3451 4299 confortavi
3484 4250 3558 4305 te,

1981 4351 2039 4398 et
2074 4340 2370 4398 auxiliatus
2413 4352 2535 4394 sum
2574 4335 2697 4400 tibi,
2727 4343 2784 4389 et
2817 4334 3033 4404 protexi
3068 4341 3122 4388 te
3161 4332 3387 4399 dextera
3413 4333 3560 4402 justa

286 4421 742 4495 Προσπεφὼνηκε
793 4423 850 4477 δὲ
887 4423 980 4478 καὶ
1024 4423 1266 4494 ἑτέρως’
1304 4444 1323 4476 ι
1371 4423 1513 4494 Ἐγὼ
1542 4423 1651 4496 γὰρ
1687 4428 1715 4480 6
1743 4424 1871 4491 Θεός

1978 4450 2101 4491 mea
2132 4432 2197 4487 “.
2232 4450 2252 4485 ι
2295 4427 2596 4488 Consuevit
2640 4441 2774 4482 vero
2820 4424 3006 4480 divina
3039 4423 3324 4493 Scriptura
3362 4423 3561 4477 Filium

287 4534 387 4570 σου
422 4515 485 4578 6.;
530 4515 791 4587 ἐνίσχυσὰ
829 4533 911 4582 σε,
943 4517 1037 4571 xal.
1063 4515 1339 4588 ἐϐοήθησά
1379 4534 1483 4584 σοι,
1528 4518 1623 4571 καὶ
1649 4518 1883 4589 ⁴ησφαλι-

1976 4525 2255 4597 appellare
2301 4535 2545 4577 manum.
2593 4515 2831 4573 Attende
2886 4514 3074 4585 itaque
3122 4527 3346 4569 manum
3397 4511 3562 4567 Mosis

287 4611 481 4682 σὰμην
532 4627 593 4663 σε
633 4612 700 4682 τῇ
742 4609 893 4681 δεξιᾷ
940 4612 1008 4680 τῇ
1046 4608 1232 4678 δικαίᾳ
1272 4625 1394 4678 μου.
1430 4626 1449 4661 ι
1482 4609 1655 4680 Χεῖρα
1679 4609 1744 4681 δὴ
1786 4604 1871 4666 οὖν

1976 4631 2104 4672 mox
2152 4615 2212 4670 in
2259 4614 2385 4670 sinu
2428 4610 2830 4675 absconditam,
2885 4608 3197 4677 iterumque
3237 4603 3560 4676 productam

286 4702 417 4767 ἔθος
444 4705 513 4773 τῇ
548 4700 892 4772 θεοπνεύστῳ
913 4700 1102 4771 Γραφῇ
1132 4699 1222 4753 τὸν
1245 4699 1374 4753 Υίδν
1401 4699 1715 4756 ἀποκαλεῖν.
1741 4701 1871 4774 Ὅρα

1976 4708 2129 4780 lepra
2164 4705 2455 4771 infectam;
2490 4717 2618 4758 mox
2654 4717 2876 4758 rursum
2917 4701 2976 4756 in
3003 4699 3187 4757 sinum
3223 4698 3473 4764 relatam,
3498 4711 3563 4751 ac

286 4793 477 4846 τοίνυν
498 4794 600 4861 τὴν
621 4792 864 4856 Μωσέως
893 4794 1053 4863 χεῖρα
1081 4790 1467 4862 κρυπτομένην
1506 4791 1563 4843 ὲν
1589 4789 1668 4862 τῷ
1694 4791 1871 4863 κόλπῳ

1977 4798 2265 4855 confestim
2286 4796 2558 4853 redditam
2583 4810 2793 4852 sanam.
2822 4792 3187 4852 Considerare
3209 4806 3342 4847 vero
3364 4803 3560 4861 mysre-

284 4884 485 4949 αὐτοῦ,
508 4880 629 4937 εἶτα
651 4883 786 4956 πρὸς
812 4885 874 4936 τὸ
895 4881 1000 4948 ἔξω
1030 4881 1359 4954 φερομένην,
1381 4882 1475 4935 καὶ
1504 4882 1789 4955 ὁρωμένην
1818 4883 1876 4937 ὲν

283 4977 475 5048 λέπρᾳ
494 4989 510 5005 ⁶
542 4975 635 5029 καὶ
667 4974 828 5029 πάλιν
858 4974 1254 5045 είσφερομένην
1279 4974 1336 5027 ἐν
1358 4971 1436 5044 τῷ
1474 4972 1659 5044 κόλπῳ
1686 4973 1875 5040 αὑτοῦ,

284 5068 391 5122 καὶ
414 5066 763 5138 παραχρῆμα
781 5064 873 5119 τοῦ
898 5063 1103 5129 πάθους
1122 5063 1570 5137 ἀπηλλαγμένην.
1606 5065 1876 5122 Ἐννοοῢν-

279 5178 384 5223 τες
432 5158 494 5214 δὲ
542 5157 605 5212 τδ
646 5158 945 5228 μυστήριον
1001 5155 1096 5211 καὶ
1133 5157 1224 5211 τὸν
1265 5157 1363 5229 τῆς
1414 5157 1877 5230 ἑνανθρωπήσεως

278 5253 519 5324 τρόπον,
558 5250 670 5320 ὅπη
693 5266 749 5303 τε
797 5248 892 5302 καὶ
915 5247 1064 5314 ὅπως
1096 5247 1165 5304 ἂν
1189 5247 1287 5322 ἔχῃ
1317 5247 1606 5318 καταθρεῖν
1648 5248 1877 5304 σπουδὰ-

276 5345 504 5411 ζοντες,
550 5339 764 5396 τοιοῦτό
798 5358 855 5394 τι
881 5339 1101 5410 γεγονὸς
1140 5340 1463 5411 εὑρήσομεν.
1491 5333 1600 5394 Ἦν
1640 5339 1737 5411 μὲν
1768 5339 1878 5412 γάρ

278 5454 411 5500 πως
441 5436 473 5488 ὁ
501 5433 632 5498 Υίὺς
668 5434 726 5488 ὲν
750 5432 831 5505 τῷ
873 5432 1060 5503 κόλπῳ
1093 5430 1188 5484 τοῦ
1221 5430 1356 5485 Θεοῦ
1386 5429 1479 5485 καὶ
1519 5431 1750 5502 Πατρὸς,
1783 5432 1878 5486 καὶ

271 5527 357 5582 δι’
390 5524 563 5580 αὐτοῦ
601 5525 671 5582 τὰ
706 5523 885 5580 πάντα
923 5521 1223 5593 πεποίηκεν
1250 5523 1277 5576 ὁ
1318 5523 1527 5594 Πατήρ.
1570 5521 1738 5588 Αὐτὸς
1768 5523 1875 5595 γάρ

1983 4887 2128 4943 rium
2166 4895 2330 4957 atque
2358 4884 2582 4940 modum
2615 4883 3030 4949 incarnationis,
3068 4882 3354 4954 qualisque
3397 4879 3470 4933 sit
3505 4887 3561 4932 et

1982 4977 2220 5049 qualiter
2260 4991 2319 5032 se
2360 4976 2582 5041 habeat,
2612 4976 2855 5046 penitius
2896 4974 3257 5044 introspicere
3295 4971 3339 5026 si
3373 4970 3562 5026 volue-

1983 5070 2178 5134 rimus,
2209 5067 2316 5123 tale
2340 5065 2474 5138 quid
2504 5066 2757 5123 evenisse
2780 5067 2942 5138 plane
2975 5063 3397 5134 comperiemus.
3428 5062 3563 5117 Erat

1982 5157 2254 5230 siquidem
2294 5155 2469 5212 Filius
2515 5155 2573 5212 in
2618 5155 2745 5213 sinu
2785 5154 2885 5210 Dei
2926 5153 3124 5219 Patris,
3158 5167 3366 5223 perque
3407 5152 3561 5206 illum

1983 5250 2167 5308 omnia
2191 5250 2335 5307 facta
2362 5258 2494 5307 sunt
2518 5265 2552 5306 a
2572 5249 2754 5305 Patre.
2779 5247 2900 5318 Ipse
2923 5245 3126 5302 etenim
3155 5244 3443 5300 brachium
3470 5261 3561 5301 ex-

1982 5343 2189 5400 celsum
2225 5349 2332 5412 est,
2359 5349 2419 5399 et
2448 5340 2634 5396 omnia
2675 5338 2900 5394 ﬁrmans
2940 5352 3004 5394 ac
3044 5335 3311 5393 roborans
3343 5350 3559 5400 manus,

1982 5445 2039 5492 ct
2068 5435 2290 5493 dextera
2329 5432 2692 5490 admirabilis.
2728 5431 3024 5500 Postquam
3051 5443 3185 5485 vero
3220 5427 3386 5483 modo
3417 5443 3559 5498 quo-

1984 5523 2109 5581 dam
2130 5525 2185 5581 in
2214 5540 2376 5582 suum
2398 5522 2681 5595 profectus
2714 5528 2798 5576 est
2821 5520 3025 5586 locum,
3052 5520 3219 5578 homo
3244 5519 3442 5586 factus,
3478 5519 3560 5578 in-

357 5730 411 5766 ”
439 5730 603 5788 Rom.
640 5746 678 5799 γ,
705 5730 794 5787 ‘25.
873 5729 1095 5786 "Joan.
1124 5744 1161 5797 ι,
1202 5728 1253 5782 5.
1331 5732 1372 5762 “
1419 5729 1521 5800 Isa,
1552 5745 1663 5797 LIII,
1696 5729 1747 5785 ἓ.
1828 5731 1871 5763 ⁸⁸³

1976 5770 1996 5785 ,.
2025 5745 2205 5798 χιηιι,
2237 5731 2321 5785 l5.
2399 5731 2444 5762 "
2466 5729 2570 5788 lsa.
2603 5745 2714 5801 xu,
2749 5728 2833 5791 10.
