4024 6198
464 305 572 363 473
620 309 637 325 ⁶

1477 302 1541 360 8.
1580 302 1861 361 CYRILLI
1896 305 2371 366 ALEXANDRINI
2406 308 2727 367 ARCHIEP.

2380 192 2417 229 Ι

3625 298 3733 357 676

466 418 956 477 ﬁrmitatea'etlan
985 426 1202 476 nostras
1238 421 1554 492 assumpsit,
1589 423 1744 493 juxta
1770 422 2053 494 prophetae

2155 426 2299 480 ἐστιν
2337 428 2366 481 6
2406 426 2643 499 βραχίων
2668 428 2696 481 6
2735 425 2959 497 ὑψηλὸς,
2982 426 3017 496 ἡ
3050 423 3225 478 πάντα
3249 420 3511 492 ίσχύουσα
3531 418 3674 490 χεὶρ,
3698 421 3731 476 ἡ

463 522 659 565 vocem
685 509 752 577 ”,
777 509 1051 565 obnoxius
1068 508 1280 580 judicio
1299 518 1355 565 et
1384 510 1774 567 immunditiei.
1803 512 2052 567 Humana

464 600 616 655 enim
654 600 837 655 omnis
880 598 1126 654 conditio
1163 598 1234 653 ad
1275 599 1448 654 Deum
1481 608 1793 670 comparata
1835 600 2053 670 impura

464 699 570 754 est,
594 690 642 744 si
666 704 797 744 vere
822 688 991 744 Isaias
1008 688 1149 744 dixit
1178 707 1191 742 :
1226 708 1246 741 ι
1272 688 1436 756 Quasi
1458 705 1674 760 pannus
1699 700 2053 751 menstruam

465 792 673 836 omnes
700 787 904 835 nostra:
927 782 1158 852 iustitiae
1186 783 1252 836 “.
1299 801 1318 833 ι
1369 781 1509 849 Quia
1548 783 1714 855 igitur
1748 782 2052 839 humanam

464 872 765 942 assumpsit
793 880 1068 939 naturam,
1097 873 1155 929 in
1186 873 1449 931 foeditatis
1481 876 1850 947 suspicionem
1883 877 2051 933 deve-

464 964 548 1018 nit
571 963 917 1020 castissimus
946 965 1082 1035 ipse,
1117 974 1174 1021 et
1201 967 1380 1022 lucem
1409 967 1663 1024 habitans
1689 968 2048 1024 inaccessam.

463 1053 618 1108 Adeo
661 1054 936 1124 siquidem
968 1056 1160 1111 infelix
1189 1055 1505 1112 Iudaeorum
1553 1056 1832 1112 aberravit
1858 1058 2048 1125 natio;

464 1145 602 1217 quin
630 1155 688 1201 et
713 1146 828 1201 vini
857 1155 1130 1217 potorem,
1159 1156 1217 1204 et
1247 1147 1680 1216 Samaritanum,
1712 1158 1769 1205 et
1791 1165 1860 1204 ex
1891 1149 2050 1205 adul-

466 1238 610 1293 terio
670 1247 897 1305 natum,
950 1248 1065 1295 tum
1110 1243 1277 1297 etiam
1325 1253 1673 1313 peccatorem
1723 1242 2047 1298 nominavit.

463 1327 624 1384 Caico
648 1330 798 1385 enim
833 1346 865 1385 a
888 1331 1172 1388 nativitate
1194 1349 1313 1400 sua,
1340 1350 1370 1388 a
1402 1333 1624 1391 Christo
1653 1344 1863 1400 sanato,
1895 1334 2051 1389 dixe-

465 1426 598 1472 runt
625 1435 640 1472 :
680 1438 698 1471 ι
729 1418 806 1474 Da
827 1420 1058 1490 gloriam
1089 1421 1219 1477 Deo.
1249 1423 1361 1479 Nos
1382 1424 1587 1480 scimus
1612 1425 1741 1496 quia
1769 1425 1861 1481 hic
1885 1425 2053 1480 homo

464 1519 723 1580 peccator
764 1519 851 1566 est
889 1512 954 1566 ”.
995 1531 1014 1564 ›
1054 1511 1159 1569 Sed
1201 1530 1270 1570 eo
1323 1514 1616 1573 dementia:
1655 1524 1958 1588 nunquam,
1992 1524 2054 1572 ut

465 1600 730 1667 arbitror,
757 1602 1060 1669 venissent,
1101 1613 1163 1660 ut
1198 1606 1326 1662 talia
1360 1607 1629 1674 dicerent,
1665 1617 1721 1665 et
1753 1609 1962 1665 eﬂ‘rene
1994 1609 2049 1664 in

465 1705 594 1746 eum
635 1707 699 1748 os
739 1694 1037 1764 aperirent,
1070 1695 1117 1750 si
1149 1695 1248 1751 Dei
1293 1707 1546 1754 naturam
1580 1699 1636 1754 in
1664 1713 1731 1755 eo
1760 1701 2049 1773 cognovis-

2153 519 2588 591 ἀξιοθαύμαστος
2615 519 2782 586 δεξιά.
2830 517 3046 590 Ἐπειδὴ
3065 516 3124 571 δὲ
3152 516 3353 588 τρόπον
3384 513 3509 567 τινὰ
3536 513 3616 575 είς
3641 512 3731 566 τὸν

2154 610 2284 665 ῐδιον
2322 610 2621 681 ὲκδέδηκεν
2653 610 2839 676 τόπον,
2871 609 3160 680 γενόμενος
3180 604 3608 679 ἅνθρωπος,⁹καὶ
3633 604 3731 666 τὰς

2151 701 2436 765 ἀσθενείας
2456 701 2614 772 ἡμῶν
2631 701 2811 766 ἔλαϐε,
2830 700 2973 755 κατὰ
2988 700 3084 771 τὴν
3105 698 3198 753 τοῦ
3222 698 3504 770 προφήτου
3527 695 3730 765 φωνὴν.

2151 791 2210 844 ἑν
2236 790 2502 861 ὑπολήψει
2534 792 2726 860 γέγονε
2756 790 2852 845 καὶ
2875 789 3207 861 ἀκαθαρσίᾳ.
3254 786 3591 863 Ἀκάθαρτος
3623 784 3731 856 γάρ

2150 885 2183 955 ἡ
2220 882 2510 955 ἀνθρώπου
2555 883 2716 953 φύσις
2748 883 2884 955 πρὸς
2910 882 3064 949 Θεὸν,
3095 880 3237 949 εἴγε
3267 878 3466 951 ἀληθὲς
3501 879 3532 931 ὃ
3571 891 3732 947 φησιν

2150 977 2180 1030 6
2232 978 2520 1049 προφήτης
2576 976 2839 1040 Ἡσαΐας,
2893 976 2978 1030 ὅτι
3043 995 3064 1027 ι
3107 975 3267 1029 Πᾶσα
3320 975 3354 1043 ἠ
3414 968 3729 1039 δικαιοσύνη

2150 1066 2334 1138 ήμῶν,
2384 1066 2458 1132 ὡς
2513 1067 2678 1137 ῥάκος
2730 1065 3177 1139 ἀποκαθημένης.
3224 1084 3244 1117 ι
3286 1063 3519 1128 Οὐκοῦν,
3555 1062 3616 1115 τό
3666 1076 3730 1129 γε

2151 1154 2288 1233 ἧκον
2338 1160 2420 1224 είς
2453 1158 2742 1230 ἀνθρώπου
2794 1159 2979 1229 φύσιν,
3011 1159 3069 1213 ὲν
3091 1157 3311 1229 δοκήσει
3338 1155 3565 1225 γέγονεν
3594 1154 3732 1207 ἀκαο

2153 1250 2403 1324 θαρσίας,
2456 1252 2486 1306 6
2529 1251 2804 1321 πάναγνός
2838 1268 2897 1305 τε
2933 1252 3027 1306 καὶ
3075 1250 3192 1320 φῶς
3220 1248 3515 1320 ἀπρόσιτον
3544 1245 3729 1302 οἰκῶν.

2153 1342 2530 1414 Πεπλάνηνται
2580 1342 2691 1415 γὰρ
2742 1341 2887 1398 οὕτω
2935 1342 3030 1397 καὶ
3082 1344 3132 1398 οἱ
3185 1341 3415 1406 τάλανες
3455 1339 3729 1394 Ἰουδαῖον

2151 1436 2430 1510 τοιγάρτοι
2479 1436 2573 1491 καί
2606 1438 2837 1506 μέθυσον
2883 1436 2980 1491 καὶ⁵
3027 1433 3378 1507 Σαμαρείτην
3425 1432 3729 1503 ὠνόμαζον,

2154 1530 2250 1584 καὶ
2287 1531 2351 1583 ὲκ
2387 1528 2643 1599 πορνείας
2674 1528 3060 1600 γεγενημένον,
3104 1527 3202 1581 καὶ
3241 1524 3379 1596 πρὸς
3410 1524 3624 1587 τούτοις
3655 1524 3733 1578 ἔτι

2154 1619 2249 1673 καὶ
2297 1617 2643 1690 ἀμαρτωλόν.
2694 1617 2975 1687 Ἔφασκον
3006 1617 3114 1689 γάρ
3148 1634 3251 1670 που
3283 1614 3363 1686 τῷ
3412 1617 3478 1669 ὲκ
3509 1613 3732 1683 γενετῆς

2155 1707 2340 1779 τυφλῷ
2364 1706 2847 1780 τεθεραπευμένῳ·
2884 1726 2902 1759 ι
2935 1707 3034 1771 Δδς
3065 1706 3223 1772 δόξαν
3246 1705 3324 1776 τῷ
3360 1705 3500 1775 Θεῷ.
3544 1704 3733 1775 Ἡμεῖς

466 1793 609 1840 sent.
655 1785 816 1857 302
871 1786 980 1844 Sed
1023 1803 1151 1844 cum
1200 1789 1313 1855 ille,
1353 1791 1446 1862 qui
1494 1800 1755 1864 tanquam
1802 1794 2053 1864 impurus

2155 1797 2378 1868 οἴδαμεν
2420 1798 2503 1851 ὅτι
2557 1792 2710 1862 οὗτος
2755 1800 2785 1853 6
2829 1798 3114 1870 ἄνθρωπος
3140 1797 3465 1871 ἁμαρτωλός
3494 1798 3664 1849 ἐστιν.
3708 1814 3726 1847 ι

467 1875 634 1931 homo
680 1876 738 1931 in
779 1877 928 1935 hunc
976 1880 1244 1936 mundum
1295 1890 1457 1938 natus
1494 1894 1633 1950 erat,
1668 1884 1780 1941 imo
1819 1885 2051 1955 ipsemet

469 1967 722 2037 impurus
758 1978 816 2024 et
845 1971 1145 2028 sceleratus
1172 1974 1606 2042 existimabatur,
1638 1979 1764 2033 vitae
1793 1993 1906 2034 suae
1934 1980 2050 2035 dis-

467 2061 848 2132 pensationem
894 2064 1290 2133 perfectissime
1334 2067 1678 2135 absolvisset,
1719 2069 2052 2141 tandemque

426 2178 431 2183 -
466 2155 537 2208 ad
569 2154 789 2210 Patrem
825 2155 1187 2225 pervenisset,
1220 2158 1386 2228 inque
1417 2160 1595 2214 sinum
1625 2161 1746 2231 ejus
1775 2161 2048 2228 rediisset,

467 2253 621 2309 tunc,
649 2244 896 2316 inquam,
922 2248 1133 2318 expulit
1177 2262 1300 2302 eam
1349 2248 1700 2318 opinionem,
1749 2268 1858 2322 qua
1904 2252 2053 2307 velut

466 2334 634 2392 homo
678 2337 905 2407 iniquus
949 2346 1005 2395 et
1054 2339 1308 2411 impurus
1357 2350 1520 2397 natus
1566 2358 1688 2398 esse
1737 2343 2049 2399 videbatur.

467 2424 783 2484 Honoratur
814 2443 948 2484 vero
979 2438 1040 2485 ut
1064 2432 1230 2497 Deus,
1262 2432 1519 2488 laudatur
1552 2450 1584 2489 a
1611 2435 1823 2490 cunctis
1852 2444 1913 2490 ut
1943 2437 2051 2491 Do-

467 2516 672 2583 minus,
707 2527 768 2573 ut
798 2517 1033 2577 Sanctus
1064 2509 1415 2589 sanctorum,
1439 2532 1501 2579 ut
1535 2524 1627 2594 qui
1660 2525 1881 2581 condita
1925 2527 2051 2581 illu—

468 2616 670 2673 strans,
706 2608 993 2665 hominum
1037 2614 1345 2683 spiritibus,
1382 2624 1548 2686 atque
1588 2616 1656 2672 iis
1687 2618 1782 2687 qui
1818 2618 1872 2672 in
1909 2613 2053 2674 terra

466 2702 599 2751 sunt
622 2695 935 2755 facultatem
972 2702 1181 2773 przebet
1224 2704 1524 2774 superandi
1568 2713 1625 2760 et
1661 2707 2052 2777 pessumdandi

465 2803 596 2843 eum
622 2791 718 2861 qui
747 2792 927 2848 omnis
951 2803 1036 2849 est
1058 2803 1253 2851 auctor
1283 2797 1702 2867 inquinamenti.
1731 2798 1888 2866 Quod
1923 2814 2055 2855 vero

465 2895 567 2952 per
609 2882 1076 2955 dispensationem
1131 2890 1439 2961 susceperit
1490 2905 1612 2961 quae
1659 2891 1728 2946 ad
1774 2892 2053 2948 hominem

466 2973 766 3043 pertinent,
803 2975 1092 3050 factusque
1112 2980 1217 3036 sub
1238 2981 1358 3053 lege
1383 2982 1529 3038 inter
1555 2983 1754 3054 impios
1785 2984 1856 3039 sit
1889 3000 2052 3055 repu-

468 3072 617 3121 tatus
645 3066 713 3132 “,
750 3078 1151 3141 revocatusque
1197 3072 1381 3127 denuo
1422 3081 1478 3128 et
1525 3074 1769 3129 insertus
1810 3075 2054 3144 pristina:

468 3155 722 3228 dignitati
748 3173 812 3213 ac
832 3160 1040 3229 gloriae,
1060 3135 1285 3231 plenam
1311 3164 1441 3219 facit
1464 3165 1581 3233 ipse
1610 3135 2052 3234 ﬁdem-quando
2080 3135 2121 3192 Ο

467 3246 549 3301 sic
573 3247 642 3301 ad
667 3249 882 3303 Patrem
911 3251 1190 3306 caelestem
1224 3254 1393 3308 verba
1433 3253 1564 3308 facit
1604 3272 1617 3307 :
1660 3273 1679 3306 ι
1724 3254 1905 3320 Pater,
1939 3255 2052 3311 cla-

468 3337 622 3393 riflca
657 3353 746 3394 me
782 3340 928 3409 apud
970 3344 1323 3414 temetipsum
1362 3346 1612 3403 claritate
1658 3364 1822 3419 quam
1860 3349 2051 3416 habui,

467 3428 787 3500 priusquam
811 3432 1052 3505 mundus
1075 3442 1242 3502 esset,
1264 3437 1409 3507 apud
1436 3446 1490 3493 te
1509 3441 1575 3493 ".
1613 3459 1631 3492 ι
1668 3439 1906 3496 Videsne
1926 3457 2055 3497 eum

469 3532 597 3575 cum
621 3518 691 3573 iis
715 3534 839 3589 quae
870 3522 1257 3592 assumpsisset
1287 3526 1611 3600 demigrare,
1645 3545 1750 3586 nec
1776 3531 1895 3586 sine
1926 3546 2058 3587 con-

469 3609 595 3666 silio
637 3611 1081 3670 incarnationem
1118 3619 1462 3689 suscepisse?
1500 3622 1834 3693 Properabat
1868 3632 2055 3681 autem

468 3701 538 3757 ad
595 3702 902 3760 divinitatis
957 3705 1192 3779 insigne,
1232 3719 1290 3766 et
1343 3711 1412 3766 ad
1467 3713 1651 3769 omnia
1703 3724 2055 3786 superantem

468 3795 699 3865 gloriam
739 3796 1243 3873 dignationemque.
1298 3803 1439 3860 Hinc
1480 3806 1645 3861 etiam
1686 3807 1879 3863 beatus
1912 3809 2056 3864 Pau-

468 3886 598 3943 lus:
649 3908 667 3940 ι
700 3889 838 3957 Etsi,
874 3891 1076 3962 inquit,
1116 3896 1473 3967 cognovimus
1503 3899 1804 3955 secundum
1836 3916 2057 3957 carnem

467 3977 875 4049 Christum,sed
900 3985 1015 4056 jam
1050 3988 1374 4047 novimus".
1408 4009 1427 4044 ›
1456 3990 1503 4046 Α
1532 3994 1766 4049 mortuis
1792 3994 1938 4050 enim
1968 4010 2058 4050 re-

468 4071 628 4138 vixit,
670 4075 947 4146 rediitque
980 4078 1049 4133 ad
1082 4080 1302 4137 Patrem
1331 4099 1498 4139 carne
1531 4085 1777 4143 indutus.
1805 4087 1913 4144 Sed
1946 4102 2059 4144 non

469 4164 708 4233 amplius
754 4169 1058 4223 secundum
1105 4186 1327 4228 carnem
1377 4180 1782 4246 cognoscimus,
1816 4180 1922 4237 hoc
1951 4189 2056 4247 est,

470 4253 654 4308 carnis
673 4253 981 4326 subjectum
996 4258 1403 4339 atl'ectionibus,
1420 4265 1789 4336 passionibus,
1811 4269 2056 4342 inquam,

470 4343 579 4399 nisi
608 4347 955 4405 naturalibus
980 4356 1038 4406 et
1070 4350 1385 4424 inculpatis.
1415 4354 1722 4426 Antequam
1752 4360 1900 4414 enim
1935 4378 2062 4432 pre-

2166 1889 2309 1943 Ἀλλ’
2362 1889 2463 1943 ούκ
2513 1889 2599 1953 ἀν,
2639 1884 2817 1961 οἶμαι,
2867 1890 3080 1961 μωρίας
3122 1893 3202 1954 είς
3239 1890 3398 1944 τοῦτο
3426 1886 3733 1959 κατῴχοντό

2155 1997 2308 2044 ποτε,
2338 1980 2414 2043 ὼς
2444 1979 2603 2052 εἴπερ
2629 1980 2757 2034 ὄντα
2784 1980 2916 2034 Θεὸν
2942 1983 3085 2036 κατά
3118 1982 3279 2050 φύσιν
3308 1982 3527 2053 ᾔδεσαν,
3569 1981 3733 2049 φάναι

2152 2070 2213 2123 τὸ
2232 2069 2491 2136 τοιοῦτον,
2525 2071 2620 2125 καὶ
2647 2071 2931 2125 ἀπύλωτον
2960 2074 3048 2125 ἐπ’
3074 2071 3221 2142 αὐτῷ
3247 2071 3509 2136 διανοῖξαι
3540 2071 3731 2141 στόμα.

2167 2160 2306 2214 Ἀλλ’
2358 2163 2387 2215 6
2441 2163 2499 2215 ὲν
2543 2161 2765 2233 δοκήσει
2828 2160 3069 2230 γεγονὼς
3126 2160 3466 2234 ἀκαθαρσίας
3513 2160 3595 2223 ὡς
3644 2160 3735 2214 άν-

2154 2256 2391 2327 θρωπος,
2427 2254 2516 2307 ὅτε
2564 2253 2662 2325 τὴν
2701 2255 2838 2309 καθι
2867 2256 3015 2325 ἡμᾶς
3057 2253 3483 2324 εύτεχνεστάτην
3530 2254 3737 2306 οίκονο·

2157 2348 2285 2419 μίαν
2318 2346 2539 2415 διάγων,
2572 2352 2651 2411 είς
2679 2348 2852 2419 πέρας
2880 2346 3046 2417 ἀνέϐη
3076 2345 3210 2419 πρὸς
3239 2344 3333 2399 τὸν
3361 2345 3605 2416 Πατέρα,
3639 2345 3735 2398 καὶ

2154 2441 2212 2492 ὲν
2242 2438 2464 2501 κόλποις
2509 2439 2731 2508 γέγονεν
2781 2438 2974 2492 αὐτοῦ’
3006 2437 3126 2491 τότε
3156 2437 3241 2510 δὴ,
3280 2435 3404 2490 τότε
3437 2436 3533 2489 καὶ
3562 2434 3734 2506 αὐτὴν

2153 2535 2536 2606 ἀπεκρούσατο
2561 2533 2661 2601 τὴν
2690 2531 2910 2601 δόκησιν
2944 2531 3037 2585 τοῦ
3069 2529 3394 2600 γεγενῆσθαι
3428 2529 3547 2598 μεθ’
3577 2527 3733 2600 ἡμῶν

2155 2628 2213 2678 ὲν
2265 2623 2550 2695 νεκρότητι
2602 2622 2697 2675 καί¹
2745 2619 3079 2695 ἀκαθαρσίᾳ.
3136 2619 3506 2688 Δοξολογεῖται
3550 2617 3607 2669 δὲ
3657 2616 3733 2681 ὡς

2154 2715 2307 2779 Θεὸς,
2365 2691 2725 2782 δοξολογεῖται
2773 2691 3194 2783 παράἅῖιάντων
3243 2709 3319 2775 ὡς
3369 2709 3605 2781 Κύριος,
3656 2706 3734 2772 ὡς

2155 2808 2326 2875 ἀγίων
2373 2807 2584 2874 Ἀγιος,
2628 2804 2704 2869 ὡς
2755 2802 3232 2876 καταλαμπρύνων
3259 2804 3360 2873 τὴν
3397 2802 3601 2869 κτίσιν,
3639 2798 3733 2853 καὶ

2153 2900 2266 2960 τοῖς
2293 2897 2402 2950 τῶν
2440 2895 2743 2967 ἀνθρώπων
2790 2893 3087 2965 πνεύμασι,
3122 2895 3217 2946 καὶ
3258 2892 3359 2965 μέν
3388 2909 3472 2946 τοι
3501 2894 3611 2955 τοῖς
3638 2890 3733 2944 ἐπὶ

2154 2990 2258 3060 γῆς
2301 2988 2553 3061 χορηγῶν
2594 2988 2755 3052 αὐτὸς
2794 2987 2856 3041 τὸ
2900 2987 3098 3052 παντὸς
3144 2986 3401 3039 δύνασθαι
3447 2983 3734 3039 καταθλεῖν

2155 3080 2250 3133 τοῦ
2282 3078 2654 3135 κατασπι).οὖν
2689 3079 2983 3151 ίσχύοντος.
3033 3079 3155 3132 Ὀτι
3202 3078 3259 3132 δὲ
3290 3076 3613 3145 κατεδέξατο
3636 3075 3735 3147 μὲν

2156 3171 2512 3243 οἰκονομικῶς
2554 3172 2621 3226 δι’
2655 3173 2804 3244 ἡμᾶς
2835 3173 2863 3225 6
2901 3170 3029 3236 Υἱὸς
3054 3169 3122 3225 τὰ
3153 3169 3489 3241 ἀνθρώπινα,
3524 3169 3621 3222 καί⁸
3643 3167 3740 3235 γι-

2155 3281 2280 3333 γονε
2317 3264 2416 3335 μὲν
2446 3264 2551 3317 ὑπὸ
2581 3264 2765 3335 νόμον,
2802 3261 3162 3335 κατελογίσθη
3186 3263 3244 3316 δὲ
3272 3261 3368 3315 καὶ
3394 3263 3451 3314 ἐν
3482 3262 3594 3323 τοῖς
3618 3257 3737 3311 ἀνό-

2159 3373 2302 3428 μοις,
2338 3356 2741 3428 ἀναπεφοίτηκε
2773 3356 2830 3409 δὲ
2858 3357 3017 3410 πάλιν
3047 3356 3128 3418 είς
3154 3355 3253 3425 τὴν
3285 3351 3525 3423 ἔμφυτόν
3551 3367 3611 3403 τε
3641 3350 3738 3403 καὶ

2155 3450 2214 3503 ὲν
2239 3449 2434 3520 ἀρχαῖς
2470 3447 2697 3502 ἐνοῦσαν
2730 3448 2877 3520 αύτῷ
2917 3448 3086 3518 τιμήν
3111 3463 3169 3499 τε
3199 3445 3294 3499 καὶ
3324 3443 3504 3508 δόξαν,
3533 3442 3739 3513 πληρο-

2157 3543 2385 3612 φορήσει
2414 3542 2590 3610 λέγων
2623 3542 2784 3607 αὐτὸς
2818 3540 2954 3612 πρὸς
2996 3541 3088 3594 τὸν
3115 3540 3173 3592 ὲν
3212 3539 3462 3610 οὐρανοῖς
3488 3535 3732 3605 Πατέρα’

2161 3628 2189 3687 ι’
2225 3634 2430 3707 Πάτερ,
2465 3634 2689 3698 δόξασόν
2721 3651 2788 3704 με
2831 3636 2898 3705 τῇ
2938 3633 3087 3704 δόξῃ,
3204 3628 3350 3702 εἶχον
3376 3629 3484 3701 πρὸ
3522 3627 3617 3681 τοῦ
3648 3625 3740 3680 τὸν

2157 3728 2362 3798 κόσμον
2411 3723 2549 3780 εῖναι
2603 3724 2758 3796 παρὰ
2811 3724 2915 3778 σοί.
2956 3745 2973 3775 ο
3031 3724 3195 3795 Ὁρᾷς
3239 3723 3324 3777 ὅτι
3370 3720 3481 3774 τῶν
3536 3717 3738 3790 μεταξῦ

2159 3816 2677 3890 παρεισϐεδηκότων
2738 3814 3104 3885 ἀπαλλακτιᾷ,
3153 3815 3246 3868 καὶ
3290 3813 3393 3865 οὐκ
3441 3810 3741 3879 ἀϐούλητον

2162 3909 2260 3981 μὲν
2292 3908 2585 3977 ἐποιήσατο
2631 3906 2731 3978 τὴν
2775 3906 2912 3977 μετὰ
2957 3904 3156 3975 σαρκὸς
3202 3903 3547 3973 οἰκονομίαν,
3582 3900 3742 3972 ἠπεί-

2158 4018 2286 4072 γετο
2307 4000 2364 4055 δὲ
2396 3999 2533 4073 πρὸς
2577 3997 2640 4053 τὸ
2672 4000 2771 4070 τῆς
2800 3999 3055 4068 θεότητος
3086 3996 3305 4061 εὺκὶεὲς
3333 3998 3426 4050 καὶ
3466 3995 3531 4049 τὸ
3562 3994 3744 4048 πάντα

2159 4090 2603 4165 ύπερανεστηκδς
2637 4090 2894 4163 ἀξίωμα;
2925 4089 3024 4143 Διὰ
3054 4088 3214 4142 τοῦτο
3251 4089 3349 4141 καὶ
3396 4088 3424 4141 6
3476 4087 3741 4159 μακάριος

2161 4185 2405 4253 Παῦλος,
2455 4204 2473 4238 ι
2508 4184 2576 4238 Ei
2604 4200 2668 4253 γε
2711 4184 2807 4239 καὶ
2848 4181 3190 4252 ἐγνώκαμεν,
3244 4181 3431 4252 φησὶν,
3471 4179 3564 4234 τὸν
3601 4177 3746 4233 κατά

2162 4278 2344 4347 σάρκα
2398 4276 2653 4348 Χριστὸν,
2699 4274 2838 4330 ἀλλὰ
2880 4273 2975 4328 νῦν
3023 4273 3125 4327 οὐκ
3182 4272 3261 4326 ἔτι
3314 4271 3678 4342 γινώσκομεν.
3720 4288 3741 4320 ι

2173 4364 2400 4419 Ἀνεὸίω
2423 4365 2534 4436 γάρ
2558 4366 2622 4418 ὲκ
2641 4364 2870 4436 νεκρῶν,
2896 4361 3120 4433 ἀνέθορέ
3152 4379 3211 4415 τε
3243 4362 3379 4433 πρὸς
3406 4361 3497 4414 τὸν
3522 4360 3747 4432 Πατέρα

473 4435 670 4492 tiosam
713 4439 941 4503 subiret;
966 4457 1209 4511 crucem,
1235 4447 1494 4502 esuriisse
1537 4447 1735 4516 fertur,
1764 4465 1829 4505 ac
1866 4451 1935 4507 de
1966 4453 2054 4507 via

2164 4455 2301 4526 μετά
2327 4435 2549 4526 σαρκός.
2587 4454 2729 4508 Ἀλλ’
2747 4435 2956 4519 οὐκέτι,
2989 4453 3175 4525 φησὶν,
3209 4452 3352 4507 κατὰ
3377 4453 3555 4523 σάρκα
3581 4451 3746 4543 αύτὺν

471 4527 680 4584 fessum
726 4531 955 4598 sedisse,
996 4543 1053 4589 et
1094 4535 1369 4591 tristatum
1402 4539 1718 4605 admodum,
1752 4542 1884 4611 quin
1915 4550 1971 4598 et
2000 4544 2054 4599 in

2159 4546 2520 4617 γινώσκομεν,
2549 4545 2845 4607 τουτέστιν,
2872 4545 2972 4599 οὐκ
3004 4543 3085 4598 ἔτι
3121 4545 3180 4597 ὲν
3207 4546 3320 4607 τοῖς
3349 4543 3583 4597 πάθεσιν
3614 4540 3748 4597 ὄντα

472 4617 623 4691 ligno
654 4631 888 4678 mortem
921 4640 1022 4694 pro
1062 4626 1222 4681 nobis
1253 4643 1576 4697 perpessum
1613 4648 1627 4683 :
1667 4638 1723 4685 at
1755 4632 1918 4688 modo
1948 4649 2054 4690 non

2156 4640 2256 4709 τῆς
2290 4636 2515 4707 σαρκὸς,
2540 4634 2737 4690 πάθεσί
2769 4653 2829 4690 τε
2855 4640 2970 4699 τοῖς
2996 4638 3245 4705 φυσικοῖς
3271 4636 3363 4689 καὶ
3390 4634 3774 4709 ἀνεγκλήτοιςξ

473 4713 712 4783 amplius
736 4713 824 4768 his
845 4715 1145 4771 obnoxium
1168 4719 1442 4776 novimus.
1477 4740 1495 4772 ι
1525 4721 1705 4777 Semel
1731 4724 1878 4779 enim
1908 4742 2054 4782 mor-

2159 4694 2323 4799 φῆίλίο
2355 4694 2607 4797 imbui-’3"
2637 4725 2745 4795 γὰρ
2774 4722 2869 4777 τοῖ’
2898 4694 3080 4794 τιμίου
3118 4694 3373 4792 σταυροῦ,
3421 4694 3519 4774 καί
3557 4694 3748 4788 πεινῆέ

473 4811 623 4869 tuus,
656 4819 769 4861 non
813 4807 1052 4876 amplius
1094 4810 1329 4865 moritur
1352 4812 1417 4867 ³⁸.
1453 4834 1472 4866 ι
1516 4814 1876 4887 Incorruptus
1912 4820 2054 4876 cnim

2161 4838 2252 4874 σαι
2276 4818 2520 4889 λέγεται,
2553 4817 2647 4871 καί⁵
2669 4819 2869 4888 καμεῖν
2891 4817 2956 4869 ὲκ
2984 4818 3085 4886 τῆς
3114 4813 3441 4885 ὁδοιπορίας,
3466 4812 3565 4867 καί⁸
3594 4812 3750 4884 περί-

473 4900 559 4949 est
586 4893 859 4961 Christus,
885 4912 1009 4952 cum
1034 4899 1147 4954 vita
1178 4901 1406 4958 exsistat
1435 4920 1533 4960 sua
1560 4914 1781 4973 natura,
1819 4909 2054 4981 vitaeque

2161 4913 2332 4967 λυπον
2391 4910 2676 4981 γενέσθαι·
2733 4909 2828 4962 καὶ
2879 4907 3044 4962 αὐτὸν
3098 4906 3155 4960 δὲ
3204 4905 3297 4959 τὸν
3331 4905 3424 4959 ἐπὶ
3477 4904 3638 4970 ξύλου
3682 4905 3750 4957 δι’

474 4993 669 5042 auctor
694 5027 709 5053 ,
741 4988 872 5058 quia
890 5004 958 5045 ex
981 4989 1097 5060 ipsa
1123 4991 1303 5048 Patris
1324 4994 1435 5050 vita
1459 4997 1686 5066 prodiit.
1788 5020 1800 5036 ο

2166 5004 2315 5074 ἡμᾶς
2355 5001 2651 5072 ἀνατλῆναι
2692 4999 2946 5063 θάνατον,
2977 4997 3114 5052 ἀλλὰ
3143 4996 3262 5062 νῦν,
3288 4996 3389 5050 οὐκ
3431 4998 3492 5050 ὲν
3535 4996 3750 5059 τούτοις

472 5074 602 5131 δντα
641 5078 1004 5152 γινώσκομεν.
1046 5100 1067 5134 ι
1105 5081 1290 5147 ’Ἀπαξ
1320 5084 1429 5157 γὰρ
1471 5086 1779 5154 ἀποθανὼν,
1831 5092 1932 5146 οὐκ
1978 5092 2059 5147 ἔτι
2096 5092 2451 5164 ἀποθνήσκει.
2500 5110 2520 5145 ι
2561 5091 2870 5163 Ἀφθαρτος
2898 5089 3007 5160 γὰρ
3035 5089 3065 5142 6
3104 5087 3358 5161 Χριστὸς.
3424 5087 3540 5158 ζωὴ
3610 5087 3751 5142 κατὰ

472 5166 635 5236 φύσιν
684 5170 781 5223 καὶ
834 5170 985 5242 ζωῆς
1029 5172 1288 5245 χορηγὸς,
1326 5175 1409 5228 ὃτι
1455 5178 1550 5230 καὶ
1577 5179 1641 5232 ὲκ
1668 5179 1816 5251 ζωῆς
1849 5182 2058 5254 πέφηνε
2095 5182 2191 5237 τοῦ
2216 5182 2455 5253 Πατρός.

540 5259 593 5314 4.
636 5258 932 5328 Postquam
966 5277 1101 5318 vero
1139 5264 1449 5321 inauditum
1493 5267 1627 5323 illud
1659 5270 1805 5327 circa
1833 5289 2054 5330 manum

2237 5273 2300 5329 6'.
2335 5273 2491 5329 Μετὰ
2518 5273 2575 5328 δέ
2598 5290 2660 5343 γε
2688 5272 2748 5327 τὸ
2777 5273 2869 5327 ἐπὶ
2888 5274 2953 5344 τῇ
2982 5270 3237 5343 λεπρὼσῃ
3262 5272 3406 5343 χειρὶ
3429 5272 3749 5345 παραδόξως

471 5352 743 5422 leprosam
797 5353 1012 5425 signum
1059 5355 1172 5427 jam
1233 5358 1566 5425 transiisset,
1618 5364 1783 5420 tertio
1836 5382 2054 5438 quoque

2165 5363 2577 5436 τετελεσμένον,
2619 5363 2715 5417 καὶ
2756 5363 2924 5436 τρίτῳ
2955 5364 3169 5435 σημείῳ
3198 5364 3495 5435 καθίστησι
3530 5363 3745 5434 βεϐαιο-

471 5442 628 5511 signo
667 5442 813 5498 Deus
847 5458 945 5500 eos
984 5446 1157 5516 magis
1197 5447 1507 5506 confirmat.
1550 5452 1640 5508 Ait
1678 5454 1828 5510 enim
1865 5468 2054 5512 rursus

2164 5458 2378 5529 τέρους.
2419 5459 2564 5528 Ἔφη
2593 5458 2703 5530 γὰρ
2741 5458 2937 5512 πάλιν·
2981 5477 2999 5508 ι
3047 5456 3172 5511 Ἐὰν
3212 5458 3270 5512 δὲ
3307 5456 3380 5529 μὴ
3417 5458 3746 5512 πιστεύσωσί

472 5529 760 5602 Scriptura
788 5551 801 5586 :
836 5552 854 5585 ι
885 5534 1041 5602 Quod
1072 5535 1118 5591 si
1147 5551 1253 5592 nec
1281 5538 1498 5598 duobus
1526 5543 1749 5615 quidem
1772 5546 1861 5600 his
1887 5546 2054 5617 signis

2165 5566 2247 5603 σοι
2276 5552 2405 5614 ,τοῖς
2446 5550 2568 5603 δυσὶ¹
2620 5550 2867 5621 σημείοις
2912 5548 3144 5617 τούτοις,
3201 5550 3335 5621 μηδὲ
3381 5550 3743 5603 εἰσακούσωσι

544 5640 602 5730 ’τ’
617 5640 775 5730 llam.
798 5660 903 5730 γινλ
920 5647 978 5705 1.
1054 5647 1100 5678 ’⁸
1128 5648 1227 5703 lsa.
1259 5665 1398 5718 mv,
1428 5653 1480 5708 6.
1559 5655 1602 5686 ³⁷
1631 5656 1786 5710 Joan.
1825 5673 1893 5719 rx,
1926 5656 2013 5711 2i.

2155 5659 2169 5689 ⁸
2210 5662 2311 5718 lsa.
2346 5680 2455 5729 Llll,
2496 5664 2576 5716 l2.
2672 5665 2714 5695 ’θ
2739 5664 2892 5719 Joan.
2931 5678 3056 5729 xm,
3083 5663 3133 5718 5.
3246 5663 3290 5693 ³⁸
3319 5662 3362 5718 Π
3391 5660 3522 5719 Cor.
3578 5658 3741 5730 v,16.

478 5659 978 5743 ..'.322"‘;..“a~"
1054 5659 1480 5718 ’Ἴδε-’νπιννθο
1559 5659 2013 5719 '7103n-IX.2-i.

2155 5659 2169 5689 ⁸
2210 5662 2311 5718 lsa.
2346 5680 2455 5729 Llll,
2496 5664 2576 5716 l2.
2672 5665 2714 5695 ’θ
2739 5664 2892 5719 Joan.
2931 5678 3056 5729 xm,
3083 5663 3133 5718 5.

561 5709 701 5766 llom
759 5729 830 5779 τι,
870 5714 926 5770 9.
