4022 6198
1628 181 1671 226 κ

300 284 401 339 477

1293 297 1818 363 GLAPIIYRORUM
1858 309 1927 365 IN
1969 310 2255 369 BXODUM
2294 315 2423 371 LIB.
2464 317 2530 372 11.

3414 318 3421 327 δ
3465 324 3571 380 678

298 399 397 502 τῆς
994 406 1102 502 dare
1124 407 1220 463 τοῦ
1256 411 1446 479 ὕδατος
1477 417 1572 471 τοῦ
1613 423 1871 493 ποταμοῦ1

1986 428 2353 496 crediderint,
2408 446 2587 502 neque
2631 434 2910 490 audierint
2954 450 3141 491 vocem
3189 445 3368 501 tuam,
3415 453 3571 495 sume
3658 440 3667 474 '-

419 493 635 597 ἐκχεεῖς
672 496 768 597 tu}
807 498 871 551 τὸ
900 499 1067 593 ξηρόν
1087 517 1101 532 ’
1127 504 1222 556 καὶ
1252 503 1404 560 ἔσται
1432 507 1496 562 τὸ
1524 509 1691 583 ὕδωρ,
1728 491 1766 565 ὃν
1793 514 1871 570 ὲὰη

1990 533 2187 588 aquam
2230 520 2494 588 ﬂuminis,
2520 531 2575 578 et
2611 523 2834 581 eﬂ‘unde
2879 542 2999 581 eam
3040 540 3204 597 super
3235 526 3485 582 aridam:
3517 539 3573 584 et

511 585 621 677 circa
672 587 767 677 τοῦ
835 582 1105 663 ποταμοῦ,
1156 591 1297 667 αἷμα
1342 599 1436 653 ἐπὶ
1483 603 1578 655 τοῦ
1631 582 1692 676 Er;
1703 605 1817 677 ροῦ.
1860 626 1878 658 ι

300 672 493 744 Ἀθρει
534 674 598 746 δὴ
637 672 731 731 οὖν
779 679 943 732 πάλιν
979 682 1080 753 τὴν
1123 683 1234 739 τῶν
1290 687 1563 745 Ἰουδαίων
1596 672 1883 749 ἀπείθειαν

295 767 778 840 προεγνωσμὲνην.
812 771 1094 845 Μεὶιλητα)⁵
1134 777 1245 849 γὰρ
1281 780 1485 854 ἀείπερ
1532 786 1627 840 καὶ
1669 786 1883 858 βραδεῖς

295 858 377 920 είς
429 858 670 925 σύνεσιν,
724 863 821 915 καὶ
866 863 1363 941 δυσμετακόμιστοι
1409 875 1547 946 πρὸς
1599 878 1875 949 ἀλήθειαν.

308 949 673 1026 Ἦπειθηκασι
694 954 805 1026 γὰρ
824 955 903 1027 τῷ
925 959 1025 1029 τῆς
1047 961 1513 1037 ὲνανθρωπήσεως
1542 970 1750 1040 τρόπῳ,
1783 974 1879 1027 καὶ

292 1042 406 1133 τοῖς
446 1042 536 1095 διὰ
575 1044 744 1114 μέσου
792 1048 1107 1119 παραδόξως
1141 1054 1568 1128 τετελεσμένοις.
1634 1061 1767 1133 Ὀψὲ
1819 1063 1877 1118 δὲ

292 1132 389 1184 καὶ
430 1133 586 1203 μόλις
620 1136 698 1207 τῷ
739 1138 1036 1213 τελευταίῳ
1087 1146 1298 1218 σημείῳ
1342 1132 1792 1221 πεπιστεύκασιν,
1827 1158 1877 1211 εί

295 1223 411 1317 zeal;
430 1224 523 1317 pulp
547 1227 751 1317 παντες
784 1232 967 1301 τυχὸν,
1017 1253 1036 1282 ι
1075 1235 1191 1289 ἀλλ’
1220 1234 1313 1292 οὖν
1339 1240 1401 1295 τὸ
1440 1245 1790 1317 κατάλειμμα
1815 1248 1877 1302 τὸ

291 1315 415 1365 κατ’
444 1315 676 1387 ἐκλογὴν
698 1319 943 1390 χάριτος,
965 1343 984 1377 ι
1004 1324 1080 1386 ὡς
1093 1326 1363 1400 μακάριος
1402 1332 1604 1403 γράφει
1637 1315 1870 1400 Παῦλος.

290 1404 405 1458 Καὶ
432 1407 487 1459 τί
507 1407 568 1461 τὺ
589 1409 897 1466 τελευταῖον
935 1418 1192 1485 ση“μεῖον;
1233 1420 1293 1473 Ὀ
1322 1422 1416 1474 ἐπὶ
1436 1421 1593 1489 ξύλου
1618 1424 1868 1492 Θάνατος,

289 1497 451 1569 καὶὴ
497 1500 577 1571 τῷ
620 1501 836 1575 θανάτῳ
884 1507 1301 1581 παρεζευγμένη
1341 1512 1439 1566 καὶ
1472 1513 1665 1582 γείτων
1710 1516 1872 1584 εὐθὺς

289 1589 585 1656 ἁναϐίωσις
626 1592 723 1646 τοῦ
764 1595 1019 1666 Χριστοῦ.
1073 1618 1094 1651 ι
1130 1601 1253 1655 Ὅτι
1297 1603 1354 1657 δὲ
1403 1611 1628 1676 σημεῖον
1659 1609 1868 1667 δέδοται

286 1683 399 1743 τοῖς
434 1683 573 1746 υἱοῖς
621 1685 834 1757 Ἰσραὴλ
876 1688 970 1741 τοῦ
998 1690 1250 1764 Σωτῆρος
1276 1696 1304 1748 ὁ
1336 1694 1586 1761 Θάνατος,
1616 1700 1710 1752 καὶ
1738 1702 1869 1756 αὐτὸ

1986 612 2257 683 quidquid
2305 615 2556 671 hauseris
2607 616 2675 673 de
2728 617 2915 683 ﬂuvio,
2952 628 3201 674 vertetu-r
3246 621 3300 673 in
3348 621 3573 690 sangui--

1983 715 2110 756 nem
2137 703 2202 758 ³⁸.
2238 723 2255 756 ι
2299 703 2547 776 Agnosce
2571 706 2754 762 denuo
2777 708 2931 777 prius
2961 716 3441 763 commemoratam
3471 705 3572 761 Ju-

1982 792 2225 848 daaorum
2260 795 2724 852 incredulitatem.
2775 797 3043 853 Dit‘ferunt
3080 798 3226 852 enim
3256 797 3474 852 assidue
3506 811 3573 852 ac

1980 884 2201 965 tardant
2245 902 2604 958 cognoscere,
2651 905 2795 960 aagre
2838 890 3203 960 suscipientes
3254 890 3565 944 veritatem.

1978 973 2138 1046 303
2170 976 2381 1049 Negant
2403 979 2551 1034 enim
2578 979 2741 1034 ﬁdem
2778 979 3177 1035 incarnationis
3217 980 3380 1035 modo
3407 979 3568 1034 adhi-

1977 1066 2134 1128 bere,
2165 1074 2222 1121 et
2275 1069 2558 1124 miraculis
2597 1079 2796 1139 praeter
2829 1078 3083 1129 naturam
3139 1070 3387 1140 patratis.
3435 1071 3567 1126 Sero

1976 1158 2172 1215 ultimo
2208 1159 2299 1214 vix
2333 1162 2487 1232 signo
2526 1161 2913 1226 crediderunt,
2942 1161 3046 1217 etsi
3088 1177 3197 1216 non
3240 1177 3432 1217 omnes
3452 1163 3568 1217 for-

1975 1260 2139 1316 tasse,
2175 1270 2193 1303 ι
2226 1251 2325 1306 sed
2353 1252 2599 1327 reliquize
2624 1253 2925 1311 secundum
2954 1253 3279 1308 electionem
3304 1254 3560 1324 gratiae,»

1974 1350 2036 1397 ut
2056 1342 2253 1398 beatus
2275 1343 2480 1398 Paulus
2495 1343 2759 1415 loquitur.
2795 1344 2903 1400 Sed
2924 1344 3092 1414 quod,
3117 1343 3316 1399 amabo
3334 1386 3347 1411 ,
3382 1354 3568 1400 extre-

1972 1450 2123 1491 mum
2162 1434 2269 1490 hoc
2296 1434 2513 1506 signum
2534 1435 2722 1491 ?Mors
2748 1435 2803 1491 in
2835 1453 3020 1503 cruce,
3055 1438 3330 1507 mortique
3375 1437 3569 1508 adjun-

1971 1533 2059 1580 cta
2094 1539 2159 1579 ac
2206 1524 2521 1596 propinqua
2573 1525 2779 1581 Christi
2827 1526 3014 1581 statim
3074 1525 3410 1580 resurrectio
3433 1525 3495 1609 ³).
3541 1542 3559 1577 ι

1987 1610 2141 1678 Quod
2182 1626 2311 1666 vero
2353 1611 2479 1666 ﬁliis
2527 1612 2693 1667 Israel
2741 1612 2795 1666 in
2841 1612 3053 1682 signum
3093 1610 3217 1694 data
3255 1611 3325 1664 sit
3366 1608 3556 1665 Salva-

1991 1705 2121 1759 toris
2152 1717 2298 1758 mors
2313 1712 2368 1757 et
2396 1718 2652 1775 magnum
2680 1703 2812 1757 illud
2840 1712 2894 1757 et
2916 1702 3290 1757 admirandum
3316 1715 3557 1755 resurre-

283 1775 345 1827 τὸ
368 1776 511 1847 μέγα
530 1779 624 1831 καὶ
644 1781 970 1851 ἀξιάγαστον
984 1785 1085 1855 τῆς
1100 1787 1162 1838 ἐκ
1177 1786 1385 1858 νεκρῶν
1400 1788 1744 1852 ἀναστάσεως
1764 1806 1866 1860 μυ-

1990 1795 2186 1850 ctionis
2205 1795 2385 1849 carnis
2413 1794 2749 1865 mysterium,
2779 1792 3124 1849 manifestum
3155 1792 3267 1847 ﬁeri
3296 1800 3471 1863 potest
3494 1806 3560 1848 ex

286 1870 532 1937 στήριονν
570 1872 738 1942 σαφὲς
783 1874 850 1927 ἂν
889 1876 1099 1944 γένοιτο
1144 1877 1210 1931 δι’
1257 1879 1435 1932 αὐτῶν
1478 1878 1570 1932 τοῦ
1619 1879 1869 1951 Σωτῆρος

286 1959 571 2030 ῥημάτων.
606 1963 922 2037 Προσῄεσαν
944 1969 1164 2041 μὲνγὰρ
1180 1972 1230 2024 oi
1267 1972 1551 2042 Φαρισαῖοι
1581 1988 1707 2026 ποτε
1731 1972 1867 2043 μετὰ

287 2051 499 2121 μυρίων
519 2052 660 2106 ὅτων
699 2056 939 2126 σημείων
960 2060 1239 2129 ἐπίδειξιν,
1265 2064 1675 2135 εἰρωνευόμενοί
1694 2081 1751 2118 τε
1772 2065 1867 2119 καὶ

283 2140 553 2208 λέγοντες·
578 2163 597 2195 ι
619 2146 936 2213 Διδάσκαλε,
951 2149 1175 2220 θέλομεν
1196 2155 1301 2207 ἀπὸ
1317 2155 1408 2207 σοῦ
1428 2159 1650 2225 σημεῖον
1671 2145 1813 2210 ίδεῖνξ
1841 2175 1860 2208 ι

296 2231 354 2285 '0
397 2232 456 2285 δὲ
501 2234 641 2306 πρὸς
676 2234 904 2300 αὐτούς·
953 2256 972 2289 ι
1006 2238 1174 2292 Γενεὰ
1220 2240 1435 2312 πονηρὰ
1486 2244 1581 2297 καὶ
1621 2247 1870 2316 μοιχαλὶς

289 2326 516 2393 σημεῖον
558 2327 825 2396 ἐπιζητεῖ,
872 2328 967 2382 καὶ
1007 2333 1233 2400 σημεῖον
1277 2333 1336 2384 οὐ
1381 2332 1663 2405 δοθήσεται
1707 2338 1866 2409 αὐτῇ,

283 2415 329 2504 εἰ
367 2415 446 2485 μὴ
473 2414 537 2468 τὸ
581 2421 807 2487 σημεῖον
856 2420 1012 2473 Ἰωνᾶ
1035 2419 1129 2474 τοῦ
1170 2425 1474 2495 προφήτου.
1519 2427 1731 2501 Ὥσπερ
1760 2431 1869 2504 γὰρ

279 2499 346 2575 ἦν
383 2505 570 2572 Ἰωνᾶς
600 2511 657 2561 ὲν
681 2513 747 2581 τῇ
788 2511 963 2584 κοιλία
991 2513 1084 2567 τοῦ
1125 2516 1324 2585 κήτους
1354 2521 1501 2589 τρεῖς
1530 2499 1743 2592 ἡμέρας
1773 2499 1870 2577 καὶ

276 2600 431 2668 τρεῖς
466 2599 689 2665 νύκτας,
720 2602 892 2668 οὕτως
937 2604 1089 2660 ἔσται
1121 2606 1150 2659 ὁ
1192 2607 1320 2673 Υἱὸς
1355 2611 1450 2664 τοῦ
1490 2613 1777 2686 ἀνθρώπου
1812 2616 1869 2672 ὲν

278 2693 342 2761 τῇ
378 2692 582 2764 καρδίᾳ
598 2693 696 2773 τῆς
718 2695 840 2764 γῆς,
871 2699 1019 2767 τρεῖς
1045 2698 1261 2771 ἡμέρας
1283 2702 1378 2754 καὶ
1410 2706 1561 2772 τρεῖς
1587 2705 1807 2771 νύκτας.
1843 2727 1861 2760 ι

278 2782 602 2854 Κεκέρδακε
637 2784 693 2838 δὲ
726 2787 809 2840 ὃτι
843 2788 1071 2853 πολλοὺς
1101 2790 1160 2855 ἐξ
1220 2790 1485 2847 Ἰουδαίων
1517 2796 1640 2866 οὐχὶ
1668 2798 1732 2869 δὴ
1769 2800 1869 2869 μό-

276 2890 387 2937 νον,
428 2874 569 2930 ἀλλὰ
595 2876 687 2929 καὶ
731 2878 791 2943 ἐξ
831 2878 1000 2934 ἐθνῶν
1025 2883 1053 2935 ὁ
1092 2882 1186 2936 τοῦ
1233 2884 1583 2958 Ἐμμανουὴλ
1610 2888 1863 2955 θάνατος,

275 2967 663 3038 ἀταλαίπωρον
706 2970 855 3027 ἰδεῖν.
899 2974 1046 3044 Ἔφη
1065 2974 1173 3046 γὰρ
1200 2978 1382 3043 πάλιν,
1432 2981 1563 3034 ποτὲ
1621 2981 1749 3052 μὲν,
1783 2984 1865 3038 ὅτι

278 3060 501 3114 ι¹¹οταν
532 3060 728 3131 ὑψωθῶ
750 3064 813 3116 ἐκ
834 3063 933 3134 τῆς
964 3065 1085 3136 γῆς,
1105 3068 1283 3122 πάντα
1316 3070 1528 3124 ἑλκύσω
1546 3073 1679 3143 πρὸς
1696 3075 1869 3145 ἐμαυ-

269 3154 384 3218 τδιν,
408 3170 433 3242 γι
465 3155 598 3209 ποτὲ
625 3155 682 3208 δὲ
713 3152 803 3223 αὖ,
840 3177 858 3210 ι
901 3158 1094 3231 Ἀμὴν,
1131 3160 1278 3234 ἀμὴν
1306 3162 1449 3232 λέγω
1477 3166 1626 3235 ὑμῖν,
1662 3169 1757 3221 ἐὰν
1789 3169 1864 3242 μὴ

272 3241 555 3333 όῗκοκκος
594 3244 689 3299 τοῦ
728 3246 878 3301 σίτου
925 3248 1106 3303 πεσὼν
1159 3253 1239 3315 εἰς
1292 3252 1392 3325 τὴν
1446 3256 1553 3325 γῆν
1591 3241 1860 3333 ἀποθάνῃ,

272 3331 444 3394 αὐτὸς
490 3333 651 3404 μόνος
700 3335 884 3406 μένει·
923 3340 1017 3394 ἐὰν
1043 3339 1101 3394 δὲ
1133 3342 1401 3416 ἀποθάνῃ,
1446 3345 1614 3401 πολὺν
1651 3331 1863 3420 καρ-πδν

274 3422 459 3491 φέρει.
511 3442 531 3475 ι
587 3425 750 3498 Ὁρᾷς
805 3429 956 3494 ὅπως
1000 3430 1066 3483 δι’
1110 3432 1375 3510 ἐναργοῦς
1419 3439 1864 3511 παραδείγματος

275 3511 561 3578 ὑπέδειξεν
582 3515 711 3585 ἡμῖν
744 3516 835 3570 τὸν
861 3519 924 3571 ὲκ
959 3518 1051 3577 τοῦ
1093 3519 1324 3575 θανάτου
1358 3524 1597 3594 καρπὸν;
1627 3523 1737 3580 Ἦν
1770 3521 1864 3581 οὖν

272 3602 385 3673 ἄρα
439 3603 506 3656 τὸ
539 3604 748 3660 λοῖσθον
771 3610 901 3679 ἡμῖν
933 3613 1179 3682 σημεῖον,
1208 3611 1303 3665 τοῦ
1333 3614 1584 3686 Σωτῆρος
1616 3618 1665 3669 οἱ
1693 3616 1864 3687 λόγοι,

275 3696 359 3765 ἐφ’
394 3688 444 3765 ᾧ
465 3698 563 3749 καὶ
589 3700 622 3767 ἡ
658 3701 841 3765 πίστις
871 3702 992 3771 οὐχὶ
1017 3703 1195 3773 μόνων
1224 3704 1334 3758 τῶν
1368 3704 1428 3771 ἐξ
1466 3707 1705 3779 Ἰσραὴλ,
1729 3709 1865 3764 ἀλλὰ

276 3787 369 3841 καὶ
405 3788 617 3854 αὐτῶν,
661 3790 737 3855 ὡς
768 3791 926 3864 ἔφην,
959 3793 1070 3848 τῶν
1117 3796 1181 3849 ἐκ
1225 3796 1325 3867 τῆς
1365 3796 1555 3869 ἐτέρας
1605 3800 1864 3872 πληθύος,

273 3883 427 3953 φημὶ
459 3882 517 3935 δὲ
554 3885 655 3955 τῆς
678 3884 736 3949 ἐξ
772 3885 963 3942 ἐθνῶν.
998 3887 1134 3943 Τίνα
1165 3884 1260 3943 οὖν
1287 3889 1351 3962 δὴ
1386 3891 1586 3963 τρόπον
1632 3892 1765 3946 αὐτὸ
1802 3892 1869 3965 δὴ

271 3972 441 4027 τοῦτο
492 3977 962 4047 κατεσημαίνετο;
1001 3998 1021 4032 ι
1061 3980 1243 4054 Λήψῃ,
1270 3983 1460 4053 φησὶν,
1490 3983 1598 4037 ἀπὸ
1622 3984 1716 4038 τοῦ
1746 3984 1872 4040 ὕδα-

270 4079 368 4127 τος
400 4064 502 4118 τοῦ
529 4068 802 4139 ποταμοῦ,
824 4070 917 4123 καὶ
948 4072 1159 4142 ἐκχεεῖς
1178 4074 1272 4126 ἐπὶ
1295 4073 1356 4127 τδ
1381 4072 1569 4144 ξηρά-ν
1593 4075 1688 4129 καὶ
1716 4075 1874 4131 ἔσται

270 4158 335 4213 τδ
374 4157 553 4230 ὕδωρ,
597 4161 626 4214 ὃ
653 4161 748 4216 ἐὰν
780 4163 954 4238 λάϐῃς
998 4166 1105 4220 ἀπὸ
1137 4165 1234 4220 τοῦ
1285 4166 1557 4238 ποταμοῦ,
1591 4161 1733 4236 αἷμα
1779 4171 1874 4225 ἐπὶ

269 4250 367 4304 τοῦ
416 4251 613 4322 ξηροῦ.
657 4272 675 4305 ι
714 4254 867 4325 Ζωῆς
902 4256 1002 4326 μὲν
1048 4256 1157 4329 γὰρ
1186 4256 1357 4322 τύπος
1402 4258 1521 4331 ἦτοι
1557 4262 1781 4332 σημεῖον
1812 4265 1876 4317 τὸ

272 4340 463 4415 ὕδωρ’
507 4345 603 4397 καὶ
637 4344 747 4416 γάρ
797 4347 946 4401 ἐστιν
991 4348 1208 4419 ἀληθῶς
1255 4351 1555 4421 ἀναγκαῖον
1581 4355 1661 4417 είς
1690 4353 1872 4420 τοῦτο,

1978 1887 2113 1958 ipsis
2152 1885 2453 1940 Salvatoris
2493 1882 2697 1938 verbis.
2726 1881 3092 1936 Accesserant
3126 1878 3399 1953 siquidem
3421 1880 3566 1935 Phav

1977 1977 2121 2032 risaei
2151 1983 2273 2046 post
2301 1975 2532 2045 plurima
2571 1971 2817 2028 exhibita
2850 1971 3115 2029 miracula
3144 1970 3462 2035 irridentes,
3502 1983 3568 2025 ac

1976 2068 2226 2123 dicentes
2263 2084 2276 2119 :
2302 2086 2318 2117 ι
2361 2064 2898 2135 Magister,volumus
2928 2072 3032 2119 ate
3055 2062 3273 2133 signum
3303 2061 3513 2117 videre.
3538 2081 3557 2114 ι

1975 2160 2071 2215 Ille
2109 2159 2176 2213 ad
2221 2157 2374 2212 haec:
2411 2176 2428 2208 ι
2451 2155 2745 2211 Generatio
2774 2169 2941 2223 prava
2971 2162 3027 2207 et
3073 2153 3325 2208 adultera
3347 2152 3567 2222 signum

1976 2251 2192 2322 qumrit,
2219 2259 2275 2304 et
2294 2249 2510 2320 signum
2534 2262 2645 2302 non
2679 2246 2902 2301 dabitur
2927 2245 3000 2310 ei,
3027 2245 3135 2300 nisi
3160 2245 3378 2315 signum
3415 2243 3569 2309 Iona

1974 2342 2275 2412 prophetae.
2301 2340 2454 2396 Sicut
2492 2338 2638 2396 enim
2668 2336 2773 2393 fuit
2795 2338 2962 2394 Jonas
3000 2336 3059 2391 in
3092 2344 3287 2391 ventre
3327 2334 3435 2389 ceti
3464 2335 3565 2388 tri-

1974 2431 2081 2486 bus
2119 2430 2316 2485 diebus
2348 2436 2403 2483 et
2428 2428 2607 2483 tribus
2640 2426 2918 2491 noctibus,
2940 2426 3019 2481 sic
3041 2425 3149 2480 erit
3173 2424 3348 2479 Filius
3383 2422 3567 2476 homi-

1975 2523 2062 2578 nis
2110 2522 2165 2576 in
2200 2521 2368 2576 corde
2404 2529 2566 2575 terrae
2619 2518 2797 2573 tribus
2826 2518 3023 2573 diebus
3050 2526 3112 2587 _ct
3134 2505 3142 2513 ’
3166 2516 3345 2570 tribus
3393 2514 3569 2569 nocti-

1975 2613 2079 2668 bus
2096 2614 2160 2667 ³⁸.
2193 2632 2212 2664 ι
2265 2611 2422 2678 Quod
2482 2619 2666 2667 autem
2710 2607 3052 2664 lucrifeeerit
3089 2621 3201 2660 non
3250 2604 3567 2659 Iudaeorum

1975 2703 2138 2758 modo
2166 2703 2388 2767 multos,
2414 2700 2510 2756 sed
2533 2708 2589 2755 et
2612 2716 2643 2755 e
2678 2699 2934 2770 gentibus
2950 2696 3216 2767 plurimos
3255 2709 3404 2748 mors
3435 2693 3566 2750 Em-

1974 2793 2266 2856 manuelis,
2320 2791 2480 2846 facile
2519 2791 2757 2860 perspici
2813 2796 3013 2860 potest.
3067 2782 3158 2841 Sic
3187 2784 3333 2838 enim
3366 2783 3569 2837 iterum

1973 2889 2047 2943 ait
2082 2906 2094 2940 :
2129 2906 2147 2939 ι
2187 2884 2326 2941 Cum
2350 2884 2624 2939 exaltatus
2660 2882 2818 2936 fuero
2875 2896 2906 2935 a
2931 2889 3098 2957 terra,
3127 2875 3312 2932 omnia
3353 2874 3567 2929 traham

1973 2979 2042 3034 ad
2080 2993 2168 3033 me
2204 2977 2383 3047 ipsum
2408 2976 2452 3007 ³⁸
2488 2992 2500 3027 :
2541 2994 2559 3025 ι
2591 2973 2907 3041 ibidemque
2950 2988 2963 3024 :
2999 2989 3018 3021 ι
3053 2970 3250 3032 Amen,
3289 2981 3452 3022 amen
3481 2964 3569 3021 di-

1974 3085 2040 3125 co
2062 3069 2241 3132 vobis,
2298 3065 2406 3121 nisi
2440 3078 2671 3136 granum
2730 3061 2992 3118 frumenti
3033 3058 3235 3114 cadens
3270 3057 3325 3111 in
3359 3065 3571 3124 terram

1969 3166 2247 3214 mortuum
2277 3155 2464 3219 fuerit,
2493 3155 2671 3226 ipsum
2695 3151 2872 3205 solum
2902 3155 3113 3215 manet;
3140 3147 3391 3203 siautem
3419 3162 3564 3200 mor.

1967 3262 2123 3308 tuum
2154 3250 2367 3319 fuerit,
2411 3247 2646 3301 multum
2709 3245 2967 3301 fructum
3012 3240 3293 3296 afferet“.
3328 3259 3347 3292 ι
3401 3238 3569 3295 Vides

1963 3359 2127 3416 quam
2168 3341 2411 3398 evidenti
2462 3338 2714 3408 exemplo
2758 3335 2953 3390 mortis
2979 3333 3234 3390 exhibuit
3277 3332 3569 3394 fructum?

1963 3434 2135 3490 Erant
2150 3431 2297 3488 enim
2311 3431 2368 3485 hi
2386 3427 2685 3486 Salvatoris
2699 3441 3003 3489 sermones,
3036 3424 3291 3479 ultimum
3349 3424 3564 3494 signum

1964 3528 2055 3583 cui
2089 3525 2377 3581 credidere
2418 3537 2531 3577 non
2565 3521 2746 3576 solum
2779 3518 2872 3589 qui
2903 3533 2971 3572 ex
2997 3516 3187 3581 Israel,
3218 3515 3315 3571 sed
3355 3523 3411 3569 et
3435 3514 3564 3584 ipsi,

1966 3627 2028 3675 ut
2060 3617 2331 3680 dicebam,
2373 3614 2469 3685 qui
2494 3628 2562 3668 ex
2585 3612 2756 3666 altera
2811 3607 3186 3674 multitudine,
3222 3606 3282 3672 ii,
3319 3605 3567 3676 inquam,

1966 3712 2063 3784 qui
2086 3726 2153 3766 ex
2170 3708 2446 3781 gentibus.
2475 3704 2688 3772 Quibus
2711 3711 2894 3757 autem
2930 3700 3108 3755 modis
3131 3698 3187 3753 id
3205 3694 3566 3768 signiﬁcavit?

1940 3800 1945 3804 ’
1976 3823 1994 3856 ι
2034 3802 2223 3865 Sume,
2252 3798 2349 3864 ait,
2382 3811 2582 3867 aquam
2612 3792 2878 3857 ﬂuminis,
2908 3798 2965 3847 et
3002 3789 3226 3846 eﬂunde
3260 3803 3429 3858 super
3453 3786 3569 3840 ari-

1970 3895 2116 3960 dam,
2144 3891 2360 3961 eritque
2409 3903 2551 3959 aqua
2583 3884 2849 3949 ﬂuminis,
2881 3896 3045 3952 quam
3085 3878 3407 3949 sumpseris,
3444 3893 3571 3933 san-

1970 3987 2093 4059 guis
2115 3998 2283 4054 super
2306 3990 2511 4035 terram
2530 3979 2594 4030 ³⁷.
2627 3995 2645 4027 ι
2684 3975 2839 4044 Aqua
2862 3971 3134 4042 siquidem
3168 3981 3335 4041 typus
3366 3968 3457 4022 hic
3482 3976 3570 4022 est

1970 4081 2097 4135 vita:
2122 4092 2188 4131 ac
2214 4075 2464 4145 signum;
2492 4082 2687 4124 revera
2714 4065 2862 4121 enim
2892 4061 3210 4119 necessaria
3225 4061 3353 4115 vita:
3386 4067 3491 4123 est,
3513 4067 3571 4114 et

1974 4168 2306 4229 mortalibus
2357 4162 2596 4218 maxime
2647 4156 2792 4213 usui.
2820 4153 3215 4223 Quamobrem,
3268 4166 3381 4206 non
3410 4164 3572 4205 secus

1976 4272 2139 4334 atque
2156 4276 2224 4315 ex
2252 4256 2478 4312 ﬂumine
2511 4250 2774 4324 quodam,
2805 4262 2998 4303 revera
3015 4243 3126 4300 vita
3152 4244 3383 4315 ipsemet
3409 4256 3574 4297 natus

1977 4362 2064 4410 est
2092 4352 2265 4407 Filius
2289 4365 2357 4404 ex
2379 4348 2560 4409 Patre,
2591 4342 2684 4413 qui
2708 4340 2895 4395 omnia
2924 4337 3185 4393 viviﬁcat.
3218 4334 3457 4390 Utenim
3482 4334 3572 4387 Iu-

272 4436 371 4488 καὶ
404 4434 831 4507 χρειωέστερον
872 4440 984 4502 τοῖς
1032 4440 1123 4492 ἐπὶ
1149 4440 1271 4512 γῆς.
1303 4441 1534 4507 Οὐκοῦν,
1575 4438 1773 4515 οἷάπερ
1805 4445 1869 4497 ὲκ

1975 4461 2100 4501 men
2127 4443 2195 4498 de
2238 4438 2469 4501 lumine,
2523 4435 2603 4490 sic
2634 4442 2690 4487 et
2710 4432 2822 4486 vita
2861 4435 2947 4484 est
2981 4428 3048 4482 de
3084 4429 3215 4481 vita.
3251 4425 3406 4491 Quod
3440 4441 3573 4480 vero

272 4525 561 4596 ποταμοῦ,
605 4527 700 4581 τοῦ
748 4528 1144 4598 ζωογονοῦντος
1175 4532 1243 4586 τὰ
1275 4533 1454 4589 πάντα
1493 4535 1729 4606 Πατρὸς,
1760 4534 1875 4607 ζωὴ

274 4619 448 4683 aii-:2“;
501 4618 668 4689 ἐξέφυ
721 4622 862 4676 κατὰ
902 4622 1161 4693 ἀλήθειαν
1208 4624 1237 4677 ὀ
1293 4623 1441 4688 Υἱός.
1496 4625 1709 4698 Ὥσπερ
1766 4626 1877 4698 γάρ

274 4711 399 4763 ἐστι
433 4709 554 4778 φῶς
597 4711 663 4764 ὲκ
691 4713 886 4781 φωτὸς,
917 4711 1060 4767 οὕτω
1095 4714 1187 4767 καὶ
1217 4713 1329 4786 ζωὴ
1365 4717 1427 4768 ἐκ
1459 4714 1622 4785 ζωῆς.
1667 4716 1790 4769 ’Ότι
1813 4715 1880 4786 δὴ

273 4803 379 4857 οὐκ
415 4803 525 4868 ἔξω
568 4803 830 4868 ὑποστὰς,
870 4805 984 4859 ἀλλ’
1032 4805 1092 4872 ἐξ
1124 4806 1291 4861 αὐτοῦ
1344 4806 1492 4861 κατὰ
1547 4806 1709 4877 φύσιν
1760 4807 1881 4861 ἐστὶ

271 4896 371 4950 τοῦ
406 4896 550 4950 θεοῦ
587 4897 682 4951 καὶ
728 4899 964 4970 Πατρὸς,
1006 4899 1314 4954 ὲδιδάσκετο
1352 4899 1586 4971 Μωσῆς-⁸
1634 4899 1785 4954 οὐδὲν
1817 4900 1873 4953 δὲ

271 4983 443 5059 ἦττον
479 4989 576 5043 καὶ
607 4990 767 5060 ἡμεῖς
798 4991 969 5046 αὐτοί.
1010 5010 1028 5044 ι
1063 4992 1220 5064 Λήψῃ
1259 4991 1389 5063 γὰρ,
1424 4992 1610 5064 φησὶν,
1648 4991 1757 5047 ἀπὸ
1778 4990 1873 5044 τοῦ

273 5078 474 5143 ὕδατος
511 5080 608 5133 τοῦ
656 5082 925 5153 ποταμοῦ.
965 5102 983 5135 ι
1044 5079 1179 5139 Εἶτα
1232 5084 1388 5144 τοῦτο
1432 5084 1613 5154 ἐκχεῖν
1663 5086 1744 5148 εἰς
1772 5083 1876 5154 γῆν

273 5171 636 5225 ἑπετάττετο.
658 5171 828 5226 Τοῦτο
854 5172 911 5226 δέ
940 5175 1107 5239 ἐστιν,
1139 5173 1577 5249 αἰνιγματωδῶς,
1601 5172 1700 5244 τῆς
1728 5174 1880 5226 ἐναν-

271 5264 629 5337 θρωπὴσεωςν
654 5261 716 5317 τὸ
749 5266 1069 5336 μυστήριον.
1104 5265 1225 5339 Ζωὴ
1259 5265 1369 5338 γὰρ
1407 5266 1669 5338 ὑπάρχων
1700 5266 1728 5324 ὁ
1759 5266 1878 5319 Mos

269 5353 532 5426 νογενὴς,
560 5352 655 5406 καὶ
679 5352 754 5418 ὡς
778 5358 843 5408 ὲκ
872 5353 1022 5426 ζωῆς
1050 5354 1142 5409 τοῦ
1178 5354 1313 5409 Θεοῦ
1348 5356 1442 5409 καὶ
1465 5354 1680 5426 Πατρὸς
1705 5355 1879 5426 ἀπορ-

270 5445 466 5517 ρύτως
520 5445 944 5517 γεγεννημένος,
981 5447 1251 5520 ἀνεμίχθη
1306 5448 1507 5520 τρόπον
1550 5446 1676 5501 τινὰ
1706 5447 1775 5518 τῇ
1814 5447 1879 5499 ὲκ

270 5539 386 5609 γῆς
439 5537 848 5612 ἀνθρωπὸτητι,
882 5540 1133 5613 καθάπερ
1163 5543 1356 5615 ἀμέλει
1398 5541 1462 5596 τὸ
1495 5539 1640 5614 ὕδωρ
1674 5542 1739 5612 τῇ
1781 5541 1879 5611 γῇ.

1974 4554 2083 4607 non
2123 4532 2474 4590 extrinsecus
2507 4524 2835 4591 subsistens,
2884 4518 2979 4575 sed
3003 4533 3070 4572 ex
3098 4517 3217 4587 ipsa
3268 4522 3467 4569 natura
3501 4514 3573 4568 sit

1974 4604 2072 4685 Dei
2097 4624 2294 4689 Patris,
2327 4628 2389 4675 ut
2419 4626 2476 4675 et
2501 4632 2626 4679 nos,
2654 4613 2834 4669 Moses
2858 4610 3072 4666 edocet.
3108 4628 3126 4660 ι
3161 4607 3349 4670 Sume,
3370 4604 3571 4675 inquit,

1985 4733 2186 4789 aquam
2222 4711 2490 4769 ﬂuminis.
2524 4728 2541 4760 ι
2581 4705 2793 4763 Dehinc
2830 4719 2951 4759 eam
2984 4712 3148 4758 terrae
3191 4698 3405 4755 infundi
3430 4712 3571 4768 pra:-

1976 4811 2142 4882 cepit.
2191 4807 2311 4862 Hoc
2336 4802 2601 4859 nimirum
2632 4797 2977 4869 aanigmatica
3001 4793 3341 4849 obscuritate
3391 4791 3573 4849 incar-g

1978 4878 2219 4957 nationis
2272 4902 2358 4950 est
2407 4889 2750 4964 mysterium.
2790 4885 2952 4957 304
2987 4885 3123 4939 Cum
3150 4882 3298 4937 enim
3347 4880 3457 4933 vita
3503 4878 3573 4932 sit

1981 4987 2330 5060 Unigenitus,
2381 4990 2439 5037 et
2463 4996 2531 5036 ex
2557 4980 2671 5033 vita
2696 4978 2793 5032 Dei
2835 4974 3017 5031 Patris
3058 4972 3216 5041 quasi
3252 4967 3574 5040 proﬂuendo

1984 5083 2058 5139 sit
2096 5078 2338 5152 genitus,
2404 5073 2570 5129 modo
2603 5071 2842 5142 quodam
2893 5065 3194 5138 permistus
3227 5070 3308 5118 est
3344 5070 3574 5116 terrena:

1988 5151 2342 5234 humanitati,
2374 5172 2437 5222 ut
2464 5172 2627 5219 terrae
2663 5175 2801 5231 aqua
2831 5176 2843 5212 :
2881 5176 2899 5208 ι
2935 5157 2997 5211 In
3024 5156 3144 5226 ipso
3167 5153 3315 5209 enim
3356 5151 3562 5207 inhabi-

1978 5269 2058 5318 tat
2108 5260 2288 5317 omnis
2346 5250 2635 5329 plenitudo
2692 5247 3000 5305 divinitatis
3048 5243 3413 5317 corporaliter
3434 5236 3510 5305 ⁸⁸,
3547 5260 3565 5293 ι

1979 5368 2214 5429 eamque
2248 5346 2648 5422 propemodum
2689 5342 2945 5397 humanae
2975 5345 3185 5392 natura
3226 5333 3489 5429 contulit.
3517 5331 3573 5387 1d

1981 5424 2273 5516 vero‘quis
2310 5446 2496 5496 mente
2525 5432 2790 5504 consequi
2817 5442 2912 5487 aut
2944 5444 3199 5487 sermone
3217 5424 3421 5498 queat?
3450 5424 3578 5480 Ver-

1982 5538 2123 5592 titur
2168 5541 2351 5589 autem
2386 5530 2442 5585 in
2488 5524 2813 5597 sanguinem
2857 5538 3009 5593 aqua.
3070 5519 3194 5574 Vita
3227 5517 3376 5573 enim
3415 5530 3480 5570 ex
3518 5528 3573 5570 se

345 5652 609 5727 "Exod.
651 5670 721 5718 tv,
768 5655 821 5727 97.
900 5659 944 5691 ³³
972 5661 1130 5718 Rom.
1191 5677 1263 5727 xl,
1296 5661 1347 5727 5,
1385 5660 1438 5717 6.
1516 5659 1561 5691 ³³
1609 5656 1802 5713 Matth.
1844 5672 1871 5711 κ

1975 5652 2165 5711 58.40.
2243 5650 2287 5683 ³⁸
2318 5648 2475 5715 Joah.
2497 5658 2591 5707 xu,
2615 5641 2706 5695 ‘23.
2787 5639 2831 5672 ³⁵
2860 5635 2996 5692 ibid.
3017 5635 3108 5700 ει,
3189 5634 3233 5665 ³⁷
3254 5630 3427 5688 Exod.
3496 5645 3571 5693 tv.

269 5726 329 5782 9.
412 5722 465 5758 ⁸⁸³
494 5722 614 5779 Col.
676 5740 733 5791 ιι,
785 5726 838 5781 9.
