  <div class='ocr_page' id='page_1' title='image "/cluster/home/n/w/nwhite01/storage/ocr_20150623/69/hvd.32044073501983/245.png"; bbox 0 0 4022 6198; ppageno 0'>
   <div class='ocr_carea' id='block_1_1' title="bbox 416 230 526 290">
    <p class='ocr_par' dir='ltr' id='par_1_1' title="bbox 416 230 526 290">
     <span class='ocr_line' id='line_1_1' title="bbox 416 230 526 290; baseline 0 0"><span class='ocrx_word' id='word_1_1' title='bbox 416 230 526 290; x_wconf 72' lang='grc'><strong>479</strong></span> 
     </span>
    </p>
   </div>
   <div class='ocr_carea' id='block_1_2' title="bbox 1432 233 2669 297">
    <p class='ocr_par' dir='ltr' id='par_1_2' title="bbox 1432 233 2669 297">
     <span class='ocr_line' id='line_1_2' title="bbox 1432 233 2669 297; baseline 0.005 -6"><span class='ocrx_word' id='word_1_2' title='bbox 1432 233 1494 291; x_wconf 89' lang='lat' dir='ltr'><strong>S.</strong></span> <span class='ocrx_word' id='word_1_3' title='bbox 1533 235 1807 293; x_wconf 81' lang='lat' dir='ltr'><strong>CYRILLI</strong></span> <span class='ocrx_word' id='word_1_4' title='bbox 1844 236 2315 297; x_wconf 74' lang='lat' dir='ltr'><strong>ALEXANDle</strong></span> <span class='ocrx_word' id='word_1_5' title='bbox 2350 239 2669 297; x_wconf 71' lang='lat' dir='ltr'><strong>ARCHIEP.</strong></span> 
     </span>
    </p>
   </div>
   <div class='ocr_carea' id='block_1_3' title="bbox 2330 142 2363 177">
    <p class='ocr_par' dir='ltr' id='par_1_3' title="bbox 2330 142 2363 177">
     <span class='ocr_line' id='line_1_3' title="bbox 2330 142 2363 177; baseline 0 0"><span class='ocrx_word' id='word_1_6' title='bbox 2330 142 2363 177; x_wconf 69' lang='grc' dir='ltr'><em>Ι</em></span> 
     </span>
    </p>
   </div>
   <div class='ocr_carea' id='block_1_4' title="bbox 3570 236 3671 293">
    <p class='ocr_par' dir='ltr' id='par_1_4' title="bbox 3570 236 3671 293">
     <span class='ocr_line' id='line_1_4' title="bbox 3570 236 3671 293; baseline 0 0"><span class='ocrx_word' id='word_1_7' title='bbox 3570 236 3671 293; x_wconf 71' lang='lat'><strong>680</strong></span> 
     </span>
    </p>
   </div>
   <div class='ocr_carea' id='block_1_5' title="bbox 411 347 2015 433">
    <p class='ocr_par' dir='ltr' id='par_1_5' title="bbox 411 347 2005 433">
     <span class='ocr_line' id='line_1_5' title="bbox 411 347 2005 433; baseline 0.004 -28"><span class='ocrx_word' id='word_1_8' title='bbox 411 363 622 419; x_wconf 84' lang='lat' dir='ltr'><strong>suaque</strong></span> <span class='ocrx_word' id='word_1_9' title='bbox 646 352 863 416; x_wconf 88' lang='lat' dir='ltr'><strong>natura,</strong></span> <span class='ocrx_word' id='word_1_10' title='bbox 884 347 992 404; x_wconf 87' lang='lat' dir='ltr'><strong>hoc</strong></span> <span class='ocrx_word' id='word_1_11' title='bbox 1031 353 1137 416; x_wconf 87' lang='lat' dir='ltr'><strong>est,</strong></span> <span class='ocrx_word' id='word_1_12' title='bbox 1160 348 1261 406; x_wconf 89' lang='lat' dir='ltr'><strong>Dei</strong></span> <span class='ocrx_word' id='word_1_13' title='bbox 1282 350 1461 409; x_wconf 87' lang='lat' dir='ltr'><strong>Patris</strong></span> <span class='ocrx_word' id='word_1_14' title='bbox 1482 352 1749 419; x_wconf 79' lang='lat' dir='ltr'><strong>Verbum,</strong></span> <span class='ocrx_word' id='word_1_15' title='bbox 1781 365 2005 433; x_wconf 68' lang='lat' dir='ltr'><strong>propter</strong></span> 
     </span>
    </p>
   </div>
   <div class='ocr_carea' id='block_1_6' title="bbox 2116 347 3674 433">
    <p class='ocr_par' dir='ltr' id='par_1_6' title="bbox 2116 353 3674 431">
     <span class='ocr_line' id='line_1_6' title="bbox 2116 353 3674 431; baseline -0.003 -18"><span class='ocrx_word' id='word_1_16' title='bbox 2116 375 2131 408; x_wconf 80' lang='grc' dir='ltr'><strong>ι</strong></span> <span class='ocrx_word' id='word_1_17' title='bbox 2166 357 2474 431; x_wconf 79' lang='grc' dir='ltr'><strong>Κατῴκηκε</strong></span> <span class='ocrx_word' id='word_1_18' title='bbox 2517 358 2628 431; x_wconf 83' lang='grc' dir='ltr'><strong>γὰρ</strong></span> <span class='ocrx_word' id='word_1_19' title='bbox 2672 358 2732 413; x_wconf 78' lang='grc' dir='ltr'><strong>ὲν</strong></span> <span class='ocrx_word' id='word_1_20' title='bbox 2764 356 2982 431; x_wconf 66' lang='grc' dir='ltr'><strong>Χριστὶῖι</strong></span> <span class='ocrx_word' id='word_1_21' title='bbox 3024 357 3135 413; x_wconf 75' lang='grc' dir='ltr'><strong>πᾶν</strong></span> <span class='ocrx_word' id='word_1_22' title='bbox 3165 355 3227 412; x_wconf 72' lang='lat'><strong>:6</strong></span> <span class='ocrx_word' id='word_1_23' title='bbox 3274 353 3545 428; x_wconf 82' lang='grc' dir='ltr'><strong>πλήρωμα</strong></span> <span class='ocrx_word' id='word_1_24' title='bbox 3575 353 3674 426; x_wconf 84' lang='grc' dir='ltr'><strong>τῆς</strong></span> 
     </span>
    </p>
   </div>
   <div class='ocr_carea' id='block_1_7' title="bbox 410 437 1999 517">
    <p class='ocr_par' dir='ltr' id='par_1_7' title="bbox 410 437 1999 517">
     <span class='ocr_line' id='line_1_7' title="bbox 410 437 1999 517; baseline 0.005 -24"><span class='ocrx_word' id='word_1_25' title='bbox 410 437 639 493; x_wconf 84' lang='lat' dir='ltr'><strong>nnionis</strong></span> <span class='ocrx_word' id='word_1_26' title='bbox 667 438 1155 509; x_wconf 78' lang='lat' dir='ltr'><strong>dispensationem,</strong></span> <span class='ocrx_word' id='word_1_27' title='bbox 1205 442 1264 497; x_wconf 91' lang='lat' dir='ltr'><strong>in</strong></span> <span class='ocrx_word' id='word_1_28' title='bbox 1297 458 1519 498; x_wconf 88' lang='lat' dir='ltr'><strong>carnem</strong></span> <span class='ocrx_word' id='word_1_29' title='bbox 1550 454 1701 514; x_wconf 92' lang='lat' dir='ltr'><strong>puta,</strong></span> <span class='ocrx_word' id='word_1_30' title='bbox 1738 455 1902 517; x_wconf 89' lang='lat' dir='ltr'><strong>atque</strong></span> <span class='ocrx_word' id='word_1_31' title='bbox 1941 446 1999 501; x_wconf 86' lang='lat' dir='ltr'><strong>in</strong></span> 
     </span>
    </p>
   </div>
   <div class='ocr_carea' id='block_1_8' title="bbox 411 531 1999 606">
    <p class='ocr_par' dir='ltr' id='par_1_8' title="bbox 411 531 1999 606">
     <span class='ocr_line' id='line_1_8' title="bbox 411 531 1999 606; baseline 0.006 -22"><span class='ocrx_word' id='word_1_32' title='bbox 411 531 730 587; x_wconf 83' lang='lat' dir='ltr'><strong>universam</strong></span> <span class='ocrx_word' id='word_1_33' title='bbox 746 531 1143 587; x_wconf 70' lang='lat' dir='ltr'><strong>humanitatem</strong></span> <span class='ocrx_word' id='word_1_34' title='bbox 1163 542 1525 606; x_wconf 90' lang='lat' dir='ltr'><strong>naturamque</strong></span> <span class='ocrx_word' id='word_1_35' title='bbox 1548 546 1811 604; x_wconf 86' lang='lat' dir='ltr'><strong>nostram,</strong></span> <span class='ocrx_word' id='word_1_36' title='bbox 1832 538 1999 594; x_wconf 87' lang='lat' dir='ltr'><strong>etiam</strong></span> 
     </span>
    </p>
   </div>
   <div class='ocr_carea' id='block_1_9' title="bbox 304 623 2000 693">
    <p class='ocr_par' dir='ltr' id='par_1_9' title="bbox 304 623 2000 693">
     <span class='ocr_line' id='line_1_9' title="bbox 304 623 2000 693; baseline 0.006 -17"><span class='ocrx_word' id='word_1_37' title='bbox 304 676 313 683; x_wconf 65' lang='grc'><strong>,</strong></span> <span class='ocrx_word' id='word_1_38' title='bbox 411 632 649 679; x_wconf 89' lang='lat' dir='ltr'><strong>mortem</strong></span> <span class='ocrx_word' id='word_1_39' title='bbox 675 623 848 693; x_wconf 84' lang='lat' dir='ltr'><strong>ipsam</strong></span> <span class='ocrx_word' id='word_1_40' title='bbox 867 623 1104 681; x_wconf 87' lang='lat' dir='ltr'><strong>subiisse</strong></span> <span class='ocrx_word' id='word_1_41' title='bbox 1128 625 1245 681; x_wconf 90' lang='lat' dir='ltr'><strong>visa</strong></span> <span class='ocrx_word' id='word_1_42' title='bbox 1268 636 1372 681; x_wconf 89' lang='lat' dir='ltr'><strong>est.</strong></span> <span class='ocrx_word' id='word_1_43' title='bbox 1403 628 1648 684; x_wconf 88' lang='lat' dir='ltr'><strong>Dicimus</strong></span> <span class='ocrx_word' id='word_1_44' title='bbox 1678 630 1826 685; x_wconf 90' lang='lat' dir='ltr'><strong>enim</strong></span> <span class='ocrx_word' id='word_1_45' title='bbox 1852 646 2000 686; x_wconf 89' lang='lat' dir='ltr'><strong>mor-</strong></span> 
     </span>
    </p>
   </div>
   <div class='ocr_carea' id='block_1_10' title="bbox 409 714 1999 793">
    <p class='ocr_par' dir='ltr' id='par_1_10' title="bbox 409 714 1999 793">
     <span class='ocr_line' id='line_1_10' title="bbox 409 714 1999 793; baseline 0.004 -22"><span class='ocrx_word' id='word_1_46' title='bbox 409 726 570 771; x_wconf 82' lang='lat' dir='ltr'><strong>tuum</strong></span> <span class='ocrx_word' id='word_1_47' title='bbox 600 729 702 784; x_wconf 91' lang='lat' dir='ltr'><strong>pro</strong></span> <span class='ocrx_word' id='word_1_48' title='bbox 716 714 895 779; x_wconf 91' lang='lat' dir='ltr'><strong>nobis,</strong></span> <span class='ocrx_word' id='word_1_49' title='bbox 930 731 1041 769; x_wconf 92' lang='lat' dir='ltr'><strong>non</strong></span> <span class='ocrx_word' id='word_1_50' title='bbox 1068 722 1250 772; x_wconf 88' lang='lat' dir='ltr'><strong>tamen</strong></span> <span class='ocrx_word' id='word_1_51' title='bbox 1272 717 1328 771; x_wconf 92' lang='lat' dir='ltr'><strong>in</strong></span> <span class='ocrx_word' id='word_1_52' title='bbox 1344 720 1567 789; x_wconf 89' lang='lat' dir='ltr'><strong>propria</strong></span> <span class='ocrx_word' id='word_1_53' title='bbox 1601 721 1655 776; x_wconf 93' lang='lat' dir='ltr'><strong>id</strong></span> <span class='ocrx_word' id='word_1_54' title='bbox 1677 737 1999 793; x_wconf 88' lang='lat' dir='ltr'><strong>perpessum</strong></span> 
     </span>
    </p>
   </div>
   <div class='ocr_carea' id='block_1_11' title="bbox 412 804 2000 881">
    <p class='ocr_par' dir='ltr' id='par_1_11' title="bbox 412 804 2000 881">
     <span class='ocr_line' id='line_1_11' title="bbox 412 804 2000 881; baseline 0.007 -22"><span class='ocrx_word' id='word_1_55' title='bbox 412 813 630 859; x_wconf 89' lang='lat' dir='ltr'><strong>natura.</strong></span> <span class='ocrx_word' id='word_1_56' title='bbox 657 804 905 859; x_wconf 86' lang='lat' dir='ltr'><strong>Mortuus</strong></span> <span class='ocrx_word' id='word_1_57' title='bbox 936 804 1086 861; x_wconf 88' lang='lat' dir='ltr'><strong>enim</strong></span> <span class='ocrx_word' id='word_1_58' title='bbox 1132 823 1244 864; x_wconf 89' lang='lat' dir='ltr'><strong>non</strong></span> <span class='ocrx_word' id='word_1_59' title='bbox 1270 820 1437 876; x_wconf 80' lang='lat' dir='ltr'><strong>esset,</strong></span> <span class='ocrx_word' id='word_1_60' title='bbox 1464 827 1590 867; x_wconf 88' lang='lat' dir='ltr'><strong>cum</strong></span> <span class='ocrx_word' id='word_1_61' title='bbox 1630 813 1703 868; x_wconf 88' lang='lat' dir='ltr'><strong>sit</strong></span> <span class='ocrx_word' id='word_1_62' title='bbox 1728 813 1861 881; x_wconf 86' lang='lat' dir='ltr'><strong>vita,</strong></span> <span class='ocrx_word' id='word_1_63' title='bbox 1901 815 2000 871; x_wconf 87' lang='lat' dir='ltr'><strong>sed</strong></span> 
     </span>
    </p>
   </div>
   <div class='ocr_carea' id='block_1_12' title="bbox 415 892 1997 977">
    <p class='ocr_par' dir='ltr' id='par_1_12' title="bbox 415 892 1997 977">
     <span class='ocr_line' id='line_1_12' title="bbox 415 892 1997 977; baseline 0.008 -28"><span class='ocrx_word' id='word_1_64' title='bbox 415 892 567 949; x_wconf 85' lang='lat' dir='ltr'><strong>carni</strong></span> <span class='ocrx_word' id='word_1_65' title='bbox 591 908 704 949; x_wconf 61' lang='lat' dir='ltr'><strong>sua:</strong></span> <span class='ocrx_word' id='word_1_66' title='bbox 729 903 962 951; x_wconf 90' lang='lat' dir='ltr'><strong>mortem</strong></span> <span class='ocrx_word' id='word_1_67' title='bbox 994 898 1148 968; x_wconf 88' lang='lat' dir='ltr'><strong>quasi</strong></span> <span class='ocrx_word' id='word_1_68' title='bbox 1200 894 1593 972; x_wconf 75' lang='lat' dir='ltr'><strong>appropria&#39;vit.</strong></span> <span class='ocrx_word' id='word_1_69' title='bbox 1620 903 1757 959; x_wconf 85' lang='lat' dir='ltr'><strong>Vide</strong></span> <span class='ocrx_word' id='word_1_70' title='bbox 1790 904 1997 977; x_wconf 83' lang='lat' dir='ltr'><strong>itaque,</strong></span> 
     </span>
    </p>
   </div>
   <div class='ocr_carea' id='block_1_13' title="bbox 411 984 1997 1069">
    <p class='ocr_par' dir='ltr' id='par_1_13' title="bbox 411 984 1997 1069">
     <span class='ocr_line' id='line_1_13' title="bbox 411 984 1997 1069; baseline 0.008 -31"><span class='ocrx_word' id='word_1_71' title='bbox 411 984 561 1055; x_wconf 87' lang='lat' dir='ltr'><strong>quod</strong></span> <span class='ocrx_word' id='word_1_72' title='bbox 593 984 639 1039; x_wconf 91' lang='lat' dir='ltr'><strong>si</strong></span> <span class='ocrx_word' id='word_1_73' title='bbox 666 984 844 1041; x_wconf 87' lang='lat' dir='ltr'><strong>Moses</strong></span> <span class='ocrx_word' id='word_1_74' title='bbox 874 1001 1075 1057; x_wconf 87' lang='lat' dir='ltr'><strong>aquam</strong></span> <span class='ocrx_word' id='word_1_75' title='bbox 1105 986 1163 1042; x_wconf 93' lang='lat' dir='ltr'><strong>in</strong></span> <span class='ocrx_word' id='word_1_76' title='bbox 1193 996 1396 1044; x_wconf 89' lang='lat' dir='ltr'><strong>terram</strong></span> <span class='ocrx_word' id='word_1_77' title='bbox 1437 990 1744 1056; x_wconf 69' lang='lat' dir='ltr'><strong>effudisset,</strong></span> <span class='ocrx_word' id='word_1_78' title='bbox 1785 993 1842 1069; x_wconf 69' lang='lat' dir='ltr'><strong>in</strong></span> <span class='ocrx_word' id='word_1_79' title='bbox 1870 1010 1997 1050; x_wconf 79' lang='lat' dir='ltr'><strong>san-</strong></span> 
     </span>
    </p>
   </div>
   <div class='ocr_carea' id='block_1_14' title="bbox 415 1077 1998 1151">
    <p class='ocr_par' dir='ltr' id='par_1_14' title="bbox 415 1077 1998 1151">
     <span class='ocr_line' id='line_1_14' title="bbox 415 1077 1998 1151; baseline 0.005 -19"><span class='ocrx_word' id='word_1_80' title='bbox 415 1077 636 1148; x_wconf 76' lang='lat' dir='ltr'><strong>guinem</strong></span> <span class='ocrx_word' id='word_1_81' title='bbox 670 1093 830 1133; x_wconf 87' lang='lat' dir='ltr'><strong>versa</strong></span> <span class='ocrx_word' id='word_1_82' title='bbox 851 1094 963 1133; x_wconf 88' lang='lat' dir='ltr'><strong>non</strong></span> <span class='ocrx_word' id='word_1_83' title='bbox 984 1086 1166 1146; x_wconf 84' lang='lat' dir='ltr'><strong>esset;</strong></span> <span class='ocrx_word' id='word_1_84' title='bbox 1201 1080 1348 1151; x_wconf 87' lang='lat' dir='ltr'><strong>quod</strong></span> <span class='ocrx_word' id='word_1_85' title='bbox 1372 1082 1723 1138; x_wconf 86' lang='lat' dir='ltr'><strong>manifestum</strong></span> <span class='ocrx_word' id='word_1_86' title='bbox 1744 1093 1827 1141; x_wconf 90' lang='lat' dir='ltr'><strong>est</strong></span> <span class='ocrx_word' id='word_1_87' title='bbox 1849 1101 1998 1140; x_wconf 90' lang='lat' dir='ltr'><strong>mor-</strong></span> 
     </span>
    </p>
   </div>
   <div class='ocr_carea' id='block_1_15' title="bbox 418 1165 1998 1242">
    <p class='ocr_par' dir='ltr' id='par_1_15' title="bbox 418 1165 1998 1242">
     <span class='ocr_line' id='line_1_15' title="bbox 418 1165 1998 1242; baseline 0.008 -23"><span class='ocrx_word' id='word_1_88' title='bbox 418 1166 491 1220; x_wconf 91' lang='lat' dir='ltr'><strong>tis</strong></span> <span class='ocrx_word' id='word_1_89' title='bbox 514 1165 796 1221; x_wconf 90' lang='lat' dir='ltr'><strong>indicium.</strong></span> <span class='ocrx_word' id='word_1_90' title='bbox 831 1167 1073 1222; x_wconf 83' lang='lat' dir='ltr'><strong>Verbum</strong></span> <span class='ocrx_word' id='word_1_91' title='bbox 1118 1169 1265 1224; x_wconf 88' lang='lat' dir='ltr'><strong>enim</strong></span> <span class='ocrx_word' id='word_1_92' title='bbox 1289 1171 1385 1226; x_wconf 88' lang='lat' dir='ltr'><strong>Dei</strong></span> <span class='ocrx_word' id='word_1_93' title='bbox 1420 1173 1574 1242; x_wconf 92' lang='lat' dir='ltr'><strong>quasi</strong></span> <span class='ocrx_word' id='word_1_94' title='bbox 1596 1182 1752 1229; x_wconf 83' lang='lat' dir='ltr'><strong>extra</strong></span> <span class='ocrx_word' id='word_1_95' title='bbox 1775 1191 1998 1232; x_wconf 88' lang='lat' dir='ltr'><strong>carnem</strong></span> 
     </span>
    </p>
   </div>
   <div class='ocr_carea' id='block_1_16' title="bbox 415 1256 2000 1329">
    <p class='ocr_par' dir='ltr' id='par_1_16' title="bbox 415 1256 2000 1329">
     <span class='ocr_line' id='line_1_16' title="bbox 415 1256 2000 1329; baseline 0.007 -19"><span class='ocrx_word' id='word_1_96' title='bbox 415 1256 801 1321; x_wconf 89' lang='lat' dir='ltr'><strong>constitutum,</strong></span> <span class='ocrx_word' id='word_1_97' title='bbox 849 1257 964 1312; x_wconf 81' lang='lat' dir='ltr'><strong>vita</strong></span> <span class='ocrx_word' id='word_1_98' title='bbox 1011 1267 1097 1314; x_wconf 92' lang='lat' dir='ltr'><strong>est</strong></span> <span class='ocrx_word' id='word_1_99' title='bbox 1137 1267 1196 1315; x_wconf 88' lang='lat' dir='ltr'><strong>et</strong></span> <span class='ocrx_word' id='word_1_100' title='bbox 1236 1260 1542 1317; x_wconf 79' lang='lat' dir='ltr'><strong>viviticans.</strong></span> <span class='ocrx_word' id='word_1_101' title='bbox 1587 1261 1728 1329; x_wconf 84' lang='lat' dir='ltr'><strong>Quia</strong></span> <span class='ocrx_word' id='word_1_102' title='bbox 1765 1280 1899 1321; x_wconf 90' lang='lat' dir='ltr'><strong>vero</strong></span> <span class='ocrx_word' id='word_1_103' title='bbox 1941 1266 2000 1322; x_wconf 87' lang='lat' dir='ltr'><strong>in</strong></span> 
     </span>
    </p>
   </div>
   <div class='ocr_carea' id='block_1_17' title="bbox 414 1346 2000 1429">
    <p class='ocr_par' dir='ltr' id='par_1_17' title="bbox 414 1346 2000 1429">
     <span class='ocr_line' id='line_1_17' title="bbox 414 1346 2000 1429; baseline 0.007 -29"><span class='ocrx_word' id='word_1_104' title='bbox 414 1361 581 1401; x_wconf 85' lang='lat' dir='ltr'><strong>carne</strong></span> <span class='ocrx_word' id='word_1_105' title='bbox 611 1346 899 1413; x_wconf 87' lang='lat' dir='ltr'><strong>habitavit,</strong></span> <span class='ocrx_word' id='word_1_106' title='bbox 924 1357 1217 1419; x_wconf 84' lang='lat' dir='ltr'><strong>propterea</strong></span> <span class='ocrx_word' id='word_1_107' title='bbox 1244 1350 1531 1407; x_wconf 88' lang='lat' dir='ltr'><strong>hominum</strong></span> <span class='ocrx_word' id='word_1_108' title='bbox 1568 1368 1720 1429; x_wconf 81' lang='lat' dir='ltr'><strong>more</strong></span> <span class='ocrx_word' id='word_1_109' title='bbox 1748 1364 2000 1412; x_wconf 90' lang='lat' dir='ltr'><strong>mortuus</strong></span> 
     </span>
    </p>
   </div>
   <div class='ocr_carea' id='block_1_18' title="bbox 417 1436 2000 1515">
    <p class='ocr_par' dir='ltr' id='par_1_18' title="bbox 417 1436 2000 1515">
     <span class='ocr_line' id='line_1_18' title="bbox 417 1436 2000 1515; baseline 0.007 -23"><span class='ocrx_word' id='word_1_110' title='bbox 417 1437 644 1492; x_wconf 90' lang='lat' dir='ltr'><strong>dicitur.</strong></span> <span class='ocrx_word' id='word_1_111' title='bbox 676 1436 950 1494; x_wconf 83' lang='lat' dir='ltr'><strong>Caeterum</strong></span> <span class='ocrx_word' id='word_1_112' title='bbox 994 1439 1100 1494; x_wconf 91' lang='lat' dir='ltr'><strong>hoc</strong></span> <span class='ocrx_word' id='word_1_113' title='bbox 1141 1455 1499 1513; x_wconf 78' lang='lat' dir='ltr'><strong>permagnum</strong></span> <span class='ocrx_word' id='word_1_114' title='bbox 1541 1452 1705 1515; x_wconf 91' lang='lat' dir='ltr'><strong>atque</strong></span> <span class='ocrx_word' id='word_1_115' title='bbox 1737 1445 2000 1503; x_wconf 82' lang='lat' dir='ltr'><strong>eximium</strong></span> 
     </span>
    </p>
   </div>
   <div class='ocr_carea' id='block_1_19' title="bbox 418 1527 1999 1609">
    <p class='ocr_par' dir='ltr' id='par_1_19' title="bbox 418 1527 1999 1609">
     <span class='ocr_line' id='line_1_19' title="bbox 418 1527 1999 1609; baseline 0.008 -26"><span class='ocrx_word' id='word_1_116' title='bbox 418 1527 633 1599; x_wconf 83' lang='lat' dir='ltr'><strong>signum</strong></span> <span class='ocrx_word' id='word_1_117' title='bbox 657 1536 761 1594; x_wconf 91' lang='lat' dir='ltr'><strong>est,</strong></span> <span class='ocrx_word' id='word_1_118' title='bbox 797 1545 907 1600; x_wconf 90' lang='lat' dir='ltr'><strong>quo</strong></span> <span class='ocrx_word' id='word_1_119' title='bbox 930 1531 1086 1601; x_wconf 85' lang='lat' dir='ltr'><strong>quasi</strong></span> <span class='ocrx_word' id='word_1_120' title='bbox 1118 1532 1224 1587; x_wconf 86' lang='lat' dir='ltr'><strong>reti</strong></span> <span class='ocrx_word' id='word_1_121' title='bbox 1269 1532 1453 1604; x_wconf 92' lang='lat' dir='ltr'><strong>aliquo</strong></span> <span class='ocrx_word' id='word_1_122' title='bbox 1486 1534 1554 1591; x_wconf 91' lang='lat' dir='ltr'><strong>ad</strong></span> <span class='ocrx_word' id='word_1_123' title='bbox 1583 1535 1745 1592; x_wconf 82' lang='lat' dir='ltr'><strong>ﬁdem</strong></span> <span class='ocrx_word' id='word_1_124' title='bbox 1785 1548 1999 1609; x_wconf 88' lang='lat' dir='ltr'><strong>pertra-</strong></span> 
     </span>
    </p>
   </div>
   <div class='ocr_carea' id='block_1_20' title="bbox 417 1620 1999 1699">
    <p class='ocr_par' dir='ltr' id='par_1_20' title="bbox 417 1620 1999 1699">
     <span class='ocr_line' id='line_1_20' title="bbox 417 1620 1999 1699; baseline 0.007 -25"><span class='ocrx_word' id='word_1_125' title='bbox 417 1620 694 1674; x_wconf 91' lang='lat' dir='ltr'><strong>hebantur</strong></span> <span class='ocrx_word' id='word_1_126' title='bbox 724 1620 971 1690; x_wconf 80' lang='lat' dir='ltr'><strong>reliquiae</strong></span> <span class='ocrx_word' id='word_1_127' title='bbox 1003 1621 1191 1687; x_wconf 85' lang='lat' dir='ltr'><strong>Israel,</strong></span> <span class='ocrx_word' id='word_1_128' title='bbox 1218 1631 1275 1678; x_wconf 90' lang='lat' dir='ltr'><strong>et</strong></span> <span class='ocrx_word' id='word_1_129' title='bbox 1301 1633 1603 1681; x_wconf 89' lang='lat' dir='ltr'><strong>convocata</strong></span> <span class='ocrx_word' id='word_1_130' title='bbox 1639 1634 1724 1682; x_wconf 90' lang='lat' dir='ltr'><strong>est</strong></span> <span class='ocrx_word' id='word_1_131' title='bbox 1752 1631 1999 1699; x_wconf 76' lang='lat' dir='ltr'><strong>gentium</strong></span> 
     </span>
    </p>
   </div>
   <div class='ocr_carea' id='block_1_21' title="bbox 2099 442 3677 521">
    <p class='ocr_par' dir='ltr' id='par_1_21' title="bbox 2099 442 3677 521">
     <span class='ocr_line' id='line_1_21' title="bbox 2099 442 3677 521; baseline -0.006 -18"><span class='ocrx_word' id='word_1_132' title='bbox 2099 448 2351 521; x_wconf 78' lang='grc' dir='ltr'><strong>θεότητος</strong></span> <span class='ocrx_word' id='word_1_133' title='bbox 2395 449 2754 519; x_wconf 76' lang='grc' dir='ltr'><strong>σωματικῶςο</strong></span> <span class='ocrx_word' id='word_1_134' title='bbox 2798 466 2816 501; x_wconf 76' lang='grc' dir='ltr'><strong>ι</strong></span> <span class='ocrx_word' id='word_1_135' title='bbox 2857 450 3140 520; x_wconf 71' lang='grc' dir='ltr'><strong>μονονουχὶ</strong></span> <span class='ocrx_word' id='word_1_136' title='bbox 3164 449 3222 501; x_wconf 83' lang='grc' dir='ltr'><strong>δὲ</strong></span> <span class='ocrx_word' id='word_1_137' title='bbox 3267 449 3334 518; x_wconf 75' lang='grc' dir='ltr'><strong>τῇ</strong></span> <span class='ocrx_word' id='word_1_138' title='bbox 3363 442 3677 516; x_wconf 67' lang='grc' dir='ltr'><strong>ἀνθρωπεία</strong></span> 
     </span>
    </p>
   </div>
   <div class='ocr_carea' id='block_1_22' title="bbox 2101 536 3676 615">
    <p class='ocr_par' dir='ltr' id='par_1_22' title="bbox 2101 536 3676 615">
     <span class='ocr_line' id='line_1_22' title="bbox 2101 536 3676 615; baseline -0.006 -18"><span class='ocrx_word' id='word_1_139' title='bbox 2101 543 2481 615; x_wconf 82' lang='grc' dir='ltr'><strong>συνενήνεκται</strong></span> <span class='ocrx_word' id='word_1_140' title='bbox 2516 541 2697 611; x_wconf 72' lang='grc' dir='ltr'><strong>φύσει,</strong></span> <span class='ocrx_word' id='word_1_141' title='bbox 2723 541 2821 596; x_wconf 75' lang='grc' dir='ltr'><strong>καὶ</strong></span> <span class='ocrx_word' id='word_1_142' title='bbox 2851 541 2928 606; x_wconf 81' lang='grc' dir='ltr'><strong>ὡς</strong></span> <span class='ocrx_word' id='word_1_143' title='bbox 2957 542 3060 596; x_wconf 77' lang='grc' dir='ltr'><strong>οὐκ</strong></span> <span class='ocrx_word' id='word_1_144' title='bbox 3086 539 3152 595; x_wconf 80' lang='grc' dir='ltr'>ἂν</span> <span class='ocrx_word' id='word_1_145' title='bbox 3181 537 3398 594; x_wconf 79' lang='grc' dir='ltr'><strong>δύναιτό</strong></span> <span class='ocrx_word' id='word_1_146' title='bbox 3416 554 3508 599; x_wconf 86' lang='grc' dir='ltr'><strong>τις</strong></span> <span class='ocrx_word' id='word_1_147' title='bbox 3532 536 3676 588; x_wconf 77' lang='grc' dir='ltr'><strong>νοεῖν</strong></span> 
     </span>
    </p>
   </div>
   <div class='ocr_carea' id='block_1_23' title="bbox 2099 627 3675 705">
    <p class='ocr_par' dir='ltr' id='par_1_23' title="bbox 2099 627 3675 705">
     <span class='ocr_line' id='line_1_23' title="bbox 2099 627 3675 705; baseline -0.006 -14"><span class='ocrx_word' id='word_1_148' title='bbox 2099 634 2134 705; x_wconf 70' lang='grc' dir='ltr'><strong>ἢ</strong></span> <span class='ocrx_word' id='word_1_149' title='bbox 2171 634 2409 705; x_wconf 75' lang='grc' dir='ltr'><strong>φράσαι’</strong></span> <span class='ocrx_word' id='word_1_150' title='bbox 2445 632 2586 705; x_wconf 79' lang='grc' dir='ltr'><strong>πλὴν</strong></span> <span class='ocrx_word' id='word_1_151' title='bbox 2625 635 2707 696; x_wconf 84' lang='grc' dir='ltr'><strong>εἰς</strong></span> <span class='ocrx_word' id='word_1_152' title='bbox 2755 628 2894 705; x_wconf 82' lang='grc' dir='ltr'><strong>αἷμα</strong></span> <span class='ocrx_word' id='word_1_153' title='bbox 2931 631 3264 705; x_wconf 77' lang='grc' dir='ltr'><strong>μετεποιήθη</strong></span> <span class='ocrx_word' id='word_1_154' title='bbox 3315 629 3377 683; x_wconf 86' lang='grc' dir='ltr'><strong>τδ</strong></span> <span class='ocrx_word' id='word_1_155' title='bbox 3405 629 3570 699; x_wconf 78' lang='grc' dir='ltr'><strong>ὕδωρ.</strong></span> <span class='ocrx_word' id='word_1_156' title='bbox 3606 627 3675 681; x_wconf 85' lang='grc' dir='ltr'><em>Ἦ</em></span> 
     </span>
    </p>
   </div>
   <div class='ocr_carea' id='block_1_24' title="bbox 2098 718 3677 796">
    <p class='ocr_par' dir='ltr' id='par_1_24' title="bbox 2098 718 3677 796">
     <span class='ocr_line' id='line_1_24' title="bbox 2098 718 3677 796; baseline -0.005 -17"><span class='ocrx_word' id='word_1_157' title='bbox 2098 725 2209 796; x_wconf 81' lang='lat'><strong>7&amp;9</strong></span> <span class='ocrx_word' id='word_1_158' title='bbox 2250 724 2393 780; x_wconf 78' lang='grc' dir='ltr'><strong>κατά</strong></span> <span class='ocrx_word' id='word_1_159' title='bbox 2431 724 2593 793; x_wconf 80' lang='grc' dir='ltr'><strong>φύσιν</strong></span> <span class='ocrx_word' id='word_1_160' title='bbox 2625 721 2761 796; x_wconf 80' lang='grc' dir='ltr'><strong>ζωὴ,</strong></span> <span class='ocrx_word' id='word_1_161' title='bbox 2801 724 3099 788; x_wconf 77' lang='grc' dir='ltr'><strong>τουτέστιν,</strong></span> <span class='ocrx_word' id='word_1_162' title='bbox 3127 725 3157 777; x_wconf 99' lang='lat'><strong>6</strong></span> <span class='ocrx_word' id='word_1_163' title='bbox 3201 723 3267 776; x_wconf 78' lang='grc' dir='ltr'><strong>ἐκ</strong></span> <span class='ocrx_word' id='word_1_164' title='bbox 3292 718 3427 774; x_wconf 86' lang='grc' dir='ltr'><strong>Θεοῦ</strong></span> <span class='ocrx_word' id='word_1_165' title='bbox 3461 718 3677 790; x_wconf 84' lang='grc' dir='ltr'><strong>Πατρδς</strong></span> 
     </span>
    </p>
   </div>
   <div class='ocr_carea' id='block_1_25' title="bbox 2099 810 3679 887">
    <p class='ocr_par' dir='ltr' id='par_1_25' title="bbox 2099 810 3679 887">
     <span class='ocr_line' id='line_1_25' title="bbox 2099 810 3679 887; baseline -0.004 -18"><span class='ocrx_word' id='word_1_166' title='bbox 2099 816 2292 886; x_wconf 87' lang='grc' dir='ltr'><strong>Λόγος,</strong></span> <span class='ocrx_word' id='word_1_167' title='bbox 2323 815 2445 870; x_wconf 84' lang='grc' dir='ltr'><strong>καθ’</strong></span> <span class='ocrx_word' id='word_1_168' title='bbox 2467 814 2661 870; x_wconf 74' lang='grc' dir='ltr'><strong>ἕνωσιν</strong></span> <span class='ocrx_word' id='word_1_169' title='bbox 2685 815 3053 887; x_wconf 80' lang='grc' dir='ltr'><strong>οἰκονομικὴν,</strong></span> <span class='ocrx_word' id='word_1_170' title='bbox 3090 813 3190 884; x_wconf 78' lang='grc' dir='ltr'><strong>τὴν</strong></span> <span class='ocrx_word' id='word_1_171' title='bbox 3225 813 3302 876; x_wconf 86' lang='grc' dir='ltr'><strong>ὼς</strong></span> <span class='ocrx_word' id='word_1_172' title='bbox 3332 810 3465 883; x_wconf 77' lang='grc' dir='ltr'><strong>πρὸς</strong></span> <span class='ocrx_word' id='word_1_173' title='bbox 3498 810 3679 880; x_wconf 79' lang='grc' dir='ltr'><strong>σάρκα</strong></span> 
     </span>
    </p>
   </div>
   <div class='ocr_carea' id='block_1_26' title="bbox 2102 895 3680 978">
    <p class='ocr_par' dir='ltr' id='par_1_26' title="bbox 2102 895 3680 978">
     <span class='ocr_line' id='line_1_26' title="bbox 2102 895 3680 978; baseline -0.01 -16"><span class='ocrx_word' id='word_1_174' title='bbox 2102 905 2266 978; x_wconf 74' lang='grc' dir='ltr'><strong>φημὶ,</strong></span> <span class='ocrx_word' id='word_1_175' title='bbox 2316 905 2436 975; x_wconf 73' lang='grc' dir='ltr'><strong>ἦτοι</strong></span> <span class='ocrx_word' id='word_1_176' title='bbox 2464 903 2603 976; x_wconf 75' lang='grc' dir='ltr'><strong>πρὸς</strong></span> <span class='ocrx_word' id='word_1_177' title='bbox 2628 904 2924 977; x_wconf 76' lang='grc' dir='ltr'><strong>ὁλόκληρον</strong></span> <span class='ocrx_word' id='word_1_178' title='bbox 2964 902 3362 975; x_wconf 81' lang='grc' dir='ltr'><strong>ἀνθρωπὸτητα</strong></span> <span class='ocrx_word' id='word_1_179' title='bbox 3383 897 3480 952; x_wconf 70' lang='grc' dir='ltr'><strong>καὶ</strong></span> <span class='ocrx_word' id='word_1_180' title='bbox 3516 895 3680 967; x_wconf 78' lang='grc' dir='ltr'><strong>φύσιν</strong></span> 
     </span>
    </p>
   </div>
   <div class='ocr_carea' id='block_1_27' title="bbox 2100 985 3681 1069">
    <p class='ocr_par' dir='ltr' id='par_1_27' title="bbox 2100 985 3681 1069">
     <span class='ocr_line' id='line_1_27' title="bbox 2100 985 3681 1069; baseline -0.008 -19"><span class='ocrx_word' id='word_1_181' title='bbox 2100 995 2199 1069; x_wconf 79' lang='grc' dir='ltr'><strong>τὴν</strong></span> <span class='ocrx_word' id='word_1_182' title='bbox 2230 996 2351 1051; x_wconf 82' lang='grc' dir='ltr'><strong>καθ’</strong></span> <span class='ocrx_word' id='word_1_183' title='bbox 2379 997 2551 1066; x_wconf 76' lang='grc' dir='ltr'><strong>ἡμᾶς,</strong></span> <span class='ocrx_word' id='word_1_184' title='bbox 2595 996 2689 1049; x_wconf 80' lang='grc' dir='ltr'><strong>καὶ</strong></span> <span class='ocrx_word' id='word_1_185' title='bbox 2716 997 2774 1050; x_wconf 79' lang='grc' dir='ltr'><strong>ὲν</strong></span> <span class='ocrx_word' id='word_1_186' title='bbox 2801 995 3018 1065; x_wconf 78' lang='grc' dir='ltr'><strong>δοκήσει</strong></span> <span class='ocrx_word' id='word_1_187' title='bbox 3050 993 3244 1061; x_wconf 85' lang='grc' dir='ltr'><strong>γέγονε</strong></span> <span class='ocrx_word' id='word_1_188' title='bbox 3266 987 3363 1044; x_wconf 87' lang='grc' dir='ltr'><strong>τοῦ</strong></span> <span class='ocrx_word' id='word_1_189' title='bbox 3389 988 3485 1042; x_wconf 81' lang='grc' dir='ltr'><strong>καὶ</strong></span> <span class='ocrx_word' id='word_1_190' title='bbox 3516 985 3681 1042; x_wconf 79' lang='grc' dir='ltr'><strong>αὑτὸν</strong></span> 
     </span>
    </p>
   </div>
   <div class='ocr_carea' id='block_1_28' title="bbox 2102 1077 3680 1159">
    <p class='ocr_par' dir='ltr' id='par_1_28' title="bbox 2102 1077 3680 1159">
     <span class='ocr_line' id='line_1_28' title="bbox 2102 1077 3680 1159; baseline -0.011 -15"><span class='ocrx_word' id='word_1_191' title='bbox 2102 1089 2400 1159; x_wconf 76' lang='grc' dir='ltr'><strong>ἀνατλῆναι</strong></span> <span class='ocrx_word' id='word_1_192' title='bbox 2420 1087 2521 1141; x_wconf 75' lang='grc' dir='ltr'><strong>τὸν</strong></span> <span class='ocrx_word' id='word_1_193' title='bbox 2546 1086 2795 1143; x_wconf 76' lang='grc' dir='ltr'><strong>θάνατον.</strong></span> <span class='ocrx_word' id='word_1_194' title='bbox 2823 1085 3005 1157; x_wconf 74' lang='grc' dir='ltr'><strong>Φαμὲν</strong></span> <span class='ocrx_word' id='word_1_195' title='bbox 3033 1083 3141 1155; x_wconf 79' lang='grc' dir='ltr'><strong>γὰρ</strong></span> <span class='ocrx_word' id='word_1_196' title='bbox 3173 1082 3257 1136; x_wconf 83' lang='grc' dir='ltr'><strong>ὃτι</strong></span> <span class='ocrx_word' id='word_1_197' title='bbox 3286 1080 3380 1135; x_wconf 70' lang='grc' dir='ltr'><strong>καὶ</strong></span> <span class='ocrx_word' id='word_1_198' title='bbox 3408 1077 3680 1133; x_wconf 77' lang='grc' dir='ltr'><strong>ἀπέθανεν</strong></span> 
     </span>
    </p>
   </div>
   <div class='ocr_carea' id='block_1_29' title="bbox 2104 1166 3682 1252">
    <p class='ocr_par' dir='ltr' id='par_1_29' title="bbox 2104 1166 3682 1252">
     <span class='ocr_line' id='line_1_29' title="bbox 2104 1166 3682 1252; baseline -0.011 -17"><span class='ocrx_word' id='word_1_199' title='bbox 2104 1180 2246 1252; x_wconf 80' lang='grc' dir='ltr'><strong>ὑπὲρ</strong></span> <span class='ocrx_word' id='word_1_200' title='bbox 2274 1179 2452 1250; x_wconf 81' lang='grc' dir='ltr'><strong>ἡμῶν,</strong></span> <span class='ocrx_word' id='word_1_201' title='bbox 2488 1179 2587 1232; x_wconf 81' lang='grc' dir='ltr'><strong>οὐκ</strong></span> <span class='ocrx_word' id='word_1_202' title='bbox 2621 1179 2701 1241; x_wconf 87' lang='grc' dir='ltr'><strong>είς</strong></span> <span class='ocrx_word' id='word_1_203' title='bbox 2742 1176 2877 1231; x_wconf 82' lang='grc' dir='ltr'><strong>ίδίαν</strong></span> <span class='ocrx_word' id='word_1_204' title='bbox 2917 1174 3078 1245; x_wconf 73' lang='grc' dir='ltr'><strong>φύσιν</strong></span> <span class='ocrx_word' id='word_1_205' title='bbox 3108 1172 3267 1227; x_wconf 88' lang='grc' dir='ltr'><strong>τοῦτο</strong></span> <span class='ocrx_word' id='word_1_206' title='bbox 3297 1169 3457 1234; x_wconf 79' lang='grc' dir='ltr'><strong>αὐτὸς</strong></span> <span class='ocrx_word' id='word_1_207' title='bbox 3490 1166 3682 1220; x_wconf 87' lang='grc' dir='ltr'><strong>παθὼν</strong></span> 
     </span>
    </p>
   </div>
   <div class='ocr_carea' id='block_1_30' title="bbox 2104 1258 3681 1342">
    <p class='ocr_par' dir='ltr' id='par_1_30' title="bbox 2104 1258 3681 1342">
     <span class='ocr_line' id='line_1_30' title="bbox 2104 1258 3681 1342; baseline -0.01 -17"><span class='ocrx_word' id='word_1_208' title='bbox 2104 1269 2351 1342; x_wconf 79' lang='grc' dir='ltr'><strong>(τεθναίη</strong></span> <span class='ocrx_word' id='word_1_209' title='bbox 2369 1270 2477 1341; x_wconf 88' lang='lat'><strong>7&amp;9</strong></span> <span class='ocrx_word' id='word_1_210' title='bbox 2496 1269 2655 1333; x_wconf 80' lang='grc' dir='ltr'><strong>αὐτὸς</strong></span> <span class='ocrx_word' id='word_1_211' title='bbox 2676 1267 2953 1339; x_wconf 84' lang='grc' dir='ltr'><strong>οὒδαμῶς,</strong></span> <span class='ocrx_word' id='word_1_212' title='bbox 2978 1265 3092 1338; x_wconf 78' lang='grc' dir='ltr'><strong>ζωὴ</strong></span> <span class='ocrx_word' id='word_1_213' title='bbox 3115 1261 3418 1335; x_wconf 83' lang='grc' dir='ltr'><strong>ὑπάρχων),</strong></span> <span class='ocrx_word' id='word_1_214' title='bbox 3437 1259 3575 1314; x_wconf 72' lang='grc' dir='ltr'><strong>ἀλλὰ</strong></span> <span class='ocrx_word' id='word_1_215' title='bbox 3588 1258 3681 1311; x_wconf 82' lang='grc' dir='ltr'><strong>τὸν</strong></span> 
     </span>
    </p>
   </div>
   <div class='ocr_carea' id='block_1_31' title="bbox 2101 1348 3681 1434">
    <p class='ocr_par' dir='ltr' id='par_1_31' title="bbox 2101 1348 3681 1434">
     <span class='ocr_line' id='line_1_31' title="bbox 2101 1348 3681 1434; baseline -0.01 -17"><span class='ocrx_word' id='word_1_216' title='bbox 2101 1363 2203 1434; x_wconf 87' lang='grc' dir='ltr'><strong>τῆς</strong></span> <span class='ocrx_word' id='word_1_217' title='bbox 2231 1362 2369 1426; x_wconf 86' lang='grc' dir='ltr'><strong>ίδίας</strong></span> <span class='ocrx_word' id='word_1_218' title='bbox 2400 1361 2604 1433; x_wconf 75' lang='grc' dir='ltr'><strong>σαρκὸς</strong></span> <span class='ocrx_word' id='word_1_219' title='bbox 2646 1358 3013 1430; x_wconf 77' lang='grc' dir='ltr'>οἰκειούμενος</span> <span class='ocrx_word' id='word_1_220' title='bbox 3055 1356 3303 1411; x_wconf 79' lang='grc' dir='ltr'><strong>θάνατον.</strong></span> <span class='ocrx_word' id='word_1_221' title='bbox 3341 1351 3534 1422; x_wconf 79' lang='grc' dir='ltr'><strong>Ἀθρει</strong></span> <span class='ocrx_word' id='word_1_222' title='bbox 3570 1348 3681 1420; x_wconf 83' lang='lat'><strong>7&amp;9</strong></span> 
     </span>
    </p>
   </div>
   <div class='ocr_carea' id='block_1_32' title="bbox 2102 1442 3680 1523">
    <p class='ocr_par' dir='ltr' id='par_1_32' title="bbox 2102 1442 3680 1523">
     <span class='ocr_line' id='line_1_32' title="bbox 2102 1442 3680 1523; baseline -0.008 -16"><span class='ocrx_word' id='word_1_223' title='bbox 2102 1454 2273 1517; x_wconf 88' lang='grc' dir='ltr'><strong>ὃπως,</strong></span> <span class='ocrx_word' id='word_1_224' title='bbox 2304 1453 2353 1506; x_wconf 85' lang='grc' dir='ltr'><strong>εί</strong></span> <span class='ocrx_word' id='word_1_225' title='bbox 2390 1452 2465 1523; x_wconf 82' lang='grc' dir='ltr'><strong>μὴ</strong></span> <span class='ocrx_word' id='word_1_226' title='bbox 2494 1451 2708 1522; x_wconf 76' lang='grc' dir='ltr'>ἐξέχεεν</span> <span class='ocrx_word' id='word_1_227' title='bbox 2731 1453 2760 1506; x_wconf 89' lang='lat'><strong>6</strong></span> <span class='ocrx_word' id='word_1_228' title='bbox 2805 1449 3015 1521; x_wconf 81' lang='grc' dir='ltr'><strong>Μωσῆς</strong></span> <span class='ocrx_word' id='word_1_229' title='bbox 3038 1448 3099 1502; x_wconf 80' lang='grc' dir='ltr'><strong>τὸ</strong></span> <span class='ocrx_word' id='word_1_230' title='bbox 3129 1447 3275 1517; x_wconf 76' lang='grc' dir='ltr'><strong>ὕδωρ</strong></span> <span class='ocrx_word' id='word_1_231' title='bbox 3313 1445 3392 1509; x_wconf 85' lang='grc' dir='ltr'><strong>είς</strong></span> <span class='ocrx_word' id='word_1_232' title='bbox 3426 1442 3525 1514; x_wconf 80' lang='grc' dir='ltr'><strong>τὴν</strong></span> <span class='ocrx_word' id='word_1_233' title='bbox 3552 1442 3680 1512; x_wconf 85' lang='grc' dir='ltr'><strong>γῆν,</strong></span> 
     </span>
    </p>
   </div>
   <div class='ocr_carea' id='block_1_33' title="bbox 2103 1531 3681 1615">
    <p class='ocr_par' dir='ltr' id='par_1_33' title="bbox 2103 1531 3681 1615">
     <span class='ocr_line' id='line_1_33' title="bbox 2103 1531 3681 1615; baseline -0.01 -17"><span class='ocrx_word' id='word_1_234' title='bbox 2103 1545 2166 1598; x_wconf 80' lang='grc' dir='ltr'>οὐ</span> <span class='ocrx_word' id='word_1_235' title='bbox 2205 1541 2537 1615; x_wconf 82' lang='grc' dir='ltr'><strong>μετεποιήθη</strong></span> <span class='ocrx_word' id='word_1_236' title='bbox 2563 1543 2644 1605; x_wconf 86' lang='grc' dir='ltr'><strong>είς</strong></span> <span class='ocrx_word' id='word_1_237' title='bbox 2670 1535 2811 1613; x_wconf 73' lang='grc' dir='ltr'><strong>αἷμα</strong></span> <span class='ocrx_word' id='word_1_238' title='bbox 2832 1555 2846 1573; x_wconf 90' lang='grc'><strong>·</strong></span> <span class='ocrx_word' id='word_1_239' title='bbox 2877 1540 3019 1611; x_wconf 82' lang='grc' dir='ltr'><strong>ὅπερ</strong></span> <span class='ocrx_word' id='word_1_240' title='bbox 3034 1538 3180 1592; x_wconf 73' lang='grc' dir='ltr'><strong>ἐστὶν</strong></span> <span class='ocrx_word' id='word_1_241' title='bbox 3205 1533 3433 1605; x_wconf 71' lang='grc' dir='ltr'><strong>ἐναργὲς</strong></span> <span class='ocrx_word' id='word_1_242' title='bbox 3450 1531 3681 1585; x_wconf 79' lang='grc' dir='ltr'><strong>θανάτου</strong></span> 
     </span>
    </p>
   </div>
   <div class='ocr_carea' id='block_1_34' title="bbox 2109 1620 3683 1704">
    <p class='ocr_par' dir='ltr' id='par_1_34' title="bbox 2109 1620 3683 1704">
     <span class='ocr_line' id='line_1_34' title="bbox 2109 1620 3683 1704; baseline -0.022 1"><span class='ocrx_word' id='word_1_243' title='bbox 2109 1634 2354 1704; x_wconf 77' lang='grc' dir='ltr'><strong>σημεῖον·</strong></span> <span class='ocrx_word' id='word_1_244' title='bbox 2390 1630 2539 1696; x_wconf 78' lang='grc' dir='ltr'><strong>Ἕξω</strong></span> <span class='ocrx_word' id='word_1_245' title='bbox 2589 1631 2686 1701; x_wconf 77' lang='grc' dir='ltr'><strong>μὲν</strong></span> <span class='ocrx_word' id='word_1_246' title='bbox 2720 1630 2830 1701; x_wconf 82' lang='grc' dir='ltr'><strong>γὰρ</strong></span> <span class='ocrx_word' id='word_1_247' title='bbox 2870 1629 2970 1699; x_wconf 84' lang='grc' dir='ltr'><strong>τῆς</strong></span> <span class='ocrx_word' id='word_1_248' title='bbox 3003 1626 3206 1699; x_wconf 76' lang='grc' dir='ltr'><strong>σαρκὸς</strong></span> <span class='ocrx_word' id='word_1_249' title='bbox 3242 1622 3530 1692; x_wconf 81' lang='grc' dir='ltr'><strong>νοούμενος</strong></span> <span class='ocrx_word' id='word_1_250' title='bbox 3558 1620 3588 1673; x_wconf 91' lang='lat'><strong>6</strong></span> <span class='ocrx_word' id='word_1_251' title='bbox 3620 1620 3683 1670; x_wconf 81' lang='grc' dir='ltr'><strong>ὲκ</strong></span> 
     </span>
    </p>
   </div>
   <div class='ocr_carea' id='block_1_35' title="bbox 417 1708 2015 1797">
    <p class='ocr_par' dir='ltr' id='par_1_35' title="bbox 417 1710 2005 1793">
     <span class='ocr_line' id='line_1_35' title="bbox 417 1710 2005 1793; baseline 0.008 -27"><span class='ocrx_word' id='word_1_252' title='bbox 417 1711 732 1767; x_wconf 88' lang='lat' dir='ltr'><strong>multitudo.</strong></span> <span class='ocrx_word' id='word_1_253' title='bbox 758 1710 892 1779; x_wconf 83' lang='lat' dir='ltr'><strong>Quis</strong></span> <span class='ocrx_word' id='word_1_254' title='bbox 905 1713 1053 1769; x_wconf 91' lang='lat' dir='ltr'><strong>enim</strong></span> <span class='ocrx_word' id='word_1_255' title='bbox 1071 1714 1299 1770; x_wconf 88' lang='lat' dir='ltr'><strong>credere</strong></span> <span class='ocrx_word' id='word_1_256' title='bbox 1314 1714 1603 1783; x_wconf 86' lang='lat' dir='ltr'><strong>detrectet,</strong></span> <span class='ocrx_word' id='word_1_257' title='bbox 1628 1727 1861 1775; x_wconf 89' lang='lat' dir='ltr'><strong>mortem</strong></span> <span class='ocrx_word' id='word_1_258' title='bbox 1884 1738 2005 1793; x_wconf 66' lang='lat' dir='ltr'><strong>quae</strong></span> 
     </span>
    </p>
   </div>
   <div class='ocr_carea' id='block_1_36' title="bbox 2116 1708 3685 1797">
    <p class='ocr_par' dir='ltr' id='par_1_36' title="bbox 2116 1708 3685 1797">
     <span class='ocr_line' id='line_1_36' title="bbox 2116 1708 3685 1797; baseline -0.011 -18"><span class='ocrx_word' id='word_1_259' title='bbox 2116 1724 2240 1779; x_wconf 73' lang='grc' dir='ltr'><strong>Θεοῦ</strong></span> <span class='ocrx_word' id='word_1_260' title='bbox 2287 1724 2479 1793; x_wconf 87' lang='grc' dir='ltr'><strong>Λόγος,</strong></span> <span class='ocrx_word' id='word_1_261' title='bbox 2526 1722 2641 1792; x_wconf 78' lang='grc' dir='ltr'><strong>ζωὴ</strong></span> <span class='ocrx_word' id='word_1_262' title='bbox 2690 1721 2786 1776; x_wconf 71' lang='grc' dir='ltr'><strong>καὶ</strong></span> <span class='ocrx_word' id='word_1_263' title='bbox 2842 1718 3103 1785; x_wconf 79' lang='grc' dir='ltr'><strong>ζωοποιός</strong></span> <span class='ocrx_word' id='word_1_264' title='bbox 3157 1717 3326 1770; x_wconf 67' lang='grc' dir='ltr'><strong>ἔστιν.</strong></span> <span class='ocrx_word' id='word_1_265' title='bbox 3377 1709 3598 1797; x_wconf 82' lang='grc' dir='ltr'><strong>Ἐπειδὴ</strong></span> <span class='ocrx_word' id='word_1_266' title='bbox 3624 1708 3685 1762; x_wconf 70' lang='grc' dir='ltr'><strong>δὲ</strong></span> 
     </span>
    </p>
   </div>
   <div class='ocr_carea' id='block_1_37' title="bbox 418 1800 2007 1881">
    <p class='ocr_par' dir='ltr' id='par_1_37' title="bbox 418 1800 2007 1881">
     <span class='ocr_line' id='line_1_37' title="bbox 418 1800 2007 1881; baseline 0.009 -27"><span class='ocrx_word' id='word_1_267' title='bbox 418 1800 749 1855; x_wconf 88' lang='lat' dir='ltr'><strong>mortalibus</strong></span> <span class='ocrx_word' id='word_1_268' title='bbox 800 1801 1016 1872; x_wconf 89' lang='lat' dir='ltr'><strong>pridem</strong></span> <span class='ocrx_word' id='word_1_269' title='bbox 1075 1803 1308 1858; x_wconf 88' lang='lat' dir='ltr'><strong>molesta</strong></span> <span class='ocrx_word' id='word_1_270' title='bbox 1359 1813 1479 1860; x_wconf 89' lang='lat' dir='ltr'><strong>erat</strong></span> <span class='ocrx_word' id='word_1_271' title='bbox 1531 1815 1697 1877; x_wconf 90' lang='lat' dir='ltr'><strong>atque</strong></span> <span class='ocrx_word' id='word_1_272' title='bbox 1748 1808 2007 1881; x_wconf 82' lang='lat' dir='ltr'><strong>infausta,</strong></span> 
     </span>
    </p>
   </div>
   <div class='ocr_carea' id='block_1_38' title="bbox 418 1890 2011 1971">
    <p class='ocr_par' dir='ltr' id='par_1_38' title="bbox 418 1890 2011 1971">
     <span class='ocr_line' id='line_1_38' title="bbox 418 1890 2011 1971; baseline 0.008 -26"><span class='ocrx_word' id='word_1_273' title='bbox 418 1905 652 1947; x_wconf 85' lang='lat' dir='ltr'><strong>cernens</strong></span> <span class='ocrx_word' id='word_1_274' title='bbox 686 1890 1051 1958; x_wconf 77' lang='lat' dir='ltr'><strong>debilitatam,</strong></span> <span class='ocrx_word' id='word_1_275' title='bbox 1085 1895 1499 1964; x_wconf 89' lang='lat' dir='ltr'><strong>corruptionem</strong></span> <span class='ocrx_word' id='word_1_276' title='bbox 1548 1895 1809 1966; x_wconf 89' lang='lat' dir='ltr'><strong>ablatam,</strong></span> <span class='ocrx_word' id='word_1_277' title='bbox 1845 1908 2011 1971; x_wconf 87' lang='lat' dir='ltr'><strong>atque</strong></span> 
     </span>
    </p>
   </div>
   <div class='ocr_carea' id='block_1_39' title="bbox 418 1980 2012 2054">
    <p class='ocr_par' dir='ltr' id='par_1_39' title="bbox 418 1980 2012 2054">
     <span class='ocr_line' id='line_1_39' title="bbox 418 1980 2012 2054; baseline 0.006 -18"><span class='ocrx_word' id='word_1_278' title='bbox 418 1982 476 2036; x_wconf 90' lang='lat' dir='ltr'><strong>in</strong></span> <span class='ocrx_word' id='word_1_279' title='bbox 502 1996 656 2052; x_wconf 91' lang='lat' dir='ltr'><strong>spem</strong></span> <span class='ocrx_word' id='word_1_280' title='bbox 676 1980 800 2036; x_wconf 63' lang='lat' dir='ltr'><strong>vita:</strong></span> <span class='ocrx_word' id='word_1_281' title='bbox 830 1984 1183 2052; x_wconf 72' lang='lat' dir='ltr'><strong>sempiterna:</strong></span> <span class='ocrx_word' id='word_1_282' title='bbox 1200 2000 1375 2054; x_wconf 81' lang='lat' dir='ltr'><strong>genus</strong></span> <span class='ocrx_word' id='word_1_283' title='bbox 1394 1985 1696 2041; x_wconf 90' lang='lat' dir='ltr'><strong>humanum</strong></span> <span class='ocrx_word' id='word_1_284' title='bbox 1729 1990 2012 2045; x_wconf 86' lang='lat' dir='ltr'><strong>erectum?</strong></span> 
     </span>
    </p>
   </div>
   <div class='ocr_carea' id='block_1_40' title="bbox 419 2071 2009 2137">
    <p class='ocr_par' dir='ltr' id='par_1_40' title="bbox 419 2071 2009 2137">
     <span class='ocr_line' id='line_1_40' title="bbox 419 2071 2009 2137; baseline 0.001 -7"><span class='ocrx_word' id='word_1_285' title='bbox 419 2073 493 2130; x_wconf 86' lang='lat' dir='ltr'><strong>Ut</strong></span> <span class='ocrx_word' id='word_1_286' title='bbox 509 2071 657 2126; x_wconf 92' lang='lat' dir='ltr'><strong>enim</strong></span> <span class='ocrx_word' id='word_1_287' title='bbox 691 2072 1020 2127; x_wconf 88' lang='lat' dir='ltr'><strong>commortui</strong></span> <span class='ocrx_word' id='word_1_288' title='bbox 1040 2087 1230 2127; x_wconf 90' lang='lat' dir='ltr'><strong>sumus</strong></span> <span class='ocrx_word' id='word_1_289' title='bbox 1253 2071 1485 2137; x_wconf 82' lang='lat' dir='ltr'><strong>Adamo,</strong></span> <span class='ocrx_word' id='word_1_290' title='bbox 1505 2074 1586 2129; x_wconf 89' lang='lat' dir='ltr'><strong>sic</strong></span> <span class='ocrx_word' id='word_1_291' title='bbox 1613 2083 1820 2130; x_wconf 89' lang='lat' dir='ltr'><strong>etcum</strong></span> <span class='ocrx_word' id='word_1_292' title='bbox 1847 2075 2009 2132; x_wconf 89' lang='lat' dir='ltr'><strong>Chri-</strong></span> 
     </span>
    </p>
   </div>
   <div class='ocr_carea' id='block_1_41' title="bbox 419 2161 2010 2226">
    <p class='ocr_par' dir='ltr' id='par_1_41' title="bbox 419 2161 2010 2226">
     <span class='ocr_line' id='line_1_41' title="bbox 419 2161 2010 2226; baseline 0.005 -11"><span class='ocrx_word' id='word_1_293' title='bbox 419 2170 506 2216; x_wconf 84' lang='lat' dir='ltr'><strong>sto</strong></span> <span class='ocrx_word' id='word_1_294' title='bbox 530 2161 753 2217; x_wconf 77' lang='lat' dir='ltr'><strong>excitati</strong></span> <span class='ocrx_word' id='word_1_295' title='bbox 792 2177 1005 2226; x_wconf 90' lang='lat' dir='ltr'><strong>sumus,</strong></span> <span class='ocrx_word' id='word_1_296' title='bbox 1044 2170 1105 2216; x_wconf 88' lang='lat' dir='ltr'><strong>ut</strong></span> <span class='ocrx_word' id='word_1_297' title='bbox 1131 2169 1364 2217; x_wconf 86' lang='lat' dir='ltr'><strong>testatur</strong></span> <span class='ocrx_word' id='word_1_298' title='bbox 1397 2171 1622 2219; x_wconf 90' lang='lat' dir='ltr'><strong>sanctus</strong></span> <span class='ocrx_word' id='word_1_299' title='bbox 1640 2164 1845 2222; x_wconf 90' lang='lat' dir='ltr'><strong>Paulus</strong></span> <span class='ocrx_word' id='word_1_300' title='bbox 1872 2168 2010 2223; x_wconf 88' lang='lat' dir='ltr'><strong>scri—</strong></span> 
     </span>
    </p>
   </div>
   <div class='ocr_carea' id='block_1_42' title="bbox 421 2252 2011 2321">
    <p class='ocr_par' dir='ltr' id='par_1_42' title="bbox 421 2252 2011 2321">
     <span class='ocr_line' id='line_1_42' title="bbox 421 2252 2011 2321; baseline 0.004 -14"><span class='ocrx_word' id='word_1_301' title='bbox 421 2252 555 2308; x_wconf 88' lang='lat' dir='ltr'><strong>bens</strong></span> <span class='ocrx_word' id='word_1_302' title='bbox 586 2271 599 2307; x_wconf 90' lang='lat'><strong>:</strong></span> <span class='ocrx_word' id='word_1_303' title='bbox 632 2273 651 2305; x_wconf 67' lang='grc'><strong>(</strong></span> <span class='ocrx_word' id='word_1_304' title='bbox 687 2253 840 2310; x_wconf 90' lang='lat' dir='ltr'><strong>Sicut</strong></span> <span class='ocrx_word' id='word_1_305' title='bbox 876 2255 933 2309; x_wconf 89' lang='lat' dir='ltr'><strong>in</strong></span> <span class='ocrx_word' id='word_1_306' title='bbox 969 2254 1144 2309; x_wconf 85' lang='lat' dir='ltr'><strong>Adam</strong></span> <span class='ocrx_word' id='word_1_307' title='bbox 1173 2269 1366 2310; x_wconf 86' lang='lat' dir='ltr'><strong>omnes</strong></span> <span class='ocrx_word' id='word_1_308' title='bbox 1410 2255 1713 2321; x_wconf 90' lang='lat' dir='ltr'><strong>morimur,</strong></span> <span class='ocrx_word' id='word_1_309' title='bbox 1748 2257 1825 2313; x_wconf 89' lang='lat' dir='ltr'><strong>ita</strong></span> <span class='ocrx_word' id='word_1_310' title='bbox 1868 2267 1925 2315; x_wconf 87' lang='lat' dir='ltr'><strong>et</strong></span> <span class='ocrx_word' id='word_1_311' title='bbox 1958 2259 2011 2313; x_wconf 93' lang='lat' dir='ltr'><strong>in</strong></span> 
     </span>
    </p>
   </div>
   <div class='ocr_carea' id='block_1_43' title="bbox 418 2334 2015 2408">
    <p class='ocr_par' dir='ltr' id='par_1_43' title="bbox 418 2334 2015 2408">
     <span class='ocr_line' id='line_1_43' title="bbox 418 2334 2015 2408; baseline 0.003 -9"><span class='ocrx_word' id='word_1_312' title='bbox 418 2343 644 2399; x_wconf 87' lang='lat' dir='ltr'><strong>Christo</strong></span> <span class='ocrx_word' id='word_1_313' title='bbox 704 2360 898 2401; x_wconf 90' lang='lat' dir='ltr'><strong>omnes</strong></span> <span class='ocrx_word' id='word_1_314' title='bbox 955 2334 1449 2399; x_wconf 72' lang='lat' dir='ltr'><strong>viviﬁcabimur&quot;.</strong></span> <span class='ocrx_word' id='word_1_315' title='bbox 1490 2365 1508 2397; x_wconf 75' lang='grc' dir='ltr'><strong>ι</strong></span> <span class='ocrx_word' id='word_1_316' title='bbox 1554 2345 1810 2403; x_wconf 85' lang='lat' dir='ltr'><strong>Redemit</strong></span> <span class='ocrx_word' id='word_1_317' title='bbox 1865 2352 2015 2408; x_wconf 88' lang='lat' dir='ltr'><strong>enim</strong></span> 
     </span>
    </p>
   </div>
   <div class='ocr_carea' id='block_1_44' title="bbox 421 2436 2013 2512">
    <p class='ocr_par' dir='ltr' id='par_1_44' title="bbox 421 2436 2013 2512">
     <span class='ocr_line' id='line_1_44' title="bbox 421 2436 2013 2512; baseline 0.004 -22"><span class='ocrx_word' id='word_1_318' title='bbox 421 2450 525 2490; x_wconf 89' lang='lat' dir='ltr'><strong>nos</strong></span> <span class='ocrx_word' id='word_1_319' title='bbox 548 2437 813 2508; x_wconf 85' lang='lat' dir='ltr'><strong>sanguine</strong></span> <span class='ocrx_word' id='word_1_320' title='bbox 841 2451 962 2502; x_wconf 91' lang='lat' dir='ltr'><strong>suo,</strong></span> <span class='ocrx_word' id='word_1_321' title='bbox 989 2443 1044 2491; x_wconf 88' lang='lat' dir='ltr'><strong>et</strong></span> <span class='ocrx_word' id='word_1_322' title='bbox 1068 2452 1168 2507; x_wconf 91' lang='lat' dir='ltr'><strong>pro</strong></span> <span class='ocrx_word' id='word_1_323' title='bbox 1191 2436 1439 2492; x_wconf 90' lang='lat' dir='ltr'><strong>omnium</strong></span> <span class='ocrx_word' id='word_1_324' title='bbox 1461 2438 1573 2493; x_wconf 84' lang='lat' dir='ltr'><strong>vita</strong></span> <span class='ocrx_word' id='word_1_325' title='bbox 1604 2453 1761 2495; x_wconf 90' lang='lat' dir='ltr'><strong>suam</strong></span> <span class='ocrx_word' id='word_1_326' title='bbox 1787 2441 1904 2512; x_wconf 90' lang='lat' dir='ltr'><strong>ipse</strong></span> <span class='ocrx_word' id='word_1_327' title='bbox 1930 2443 2013 2497; x_wconf 86' lang='lat' dir='ltr'><strong>vi-</strong></span> 
     </span>
    </p>
   </div>
   <div class='ocr_carea' id='block_1_45' title="bbox 424 2528 973 2600">
    <p class='ocr_par' dir='ltr' id='par_1_45' title="bbox 424 2528 973 2600">
     <span class='ocr_line' id='line_1_45' title="bbox 424 2528 973 2600; baseline 0.004 -20"><span class='ocrx_word' id='word_1_328' title='bbox 424 2536 535 2581; x_wconf 92' lang='lat' dir='ltr'><strong>tam</strong></span> <span class='ocrx_word' id='word_1_329' title='bbox 570 2528 973 2600; x_wconf 77' lang='lat' dir='ltr'><strong>Oppigneravit.</strong></span> 
     </span>
    </p>
   </div>
   <div class='ocr_carea' id='block_1_46' title="bbox 2108 1796 3686 1884">
    <p class='ocr_par' dir='ltr' id='par_1_46' title="bbox 2108 1796 3686 1884">
     <span class='ocr_line' id='line_1_46' title="bbox 2108 1796 3686 1884; baseline -0.013 -15"><span class='ocrx_word' id='word_1_330' title='bbox 2108 1811 2430 1884; x_wconf 80' lang='grc' dir='ltr'><strong>κατῴκηκεν</strong></span> <span class='ocrx_word' id='word_1_331' title='bbox 2457 1812 2517 1866; x_wconf 87' lang='grc' dir='ltr'><strong>ὲν</strong></span> <span class='ocrx_word' id='word_1_332' title='bbox 2553 1810 2736 1880; x_wconf 77' lang='grc' dir='ltr'><strong>σαρκὶ,</strong></span> <span class='ocrx_word' id='word_1_333' title='bbox 2766 1808 2888 1861; x_wconf 85' lang='grc' dir='ltr'><strong>τότε</strong></span> <span class='ocrx_word' id='word_1_334' title='bbox 2917 1808 3005 1877; x_wconf 78' lang='grc' dir='ltr'><strong>δὴ,</strong></span> <span class='ocrx_word' id='word_1_335' title='bbox 3040 1806 3163 1860; x_wconf 87' lang='grc' dir='ltr'><strong>τότε</strong></span> <span class='ocrx_word' id='word_1_336' title='bbox 3192 1805 3287 1860; x_wconf 73' lang='grc' dir='ltr'><strong>καὶ</strong></span> <span class='ocrx_word' id='word_1_337' title='bbox 3320 1796 3573 1856; x_wconf 67' lang='grc' dir='ltr'><strong>τεθνάναι</strong></span> <span class='ocrx_word' id='word_1_338' title='bbox 3598 1798 3686 1850; x_wconf 82' lang='grc' dir='ltr'><strong>λέ-</strong></span> 
     </span>
    </p>
   </div>
   <div class='ocr_carea' id='block_1_47' title="bbox 2108 1888 3686 1972">
    <p class='ocr_par' dir='ltr' id='par_1_47' title="bbox 2108 1888 3686 1972">
     <span class='ocr_line' id='line_1_47' title="bbox 2108 1888 3686 1972; baseline -0.011 -13"><span class='ocrx_word' id='word_1_339' title='bbox 2108 1921 2261 1972; x_wconf 89' lang='grc' dir='ltr'><strong>γουσι</strong></span> <span class='ocrx_word' id='word_1_340' title='bbox 2291 1903 2433 1958; x_wconf 68' lang='grc' dir='ltr'><strong>κατὰ</strong></span> <span class='ocrx_word' id='word_1_341' title='bbox 2464 1902 2527 1956; x_wconf 83' lang='grc' dir='ltr'><strong>τὸ</strong></span> <span class='ocrx_word' id='word_1_342' title='bbox 2553 1898 2911 1972; x_wconf 82' lang='grc' dir='ltr'><strong>ἀνθρώπινον.</strong></span> <span class='ocrx_word' id='word_1_343' title='bbox 2945 1896 3115 1952; x_wconf 79' lang='grc' dir='ltr'><strong>Τοῦτο</strong></span> <span class='ocrx_word' id='word_1_344' title='bbox 3140 1896 3205 1967; x_wconf 80' lang='grc' dir='ltr'><strong>δὴ</strong></span> <span class='ocrx_word' id='word_1_345' title='bbox 3230 1893 3416 1948; x_wconf 80' lang='grc' dir='ltr'><strong>λοιπὸν</strong></span> <span class='ocrx_word' id='word_1_346' title='bbox 3442 1891 3505 1945; x_wconf 85' lang='grc' dir='ltr'><strong>τδ</strong></span> <span class='ocrx_word' id='word_1_347' title='bbox 3538 1888 3686 1953; x_wconf 76' lang='grc' dir='ltr'><strong>ἐξαί-</strong></span> 
     </span>
    </p>
   </div>
   <div class='ocr_carea' id='block_1_48' title="bbox 2109 1976 3687 2061">
    <p class='ocr_par' dir='ltr' id='par_1_48' title="bbox 2109 1976 3687 2061">
     <span class='ocr_line' id='line_1_48' title="bbox 2109 1976 3687 2061; baseline -0.009 -16"><span class='ocrx_word' id='word_1_348' title='bbox 2109 1993 2224 2046; x_wconf 89' lang='grc' dir='ltr'><strong>σιόν</strong></span> <span class='ocrx_word' id='word_1_349' title='bbox 2263 1994 2377 2045; x_wconf 76' lang='grc' dir='ltr'><strong>ἐστι</strong></span> <span class='ocrx_word' id='word_1_350' title='bbox 2423 1991 2520 2045; x_wconf 70' lang='grc' dir='ltr'><strong>καὶ</strong></span> <span class='ocrx_word' id='word_1_351' title='bbox 2564 1989 2824 2061; x_wconf 69' lang='grc' dir='ltr'><strong>διαφανὲς</strong></span> <span class='ocrx_word' id='word_1_352' title='bbox 2858 1989 3102 2058; x_wconf 83' lang='grc' dir='ltr'><strong>σημεῖον,</strong></span> <span class='ocrx_word' id='word_1_353' title='bbox 3131 1985 3196 2040; x_wconf 76' lang='grc' dir='ltr'><strong>δι’</strong></span> <span class='ocrx_word' id='word_1_354' title='bbox 3224 1976 3285 2038; x_wconf 72' lang='grc' dir='ltr'><strong>οὗ</strong></span> <span class='ocrx_word' id='word_1_355' title='bbox 3324 1982 3419 2035; x_wconf 75' lang='grc' dir='ltr'><strong>καὶ</strong></span> <span class='ocrx_word' id='word_1_356' title='bbox 3450 1979 3687 2045; x_wconf 79' lang='grc' dir='ltr'><strong>σεσαγή·</strong></span> 
     </span>
    </p>
   </div>
   <div class='ocr_carea' id='block_1_49' title="bbox 2107 2068 3685 2154">
    <p class='ocr_par' dir='ltr' id='par_1_49' title="bbox 2107 2068 3685 2154">
     <span class='ocr_line' id='line_1_49' title="bbox 2107 2068 3685 2154; baseline -0.005 -15"><span class='ocrx_word' id='word_1_357' title='bbox 2107 2102 2292 2139; x_wconf 88' lang='grc' dir='ltr'><strong>νευται</strong></span> <span class='ocrx_word' id='word_1_358' title='bbox 2333 2084 2429 2154; x_wconf 82' lang='grc' dir='ltr'><strong>μὲν</strong></span> <span class='ocrx_word' id='word_1_359' title='bbox 2474 2083 2554 2146; x_wconf 83' lang='grc' dir='ltr'><strong>είς</strong></span> <span class='ocrx_word' id='word_1_360' title='bbox 2597 2082 2780 2135; x_wconf 81' lang='grc' dir='ltr'><strong>πίστιν</strong></span> <span class='ocrx_word' id='word_1_361' title='bbox 2825 2081 2886 2133; x_wconf 85' lang='grc' dir='ltr'><strong>τδ</strong></span> <span class='ocrx_word' id='word_1_362' title='bbox 2913 2078 3265 2149; x_wconf 81' lang='grc' dir='ltr'><strong>κατάλειμμα</strong></span> <span class='ocrx_word' id='word_1_363' title='bbox 3292 2072 3387 2130; x_wconf 84' lang='grc' dir='ltr'><strong>τοῦ</strong></span> <span class='ocrx_word' id='word_1_364' title='bbox 3442 2068 3685 2143; x_wconf 65' lang='grc' dir='ltr'><strong>Ἰσραὴλ,</strong></span> 
     </span>
    </p>
   </div>
   <div class='ocr_carea' id='block_1_50' title="bbox 2113 2160 3691 2244">
    <p class='ocr_par' dir='ltr' id='par_1_50' title="bbox 2113 2160 3691 2244">
     <span class='ocr_line' id='line_1_50' title="bbox 2113 2160 3691 2244; baseline -0.008 -16"><span class='ocrx_word' id='word_1_365' title='bbox 2113 2174 2560 2244; x_wconf 81' lang='grc' dir='ltr'><strong>συνεισκέκληται</strong></span> <span class='ocrx_word' id='word_1_366' title='bbox 2579 2173 2636 2228; x_wconf 76' lang='grc' dir='ltr'><strong>δὲ</strong></span> <span class='ocrx_word' id='word_1_367' title='bbox 2665 2174 2760 2228; x_wconf 75' lang='grc' dir='ltr'><strong>καὶ</strong></span> <span class='ocrx_word' id='word_1_368' title='bbox 2782 2172 2921 2243; x_wconf 79' lang='grc' dir='ltr'><strong>αὑτὴ</strong></span> <span class='ocrx_word' id='word_1_369' title='bbox 2948 2170 3057 2225; x_wconf 81' lang='grc' dir='ltr'><strong>τῶν</strong></span> <span class='ocrx_word' id='word_1_370' title='bbox 3086 2169 3255 2224; x_wconf 77' lang='grc' dir='ltr'><strong>ἐθνῶν</strong></span> <span class='ocrx_word' id='word_1_371' title='bbox 3280 2169 3314 2239; x_wconf 76' lang='grc' dir='ltr'>ἡ</span> <span class='ocrx_word' id='word_1_372' title='bbox 3341 2164 3568 2236; x_wconf 76' lang='grc' dir='ltr'><strong>πληθύς.</strong></span> <span class='ocrx_word' id='word_1_373' title='bbox 3590 2160 3691 2223; x_wconf 79' lang='grc' dir='ltr'><strong>Τίς</strong></span> 
     </span>
    </p>
   </div>
   <div class='ocr_carea' id='block_1_51' title="bbox 2110 2257 3693 2339">
    <p class='ocr_par' dir='ltr' id='par_1_51' title="bbox 2110 2257 3693 2339">
     <span class='ocr_line' id='line_1_51' title="bbox 2110 2257 3693 2339; baseline -0.013 -13"><span class='ocrx_word' id='word_1_374' title='bbox 2110 2266 2219 2339; x_wconf 74' lang='grc' dir='ltr'><strong>γὰρ</strong></span> <span class='ocrx_word' id='word_1_375' title='bbox 2262 2268 2363 2321; x_wconf 79' lang='grc' dir='ltr'><strong>οὐκ</strong></span> <span class='ocrx_word' id='word_1_376' title='bbox 2399 2266 2465 2321; x_wconf 80' lang='grc' dir='ltr'>ἂν</span> <span class='ocrx_word' id='word_1_377' title='bbox 2497 2266 2781 2338; x_wconf 81' lang='grc' dir='ltr'><strong>μεταθεῖτο</strong></span> <span class='ocrx_word' id='word_1_378' title='bbox 2819 2265 2954 2337; x_wconf 79' lang='grc' dir='ltr'><strong>πρὸς</strong></span> <span class='ocrx_word' id='word_1_379' title='bbox 2987 2262 3325 2326; x_wconf 77' lang='grc' dir='ltr'><strong>εὐπείθειαν,</strong></span> <span class='ocrx_word' id='word_1_380' title='bbox 3350 2257 3693 2324; x_wconf 81' lang='grc' dir='ltr'><strong>ἀτονήσαντα</strong></span> 
     </span>
    </p>
   </div>
   <div class='ocr_carea' id='block_1_52' title="bbox 2113 2342 3694 2428">
    <p class='ocr_par' dir='ltr' id='par_1_52' title="bbox 2113 2342 3694 2428">
     <span class='ocr_line' id='line_1_52' title="bbox 2113 2342 3694 2428; baseline -0.008 -18"><span class='ocrx_word' id='word_1_381' title='bbox 2113 2357 2325 2428; x_wconf 80' lang='grc' dir='ltr'><strong>βλέπων</strong></span> <span class='ocrx_word' id='word_1_382' title='bbox 2352 2358 2445 2412; x_wconf 79' lang='grc' dir='ltr'><strong>τὸν</strong></span> <span class='ocrx_word' id='word_1_383' title='bbox 2468 2358 2636 2413; x_wconf 68' lang='grc' dir='ltr'><strong>πάλαι</strong></span> <span class='ocrx_word' id='word_1_384' title='bbox 2664 2356 2835 2411; x_wconf 77' lang='grc' dir='ltr'><strong>δεινὸν</strong></span> <span class='ocrx_word' id='word_1_385' title='bbox 2857 2355 2952 2410; x_wconf 69' lang='grc' dir='ltr'><strong>καὶ</strong></span> <span class='ocrx_word' id='word_1_386' title='bbox 2974 2354 3298 2424; x_wconf 74' lang='grc' dir='ltr'><strong>δυσάντητον</strong></span> <span class='ocrx_word' id='word_1_387' title='bbox 3322 2351 3434 2412; x_wconf 85' lang='grc' dir='ltr'><strong>τοῖς</strong></span> <span class='ocrx_word' id='word_1_388' title='bbox 3464 2346 3557 2401; x_wconf 70' lang='grc' dir='ltr'><strong>ἐπὶ</strong></span> <span class='ocrx_word' id='word_1_389' title='bbox 3583 2342 3694 2413; x_wconf 75' lang='grc' dir='ltr'><strong>γῆς</strong></span> 
     </span>
    </p>
   </div>
   <div class='ocr_carea' id='block_1_53' title="bbox 2111 2435 3695 2518">
    <p class='ocr_par' dir='ltr' id='par_1_53' title="bbox 2111 2435 3695 2518">
     <span class='ocr_line' id='line_1_53' title="bbox 2111 2435 3695 2518; baseline -0.009 -18"><span class='ocrx_word' id='word_1_390' title='bbox 2111 2445 2357 2512; x_wconf 80' lang='grc' dir='ltr'><strong>θάνατον,</strong></span> <span class='ocrx_word' id='word_1_391' title='bbox 2390 2449 2482 2503; x_wconf 74' lang='grc' dir='ltr'><strong>καὶ</strong></span> <span class='ocrx_word' id='word_1_392' title='bbox 2515 2446 2944 2518; x_wconf 83' lang='grc' dir='ltr'><strong>κατηργημένην</strong></span> <span class='ocrx_word' id='word_1_393' title='bbox 2977 2446 3075 2516; x_wconf 83' lang='grc' dir='ltr'><strong>τὴν</strong></span> <span class='ocrx_word' id='word_1_394' title='bbox 3102 2442 3327 2514; x_wconf 81' lang='grc' dir='ltr'><strong>φθορὰν,</strong></span> <span class='ocrx_word' id='word_1_395' title='bbox 3358 2440 3453 2494; x_wconf 69' lang='grc' dir='ltr'><strong>καὶ</strong></span> <span class='ocrx_word' id='word_1_396' title='bbox 3490 2438 3571 2500; x_wconf 85' lang='grc' dir='ltr'><strong>είς</strong></span> <span class='ocrx_word' id='word_1_397' title='bbox 3602 2435 3695 2487; x_wconf 84' lang='grc' dir='ltr'><strong>ὲλ-</strong></span> 
     </span>
    </p>
   </div>
   <div class='ocr_carea' id='block_1_54' title="bbox 2113 2527 3697 2611">
    <p class='ocr_par' dir='ltr' id='par_1_54' title="bbox 2113 2527 3697 2611">
     <span class='ocr_line' id='line_1_54' title="bbox 2113 2527 3697 2611; baseline -0.009 -18"><span class='ocrx_word' id='word_1_398' title='bbox 2113 2536 2240 2593; x_wconf 85' lang='grc' dir='ltr'><strong>πίδα</strong></span> <span class='ocrx_word' id='word_1_399' title='bbox 2291 2538 2435 2611; x_wconf 77' lang='grc' dir='ltr'><strong>ζωῆς</strong></span> <span class='ocrx_word' id='word_1_400' title='bbox 2476 2540 2577 2609; x_wconf 88' lang='grc' dir='ltr'><strong>τῆς</strong></span> <span class='ocrx_word' id='word_1_401' title='bbox 2622 2539 2981 2608; x_wconf 77' lang='grc' dir='ltr'><strong>ἀτελευτήτου</strong></span> <span class='ocrx_word' id='word_1_402' title='bbox 3038 2535 3137 2607; x_wconf 78' lang='grc' dir='ltr'><strong>τὴν</strong></span> <span class='ocrx_word' id='word_1_403' title='bbox 3189 2531 3476 2604; x_wconf 85' lang='grc' dir='ltr'><strong>ἀνθρώπου</strong></span> <span class='ocrx_word' id='word_1_404' title='bbox 3525 2527 3697 2598; x_wconf 77' lang='grc' dir='ltr'><strong>φύσιν</strong></span> 
     </span>
    </p>
   </div>
   <div class='ocr_carea' id='block_1_55' title="bbox 422 2619 3697 2702">
    <p class='ocr_par' dir='ltr' id='par_1_55' title="bbox 422 2619 3697 2702">
     <span class='ocr_line' id='line_1_55' title="bbox 422 2619 3697 2702; baseline 0.002 -29"><span class='ocrx_word' id='word_1_405' title='bbox 422 2620 829 2692; x_wconf 75' lang='grc' dir='ltr'><strong>ἀνηνεγμένην;</strong></span> <span class='ocrx_word' id='word_1_406' title='bbox 865 2619 1075 2691; x_wconf 77' lang='grc' dir='ltr'><strong>Ὠσπερ</strong></span> <span class='ocrx_word' id='word_1_407' title='bbox 1099 2619 1207 2691; x_wconf 82' lang='grc' dir='ltr'><strong>γὰρ</strong></span> <span class='ocrx_word' id='word_1_408' title='bbox 1248 2619 1689 2691; x_wconf 72' lang='grc' dir='ltr'><strong>συναπεθάνομεν</strong></span> <span class='ocrx_word' id='word_1_409' title='bbox 1749 2620 1828 2692; x_wconf 80' lang='grc' dir='ltr'><strong>τῷ</strong></span> <span class='ocrx_word' id='word_1_410' title='bbox 1883 2623 2075 2697; x_wconf 74' lang='grc' dir='ltr'><strong>Ἀδὰμ,</strong></span> <span class='ocrx_word' id='word_1_411' title='bbox 2117 2627 2260 2683; x_wconf 72' lang='grc' dir='ltr'><strong>οὓτω</strong></span> <span class='ocrx_word' id='word_1_412' title='bbox 2303 2630 2750 2702; x_wconf 80' lang='grc' dir='ltr'><strong>συνεγηγέρμεθα</strong></span> <span class='ocrx_word' id='word_1_413' title='bbox 2790 2628 2881 2699; x_wconf 61' lang='grc' dir='ltr'><strong>τῷι</strong></span> <span class='ocrx_word' id='word_1_414' title='bbox 2920 2626 3162 2700; x_wconf 81' lang='grc' dir='ltr'><strong>Χριστῷ,</strong></span> <span class='ocrx_word' id='word_1_415' title='bbox 3209 2625 3303 2680; x_wconf 80' lang='grc' dir='ltr'><strong>καὶ</strong></span> <span class='ocrx_word' id='word_1_416' title='bbox 3351 2620 3697 2696; x_wconf 72' lang='grc' dir='ltr'><strong>μαρτυρήσει</strong></span> 
     </span>
    </p>
   </div>
   <div class='ocr_carea' id='block_1_56' title="bbox 424 2707 3696 2794">
    <p class='ocr_par' dir='ltr' id='par_1_56' title="bbox 424 2707 3696 2794">
     <span class='ocr_line' id='line_1_56' title="bbox 424 2707 3696 2794; baseline -0.006 -11"><span class='ocrx_word' id='word_1_417' title='bbox 424 2712 650 2783; x_wconf 68' lang='grc' dir='ltr'><strong>γράφων</strong></span> <span class='ocrx_word' id='word_1_418' title='bbox 679 2714 809 2784; x_wconf 70' lang='grc' dir='ltr'><strong>ἡμῖν</strong></span> <span class='ocrx_word' id='word_1_419' title='bbox 848 2715 876 2766; x_wconf 71' lang='grc' dir='ltr'><strong><em>ὁ</em></strong></span> <span class='ocrx_word' id='word_1_420' title='bbox 907 2711 1190 2773; x_wconf 66' lang='grc' dir='ltr'><strong>θεδπέσιος</strong></span> <span class='ocrx_word' id='word_1_421' title='bbox 1218 2712 1451 2777; x_wconf 55' lang='grc' dir='ltr'><strong>Παῦλος</strong></span> <span class='ocrx_word' id='word_1_422' title='bbox 1486 2731 1504 2765; x_wconf 74' lang='grc' dir='ltr'><strong>ι</strong></span> <span class='ocrx_word' id='word_1_423' title='bbox 1544 2714 1754 2785; x_wconf 81' lang='grc' dir='ltr'><strong>’Ὥσπερ</strong></span> <span class='ocrx_word' id='word_1_424' title='bbox 1823 2714 1930 2788; x_wconf 72' lang='grc' dir='ltr'><strong>γὰρ</strong></span> <span class='ocrx_word' id='word_1_425' title='bbox 1970 2718 2027 2770; x_wconf 87' lang='grc' dir='ltr'><strong>ὲν</strong></span> <span class='ocrx_word' id='word_1_426' title='bbox 2064 2719 2171 2790; x_wconf 62' lang='grc' dir='ltr'><strong>τῷς</strong></span> <span class='ocrx_word' id='word_1_427' title='bbox 2200 2723 2371 2794; x_wconf 76' lang='grc' dir='ltr'><strong>Ἀδὰμ</strong></span> <span class='ocrx_word' id='word_1_428' title='bbox 2415 2724 2612 2786; x_wconf 83' lang='grc' dir='ltr'><strong>πάντες</strong></span> <span class='ocrx_word' id='word_1_429' title='bbox 2652 2722 3094 2794; x_wconf 80' lang='grc' dir='ltr'><strong>ἀποθνήσκομεν,</strong></span> <span class='ocrx_word' id='word_1_430' title='bbox 3140 2718 3285 2771; x_wconf 81' lang='grc' dir='ltr'><strong>οῦτω</strong></span> <span class='ocrx_word' id='word_1_431' title='bbox 3343 2714 3440 2770; x_wconf 76' lang='grc' dir='ltr'><strong>καὶ</strong></span> <span class='ocrx_word' id='word_1_432' title='bbox 3484 2713 3544 2765; x_wconf 80' lang='grc' dir='ltr'><strong>ὲν</strong></span> <span class='ocrx_word' id='word_1_433' title='bbox 3611 2707 3696 2779; x_wconf 82' lang='grc' dir='ltr'><strong>τῷ</strong></span> 
     </span>
    </p>
   </div>
   <div class='ocr_carea' id='block_1_57' title="bbox 424 2799 3693 2887">
    <p class='ocr_par' dir='ltr' id='par_1_57' title="bbox 424 2799 3693 2887">
     <span class='ocr_line' id='line_1_57' title="bbox 424 2799 3693 2887; baseline 0.003 -29"><span class='ocrx_word' id='word_1_434' title='bbox 424 2802 647 2876; x_wconf 79' lang='grc' dir='ltr'><strong>Χριστῷ</strong></span> <span class='ocrx_word' id='word_1_435' title='bbox 680 2804 880 2867; x_wconf 88' lang='grc' dir='ltr'><strong>πάντες</strong></span> <span class='ocrx_word' id='word_1_436' title='bbox 922 2802 1394 2875; x_wconf 73' lang='grc' dir='ltr'><strong>ξωοποιησόμεθα.</strong></span> <span class='ocrx_word' id='word_1_437' title='bbox 1435 2823 1453 2855; x_wconf 74' lang='grc' dir='ltr'><strong>ι</strong></span> <span class='ocrx_word' id='word_1_438' title='bbox 1523 2803 1846 2879; x_wconf 78' lang='grc' dir='ltr'><strong>Ἐξεπρίατο</strong></span> <span class='ocrx_word' id='word_1_439' title='bbox 1899 2806 2006 2879; x_wconf 80' lang='grc' dir='ltr'><strong>γὰρ</strong></span> <span class='ocrx_word' id='word_1_440' title='bbox 2045 2811 2192 2881; x_wconf 78' lang='grc' dir='ltr'><strong>ἡμᾶς</strong></span> <span class='ocrx_word' id='word_1_441' title='bbox 2223 2815 2300 2886; x_wconf 78' lang='grc' dir='ltr'><strong>τῷ</strong></span> <span class='ocrx_word' id='word_1_442' title='bbox 2365 2813 2479 2887; x_wconf 78' lang='grc' dir='ltr'><strong>ἰδίῳ</strong></span> <span class='ocrx_word' id='word_1_443' title='bbox 2543 2814 2756 2885; x_wconf 74' lang='grc' dir='ltr'><strong>αἵματι,</strong></span> <span class='ocrx_word' id='word_1_444' title='bbox 2784 2813 2881 2867; x_wconf 75' lang='grc' dir='ltr'><strong>καὶ</strong></span> <span class='ocrx_word' id='word_1_445' title='bbox 2910 2812 3012 2883; x_wconf 87' lang='grc' dir='ltr'><strong>τῆς</strong></span> <span class='ocrx_word' id='word_1_446' title='bbox 3039 2810 3290 2865; x_wconf 82' lang='grc' dir='ltr'><strong>ἁπάντων</strong></span> <span class='ocrx_word' id='word_1_447' title='bbox 3320 2804 3468 2874; x_wconf 75' lang='grc' dir='ltr'><strong>ζωῆς</strong></span> <span class='ocrx_word' id='word_1_448' title='bbox 3496 2799 3693 2856; x_wconf 77' lang='grc' dir='ltr'><strong>ἀντάλ⁴</strong></span> 
     </span>
    </p>
   </div>
   <div class='ocr_carea' id='block_1_58' title="bbox 425 2896 1484 2971">
    <p class='ocr_par' dir='ltr' id='par_1_58' title="bbox 425 2896 1484 2971">
     <span class='ocr_line' id='line_1_58' title="bbox 425 2896 1484 2971; baseline 0.002 -21"><span class='ocrx_word' id='word_1_449' title='bbox 425 2898 612 2969; x_wconf 81' lang='grc' dir='ltr'><strong>λαγμα</strong></span> <span class='ocrx_word' id='word_1_450' title='bbox 635 2898 734 2969; x_wconf 78' lang='grc' dir='ltr'><strong>τὴν</strong></span> <span class='ocrx_word' id='word_1_451' title='bbox 772 2896 966 2952; x_wconf 78' lang='grc' dir='ltr'><strong>ἑαυτοῦ</strong></span> <span class='ocrx_word' id='word_1_452' title='bbox 1004 2896 1147 2968; x_wconf 77' lang='grc' dir='ltr'><strong>ζωὴν</strong></span> <span class='ocrx_word' id='word_1_453' title='bbox 1174 2900 1484 2971; x_wconf 78' lang='grc' dir='ltr'><strong>ἐποιήσατο.</strong></span> 
     </span>
    </p>
   </div>
   <div class='ocr_carea' id='block_1_59' title="bbox 495 2983 2015 3060">
    <p class='ocr_par' dir='ltr' id='par_1_59' title="bbox 495 2987 2011 3060">
     <span class='ocr_line' id='line_1_59' title="bbox 495 2987 2011 3060; baseline 0.001 -18"><span class='ocrx_word' id='word_1_454' title='bbox 495 2990 547 3042; x_wconf 81' lang='lat'><strong>5.</strong></span> <span class='ocrx_word' id='word_1_455' title='bbox 576 2987 682 3044; x_wconf 89' lang='lat' dir='ltr'><strong>Sed</strong></span> <span class='ocrx_word' id='word_1_456' title='bbox 706 3003 1019 3060; x_wconf 87' lang='lat' dir='ltr'><strong>quanquam</strong></span> <span class='ocrx_word' id='word_1_457' title='bbox 1049 2996 1157 3043; x_wconf 91' lang='lat' dir='ltr'><strong>tam</strong></span> <span class='ocrx_word' id='word_1_458' title='bbox 1205 2989 1405 3045; x_wconf 75' lang='lat' dir='ltr'><strong>eximia</strong></span> <span class='ocrx_word' id='word_1_459' title='bbox 1454 2997 1512 3044; x_wconf 89' lang='lat' dir='ltr'><strong>et</strong></span> <span class='ocrx_word' id='word_1_460' title='bbox 1558 2990 1873 3045; x_wconf 83' lang='lat' dir='ltr'><strong>veneranda</strong></span> <span class='ocrx_word' id='word_1_461' title='bbox 1919 3004 2011 3044; x_wconf 92' lang='lat' dir='ltr'><strong>os-</strong></span> 
     </span>
    </p>
   </div>
   <div class='ocr_carea' id='block_1_60' title="bbox 2116 2983 3693 3060">
    <p class='ocr_par' dir='ltr' id='par_1_60' title="bbox 2189 2983 3693 3056">
     <span class='ocr_line' id='line_1_60' title="bbox 2189 2983 3693 3056; baseline -0.003 -15"><span class='ocrx_word' id='word_1_462' title='bbox 2189 2995 2248 3041; x_wconf 80' lang='lat' dir='ltr'><strong>e&#39;.</strong></span> <span class='ocrx_word' id='word_1_463' title='bbox 2305 2989 2465 3043; x_wconf 73' lang='grc' dir='ltr'><strong>’Λλλὰ</strong></span> <span class='ocrx_word' id='word_1_464' title='bbox 2497 2988 2674 3043; x_wconf 86' lang='grc' dir='ltr'><strong>καίτοι</strong></span> <span class='ocrx_word' id='word_1_465' title='bbox 2764 2984 2875 3041; x_wconf 83' lang='grc' dir='ltr'><strong>τῶν</strong></span> <span class='ocrx_word' id='word_1_466' title='bbox 2982 2985 3122 3041; x_wconf 75' lang='grc' dir='ltr'><strong>οὕτω</strong></span> <span class='ocrx_word' id='word_1_467' title='bbox 3150 2983 3364 3039; x_wconf 85' lang='grc' dir='ltr'><strong>σεπτῶν</strong></span> <span class='ocrx_word' id='word_1_468' title='bbox 3396 3000 3693 3056; x_wconf 85' lang='grc' dir='ltr'><strong>τερατουρ-</strong></span> 
     </span>
    </p>
   </div>
   <div class='ocr_carea' id='block_1_61' title="bbox 428 3075 2015 3150">
    <p class='ocr_par' dir='ltr' id='par_1_61' title="bbox 428 3079 2015 3149">
     <span class='ocr_line' id='line_1_61' title="bbox 428 3079 2015 3149; baseline -0.001 -14"><span class='ocrx_word' id='word_1_469' title='bbox 428 3089 576 3135; x_wconf 88' lang='lat' dir='ltr'><strong>tenta</strong></span> <span class='ocrx_word' id='word_1_470' title='bbox 612 3079 827 3143; x_wconf 82' lang='lat' dir='ltr'><strong>ﬁerent,</strong></span> <span class='ocrx_word' id='word_1_471' title='bbox 864 3087 1046 3135; x_wconf 90' lang='lat' dir='ltr'><strong>tamen</strong></span> <span class='ocrx_word' id='word_1_472' title='bbox 1077 3079 1259 3135; x_wconf 89' lang='lat' dir='ltr'><strong>adhuc</strong></span> <span class='ocrx_word' id='word_1_473' title='bbox 1284 3080 1501 3135; x_wconf 88' lang='lat' dir='ltr'><strong>dubitat</strong></span> <span class='ocrx_word' id='word_1_474' title='bbox 1536 3081 1732 3145; x_wconf 87' lang='lat' dir='ltr'><strong>Moses,</strong></span> <span class='ocrx_word' id='word_1_475' title='bbox 1759 3089 2015 3149; x_wconf 88' lang='lat' dir='ltr'><strong>metuque</strong></span> 
     </span>
    </p>
   </div>
   <div class='ocr_carea' id='block_1_62' title="bbox 2116 3075 3691 3150">
    <p class='ocr_par' dir='ltr' id='par_1_62' title="bbox 2120 3075 3691 3150">
     <span class='ocr_line' id='line_1_62' title="bbox 2120 3075 3691 3150; baseline -0.004 -14"><span class='ocrx_word' id='word_1_476' title='bbox 2120 3080 2384 3149; x_wconf 83' lang='grc' dir='ltr'><strong>γημάτων</strong></span> <span class='ocrx_word' id='word_1_477' title='bbox 2433 3080 2955 3150; x_wconf 79' lang='grc' dir='ltr'><strong>ἐκπεπερασμένων,</strong></span> <span class='ocrx_word' id='word_1_478' title='bbox 2991 3076 3141 3132; x_wconf 83' lang='grc' dir='ltr'><strong>ἀλύει</strong></span> <span class='ocrx_word' id='word_1_479' title='bbox 3189 3076 3413 3146; x_wconf 82' lang='grc' dir='ltr'><strong>Μωσῆς,</strong></span> <span class='ocrx_word' id='word_1_480' title='bbox 3463 3075 3691 3146; x_wconf 77' lang='grc' dir='ltr'><strong>ἡττᾶται</strong></span> 
     </span>
    </p>
   </div>
   <div class='ocr_carea' id='block_1_63' title="bbox 427 3165 2015 3244">
    <p class='ocr_par' dir='ltr' id='par_1_63' title="bbox 427 3167 2015 3239">
     <span class='ocr_line' id='line_1_63' title="bbox 427 3167 2015 3239; baseline 0.001 -16"><span class='ocrx_word' id='word_1_481' title='bbox 427 3168 767 3239; x_wconf 84' lang='lat' dir='ltr'><strong>corripitur,</strong></span> <span class='ocrx_word' id='word_1_482' title='bbox 831 3167 1271 3237; x_wconf 79' lang='lat' dir='ltr'><strong>legationemque</strong></span> <span class='ocrx_word' id='word_1_483' title='bbox 1334 3167 1627 3222; x_wconf 74' lang='lat' dir='ltr'><strong>detrectat.</strong></span> <span class='ocrx_word' id='word_1_484' title='bbox 1678 3168 1814 3224; x_wconf 87' lang='lat' dir='ltr'><strong>Cum</strong></span> <span class='ocrx_word' id='word_1_485' title='bbox 1870 3169 2015 3224; x_wconf 83' lang='lat' dir='ltr'><strong>enim</strong></span> 
     </span>
    </p>
   </div>
   <div class='ocr_carea' id='block_1_64' title="bbox 2116 3165 3692 3244">
    <p class='ocr_par' dir='ltr' id='par_1_64' title="bbox 2118 3165 3692 3244">
     <span class='ocr_line' id='line_1_64' title="bbox 2118 3165 3692 3244; baseline -0.004 -20"><span class='ocrx_word' id='word_1_486' title='bbox 2118 3170 2337 3235; x_wconf 81' lang='grc' dir='ltr'><strong>δειλίας,</strong></span> <span class='ocrx_word' id='word_1_487' title='bbox 2384 3170 2536 3225; x_wconf 80' lang='grc' dir='ltr'><strong>οὔπω</strong></span> <span class='ocrx_word' id='word_1_488' title='bbox 2579 3170 2888 3244; x_wconf 76' lang='grc' dir='ltr'><strong>τεθάρρηκε</strong></span> <span class='ocrx_word' id='word_1_489' title='bbox 2934 3168 3033 3240; x_wconf 83' lang='grc' dir='ltr'><strong>τὴν</strong></span> <span class='ocrx_word' id='word_1_490' title='bbox 3070 3165 3393 3238; x_wconf 86' lang='grc' dir='ltr'><strong>ἀποστολήν.</strong></span> <span class='ocrx_word' id='word_1_491' title='bbox 3436 3166 3593 3220; x_wconf 79' lang='grc' dir='ltr'><strong>’ἰέναι</strong></span> <span class='ocrx_word' id='word_1_492' title='bbox 3628 3165 3692 3236; x_wconf 80' lang='grc' dir='ltr'><strong>δὴ</strong></span> 
     </span>
    </p>
   </div>
   <div class='ocr_carea' id='block_1_65' title="bbox 429 3256 2015 3333">
    <p class='ocr_par' dir='ltr' id='par_1_65' title="bbox 429 3257 2015 3332">
     <span class='ocr_line' id='line_1_65' title="bbox 429 3257 2015 3332; baseline -0.001 -15"><span class='ocrx_word' id='word_1_493' title='bbox 429 3261 574 3317; x_wconf 88' lang='lat' dir='ltr'><strong>Deus</strong></span> <span class='ocrx_word' id='word_1_494' title='bbox 597 3258 942 3328; x_wconf 73' lang='lat' dir='ltr'><strong>praeciperet,</strong></span> <span class='ocrx_word' id='word_1_495' title='bbox 973 3266 1033 3310; x_wconf 92' lang='lat' dir='ltr'><strong>ut</strong></span> <span class='ocrx_word' id='word_1_496' title='bbox 1053 3257 1120 3311; x_wconf 84' lang='lat' dir='ltr'><strong>ad</strong></span> <span class='ocrx_word' id='word_1_497' title='bbox 1153 3259 1497 3313; x_wconf 87' lang='lat' dir='ltr'><strong>Pharaonem</strong></span> <span class='ocrx_word' id='word_1_498' title='bbox 1521 3259 1831 3327; x_wconf 79' lang='lat' dir='ltr'><strong>accederet,</strong></span> <span class='ocrx_word' id='word_1_499' title='bbox 1857 3262 2015 3332; x_wconf 87' lang='lat' dir='ltr'><strong>eique</strong></span> 
     </span>
    </p>
   </div>
   <div class='ocr_carea' id='block_1_66' title="bbox 2116 3256 3693 3333">
    <p class='ocr_par' dir='ltr' id='par_1_66' title="bbox 2119 3256 3693 3333">
     <span class='ocr_line' id='line_1_66' title="bbox 2119 3256 3693 3333; baseline -0.004 -17"><span class='ocrx_word' id='word_1_500' title='bbox 2119 3262 2204 3316; x_wconf 83' lang='grc' dir='ltr'><strong>ὅτι</strong></span> <span class='ocrx_word' id='word_1_501' title='bbox 2233 3262 2500 3333; x_wconf 77' lang='grc' dir='ltr'><strong>προσήκει</strong></span> <span class='ocrx_word' id='word_1_502' title='bbox 2531 3261 2667 3333; x_wconf 81' lang='grc' dir='ltr'><strong>πρὸς</strong></span> <span class='ocrx_word' id='word_1_503' title='bbox 2686 3260 2885 3333; x_wconf 84' lang='grc' dir='ltr'><strong>Φαραὼ</strong></span> <span class='ocrx_word' id='word_1_504' title='bbox 2908 3259 3044 3314; x_wconf 88' lang='grc' dir='ltr'><strong>Θεοῦ</strong></span> <span class='ocrx_word' id='word_1_505' title='bbox 3070 3259 3516 3330; x_wconf 82' lang='grc' dir='ltr'><strong>προστάττοντος,</strong></span> <span class='ocrx_word' id='word_1_506' title='bbox 3540 3256 3693 3326; x_wconf 85' lang='grc' dir='ltr'><strong>διαγ-</strong></span> 
     </span>
    </p>
   </div>
   <div class='ocr_carea' id='block_1_67' title="bbox 428 3348 2020 3422">
    <p class='ocr_par' dir='ltr' id='par_1_67' title="bbox 428 3348 2020 3422">
     <span class='ocr_line' id='line_1_67' title="bbox 428 3348 2020 3422; baseline 0.003 -18"><span class='ocrx_word' id='word_1_507' title='bbox 428 3348 782 3404; x_wconf 89' lang='lat' dir='ltr'><strong>annuntiarct</strong></span> <span class='ocrx_word' id='word_1_508' title='bbox 807 3354 868 3400; x_wconf 92' lang='lat' dir='ltr'><strong>ut</strong></span> <span class='ocrx_word' id='word_1_509' title='bbox 907 3348 1169 3419; x_wconf 88' lang='lat' dir='ltr'><strong>populum</strong></span> <span class='ocrx_word' id='word_1_510' title='bbox 1221 3348 1388 3404; x_wconf 88' lang='lat' dir='ltr'><strong>lsrael</strong></span> <span class='ocrx_word' id='word_1_511' title='bbox 1429 3348 1755 3417; x_wconf 88' lang='lat' dir='ltr'><strong>dimitteret,</strong></span> <span class='ocrx_word' id='word_1_512' title='bbox 1786 3352 1880 3422; x_wconf 87' lang='lat' dir='ltr'><strong>qui</strong></span> <span class='ocrx_word' id='word_1_513' title='bbox 1914 3352 2020 3409; x_wconf 86' lang='lat' dir='ltr'><strong>sibi</strong></span> 
     </span>
    </p>
   </div>
   <div class='ocr_carea' id='block_1_68' title="bbox 431 3437 2022 3515">
    <p class='ocr_par' dir='ltr' id='par_1_68' title="bbox 431 3437 2022 3515">
     <span class='ocr_line' id='line_1_68' title="bbox 431 3437 2022 3515; baseline 0.003 -21"><span class='ocrx_word' id='word_1_514' title='bbox 431 3441 485 3494; x_wconf 94' lang='lat' dir='ltr'><strong>in</strong></span> <span class='ocrx_word' id='word_1_515' title='bbox 517 3452 706 3493; x_wconf 89' lang='lat' dir='ltr'><strong>eremo</strong></span> <span class='ocrx_word' id='word_1_516' title='bbox 748 3446 895 3492; x_wconf 88' lang='lat' dir='ltr'><strong>esset</strong></span> <span class='ocrx_word' id='word_1_517' title='bbox 924 3437 1370 3503; x_wconf 83' lang='lat' dir='ltr'><strong>sacriﬁcaturus,</strong></span> <span class='ocrx_word' id='word_1_518' title='bbox 1412 3440 1705 3495; x_wconf 86' lang='lat' dir='ltr'><strong>abhorruit</strong></span> <span class='ocrx_word' id='word_1_519' title='bbox 1743 3458 1771 3496; x_wconf 91' lang='lat' dir='ltr'><strong>a</strong></span> <span class='ocrx_word' id='word_1_520' title='bbox 1802 3444 2022 3515; x_wconf 79' lang='lat' dir='ltr'><strong>negotio</strong></span> 
     </span>
    </p>
   </div>
   <div class='ocr_carea' id='block_1_69' title="bbox 430 3529 2021 3602">
    <p class='ocr_par' dir='ltr' id='par_1_69' title="bbox 430 3529 2021 3602">
     <span class='ocr_line' id='line_1_69' title="bbox 430 3529 2021 3602; baseline 0.003 -15"><span class='ocrx_word' id='word_1_521' title='bbox 430 3546 540 3587; x_wconf 88' lang='lat' dir='ltr'><strong>non</strong></span> <span class='ocrx_word' id='word_1_522' title='bbox 571 3529 944 3594; x_wconf 88' lang='lat' dir='ltr'><strong>mediocriter,</strong></span> <span class='ocrx_word' id='word_1_523' title='bbox 968 3530 1257 3586; x_wconf 86' lang='lat' dir='ltr'><strong>manifeste</strong></span> <span class='ocrx_word' id='word_1_524' title='bbox 1282 3532 1428 3602; x_wconf 90' lang='lat' dir='ltr'><strong>quod</strong></span> <span class='ocrx_word' id='word_1_525' title='bbox 1448 3542 1594 3589; x_wconf 90' lang='lat' dir='ltr'><strong>esset</strong></span> <span class='ocrx_word' id='word_1_526' title='bbox 1630 3549 1883 3590; x_wconf 79' lang='lat' dir='ltr'><strong>sermone</strong></span> <span class='ocrx_word' id='word_1_527' title='bbox 1902 3552 2021 3592; x_wconf 88' lang='lat' dir='ltr'><strong>mo-</strong></span> 
     </span>
    </p>
   </div>
   <div class='ocr_carea' id='block_1_70' title="bbox 431 3621 2022 3695">
    <p class='ocr_par' dir='ltr' id='par_1_70' title="bbox 431 3621 2022 3695">
     <span class='ocr_line' id='line_1_70' title="bbox 431 3621 2022 3695; baseline 0.004 -18"><span class='ocrx_word' id='word_1_528' title='bbox 431 3622 607 3689; x_wconf 83' lang='lat' dir='ltr'><strong>dicus,</strong></span> <span class='ocrx_word' id='word_1_529' title='bbox 657 3631 713 3678; x_wconf 90' lang='lat' dir='ltr'><strong>et</strong></span> <span class='ocrx_word' id='word_1_530' title='bbox 757 3621 1051 3677; x_wconf 89' lang='lat' dir='ltr'><strong>obscuram</strong></span> <span class='ocrx_word' id='word_1_531' title='bbox 1100 3623 1335 3679; x_wconf 87' lang='lat' dir='ltr'><strong>haberet</strong></span> <span class='ocrx_word' id='word_1_532' title='bbox 1369 3625 1665 3695; x_wconf 90' lang='lat' dir='ltr'><strong>loquelam,</strong></span> <span class='ocrx_word' id='word_1_533' title='bbox 1699 3627 1779 3683; x_wconf 88' lang='lat' dir='ltr'><strong>sic</strong></span> <span class='ocrx_word' id='word_1_534' title='bbox 1805 3629 2022 3685; x_wconf 77' lang='lat' dir='ltr'><strong>confes-</strong></span> 
     </span>
    </p>
   </div>
   <div class='ocr_carea' id='block_1_71' title="bbox 431 3715 2025 3787">
    <p class='ocr_par' dir='ltr' id='par_1_71' title="bbox 431 3715 2025 3787">
     <span class='ocr_line' id='line_1_71' title="bbox 431 3715 2025 3787; baseline 0.004 -17"><span class='ocrx_word' id='word_1_535' title='bbox 431 3731 526 3770; x_wconf 90' lang='lat' dir='ltr'><strong>sus</strong></span> <span class='ocrx_word' id='word_1_536' title='bbox 557 3733 570 3769; x_wconf 92' lang='lat'><strong>:</strong></span> <span class='ocrx_word' id='word_1_537' title='bbox 616 3734 632 3765; x_wconf 74' lang='grc' dir='ltr'><strong>ι</strong></span> <span class='ocrx_word' id='word_1_538' title='bbox 660 3715 780 3771; x_wconf 90' lang='lat' dir='ltr'><strong>Non</strong></span> <span class='ocrx_word' id='word_1_539' title='bbox 812 3731 954 3783; x_wconf 91' lang='lat' dir='ltr'><strong>sum,</strong></span> <span class='ocrx_word' id='word_1_540' title='bbox 991 3715 1101 3783; x_wconf 89' lang='lat' dir='ltr'><strong>ait,</strong></span> <span class='ocrx_word' id='word_1_541' title='bbox 1139 3716 1407 3787; x_wconf 88' lang='lat' dir='ltr'><strong>eloquens</strong></span> <span class='ocrx_word' id='word_1_542' title='bbox 1461 3718 1531 3773; x_wconf 90' lang='lat' dir='ltr'><strong>ab</strong></span> <span class='ocrx_word' id='word_1_543' title='bbox 1569 3719 1689 3773; x_wconf 90' lang='lat' dir='ltr'><strong>heri</strong></span> <span class='ocrx_word' id='word_1_544' title='bbox 1723 3728 1781 3775; x_wconf 87' lang='lat' dir='ltr'><strong>et</strong></span> <span class='ocrx_word' id='word_1_545' title='bbox 1820 3721 2025 3777; x_wconf 88' lang='lat' dir='ltr'><strong>nudius</strong></span> 
     </span>
    </p>
   </div>
   <div class='ocr_carea' id='block_1_72' title="bbox 434 3807 2026 3886">
    <p class='ocr_par' dir='ltr' id='par_1_72' title="bbox 434 3807 2026 3886">
     <span class='ocr_line' id='line_1_72' title="bbox 434 3807 2026 3886; baseline 0.003 -23"><span class='ocrx_word' id='word_1_546' title='bbox 434 3807 650 3874; x_wconf 82' lang='lat' dir='ltr'><strong>tertius,</strong></span> <span class='ocrx_word' id='word_1_547' title='bbox 685 3816 742 3865; x_wconf 90' lang='lat' dir='ltr'><strong>et</strong></span> <span class='ocrx_word' id='word_1_548' title='bbox 764 3824 831 3864; x_wconf 80' lang='lat' dir='ltr'><strong>ex</strong></span> <span class='ocrx_word' id='word_1_549' title='bbox 854 3823 964 3879; x_wconf 90' lang='lat' dir='ltr'><strong>quo</strong></span> <span class='ocrx_word' id='word_1_550' title='bbox 991 3808 1209 3864; x_wconf 90' lang='lat' dir='ltr'><strong>locutus</strong></span> <span class='ocrx_word' id='word_1_551' title='bbox 1232 3824 1293 3864; x_wconf 88' lang='lat' dir='ltr'><strong>es</strong></span> <span class='ocrx_word' id='word_1_552' title='bbox 1312 3809 1380 3864; x_wconf 88' lang='lat' dir='ltr'><strong>ad</strong></span> <span class='ocrx_word' id='word_1_553' title='bbox 1408 3826 1625 3866; x_wconf 78' lang='lat' dir='ltr'><strong>servum</strong></span> <span class='ocrx_word' id='word_1_554' title='bbox 1660 3819 1836 3877; x_wconf 88' lang='lat' dir='ltr'><strong>tuum,</strong></span> <span class='ocrx_word' id='word_1_555' title='bbox 1864 3814 2026 3886; x_wconf 82' lang='lat'><strong>305</strong></span> 
     </span>
    </p>
   </div>
   <div class='ocr_carea' id='block_1_73' title="bbox 438 3897 2026 3971">
    <p class='ocr_par' dir='ltr' id='par_1_73' title="bbox 438 3897 2026 3971">
     <span class='ocr_line' id='line_1_73' title="bbox 438 3897 2026 3971; baseline 0.006 -19"><span class='ocrx_word' id='word_1_556' title='bbox 438 3899 806 3969; x_wconf 83' lang='lat' dir='ltr'><strong>impeditioris</strong></span> <span class='ocrx_word' id='word_1_557' title='bbox 830 3907 888 3954; x_wconf 92' lang='lat' dir='ltr'><strong>et</strong></span> <span class='ocrx_word' id='word_1_558' title='bbox 917 3897 1174 3954; x_wconf 84' lang='lat' dir='ltr'><strong>tardioris</strong></span> <span class='ocrx_word' id='word_1_559' title='bbox 1196 3898 1395 3971; x_wconf 63' lang='lat' dir='ltr'><strong>lingua:</strong></span> <span class='ocrx_word' id='word_1_560' title='bbox 1418 3916 1537 3955; x_wconf 90' lang='lat' dir='ltr'><strong>sum</strong></span> <span class='ocrx_word' id='word_1_561' title='bbox 1554 3902 1619 3955; x_wconf 62' lang='lat' dir='ltr'><strong>W.</strong></span> <span class='ocrx_word' id='word_1_562' title='bbox 1656 3921 1673 3954; x_wconf 73' lang='grc' dir='ltr'><strong>ι</strong></span> <span class='ocrx_word' id='word_1_563' title='bbox 1704 3903 1845 3971; x_wconf 87' lang='lat' dir='ltr'><strong>Quin</strong></span> <span class='ocrx_word' id='word_1_564' title='bbox 1886 3914 1942 3961; x_wconf 89' lang='lat' dir='ltr'><strong>et</strong></span> <span class='ocrx_word' id='word_1_565' title='bbox 1967 3921 2026 3962; x_wconf 87' lang='lat' dir='ltr'><strong>se</strong></span> 
     </span>
    </p>
   </div>
   <div class='ocr_carea' id='block_1_74' title="bbox 435 3992 2029 4063">
    <p class='ocr_par' dir='ltr' id='par_1_74' title="bbox 435 3992 2029 4063">
     <span class='ocr_line' id='line_1_74' title="bbox 435 3992 2029 4063; baseline 0.005 -19"><span class='ocrx_word' id='word_1_566' title='bbox 435 3992 618 4046; x_wconf 88' lang='lat' dir='ltr'><strong>minus</strong></span> <span class='ocrx_word' id='word_1_567' title='bbox 647 4008 769 4047; x_wconf 89' lang='lat' dir='ltr'><strong>esse</strong></span> <span class='ocrx_word' id='word_1_568' title='bbox 806 4005 1000 4061; x_wconf 88' lang='lat' dir='ltr'><strong>parem</strong></span> <span class='ocrx_word' id='word_1_569' title='bbox 1042 4006 1207 4062; x_wconf 86' lang='lat' dir='ltr'><strong>quam</strong></span> <span class='ocrx_word' id='word_1_570' title='bbox 1272 4000 1334 4047; x_wconf 91' lang='lat' dir='ltr'><strong>ut</strong></span> <span class='ocrx_word' id='word_1_571' title='bbox 1375 3993 1637 4063; x_wconf 88' lang='lat' dir='ltr'><strong>populum</strong></span> <span class='ocrx_word' id='word_1_572' title='bbox 1667 4010 1697 4049; x_wconf 93' lang='lat' dir='ltr'><strong>a</strong></span> <span class='ocrx_word' id='word_1_573' title='bbox 1747 3996 2029 4054; x_wconf 84' lang='lat' dir='ltr'><strong>servitutis</strong></span> 
     </span>
    </p>
   </div>
   <div class='ocr_carea' id='block_1_75' title="bbox 431 4085 2026 4157">
    <p class='ocr_par' dir='ltr' id='par_1_75' title="bbox 431 4085 2026 4157">
     <span class='ocr_line' id='line_1_75' title="bbox 431 4085 2026 4157; baseline 0.005 -17"><span class='ocrx_word' id='word_1_574' title='bbox 431 4087 563 4157; x_wconf 79' lang='lat' dir='ltr'><strong>jugo</strong></span> <span class='ocrx_word' id='word_1_575' title='bbox 585 4085 821 4139; x_wconf 85' lang='lat' dir='ltr'><strong>liberare</strong></span> <span class='ocrx_word' id='word_1_576' title='bbox 837 4092 1022 4153; x_wconf 87' lang='lat' dir='ltr'><strong>queat,</strong></span> <span class='ocrx_word' id='word_1_577' title='bbox 1048 4100 1161 4140; x_wconf 93' lang='lat' dir='ltr'><strong>non</strong></span> <span class='ocrx_word' id='word_1_578' title='bbox 1187 4085 1422 4142; x_wconf 86' lang='lat' dir='ltr'><strong>obscure</strong></span> <span class='ocrx_word' id='word_1_579' title='bbox 1445 4086 1760 4156; x_wconf 82' lang='lat' dir='ltr'><strong>proﬁtetur,</strong></span> <span class='ocrx_word' id='word_1_580' title='bbox 1797 4089 2026 4150; x_wconf 88' lang='lat' dir='ltr'><strong>dicens:</strong></span> 
     </span>
    </p>
   </div>
   <div class='ocr_carea' id='block_1_76' title="bbox 445 4173 2029 4249">
    <p class='ocr_par' dir='ltr' id='par_1_76' title="bbox 445 4173 2029 4249">
     <span class='ocr_line' id='line_1_76' title="bbox 445 4173 2029 4249; baseline 0.006 -24"><span class='ocrx_word' id='word_1_581' title='bbox 445 4194 463 4225; x_wconf 74' lang='grc' dir='ltr'><strong>ι</strong></span> <span class='ocrx_word' id='word_1_582' title='bbox 493 4174 755 4240; x_wconf 88' lang='lat' dir='ltr'><strong>Obsecro,</strong></span> <span class='ocrx_word' id='word_1_583' title='bbox 798 4173 1048 4238; x_wconf 89' lang='lat' dir='ltr'><strong>Domine,</strong></span> <span class='ocrx_word' id='word_1_584' title='bbox 1097 4174 1252 4229; x_wconf 90' lang='lat' dir='ltr'><strong>mitte</strong></span> <span class='ocrx_word' id='word_1_585' title='bbox 1304 4175 1471 4228; x_wconf 89' lang='lat' dir='ltr'><strong>alium</strong></span> <span class='ocrx_word' id='word_1_586' title='bbox 1514 4182 1814 4244; x_wconf 88' lang='lat' dir='ltr'><strong>potentem,</strong></span> <span class='ocrx_word' id='word_1_587' title='bbox 1866 4195 2029 4249; x_wconf 88' lang='lat' dir='ltr'><strong>quem</strong></span> 
     </span>
    </p>
   </div>
   <div class='ocr_carea' id='block_1_77' title="bbox 2122 3346 3695 3422">
    <p class='ocr_par' dir='ltr' id='par_1_77' title="bbox 2122 3346 3695 3422">
     <span class='ocr_line' id='line_1_77' title="bbox 2122 3346 3695 3422; baseline -0.003 -16"><span class='ocrx_word' id='word_1_588' title='bbox 2122 3352 2382 3421; x_wconf 77' lang='grc' dir='ltr'><strong>τελοῦντα</strong></span> <span class='ocrx_word' id='word_1_589' title='bbox 2403 3353 2586 3420; x_wconf 76' lang='grc' dir='ltr'><strong>σαφῶς</strong></span> <span class='ocrx_word' id='word_1_590' title='bbox 2597 3353 2802 3407; x_wconf 84' lang='grc' dir='ltr'><strong>ἀνεῖναι</strong></span> <span class='ocrx_word' id='word_1_591' title='bbox 2818 3352 2907 3406; x_wconf 88' lang='grc' dir='ltr'><strong>τδν</strong></span> <span class='ocrx_word' id='word_1_592' title='bbox 2939 3350 3191 3422; x_wconf 71' lang='grc' dir='ltr'><strong>Ἰσραὴλ,</strong></span> <span class='ocrx_word' id='word_1_593' title='bbox 3207 3346 3436 3403; x_wconf 78' lang='grc' dir='ltr'><strong>θύσοντά</strong></span> <span class='ocrx_word' id='word_1_594' title='bbox 3452 3349 3695 3420; x_wconf 82' lang='grc' dir='ltr'><strong>μοικατά</strong></span> 
     </span>
    </p>
   </div>
   <div class='ocr_carea' id='block_1_78' title="bbox 2122 3438 3693 3515">
    <p class='ocr_par' dir='ltr' id='par_1_78' title="bbox 2122 3438 3693 3515">
     <span class='ocr_line' id='line_1_78' title="bbox 2122 3438 3693 3515; baseline -0.005 -19"><span class='ocrx_word' id='word_1_595' title='bbox 2122 3443 2219 3514; x_wconf 78' lang='grc' dir='ltr'><strong>τὴν</strong></span> <span class='ocrx_word' id='word_1_596' title='bbox 2259 3443 2493 3515; x_wconf 73' lang='grc' dir='ltr'><strong>ἔρημονο</strong></span> <span class='ocrx_word' id='word_1_597' title='bbox 2515 3444 2894 3515; x_wconf 83' lang='grc' dir='ltr'><strong>καταπέφρικε</strong></span> <span class='ocrx_word' id='word_1_598' title='bbox 2937 3442 3045 3514; x_wconf 60' lang='grc' dir='ltr'><strong>μὲν</strong></span> <span class='ocrx_word' id='word_1_599' title='bbox 3057 3441 3117 3495; x_wconf 83' lang='grc' dir='ltr'><strong>τὸ</strong></span> <span class='ocrx_word' id='word_1_600' title='bbox 3139 3438 3329 3511; x_wconf 83' lang='grc' dir='ltr'><strong>χρῆμα</strong></span> <span class='ocrx_word' id='word_1_601' title='bbox 3349 3440 3408 3492; x_wconf 79' lang='grc' dir='ltr'><strong>οὐ</strong></span> <span class='ocrx_word' id='word_1_602' title='bbox 3435 3438 3693 3510; x_wconf 82' lang='grc' dir='ltr'><strong>μετρίως,</strong></span> 
     </span>
    </p>
   </div>
   <div class='ocr_carea' id='block_1_79' title="bbox 2124 3529 3698 3605">
    <p class='ocr_par' dir='ltr' id='par_1_79' title="bbox 2124 3529 3698 3605">
     <span class='ocr_line' id='line_1_79' title="bbox 2124 3529 3698 3605; baseline -0.004 -18"><span class='ocrx_word' id='word_1_603' title='bbox 2124 3534 2424 3605; x_wconf 84' lang='grc' dir='ltr'><strong>προσφέρει</strong></span> <span class='ocrx_word' id='word_1_604' title='bbox 2437 3552 2493 3589; x_wconf 90' lang='grc' dir='ltr'><strong>τε</strong></span> <span class='ocrx_word' id='word_1_605' title='bbox 2505 3534 2679 3605; x_wconf 79' lang='grc' dir='ltr'><strong>λέγων</strong></span> <span class='ocrx_word' id='word_1_606' title='bbox 2690 3535 3012 3605; x_wconf 78' lang='grc' dir='ltr'><strong>ἀναφανδὸν,</strong></span> <span class='ocrx_word' id='word_1_607' title='bbox 3027 3533 3102 3597; x_wconf 84' lang='grc' dir='ltr'><strong>ὡς</strong></span> <span class='ocrx_word' id='word_1_608' title='bbox 3117 3533 3201 3602; x_wconf 85' lang='grc' dir='ltr'><strong>ετη</strong></span> <span class='ocrx_word' id='word_1_609' title='bbox 3221 3530 3318 3603; x_wconf 83' lang='grc' dir='ltr'><strong>μὲν</strong></span> <span class='ocrx_word' id='word_1_610' title='bbox 3335 3532 3362 3584; x_wconf 91' lang='lat'><strong>6</strong></span> <span class='ocrx_word' id='word_1_611' title='bbox 3368 3530 3596 3602; x_wconf 88' lang='grc' dir='ltr'><strong>μολογου</strong></span> <span class='ocrx_word' id='word_1_612' title='bbox 3604 3529 3698 3599; x_wconf 86' lang='grc' dir='ltr'><strong>μέ-</strong></span> 
     </span>
    </p>
   </div>
   <div class='ocr_carea' id='block_1_80' title="bbox 2124 3618 3701 3696">
    <p class='ocr_par' dir='ltr' id='par_1_80' title="bbox 2124 3618 3701 3696">
     <span class='ocr_line' id='line_1_80' title="bbox 2124 3618 3701 3696; baseline -0.002 -21"><span class='ocrx_word' id='word_1_613' title='bbox 2124 3640 2229 3687; x_wconf 84' lang='grc' dir='ltr'><strong>νως</strong></span> <span class='ocrx_word' id='word_1_614' title='bbox 2257 3623 2438 3693; x_wconf 81' lang='grc' dir='ltr'><strong>ὀλίγος</strong></span> <span class='ocrx_word' id='word_1_615' title='bbox 2466 3626 2545 3688; x_wconf 90' lang='grc' dir='ltr'><strong>είς</strong></span> <span class='ocrx_word' id='word_1_616' title='bbox 2564 3624 2776 3693; x_wconf 83' lang='grc' dir='ltr'><strong>λόγους,</strong></span> <span class='ocrx_word' id='word_1_617' title='bbox 2801 3624 2898 3678; x_wconf 84' lang='grc' dir='ltr'><strong>καὶ</strong></span> <span class='ocrx_word' id='word_1_618' title='bbox 2920 3622 3139 3696; x_wconf 79' lang='grc' dir='ltr'><strong>παράση</strong></span> <span class='ocrx_word' id='word_1_619' title='bbox 3150 3639 3247 3693; x_wconf 86' lang='grc' dir='ltr'><strong>μον</strong></span> <span class='ocrx_word' id='word_1_620' title='bbox 3268 3620 3380 3691; x_wconf 78' lang='grc' dir='ltr'><strong>ἔχει</strong></span> <span class='ocrx_word' id='word_1_621' title='bbox 3408 3619 3507 3692; x_wconf 78' lang='grc' dir='ltr'><strong>τὴν</strong></span> <span class='ocrx_word' id='word_1_622' title='bbox 3534 3618 3701 3687; x_wconf 80' lang='grc' dir='ltr'><strong>γλῶτ-</strong></span> 
     </span>
    </p>
   </div>
   <div class='ocr_carea' id='block_1_81' title="bbox 2124 3712 3700 3787">
    <p class='ocr_par' dir='ltr' id='par_1_81' title="bbox 2124 3712 3700 3787">
     <span class='ocr_line' id='line_1_81' title="bbox 2124 3712 3700 3787; baseline 0.005 -22"><span class='ocrx_word' id='word_1_623' title='bbox 2124 3730 2223 3767; x_wconf 90' lang='grc' dir='ltr'><strong>ταν</strong></span> <span class='ocrx_word' id='word_1_624' title='bbox 2244 3732 2257 3744; x_wconf 93' lang='grc'><strong>·</strong></span> <span class='ocrx_word' id='word_1_625' title='bbox 2287 3733 2303 3766; x_wconf 74' lang='grc' dir='ltr'><strong>ε</strong></span> <span class='ocrx_word' id='word_1_626' title='bbox 2325 3714 2400 3768; x_wconf 78' lang='grc' dir='ltr'><strong>Οὐ</strong></span> <span class='ocrx_word' id='word_1_627' title='bbox 2426 3714 2535 3786; x_wconf 79' lang='grc' dir='ltr'><strong>γὰρ</strong></span> <span class='ocrx_word' id='word_1_628' title='bbox 2552 3713 2774 3779; x_wconf 79' lang='grc' dir='ltr'><strong>εῦλαλός</strong></span> <span class='ocrx_word' id='word_1_629' title='bbox 2790 3718 2903 3787; x_wconf 87' lang='grc' dir='ltr'><strong>είμι</strong></span> <span class='ocrx_word' id='word_1_630' title='bbox 2932 3714 3038 3787; x_wconf 81' lang='grc' dir='ltr'><strong>πρὸ</strong></span> <span class='ocrx_word' id='word_1_631' title='bbox 3056 3718 3154 3787; x_wconf 85' lang='grc' dir='ltr'><strong>τῆς</strong></span> <span class='ocrx_word' id='word_1_632' title='bbox 3173 3714 3322 3786; x_wconf 83' lang='grc' dir='ltr'><strong>χθὲς,</strong></span> <span class='ocrx_word' id='word_1_633' title='bbox 3340 3714 3462 3769; x_wconf 80' lang='grc' dir='ltr'><strong>οὐδὲ</strong></span> <span class='ocrx_word' id='word_1_634' title='bbox 3484 3713 3588 3783; x_wconf 79' lang='grc' dir='ltr'><strong>πρὸ</strong></span> <span class='ocrx_word' id='word_1_635' title='bbox 3602 3712 3700 3781; x_wconf 78' lang='grc' dir='ltr'><strong>τῆς</strong></span> 
     </span>
    </p>
   </div>
   <div class='ocr_carea' id='block_1_82' title="bbox 2126 3799 3701 3881">
    <p class='ocr_par' dir='ltr' id='par_1_82' title="bbox 2126 3799 3701 3881">
     <span class='ocr_line' id='line_1_82' title="bbox 2126 3799 3701 3881; baseline -0.002 -24"><span class='ocrx_word' id='word_1_636' title='bbox 2126 3804 2316 3877; x_wconf 82' lang='grc' dir='ltr'><strong>τρίτης</strong></span> <span class='ocrx_word' id='word_1_637' title='bbox 2334 3806 2573 3881; x_wconf 77' lang='grc' dir='ltr'><strong>ἡμέρας,</strong></span> <span class='ocrx_word' id='word_1_638' title='bbox 2588 3807 2696 3861; x_wconf 79' lang='grc' dir='ltr'><strong>οὐδ’</strong></span> <span class='ocrx_word' id='word_1_639' title='bbox 2727 3807 2819 3876; x_wconf 76' lang='grc' dir='ltr'><strong>ἀφ’</strong></span> <span class='ocrx_word' id='word_1_640' title='bbox 2846 3799 2908 3860; x_wconf 76' lang='grc' dir='ltr'><strong>οῦ</strong></span> <span class='ocrx_word' id='word_1_641' title='bbox 2935 3808 3087 3880; x_wconf 72' lang='grc' dir='ltr'><strong>ῆρξω</strong></span> <span class='ocrx_word' id='word_1_642' title='bbox 3104 3806 3283 3860; x_wconf 85' lang='grc' dir='ltr'><strong>λαλεῖν</strong></span> <span class='ocrx_word' id='word_1_643' title='bbox 3307 3805 3387 3876; x_wconf 82' lang='grc' dir='ltr'><strong>τῷ</strong></span> <span class='ocrx_word' id='word_1_644' title='bbox 3407 3802 3701 3875; x_wconf 78' lang='grc' dir='ltr'><strong>θεράποντι</strong></span> 
     </span>
    </p>
   </div>
   <div class='ocr_carea' id='block_1_83' title="bbox 2129 3895 3703 3970">
    <p class='ocr_par' dir='ltr' id='par_1_83' title="bbox 2129 3895 3703 3970">
     <span class='ocr_line' id='line_1_83' title="bbox 2129 3895 3703 3970; baseline -0.001 -21"><span class='ocrx_word' id='word_1_645' title='bbox 2129 3913 2243 3963; x_wconf 91' lang='grc' dir='ltr'><strong>σου,</strong></span> <span class='ocrx_word' id='word_1_646' title='bbox 2264 3898 2591 3968; x_wconf 79' lang='grc' dir='ltr'><strong>ἰσχνόφωνος</strong></span> <span class='ocrx_word' id='word_1_647' title='bbox 2607 3898 2702 3953; x_wconf 73' lang='grc' dir='ltr'><strong>καὶ</strong></span> <span class='ocrx_word' id='word_1_648' title='bbox 2719 3898 3137 3970; x_wconf 81' lang='grc' dir='ltr'><strong>βραδύγλωσσος</strong></span> <span class='ocrx_word' id='word_1_649' title='bbox 3164 3899 3274 3968; x_wconf 73' lang='grc' dir='ltr'><strong>ἐγώ</strong></span> <span class='ocrx_word' id='word_1_650' title='bbox 3296 3898 3432 3968; x_wconf 78' lang='grc' dir='ltr'><strong>εἰμι.</strong></span> <span class='ocrx_word' id='word_1_651' title='bbox 3457 3917 3475 3948; x_wconf 74' lang='grc' dir='ltr'><strong>ι</strong></span> <span class='ocrx_word' id='word_1_652' title='bbox 3494 3897 3620 3948; x_wconf 85' lang='grc' dir='ltr'><strong>’Ότι</strong></span> <span class='ocrx_word' id='word_1_653' title='bbox 3638 3895 3703 3966; x_wconf 83' lang='grc' dir='ltr'><strong>δὴ</strong></span> 
     </span>
    </p>
   </div>
   <div class='ocr_carea' id='block_1_84' title="bbox 2129 3982 3705 4063">
    <p class='ocr_par' dir='ltr' id='par_1_84' title="bbox 2129 3982 3705 4063">
     <span class='ocr_line' id='line_1_84' title="bbox 2129 3982 3705 4063; baseline -0.001 -23"><span class='ocrx_word' id='word_1_654' title='bbox 2129 3987 2225 4042; x_wconf 77' lang='grc' dir='ltr'><strong>καὶ</strong></span> <span class='ocrx_word' id='word_1_655' title='bbox 2264 3988 2534 4053; x_wconf 84' lang='grc' dir='ltr'><strong>ἀνικάνως</strong></span> <span class='ocrx_word' id='word_1_656' title='bbox 2557 3982 2685 4061; x_wconf 71' lang='grc' dir='ltr'><strong>’ἔχει</strong></span> <span class='ocrx_word' id='word_1_657' title='bbox 2732 3989 2869 4060; x_wconf 77' lang='grc' dir='ltr'><strong>πρὸς</strong></span> <span class='ocrx_word' id='word_1_658' title='bbox 2895 3989 3160 4063; x_wconf 81' lang='grc' dir='ltr'><strong>λύτρωσιν</strong></span> <span class='ocrx_word' id='word_1_659' title='bbox 3191 3988 3297 4043; x_wconf 81' lang='grc' dir='ltr'><strong>τῶν</strong></span> <span class='ocrx_word' id='word_1_660' title='bbox 3342 3987 3705 4042; x_wconf 80' lang='grc' dir='ltr'><strong>ὑποδουλείων</strong></span> 
     </span>
    </p>
   </div>
   <div class='ocr_carea' id='block_1_85' title="bbox 2130 4076 3702 4151">
    <p class='ocr_par' dir='ltr' id='par_1_85' title="bbox 2130 4076 3702 4151">
     <span class='ocr_line' id='line_1_85' title="bbox 2130 4076 3702 4151; baseline -0.004 -17"><span class='ocrx_word' id='word_1_661' title='bbox 2130 4079 2333 4149; x_wconf 83' lang='grc' dir='ltr'><strong>ζυγῶν,</strong></span> <span class='ocrx_word' id='word_1_662' title='bbox 2372 4080 2735 4135; x_wconf 68' lang='grc' dir='ltr'><strong>διεϐεϐαιοῦτο</strong></span> <span class='ocrx_word' id='word_1_663' title='bbox 2788 4080 2996 4151; x_wconf 78' lang='grc' dir='ltr'><strong>σαφῶς,</strong></span> <span class='ocrx_word' id='word_1_664' title='bbox 3033 4080 3239 4151; x_wconf 80' lang='grc' dir='ltr'><strong>ἔφασκέ</strong></span> <span class='ocrx_word' id='word_1_665' title='bbox 3271 4097 3362 4134; x_wconf 84' lang='grc' dir='ltr'><strong>τε·</strong></span> <span class='ocrx_word' id='word_1_666' title='bbox 3412 4098 3430 4131; x_wconf 77' lang='grc' dir='ltr'><strong>ι</strong></span> <span class='ocrx_word' id='word_1_667' title='bbox 3476 4076 3702 4149; x_wconf 81' lang='grc' dir='ltr'><strong>Δέομαι,</strong></span> 
     </span>
    </p>
   </div>
   <div class='ocr_carea' id='block_1_86' title="bbox 2133 4168 3699 4246">
    <p class='ocr_par' dir='ltr' id='par_1_86' title="bbox 2133 4168 3699 4246">
     <span class='ocr_line' id='line_1_86' title="bbox 2133 4168 3699 4246; baseline -0.002 -21"><span class='ocrx_word' id='word_1_668' title='bbox 2133 4172 2325 4243; x_wconf 84' lang='grc' dir='ltr'><strong>Κύριε,</strong></span> <span class='ocrx_word' id='word_1_669' title='bbox 2359 4174 2703 4246; x_wconf 84' lang='grc' dir='ltr'><strong>προχείρισαι</strong></span> <span class='ocrx_word' id='word_1_670' title='bbox 2725 4171 2883 4228; x_wconf 78' lang='grc' dir='ltr'><strong>ἄλλον</strong></span> <span class='ocrx_word' id='word_1_671' title='bbox 2906 4172 3222 4244; x_wconf 78' lang='grc' dir='ltr'><strong>δυνάμενον,</strong></span> <span class='ocrx_word' id='word_1_672' title='bbox 3243 4172 3301 4226; x_wconf 72' lang='grc' dir='ltr'><strong>ὃν</strong></span> <span class='ocrx_word' id='word_1_673' title='bbox 3319 4168 3663 4239; x_wconf 37' lang='grc' dir='ltr'><strong>ἀποστελεῖς,</strong></span> <span class='ocrx_word' id='word_1_674' title='bbox 3678 4187 3699 4220; x_wconf 70' lang='grc' dir='ltr'><strong>ι</strong></span> 
     </span>
    </p>
   </div>
   <div class='ocr_carea' id='block_1_87' title="bbox 438 4262 2015 4342">
    <p class='ocr_par' dir='ltr' id='par_1_87' title="bbox 438 4264 2015 4342">
     <span class='ocr_line' id='line_1_87' title="bbox 438 4264 2015 4342; baseline 0.006 -24"><span class='ocrx_word' id='word_1_675' title='bbox 438 4264 711 4319; x_wconf 89' lang='lat' dir='ltr'><strong>missurus</strong></span> <span class='ocrx_word' id='word_1_676' title='bbox 751 4265 889 4320; x_wconf 74' lang='lat' dir='ltr'><strong>es“.</strong></span> <span class='ocrx_word' id='word_1_677' title='bbox 922 4285 939 4317; x_wconf 75' lang='grc' dir='ltr'><strong>ι</strong></span> <span class='ocrx_word' id='word_1_678' title='bbox 971 4266 1083 4321; x_wconf 91' lang='lat' dir='ltr'><strong>Deo</strong></span> <span class='ocrx_word' id='word_1_679' title='bbox 1112 4276 1297 4323; x_wconf 91' lang='lat' dir='ltr'><strong>autem</strong></span> <span class='ocrx_word' id='word_1_680' title='bbox 1324 4269 1619 4339; x_wconf 88' lang='lat' dir='ltr'><strong>pollicente</strong></span> <span class='ocrx_word' id='word_1_681' title='bbox 1663 4270 1906 4342; x_wconf 85' lang='lat' dir='ltr'><strong>linguam</strong></span> <span class='ocrx_word' id='word_1_682' title='bbox 1948 4273 2015 4327; x_wconf 88' lang='lat' dir='ltr'><strong>illi</strong></span> 
     </span>
    </p>
   </div>
   <div class='ocr_carea' id='block_1_88' title="bbox 2116 4262 3703 4342">
    <p class='ocr_par' dir='ltr' id='par_1_88' title="bbox 2134 4262 3703 4334">
     <span class='ocr_line' id='line_1_88' title="bbox 2134 4262 3703 4334; baseline -0.001 -21"><span class='ocrx_word' id='word_1_683' title='bbox 2134 4262 2451 4333; x_wconf 80' lang='grc' dir='ltr'><strong>Χαριεῖσθαι</strong></span> <span class='ocrx_word' id='word_1_684' title='bbox 2487 4262 2544 4316; x_wconf 82' lang='grc' dir='ltr'><strong>δὲ</strong></span> <span class='ocrx_word' id='word_1_685' title='bbox 2570 4263 2664 4317; x_wconf 67' lang='grc' dir='ltr'><strong>καὶ</strong></span> <span class='ocrx_word' id='word_1_686' title='bbox 2696 4262 2941 4332; x_wconf 87' lang='grc' dir='ltr'><strong>γλῶτταν</strong></span> <span class='ocrx_word' id='word_1_687' title='bbox 2987 4262 3135 4334; x_wconf 82' lang='grc' dir='ltr'><strong>αὐτῷ</strong></span> <span class='ocrx_word' id='word_1_688' title='bbox 3164 4263 3259 4317; x_wconf 72' lang='grc' dir='ltr'><strong>καὶ</strong></span> <span class='ocrx_word' id='word_1_689' title='bbox 3302 4264 3474 4332; x_wconf 88' lang='grc' dir='ltr'><strong>στόμα</strong></span> <span class='ocrx_word' id='word_1_690' title='bbox 3502 4276 3703 4315; x_wconf 73' lang='grc' dir='ltr'><strong>κατευο</strong></span> 
     </span>
    </p>
   </div>
   <div class='ocr_carea' id='block_1_89' title="bbox 438 4349 2027 4432">
    <p class='ocr_par' dir='ltr' id='par_1_89' title="bbox 438 4349 2027 4432">
     <span class='ocr_line' id='line_1_89' title="bbox 438 4349 2027 4432; baseline 0.004 -20"><span class='ocrx_word' id='word_1_691' title='bbox 438 4369 498 4412; x_wconf 89' lang='lat' dir='ltr'><strong>sc</strong></span> <span class='ocrx_word' id='word_1_692' title='bbox 523 4355 877 4421; x_wconf 88' lang='lat' dir='ltr'><strong>daturum,et</strong></span> <span class='ocrx_word' id='word_1_693' title='bbox 909 4371 973 4412; x_wconf 92' lang='lat' dir='ltr'><strong>os</strong></span> <span class='ocrx_word' id='word_1_694' title='bbox 1015 4356 1410 4426; x_wconf 88' lang='lat' dir='ltr'><strong>dilataturum,</strong></span> <span class='ocrx_word' id='word_1_695' title='bbox 1456 4349 1512 4415; x_wconf 79' lang='lat' dir='ltr'><strong>ct</strong></span> <span class='ocrx_word' id='word_1_696' title='bbox 1547 4360 1695 4431; x_wconf 91' lang='lat' dir='ltr'><strong>quod</strong></span> <span class='ocrx_word' id='word_1_697' title='bbox 1724 4361 1841 4432; x_wconf 91' lang='lat' dir='ltr'><strong>ipse</strong></span> <span class='ocrx_word' id='word_1_698' title='bbox 1879 4372 2027 4418; x_wconf 88' lang='lat' dir='ltr'><strong>esset</strong></span> 
     </span>
    </p>
   </div>
   <div class='ocr_carea' id='block_1_90' title="bbox 441 4447 2029 4521">
    <p class='ocr_par' dir='ltr' id='par_1_90' title="bbox 441 4447 2029 4521">
     <span class='ocr_line' id='line_1_90' title="bbox 441 4447 2029 4521; baseline 0.005 -18"><span class='ocrx_word' id='word_1_699' title='bbox 441 4447 592 4503; x_wconf 88' lang='lat' dir='ltr'><strong>solus</strong></span> <span class='ocrx_word' id='word_1_700' title='bbox 631 4447 727 4517; x_wconf 91' lang='lat' dir='ltr'><strong>qui</strong></span> <span class='ocrx_word' id='word_1_701' title='bbox 766 4447 1090 4518; x_wconf 89' lang='lat' dir='ltr'><strong>sapientiam</strong></span> <span class='ocrx_word' id='word_1_702' title='bbox 1137 4458 1193 4505; x_wconf 89' lang='lat' dir='ltr'><strong>et</strong></span> <span class='ocrx_word' id='word_1_703' title='bbox 1222 4451 1591 4521; x_wconf 89' lang='lat' dir='ltr'><strong>eloquentiam</strong></span> <span class='ocrx_word' id='word_1_704' title='bbox 1616 4452 1848 4508; x_wconf 91' lang='lat' dir='ltr'><strong>donaret</strong></span> <span class='ocrx_word' id='word_1_705' title='bbox 1878 4470 2029 4511; x_wconf 88' lang='lat' dir='ltr'><strong>assc-</strong></span> 
     </span>
    </p>
   </div>
   <div class='ocr_carea' id='block_1_91' title="bbox 441 4537 2034 4616">
    <p class='ocr_par' dir='ltr' id='par_1_91' title="bbox 441 4537 2034 4616">
     <span class='ocr_line' id='line_1_91' title="bbox 441 4537 2034 4616; baseline 0.004 -24"><span class='ocrx_word' id='word_1_706' title='bbox 441 4546 596 4593; x_wconf 87' lang='lat' dir='ltr'><strong>rentc</strong></span> <span class='ocrx_word' id='word_1_707' title='bbox 616 4578 630 4604; x_wconf 94' lang='lat'><strong>,</strong></span> <span class='ocrx_word' id='word_1_708' title='bbox 662 4537 837 4608; x_wconf 80' lang='lat' dir='ltr'><strong>magis</strong></span> <span class='ocrx_word' id='word_1_709' title='bbox 864 4554 921 4592; x_wconf 86' lang='lat' dir='ltr'><strong>se</strong></span> <span class='ocrx_word' id='word_1_710' title='bbox 945 4540 1265 4605; x_wconf 85' lang='lat' dir='ltr'><strong>excusabat,</strong></span> <span class='ocrx_word' id='word_1_711' title='bbox 1295 4542 1574 4612; x_wconf 86' lang='lat' dir='ltr'><strong>aliumque</strong></span> <span class='ocrx_word' id='word_1_712' title='bbox 1591 4544 1684 4613; x_wconf 91' lang='lat' dir='ltr'><strong>qui</strong></span> <span class='ocrx_word' id='word_1_713' title='bbox 1715 4544 1890 4616; x_wconf 81' lang='lat' dir='ltr'><strong>magis</strong></span> <span class='ocrx_word' id='word_1_714' title='bbox 1912 4542 2034 4599; x_wconf 89' lang='lat' dir='ltr'><strong>istis</strong></span> 
     </span>
    </p>
   </div>
   <div class='ocr_carea' id='block_1_92' title="bbox 442 4630 2029 4707">
    <p class='ocr_par' dir='ltr' id='par_1_92' title="bbox 442 4630 2029 4707">
     <span class='ocr_line' id='line_1_92' title="bbox 442 4630 2029 4707; baseline 0.004 -22"><span class='ocrx_word' id='word_1_715' title='bbox 442 4630 693 4702; x_wconf 87' lang='lat' dir='ltr'><strong>polleret,</strong></span> <span class='ocrx_word' id='word_1_716' title='bbox 722 4630 981 4686; x_wconf 89' lang='lat' dir='ltr'><strong>substitui</strong></span> <span class='ocrx_word' id='word_1_717' title='bbox 1029 4631 1233 4686; x_wconf 88' lang='lat' dir='ltr'><strong>debere</strong></span> <span class='ocrx_word' id='word_1_718' title='bbox 1266 4632 1521 4701; x_wconf 87' lang='lat' dir='ltr'><strong>diccbat;</strong></span> <span class='ocrx_word' id='word_1_719' title='bbox 1570 4636 1820 4707; x_wconf 88' lang='lat' dir='ltr'><strong>adeoque</strong></span> <span class='ocrx_word' id='word_1_720' title='bbox 1857 4637 2029 4691; x_wconf 89' lang='lat' dir='ltr'><strong>Deum</strong></span> 
     </span>
    </p>
   </div>
   <div class='ocr_carea' id='block_1_93' title="bbox 441 4721 2028 4798">
    <p class='ocr_par' dir='ltr' id='par_1_93' title="bbox 441 4721 2028 4798">
     <span class='ocr_line' id='line_1_93' title="bbox 441 4721 2028 4798; baseline 0.004 -22"><span class='ocrx_word' id='word_1_721' title='bbox 441 4737 553 4777; x_wconf 90' lang='lat' dir='ltr'><strong>non</strong></span> <span class='ocrx_word' id='word_1_722' title='bbox 583 4722 779 4777; x_wconf 81' lang='lat' dir='ltr'><strong>leviter</strong></span> <span class='ocrx_word' id='word_1_723' title='bbox 807 4721 1141 4777; x_wconf 78' lang='lat' dir='ltr'><strong>offendebat.</strong></span> <span class='ocrx_word' id='word_1_724' title='bbox 1171 4723 1490 4791; x_wconf 69' lang='lat' dir='ltr'><strong>«Incensus,</strong></span> <span class='ocrx_word' id='word_1_725' title='bbox 1524 4726 2028 4798; x_wconf 89' lang='lat' dir='ltr'><strong>inquitScriptura,</strong></span> 
     </span>
    </p>
   </div>
   <div class='ocr_carea' id='block_1_94' title="bbox 445 4813 2023 4874">
    <p class='ocr_par' dir='ltr' id='par_1_94' title="bbox 445 4813 2023 4874">
     <span class='ocr_line' id='line_1_94' title="bbox 445 4813 2023 4874; baseline 0.003 -6"><span class='ocrx_word' id='word_1_726' title='bbox 445 4813 526 4868; x_wconf 90' lang='lat' dir='ltr'><strong>ira</strong></span> <span class='ocrx_word' id='word_1_727' title='bbox 560 4813 825 4873; x_wconf 87' lang='lat' dir='ltr'><strong>Dominus</strong></span> <span class='ocrx_word' id='word_1_728' title='bbox 860 4813 927 4868; x_wconf 90' lang='lat' dir='ltr'><strong>ad</strong></span> <span class='ocrx_word' id='word_1_729' title='bbox 962 4813 1145 4870; x_wconf 88' lang='lat' dir='ltr'><strong>Mosen</strong></span> <span class='ocrx_word' id='word_1_730' title='bbox 1177 4815 1254 4870; x_wconf 89' lang='lat' dir='ltr'><strong>ait</strong></span> <span class='ocrx_word' id='word_1_731' title='bbox 1292 4834 1304 4870; x_wconf 88' lang='lat'><strong>:</strong></span> <span class='ocrx_word' id='word_1_732' title='bbox 1339 4817 1529 4873; x_wconf 86' lang='lat' dir='ltr'><strong>Nonne</strong></span> <span class='ocrx_word' id='word_1_733' title='bbox 1554 4818 1710 4874; x_wconf 86' lang='lat' dir='ltr'><strong>vides</strong></span> <span class='ocrx_word' id='word_1_734' title='bbox 1752 4818 2023 4873; x_wconf 82' lang='lat' dir='ltr'><strong>Aaronem</strong></span> 
     </span>
    </p>
   </div>
   <div class='ocr_carea' id='block_1_95' title="bbox 444 4904 2026 4980">
    <p class='ocr_par' dir='ltr' id='par_1_95' title="bbox 444 4904 2026 4980">
     <span class='ocr_line' id='line_1_95' title="bbox 444 4904 2026 4980; baseline 0.003 -21"><span class='ocrx_word' id='word_1_735' title='bbox 444 4904 669 4960; x_wconf 83' lang='lat' dir='ltr'><strong>fratrem</strong></span> <span class='ocrx_word' id='word_1_736' title='bbox 700 4912 877 4971; x_wconf 87' lang='lat' dir='ltr'><strong>tuum,</strong></span> <span class='ocrx_word' id='word_1_737' title='bbox 919 4905 1208 4962; x_wconf 89' lang='lat' dir='ltr'><strong>Levitam?</strong></span> <span class='ocrx_word' id='word_1_738' title='bbox 1242 4906 1368 4963; x_wconf 85' lang='lat' dir='ltr'><strong>Scio</strong></span> <span class='ocrx_word' id='word_1_739' title='bbox 1399 4909 1547 4979; x_wconf 88' lang='lat' dir='ltr'><strong>quod</strong></span> <span class='ocrx_word' id='word_1_740' title='bbox 1573 4910 1809 4980; x_wconf 85' lang='lat' dir='ltr'><strong>loquens</strong></span> <span class='ocrx_word' id='word_1_741' title='bbox 1832 4909 2026 4980; x_wconf 81' lang='lat' dir='ltr'><strong>loque-</strong></span> 
     </span>
    </p>
   </div>
   <div class='ocr_carea' id='block_1_96' title="bbox 444 4997 2027 5071">
    <p class='ocr_par' dir='ltr' id='par_1_96' title="bbox 444 4997 2027 5071">
     <span class='ocr_line' id='line_1_96' title="bbox 444 4997 2027 5071; baseline 0.001 -18"><span class='ocrx_word' id='word_1_742' title='bbox 444 5006 534 5053; x_wconf 90' lang='lat' dir='ltr'><strong>tur</strong></span> <span class='ocrx_word' id='word_1_743' title='bbox 562 4997 819 5069; x_wconf 73' lang='lat' dir='ltr'><strong>prote&quot;.</strong></span> <span class='ocrx_word' id='word_1_744' title='bbox 852 5018 869 5050; x_wconf 76' lang='grc' dir='ltr'><strong>ι</strong></span> <span class='ocrx_word' id='word_1_745' title='bbox 911 4998 1142 5071; x_wconf 87' lang='lat' dir='ltr'><strong>Insuper</strong></span> <span class='ocrx_word' id='word_1_746' title='bbox 1194 5000 1274 5055; x_wconf 87' lang='lat' dir='ltr'><strong>ait</strong></span> <span class='ocrx_word' id='word_1_747' title='bbox 1324 5017 1337 5053; x_wconf 90' lang='lat'><strong>:</strong></span> <span class='ocrx_word' id='word_1_748' title='bbox 1379 5019 1396 5051; x_wconf 74' lang='grc' dir='ltr'><strong>ι</strong></span> <span class='ocrx_word' id='word_1_749' title='bbox 1432 5000 1534 5055; x_wconf 82' lang='lat' dir='ltr'><strong>Hic</strong></span> <span class='ocrx_word' id='word_1_750' title='bbox 1571 5017 1634 5057; x_wconf 92' lang='lat' dir='ltr'><strong>os</strong></span> <span class='ocrx_word' id='word_1_751' title='bbox 1673 5001 1774 5056; x_wconf 92' lang='lat' dir='ltr'><strong>tibi</strong></span> <span class='ocrx_word' id='word_1_752' title='bbox 1812 5001 1922 5066; x_wconf 87' lang='lat' dir='ltr'><strong>sit;</strong></span> <span class='ocrx_word' id='word_1_753' title='bbox 1966 5008 2027 5055; x_wconf 89' lang='lat' dir='ltr'><strong>tu</strong></span> 
     </span>
    </p>
   </div>
   <div class='ocr_carea' id='block_1_97' title="bbox 445 5088 2032 5161">
    <p class='ocr_par' dir='ltr' id='par_1_97' title="bbox 445 5088 2032 5161">
     <span class='ocr_line' id='line_1_97' title="bbox 445 5088 2032 5161; baseline 0.002 -19"><span class='ocrx_word' id='word_1_754' title='bbox 445 5104 574 5143; x_wconf 84' lang='lat' dir='ltr'><strong>vero</strong></span> <span class='ocrx_word' id='word_1_755' title='bbox 592 5088 693 5159; x_wconf 91' lang='lat' dir='ltr'><strong>ipsi</strong></span> <span class='ocrx_word' id='word_1_756' title='bbox 716 5089 772 5143; x_wconf 90' lang='lat' dir='ltr'><strong>in</strong></span> <span class='ocrx_word' id='word_1_757' title='bbox 787 5088 873 5145; x_wconf 89' lang='lat' dir='ltr'><strong>his</strong></span> <span class='ocrx_word' id='word_1_758' title='bbox 892 5107 1013 5161; x_wconf 69' lang='lat' dir='ltr'><strong>qua:</strong></span> <span class='ocrx_word' id='word_1_759' title='bbox 1033 5090 1099 5145; x_wconf 89' lang='lat' dir='ltr'><strong>ad</strong></span> <span class='ocrx_word' id='word_1_760' title='bbox 1115 5091 1285 5146; x_wconf 83' lang='lat' dir='ltr'><strong>Deum</strong></span> <span class='ocrx_word' id='word_1_761' title='bbox 1313 5089 1591 5160; x_wconf 87' lang='lat' dir='ltr'><strong>pertinent</strong></span> <span class='ocrx_word' id='word_1_762' title='bbox 1608 5090 1671 5143; x_wconf 77' lang='grc'><strong>⁸³.</strong></span> <span class='ocrx_word' id='word_1_763' title='bbox 1685 5109 1703 5141; x_wconf 70' lang='grc' dir='ltr'><strong>ι</strong></span> <span class='ocrx_word' id='word_1_764' title='bbox 1733 5090 1898 5146; x_wconf 90' lang='lat' dir='ltr'><strong>Vides</strong></span> <span class='ocrx_word' id='word_1_765' title='bbox 1919 5098 2032 5145; x_wconf 84' lang='lat' dir='ltr'><strong>tar-</strong></span> 
     </span>
    </p>
   </div>
   <div class='ocr_carea' id='block_1_98' title="bbox 445 5180 2031 5253">
    <p class='ocr_par' dir='ltr' id='par_1_98' title="bbox 445 5180 2031 5253">
     <span class='ocr_line' id='line_1_98' title="bbox 445 5180 2031 5253; baseline 0.001 -18"><span class='ocrx_word' id='word_1_766' title='bbox 445 5180 726 5251; x_wconf 87' lang='lat' dir='ltr'><strong>diloquum</strong></span> <span class='ocrx_word' id='word_1_767' title='bbox 742 5182 948 5253; x_wconf 78' lang='lat' dir='ltr'><strong>lingua,</strong></span> <span class='ocrx_word' id='word_1_768' title='bbox 967 5191 1022 5237; x_wconf 91' lang='lat' dir='ltr'><strong>et</strong></span> <span class='ocrx_word' id='word_1_769' title='bbox 1038 5183 1206 5238; x_wconf 84' lang='lat' dir='ltr'><strong>veluti</strong></span> <span class='ocrx_word' id='word_1_770' title='bbox 1223 5182 1611 5238; x_wconf 77' lang='lat' dir='ltr'><strong>adumbratam</strong></span> <span class='ocrx_word' id='word_1_771' title='bbox 1630 5182 1687 5237; x_wconf 91' lang='lat' dir='ltr'><strong>in</strong></span> <span class='ocrx_word' id='word_1_772' title='bbox 1715 5181 1843 5238; x_wconf 88' lang='lat' dir='ltr'><strong>divo</strong></span> <span class='ocrx_word' id='word_1_773' title='bbox 1856 5182 2031 5238; x_wconf 82' lang='lat' dir='ltr'><strong>Mose?</strong></span> 
     </span>
    </p>
   </div>
   <div class='ocr_carea' id='block_1_99' title="bbox 448 5268 2028 5335">
    <p class='ocr_par' dir='ltr' id='par_1_99' title="bbox 448 5268 2028 5335">
     <span class='ocr_line' id='line_1_99' title="bbox 448 5268 2028 5335; baseline 0.001 -10"><span class='ocrx_word' id='word_1_774' title='bbox 448 5268 557 5325; x_wconf 83' lang='lat' dir='ltr'><strong>Nec</strong></span> <span class='ocrx_word' id='word_1_775' title='bbox 587 5270 735 5324; x_wconf 87' lang='lat' dir='ltr'><strong>enim</strong></span> <span class='ocrx_word' id='word_1_776' title='bbox 756 5270 843 5325; x_wconf 79' lang='lat' dir='ltr'><strong>lex</strong></span> <span class='ocrx_word' id='word_1_777' title='bbox 858 5270 1133 5327; x_wconf 81' lang='lat' dir='ltr'><strong>suﬂieiens</strong></span> <span class='ocrx_word' id='word_1_778' title='bbox 1169 5272 1379 5327; x_wconf 85' lang='lat' dir='ltr'><strong>eratad</strong></span> <span class='ocrx_word' id='word_1_779' title='bbox 1424 5271 1647 5328; x_wconf 87' lang='lat' dir='ltr'><strong>oracula</strong></span> <span class='ocrx_word' id='word_1_780' title='bbox 1669 5272 2028 5335; x_wconf 85' lang='lat' dir='ltr'><strong>enuntianda,</strong></span> 
     </span>
    </p>
   </div>
   <div class='ocr_carea' id='block_1_100' title="bbox 449 5360 2030 5433">
    <p class='ocr_par' dir='ltr' id='par_1_100' title="bbox 449 5360 2030 5433">
     <span class='ocr_line' id='line_1_100' title="bbox 449 5360 2030 5433; baseline 0.002 -19"><span class='ocrx_word' id='word_1_781' title='bbox 449 5374 550 5416; x_wconf 90' lang='lat' dir='ltr'><strong>nec</strong></span> <span class='ocrx_word' id='word_1_782' title='bbox 576 5361 712 5417; x_wconf 88' lang='lat' dir='ltr'><strong>satis</strong></span> <span class='ocrx_word' id='word_1_783' title='bbox 749 5360 955 5418; x_wconf 83' lang='lat' dir='ltr'><strong>diserta</strong></span> <span class='ocrx_word' id='word_1_784' title='bbox 980 5372 1075 5418; x_wconf 83' lang='lat' dir='ltr'><strong>aut</strong></span> <span class='ocrx_word' id='word_1_785' title='bbox 1115 5362 1400 5433; x_wconf 86' lang='lat' dir='ltr'><strong>eloquens,</strong></span> <span class='ocrx_word' id='word_1_786' title='bbox 1448 5363 1516 5418; x_wconf 88' lang='lat' dir='ltr'><strong>ad</strong></span> <span class='ocrx_word' id='word_1_787' title='bbox 1548 5370 1794 5419; x_wconf 82' lang='lat' dir='ltr'><strong>exactam</strong></span> <span class='ocrx_word' id='word_1_788' title='bbox 1837 5378 2030 5419; x_wconf 90' lang='lat' dir='ltr'><strong>eorum</strong></span> 
     </span>
    </p>
   </div>
   <div class='ocr_carea' id='block_1_101' title="bbox 450 5454 2029 5525">
    <p class='ocr_par' dir='ltr' id='par_1_101' title="bbox 450 5454 2029 5525">
     <span class='ocr_line' id='line_1_101' title="bbox 450 5454 2029 5525; baseline 0 -19"><span class='ocrx_word' id='word_1_789' title='bbox 450 5467 571 5522; x_wconf 74' lang='lat' dir='ltr'><strong>qua:</strong></span> <span class='ocrx_word' id='word_1_790' title='bbox 607 5454 867 5510; x_wconf 87' lang='lat' dir='ltr'><strong>salutaria</strong></span> <span class='ocrx_word' id='word_1_791' title='bbox 896 5462 1026 5511; x_wconf 88' lang='lat' dir='ltr'><strong>sunt</strong></span> <span class='ocrx_word' id='word_1_792' title='bbox 1058 5454 1548 5510; x_wconf 84' lang='lat' dir='ltr'><strong>commendandam</strong></span> <span class='ocrx_word' id='word_1_793' title='bbox 1592 5454 2029 5525; x_wconf 84' lang='lat' dir='ltr'><strong>intelligentiam,</strong></span> 
     </span>
    </p>
   </div>
   <div class='ocr_carea' id='block_1_102' title="bbox 530 5642 2005 5724">
    <p class='ocr_par' dir='ltr' id='par_1_102' title="bbox 530 5642 2005 5724">
     <span class='ocr_line' id='line_1_102' title="bbox 530 5642 2005 5724; baseline -0.003 -14"><span class='ocrx_word' id='word_1_794' title='bbox 530 5654 573 5686; x_wconf 76' lang='grc' dir='ltr'><strong>ι’</strong></span> <span class='ocrx_word' id='word_1_795' title='bbox 606 5652 778 5710; x_wconf 86' lang='lat' dir='ltr'><strong>lCor.</strong></span> <span class='ocrx_word' id='word_1_796' title='bbox 815 5671 901 5721; x_wconf 81' lang='lat' dir='ltr'><strong>xv,</strong></span> <span class='ocrx_word' id='word_1_797' title='bbox 959 5656 1045 5710; x_wconf 77' lang='lat'><strong>22.</strong></span> <span class='ocrx_word' id='word_1_798' title='bbox 1123 5658 1365 5715; x_wconf 71' lang='lat' dir='ltr'><strong>&quot;Exod.</strong></span> <span class='ocrx_word' id='word_1_799' title='bbox 1405 5674 1475 5724; x_wconf 77' lang='lat' dir='ltr'><strong>tv,</strong></span> <span class='ocrx_word' id='word_1_800' title='bbox 1506 5657 1590 5723; x_wconf 76' lang='grc' dir='ltr'><strong>ιο,</strong></span> <span class='ocrx_word' id='word_1_801' title='bbox 1636 5642 1711 5689; x_wconf 65' lang='grc' dir='ltr'><strong>ἰι</strong></span> <span class='ocrx_word' id='word_1_802' title='bbox 1742 5653 1875 5709; x_wconf 86' lang='lat' dir='ltr'><strong>ibid.</strong></span> <span class='ocrx_word' id='word_1_803' title='bbox 1925 5652 2005 5706; x_wconf 72' lang='grc' dir='ltr'><strong>ιδ.</strong></span> 
     </span>
    </p>
   </div>
   <div class='ocr_carea' id='block_1_103' title="bbox 2056 4324 2103 4383">
    <p class='ocr_par' dir='ltr' id='par_1_103' title="bbox 2056 4324 2103 4383">
     <span class='ocr_line' id='line_1_103' title="bbox 2056 4324 2103 4383; baseline 0 0"><span class='ocrx_word' id='word_1_804' title='bbox 2056 4324 2103 4383; x_wconf 92' lang='lat' dir='ltr'><strong>D</strong></span> 
     </span>
    </p>
   </div>
   <div class='ocr_carea' id='block_1_104' title="bbox 2130 4351 3703 4424">
    <p class='ocr_par' dir='ltr' id='par_1_104' title="bbox 2130 4351 3703 4424">
     <span class='ocr_line' id='line_1_104' title="bbox 2130 4351 3703 4424; baseline -0.001 -19"><span class='ocrx_word' id='word_1_805' title='bbox 2130 4351 2310 4423; x_wconf 76' lang='grc' dir='ltr'><strong>ρύνειν</strong></span> <span class='ocrx_word' id='word_1_806' title='bbox 2338 4353 2769 4424; x_wconf 81' lang='grc' dir='ltr'><strong>ὑπισχνουμένου</strong></span> <span class='ocrx_word' id='word_1_807' title='bbox 2786 4353 2943 4419; x_wconf 86' lang='grc' dir='ltr'><strong>Θεοῦ,</strong></span> <span class='ocrx_word' id='word_1_808' title='bbox 2977 4354 3073 4409; x_wconf 59' lang='grc' dir='ltr'><strong>καλ⁵</strong></span> <span class='ocrx_word' id='word_1_809' title='bbox 3103 4354 3175 4418; x_wconf 82' lang='grc' dir='ltr'><strong>ὡς</strong></span> <span class='ocrx_word' id='word_1_810' title='bbox 3208 4353 3371 4417; x_wconf 77' lang='grc' dir='ltr'><strong>αὐτὸς</strong></span> <span class='ocrx_word' id='word_1_811' title='bbox 3397 4352 3483 4423; x_wconf 75' lang='grc' dir='ltr'><strong>εἴη</strong></span> <span class='ocrx_word' id='word_1_812' title='bbox 3513 4352 3703 4420; x_wconf 87' lang='grc' dir='ltr'><strong>λέγον-</strong></span> 
     </span>
    </p>
   </div>
   <div class='ocr_carea' id='block_1_105' title="bbox 2115 4433 3708 4517">
    <p class='ocr_par' dir='ltr' id='par_1_105' title="bbox 2115 4433 3708 4517">
     <span class='ocr_line' id='line_1_105' title="bbox 2115 4433 3708 4517; baseline -0.001 -21"><span class='ocrx_word' id='word_1_813' title='bbox 2115 4433 2219 4508; x_wconf 63' lang='grc' dir='ltr'><strong>’τος</strong></span> <span class='ocrx_word' id='word_1_814' title='bbox 2251 4446 2280 4498; x_wconf 97' lang='lat'><strong>6</strong></span> <span class='ocrx_word' id='word_1_815' title='bbox 2319 4443 2511 4513; x_wconf 73' lang='grc' dir='ltr'><strong>σοφίας</strong></span> <span class='ocrx_word' id='word_1_816' title='bbox 2548 4444 2640 4499; x_wconf 77' lang='grc' dir='ltr'><strong>καὶ</strong></span> <span class='ocrx_word' id='word_1_817' title='bbox 2681 4443 2842 4514; x_wconf 87' lang='grc' dir='ltr'><strong>λόγου</strong></span> <span class='ocrx_word' id='word_1_818' title='bbox 2871 4446 3058 4517; x_wconf 81' lang='grc' dir='ltr'><strong>δοτὴρ,</strong></span> <span class='ocrx_word' id='word_1_819' title='bbox 3101 4445 3443 4517; x_wconf 80' lang='grc' dir='ltr'><strong>μακροτέραν</strong></span> <span class='ocrx_word' id='word_1_820' title='bbox 3469 4445 3708 4498; x_wconf 70' lang='grc' dir='ltr'><strong>ἐποιεῖτο</strong></span> 
     </span>
    </p>
   </div>
   <div class='ocr_carea' id='block_1_106' title="bbox 2127 4533 3704 4609">
    <p class='ocr_par' dir='ltr' id='par_1_106' title="bbox 2127 4533 3704 4609">
     <span class='ocr_line' id='line_1_106' title="bbox 2127 4533 3704 4609; baseline -0.001 -22"><span class='ocrx_word' id='word_1_821' title='bbox 2127 4534 2225 4605; x_wconf 74' lang='grc' dir='ltr'><strong>τὴν</strong></span> <span class='ocrx_word' id='word_1_822' title='bbox 2254 4535 2607 4606; x_wconf 80' lang='grc' dir='ltr'><strong>παραίτησιν,</strong></span> <span class='ocrx_word' id='word_1_823' title='bbox 2633 4534 2821 4609; x_wconf 73' lang='grc' dir='ltr'><strong>ἕτερον</strong></span> <span class='ocrx_word' id='word_1_824' title='bbox 2850 4536 3048 4609; x_wconf 87' lang='grc' dir='ltr'><strong>χρῆναι</strong></span> <span class='ocrx_word' id='word_1_825' title='bbox 3076 4537 3250 4605; x_wconf 86' lang='grc' dir='ltr'><strong>λέγων</strong></span> <span class='ocrx_word' id='word_1_826' title='bbox 3287 4533 3704 4590; x_wconf 83' lang='grc' dir='ltr'><strong>ἀναδείκνυσθαι</strong></span> 
     </span>
    </p>
   </div>
   <div class='ocr_carea' id='block_1_107' title="bbox 2127 4623 3709 4700">
    <p class='ocr_par' dir='ltr' id='par_1_107' title="bbox 2127 4623 3709 4700">
     <span class='ocr_line' id='line_1_107' title="bbox 2127 4623 3709 4700; baseline 0.001 -22"><span class='ocrx_word' id='word_1_827' title='bbox 2127 4625 2218 4679; x_wconf 77' lang='grc' dir='ltr'><strong>τὸν</strong></span> <span class='ocrx_word' id='word_1_828' title='bbox 2245 4625 2559 4697; x_wconf 84' lang='grc' dir='ltr'><strong>δυνάμενον.</strong></span> <span class='ocrx_word' id='word_1_829' title='bbox 2591 4627 2930 4700; x_wconf 87' lang='grc' dir='ltr'><strong>Προσκρούει</strong></span> <span class='ocrx_word' id='word_1_830' title='bbox 2953 4628 3018 4699; x_wconf 81' lang='grc' dir='ltr'><strong>δὴ</strong></span> <span class='ocrx_word' id='word_1_831' title='bbox 3049 4623 3142 4682; x_wconf 77' lang='grc' dir='ltr'><strong>οὗν</strong></span> <span class='ocrx_word' id='word_1_832' title='bbox 3171 4628 3343 4700; x_wconf 82' lang='grc' dir='ltr'><strong>ταύτῃ</strong></span> <span class='ocrx_word' id='word_1_833' title='bbox 3364 4625 3504 4696; x_wconf 83' lang='grc' dir='ltr'>Θεῷ.</span> <span class='ocrx_word' id='word_1_834' title='bbox 3532 4644 3551 4676; x_wconf 72' lang='grc' dir='ltr'><strong>ι</strong></span> <span class='ocrx_word' id='word_1_835' title='bbox 3593 4626 3709 4679; x_wconf 76' lang='grc' dir='ltr'><strong>Καὶ</strong></span> 
     </span>
    </p>
   </div>
   <div class='ocr_carea' id='block_1_108' title="bbox 2129 4711 3707 4791">
    <p class='ocr_par' dir='ltr' id='par_1_108' title="bbox 2129 4711 3707 4791">
     <span class='ocr_line' id='line_1_108' title="bbox 2129 4711 3707 4791; baseline -0.001 -22"><span class='ocrx_word' id='word_1_836' title='bbox 2129 4716 2398 4788; x_wconf 72' lang='grc' dir='ltr'><strong>θυμωθεὶς</strong></span> <span class='ocrx_word' id='word_1_837' title='bbox 2419 4718 2547 4790; x_wconf 88' lang='grc' dir='ltr'><strong>γάρ,</strong></span> <span class='ocrx_word' id='word_1_838' title='bbox 2568 4721 2750 4790; x_wconf 75' lang='grc' dir='ltr'><strong>φησὶν,</strong></span> <span class='ocrx_word' id='word_1_839' title='bbox 2780 4720 2918 4791; x_wconf 81' lang='grc' dir='ltr'><strong>ὀργῇ</strong></span> <span class='ocrx_word' id='word_1_840' title='bbox 2949 4718 3152 4791; x_wconf 83' lang='grc' dir='ltr'><strong>Κύριος</strong></span> <span class='ocrx_word' id='word_1_841' title='bbox 3180 4719 3274 4772; x_wconf 72' lang='grc' dir='ltr'><strong>ἐπὶ</strong></span> <span class='ocrx_word' id='word_1_842' title='bbox 3293 4717 3498 4788; x_wconf 83' lang='grc' dir='ltr'><strong>Μωσῆν</strong></span> <span class='ocrx_word' id='word_1_843' title='bbox 3528 4711 3707 4770; x_wconf 72' lang='grc' dir='ltr'><strong>εἶπενι</strong></span> 
     </span>
    </p>
   </div>
   <div class='ocr_carea' id='block_1_109' title="bbox 2127 4809 3709 4885">
    <p class='ocr_par' dir='ltr' id='par_1_109' title="bbox 2127 4809 3709 4885">
     <span class='ocr_line' id='line_1_109' title="bbox 2127 4809 3709 4885; baseline -0.003 -19"><span class='ocrx_word' id='word_1_844' title='bbox 2127 4813 2239 4867; x_wconf 67' lang='grc' dir='ltr'><strong>Οὐκ</strong></span> <span class='ocrx_word' id='word_1_845' title='bbox 2256 4813 2364 4868; x_wconf 82' lang='grc' dir='ltr'><strong>ίδοὺ</strong></span> <span class='ocrx_word' id='word_1_846' title='bbox 2394 4812 2601 4885; x_wconf 83' lang='grc' dir='ltr'><strong>Ἀαρὼν</strong></span> <span class='ocrx_word' id='word_1_847' title='bbox 2624 4814 2652 4866; x_wconf 89' lang='grc' dir='ltr'><strong>ὁ</strong></span> <span class='ocrx_word' id='word_1_848' title='bbox 2670 4812 2897 4881; x_wconf 78' lang='grc' dir='ltr'><strong>ἀδελφός</strong></span> <span class='ocrx_word' id='word_1_849' title='bbox 2921 4830 3015 4866; x_wconf 91' lang='grc' dir='ltr'><strong>σου</strong></span> <span class='ocrx_word' id='word_1_850' title='bbox 3036 4814 3064 4865; x_wconf 94' lang='lat'><strong>6</strong></span> <span class='ocrx_word' id='word_1_851' title='bbox 3086 4812 3315 4881; x_wconf 77' lang='grc' dir='ltr'><strong>Λευῖτης</strong></span> <span class='ocrx_word' id='word_1_852' title='bbox 3332 4828 3358 4875; x_wconf 50' lang='grc' dir='ltr'><strong>ί</strong></span> <span class='ocrx_word' id='word_1_853' title='bbox 3374 4809 3709 4879; x_wconf 80' lang='grc' dir='ltr'><strong>Ἐπίσταμαι</strong></span> 
     </span>
    </p>
   </div>
   <div class='ocr_carea' id='block_1_110' title="bbox 2128 4901 3713 4976">
    <p class='ocr_par' dir='ltr' id='par_1_110' title="bbox 2128 4901 3713 4976">
     <span class='ocr_line' id='line_1_110' title="bbox 2128 4901 3713 4976; baseline -0.002 -19"><span class='ocrx_word' id='word_1_854' title='bbox 2128 4905 2210 4957; x_wconf 84' lang='grc' dir='ltr'><strong>ὅτι</strong></span> <span class='ocrx_word' id='word_1_855' title='bbox 2255 4902 2433 4957; x_wconf 83' lang='grc' dir='ltr'><strong>λαλῶν</strong></span> <span class='ocrx_word' id='word_1_856' title='bbox 2468 4903 2693 4976; x_wconf 83' lang='grc' dir='ltr'><strong>λαλήσει</strong></span> <span class='ocrx_word' id='word_1_857' title='bbox 2727 4903 2890 4966; x_wconf 81' lang='grc' dir='ltr'><strong>αὑτός</strong></span> <span class='ocrx_word' id='word_1_858' title='bbox 2919 4920 3023 4957; x_wconf 91' lang='grc' dir='ltr'><strong>σοι.</strong></span> <span class='ocrx_word' id='word_1_859' title='bbox 3064 4923 3081 4955; x_wconf 77' lang='grc' dir='ltr'><strong>ι</strong></span> <span class='ocrx_word' id='word_1_860' title='bbox 3123 4903 3232 4957; x_wconf 80' lang='grc' dir='ltr'><strong>Καὶ</strong></span> <span class='ocrx_word' id='word_1_861' title='bbox 3270 4902 3406 4974; x_wconf 77' lang='grc' dir='ltr'><strong>πρός</strong></span> <span class='ocrx_word' id='word_1_862' title='bbox 3443 4918 3507 4972; x_wconf 87' lang='grc' dir='ltr'><strong>γε</strong></span> <span class='ocrx_word' id='word_1_863' title='bbox 3549 4901 3713 4955; x_wconf 81' lang='grc' dir='ltr'><strong>τοῦτό</strong></span> 
     </span>
    </p>
   </div>
   <div class='ocr_carea' id='block_1_111' title="bbox 2130 4993 3714 5066">
    <p class='ocr_par' dir='ltr' id='par_1_111' title="bbox 2130 4993 3714 5066">
     <span class='ocr_line' id='line_1_111' title="bbox 2130 4993 3714 5066; baseline 0 -20"><span class='ocrx_word' id='word_1_864' title='bbox 2130 5010 2317 5065; x_wconf 81' lang='grc' dir='ltr'><strong>φησιν,</strong></span> <span class='ocrx_word' id='word_1_865' title='bbox 2347 4994 2431 5048; x_wconf 82' lang='grc' dir='ltr'><strong>ὅτι</strong></span> <span class='ocrx_word' id='word_1_866' title='bbox 2457 5014 2475 5046; x_wconf 71' lang='grc' dir='ltr'><strong>ι</strong></span> <span class='ocrx_word' id='word_1_867' title='bbox 2507 4994 2678 5059; x_wconf 81' lang='grc' dir='ltr'><strong>Αὐτὸς</strong></span> <span class='ocrx_word' id='word_1_868' title='bbox 2706 4995 2858 5050; x_wconf 79' lang='grc' dir='ltr'><strong>ἔσται</strong></span> <span class='ocrx_word' id='word_1_869' title='bbox 2884 5012 2977 5049; x_wconf 91' lang='grc' dir='ltr'><strong>σου</strong></span> <span class='ocrx_word' id='word_1_870' title='bbox 3013 4995 3215 5066; x_wconf 73' lang='grc' dir='ltr'><strong>στόμα·</strong></span> <span class='ocrx_word' id='word_1_871' title='bbox 3250 4997 3314 5048; x_wconf 72' lang='grc' dir='ltr'><strong>σὺ</strong></span> <span class='ocrx_word' id='word_1_872' title='bbox 3346 4994 3403 5047; x_wconf 81' lang='grc' dir='ltr'><strong>δὲ</strong></span> <span class='ocrx_word' id='word_1_873' title='bbox 3432 4993 3582 5064; x_wconf 80' lang='grc' dir='ltr'><strong>αὐτῷ</strong></span> <span class='ocrx_word' id='word_1_874' title='bbox 3609 4994 3714 5066; x_wconf 79' lang='grc' dir='ltr'><strong>ἔσῃ</strong></span> 
     </span>
    </p>
   </div>
   <div class='ocr_carea' id='block_1_112' title="bbox 2129 5085 3739 5167">
    <p class='ocr_par' dir='ltr' id='par_1_112' title="bbox 2129 5085 3739 5167">
     <span class='ocr_line' id='line_1_112' title="bbox 2129 5085 3739 5167; baseline -0.001 -26"><span class='ocrx_word' id='word_1_875' title='bbox 2129 5086 2197 5141; x_wconf 72' lang='grc' dir='ltr'><strong>τὰ</strong></span> <span class='ocrx_word' id='word_1_876' title='bbox 2226 5086 2364 5159; x_wconf 77' lang='grc' dir='ltr'><strong>πρὸς</strong></span> <span class='ocrx_word' id='word_1_877' title='bbox 2383 5086 2474 5140; x_wconf 86' lang='grc' dir='ltr'><strong>τδν</strong></span> <span class='ocrx_word' id='word_1_878' title='bbox 2510 5085 2662 5143; x_wconf 85' lang='grc' dir='ltr'><strong>Θεόν.</strong></span> <span class='ocrx_word' id='word_1_879' title='bbox 2701 5105 2719 5139; x_wconf 70' lang='grc' dir='ltr'><strong>ι</strong></span> <span class='ocrx_word' id='word_1_880' title='bbox 2765 5086 2925 5158; x_wconf 79' lang='grc' dir='ltr'><strong>Ὁρᾷς</strong></span> <span class='ocrx_word' id='word_1_881' title='bbox 2959 5086 3019 5140; x_wconf 84' lang='grc' dir='ltr'><strong>τὸ</strong></span> <span class='ocrx_word' id='word_1_882' title='bbox 3054 5085 3469 5158; x_wconf 81' lang='grc' dir='ltr'><strong>βραδύγλωσσον</strong></span> <span class='ocrx_word' id='word_1_883' title='bbox 3494 5086 3590 5140; x_wconf 88' lang='grc' dir='ltr'><strong>τοῦ</strong></span> <span class='ocrx_word' id='word_1_884' title='bbox 3620 5086 3739 5167; x_wconf 43' lang='grc' dir='ltr'><strong>λόέ</strong></span> 
     </span>
    </p>
   </div>
   <div class='ocr_carea' id='block_1_113' title="bbox 2129 5176 3713 5250">
    <p class='ocr_par' dir='ltr' id='par_1_113' title="bbox 2129 5176 3713 5250">
     <span class='ocr_line' id='line_1_113' title="bbox 2129 5176 3713 5250; baseline 0 -20"><span class='ocrx_word' id='word_1_885' title='bbox 2129 5194 2227 5246; x_wconf 86' lang='grc' dir='ltr'><strong>γου</strong></span> <span class='ocrx_word' id='word_1_886' title='bbox 2254 5176 2351 5232; x_wconf 74' lang='grc' dir='ltr'><strong>καὶ</strong></span> <span class='ocrx_word' id='word_1_887' title='bbox 2384 5176 2552 5231; x_wconf 84' lang='grc' dir='ltr'><strong>πάλαι</strong></span> <span class='ocrx_word' id='word_1_888' title='bbox 2584 5176 3093 5249; x_wconf 73' lang='grc' dir='ltr'><strong>σκιαγραφούμενον</strong></span> <span class='ocrx_word' id='word_1_889' title='bbox 3114 5178 3189 5242; x_wconf 85' lang='grc' dir='ltr'><strong>ὡς</strong></span> <span class='ocrx_word' id='word_1_890' title='bbox 3220 5177 3278 5233; x_wconf 77' lang='grc' dir='ltr'><strong>ἔν</strong></span> <span class='ocrx_word' id='word_1_891' title='bbox 3305 5194 3371 5246; x_wconf 88' lang='grc' dir='ltr'><strong>γε</strong></span> <span class='ocrx_word' id='word_1_892' title='bbox 3400 5178 3476 5250; x_wconf 83' lang='grc' dir='ltr'><strong>τῷ</strong></span> <span class='ocrx_word' id='word_1_893' title='bbox 3510 5178 3713 5231; x_wconf 80' lang='grc' dir='ltr'><strong>θεσπε-</strong></span> 
     </span>
    </p>
   </div>
   <div class='ocr_carea' id='block_1_114' title="bbox 2132 5267 3712 5339">
    <p class='ocr_par' dir='ltr' id='par_1_114' title="bbox 2132 5267 3712 5339">
     <span class='ocr_line' id='line_1_114' title="bbox 2132 5267 3712 5339; baseline -0.001 -18"><span class='ocrx_word' id='word_1_894' title='bbox 2132 5269 2233 5339; x_wconf 85' lang='grc' dir='ltr'><strong>σίῳ</strong></span> <span class='ocrx_word' id='word_1_895' title='bbox 2265 5269 2474 5339; x_wconf 74' lang='grc' dir='ltr'><strong>Μωσῆς</strong></span> <span class='ocrx_word' id='word_1_896' title='bbox 2509 5268 2586 5322; x_wconf 79' lang='grc' dir='ltr'><strong>Οὐ</strong></span> <span class='ocrx_word' id='word_1_897' title='bbox 2618 5267 2729 5339; x_wconf 87' lang='grc' dir='ltr'><strong>γὰρ</strong></span> <span class='ocrx_word' id='word_1_898' title='bbox 2769 5268 2951 5332; x_wconf 78' lang='grc' dir='ltr'><strong>ἱκανὸς</strong></span> <span class='ocrx_word' id='word_1_899' title='bbox 2977 5270 3006 5322; x_wconf 92' lang='lat'><strong>6</strong></span> <span class='ocrx_word' id='word_1_900' title='bbox 3053 5269 3215 5339; x_wconf 85' lang='grc' dir='ltr'><strong>νόμος</strong></span> <span class='ocrx_word' id='word_1_901' title='bbox 3251 5270 3331 5332; x_wconf 84' lang='grc' dir='ltr'><strong>είς</strong></span> <span class='ocrx_word' id='word_1_902' title='bbox 3364 5267 3712 5336; x_wconf 83' lang='grc' dir='ltr'><strong>ἀπαγγελίαν</strong></span> 
     </span>
    </p>
   </div>
   <div class='ocr_carea' id='block_1_115' title="bbox 2131 5352 3713 5426">
    <p class='ocr_par' dir='ltr' id='par_1_115' title="bbox 2131 5352 3713 5426">
     <span class='ocr_line' id='line_1_115' title="bbox 2131 5352 3713 5426; baseline -0.001 -19"><span class='ocrx_word' id='word_1_903' title='bbox 2131 5354 2241 5407; x_wconf 80' lang='grc' dir='ltr'><strong>τῶν</strong></span> <span class='ocrx_word' id='word_1_904' title='bbox 2279 5352 2795 5425; x_wconf 81' lang='grc' dir='ltr'><strong>χρησμῳδημάτων,</strong></span> <span class='ocrx_word' id='word_1_905' title='bbox 2841 5353 2967 5407; x_wconf 74' lang='grc' dir='ltr'><strong>οὔτε</strong></span> <span class='ocrx_word' id='word_1_906' title='bbox 3016 5355 3122 5426; x_wconf 78' lang='grc' dir='ltr'><strong>μὴν</strong></span> <span class='ocrx_word' id='word_1_907' title='bbox 3160 5354 3514 5426; x_wconf 82' lang='grc' dir='ltr'><strong>ἀριστοεπὴς,</strong></span> <span class='ocrx_word' id='word_1_908' title='bbox 3546 5353 3580 5425; x_wconf 74' lang='grc' dir='ltr'><strong>ἢ</strong></span> <span class='ocrx_word' id='word_1_909' title='bbox 3618 5352 3713 5406; x_wconf 78' lang='grc' dir='ltr'><strong>εὕ-</strong></span> 
     </span>
    </p>
   </div>
   <div class='ocr_carea' id='block_1_116' title="bbox 2132 5444 3711 5520">
    <p class='ocr_par' dir='ltr' id='par_1_116' title="bbox 2132 5444 3711 5520">
     <span class='ocr_line' id='line_1_116' title="bbox 2132 5444 3711 5520; baseline -0.001 -20"><span class='ocrx_word' id='word_1_910' title='bbox 2132 5448 2388 5517; x_wconf 86' lang='grc' dir='ltr'><strong>γλωττος,</strong></span> <span class='ocrx_word' id='word_1_911' title='bbox 2417 5444 2605 5517; x_wconf 81' lang='grc' dir='ltr'><strong>είς[τδ]</strong></span> <span class='ocrx_word' id='word_1_912' title='bbox 2622 5445 2828 5517; x_wconf 88' lang='grc' dir='ltr'><strong>ἀκριϐῆ</strong></span> <span class='ocrx_word' id='word_1_913' title='bbox 2854 5446 2949 5500; x_wconf 84' lang='grc' dir='ltr'><strong>τοῦ</strong></span> <span class='ocrx_word' id='word_1_914' title='bbox 2974 5447 3343 5519; x_wconf 65' lang='grc' dir='ltr'><strong>συμφέροντος</strong></span> <span class='ocrx_word' id='word_1_915' title='bbox 3381 5446 3711 5520; x_wconf 78' lang='grc' dir='ltr'><strong>παραθεῖναι</strong></span> 
     </span>
    </p>
   </div>
   <div class='ocr_carea' id='block_1_117' title="bbox 2090 5648 2943 5716">
    <p class='ocr_par' dir='ltr' id='par_1_117' title="bbox 2090 5648 2943 5716">
     <span class='ocr_line' id='line_1_117' title="bbox 2090 5648 2943 5716; baseline 0.004 -11"><span class='ocrx_word' id='word_1_916' title='bbox 2090 5654 2129 5684; x_wconf 70' lang='grc' dir='ltr'><strong>δ’</strong></span> <span class='ocrx_word' id='word_1_917' title='bbox 2159 5650 2296 5707; x_wconf 69' lang='grc' dir='ltr'><strong>ἱὺΜ..</strong></span> <span class='ocrx_word' id='word_1_918' title='bbox 2342 5650 2412 5716; x_wconf 54' lang='lat' dir='ltr'><strong>li,</strong></span> <span class='ocrx_word' id='word_1_919' title='bbox 2456 5648 2546 5704; x_wconf 75' lang='grc'><strong>15·</strong></span> <span class='ocrx_word' id='word_1_920' title='bbox 2618 5650 2662 5683; x_wconf 76' lang='grc'><strong>³³</strong></span> <span class='ocrx_word' id='word_1_921' title='bbox 2691 5650 2825 5706; x_wconf 84' lang='lat' dir='ltr'><strong>ibid.</strong></span> <span class='ocrx_word' id='word_1_922' title='bbox 2862 5654 2943 5710; x_wconf 79' lang='grc' dir='ltr'><strong>Ιϐ.</strong></span> 
     </span>
    </p>
   </div>
  </div>
