4024 6198
314 255 412 308 681

1307 251 1824 309 GLAPHYRORUM
1866 252 1934 307 IN
1974 251 2259 308 EXODUM
2301 251 2427 308 LIB.
2469 253 2533 308 Π.

3471 261 3576 315 482

313 381 411 423 ττν
460 368 684 439 γνῶσιν,
734 369 986 441 καθάπερ
1021 368 1213 440 ἀμέλει
1253 370 1281 422 6
1312 371 1568 440 Χριστὸς,
1613 373 1642 424 6
1689 371 1887 443 ἀληθῶς

2005 365 2424 427 sicutCh‘ristus
2468 387 2635 426 verus
2663 371 2751 426 ille
2780 371 2966 426 Levita
3004 373 3162 443 cujus
3199 381 3385 444 typum
3411 379 3575 446 gessit

313 462 572 533 Λευῖτης,
608 457 669 516 οὗ
696 463 789 516 καὶ
819 466 900 526 εἰς
929 462 1096 515 τύπον
1131 459 1360 533 Ἀαρών.
1398 462 1455 516 '0
1486 464 1583 532 μὲν
1612 464 1717 535 γὰρ
1741 463 1902 534 νόμος

311 553 453 606 διδιά
476 554 743 619 Μωσέως,
780 558 859 618 είς
889 553 1064 626 ἁρχάς
1096 554 1358 625 ἀποφέρει
1392 556 1543 626 μόλις
1569 555 1677 608 τῶν
1705 554 1902 624 λογίων

310 644 405 696 τοῦ
434 644 592 709 Θεοῦ,
622 646 718 698 καὶ
739 646 1006 715 στοιχεῖόν
1043 645 1159 697 ἐστι
1189 647 1306 708 τοῖς
1345 644 1558 714 νηπίοις
1582 645 1897 715 εἰσηγητὴς,

310 736 611 806 παιδευτὴς
634 737 906 807 ἀφρόνων,
937 737 1026 790 διὰ
1057 737 1231 789 τύπου
1272 736 1363 788 καὶ
1391 735 1550 798 σκιᾶς
1594 735 1900 805 ἀμυδροτά-

309 845 410 897 την
454 830 588 898 ἡμῖν
634 829 963 898 είσκομίζων
995 827 1148 898 μόλις
1171 827 1278 880 τῶν
1313 828 1601 898 πρακτέων
1623 827 1721 898 τὴν
1753 827 1897 897 εἴδη-

311 935 418 970 σιν.
468 918 524 971 '0
555 917 611 970 δὲ
649 917 864 988 ἀληθῶς
887 918 1196 978 ίκανότατος
1218 917 1312 970 καὶ
1340 917 1512 987 μέγας
1534 916 1690 988 ἡμῶν
1719 918 1897 983 ἱερεὺς

310 1007 408 1060 καὶ
439 1008 662 1070 δυνατὸς
690 1009 768 1070 είς
807 1007 1130 1079 ἀποστολὴν,
1165 1007 1409 1060 τουτέστι
1436 1008 1689 1078 Χριστὸς,
1727 1024 1896 1060 κατα-

309 1099 671 1167 σκιασμάτων
702 1097 1133 1168 ἀπηλλαγμένην
1173 1096 1458 1168 παρέδειξε
1488 1097 1585 1168 τὴν
1614 1097 1890 1167 ἀλήθειαν.

307 1191 386 1243 Οὐ
421 1191 530 1260 γάρ
561 1191 676 1242 ἐστι
717 1189 915 1260 βραδὺς
945 1189 977 1259 ἢ
1008 1188 1238 1258 ὀκνηρὸς
1264 1188 1364 1260 τὴν
1386 1188 1653 1257 γλῶτταν,
1695 1188 1728 1259 ἢ
1756 1189 1891 1259 βρα-

308 1278 412 1347 xi);
448 1279 570 1340 τοῦς
610 1277 804 1345 λόγους
834 1277 974 1332 κατὰ
1012 1278 1238 1338 Μωσέα,
1267 1277 1403 1331 πολὺ
1440 1277 1498 1332 δὲ
1524 1277 1643 1333 λίαν
1671 1278 1888 1349 εὐεπὴς,

309 1369 406 1419 καὶ
439 1368 678 1438 μάλιστα
716 1368 790 1430 ὡς
820 1368 1013 1436 σοφίας
1041 1367 1212 1435 Λόγος
1236 1367 1331 1421 τοῦ
1361 1367 1496 1424 Θεοῦ
1529 1371 1624 1422 καὶ
1655 1370 1887 1441 Πατρός.

305 1459 420 1511 Θέα
453 1459 532 1522 δὲ,
567 1459 687 1521 πῶς
715 1459 815 1530 οὐχ
849 1459 1031 1522 ἱκανὸς
1052 1459 1150 1529 μὲν
1177 1463 1205 1513 6
1236 1460 1398 1528 νόμος
1425 1463 1503 1524 είς
1527 1462 1588 1514 16
1615 1461 1889 1526 ἐξελέσθαι

307 1547 556 1612 δουλείας
598 1551 725 1612 τοὺς
775 1550 880 1603 ὑπὸ
930 1549 1009 1620 τῷ
1062 1550 1237 1620 νοητῷ
1281 1553 1618 1622 πράττοντας
1665 1553 1884 1623 Φαραὼ,

2005 458 2204 516 Aaron.
2252 462 2363 517 Lex
2391 463 2594 516 etenim
2625 463 2856 516 Mosaica
2901 463 2990 516 vix
3024 463 3092 516 ad
3123 463 3437 518 divinorum
3465 483 3576 520 ser-

2002 566 2223 605 monum
2252 551 2501 621 perducit
2531 552 2831 620 primordia
2863 569 2874 603 :
2907 553 3038 622 quin
3063 553 3247 623 potius
3286 553 3574 607 imbecilli-

2002 644 2105 698 bus
2157 653 2319 713 atque
2354 643 2656 697 infantibus
2691 643 2846 712 quasi
2908 643 3303 708 rudimentum,
3351 644 3576 699 stolido-

2001 751 2231 804 rumque
2276 735 2532 803 magistra
2565 743 2650 788 est
2690 735 2744 788 in
2779 734 2970 804 ﬁgura,
3007 743 3169 804 atque
3202 750 3300 804 per
3322 736 3573 789 umbram

1997 826 2440 880 obscurissimam
2473 842 2613 896 aegre
2658 825 2893 881 allen-ns
2937 841 3126 880 eorum
3173 842 3295 895 quae
3341 825 3571 897 agenda,

1995 918 2267 972 notitiam.
2305 919 2373 971 At
2398 919 2630 972 maxime
2675 917 2905 972 idoneus
2944 933 3278 987 magnusque
3319 919 3577 973 sacerdos

1994 1017 2203 1072 noster,
2232 1018 2288 1062 et
2321 1009 2415 1078 qui
2440 1009 2712 1078 legatione
2740 1023 2902 1078 quam
2933 1009 3138 1077 Optime
3178 1007 3329 1078 fungi
3370 1016 3570 1077 potest,

1993 1099 2244 1155 Christus
2269 1099 2546 1164 videlicet,
2578 1099 2866 1154 veritatem
2899 1099 3110 1153 umbris
3135 1106 3293 1152 antea
3316 1099 3571 1168 designa‘

1995 1196 2103 1241 tam
2131 1188 2470 1243 manifestam
2495 1189 2766 1243 exhibuit.
2802 1189 2921 1242 Non
2956 1188 3105 1242 enim
3131 1196 3215 1241 est
3255 1188 3443 1242 tardus
3469 1189 3574 1241 lin-

1991 1295 2117 1349 gua,
2144 1289 2238 1333 aut
2267 1279 2582 1349 impeditus,
2617 1290 2712 1334 aut
2757 1294 3012 1334 sermone
3045 1279 3250 1342 brevis,
3306 1285 3367 1332 ut
3396 1279 3577 1334 Moses

1988 1381 2142 1437 erat;
2181 1371 2313 1442 quin
2357 1373 2540 1442 potius
2591 1387 2841 1427 sermone
2885 1373 3120 1425 maxime
3178 1369 3467 1434 facundus,
3512 1380 3572 1424 ut

1986 1464 2227 1518 Verbum
2255 1464 2535 1534 sapientia:
2567 1464 2662 1518 Dei
2687 1479 2750 1518 ac
2781 1463 2975 1517 Patris.
3007 1461 3113 1516 Sed
3152 1461 3394 1525 attende,
3419 1477 3570 1530 quze-

1987 1569 2070 1617 so,
2097 1569 2261 1624 quam
2285 1555 2370 1609 lex
2394 1555 2616 1609 minime
2639 1553 2868 1608 sufﬁciat
2889 1554 2956 1607 ad
2990 1553 3342 1607 eximendum
3381 1569 3410 1606 a
3451 1568 3570 1606 ser-

307 1639 560 1694 τουτέστι
588 1640 666 1710 τῷ
701 1642 932 1712 Σατανᾷ,
961 1642 1067 1694 οὐδ’
1096 1642 1163 1695 ἂν
1195 1641 1474 1712 ὠφελῆσαί
1511 1663 1562 1698 τι
1601 1645 1697 1716 τὴν
1729 1646 1832 1716 γῆν
1861 1649 1887 1699 6

1989 1645 2160 1700 vitute
2211 1646 2414 1716 eosqui
2445 1647 2546 1701 sub
2585 1647 2858 1718 spirituali
2882 1646 3185 1708 Pharaone,
3222 1645 3324 1698 hoc
3357 1654 3441 1698 est
3468 1643 3569 1697 Sa-

309 1732 600 1796 Θεσπέσιος
631 1734 856 1804 Μωσῆς,
884 1735 1062 1786 καίτοι
1091 1734 1520 1806 διαφανεστάτην
1552 1738 1640 1789 ἐπ’
1668 1739 1889 1806 ἀρεταῖς

307 1824 406 1894 τὴν
442 1823 602 1888 δόξαν
630 1823 766 1878 ἑλὼν
787 1865 802 1888 ,
837 1826 912 1896 μὴ
950 1826 1070 1896 οὐχὶ
1098 1829 1348 1892 συνόντος
1376 1846 1435 1882 τε
1463 1828 1613 1898 αὐτῷ
1653 1830 1744 1882 καὶ
1793 1832 1890 1882 έπ-

306 1915 611 1984 αμύνοντος
651 1917 744 1970 τοῦ
781 1918 1036 1987 Χριστοῦ.
1083 1918 1252 1973 Τοῦτο
1279 1919 1324 1974 δ’
1357 1919 1422 1974 ἂν
1458 1921 1650 1990 μάθοις
1689 1915 1792 1976 ὧδέ
1830 1940 1888 1975 τε

305 2005 453 2074 ἔχειν
486 2007 580 2058 καὶ
612 2005 860 2074 ἀψευδῶς
907 2007 1159 2078 εἰρῆσθαι
1193 2007 1288 2077 ἀφ’
1331 2009 1487 2079 ἡμῶν
1527 2009 1615 2062 διὰ
1648 2009 1708 2062 τὸ
1749 2027 1889 2082 παρ-

233 2158 240 2164 ’
304 2091 563 2161 εςεῦχθαι
591 2095 680 2146 τὸν
718 2093 946 2166 Ἀαρών.
988 2096 1096 2148 Καὶ
1131 2096 1434 2165 διαλέγεται
1467 2098 1566 2168 μὲν
1602 2098 1630 2150 6
1662 2099 1884 2169 Μωσῆς,

303 2181 588 2252 διατρανοῖ
611 2183 666 2237 δὲ
709 2185 797 2238 τὸν
846 2184 1000 2254 λόγον
1041 2186 1270 2256 Ἀαρών.
1300 2187 1361 2240 El
1405 2187 1480 2257 μὴ
1512 2187 1621 2256 γὰρ
1667 2187 1883 2258 νοηθείη

307 2275 701 2344 πνευματικῶς
744 2278 772 2329 6
815 2277 998 2346 νόμος,
1037 2277 1514 2341 ἀποκαλύπτοντος
1555 2279 1687 2349 ἡμῖν
1731 2278 1802 2331 τὰ
1828 2281 1885 2332 ἐν

305 2365 458 2437 αὐτῷ
483 2366 577 2420 τοῦ
607 2367 867 2439 Χριστοῦ,
912 2368 1182 2422 σκοτεινὸν
1216 2371 1310 2422 καὶ
1357 2371 1679 2440 ἀσυμφανὲς
1731 2371 1884 2425 ἔσται

303 2460 418 2520 τοῖς
445 2458 819 2530 ἀκροωμένοις
857 2460 918 2512 τὸ
945 2460 1293 2531 δηλούμενον.
1335 2463 1445 2516 Καὶ
1470 2463 1605 2532 γοῦν
1641 2463 1884 2518 Ἰουδαῖοι

302 2547 396 2600 τὸν
421 2547 848 2620 διερμηνεύοντα
871 2550 940 2603 τὰ
971 2552 1212 2616 Μωσέως
1243 2552 1342 2606 οὐκ
1374 2553 1606 2624 ἔχοντες,
1637 2554 1883 2607 τουτέστι

301 2641 395 2694 τὸν
446 2639 702 2711 Χριστὸν,
748 2643 1240 2714 ἀπομεμενήκασιν
1287 2645 1539 2714 ἀμαθεῖς.
1597 2645 1882 2717 Τοιγάρτοι

308 2734 403 2786 καὶ
452 2732 693 2802 ἔφασκεν
721 2733 750 2785 6
794 2732 1077 2798 θεσπέσιος
1107 2733 1319 2799 Παῦλος
1338 2751 1352 2766 ·
1399 2754 1418 2787 ι
1455 2738 1617 2807 Ἀχρι
1647 2735 1755 2806 γὰρ
1783 2737 1882 2807 τῆς

305 2826 549 2895 σήμερον
576 2823 680 2894 ἠμέ
693 2841 811 2894 ρας,
831 2825 892 2878 16
916 2825 1046 2879 αὐτὸ
1074 2827 1338 2898 κάλυμμα
1371 2827 1465 2881 ἐπὶ
1491 2831 1554 2900 τῇ
1579 2827 1881 2897 ἀναγνώσει

303 2916 403 2986 τῆς
435 2915 680 2980 Παλαιᾶς
726 2917 998 2987 Διαθήκης
1043 2918 1192 2988 μένει
1233 2919 1307 2990 μὴ
1347 2919 1880 2990 ἀνακαλυπτόμενον,

1995 1746 2140 1800 tana,
2182 1746 2472 1791 versantur
2502 1755 2514 1790 :
2542 1752 2719 1806 neque
2765 1736 2940 1806 prosit
2985 1734 3284 1804 quidquam
3333 1733 3389 1786 in
3422 1743 3569 1785 terra

1992 1828 2211 1882 divinus
2242 1828 2448 1893 Moses,
2479 1845 2656 1898 neque
2686 1828 2920 1882 maxima
2951 1827 3007 1880 in
3046 1825 3346 1879 virtutibus
3371 1825 3567 1894 gloria,

1992 1919 2094 1974 nisi
2124 1919 2268 1973 adsit
2292 1919 2659 1973 etauxilietur
2685 1918 2957 1972 Christus.
2984 1915 3042 1970 Id
3067 1929 3198 1968 vero
3229 1929 3421 1968 verum
3445 1928 3567 1966 esse

1989 2027 2230 2080 vereque
2282 2026 2313 2065 a
2352 2011 2513 2065 nobis
2549 2011 2778 2073 dictum,
2840 2009 2926 2062 vel
2955 2023 3022 2062 ex
3055 2022 3121 2061 eo
3153 2007 3271 2076 ipso
3295 2005 3567 2075 conjicere

1989 2110 2166 2170 potes,
2204 2101 2350 2170 quod
2381 2101 2563 2154 Aaron
2597 2100 2982 2170 conjungatur.
3038 2098 3105 2151 Et
3138 2097 3314 2151 Moses
3344 2095 3566 2165 quidem

1989 2207 2078 2246 res
2101 2191 2319 2262 ingenio
2375 2207 2475 2246 suo
2519 2190 2706 2246 divino
2756 2196 3176 2252 commentatur,
3224 2188 3405 2242 Aaron
3435 2201 3568 2240 vero

1987 2283 2208 2337 easdem
2254 2284 2400 2353 ipsas
2452 2283 2699 2353 profert,
2751 2291 2807 2338 et
2846 2297 3099 2337 sermone
3149 2280 3421 2350 explanat.
3452 2278 3568 2334 Nisi

1987 2375 2136 2430 enim
2183 2374 2544 2446 spiritualiter
2564 2376 2651 2430 lex
2684 2374 3044 2444 intelligatur,
3080 2371 3358 2426 revelante
3409 2368 3568 2423 nobis

1985 2465 2224 2532 Christo,
2252 2482 2374 2537 quae
2399 2467 2453 2520 in
2478 2481 2543 2521 ea
2565 2466 2757 2530 latent,
2789 2466 3085 2519 obscurum
3117 2462 3249 2532 quid
3291 2473 3454 2530 atque
3487 2460 3569 2513 in-

1988 2560 2243 2614 tricatum
2291 2560 2398 2614 erit
2449 2557 2804 2613 audientibus
2857 2556 2910 2610 id
2954 2553 3101 2624 quod
3119 2551 3474 2622 significatur.
3500 2549 3570 2603 Et

1985 2650 2427 2720 quandoquidem
2444 2650 2614 2705 Judaei
2644 2689 2657 2713 ,
2701 2648 2795 2718 qui
2829 2643 3013 2701 Mosen
3041 2644 3390 2714 eXplanaret,
3436 2647 3567 2709 puta

1983 2741 2147 2812 306
2173 2741 2474 2806 Christum,
2496 2755 2607 2794 non
2631 2739 2932 2802 haberent,
2972 2735 3137 2790 rudes
3185 2743 3349 2802 atque
3390 2729 3566 2801 ignari

1982 2834 2372 2903 perdurarunt.
2414 2830 2569 2898 Quod
2616 2839 2670 2885 et
2705 2829 2904 2885 Paulus
2953 2827 3043 2881 ille
3089 2839 3242 2880 sacer
3284 2820 3513 2892 protulit
3548 2837 3564 2874 :

1991 2945 2009 2976 ‹
2046 2926 2228 2995 Usque
2254 2924 2310 2982 in
2345 2923 2675 2978 hodiernum
2713 2920 2859 2975 diem
2892 2917 2947 2973 id
2975 2918 3155 2988 ipsum
3190 2914 3462 2978 velamen,
3508 2911 3565 2966 in

303 3006 384 3058 ὅτι
411 3007 471 3058 ὲν
500 3005 720 3078 Χριστῷ
747 3009 1123 3077 καταργεῖται.
1157 3009 1296 3066 Ἀλλ’
1322 3009 1425 3073 ἕως
1447 3011 1686 3081 σήμερον
1717 3010 1880 3081 ἡνίκα

1989 3016 2219 3072 lectione
2256 3014 2470 3070 Veteris
2505 3011 2841 3069 Testamenti
2863 3016 3049 3066 manet
3093 3023 3205 3063 non
3239 3006 3562 3069 revelatum,

302 3097 739 3167 ἀναγινώσκεται
787 3100 1017 3170 Μωσῆς,
1057 3100 1322 3171 κάλυμμα
1360 3102 1452 3154 ἐπὶ
1498 3102 1597 3172 τὴν
1653 3100 1880 3171 καρδίαν

302 3194 485 3248 αὐτῶν
511 3194 706 3245 κεῖται.
750 3191 942 3245 Ἦνίκα
960 3191 1018 3245 δὲ
1041 3192 1136 3246 ἐὰν
1163 3191 1468 3265 ἐπιστρέψῃ
1490 3193 1626 3262 πρὸς
1655 3190 1878 3262 Κύριον.

305 3285 675 3356 περιαιρεῖται
709 3281 772 3335 16
813 3282 1098 3354 κάλυμμα.
1145 3283 1206 3337 '0
1238 3283 1294 3336 δὲ
1332 3283 1532 3354 Κύριος
1561 3283 1621 3336 τὸ
1667 3283 1884 3352 πνεῦμά

304 3378 444 3443 ἐστι,
487 3370 550 3429 οὖ
581 3374 639 3427 δὲ
683 3374 745 3427 16
795 3374 1011 3444 πνεῦμα
1053 3374 1283 3446 Κυρίου,
1338 3374 1455 3427 ἐκεῖ
1499 3372 1799 3444 ἐλευθερία.
1857 3391 1876 3424 ι

315 3467 524 3536 Ὀρθῶς
555 3462 646 3521 οῦν
671 3465 910 3536 ἔφασκεν
937 3469 965 3520 6
997 3467 1104 3522 τῶν
1124 3467 1260 3522 ὅλων
1284 3467 1414 3529 Θεὸς
1451 3466 1587 3538 πρὸς
1615 3465 1706 3519 τὸν
1743 3468 1884 3537 ίεροο

302 3561 514 3628 φάντην
547 3557 754 3612 Μωσέα
780 3558 905 3628 περί
938 3557 1030 3610 τοῦ
1073 3557 1283 3628 Ἀαρὼν
1302 3599 1316 3625 ,
1335 3559 1416 3611 ὅτι
1445 3576 1464 3609 ι
1497 3557 1688 3612 Λαλῶν
1721 3556 1883 3627 λαλή-

303 3666 386 3702 σει
412 3648 578 3712 αὐτός
596 3665 701 3716 σοι,
723 3651 818 3704 καὶ
847 3649 1007 3714 αὐτὸς
1028 3649 1181 3703 ἔσται
1209 3667 1302 3702 σου
1335 3649 1510 3721 στόμα
1532 3667 1544 3681 ·
1563 3649 1628 3703 σὺ
1654 3648 1709 3702 δὲ
1736 3649 1884 3720 αὺτῷ

263 3765 269 3770 ·
302 3743 369 3795 τὰ
407 3741 550 3812 πρὸς
581 3740 672 3794 τὸν
719 3740 870 3794 Θεόν.
903 3765 921 3798 ι
977 3743 1086 3796 Καὶ
1119 3743 1182 3795 οὐ
1220 3743 1394 3814 δήπου
1446 3743 1626 3813 φαμὲν
1651 3743 1733 3795 ὅτι
1765 3741 1884 3813 Θεῷ

308 3833 734 3905 προσεχέστερον
767 3835 861 3887 καὶ
897 3834 1096 3905 μᾶλλον
1144 3837 1313 3904 ἐγγὺς
1360 3837 1514 3905 παρὰ
1541 3833 1633 3888 τὸν
1679 3835 1886 3904 Ἑμμα·

308 3925 470 3996 νουὴλ
503 3928 534 3978 6
564 3925 790 3996 Μωσῆς.
830 3925 887 3978 '0
916 3927 1012 3996 μὲν
1043 3927 1152 3997 γάρ
1185 3929 1333 3980 ἐστιν
1379 3925 1504 3989 Υἱὸς
1534 3925 1627 3978 καὶ
1659 3927 1721 3979 ὲκ
1749 3924 1883 3977 Θεοῦ

305 4018 521 4088 Πατρος
553 4018 694 4071 κατά
721 4017 904 4086 φύσιν,
933 4021 962 4072 6
988 4018 1044 4072 δὲ
1075 4019 1193 4089 μεθ’
1223 4018 1380 4090 ἡμῶν
1406 4019 1462 4072 ὲν
1497 4018 1758 4082 οἰκέταις,
1783 4017 1883 4070 κᾶν

305 4111 353 4162 εί
384 4109 603 4163 καλοῖτο
627 4110 867 4180 γνήσιος.
893 4111 1050 4164 Δοκεῖ
1071 4108 1126 4162 δέ
1158 4127 1272 4172 πως
1299 4107 1625 4179 γεγενῆσθαι
1653 4107 1719 4160 τὰ
1751 4107 1886 4177 πρὸς

304 4203 396 4256 τὸν
422 4201 562 4254 Θεὸν
602 4200 770 4270 αὐτῷ.
807 4201 1198 4272 Κεχρημάτικε
1237 4203 1345 4272 γὰρ
1375 4200 1479 4254 ὑπὸ
1502 4199 1668 4268 νόμου
1695 4197 1768 4260 ὡς
1793 4199 1886 4252 άν-

303 4295 526 4365 θρωπος
547 4295 577 4346 6
606 4293 859 4363 Χριστὸς,
881 4294 975 4346 καὶ
1001 4293 1273 4364 τετήρηκε
1300 4291 1371 4346 τὰ
1408 4293 1678 4354 Μωσέως.
1725 4291 1886 4360 Περι-

1984 3107 2243 3176 quoniam
2273 3106 2329 3160 in
2378 3105 2600 3162 Christo
2640 3110 2958 3160 evacuatur.
3001 3100 3109 3156 Sed
3155 3115 3328 3168 usque
3363 3097 3421 3152 in
3463 3098 3564 3152 ho-

1983 3200 2238 3254 diernum
2264 3199 2412 3254 diem
2431 3213 2557 3254 cum
2575 3197 2778 3268 legitur
2801 3196 2998 3260 Moses,
3040 3193 3289 3247 velamen
3324 3189 3564 3260 positum

1983 3299 2067 3346 est
2093 3306 2258 3361 super
2293 3306 2389 3345 cor
2431 3304 2644 3345 eorum.
2687 3287 2824 3344 Cum
2851 3294 3033 3341 autem
3063 3297 3361 3338 conversus
3397 3279 3566 3335 fuerit

1983 3382 2049 3436 ad
2084 3381 2398 3443 Dominum,
2447 3379 2727 3434 auferetur
2766 3377 3035 3431 velamen.
3072 3372 3338 3428 Dominus
3379 3377 3564 3424 autem

1985 3475 2212 3545 spiritus
2239 3482 2320 3528 est
2351 3491 2364 3525 :
2393 3471 2487 3526 ubi
2511 3481 2696 3526 autem
2733 3469 2960 3541 spiritus
3000 3467 3254 3532 Domini,
3282 3464 3357 3519 ibi
3391 3463 3563 3518 liber-

1986 3576 2068 3622 tas
2087 3566 2152 3621 ⁸⁵⁵.
2182 3584 2200 3617 ι
2229 3566 2396 3620 Recte
2418 3565 2600 3634 itaque
2618 3565 2761 3618 Deus
2786 3561 2924 3615 dixit
2949 3561 3018 3615 de
3049 3560 3263 3614 Aarone
3289 3556 3356 3611 ad
3377 3555 3564 3610 Mosen

1984 3657 2320 3715 sacerdotem
2350 3676 2362 3710 :
2391 3677 2407 3709 ι
2431 3657 2686 3726 Loquens
2706 3655 2963 3724 loquetur
2987 3653 3102 3722 ipse
3126 3650 3244 3713 tibi,
3271 3648 3486 3717 eritque
3503 3661 3565 3701 os

1987 3761 2142 3806 tuum
2177 3770 2188 3804 :
2211 3760 2269 3805 tu
2286 3765 2415 3804 vero
2435 3749 2538 3819 ipsi
2567 3749 2622 3802 in
2645 3747 2713 3802 iis
2733 3762 2853 3816 qua:
2874 3745 2940 3798 ad
2965 3745 3134 3797 Deum
3162 3740 3441 3811 pertinent
3457 3739 3556 3790 ⁵³.»

1984 3843 2172 3913 Neque
2227 3850 2406 3895 tamen
2452 3840 2706 3902 dicimus,
2756 3837 2867 3891 Deo
2909 3833 3241 3894 aliiniorem,
3284 3829 3562 3898 magisque

1986 3935 2356 4006 propinquum
2381 3931 2736 3986 Emmanucle
2759 3939 2882 3981 esse
2914 3926 3118 3979 Mosen.
3153 3921 3252 3975 Hic
3282 3919 3428 3974 enim
3464 3919 3562 3973 Dei

1988 4029 2160 4083 Filius
2204 4033 2308 4088 est,
2348 4032 2404 4078 et
2432 4039 2500 4078 ex
2527 4023 2640 4076 Deo
2687 4020 2848 4075 Patre
2888 4014 3068 4087 quoad
3097 4021 3350 4067 naturam
3402 4024 3561 4066 suam

1987 4121 2180 4182 datus;
2222 4117 2313 4171 ille
2333 4130 2464 4170 vero
2497 4111 2652 4183 quasi
2692 4109 2981 4163 nobiscum
3023 4107 3166 4160 inter
3205 4117 3411 4167 servos,
3456 4099 3561 4154 etsi

1987 4210 2259 4281 genuinus
2284 4214 2527 4260 vocetur.
2566 4203 2762 4257 Factus
2784 4207 2967 4253 autem
3008 4194 3350 4265 videturipsi
3383 4194 3438 4249 in
3475 4191 3566 4246 his

1989 4319 2110 4373 qua:
2145 4301 2212 4355 ad
2242 4301 2413 4355 Deum
2449 4295 2747 4367 pertinent.
2783 4290 2932 4345 Vixit
2959 4289 3108 4343 enim
3152 4286 3429 4350 Christus,
3461 4283 3564 4338 sub

302 4385 580 4454 τέτμηται
627 4382 735 4453 γὰρ
763 4384 1129 4455 ὀκταήμερος,
1173 4384 1266 4438 καὶ
1313 4381 1409 4452 τὴν
1448 4382 1543 4435 τοῦ
1584 4381 1882 4452 διδρὰχμου

1989 4396 2104 4465 lege
2135 4393 2394 4455 uthomo,
2427 4397 2482 4443 et
2520 4385 2755 4441 Mosaica
2783 4379 3102 4436 observavit
3133 4383 3421 4446 praecepta.
3456 4373 3564 4428 Oc-

307 4473 672 4546 σονεισεροράν
696 4476 1012 4546 ἐποιήσατο,
1047 4476 1224 4530 καίτοι
1254 4475 1395 4530 κατὰ
1421 4475 1582 4544 φύσιν
1606 4473 1888 4544 ἐλεύθερος

305 4568 382 4622 ὢν
415 4569 568 4632 Υἱός.
604 4569 813 4638 Ἔφαγε
845 4569 904 4622 δὲ
941 4569 1035 4622 καὶ
1081 4568 1144 4621 τὸ
1204 4568 1408 4638 πάσχα,
1451 4567 1623 4622 καίτοι
1675 4566 1834 4621 πάλιν
1861 4567 1890 4619 6

306 4660 474 4722 αὐτὸς
499 4657 576 4711 ὢν
619 4657 648 4708 6
687 4657 856 4729 ἀμνὸς
885 4659 913 4710 6
944 4657 1198 4730 ἀληθινὸς
1229 4658 1258 4710 6
1290 4658 1460 4727 αἴρων
1488 4656 1587 4726 τὴν
1617 4653 1890 4725 ἁμαρτίαν

305 4747 400 4802 τοῦ
436 4749 668 4820 κόσμου.
697 4749 968 4821 Ταύτητοι
1002 4749 1206 4819 Μωσῆς
1244 4747 1342 4818 μὲν
1381 4746 1706 4816 γεγενῆσθαι
1733 4745 1888 4811 λέγε-

307 4859 398 4894 ται
436 4841 508 4894 τὰ
548 4845 685 4912 πρὸς
707 4841 797 4895 τὸν
827 4842 960 4894 Θεὸν
998 4839 1168 4911 αὐτῷ.
1204 4841 1327 4893 Ὅτι
1356 4839 1414 4892 δὲ
1443 4837 1634 4908 ἔμελλε
1666 4835 1762 4890 καὶ
1789 4835 1890 4889 αὑ-

306 4932 431 4994 ταῖς
446 4930 699 4984 ἀπειθεῖν
715 4931 744 4983 ὁ
776 4929 996 5003 Ἰσραὴλ
1014 4932 1134 4993 ταῖς
1155 4928 1244 4982 διά
1258 4927 1496 4999 Χριστοῦ
1519 4927 1888 4996 θεοσημείαις,

310 5022 696 5094 παραδείξειεν
720 5022 786 5077 ἂν
807 5023 836 5075 6
864 5022 1094 5092 Μωσῆς,
1129 5021 1249 5074 οὐδὲ
1271 5023 1457 5083 αὐτοῖς
1478 5021 1589 5082 τοῖς
1618 5017 1892 5088 θαύμασιν

310 5114 604 5186 ἀπονέμων
642 5114 738 5186 τὴν
778 5115 979 5169 πίστιν.
1011 5115 1300 5185 Τοιγάρτοι
1325 5113 1568 5174 Μωσέως
1599 5111 1892 5182 πρόσωπον

311 5211 423 5272 τοῖς
449 5207 522 5275 ἐξ,
536 5207 750 5280 Ἰσραὴλ
771 5208 1160 5280 περιθήσομεν,
1189 5208 1278 5261 ὅτε
1301 5205 1592 5278 κέκληνται
1616 5204 1684 5258 δι’
1704 5201 1891 5270 αὑτοῦ,

314 5303 410 5357 καὶ
436 5306 554 5366 τοῖς
577 5303 646 5356 δι’
691 5303 856 5357 αὐτοῦ
883 5303 1400 5372 πεπαιδαγώγηνται
1442 5300 1646 5371 νόμοις.
1682 5297 1894 5353 Οὐκοῦν

312 5397 394 5450 ὅτι
443 5397 520 5467 μὴ
558 5397 740 5460 ἱκανὸς
763 5400 792 5450 6
825 5397 986 5468 νόμος
1019 5400 1131 5457 τοῖς
1157 5399 1236 5460 είς
1256 5394 1548 5466 λύτρωσιν,
1581 5393 1798 5464 ἀπόχρη
1837 5391 1894 5445 δὲ

315 5491 450 5560 ἡμῖν
479 5491 562 5553 εἰς
589 5489 750 5544 τοῦτο
772 5491 832 5545 τὸ
858 5490 1036 5562 τίμιον
1075 5489 1213 5563 αἷμα
1241 5489 1336 5544 τοῦ
1367 5487 1602 5560 Χριστοῦ
1619 5487 1700 5556 (δι’
1727 5486 1893 5542 αὑτοῦ

1985 4498 2112 4542 tavo
2135 4482 2382 4539 enimdie
2405 4477 2763 4534 circumcisus
2784 4479 2888 4535 est,
2915 4478 2970 4525 et
2997 4465 3192 4522 tributi
3219 4465 3438 4518 nomine
3463 4477 3570 4532 pro

1987 4578 2165 4648 capite
2197 4572 2518 4628 didrachma
2553 4565 2806 4630 contulit,
2851 4563 2956 4618 etsi
3018 4567 3215 4614 natura
3248 4554 3390 4648 liber
3418 4562 3566 4608 esset

1987 4646 2177 4724 Filius.
2212 4666 2358 4734 Quin
2413 4673 2468 4719 et
2521 4661 2722 4732 pascha
2746 4655 3007 4717 comedit,
3061 4647 3276 4705 tametsi
3334 4646 3568 4716 ipsemet

1985 4760 2172 4830 Agnus
2210 4758 2300 4810 ille
2341 4753 2435 4824 qui
2480 4760 2702 4822 peccata
2750 4745 2939 4803 mundi
2974 4740 3215 4806 tollit“,
3256 4737 3568 4830 exsisteret.

1992 4828 2104 4904 Hac
2126 4847 2336 4902 ratione
2367 4843 2587 4899 Christo
2613 4840 2816 4895 dicitur
2841 4837 3019 4892 Moses
3051 4833 3216 4888 fuisse
3251 4829 3306 4883 in
3349 4828 3416 4881 iis
3447 4840 3577 4895 quas

1991 4941 2058 4995 ad
2084 4941 2255 4994 Deum
2280 4932 2714 5006 spectant.Quod
2731 4945 2864 4986 vero
2889 4926 3147 4983 Israelita:
3179 4923 3340 4978 fidem
3363 4918 3570 4975 Christi

1992 5023 2274 5080 miraculis
2303 5022 2545 5076 habituri
2573 5037 2683 5076 non
2701 5025 2904 5082 essent,
2933 5015 3028 5070 sed
3063 5013 3248 5084 potius
3283 5011 3466 5065 omnia
3493 5010 3570 5064 is-

1995 5128 2049 5175 ta
2072 5117 2391 5173 admiranda
2426 5114 2768 5186 despecturi,
2802 5113 2888 5166 vel
2928 5112 3043 5181 ipse
3080 5104 3334 5162 ostendat
3370 5103 3568 5159 Moses.

1993 5209 2260 5278 Quocirca
2332 5207 2496 5262 Mosis
2560 5217 2849 5276 personam
2908 5198 3170 5254 lsraelitis
3235 5193 3571 5266 aptabimus,

1995 5300 2216 5372 quando
2240 5298 2462 5369 quidem
2485 5297 2553 5352 ab
2582 5297 2674 5350 illo
2703 5292 2880 5348 vocati
2903 5297 3063 5354 sunt,
3098 5289 3328 5358 ejusque
3358 5283 3569 5355 legibus

1998 5391 2255 5448 instituti.
2277 5389 2434 5458 Quod
2473 5389 2638 5459 igitur
2673 5385 2898 5440 minime
2921 5379 3196 5436 sulIiciens
3224 5377 3295 5431 sit
3338 5373 3569 5429 Mosaica

1998 5486 2086 5541 lex
2106 5483 2173 5540 ad
2202 5482 2655 5552 redemptionem,
2680 5477 2776 5534 sed
2798 5475 2983 5548 potius
3005 5470 3168 5529 nobis
3192 5468 3323 5525 huic
3349 5466 3427 5524 rei
3451 5480 3570 5537 pre-

401 5671 447 5704 “
478 5673 523 5731 11
542 5674 668 5732 Cor.
704 5691 783 5742 In;
817 5677 1001 5731 H-l7.
1079 5676 1124 5710 ⁴⁸
1159 5675 1330 5733 Exod.
1372 5692 1446 5741 ιγ,
1491 5675 1574 5730 16.
1613 5674 1658 5706 ⁸⁸
1717 5671 1875 5729 Joan.
1917 5688 1954 5736 I,
1981 5671 2078 5729 29..
