4024 6198
380 227 484 281 683

1408 212 1464 266 S.
1505 209 1778 266 CYRILLI
1813 203 2284 262 ALEXANDRINI
2323 201 2648 257 ARCHIEP.

3541 198 3657 255 686

384 343 558 395 tiosus
601 335 806 395 Christi
851 337 1095 409 sanguis,
1131 349 1240 406 quo
1278 333 1394 388 solo
1437 348 1586 386 mors
1613 328 1828 386 d‘Evicta
1857 337 1962 394 est,

2085 327 2173 397 τὰρ
2193 325 2287 378 καὶ
2311 324 2471 395 μόνου
2497 323 2775 393 νενίκηται
2795 324 2823 376 6
2846 321 3120 388 θάνατος),
3154 322 3324 392 σαφές
3351 320 3417 376 ἂν
3439 323 3658 390 γένοιτο

385 431 728 487 necessarius
752 431 843 495 sit,
873 429 1032 484 facile
1055 443 1272 482 rursum
1303 442 1334 481 e
1356 424 1713 496 sequentibus
1741 437 1968 492 appare-

387 524 487 579 bit.

456 616 508 668 6.
530 613 789 668 Discessit
804 611 1076 680 siquidem
1091 626 1160 665 ex
1179 609 1395 663 Madian
1415 605 1638 662 divinus
1663 605 1754 658 ille
1768 603 1966 663 Moses.

387 719 670 759 assumens
688 718 874 756 secum
913 717 1137 756 uxorem
1175 709 1231 756 et
1257 700 1399 754 ﬁlios
1419 739 1432 763 ,
1475 697 1835 768 pervenitque
1858 703 1975 749 tan-

388 797 512 850 dem
529 795 872 864 in/Egyptum
908 796 1207 848 observans
1223 801 1474 846 accurate
1484 799 1540 845 et
1554 789 1844 860 perﬁciens
1855 801 1976 857 qua:

390 886 678 940 mandarat
703 886 864 939 Deus.
907 885 1043 940 Cum
1086 900 1218 939 vero
1251 899 1362 938 non
1392 883 1582 953 procul
1616 880 1848 952 Egypto
1875 879 1976 933 ab-

391 987 556 1041 esset,
585 978 660 1032 ait
685 977 761 1030 illi
788 979 1125 1032 architectus
1149 977 1389 1031 universi
1411 977 1589 1029 Deus:
1617 994 1635 1025 ‹
1659 975 1836 1027 Eunte
1855 983 1907 1026 te
1924 979 1980 1024 ct

393 1077 704 1124 revertente
738 1070 793 1122 in
825 1068 1118 1140 [Egyptum
1140 1109 1154 1132 ,
1187 1068 1313 1122 vide
1345 1067 1527 1122 omnia
1557 1074 1832 1135 portenta,
1860 1078 1982 1132 quae

393 1159 520 1214 dedi
557 1160 614 1213 in
650 1159 904 1214 manibus
933 1160 1062 1224 tuis,
1087 1158 1254 1213 facies
1274 1174 1337 1212 ea
1359 1172 1547 1212 coram
1568 1156 1851 1210 Pharaone
1877 1153 1974 1206 δ’.»

395 1251 462 1314 Et
479 1257 602 1319 post
628 1250 733 1304 alia
763 1267 776 1302 :
804 1268 820 1299 ι
853 1250 1012 1304 Dices
1029 1249 1296 1304 Pharaoni
1325 1266 1337 1301 :
1363 1248 1489 1302 Haec
1512 1246 1648 1300 dicit
1677 1245 1940 1300 Dominus
1965 1259 1980 1293 ι

394 1339 553 1407 307
586 1337 758 1390 Filius
783 1352 938 1391 meus
957 1337 1356 1406 primogenitus
1379 1335 1570 1390 Israel.
1597 1334 1744 1388 Dixit
1801 1343 1984 1386 autem

398 1425 497 1478 tibi
527 1442 539 1476 :
578 1425 799 1478 Dimitte
836 1426 1098 1494 populum
1149 1441 1332 1478 meum
1386 1433 1447 1477 ut
1494 1423 1628 1477 mihi
1660 1422 1899 1476 serviat:
1931 1429 1987 1475 et

397 1515 624 1569 noluisti
654 1515 933 1570 dimittere
965 1531 1060 1570 eos
1097 1534 1108 1569 :
1140 1515 1267 1571 vide
1303 1516 1491 1586 igitur,
1515 1531 1616 1585 ego
1658 1512 1987 1568 interﬁciam

400 1606 570 1660 ﬁlium
617 1616 769 1660 tuum
817 1607 1263 1676 primogenitum.
1301 1607 1526 1662 Factum
1573 1613 1659 1661 est
1701 1612 1889 1658 autem
1930 1603 1986 1656 in

2071 421 2167 473 καὶ
2202 418 2346 488 μάλα
2381 414 2576 489 ῥᾳδίως
2604 415 2714 467 κάκ
2741 413 2907 467 τῶνδε
2936 414 2999 484 δὴ
3034 413 3214 466 πάλιν.

2146 603 2219 661 ςό
2283 594 2534 664 Ἀπαίρει
2576 592 2683 662 γὰρ
2732 592 2833 662 τῆς
2881 594 3234 664 Μαδιηναίων
3279 596 3308 648 6
3367 594 3660 658 θεσπέσιος

2075 688 2300 757 Μωσῆς,
2329 684 2608 740 ἀναλαϐὼν
2637 685 2738 756 τὴν
2762 688 2998 752 γυναῖκα
3029 685 3196 738 αὑτοῦ
3228 686 3323 739 καὶ
3347 686 3414 740 τὰ
3443 688 3656 752 παιδία,

2076 778 2173 833 καὶ
2206 777 2515 832 καθικνεῖτο
2543 775 2731 828 λοιπὸν
2760 776 2840 840 είς
2863 775 3163 844 Αἴγυπτον,
3190 777 3575 848 ἀποπεραίνων
3597 779 3658 830 εὖ

2082 869 2225 940 μάλα
2253 867 2323 922 τὰ
2360 866 2810 940 προστεταγμένα
2847 866 2996 936 παρά
3021 865 3178 919 Θεοῦ.
3215 866 3431 938 Ἐπειδὴ
3458 869 3512 921 δὲ
3540 870 3652 938 ἁφ-

2079 962 2300 1030 εστὴκει
2338 959 2524 1012 λοιπὸν
2552 959 2652 1028 τῆς
2681 958 2994 1026 Αἰγυπτίων
3025 959 3089 1010 οὐ
3121 960 3362 1029 μακρὰν,
3385 959 3490 1028 ἔφη
3521 963 3662 1031 πρὸς

2081 1053 2242 1106 αὑτὸν
2276 1053 2303 1104 6
2323 1051 2428 1103 τῶν
2459 1049 2594 1103 ὅλων
2621 1050 2776 1113 Θεόςο
2816 1069 2834 1100 ‹
2870 1051 3248 1122 Πορευομένου
3285 1068 3379 1104 σου
3414 1051 3509 1104 καὶ
3531 1053 3666 1104 ἀπο-

2084 1145 2408 1215 στρέφοντος
2455 1143 2535 1204 είς
2568 1141 2865 1209 Αἴγυπτον,
2911 1142 3014 1213 ὅρα
3059 1143 3236 1196 πάντα
3277 1143 3347 1196 τὰ
3387 1146 3588 1216 τέρατα
3627 1143 3662 1197 ἃ

2083 1237 2288 1289 δέδωκα
2330 1237 2387 1288 ἐν
2425 1237 2544 1297 ταῖς
2589 1233 2744 1305 χερσί
2788 1251 2903 1293 σου.
2951 1236 3197 1304 ποιήσεις
3241 1235 3382 1288 αὺτά
3423 1236 3666 1290 ἐναντίον

2082 1327 2303 1397 Φαραώ.
2347 1345 2365 1377 ι
2401 1326 2516 1380 Καὶ
2549 1326 2667 1396 μεθ’
2712 1325 2909 1396 ἔτερα·
2963 1343 2982 1375 ι
3033 1326 3105 1378 Σὺ
3135 1324 3192 1378 δέ
3231 1326 3376 1395 ἐρεῖς
3426 1327 3660 1398 Φαραώ·

2086 1419 2223 1472 Τάδε
2251 1417 2399 1486 λέγει
2444 1417 2684 1487 Κύριος
2717 1416 2846 1479 Υἱὸς
2886 1416 3231 1486 πρωτότοκός
3275 1434 3376 1487 μου
3421 1419 3662 1489 Ἰσραήλ.

2089 1505 2229 1564 Bina
2266 1509 2322 1562 δέ
2356 1525 2464 1561 σοι’
2525 1506 2934 1571 Ἐξαπόστειλον
2978 1507 3068 1560 τὸν
3116 1506 3245 1560 λαόν
3295 1526 3396 1579 μου
3438 1509 3527 1562 ἵνα
3573 1525 3669 1578 μοι

2089 1599 2381 1673 λατρεύσῃ.
2415 1599 2487 1652 Σὺ
2529 1597 2585 1651 δὲ
2613 1598 2715 1651 οὐκ
2758 1597 2980 1651 ἐϐούλου
3023 1598 3402 1662 ἐξαποστεῖλαι
3431 1598 3664 1663 αὐτούς·

399 1699 508 1762 via,
565 1699 621 1752 in
663 1699 967 1752 diversorio
1001 1699 1244 1753 obviavit
1293 1699 1345 1754 ei
1394 1699 1620 1769 angelus
1665 1695 1980 1761 Domini,el

2091 1693 2190 1764 δρα
2214 1689 2325 1757 οῦν,
2354 1691 2466 1760 ἐγὼ
2491 1689 2775 1745 ἀποκτενῶ
2804 1691 2896 1743 τὸν
2919 1691 3033 1744 υίόν
3065 1708 3157 1744 σου
3178 1692 3270 1745 τὸν
3293 1693 3662 1763 πρωτότοκον.

401 1789 682 1856 quaerebat
729 1803 856 1842 eum
891 1789 1169 1843 occidere.
1212 1790 1281 1843 Et
1305 1789 1585 1859 accipiens
1620 1787 1866 1857 Sephora
1889 1803 1985 1857 pe-

402 1886 564 1943 tram,
601 1879 951 1933 circumcidit
970 1882 1294 1950 praeputium
1320 1881 1416 1934 ﬁlii
1447 1880 1554 1944 sui,
1579 1887 1634 1933 et
1655 1878 1891 1948 procidit
1914 1878 1984 1933 ad

401 1971 571 2041 pedes
598 1973 716 2042 ejus
737 2012 751 2036 ,
785 1981 842 2026 et
874 1972 1014 2026 dixit
1039 1990 1051 2024 :
1081 1972 1244 2027 Stetit
1292 1973 1515 2043 sanguis
1546 1970 1982 2026 circumcisionis

403 2063 503 2118 ﬁlii
542 2063 670 2116 mei.
699 2064 767 2117 Et
807 2063 943 2116 abiit
970 2063 1039 2116 ab
1061 2078 1129 2118 eo
1150 2064 1419 2134 [angelus,
1445 2063 1572 2132 quia
1611 2061 1748 2116 dixit
1777 2079 1790 2114 :
1821 2061 1986 2117 Stetit

404 2154 626 2223 sanguis
661 2153 1096 2208 circumcisionis
1135 2153 1231 2206 ﬁlii
1259 2154 1366 2208 mei
1390 2153 1477 2208 ⁸⁷⁸.
1511 2172 1529 2204 ι
1563 2153 1803 2223 Angelus
1835 2153 1981 2207 enim

404 2241 461 2296 in
490 2243 663 2312 ﬁgura
687 2243 924 2297 humana
942 2244 1240 2299 insultabat
1271 2252 1328 2298 et
1357 2243 1610 2299 occidere
1635 2244 1986 2316 aggredieba-

404 2344 516 2400 tur;
542 2335 631 2389 vix
664 2351 806 2404 aegre
851 2335 1070 2390 tandem
1110 2337 1376 2405 placatus,
1406 2344 1697 2406 postquam
1737 2335 1985 2406 Sephora

405 2423 578 2479 ﬁlium
603 2441 763 2480 suum
791 2434 930 2480 testa
953 2427 1408 2492 circumcidisset,
1444 2427 1696 2493 Gersam,
1738 2428 1982 2497 inquam,

405 2515 502 2587 qui
541 2516 941 2586 primogenitus
963 2524 1082 2571 erat
1103 2525 1158 2571 et
1190 2517 1327 2587 ipse,
1367 2519 1515 2589 quod
1559 2533 1761 2573 nomen
1791 2518 1985 2572 Latine

405 2616 563 2663 sonat
590 2611 924 2680 peregrinum
947 2625 1044 2664 seu
1075 2608 1330 2663 accolam.
1359 2607 1533 2676 Quem
1559 2625 1690 2664 vero
1722 2610 1984 2664 extermi-

406 2712 568 2757 nator
592 2692 782 2756 tollere
805 2717 835 2756 e
856 2701 1039 2756 medio
1059 2703 1318 2767 voluerit,
1342 2716 1501 2756 sacer
1524 2711 1819 2757 contextus
1841 2702 1986 2756 clare

409 2811 516 2850 non
560 2795 766 2850 indicat
795 2811 807 2847 :
835 2793 932 2848 sed
976 2795 1062 2848 vel
1113 2794 1294 2848 Mosen
1350 2793 1492 2849 forte
1521 2795 1593 2849 ob
1634 2795 1859 2849 dilatam
1888 2794 1986 2850 ﬁlii

405 2885 914 2951 circumcisionem;
963 2892 1019 2940 et
1057 2885 1261 2939 invitus
1285 2883 1514 2940 abactus
1538 2900 1634 2940 seu
1659 2885 1851 2954 pulsus
1880 2891 1983 2938 est.

407 2981 665 3051 Designat
694 2981 894 3036 iterum
915 2981 1006 3035 hic
1030 2988 1208 3051 typus,
1239 2981 1295 3034 in
1320 2979 1524 3035 Christi
1547 2979 1812 3049 sanguine
1841 2992 1988 3030 mor-

409 3079 518 3124 tem
547 3084 668 3122 esse
711 3069 1003 3124 devictam.
1045 3069 1150 3122 Per
1186 3069 1366 3138 ipsum
1405 3083 1641 3136 namque
1671 3066 1875 3120 salvata
1902 3073 1987 3118 est

407 3166 596 3212 saneta
625 3168 842 3226 patrum
876 3157 1172 3211 multitudo
1191 3197 1205 3222 ,
1241 3157 1350 3211 imo
1377 3171 1539 3210 omne
1566 3156 1795 3210 omnino
1834 3170 1986 3209 mor-

407 3246 598 3299 talium
632 3261 824 3314 genus,
870 3245 1017 3314 quod
1051 3253 1294 3314 tempore
1321 3245 1636 3300 antecessit.
1669 3246 1772 3299 Pro
1804 3246 1954 3298 omni
1974 3275 1986 3285 -

407 3333 512 3388 bus
535 3333 684 3386 enim
710 3343 945 3388 mortem
973 3335 1132 3400 obiit,
1158 3343 1214 3388 et
1239 3335 1484 3389 omnium
1512 3337 1568 3389 in
1595 3337 1690 3391 illo
1729 3351 1878 3390 mors
1901 3346 1987 3391 est

408 3422 702 3476 dissoluta.
731 3423 852 3478 Non
874 3423 1021 3477 enim
1045 3424 1102 3478 in
1141 3426 1407 3494 sanguine
1436 3426 1852 3495 prophetarum,
1889 3427 1985 3482 sed

409 3509 461 3562 in
517 3511 784 3581 sanguine
835 3511 1040 3568 Christi
1089 3529 1284 3571 recens
1344 3517 1482 3581 nati,
1550 3526 1607 3572 et
1661 3534 1786 3573 cum
1832 3520 1982 3589 ipso,

406 3609 814 3671 peremptorem
853 3603 1140 3661 evitamus.
1184 3606 1324 3661 Hinc
1357 3609 1435 3662 ait
1470 3610 1671 3664 Paulus
1705 3628 1717 3662 :
1754 3630 1770 3661 ‹
1797 3611 1857 3664 ln
1881 3611 1986 3667 hoc

405 3691 658 3746 Christus
689 3702 939 3749 mortuus
983 3704 1086 3761 est,
1115 3704 1172 3752 et
1217 3699 1446 3764 revixit,
1471 3707 1534 3754 ut
1558 3707 1615 3755 ct
1640 3710 1983 3756 mortuorum

405 3792 462 3838 et
486 3783 736 3838 vivorum
775 3785 1091 3842 dominetur
1113 3788 1180 3843 δ’.
1216 3807 1234 3840 ι
1269 3788 1424 3856 Quod
1460 3792 1506 3846 si
1553 3791 1731 3862 ipsum
1759 3792 1984 3848 Gersam

405 3874 614 3930 dixeris
659 3875 728 3930 ab
759 3879 1191 3936 exterminatore
1251 3881 1525 3951 insultari,
1557 3894 1614 3940 et
1640 3902 1749 3940 non
1799 3888 1985 3956 potius

405 3967 626 4021 beatum
655 3967 860 4034 Mosen,
880 3970 1026 4026 idem
1054 3982 1235 4028 tamen
1261 3974 1552 4048 intelliges.
1577 3978 1696 4033 Non
1713 3981 1860 4034 enim
1885 3997 1984 4052 per

406 4058 888 4114 circumcisionem
912 4061 1163 4130 legalem,
1196 4064 1302 4119 hoc
1331 4075 1436 4132 est,
1461 4069 1758 4135 carnalem,
1782 4080 1838 4126 et
1861 4087 1985 4126 sen-

407 4147 561 4200 sibus
585 4147 823 4214 obviam,
862 4152 1016 4219 pulsa
1044 4167 1194 4208 mors
1221 4165 1333 4221 est;
1369 4157 1463 4211 sed
1487 4174 1587 4227 per
1608 4175 1750 4225 eam,
1783 4177 1904 4231 quae
1927 4164 1982 4218 in

405 4236 624 4291 Christo
647 4253 746 4307 per
783 4240 1037 4309 spiritum
1076 4252 1180 4308 est,
1218 4260 1380 4314 quam
1417 4251 1666 4303 exercuit
1690 4251 1746 4304 in
1771 4253 1980 4320 primo-

2083 1784 2194 1838 Καὶ
2227 1782 2462 1851 ἐγένετο,
2506 1782 2694 1854 φησὶν,
2727 1783 2782 1834 ἐν
2823 1784 2888 1853 τῇ
2942 1782 3049 1853 όδῷ
3097 1784 3154 1836 ἐν
3193 1782 3272 1853 τῷ
3312 1785 3666 1856 καταλύματι

2085 1877 2415 1945 συνήντησεν
2441 1874 2588 1946 αὐτῷ
2619 1875 2850 1944 ἄγγελος
2889 1874 3117 1945 Κυρίου,
3164 1875 3257 1929 καὶ
3302 1874 3484 1946 ἐζήτει
3527 1879 3667 1932 ἀπο-

2085 1969 2292 2020 κτεῖναι
2329 1966 2512 2020 αὐτόν.
2545 1967 2657 2020 Καὶ
2685 1966 2924 2020 λαϐοῦσα
2950 1967 3224 2038 Σεπφὼρα
3261 1967 3465 2038 ψῆφον,
3505 1982 3669 2041 περι-

2085 2059 2170 2110 έτε
2179 2075 2246 2128 με
2269 2058 2368 2129 τὴν
2392 2057 2756 2129 ἀκροϐυστίαν
2773 2058 2866 2112 τοῦ
2889 2059 3005 2112 υἱοῦ
3027 2059 3216 2130 αὐτῆς,
3236 2060 3332 2113 καὶ
3357 2062 3668 2132 προσέπεσε

2083 2149 2222 2220 πρὸς
2252 2149 2380 2213 τοὺς
2409 2149 2574 2213 πόδας
2598 2150 2786 2214 αὐτοῦ,
2818 2149 2912 2204 καὶ
2937 2148 3087 2204 εἷπε·
3116 2151 3288 2223 Ἔστη
3316 2151 3376 2205 τὸ
3404 2147 3545 2222 αἷμα
3568 2153 3670 2224 τῆς

2087 2242 2392 2312 περιτομῆς
2421 2242 2516 2296 τοῦ
2540 2243 2752 2296 παιδίου
2793 2262 2917 2314 μου.
2945 2243 3055 2298 Καὶ
3075 2244 3318 2315 ἀπῆλθεν
3342 2245 3436 2298 ἀπ’
3471 2245 3665 2316 αὐτῆς,

2084 2332 2215 2385 διότι
2245 2328 2398 2385 εἶπεν
2419 2348 2433 2362 ⁸
2468 2333 2641 2404 Ἐστη
2675 2335 2736 2388 τὸ
2765 2331 2903 2406 αἷμα
2938 2335 3039 2405 τῆς
3069 2337 3370 2406 περιτομῆς
3407 2333 3502 2388 τοῦ
3539 2347 3671 2390 παι-

2084 2424 2196 2476 δίου
2229 2441 2350 2494 pou.
2389 2442 2407 2476 ι
2448 2425 2714 2494 Ἀγγελος
2741 2427 2850 2496 γὰρ
2881 2427 2937 2478 ἐν
2965 2426 3094 2480 εῖδει
3124 2426 3203 2496 τῷ
3234 2425 3357 2480 καθ’
3379 2428 3528 2497 ἡμᾶς
3568 2428 3668 2480 ἐπ-

2086 2514 2330 2586 έθρωσκέ
2358 2531 2418 2568 τε
2459 2517 2556 2571 καὶ
2597 2517 2806 2571 ἀνελεῖν
2846 2518 3140 2588 ἐπεχείρει,
3189 2517 3567 2589 δεδυσὼπ-ηται
3605 2512 3665 2572 δὲ

2090 2607 2263 2676 μόλις,
2295 2625 2482 2679 περιτε
2491 2607 2698 2680 μούσης
2734 2608 3035 2680 Σεπφώρας
3051 2610 3142 2662 τὸν
3172 2609 3286 2662 υἱον
3308 2609 3498 2679 αὐτῆς,
3520 2609 3668 2680 φημὶ

2085 2697 2141 2750 δὲ
2168 2687 2414 2770 Γηρσάμ,
2448 2698 2506 2761 ὃς
2531 2694 2599 2769 ἦν
2639 2698 2734 2751 καὶ
2776 2699 3142 2770 πρωτότοκος,
3165 2699 3580 2770 διερμηνεύεται
3606 2700 3667 2756 δὲ

2089 2789 2184 2842 καὶ
2216 2788 2515 2858 πάροικος.
2555 2790 2687 2843 Τίνα
2715 2787 2808 2843 οὖν
2849 2793 2876 2844 ό
2906 2789 3232 2861 όλοθρευτὴς
3262 2791 3532 2861 ἐπεχείρει
3573 2791 3668 2845 ἀν-

2089 2881 2248 2944 ελεῖν,
2283 2881 2467 2950 σαφῶς
2499 2883 2559 2934 οὐ
2593 2882 2872 2952 μεμήνυκε
2902 2882 3140 2952 Γράμμα
3174 2881 3235 2934 τὸ
3271 2883 3415 2950 ίερόν
3437 2899 3451 2912 ·
3481 2883 3595 2936 ἀλλ’
3627 2884 3662 2955 ἢ

2089 2973 2290 3025 limata
2331 2972 2489 3043 τυχὸν
2529 2973 2655 3044 τῇδε
2699 2972 2794 3026 τοῦ
2839 2973 3050 3027 παιδίου
3085 2977 3378 3047 περιτομῇ,
3427 2977 3522 3029 καὶ
3566 2978 3667 3047 οὐχ

2090 3062 2233 3116 ἑκὼν
2273 3065 2629 3136 ἀπελήλαται.
2672 3067 2961 3137 Διατρανοῖ
3001 3066 3057 3119 δὲ
3100 3067 3262 3120 πάλιν
3299 3070 3326 3121 6
3359 3067 3548 3132 τύπος,
3589 3067 3666 3131 ὡς

2089 3158 2182 3210 καὶ
2222 3159 2278 3210 ἐν
2307 3157 2384 3228 τῷ
2427 3159 2620 3228 αἵματι
2667 3159 2762 3211 τοῦ
2799 3157 3034 3230 Χριστοῦ
3083 3159 3362 3231 νενίκηται
3410 3160 3662 3225 θάνατος.

2089 3243 2365 3296 Σέσωσται
2400 3244 2455 3296 δὲ
2480 3245 2589 3298 τῶν
2621 3247 2924 3318 πατέρωνή
2957 3248 3089 3317 ἁγία
3123 3248 3352 3319 πληθὺς,
3388 3250 3667 3320 μᾶλλονδὲ

2095 3333 2316 3403 σύμπαν
2342 3334 2403 3387 τὸ
2431 3334 2636 3389 ἄνωθέν
2657 3354 2714 3389 τε
2747 3338 2839 3390 καὶ
2867 3337 2972 3408 πρὸ
2998 3339 3161 3391 αὑτοῦ
3183 3337 3360 3407 γένος.
3400 3340 3667 3397 Ἀπέθανε

2093 3425 2202 3493 γὰρ
2237 3426 2374 3496 ὑπὲρ
2414 3427 2652 3492 πάντων,
2693 3430 2784 3481 καὶ
2813 3431 2841 3481 6
2873 3429 3089 3483 πάντων
3133 3432 3190 3484 ἐν
3253 3431 3402 3500 αὐτῷ
3447 3431 3666 3486 λέλυται

2089 3516 2336 3579 θάνατος.
2381 3518 2456 3570 Οὐ
2491 3518 2598 3589 γὰρ
2631 3519 2687 3571 ἐν
2724 3520 2916 3590 αἵματι
2966 3521 3282 3592 προφητῶν,
3328 3523 3440 3575 ἀλλ’
3488 3526 3544 3577 ἐν
3589 3523 3667 3593 τῷ

2089 3608 2281 3677 αἵματι
2316 3607 2410 3661 τοῦ
2451 3609 2690 3680 Χριστοῦ
2730 3611 2824 3664 τοῦ
2867 3612 3140 3665 νεωτάτου
3186 3613 3282 3666 καὶ
3333 3615 3448 3684 μετ’
3495 3614 3664 3667 αὐτοῦ

2085 3699 2537 3771 διαδιδράσκομεν
2562 3702 2652 3755 τὸν
2678 3701 3020 3776 ὀλοθρευτήν.
3050 3724 3069 3755 «
3090 3706 3186 3768 Εἰς
3211 3705 3367 3759 τοῦτο
3392 3706 3522 3777 γὰρ,
3555 3723 3664 3776 (ρη-

2088 3791 2192 3854 σὶν,
2225 3794 2253 3844 ό
2285 3793 2518 3862 Χριστὸς
2546 3793 2784 3848 ἀπέθανε
2808 3795 2900 3851 καὶ
2938 3795 3153 3868 ἔζησεν,
3193 3797 3282 3850 ἵνα
3320 3797 3412 3850 καὶ
3446 3798 3664 3869 νεκρῶν

2085 3884 2180 3936 καὶ
2208 3881 2423 3948 ζώντων
2454 3885 2741 3957 κυριεύσῃ.
2777 3906 2795 3938 ι
2828 3886 2892 3941 El
2913 3888 2969 3941 δὲ
2999 3889 3072 3959 μὴ
3093 3888 3302 3957 λέγοιτο
3327 3889 3403 3960 τῷ
3431 3890 3666 3962 Γηρσάμ

2084 3973 2447 4045 ἐπιθρώσκειν
2489 3979 2516 4029 6
2542 3976 2887 4049 ὁλοθρευτὴς,
2938 3981 3034 4034 καὶ
3073 3981 3195 4050 οὐχλ⁴
3241 3980 3305 4052 δὴ
3353 3982 3552 4051 μᾶλλον
3587 3981 3666 4053 τῷ

2088 4067 2342 4137 μακαρίῳ
2366 4069 2562 4138 Μωσῇ,
2602 4069 2764 4123 πάλιν
2801 4071 2977 4124 ἐκεῖνο
3012 4073 3285 4142 συνήσεις.
3329 4072 3404 4125 Οὐ
3428 4073 3538 4144 γὰρ
3575 4073 3666 4127 διὰ

2083 4157 2184 4227 τῆς
2203 4160 2343 4212 κατά
2364 4158 2527 4228 νόμον
2557 4160 2876 4231 περιτομῆς,
2904 4161 3176 4225 τουτέστι,
3198 4163 3296 4233 τῆς
3319 4163 3458 4216 κατὰ
3481 4164 3664 4235 σάρκα

2083 4247 2177 4299 καὶ
2206 4248 2474 4319 αἰσθητῆς
2517 4249 2856 4321 ἀπελήλαται
2896 4249 3145 4315 θάνατος,
3179 4252 3316 4304 ἀλλά
3349 4253 3439 4306 διὰ
3471 4253 3572 4324 τῆς
3599 4257 3657 4308 ἐν

405 4329 590 4398 genito
613 4344 676 4384 ac
698 4345 841 4387 novo
854 4334 1075 4404 populo,
1090 4344 1248 4391 terra:
1273 4338 1494 4408 quidem
1516 4340 1713 4408 incola,
1736 4346 1980 4400 conscri-

2089 4338 2332 4408 Χριστῷ,
2368 4339 2457 4391 διὰ
2490 4341 2823 4410 πνεύματος.
2851 4341 2919 4412 ἢν
2955 4341 3265 4413 ἐνήργηκεν
3305 4345 3361 4396 ἐν
3397 4343 3476 4415 τῷ
3515 4362 3664 4418 πρω-

406 4425 500 4488 pto
533 4426 715 4474 tamen
735 4421 936 4476 iterum
960 4425 1028 4476 ad
1070 4439 1362 4494 supernam
1389 4435 1443 4482 et
1465 4444 1586 4498 qua:
1611 4430 1664 4484 in
1687 4433 1842 4487 cmlis
1880 4434 1980 4489 de-

405 4510 550 4579 gitur
573 4511 738 4565 vitam
769 4530 781 4564 :
823 4529 985 4582 quem
1032 4515 1332 4584 spiritualis
1359 4518 1636 4590 Sephora,
1663 4521 1718 4574 id
1763 4533 1848 4578 est
1872 4525 1977 4579 Ec-

405 4598 592 4661 clesia,
621 4615 744 4668 quae
764 4615 833 4655 ex
855 4600 1164 4660 Madianitis
1203 4607 1568 4676 gentibusque
1604 4618 1840 4673 constat,
1876 4628 1977 4667 suo

404 4688 751 4744 circumcidit
803 4692 1083 4761 suffragio.
1141 4694 1324 4766 Typns
1369 4698 1487 4752 haec
1535 4700 1701 4754 etiam
1748 4702 1977 4771 spiritus

403 4780 608 4846 fuerit,
650 4789 842 4851 utpote
886 4782 1045 4838 fortis
1083 4793 1140 4839 et
1166 4786 1421 4854 infracta,
1453 4799 1509 4844 et
1535 4793 1662 4861 quia
1702 4808 1769 4847 ex
1795 4803 1971 4864 petra.

401 4872 764 4930 Christienim
789 4883 875 4930 est
897 4877 1125 4946 spiritus
1151 4897 1163 4932 :
1200 4897 1218 4930 ι
1238 4881 1399 4935 Petra
1415 4891 1598 4938 autem
1626 4883 1910 4953 Christus,
1945 4907 1966 4940 ι

405 4973 466 5018 ut
507 4964 726 5036 sapiens
758 4966 961 5023 Paulus
1003 4968 1082 5022 ait
1103 4969 1168 5025 ι’.
1222 4970 1519 5029 Sciendum
1566 4985 1771 5039 autem.
1827 4981 1976 5049 quod

402 5053 496 5124 qui
521 5065 645 5127 post
664 5057 851 5114 Mosen
876 5057 984 5113 fuit
1011 5059 1199 5127 Josue,
1241 5064 1679 5137 cultrislapidcis
1703 5069 1974 5126 Israelita-

405 5161 524 5200 rum
552 5146 692 5202 ﬁlios
719 5150 1064 5205 circumcidit
1086 5153 1156 5216 ⁵ο,
1193 5168 1301 5207 non
1337 5156 1702 5212 manufactam
1731 5160 1785 5214 in
1817 5159 1978 5217 Chri-

403 5243 488 5290 sto
516 5236 991 5296 circumcisionem
1033 5242 1272 5301 obscure
1295 5247 1457 5301 nobis
1485 5248 1842 5317 adumbrans,
1868 5269 1976 5324 qua

403 5335 459 5381 et
479 5343 628 5384 mors
655 5340 948 5400 superatur
975 5333 1175 5404 :308
1199 5353 1320 5406 quae
1356 5339 1618 5408 spiritalis
1644 5350 1728 5397 est
1765 5343 1976 5413 impro-

402 5418 592 5476 bitatis
623 5423 996 5490 circumcisio,
1031 5427 1253 5484 malitia;
1292 5446 1358 5485 ac
1381 5432 1726 5504 voluptatum
1755 5435 1977 5490 abdica-

2085 4427 2292 4500 τοτὸκῳ
2331 4429 2425 4482 καὶ
2465 4430 2574 4499 νέῳ
2611 4430 2744 4500 λαῷ,
2778 4431 2971 4501 καὶτῷ
3007 4433 3249 4504 παροίκῳ
3281 4435 3379 4505 μὲν
3411 4437 3504 4491 ἐπὶ
3534 4438 3660 4507 γῆς,

2084 4519 2506 4591 ἐπιγραφομένῳ
2533 4519 2589 4571 δὲ
2628 4521 2790 4574 πάλιν
2819 4525 2919 4592 τῆς
2951 4522 3062 4576 ἀνω
3096 4525 3190 4576 καὶ
3225 4527 3554 4598 οὐρανικῆς·
3596 4531 3663 4601 ήν

2083 4610 2117 4681 ή
2146 4609 2311 4680 νοητὴ
2335 4610 2627 4682 Σεπφώρα,
2658 4613 2935 4666 τουτέστιν
2960 4616 2992 4684 ἡ
3035 4615 3350 4686 Ἐκκλησία,
3385 4620 3417 4686 ἡ
3453 4620 3518 4671 ἐκ
3548 4621 3662 4674 Μα-

2082 4699 2213 4768 διάμ
2251 4718 2311 4754 τε
2337 4702 2430 4755 καὶ
2472 4701 2530 4768 ἐξ
2561 4702 2752 4769 ἐθνῶν,
2781 4705 3148 4777 περιτέτμηκε
3186 4707 3370 4778 ψήφῳ.
3402 4710 3586 4774 Τόπος
3615 4713 3658 4765 δ’

2083 4790 2149 4844 ἂν
2173 4792 2257 4863 εἴη
2286 4794 2380 4846 καὶ
2400 4793 2537 4866 αῦτη
2565 4795 2659 4847 τοῦ
2689 4796 3016 4866 πνεύματος,
3052 4798 3141 4852 διά
3176 4817 3257 4853 τοι
3282 4800 3342 4854 τὸ
3383 4803 3658 4868 παναλκές

2081 4901 2145 4936 τε
2175 4884 2271 4938 καὶ
2297 4885 2628 4957 ἄθραυστον,
2659 4888 2751 4941 καὶ
2782 4888 2890 4958 μὴν
2926 4889 3008 4942 ὅτι
3047 4891 3141 4944 καὶ
3171 4892 3236 4944 ἐκ
3267 4892 3488 4964 πέτρας.
3523 4895 3659 4965 Χριο

2083 4976 2210 5030 στοῦ
2241 4977 2351 5047 γὰρ
2379 4977 2440 5031 τὸ
2471 4979 2721 5050 πνεῦμαο
2764 4999 2783 5031 ι
2830 4983 3087 5053 Πέτραδέ
3113 4981 3142 5033 6
3181 4985 3433 5052 Χριστὸς,
3472 5005 3491 5039 ι
3519 4988 3662 5041 καθὰ

2081 5066 2176 5120 καὶ
2207 5069 2236 5120 6
2267 5067 2431 5135 σοφὸς
2471 5070 2670 5138 γράφει
2723 5069 2954 5134 Παῦλος.
3013 5073 3214 5126 ’ἰστέον
3264 5074 3319 5128 δὲ
3358 5077 3441 5129 ὄτι
3494 5078 3590 5130 καὶ
3633 5080 3663 5132 6

2077 5161 2215 5230 μετὰ
2262 5160 2465 5214 Μωσέα
2515 5163 2682 5216 πάλαι
2729 5163 3018 5233 γενόμενος
3078 5166 3300 5236 Ἰησοῦς,
3359 5170 3660 5240 μαχαίραις

2074 5251 2354 5320 πετρίναις
2382 5253 2674 5324 περιέτεμε
2702 5257 2830 5318 τοὺς
2861 5256 3012 5319 υἱοὺς
3049 5256 3286 5327 Ἰσραὴλ,
3319 5258 3418 5330 τὴν
3444 5261 3662 5332 ἀχειρο-

2073 5343 2294 5412 ποίητον
2314 5345 2371 5396 ἐν
2400 5345 2622 5416 Χριστῷ
2649 5346 2736 5400 διά
2758 5365 2825 5400 πε
2835 5349 3062 5420 ριτομὴν
3085 5351 3498 5422 αἰνιγματωδῶς
3525 5355 3660 5423 ἡμῖν

2076 5435 2382 5506 σημαίνων,
2413 5437 2501 5505 ὑφ’
2535 5439 2600 5509 ἣν
2631 5439 2724 5492 καὶ
2753 5441 2980 5503 ἡττᾶται
3025 5441 3274 5508 Θάνατος,
3311 5445 3458 5517 ήπερ
3508 5446 3659 5501 ἐστὶν

469 5615 516 5648 δ’
537 5625 704 5681 Exod.
735 5642 808 5693 iv,
834 5629 923 5684 2i.
998 5633 1070 5667 ⁸⁷·
1104 5634 1240 5690 ibid.
1276 5636 1448 5692 24-27
1539 5632 1593 5720 ξ’
1658 5640 1818 5694 Rom.
1858 5655 1967 5705 Juv,

2121 5642 2175 5728 _”
2209 5641 2383 5700 lCor.
2405 5661 2456 5708 ι,
2494 5647 2545 5700 ι.
2573 5647 2700 5728 ’,λθ
2726 5647 2890 5704 Josue
2924 5666 2977 5718 γ,
3003 5649 3056 5703 2.

2573 5721 2675 5732 ...ιι-ς.
2687 5728 2702 5732 -
