4022 6198
317 259 421 316 L85

317 371 542 440 ήνοητή
583 368 685 440 τῆς
727 368 924 433 κακίας
966 370 1258 441 περιτομὴ,
1312 371 1647 443 φαυλότητός
1688 388 1749 425 τε
1794 372 1889 426 καὶ

311 461 515 533 ἡδονῶν
544 461 823 526 ἀπόθεσις.
856 462 994 534 Περὶ
1015 462 1123 535 γὰρ
1150 462 1249 533 τῆς
1279 463 1419 518 κατὰ
1453 465 1631 535 σάρκα
1672 481 1892 537 περιτο-

314 553 440 623 μῆς,
477 551 506 605 ὁ
533 552 675 617 θεῖος
714 553 847 624 ἡμῖν
894 557 1093 624 γράφει
1147 553 1392 617 Παῦλος·
1435 573 1453 607 ι
1506 556 1570 609 Ἦ
1618 558 1889 628 περιτομὴ

310 644 464 699 οὐδέν
494 645 632 699 ἐστι.
671 663 692 697 ι
722 644 893 715 Σοφδς
921 646 978 699 δὲ
998 648 1030 717 ἡ
1041 649 1130 717 μίν
1152 648 1244 701 καὶ
1275 647 1416 718 ίερδς
1441 648 1785 717 άνακέκραγε
1804 648 1892 702 λό-

308 750 435 801 γος’
474 754 492 785 ι
526 736 915 807 Περιτμήθητε
936 737 1015 809 τῷ
1042 737 1282 809 Χριστῷ,
1318 757 1337 790 ι
1371 737 1441 791 δι’
1471 734 1532 793 οὗ
1563 741 1657 793 καὶ
1690 740 1809 810 μεθ’
1829 734 1890 795 οὖ

306 826 383 896 τῷ
418 826 538 897 Θεῷ
569 830 665 881 καὶ
706 829 883 900 Πατρὶ
914 830 947 897 ἡ
977 828 1126 895 δόξα,
1160 830 1257 883 σὺν
1305 830 1449 901 ἁγίῳ
1497 830 1773 901 Πνεύματι
1812 833 1894 896 είς

307 919 434 982 τοὺς
464 919 670 979 αἰῶνας
694 918 804 973 τῶν
835 919 1069 974 αἰώνων.
1108 921 1300 992 Ἀμήν.

378 1052 425 1085 ⁸¹
459 1052 632 1111 lCor.
658 1068 697 1118 ι,
741 1053 826 1108 l9.
905 1055 952 1088 ⁸¹
970 1052 1088 1110 Col.
1125 1054 1297 1120 11,“.

1305 258 1825 319 GLAPHYROBUM
1858 260 1930 319 IN
1968 260 2256 321 EXODUM
2295 262 2425 320 LIB.
2466 259 2555 320 ιιι.

3463 272 3571 331 486

1998 374 2094 429 tio.
2130 374 2208 429 De
2234 374 2326 429 illa
2350 374 2500 430 enim
2524 372 2730 429 carnali
2754 372 3178 434 circumcisione
3221 378 3445 439 divinus
3468 402 3569 442 no-

1997 465 2086 522 bis
2116 466 2318 521 Paulus
2352 466 2584 522 scribit:
2619 486 2637 518 ι
2677 464 3037 525 Circumcisio
3074 470 3212 525 nihil
3238 480 3324 527 est
3342 474 3408 529 ".
3434 494 3452 527 ι
3475 475 3572 532 Sa-

1996 556 2158 627 piens
2181 572 2316 612 vero
2363 572 2427 613 ac
2452 573 2608 613 sacer
2630 559 2791 614 nobis
2836 575 3019 616 sermo
3065 562 3324 620 inclamat
3351 582 3364 618 :
3402 585 3419 617 ι
3445 567 3570 624 Cir-

1996 648 2222 703 cumcisi
2246 648 2452 703 estisin
2486 649 2707 705 Christo
2725 651 2791 718 ",
2829 670 2847 703 ι
2879 666 2979 723 per
3004 668 3167 724 quem
3200 663 3257 710 et
3296 671 3422 711 cum
3462 673 3572 729 quo

1996 741 2110 795 Deo
2152 748 2209 794 et
2242 740 2393 794 Patri
2425 741 2596 811 gloria
2629 758 2754 798 cum
2797 751 2987 800 sancto
3036 744 3248 815 Spiritu
3280 747 3339 802 in
3371 749 3569 808 saecula

1992 830 2342 887 saeculorum.
2372 832 2564 888 Amen.

317 1250 3533 1284 Μ

856 1409 1644 1530 ΓΛΑΦΥΡΩΝ
1719 1413 1960 1524 ΕΙΣ
2013 1412 2331 1527 ΤΗΝ
2390 1401 3022 1530 ΕΞΟΔΟΝ

1622 1636 2065 1725 ΒΙΒΛΙΟΝ
2101 1638 2223 1723 Γ’.

552 1945 1461 2042 GLAPHYRORUM
1537 1952 1659 2041 IN
1724 1947 2241 2043 EXODUM
2314 1946 2667 2067 LIBER
2740 1944 3302 2036 TERTIUS.

580 2251 720 2319 Περὶ
743 2250 855 2321 τῆς
887 2250 1299 2320 παταχθείσης
1332 2252 1575 2321 πέτρας.

365 2367 438 2417 α’.
474 2382 496 2415 ι
518 2362 802 2415 Είσέλθετε
822 2362 913 2415 διὰ
939 2363 1037 2434 τῆς
1053 2363 1245 2434 στενῆς
1271 2363 1469 2436 πύλης,
1498 2383 1516 2417 ι
1540 2366 1649 2430 τοῖς
1675 2363 1869 2419 ἑαυτοῦ

300 2451 472 2520 φίλοις
502 2452 770 2520 ἐπεφώνει
803 2453 1070 2524 Χριστός⁸
1099 2453 1287 2525 στενὴν
1331 2455 1453 2524 μὲν,
1493 2449 1667 2526 οἶμαι,
1697 2455 1871 2526 πύλην

300 2544 389 2596 καὶ
409 2542 777 2614 τεθλιμμένην
803 2544 1054 2615 είσὸολὴν
1081 2544 1142 2598 τὸ
1165 2544 1439 2614 τληπαθὲς
1452 2545 1754 2616 ὀνομάζων,
1776 2547 1872 2599 καὶ

297 2636 394 2707 τὴν
420 2634 517 2688 τοῦ
548 2635 707 2703 λόγου
755 2634 956 2698 παντὸς
999 2634 1155 2701 ἀξίαν
1198 2636 1493 2707 ὑπομονὴν,
1544 2636 1666 2690 καθ’
1698 2637 1765 2708 ῆν
1807 2637 1871 2692 ἂν

297 2728 509 2797 γένοιτο
539 2728 635 2782 καὶ
686 2727 832 2798 μάλα
864 2727 1136 2791 πλουσίως
1176 2728 1237 2780 τὸ
1269 2728 1579 2799 εὐδοκιμεῖν
1610 2727 1871 2783 δύνασθαι

297 2822 405 2882 τοῖς
428 2819 499 2873 τὰ
519 2819 634 2874 ἄνω
661 2820 876 2890 φρονεῖν
905 2819 1222 2890 ᾑρημένοις,
1256 2818 1786 2890 καταφαιδρύνεσθαί
1809 2836 1870 2873 τε

297 2912 657 2984 γυμνάσμασι
692 2914 804 2975 τοῖς
834 2912 914 2974 εἰς
956 2911 1218 2981 εὐψυχίαν
1265 2910 1361 2963 καὶ
1408 2912 1630 2981 ἀρετήν.
1661 2911 1871 2982 Ὠσπερ

295 3005 403 3076 γὰρ
443 3005 509 3057 τὸ
546 3003 855 3075 ἀριστεύειν
887 3004 946 3055 ὲν
985 3004 1206 3073 μάχαις,
1248 3003 1315 3075 τῇ
1356 3000 1450 3055 τοῦ
1497 3000 1872 3067 όπλιτεὺοντος

295 3095 552 3167 εὐανδρίᾳ
586 3099 879 3167 μαρτυρεῖ⁸
905 3095 1046 3148 οὓτω
1087 3095 1178 3147 τὸν
1210 3092 1436 3165 εὐσθενῆ
1479 3094 1572 3147 καὶ
1603 3099 1867 3164 γενναῖον,

296 3186 374 3248 είς
404 3201 469 3252 γε
508 3184 568 3236 τὸ
601 3184 883 3251 δύνασθαι,
920 3184 1086 3256 φημὶ,
1122 3182 1222 3255 τὴν
1254 3181 1585 3236 ἁνδάνουσαν
1629 3183 1707 3254 τῷ
1751 3183 1871 3255 θεῷ

294 3274 499 3347 ἀρετὴν
519 3273 838 3345 κατορθοῦν,
867 3274 1140 3346 λαμπρὸν,
1172 3275 1267 3328 καὶ
1295 3273 1591 3346 περιφανῆ,
1619 3275 1713 3327 καὶ
1737 3291 1873 3327 παν-

294 3367 387 3430 τὸς
414 3364 639 3418 ἐπαίνου
669 3365 1088 3437 μεμεστωμένοι)
1115 3366 1445 3437 άποφήνειεν
1468 3365 1533 3420 ἂν
1561 3366 1622 3419 τὸ
1647 3362 1706 3419 εὗ
1727 3366 1870 3437 μάλα

294 3458 559 3512 δύνασθαι
577 3458 874 3527 διενεγκεῖν
897 3456 1023 3522 τοὺς
1052 3458 1117 3511 ἐκ
1143 3457 1238 3511 τοῦ
1259 3456 1618 3530 πειράζεσθαι
1650 3458 1865 3522 πόνους.

294 3548 409 3602 Καὶ
440 3546 573 3616 γοῦν
606 3546 699 3600 τοῦ
734 3547 984 3619 Σωτῆρος
1015 3546 1045 3599 δ
1083 3544 1353 3617 μαθητὴς,
1374 3547 1455 3599 ὃτι
1488 3547 1663 3618 πάντη
1691 3563 1750 3599 τε
1776 3548 1870 3600 καὶ

2484 2248 2566 2304 De
2601 2257 2751 2320 petra
2775 2263 3041 2320 percaua.

2051 2366 2103 2419 1.
2126 2385 2143 2417 ι
2164 2364 2331 2420 ἰηιιοί
2339 2370 2389 2419 te
2406 2379 2508 2434 per
2531 2370 2815 2434 angustam
2828 2369 3045 2433 portam
3059 2359 3127 2425 ⁸³,
3139 2377 3158 2411 ι
3178 2357 3429 2414 Christus
3442 2357 3556 2414 dis-

1977 2460 2176 2530 cipulis
2197 2460 2312 2515 suis
2333 2458 2471 2513 dixit
2516 2475 2529 2511 :
2574 2462 2950 2527 angustam,ut
2972 2453 3229 2517 arbitror,
3259 2460 3473 2522 portam
3498 2460 3555 2507 et

1976 2558 2185 2606 arctam
2206 2551 2349 2607 viam
2376 2549 2668 2605 nominans
2693 2547 3059 2611 tolerantiam,
3088 2545 3349 2615 omnique
3391 2543 3554 2600 laude

1977 2640 2351 2713 dignissimam
2378 2638 2722 2709 patientiam,
2747 2652 2849 2708 per
2878 2652 3040 2708 quam
3064 2635 3309 2706 quidem,
3337 2635 3429 2706 qui
3457 2650 3554 2690 su-

1974 2746 2145 2801 perna
2201 2746 2393 2802 sapere
2439 2731 2632 2785 volunt
2659 2729 2877 2784 laudem
2913 2735 3342 2798 consequantur,
3373 2726 3556 2797 splen-

1976 2823 2249 2893 deantque
2286 2822 2565 2877 exercitiis
2598 2836 2721 2891 qua:
2743 2819 2810 2874 ad
2838 2820 3040 2875 bonam
3082 2818 3249 2873 animi
3279 2817 3552 2873 constitu-

1975 2916 2181 2970 tionem
2212 2920 2268 2970 et
2310 2922 2366 2970 et
2403 2914 2469 2969 ad
2495 2914 2755 2967 virtutem
2782 2919 3051 2982 spectent.
3075 2909 3549 2977 Quemadmodum

1976 3006 2123 3059 enim
2155 3003 2420 3059 fortitudo
2446 3010 2679 3059 testatur
2706 3002 2910 3073 primas
2937 3000 2993 3056 in
3020 3000 3166 3056 bello
3189 2999 3456 3067 obtineri,
3476 3000 3553 3056 ita

1975 3098 2140 3153 etiam
2170 3097 2458 3151 robustum
2482 3111 2546 3151 ac
2567 3110 2895 3168 generosum
2933 3093 3001 3148 ad
3024 3108 3242 3148 omnem
3265 3092 3377 3148 Deo
3399 3106 3553 3149 accc~

1978 3198 2124 3260 ptam
2147 3189 2407 3243 virtutem
2432 3186 2818 3257 praestandam,
2844 3184 3197 3255 splendidum
3232 3192 3397 3255 atque
3421 3184 3552 3239 illu-

1978 3289 2176 3343 strem,
2209 3287 2266 3334 et
2288 3278 2437 3334 omni
2469 3278 2629 3333 laude
2666 3277 3005 3333 cumulatum
3046 3275 3309 3341 declarat,
3333 3274 3553 3331 labores

1977 3370 2083 3425 sibi
2131 3385 2199 3424 ex
2232 3369 2533 3423 tcntatione
2557 3367 2771 3421 oblatos
2816 3364 3051 3420 infracto
3083 3364 3267 3419 animo
3290 3364 3548 3418 tolerare.

1976 3461 2131 3516 Unde
2153 3468 2209 3516 et
2235 3460 2535 3515 Salvatoris
2557 3457 2863 3528 discipulus
2885 3456 3032 3527 quod
3056 3456 3181 3511 talis
3219 3454 3552 3526 conspicuus

1976 3551 2203 3607 omnino
2245 3558 2408 3621 atque
2434 3549 2668 3604 illustris
2696 3549 2789 3613 sit,
2817 3555 3076 3603 testatum
3120 3546 3283 3601 nobis
3305 3545 3548 3615 reliquit,

295 3639 518 3702 πάντως
535 3640 562 3692 ὀ
587 3637 825 3701 τοιοῦτος
851 3636 1197 3701 ἀπόϐλεπτος
1212 3637 1389 3703 ἔσται,
1417 3636 1872 3709 πεπληροφόρηκε

1976 3644 2163 3699 dicens
2188 3662 2200 3696 :
2225 3662 2242 3694 ι
2275 3643 2474 3697 Beatus
2496 3642 2661 3695 homo
2683 3640 2778 3710 qui
2802 3638 2994 3694 suﬂert
3019 3638 3399 3702 tentationem,
3422 3637 3551 3707 quia

294 3725 499 3794 λέγων’
546 3745 563 3779 ι
613 3727 898 3798 Μακάριος
940 3726 1227 3800 ἄνθρωπος
1273 3726 1333 3791 δς
1376 3728 1642 3800 ὑπομείνῃ
1678 3745 1873 3800 πειρα-

295 3819 454 3889 σμὸν,
481 3818 565 3871 ὅτι
604 3817 830 3889 δόκιμος
864 3819 1176 3890 γενόμενος,
1215 3818 1444 3891 λήψεται
1489 3820 1580 3874 τὸν
1609 3820 1871 3891 στέφανον

291 3910 393 3979 τῆς
429 3909 598 3979 ζωῆς.
635 3923 660 3962 ι
689 3911 751 3963 Ol
779 3910 836 3963 δὲ
866 3908 929 3981 δὴ
976 3910 1112 3983 πρὸς
1142 3910 1300 3964 τοῦτο
1340 3910 1525 3964 λοιπὸν
1560 3911 1870 3976 εὐσθενείας

292 4002 643 4073 ἐληλακότες,
668 4003 764 4055 καὶ
799 4002 899 4074 τὴν
933 4002 1079 4057 οὕτω
1108 4005 1380 4075 περιφανῆ
1416 4003 1574 4071 δόξαν
1606 4005 1869 4076 ἀράμενοι

291 4096 568 4163 λέγουσιν,
597 4096 680 4148 ὅτι
717 4115 736 4148 ι
778 4094 1137 4165 Ἐδοκίμασας
1157 4095 1331 4164 ἡμᾶς,
1351 4094 1549 4159 όΘεδς,
1580 4094 1870 4167 ὲπύρωσας

288 4187 465 4257 ἡμᾶς,
497 4186 575 4249 ὡς
598 4186 865 4257 πυροῦται
899 4185 961 4239 τὸ
998 4184 1283 4256 ἀργύριον.
1322 4185 1488 4239 Ἔθου
1530 4186 1739 4257 θλίψεις
1777 4189 1871 4240 ἐπὶ

288 4278 385 4331 τὸν
428 4275 599 4330 νῶτον
642 4276 818 4348 ἡμῶν.
877 4277 1238 4342 Ἐπεσίσασας
1278 4277 1599 4351 ἀνθρώπους
1639 4280 1733 4334 ἐπὶ
1768 4280 1868 4344 τὰς

289 4366 545 4435 κεφαλὰς
589 4368 767 4437 ἡμῶν.
816 4366 1115 4439 Διήλθομεν
1158 4368 1245 4422 διὰ
1289 4369 1460 4441 πυρὸς
1505 4370 1600 4423 καὶ
1655 4369 1865 4433 ὕδατος,

288 4457 626 4529 ἐδοκίμασας
671 4461 817 4531 ἡμᾶς
855 4462 937 4524 είς
980 4459 1264 4530 ἀνάψυξιν.
1316 4479 1335 4512 ι
1398 4460 1719 4533 Ἐκτελευτᾷ
1760 4460 1868 4533 γὰρ

288 4550 318 4601 ό
350 4549 515 4612 πόνος
557 4551 638 4613 είς
691 4549 925 4623 τρυφὴν,
974 4552 1069 4607 καὶ
1114 4551 1497 4623 ἁνευρύνουσιν
1552 4553 1610 4605 αί
1663 4550 1867 4621 θλίψεις

288 4641 407 4703 τοῖς
455 4639 678 4694 ἀθλοῦσι
732 4642 998 4709 γενναίως
1036 4644 1135 4714 τὴν
1183 4643 1397 4697 εὐθεῖαν
1429 4643 1566 4699 ὁδόν.
1613 4639 1735 4697 Οἵδε
1771 4643 1871 4714 μὲν

288 4731 358 4783 τὰ
416 4730 594 4784 πάντα
648 4732 777 4803 πρὶν
820 4733 1088 4801 γενέσεως
1152 4733 1330 4787 αὐτῶν
1370 4736 1401 4788 ό
1446 4733 1557 4787 τῶν
1613 4732 1870 4806 κρυπτῶν

288 4819 562 4893 γνώστης,
597 4823 844 4877 τουτέστι
871 4823 1007 4888 Θεός
1036 4827 1084 4889 (ι
1108 4824 1295 4896 Γυμνὰ
1321 4824 1430 4895 γὰρ
1460 4824 1610 4895 αὐτῷ
1639 4824 1706 4879 τὰ
1734 4825 1869 4879 πάν-

287 4932 360 4969 τα
389 4916 486 4972 καὶ
501 4915 1022 4988 ιιτετραχηλι.σμ.ινα)⁸
1049 4935 1069 4969 ι
1098 4917 1381 4989 περιμένει
1407 4917 1463 4970 δὲ
1486 4916 1593 4970 τῶν
1614 4916 1870 4988 πραγμά-

1972 3750 2097 3791 cum
2141 3735 2407 3805 probatus
2448 3733 2637 3797 fuerit,
2684 3731 2917 3801 accipiet
2963 3742 3223 3784 coronam
3275 3728 3401 3781 vita:
3426 3726 3489 3780 ".
3522 3745 3542 3777 ο

1971 3828 2075 3896 Qui
2102 3843 2234 3883 vero
2262 3842 2329 3881 eo
2357 3824 2697 3881 fortitudinis
2718 3828 3033 3884 evaserunt,
3052 3828 3114 3873 ut
3137 3818 3373 3887 amplam
3400 3816 3546 3870 illam

1971 3928 2137 3990 atque
2174 3919 2432 3973 eximiam
2468 3915 2700 3987 gloriam
2735 3913 2847 3967 sint
2875 3909 3181 3973 consecuti,
3211 3908 3266 3962 hi
3311 3907 3543 3988 dicunt:

1980 4032 1998 4064 ι
2025 4012 2191 4072 Deus,
2219 4019 2276 4064 tu
2302 4008 2546 4078 probasti
2585 4020 2715 4069 nos,
2751 4004 2873 4074 igne
2897 3999 3221 4056 examinasti
3245 4013 3345 4053 nos
3364 4039 3379 4063 ,
3405 3996 3549 4056 sicut

1970 4103 2313 4159 examinatur
2334 4108 2640 4170 argentum.
2665 4094 2903 4151 Posuisti
2934 4092 3259 4147 afflictiones
3297 4090 3354 4145 in
3379 4089 3548 4147 dorso

1968 4204 2176 4249 nostro.
2200 4191 2507 4248 Ascendere
2543 4188 2721 4245 fecisti
2749 4186 3001 4242 homines
3037 4185 3093 4239 in
3123 4183 3303 4256 capita
3328 4191 3543 4239 nostra.

1970 4283 2350 4341 Transivimus
2374 4297 2474 4352 per
2513 4281 2693 4353 ignem
2737 4288 2794 4336 et
2819 4294 3041 4351 aquam,
3066 4286 3122 4333 et
3165 4276 3405 4333 eduxisti
3443 4290 3549 4334 nos

1969 4379 2024 4432 in
2054 4375 2400 4447 refrigerium
2427 4373 2494 4428 ".
2532 4389 2550 4423 ι
2583 4371 2814 4427 Laboris
2836 4372 2982 4425 enim
3009 4369 3132 4423 finis
3153 4378 3239 4424 est
3262 4368 3545 4439 gaudium,

1969 4466 2292 4521 alllictiones
2326 4471 2508 4517 autem
2538 4462 2796 4532 aperiunt
2824 4459 2891 4513 iis
2915 4459 3011 4528 qui
3061 4457 3278 4513 fortiter
3295 4465 3547 4525 certant,

1968 4560 2112 4614 viam
2138 4558 2205 4612 ad
2238 4556 2480 4612 laetitiam
2506 4552 2687 4625 309.
2709 4551 2972 4623 Cognitor
2993 4548 3140 4606 enim
3160 4548 3503 4604 occultorum
3528 4589 3545 4615 ,

1970 4652 2076 4707 hoc
2115 4659 2200 4706 est
2241 4650 2407 4714 Deus,
2434 4647 2589 4702 novit
2614 4652 2832 4709 cuncta,
2868 4652 3162 4714 antequam
3196 4641 3455 4697 eveniant
3482 4655 3547 4697 ac

1970 4740 2123 4795 ﬁant.
2162 4759 2182 4791 ι
2218 4738 2373 4795 Nuda
2402 4736 2550 4793 enim
2574 4742 2739 4807 atque
2772 4741 2962 4805 aperta
2991 4733 3043 4789 ei
3064 4742 3193 4789 sunt
3213 4733 3398 4789 omnia
3429 4732 3495 4785 ".
3519 4748 3539 4783 ι

1970 4831 2234 4887 Dill‘ertur
2248 4837 2430 4885 autem
2444 4842 2632 4883 rerum
2656 4827 2856 4892 exitus,
2878 4835 2935 4882 et
2946 4842 3137 4883 eorum
3154 4825 3250 4896 qui
3265 4831 3544 4882 tentantur

1969 4921 2235 4978 fortitudo
2250 4919 2555 4976 secundum
2578 4926 2847 4989 tempora,
2867 4927 2930 4972 ut
2945 4932 3054 4973 non
3070 4918 3245 4971 solum
3267 4916 3544 4986 Deojuxta

285 5023 398 5060 τιιιν
430 5006 497 5060 τὺ
537 5007 731 5077 πέρας,
761 5008 859 5062 καὶ
888 5011 950 5061 τὸ
978 5008 1089 5061 τῶν
1136 5010 1546 5083 πειραζομένων
1571 5008 1714 5064 κατὰ
1746 5027 1862 5063 καιο

1976 5009 2361 5081 praenotionem
2379 5007 2528 5079 digni
2542 5006 2785 5077 praemiis
2811 5015 3131 5077 appareant,
3148 5019 3341 5059 verum
3378 5004 3544 5060 etiam

223 5176 234 5191 ‘
289 5100 421 5169 ροϋς
452 5098 744 5163 εὐσθενές·
782 5099 871 5153 ἴνα
916 5101 1016 5171 μὲν
1064 5101 1339 5170 φαίνοιντο
1393 5100 1468 5173 μὴ
1525 5102 1684 5172 μόνον
1714 5101 1865 5174 αὐτῷ

285 5191 433 5245 κατά
466 5193 776 5262 πρόγνωσιν
804 5192 945 5256 ἄξιοι
971 5192 1171 5264 γερῶν,
1202 5195 1589 5263 κατακροτοῖεν
1622 5192 1679 5246 δὲ
1725 5193 1862 5264 μᾶλ-

281 5282 378 5336 λον
400 5282 477 5346 ὡς
512 5282 924 5354 ἠριστευκότας,
950 5284 1046 5337 καὶ
1074 5284 1160 5337 διὰ
1185 5285 1524 5355 πραγμάτων
1569 5284 1749 5339 αὐτῶν
1778 5285 1866 5338 ἐπ’

279 5375 457 5445 ἀρετῇ
495 5375 1046 5447 μεμαρτυρημένους,
1079 5376 1299 5445 ἄγγελοί
1328 5392 1386 5429 τε
1426 5377 1519 5430 καὶ
1566 5375 1863 5446 ἄνθρωποι.

277 5465 385 5519 Διὰ
418 5464 582 5519 τοῦτο
614 5467 710 5519 καὶ
734 5468 763 5519 ό
790 5468 1057 5540 μακάριος
1088 5467 1301 5532 Παῦλος
1344 5468 1473 5538 περὶ
1505 5466 1670 5521 αὐτοῦ
1689 5484 1750 5520 τε
1772 5467 1868 5522 καὶ

1970 5111 2029 5156 ut
2046 5102 2289 5172 ipsorum
2318 5098 2632 5169 prmstantia
2655 5098 2822 5153 rebus
2850 5096 2983 5167 ipsis
3008 5111 3108 5167 per
3123 5095 3386 5151 virtutem
3419 5110 3544 5167 ges-

1972 5194 2041 5248 tis
2063 5191 2348 5247 testificata
2359 5190 2429 5244 ab
2440 5189 2759 5245 hominibus
2777 5188 2982 5259 pariter
2992 5196 3156 5258 atque
3178 5187 3384 5259 angelis
3403 5188 3539 5243 cele-
3580 5206 3607 5229 ι

1972 5287 2183 5340 bretur.
2211 5282 2424 5339 Idcirco
2440 5290 2499 5338 et
2509 5283 2704 5337 beatus
2719 5281 2921 5336 Paulus
2931 5279 2999 5335 de
3012 5279 3195 5351 seipso
3204 5287 3262 5335 et
3280 5279 3402 5335 aliis
3412 5293 3539 5334 san-

1973 5377 2079 5432 ctis
2097 5376 2199 5439 ait,
2232 5374 2379 5445 quod
2400 5390 2526 5431 cum
2548 5370 2844 5429 admodum
2875 5371 3110 5427 feliciter
3129 5368 3539 5427 decertarintac

1973 5466 2228 5531 vicerint,
2256 5485 2274 5517 ‹
2298 5465 2682 5535 Spectaculum
2695 5463 2825 5520 facti
2841 5463 2953 5519 sint
2967 5462 3174 5519 mundo
3187 5470 3243 5518 et
3260 5460 3469 5533 angelis
3484 5469 3538 5518 et

282 5590 292 5598 ’
356 5602 407 5634 ⁸³
434 5600 630 5656 Matth.
660 5617 755 5669 τιι,
788 5603 851 5658 3;
928 5605 974 5638 "
995 5604 1109 5661 Jac.
1135 5621 1174 5673 ι,
1198 5605 1284 5660 12.
1362 5605 1410 5638 ⁸⁵
1444 5605 1588 5662 Psal.
1612 5622 1751 5675 ur,
1772 5605 1872 5661 1οω

2032 5608 2077 5643 ⁵⁸
2114 5606 2281 5663 llebr.
2305 5622 2378 5674 tv,
2425 5605 2511 5660 15.
