4024 6198
475 260 578 317 487

1476 260 1531 315 S.
1574 258 1850 316 CYlllLLl
1886 260 2356 318 ALEXANDRINI
2398 258 2716 317 ARCHIEP.

3649 263 3749 319 488

475 383 791 441 hominibus
813 383 883 438 ".
925 401 943 435 ι
993 380 1337 437 Multifariam
1370 382 1536 454 igitur
1579 383 1842 454 probatur
1866 384 2055 449 lsrael,

2163 385 2271 439 τῶν
2299 384 2475 440 ἄλλων
2506 386 2680 455 ἁγίων
2721 383 2907 456 φησὶν,
2937 383 3012 448 ὡς
3043 382 3360 454 ἡθληκότων
3385 377 3446 437 εὖ
3482 383 3631 455 μάλα
3661 388 3750 440 καὶ

476 486 537 531 ut
578 475 794 532 tametsi
823 473 1139 530 inﬁrmitate
1169 474 1417 529 laborare
1461 475 1737 540 videatur,
1780 476 2055 547 ingentem

475 568 573 624 Dei
593 566 988 637 benignitatem
1013 565 1340 632 admiretur,
1373 568 1467 638 qui
1488 578 1802 637 peccantem
1838 568 2053 623 toleret.

474 661 851 715 Adumbratur
867 668 1051 715 autem
1080 659 1136 714 in
1163 660 1394 731 singulis
1409 675 1530 730 qua:
1557 659 1876 715 acciderunt
1895 659 2055 714 Chri-

474 753 544 809 sti
572 754 912 826 mysterium.
952 753 1112 808 Modo
1151 753 1301 807 enim
1330 768 1642 808 sermonem
1681 751 1748 807 de
1775 750 2057 807 coturnice

473 857 530 901 et
554 860 754 899 manna
780 852 1139 915 exponentes,
1170 860 1282 898 non
1321 858 1515 913 parum
1546 841 1845 907 inﬁrmum,
1872 857 1936 897 ac
1958 857 2056 897 vo-

474 936 671 1006 luptati
701 935 949 991 deditum
973 935 1232 990 Israelem
1258 936 1618 991 ostendimus.
1654 934 1761 989 Sed
1791 949 1921 989 ecce
1944 934 2055 1004 jam

474 1044 669 1083 rursus
713 1027 961 1082 breviter
992 1026 1326 1080 inculcatum
1360 1025 1598 1079 videtur.
1631 1026 1710 1079 lta
1743 1024 1890 1080 enim
1930 1040 2055 1078 rur—

475 1135 598 1174 sum
632 1119 866 1174 habetur
903 1136 918 1170 :
955 1137 973 1168 ι
1016 1118 1085 1173 Et
1108 1116 1352 1188 profecta
1375 1126 1462 1173 est
1488 1119 1671 1171 omnis
1700 1116 2055 1187 congregatio

472 1210 715 1265 ﬁliorum
750 1209 916 1265 lsrael
945 1224 1014 1264 ex
1060 1209 1281 1264 deserto
1328 1208 1459 1264 Sina
1498 1222 1623 1264 cum
1653 1209 1769 1263 suis
1797 1208 2056 1263 taberna-

475 1302 617 1356 culis
640 1341 656 1366 ,
694 1301 849 1370 juxta
877 1300 1109 1355 verbum
1143 1300 1359 1355 Domini
1389 1318 1405 1367 ;
1440 1309 1500 1356 et
1526 1300 1899 1355 castrametati
1929 1307 2058 1355 sunt

476 1395 535 1450 in
562 1394 855 1465 Raphidim
875 1434 890 1458 ,
922 1393 1018 1448 ubi
1048 1407 1163 1449 non
1192 1400 1311 1447 erat
1347 1408 1489 1462 aqua
1520 1391 1726 1463 populo
1751 1391 1820 1446 ad
1856 1390 2057 1445 biben—

475 1487 628 1542 dum.
659 1486 729 1542 Et
752 1485 1168 1541 conviciabatur
1198 1483 1435 1554 populus
1464 1482 1531 1537 ad
1573 1480 1784 1548 Mosen,
1816 1480 2007 1537 dicens
2040 1499 2053 1534 :

476 1576 555 1630 Da
602 1574 764 1630 nobis
794 1590 991 1645 aquam
1025 1580 1086 1628 ut
1118 1573 1391 1628 bibamus.
1446 1573 1516 1628 Et
1554 1571 1693 1627 dixit
1724 1572 1806 1627 eis
1838 1572 2014 1629 Moses
2040 1590 2053 1625 :

476 1668 615 1735 Quid
652 1666 1039 1723 eonviciamini
1063 1666 1195 1721 me?
1226 1675 1283 1721 et
1307 1665 1442 1736 quid
1471 1666 1696 1722 tentatis
1724 1665 2058 1721 Dominum?

477 1758 662 1814 Sitivit
700 1768 883 1815 autem
919 1761 1159 1831 pepulus
1187 1760 1301 1814 illic
1330 1775 1551 1829 aquam,
1596 1770 1654 1816 et
1690 1759 2059 1816 murmuravit

476 1860 668 1905 contra
694 1850 901 1916 Mosen,
928 1851 1120 1906 dicens
1154 1870 1168 1906 :
1196 1851 1340 1919 Quid
1367 1852 1493 1917 hoc,
1526 1853 1676 1923 quod
1697 1852 1936 1908 eduxisti
1958 1866 2059 1907 nos

475 1958 545 1996 ex
566 1941 823 2015 .Egypto,
856 1954 920 1999 ut
945 1944 1229 2000 occideres
1260 1960 1364 1999 nos
1388 1954 1446 2000 et
1468 1944 1611 2001 ﬁlios
1631 1953 1852 2000 nostros
1889 1955 1945 1999 et
1971 1946 2060 2016 ju-

476 2044 662 2090 menta
683 2035 815 2091 siti?
842 2034 1306 2091 Clamavitautem
1337 2036 1514 2092 Moses
1542 2037 1608 2091 ad
1630 2037 1944 2103 Dominum,
1970 2038 2058 2093 di-

426 2144 429 2147 ·
477 2141 612 2181 cens
640 2144 653 2180 :
687 2126 829 2193 Quid
873 2128 1069 2183 faciam
1096 2127 1300 2198 populo
1334 2127 1506 2182 huic?
1529 2128 1709 2183 adhuc
1740 2130 2021 2200 paululum
2042 2170 2057 2194 ,

475 2225 531 2271 et
555 2217 822 2287 lapidabit
843 2235 950 2273 me.
982 2218 1051 2273 Et
1074 2219 1216 2273 dixit
1245 2220 1513 2275 Dominus
1532 2221 1599 2275 ad
1626 2221 1811 2277 Mosen
1849 2240 1861 2275 :
1890 2223 2060 2278 Ante-

476 2304 613 2360 cede
636 2307 901 2376 populum
921 2307 1112 2364 istum.
1134 2307 1335 2378 Accipe
1354 2317 1539 2363 autem
1570 2317 1754 2364 tecum
1783 2310 1852 2365 de
1882 2311 2064 2365 senio-

477 2394 635 2450 ribus
660 2395 870 2465 populi,
911 2402 968 2451 et
998 2395 1209 2467 virgam
1234 2411 1343 2467 qua
1379 2397 1698 2467 percussisti
1718 2398 1944 2465 ﬁumen,
1967 2416 2060 2456 ac-

476 2487 600 2558 cipe
648 2487 708 2542 in
749 2502 914 2543 manu
945 2494 1057 2554 tua,
1088 2496 1146 2544 et
1174 2489 1335 2545 vade.
1371 2489 1513 2545 Ecce
1541 2506 1643 2561 ego
1691 2492 1851 2546 stabo
1891 2492 2007 2547 illic
2042 2532 2058 2557 ,

478 2585 774 2651 antequam
801 2589 860 2636 tu
883 2580 1113 2636 accedas
1140 2596 1307 2653 super
1332 2590 1544 2652 petram
1573 2582 1629 2637 in
1645 2581 1811 2638 Oreb.
1840 2584 1909 2639 Et
1939 2599 2064 2655 per-

477 2668 654 2725 cuties
682 2678 916 2739 petram,
942 2678 998 2724 et
1034 2669 1210 2725 exibit
1240 2686 1309 2726 ex
1333 2686 1398 2726 ea
1423 2687 1586 2741 aqua,
1609 2680 1667 2727 et
1698 2672 1854 2728 bibet
1881 2689 2062 2745 popu-

479 2758 570 2816 lus
597 2775 773 2815 meus.
806 2760 959 2817 Fecit
976 2770 1162 2818 autem
1184 2762 1364 2818 Moses
1390 2763 1473 2818 sic
1499 2778 1686 2819 coram
1716 2762 1845 2821 ﬁliis
1871 2765 2059 2821 Israel:

477 2858 536 2907 et
567 2851 785 2908 Vocavit
808 2868 1011 2909 nomen
1050 2853 1158 2908 loci
1176 2853 1345 2920 illius,
1370 2853 1626 2909 Tentatio
1652 2853 1766 2911 sive
1791 2855 2061 2928 Iurgium,

478 2950 706 3012 propter
723 2943 1163 3016 objurgationem
1199 2944 1441 3000 ﬁliorum
1473 2945 1662 3013 Israel,
1703 2955 1760 3002 et
1787 2947 1916 3018 quia
1940 2953 2063 3003 teu-

481 3039 739 3091 taverunt
789 3034 1084 3091 Dominum
1131 3035 1380 3092 dicentes
1425 3054 1439 3090 :
1480 3034 1537 3091 Si
1576 3048 1662 3093 est
1700 3037 1963 3094 Dominus
2003 3039 2059 3094 in

479 3123 643 3181 nobis
672 3140 744 3180 an
771 3141 884 3181 non
916 3127 1006 3182 "‘2
1035 3147 1054 3179 ι
1091 3127 1220 3183 Haec
1246 3129 1411 3198 310
1450 3128 1675 3198 quidem
1705 3129 1869 3185 nobis
1901 3130 1959 3185 in
1989 3131 2060 3186 li-

481 3215 583 3273 bro
609 3215 784 3271 Exodi
804 3216 1026 3273 divinus
1047 3232 1230 3273 sermo
1261 3201 1657 3273 commemorat
1683 3237 1697 3275 :
1735 3220 1833 3277 sed
1861 3220 1917 3275 in
1951 3221 2064 3278 Nu-

482 3306 653 3361 meris
673 3306 909 3376 amplior
928 3308 998 3363 de
1015 3308 1105 3363 bis
1122 3308 1366 3364 narratio
1395 3309 1721 3378 instituitur,
1763 3327 1928 3383 quam
1960 3330 2062 3371 ne-

482 3397 786 3452 cessarium
804 3412 928 3454 esse
955 3398 1202 3454 arbitror
1231 3408 1292 3455 ut
1312 3401 1369 3455 iu
1410 3401 1655 3457 medium
1683 3403 2059 3475 proferamus;

484 3496 545 3543 ut
573 3487 786 3560 singula
806 3497 957 3546 recte
972 3497 1271 3562 exactaque
1299 3493 1727 3564 perpendentes,
1752 3496 1820 3551 ad
1846 3497 2062 3568 plenam

483 3593 677 3635 eorum
715 3595 838 3650 qua:
879 3580 1010 3637 olim
1050 3581 1285 3652 ﬁgurate
1327 3592 1479 3653 gesta
1520 3593 1651 3641 sunt
1691 3588 2062 3659 cognitionem

484 3669 891 3740 perveniamus,
919 3680 977 3727 et
1012 3672 1318 3743 spiritualis
1364 3688 1561 3731 sensus
1594 3676 2063 3748 pulchritudinem

452 3777 909 3834 consequamur.
955 3765 1037 3820 Ita
1090 3765 1261 3837 igitur
1302 3768 1571 3839 scriptum
1608 3770 1887 3826 habetur:
1938 3791 1957 3824 ι
1998 3774 2066 3831 Et

485 3864 758 3911 venerunt
786 3855 886 3912 ﬁlii
919 3857 1087 3914 lsrael
1115 3867 1173 3914 et
1203 3860 1384 3917 omnis
1409 3862 1757 3932 congregatio
1793 3863 1851 3917 in
1879 3864 2068 3921 deser-

486 3957 605 4003 tum
636 3948 768 4016 Sin,
814 3950 873 4006 in
911 3967 1102 4007 mense
1149 3952 1351 4023 primo,
1382 3960 1439 4008 et
1483 3954 1687 4010 mansit
1731 3957 1970 4027 populus
2005 3956 2063 4013 in

484 4041 680 4110 Gades,
714 4050 773 4097 et
796 4051 1017 4099 mortua
1040 4052 1127 4100 est
1148 4044 1227 4099 ibi
1248 4044 1418 4100 Maria
1440 4054 1508 4102 et-
1526 4047 1760 4118 sepulta.
1780 4046 1941 4103 Nulla
1962 4064 2062 4103 au-

488 4140 599 4187 tem
651 4147 796 4200 aqua
849 4140 971 4186 erat
1027 4135 1466 4204 congregationi,
1505 4145 1562 4191 et
1601 4138 1913 4210 congregati
1937 4148 2067 4200 sunt

486 4226 680 4274 contra
705 4218 841 4275 Mosi
871 4226 929 4274 et
958 4219 1162 4275 Aaron.
1189 4220 1259 4275 Et
1284 4224 1650 4277 murmuravit
1667 4224 1905 4295 populus
1929 4239 2062 4281 con-

489 4320 573 4366 tra
598 4311 807 4377 Mosen,
828 4311 1077 4373 dicentes
1106 4330 1118 4367 :
1146 4313 1366 4371 Utinam
1394 4314 1596 4369 mortui
1621 4329 1868 4372 essemus
1890 4317 1949 4372 in
1973 4317 2061 4372 in-

2162 477 2548 549 νενικηκότων,
2596 477 2678 530 ὅτι
2714 495 2732 528 ι
2757 476 2996 547 Θέατρον
3058 475 3398 547 ἐγενήθησαν
3442 476 3522 548 τῷ
3554 477 3752 560 μὸσμφ

2160 570 2255 622 καὶ
2282 569 2536 638 ἀγγέλοις
2582 569 2676 623 καὶ
2718 568 3049 639 ἀνθρώποις.
3077 586 3095 616 ι
3147 567 3519 637 Δοκιμάζεται
3571 569 3749 623 τοίνυν

2160 658 2561 731 πολυτρόπωςό
2594 658 2937 731 ’1σραὴλ,ἴνα
2957 657 3063 711 κᾶν
3098 658 3147 710 εἰ
3178 657 3424 727 φαίνοιτο
3453 658 3627 711 νοσῶν
3672 659 3749 712 ἔτι

2157 749 2219 805 τὸ
2243 750 2457 815 ἀναλκι,
2479 748 2811 818 θαυμάζοιτο
2839 748 2935 820 μὲν
2958 748 3052 801 ἐπὶ
3105 748 3273 820 πολλῇ
3299 747 3420 801 λίαν
3450 751 3750 821 ἡμερότητι

2158 844 2312 910 Θεὸς,
2346 841 2805 914 πλημμελοῦντας
2843 842 3200 912 ἀνεχόμενος·
3262 844 3661 912 σκιαγραφοῖτο
3698 842 3749 894 δὲ

2162 937 2362 1008 μᾶλλον
2401 937 2533 1007 ἡμῖν
2570 935 2656 1005 ἐφ’
2696 935 2912 1004 ἑκάστῳ
2953 934 3063 988 τῶν
3095 933 3523 1006 συμϐεϐηκότων
3551 932 3613 985 τὸ
3649 951 3749 1003 μυ-

2164 1028 2405 1098 στήριον.
2446 1028 2609 1097 Ἀρτι
2643 1025 2746 1097 μὲν
2780 1022 2875 1079 οὖν
2908 1025 3000 1078 τὸν
3030 1025 3121 1078 ἐπί
3152 1042 3212 1078 τε
3251 1028 3317 1095 τῇ
3356 1025 3749 1095 ὀρτυγομήτρα

2161 1119 2258 1171 καὶ
2305 1116 2495 1187 μέντοι
2523 1116 2621 1204 xa'l
2655 1115 2735 1188 τῷ
2766 1115 2948 1188 μάννα
2979 1115 3414 1186 διαπεράσαντες
3454 1115 3639 1184 λόγον,
3686 1118 3743 1169 οὺ

2161 1209 2401 1282 μετρίως
2444 1209 2951 1282 κατηρῤωστηκότα
2974 1209 3035 1263 τὸ
3064 1209 3295 1282 ἀδρανὲς
3336 1208 3434 1263 καὶ
3466 1204 3769 1280 φιλήδονον⁶

2158 1302 2528 1373 διεδείκνυμεν
2571 1303 2662 1356 τὸν
2701 1304 2938 1376 Ἰσραήλ.
2980 1303 3118 1356 Ἀλλ’
3145 1302 3259 1356 ἰδοὺ
3302 1301 3469 1355 πάλιν
3509 1302 3611 1354 καὶ
3653 1302 3750 1353 οὐκ

2159 1396 2241 1459 εἰς
2262 1395 2484 1467 μακρὰν
2505 1395 2866 1468 παροτρύνων
2889 1396 3104 1466 ὁρᾶται.
3134 1393 3451 1464 Γέγραπται
3472 1392 3586 1463 γὰρ
3606 1391 3751 1445 οὕτω

2161 1486 2323 1540 πάλιν
2342 1503 2356 1516 ·
2393 1506 2411 1538 ι
2432 1485 2544 1540 Kal
2567 1486 2751 1557 ἀπῆρε
2776 1487 2926 1539 πᾶσα
2960 1487 2993 1556 ἡ
3018 1485 3321 1555 συναγωγὴ
3363 1484 3494 1537 υἱῶν
3533 1482 3751 1553 Ἰσραὴλ

2159 1578 2223 1630 ὲκ
2245 1577 2346 1647 τῆς
2384 1576 2592 1646 ἐρήμου
2623 1574 2734 1639 Σὶν,
2763 1573 2906 1639 κατά
2942 1572 3297 1644 παρεμϐολὰς
3325 1572 3508 1627 αὐτῶν
3538 1571 3628 1625 διὰ
3654 1574 3751 1642 ῥή-

2163 1683 2330 1738 ματος
2357 1664 2583 1737 Κυρίου,
2620 1665 2715 1719 καὶ
2741 1665 3106 1738 παρενέϐαλον
3135 1666 3194 1718 ὲν
3223 1663 3521 1733 Ῥαφιδεῖνο
3555 1664 3655 1716 οὐκ
3683 1658 3751 1732 ἦν

2159 1758 2216 1812 δὲ
2255 1756 2398 1831 ὕδωρ
2434 1756 2517 1828 τῷ
2557 1755 2673 1828 λαῷ
2708 1758 2873 1812 πιεῖν.
2908 1757 3018 1811 Kal
3053 1755 3373 1827 ἐλοιδορεῖτο
3394 1758 3423 1809 ὁ
3450 1754 3581 1819 λαὸς
3614 1753 3751 1825 πρὸς

2158 1852 2365 1922 Μωσῆν
2426 1850 2706 1920 λέγοντες·
2749 1850 2849 1914 Δὸς
2905 1851 3037 1920 ἡμῖν
3116 1848 3281 1920 ὕδωρ,
3345 1848 3432 1901 ἴνα
3511 1848 3748 1919 πίωμεν.

2160 1941 2271 1996 Kal
2315 1937 2468 1995 εἶπεν
2506 1942 2688 2005 αὐτοῖς
2738 1942 2976 2010 Μωσῆς·
3011 1940 3079 1993 Τί
3117 1939 3443 2011 λοιδορεῖσθέ
3489 1957 3619 2010 μοι;
3657 1943 3756 1994 καὶ

2158 2030 2212 2085 τί
2260 2028 2549 2099 πειράζετε
2592 2028 2826 2100 Κύριον;
2874 2027 3125 2099 Ἐδίψησε
3171 2027 3229 2080 δὲ
3260 2027 3387 2091 λαὸς
3429 2027 3753 2095 ὓδατιὲκεϊ,

2160 2116 2256 2170 καὶ
2289 2114 2587 2185 ὲγόγγυζεν
2615 2118 2643 2170 ὁ
2668 2115 2796 2180 λαὸς
2829 2115 2923 2170 ἐπὶ
2954 2115 3162 2186 Μωσῆν
3197 2116 3494 2184 ,λέγοντες
3532 2119 3651 2172 ἰνα
3693 2120 3756 2171 τε

2160 2208 2319 2265 τοῦτο
2370 2208 2697 2273 ἀνεϐίϐασας
2748 2209 2897 2280 ἡμᾶς
2958 2207 3018 2274 ἐξ
3069 2207 3368 2277 Αἰγύπτου,
3428 2209 3755 2264 ἀποκτεῖναι

2160 2303 2310 2372 ἡμᾶς
2361 2302 2457 2355 καὶ
2498 2300 2567 2355 τά
2615 2300 2779 2355 τέκνα
2823 2301 3005 2371 ἡμῶν,
3035 2301 3129 2355 καὶ
3159 2299 3227 2355 τά
3270 2301 3443 2372 κτήνη
3474 2302 3635 2373 ἡμῶν
3666 2302 3755 2373 τῷ

2160 2393 2333 2464 δίψει;
2382 2392 2607 2463 Ἐὂόησε
2652 2391 2709 2446 δὲ
2752 2393 2956 2463 Μωσῆς
2999 2391 3136 2463 πρὸς
3191 2392 3416 2464 Κύριον,
3439 2392 3651 2461 λέγων’
3680 2394 3757 2447 Τί

2163 2486 2375 2558 ποιήσω
2412 2486 2490 2558 τῷ
2526 2484 2640 2556 λαῷ
2670 2484 2879 2555 τούτῳ;
2914 2482 2994 2537 ἔτι
3042 2472 3239 2554 μικρὸν
3266 2484 3363 2537 καὶ
3387 2485 3758 2539 καταλιθοῦο-

2162 2574 2384 2648 λήσουσί
2416 2593 2504 2645 με.
2536 2575 2646 2630 Kal
2673 2570 2796 2629 εἶπε
2824 2573 3029 2646 Κύριος
3073 2574 3207 2645 πρὸς
3246 2575 3453 2645 Μωσῆν
3473 2592 3487 2605 ·
3528 2576 3758 2646 Προπο-

2167 2666 2325 2738 ρεύου
2362 2666 2457 2721 τοῦ
2502 2665 2634 2721 λαοῦ
2680 2666 2894 2721 τούτου.
2919 2666 3066 2721 Λαϐὲ
3092 2667 3148 2721 δὲ
3187 2664 3326 2738 μετά
3378 2668 3612 2722 σεαυτοῦ
3637 2669 3759 2723 ἀπὸ

2163 2761 2270 2815 τῶν
2319 2759 2704 2832 πρεσϐυτέρων
2755 2758 2851 2814 τοῦ
2899 2758 3051 2826 λαοῦ,
3108 2760 3205 2813 καὶ
3258 2758 3358 2829 τὴν
3397 2759 3598 2831 pasam
3626 2760 3684 2814 ὲν
3712 2754 3758 2834 ᾖ

2163 2852 2440 2920 ὲπάταξας
2476 2851 2566 2906 τὸν
2614 2851 2879 2922 ποταμὸν,
2929 2851 3063 2906 λαϐὲ
3106 2852 3163 2904 ὲν
3203 2853 3270 2922 τῇ
3316 2852 3461 2921 χειρί
3494 2868 3614 2917 σου,
3656 2850 3761 2905 καὶ

2164 2944 2420 3016 πορεύου.
2462 2943 2590 2997 Ἰδοὺ
2619 2942 2730 3013 ἐγὼ
2756 2944 2963 3013 ἕστηκα
2990 2944 3106 2996 ἐκεῖ
3150 2942 3255 3014 πρὸ
3312 2942 3407 2996 τοῦ
3446 2943 3626 2997 ἐλθεῖν
3657 2943 3760 2996 ἐπὶ

2163 3036 2260 3106 τῆς
2294 3036 2499 3107 πέτρας
2545 3036 2603 3090 ὲν
2663 3034 2889 3107 Χωρήϐ.
2933 3033 3047 3089 Kal
3097 3034 3357 3100 πατάξεις
3384 3033 3483 3106 τῆν
3515 3036 3757 3106 πέτραν,

2163 3127 2262 3182 καὶ
2300 3125 2638 3192 ἐξελεύσεται
2673 3126 2816 3199 ὕδωρ
2850 3125 2909 3193 ἐξ
2955 3126 3128 3195 αὐτῆς
3150 3165 3164 3190 ,
3219 3125 3316 3180 καὶ
3346 3126 3533 3181 πίεται
3560 3130 3591 3183 ὁ
3618 3127 3758 3195 λαός

2166 3237 2291 3293 μου.
2330 3220 2586 3291 Ἐποίησε
2611 3218 2670 3273 δὲ
2700 3218 2908 3288 Μωσῆς
2952 3216 3127 3281 οὕτως
3169 3217 3412 3272 ἐναντίον
3463 3218 3574 3272 τῶν
3614 3220 3758 3277 υἱῶν

2175 3312 2412 3386 Ἰσραὴλ,
2442 3312 2538 3367 καὶ
2562 3310 2885 3382 ἐπωνόμασε
2909 3309 2972 3364 τὸ
2999 3310 3172 3380 ὄνομα
3197 3308 3292 3363 τοῦ
3318 3309 3489 3363 τόπου
3511 3311 3754 3377 ἐκείνου,

2166 3404 2479 3475 Πειρασμὸν
2529 3404 2627 3458 xal
2676 3402 3001 3473 λοιδόρησιν,
3026 3401 3114 3456 διὰ
3158 3400 3256 3472 τὴν
3292 3400 3596 3473 λοιδόρησιν
3642 3405 3757 3457 τῶν

2164 3497 2294 3552 υίῶν
2336 3497 2571 3570 Ἰσραὴλ,
2614 3497 2709 3551 καὶ
2731 3496 2820 3550 διὰ
2845 3494 2908 3549 τὸ
2941 3492 3222 3565 πειράζειν
3245 3493 3447 3565 Κύριον
3471 3494 3755 3564 λέγοντες·

2163 3591 2228 3644 El
2255 3589 2370 3644 ἐστι
2396 3588 2602 3661 Κύριος
2637 3590 2696 3642 ὲν
2720 3588 2873 3659 ἡμῖν,
2902 3587 2937 3659 ἢ
2966 3582 3029 3639 οὗ
3054 3601 3069 3651 ;
3094 3603 3114 3638 ι
3152 3585 3264 3640 Kal
3295 3585 3455 3639 ταυτὶ
3483 3586 3586 3656 μὲν
3616 3589 3757 3659 ἡμῖν

2166 3684 2225 3739 ὲν
2253 3684 2321 3753 τῇ
2369 3680 2568 3751 meum.»
2598 3681 2659 3735 τὸ
2703 3677 2846 3733 θεῖον
2879 3678 2982 3750 ἔφη
3022 3678 3437 3749 χρησμῲδημα·
3475 3695 3758 3750 κατακερ-

2167 3775 2349 3846 ματιεῖ
2385 3772 2443 3826 δὲ
2472 3771 2663 3844 ὥσπερ
2711 3772 2769 3824 ὲν
2804 3772 2918 3835 τοῖς
2963 3770 3242 3842 Ἀριθμοῖς
3297 3767 3601 3842 εὐρυτέραν
3648 3772 3758 3840 ἀφ-

2162 3862 2480 3936 ήγησιν,.ἣν
2521 3862 2614 3916 καὶ
2653 3862 2950 3931 ἀναγκαῖον
2973 3858 3128 3932 οἶμαι
3162 3861 3543 3930 παρενεγκεῖν,
3567 3859 3647 3925 ὡς
3688 3859 3757 3914 ἂν

2162 3953 2370 4007 ἕκαστα
2405 3947 2785 4021 βασανίζοντες
2817 3948 2992 4023 ὀρθῶς
3020 3949 3115 4002 καὶ
3170 3946 3580 4018 ἀπεξεσμένως,
3610 3949 3755 4003 ἀπο-

2163 4042 2384 4115 χρῶσαν
2418 4041 2629 4113 ἔχωμεν
2674 4039 2782 4094 τῶν
2836 4040 3003 4095 πάλαι
3035 4039 3337 4110 γεγονότων
3364 4038 3612 4102 τυπικῶς
3647 4041 3753 4111 τὴν

2162 4135 2389 4207 εἴδησιν,
2429 4134 2525 4189 καὶ⁷
2569 4133 2703 4204 πρός
2758 4149 2820 4199 γε
2870 4131 2936 4203 δὴ
2977 4130 3208 4196 τούτοις,
3239 4132 3337 4202 τῆς
3364 4130 3753 4202 πνευματικῆς

2163 4225 2394 4298 θεωρίας
2420 4226 2482 4279 τὸ
2523 4223 2740 4288 κάλλος.
2777 4224 3093 4294 Γέγραπται
3120 4223 3187 4295 δὴ
3224 4218 3319 4278 οὖν
3338 4237 3354 4253 ·
3397 4242 3416 4273 ι
3439 4222 3553 4277 Καὶ
3578 4218 3753 4292 ἦλθον

2163 4322 2213 4374 οἱ
2237 4318 2347 4373 υἱοὶ
2381 4317 2619 4390 Ἰσραὴλ,
2651 4317 2747 4372 καὶ
2786 4317 2936 4371 πᾶσα
2967 4317 3001 4387 ὴ
3044 4315 3334 4387 συναγωγὴ
3366 4317 3447 4379 είς
3486 4316 3586 4386 τὴν
3616 4318 3753 4387 ἐρηο

487 4399 652 4456 teritu
709 4399 944 4456 fratrum
986 4409 1301 4459 nostrorum
1337 4419 1523 4459 coram
1574 4404 1843 4462 Domino!
1879 4406 2059 4475 Quare

2167 4428 2266 4483 μον
2292 4410 2408 4474 Σὶν,
2443 4411 2500 4463 ὲν
2529 4408 2608 4481 τῷ
2639 4408 2772 4480 μηνὶ
2817 4408 2897 4480 τῷ
2937 4406 3160 4480 πρώτῳ,
3214 4406 3310 4461 καὶ
3355 4407 3684 4478 κατέμεινεν
3724 4412 3752 4463 ό

484 4489 762 4545 adduxisti
786 4492 1263 4563 congregationem
1293 4491 1510 4548 Domini
1544 4493 1601 4547 in
1622 4493 1903 4551 desertum
1931 4496 2056 4565 hoc,

2164 4502 2292 4566 λαὸς
2321 4504 2378 4557 ὲν
2417 4500 2622 4571 Καδὴς,
2669 4500 2766 4554 καὶ
2811 4497 3167 4570 ἐτελεύτησεν
3206 4498 3322 4551 ἐκεῖ
3352 4497 3611 4570 Μαριὰμ,
3652 4500 3751 4553 καὶ

486 4589 548 4635 ιιι
600 4580 886 4636 occideres
912 4597 1017 4637 nos
1051 4590 1109 4637 et
1131 4583 1384 4654 iumenta
1412 4585 1645 4640 nostra?
1670 4583 1849 4652 Quare
1867 4588 2059 4645 eduxi-

2164 4596 2339 4667 ἐτάφη
2369 4595 2502 4648 ἐκεῖ.
2528 4593 2640 4646 Kal
2664 4593 2764 4647 οὐκ
2789 4587 2857 4664 ἦν
2887 4592 3032 4664 ὕδωρ
3056 4593 3123 4663 τῇ
3154 4592 3463 4662 συναγωγῇ,
3497 4591 3594 4644 καὶ
3622 4607 3749 4645 συν-

483 4672 554 4728 sti
576 4686 678 4727 nos
699 4686 768 4726 ex
788 4670 1049 4743 Egypto,
1084 4681 1147 4728 ut
1177 4674 1494 4732 veniremus
1527 4675 1585 4731 in
1610 4676 1794 4733 locum
1826 4695 2057 4750 pravum

2162 4685 2531 4760 ηθροίσθησαν
2560 4683 2657 4738 ἐπὶ
2681 4684 2854 4756 Μωσῇ
2881 4683 2978 4738 καὶ
3011 4681 3242 4755 Ἀαρών.
3282 4682 3392 4736 Kal
3426 4680 3752 4750 ἐλοιδορεῖτο

482 4763 669 4821 hunc?
691 4763 869 4819 Locus
888 4763 984 4819 ubi
1006 4779 1118 4821 non
1146 4766 1473 4834 seminatur,
1502 4784 1684 4840 neque
1704 4770 1861 4838 ﬁcus,
1877 4788 2059 4845 neque

2161 4783 2191 4836 ὀ
2217 4778 2343 4843 λαὸς
2368 4776 2505 4844 πρὸς
2543 4776 2770 4848 Μωσῆν,
2814 4775 3090 4845 λέγοντες·
3134 4773 3364 4843 Ὄφελον
3413 4772 3749 4843 ἀπωλόμεθα

482 4867 676 4923 Vineae,
703 4870 885 4926 neque
905 4856 1046 4911 mala
1082 4864 1338 4933 grauata,
1369 4874 1549 4930 neque
1572 4875 1713 4933 aqua
1750 4871 1837 4920 est
1872 4863 1942 4920 ad
1969 4865 2057 4923 bi-

483 4946 747 5003 bendum.
778 4946 848 5003 Et
868 4947 1020 5003 venit
1047 4947 1228 5005 Moses
1255 4932 1322 5005 ad
1346 4948 1530 5007 Aaron
1568 4967 1601 5009 a
1624 4932 1785 5010 facie
1833 4970 2061 5029 congre-

482 5040 720 5112 gationis
740 5040 811 5096 ad
839 5041 1041 5097 ostium
1061 5041 1405 5098 tabernaculi
1436 5043 1784 5102 Testimonii.
1815 5049 1886 5105 Et
1908 5050 2057 5107 ceci-

424 5178 447 5201 ,
485 5133 687 5190 derunt
709 5133 764 5191 in
793 5132 987 5190 faciem
1033 5149 1188 5189 suam
1209 5175 1224 5199 ,
1252 5142 1311 5190 et
1340 5136 1599 5205 apparuit
1640 5138 1817 5209 gloria
1837 5141 2062 5199 Domini

483 5223 554 5282 ad
575 5224 719 5280 illos.
744 5224 815 5279 Et
839 5224 1057 5281 locutus
1074 5234 1160 5281 est
1190 5224 1456 5281 Dominus
1487 5225 1557 5281 ad
1581 5226 1789 5298 Mosen,
1813 5231 2008 5290 dicens
2041 5251 2056 5290 :

482 5316 684 5390 Accipe
716 5316 947 5390 virgam,
982 5325 1040 5373 ct
1070 5332 1345 5390 congrega
1373 5322 1874 5391 congregationem,
1916 5334 1976 5382 tu
1996 5334 2058 5383 et

481 5406 664 5464 Aaron
683 5407 855 5464 frater
866 5417 1014 5478 tuus,
1034 5418 1091 5466 et
1116 5410 1405 5481 loquimini
1428 5412 1497 5469 ad
1517 5421 1726 5484 petram
1748 5431 1934 5474 coram
1953 5420 2056 5488 eis,

484 5503 541 5551 et
563 5496 717 5553 dabit
735 5511 905 5567 aquas
935 5515 1082 5567 suas,
1105 5508 1162 5556 et
1189 5502 1438 5559 educetis
1459 5503 1542 5560 eis
1565 5520 1764 5577 aquam
1783 5524 1851 5566 ex
1875 5519 2055 5582 petra,

558 5671 602 5706 "
650 5669 1059 5745 lCor._Iv,-l9.
1135 5677 1375 5753 "Exod.
1411 5696 1538 5753 xvu,
1574 5683 1692 5745 1-7.

2160 4875 2218 4927 ὲν
2246 4875 2315 4946 τῇ
2353 4869 2601 4942 ἀπωλείᾳ
2647 4866 2756 4923 τῶν
2795 4867 3041 4937 ἀδελφῶν
3078 4866 3237 4939 ἡμῶν
3289 4864 3470 4919 ἔναντι
3500 4864 3743 4937 Κυρίουί

2159 4963 2273 5019 Kal
2303 4963 2392 5017 ἵνα
2425 4960 2478 5016 τί
2520 4962 2727 5033 ῆγαγες
2771 4957 2871 5030 τὴν
2901 4956 3223 5027 συναγωγὴν
3260 4953 3467 5027 Κυρίου
3510 4954 3595 5019 είς
3642 4956 3747 5026 τὴν

2157 5054 2363 5128 ἔρημον
2389 5054 2592 5125 ταύτην
2612 5052 2932 5107 ἀποκτεῖναι
2957 5050 3105 5122 ἡμᾶς
3133 5049 3228 5103 καὶ
3251 5046 3318 5102 τὰ
3349 5046 3514 5101 τέκνα
3544 5045 3745 5117 ἡμῶνς

2156 5147 2268 5202 Kal
2298 5147 2388 5201 ἴνα
2421 5145 2474 5200 τί
2503 5143 2662 5200 τοῦτο
2692 5140 2996 5214 ἁνηγάγετε
3026 5142 3177 5214 ἡμᾶς
3211 5138 3273 5205 ἐξ
3317 5137 3599 5207 Αἰγύπτου
3635 5153 3745 5189 πα-

2155 5237 2483 5311 ραγενέσθαι
2511 5238 2591 5301 εἰς
2619 5236 2713 5291 τὸν
2733 5234 2895 5289 τόπον
2928 5231 3020 5287 τὸν
3044 5229 3281 5302 πονηρὸν
3304 5228 3526 5294 τοῦτον;
3560 5227 3744 5289 Τόπος

2153 5325 2215 5386 οὗ
2259 5331 2322 5385 οὐ
2382 5329 2684 5401 σπείρεται,
2741 5326 2864 5381 οὐδὲ
2909 5325 3091 5390 συκαῖ,
3143 5322 3267 5377 οὐδὲ
3323 5320 3583 5392 ἄμπελοι,
3615 5317 3742 5372 οὐδὲ

2157 5423 2300 5498 ῥοαὶ,
2335 5423 2456 5478 οὐδὲ
2489 5423 2633 5495 ὕδωρ
2655 5420 2818 5495 [ἔστι]
2852 5422 3015 5476 πιεῖν.
3063 5419 3173 5473 Kal
3221 5413 3352 5490 ἦλθε
3403 5414 3613 5485 Μωσῆς
3642 5412 3740 5467 καὶ

2168 5514 2380 5587 ’Λαρὼν
2410 5515 2520 5572 ἀπὸ
2574 5513 2869 5586 προσώπου
2896 5512 2995 5584 τῆς
3025 5510 3347 5583 συναγωγῆς
3386 5508 3481 5564 ἐπὶ
3513 5507 3617 5581 τὴν
3638 5503 3734 5562 θύα
