4024 6198
290 336 399 398 ‘97
1295 341 1562 399 GLAPHY
1572 342 1813 403 RORUM
1852 345 1880 400 1Ῑ

1983 343 2243 406 ΞΧΟΒυΜ
2280 347 2408 403 LIB.
2451 349 2538 406 111.
3455 343 3559 404 898

296 457 465 528 ραήλο
509 456 813 527 ὲπετιμᾶτο
831 456 1056 527 Μωσῆς,
1100 458 1197 511 σῦν
1233 458 1381 531 αὑτῷ
1412 460 1470 513 δὲ
1504 461 1599 515 καὶ
1641 464 1873 535 Ἀαρών.

1983 480 2094 521 ram
2124 465 2237 521 Deo
2267 466 2511 521 illustres
2536 481 2551 531 ;
2583 466 2679 520 sed
2723 442 2907 535 potius
2943 460 3308 534 procedemus
3332 444 3393 513 in.
3422 459 3559 514 civi-

296 566 317 599 ι
354 549 435 602 οὐ
466 547 576 619 γὰρ
606 546 875 615 εἰσάξετε,
906 549 1092 619 φησὶν,
1131 550 1288 620 ὑμεῖς
1313 552 1439 616 τοὺς
1466 554 1621 617 υἰοὺς
1662 553 1875 627 Ἰσραὴλ

1983 565 2149 611 tatem
2184 569 2502 626 supernam,
2537 560 2700 624 atque
2737 554 2793 608 in
2829 562 3046 623 patrum
3075 548 3450 605 haereditatcm
3474 548 3563 602 in-

291 642 375 704 εἰς
412 641 514 711 τὴν
549 638 653 709 γῆν
687 638 757 710 ἢν
797 638 974 693 ἔδωκα
1006 639 1209 704 αὐτοῖς.
1253 659 1271 693 ι
1312 642 1598 714 Εἱσκομιεῖ
1640 643 1695 697 δὲ
1725 647 1875 716 ἡμᾶς

1984 647 2271 713 trahimus,
2315 647 2511 702 ducem
2553 646 2819 700 habentes
2862 643 3165 704 Christum.
3192 657 3291 711 per
3316 656 3478 711 quem
3506 648 3565 694 et

292 731 373 794 εἰς
404 732 508 801 τὴν
535 729 644 784 τῶν
669 730 842 799 ἁγίων
871 729 1105 802 κλῆρον,
1133 732 1228 785 καὶ
1260 735 1340 794 εἰς
1370 733 1470 805 τὴν
1504 734 1873 807 ἀληθεστέραν

1983 752 2104 792 cum
2138 753 2249 808 quo
2281 737 2451 809 gloria
2485 738 2598 792 Deo
2646 752 2710 792 ac
2756 735 2907 791 Patri
2954 750 3080 790 cum
3124 743 3313 789 sancto
3353 731 3560 803 Spiritu

289 822 393 891 τῆς
423 822 762 891 ἐπαγγελίας
796 823 922 893 γῆν,
972 823 1093 893 οὐχὶ
1119 824 1284 894 νόμος
1315 827 1342 879 6
1385 828 1442 880 ἐν
1487 828 1682 893 τύποις
1706 869 1719 893 ,
1749 828 1872 883 οὐδὲ

1983 828 2036 884 in
2063 829 2263 885 saecula
2292 831 2639 885 szeculorum.
2674 830 2869 884 Amen.

287 915 393 984 τῆς
421 915 549 969 καθ·
575 915 741 968 αὐτὸν
766 913 1098 986 ιερωσύνης.
1128 916 1189 969 τὸ
1211 917 1270 969 ιν
1300 919 1482 981 σκιαῖς
1509 918 1759 989 ἀδρανές.
1794 906 1904 971 ’οὑ
1944 918 2052 989 γὰρ
2077 917 2147 971 δι’
2187 918 2441 988 αἱμάτων
2468 918 2930 990 εὐαρεστήσομενν
2966 913 3090 968 οὔτε
3158 914 3266 985 μὴν
3297 914 3354 966 έν
3387 913 3559 982 αὖκή⁴

293 1023 434 1079 μασι
458 1009 579 1071 τοῖς.
608 1004 998 1077 γεωδεστέροις
1020 1006 1321 1079 ἐκπρεπεῖς
1350 1008 1590 1081 ἐσόμεθα
1620 1012 1772 1082 παρὰ
1796 1008 1872 1080 τῷ
1906 1010 2060 1082 Θεῴο
2104 1008 2436 1081 βαδιούμεθα
2503 1010 2561 1063 δὲ
2630 1007 2828 1081 μᾶλλον
2870 1008 2951 1070 εἰς
2987 1006 3085 1076 τὴν
3117 1005 3225 1061 ἄνω
3257 1005 3433 1069 πόλιν,
3461 1008 3556 1061 καὶ

287 1102 372 1162 εἰς
422 1100 518 1154 τὸν
571 1098 677 1153 τῶν
728 1098 984 1169 πατέρων
1025 1097 1232 1171 ἥξομεν
1314 1100 1537 1174 κλῆρον,
1593 1103 1914 1176 καθηγητὴν
1948 1103 2165 1176 ἔχοντες
2201 1104 2293 1158 τὸν
2316 1103 2572 1177 Χριστὸν,
2641 1104 2711 1157 δι’
2733 1094 2795 1157 οὗ
2831 1102 2925 1157 καὶ
2952 1102 3071 1173 μεθ’
3103 1092 3166 1154 οὗ
3197 1099 3281 1171 τῷ
3316 1099 3437 1173 Θεῷ
3465 1100 3560 1156 καὶ

290 1195 476 1267 Πατρὶ
514 1197 548 1267 ἡ
576 1194 726 1261 δόξα,
767 1194 867 1249 σὺν
894 1194 1036 1266 ἁγίῳ
1062 1194 1345 1266 Πνεύματι
1369 1235 1385 1259 ,
1418 1197 1499 1261 εἰς
1520 1198 1645 1262 τοὺς
1672 1198 1876 1263 αἰῶνας
1906 1198 2016 1252 τῶν
2042 1196 2274 1251 αἰώνων.
2328 1198 2524 1270 Ἀμήν.

288 1314 439 1384 Περὶ
468 1313 579 1382 τῆς
604 1312 674 1366 ἐν
719 1309 800 1376 τῷ
829 1311 949 1384 ὄρει
983 1309 1444 1384 Σινᾷ-καθόδου.
1481 1315 1578 1368 καὶ
1616 1313 1725 1383 τῆς
1761 1313 1877 1368 πά-

683 1380 1042 1450 ραστάσεως
1067 1381 1175 1437 τοῦ
1218 1383 1480 1452 Ἰσραήλ.

362 1480 434 1527 α’.
454 1473 515 1527 ὐ
539 1472 745 1545 Κύριος
767 1471 927 1542 ἡμῶν
963 1472 1426 1544 ἸησοῦςΧριστὸς
1448 1475 1566 1536 ταῖς
1605 1472 1877 1527 Ἰουδαίων

287 1563 520 1632 ἀγέλαις
547 1562 648 1633 τὴν
685 1561 773 1615 διὰ
808 1562 1044 1623 πίστεως
1070 1559 1340 1631 λύτρωσιν
1375 1564 1435 1614 οῦ
1466 1562 1871 1633 προσιεμένοις,

1974 1309 2053 1365 De
2102 1308 2199 1363 Dei
2242 1312 2297 1365 in
2348 1319 2577 1365 montem
2629 1309 2761 1436 Slina
2800 1312 3105 1435 (descensu,
3165 1320 3212 1365 et
3257 1310 3558 1367 assistentia

2676 1398 2796 1436 srae
2818 1398 2883 1436 ιε.

2676 1398 2883 1436 87⁵08118.

2046 1472 2096 1526 1.
2127 1473 2393 1528 Dominus
2424 1479 2614 1527 noster
2636 1471 2797 1528 Jesus
2818 1471 3075 1527 Christus
3105 1470 3298 1526 turbas
3335 1467 3557 1525 Judaeu-

1974 1579 2117 1629 rum,
2162 1565 2257 1635 qui
2293 1566 2724 1635 redemptionem
2749 1580 2848 1635 per
2869 1564 3032 1619 [idem
3061 1579 3170 1619 non
3198 1560 3557 1633 recipiebant,

289 1652 682 1726 περιςρρονοῦσι
709 1652 766 1705 δὲ
799 1651 921 1705 λίαν
946 1650 1056 1705 τῶν
1082 1649 1151 1703 δι’
1170 1649 1336 1704 αὐτοῦ
1362 1650 1751 1722 θεσπισμάτων
1773 1652 1873 1724 τὴν

1983 1661 2030 1708 at
2044 1653 2229 1724 potius
2242 1654 2407 1726 316
2423 1655 2598 1725 ipsius
2614 1655 2963 1710 oraculorum
2984 1654 3279 1708 utilitatem
3309 1661 3558 1707 contem-

287 1747 500 1817 ὄνησιν,
524 1745 794 1816 οἰομένοις
817 1760 875 1797 τε
902 1744 1087 1807 αὐτοῖς
1108 1785 1121 1809 ,
1154 1743 1237 1798 ὅτι
1263 1745 1293 1796 6
1321 1744 1487 1813 νόμος
1511 1742 1600 1797 διὰ
1632 1742 1874 1808 Μωσέως

290 1837 543 1910 ἀρκέσει,
574 1837 668 1891 καὶ
701 1837 860 1907 μόνος
897 1838 976 1899 εἰς
1013 1834 1287 1889 οἰκειωσιν
1314 1834 1414 1907 τὴν
1444 1835 1521 1898 ὡς
1547 1834 1686 1905 πρὸς
1716 1833 1873 1901 Θεὸν,

290 1928 637 2001 προσεφώνει
656 1928 829 1998 λέγων
848 1944 893 1981 ⁸(
921 1928 1108 1992 Οὐδεὶς
1128 1928 1347 2000 ἔρχεται
1370 1927 1507 1999 πρὸς
1522 1927 1611 1982 τὸν
1629 1927 1870 1998 Πατέρα,

290 2022 342 2074 εἰ
373 2021 449 2092 μὴ
475 2021 543 2074 δι’
583 2021 740 2091 ἐμοῦ.
783 2039 802 2071 ι
847 2021 959 2075 Καὶ
997 2021 1192 2075 πάλιν·
1237 2040 1254 2073 ι
1329 2021 1471 2089 Ἐγώ
1514 2023 1629 2092 εἰμι
1660 2023 1693 2091 ἡ
1728 2020 1872 2087 ὁδὸς,

291 2113 390 2167 καὶ
425 2111 537 2181 ἐγώ
561 2114 734 2184 εἰμιή
772 2112 931 2183 θύρα.
966 2132 985 2164 ι
1018 2110 1397 2183 Ψευδοεπήσει
1427 2112 1486 2166 δὲ
1507 2113 1679 2166 ταῦτα
1697 2112 1874 2182 λέγων

291 2202 571 2274 οὐδαμῶς,
599 2204 831 2274 ἐπείπερ
860 2203 1010 2256 ἐστὶν
1047 2201 1296 2274 ἀλήθεια.
1338 2204 1450 2257 Καὶ
1478 2204 1735 2274 προσιτὸς
1771 2204 1872 2275 οὐχ

292 2296 499 2367 ῑτέρως
522 2299 550 2350 6
577 2296 711 2360 Θεὸς
736 2296 829 2349 καὶ
871 2296 1081 2369 Πατὴρ,
1116 2296 1256 2368 πλὴν
1285 2298 1333 2351 εἰ
1365 2296 1440 2368 μὴ
1467 2296 1555 2350 διὰ
1591 2296 1750 2367 μόνου
1776 2297 1874 2352 τοῦ

292 2390 440 2444 κατὰ
469 2391 632 2462 φύσιν
656 2388 787 2444 Υἱοῦ
810 2407 824 2420 ·
850 2391 880 2443 6
906 2389 1016 2461 γὰρ
1052 2390 1308 2459 ἐγνωκὼς
1334 2391 1497 2445 αὑτὸν
1533 2392 1738 2445 εἴσεταί
1767 2408 1869 2445 που

291 2480 517 2544 πάντως
551 2481 647 2533 καὶ
681 2480 772 2533 τὸν
815 2478 875 2544 ἐξ
920 2473 982 2534 οὗ
1014 2480 1259 2550 πέφηνεν
1291 2480 1534 2550 Πατέρα.
1578 2480 1872 2553 Τοιγάρτοι

292 2573 388 2626 καὶ
414 2574 653 2641 ἕρασκεν
681 2574 794 2636 τοῖς
814 2571 1060 2626 ἀπειθεῖν
1089 2571 1364 2643 ἑλομένοις
1391 2571 1541 2642 αὐτῷ
1562 2614 1576 2635 ,
1611 2573 1704 2627 καὶ
1733 2573 1872 2627 εἰδὲ-
1916 2566 1919 2569 ’

292 2682 386 2718 ναι
414 2662 636 2732 λέγουσι
667 2662 759 2716 τὸν
784 2662 890 2716 τῶν
911 2662 1048 2716 ὅλων
1077 2661 1238 2717 Θεόψ
1275 2682 1294 2715 ι
1330 2664 1390 2717 Εἰ
1420 2663 1520 2734 ἐμὲ
1551 2662 1749 2734 ᾔδειτε,
1779 2663 1873 2717 καὶ

290 2756 385 2812 τον
417 2755 637 2827 Πατέρα
666 2772 767 2827 μου
790 2755 967 2827 ⁴ᾔδει-ιε
990 2756 1075 2811 ἄν.
1100 2774 1120 2807 ι
1150 2755 1347 2824 Γέγονε
1381 2756 1479 2827 μὶν
1500 2755 1611 2826 γὰρ
1630 2758 1744 2819 τοῖς
1772 2756 1873 2828 ἀρ-

293 2846 601 2918 χαιοτέροις
635 2844 983 2912 παιδαγωγὸς
1010 2845 1039 2897 6
1072 2844 1297 2915 Μωσῆς,
1328 2843 1555 2915 μεσίτης
1590 2844 1684 2898 καὶ
1715 2843 1874 2916 ἠγοῦ-

294 2955 476 3010 μενος,
513 2937 608 2990 καὶ
641 2936 748 2990 τῶν
789 2935 944 3006 παρὰ
971 2934 1104 2989 Θεοῦ
1139 2935 1322 3006 νόμων
1349 2935 1742 3006 διακομιστὴς,
1776 2935 1873 2989 καὶ

291 3029 520 3100 ἄριστος
554 3026 652 3097 μὲν
699 3027 757 3078 ἐν
788 3026 982 3094 ἁγίοις.
1030 3024 1262 3095 Ἀκήκοε
1297 3025 1407 3093 γὰρ
1446 3022 1584 3077 Θεοῦ
1618 3021 1871 3120 λέγοντος
1904 3059 1950 3120 C

290 3119 546 3191 ἐναργῶς
577 3135 592 3150 ο
633 3137 652 3170 ι
693 3114 824 3171 Οἶδά
846 3134 904 3170 σε
940 3115 1093 3189 παρὰ
1116 3116 1327 3178 πάντας
1347 3153 1360 3176 ,
1386 3114 1480 3169 καὶ
1513 3114 1678 3185 χάριν
1717 3108 1874 3186 εὗρες

258 3212 425 3283 ιπαρ’
455 3210 580 3281 ἐμὲ.
630 3228 647 3261 ι
682 3209 827 3281 Πλὴν
872 3210 901 3262 6
945 3209 1109 3278 νόμος
1141 3208 1244 3261 οὑκ
1285 3206 1571 3278 εὒδρανὴς,
1610 3205 1734 3259 οὕτε
1768 3205 1875 3277 μὴν

288 3301 405 3368 οἷός
433 3321 497 3357 τε
529 3302 627 3373 τὴν
655 3300 794 3372 πρὸς
811 3300 944 3353 Θεὸν
965 3299 1238 3352 οἰκείωσιν
1264 3296 1593 3368 προξενῆσαι
1621 3296 1871 3360 τελείως

289 3397 381 3455 διὰ
410 3395 468 3449 δὲ
492 3395 594 3465 τῆς
620 3391 857 3465 Χριστοῦ
896 3389 1174 3461 μεσιτείας
1195 3389 1289 3443 καὶ
1318 3387 1477 3441 τοῦτο
1496 3387 1870 3460 κερδαίνομεν.

296 3508 318 3533 ο
356 3486 533 3549 Αὐτὸς
571 3486 680 3555 γὰρ
710 3484 857 3536 ἐστιν
888 3485 921 3553 ἡ
946 3484 1135 3553 εἰρήνη
1170 3479 1349 3552 ἡμῶν,
1382 3498 1400 3529 ι
1437 3478 1579 3547 κατὰ
1607 3477 1706 3540 τὰς
1736 3478 1876 3550 Γραο

292 3578 403 3647 φάς
427 3594 443 3608 ·
475 3577 571 3630 καὶ
597 3577 654 3628 ὲν
684 3573 833 3643 αὐτῷ
854 3571 917 3645 δὴ
941 3572 1036 3625 καὶ
1071 3571 1217 3642 μόνῳ
1247 3569 1310 3623 τὸ
1341 3572 1398 3623 ὲν
1427 3567 1626 3638 γνώσει
1649 3568 1877 3635 τέλειον,

294 3670 391 3724 καὶ
422 3670 582 3721 πᾶσα
615 3666 761 3729 δόσις
809 3662 1009 3736 ἀγαθὴ,
1052 3663 1148 3717 καὶ
1194 3661 1358 3726 αὐτὸς
1402 3661 1549 3733 ἡμᾶς
1602 3660 1672 3715 δι’
1709 3660 1876 3715 αὐταῦ

298 3757 590 3831 μονονουχὶ
637 3755 1046 3827 προσκεκόμικε
1097 3751 1176 3824 τῷ
1222 3752 1419 3823 Πατρί.
1458 3751 1748 3825 τοιγάρτοι
1784 3753 1878 3806 καὶ

293 3854 534 3921 ἔφασκεσ
558 3869 576 3901 ι
605 3848 754 3904 Θέλω
779 3846 866 3901 ῖνα
883 3846 1072 3917 ὥσπερ
1096 3842 1208 3915 ἐγὼ
1232 3845 1327 3899 καὶ
1352 3843 1421 3897 σὺ
1441 3843 1499 3897 ἓν
1524 3845 1711 3916 ἐσμεν,
1734 3843 1881 3899 οὕτω

291 3943 394 3998 καὶ
427 3940 586 3997 αὐτοὶ
618 3942 674 3993 ἐν
703 3940 835 4011 ἡμῖν
868 3937 928 3993 ἒν
953 3930 1107 3991 ὦσιν.
1149 3955 1168 3987 ι
1202 3933 1413 3989 Οὐκοῦν
1457 3935 1681 4007 μεσίτης
1712 3935 1814 4006 μὲν
1850 3936 1879 3988 6

292 4033 509 4103 Μωτῆς
530 4073 546 4098 ,
572 4028 717 4101 πλὴν
754 4028 829 4093 ὡς
863 4029 921 4081 ἒν
962 4025 1119 4098 τύπῳ
1142 4025 1238 4080 καὶ
1269 4027 1482 4087 σκιαῖς’
1517 4024 1548 4077 ό
1581 4024 1639 4078 δὲ
1672 4022 1880 4096 ἀληθὴς

297 4125 536 4197 μεσίτης
563 4120 827 4195 Χριστὸς,
860 4112 906 4188 ᾧ
942 4116 1319 4190 κεκολλήμεθα
1366 4115 1633 4187 σχετικῶς
1653 4156 1669 4181 ,
1719 4116 1879 4189 εῖπερ

292 4217 449 4271 ἔστιν
494 4213 696 4285 ἀληθὲς
725 4212 806 4266 ὅτι
857 4210 1240 4281 καταϐέϐηκεν
1278 4210 1337 4263 ἑν
1377 4210 1493 4273 τοῖς
1534 4208 1657 4262 καθ’
1695 4207 1877 4279 ἡμᾶς,

294 4309 395 4362 καὶ
411 4308 640 4376 γέγονεν
662 4303 949 4374 ἄνθρωπος
964 4318 980 4333 ·
1011 4302 1100 4356 ἴνα
1116 4301 1212 4355 καὶ
1229 4303 1391 4372 ἡμεῖς
1409 4302 1509 4371 τῆς
1532 4299 1683 4365 θείας
1708 4296 1877 4355 αὐτοῦ

1978 1745 2206 1811 nabant,
2238 1745 2625 1802 existimantes
2648 1746 2796 1817 quod
2825 1747 2909 1800 lex
2943 1745 3109 1801 Musis
3138 1743 3374 1799 sulliciat
3404 1743 3559 1813 ipsis,

1977 1844 2036 1892 et
2063 1836 2284 1907 quidem
2315 1837 2430 1892 sola
2460 1838 2527 1893 ad
2560 1837 2860 1893 amicitiam
2893 1853 3020 1892 cum
3062 1836 3175 1891 Deo
3215 1849 3560 1906 consequen-

1979 1926 2128 1993 dam,
2161 1927 2547 1997 alloquebatur
2584 1928 2736 1984 hisce
2763 1927 2952 1983 verbis
2984 1945 2998 1982 :
3032 1946 3050 1979 ι
3082 1927 3277 1986 Nullus
3315 1926 3466 1981 venit
3492 1925 3562 1980 ad

1977 2018 2198 2075 Patrem
2226 2020 2333 2075 nisi
2364 2035 2467 2091 per
2487 2036 2577 2076 me
2599 2019 2732 2073 "-7;
2755 2020 2823 2074 Et
2850 2033 3043 2075 rursus
3071 2038 3084 2073 :
3118 2038 3136 2070 ι
3165 2019 3279 2089 Ego
3300 2033 3419 2072 sum
3452 2016 3559 2081 via,

1977 2119 2036 2167 et
2063 2126 2167 2183 ego
2208 2126 2331 2167 sum
2377 2111 2581 2166 ostium
2614 2111 2681 2166 ⁶¹.
2730 2130 2749 2162 ι
2779 2111 2969 2181 Neque
2998 2125 3135 2165 vero
3152 2109 3271 2164 haec
3314 2108 3504 2164 dicens
3531 2124 3562 2161 a

1978 2216 2112 2258 vero
2161 2202 2480 2270 aberrabit;
2512 2212 2599 2258 est
2645 2218 2882 2273 namque
2926 2201 3151 2257 veritas.
3183 2200 3372 2271 Neque
3400 2200 3564 2254 Pater

1976 2293 2084 2349 alia
2108 2293 2323 2350 ratione
2342 2294 2485 2349 adiri
2508 2301 2711 2365 potest,
2734 2292 2841 2347 nisi
2865 2306 2966 2363 per
2987 2306 3148 2346 suum
3172 2307 3362 2347 verum
3385 2300 3441 2345 et
3470 2306 3564 2345 na-

1978 2387 2210 2444 turalem
2241 2388 2439 2444 Filium
2466 2388 2598 2459 :qui
2623 2388 2773 2444 enim
2806 2387 3065 2459 cognovit
3092 2386 3293 2456 ipsum,
3327 2386 3420 2442 hic
3447 2401 3567 2440 om-

1976 2480 2111 2535 nino
2135 2478 2346 2534 videbit
2381 2494 2530 2545 eum,
2566 2495 2635 2535 ex
2673 2494 2783 2549 quo
2812 2485 2977 2533 natus
3006 2486 3113 2540 est,
3142 2477 3383 2532 Patrem.
3409 2474 3565 2536 Unde

1976 2580 2035 2627 et
2061 2571 2281 2627 dicebat
2306 2571 2415 2626 illis
2438 2571 2534 2642 qui
2565 2571 2621 2625 in
2652 2570 2758 2626 [ide
2790 2568 3082 2634 nutabant,
3111 2568 3479 2638 dicebantque
3504 2582 3565 2621 se

1978 2677 2309 2734 cognoscere
2342 2664 2513 2719 totius
2549 2663 2794 2719 universi
2822 2662 2996 2717 Deum
3038 2678 3052 2713 :
3092 2678 3111 2711 ι
3158 2658 3216 2714 Si
3243 2674 3331 2713 me
3360 2672 3562 2728 cogno-

1976 2752 2217 2819 vissetis,
2248 2762 2305 2809 et
2331 2754 2550 2809 Patrem
2578 2769 2762 2809 meum
2794 2752 2985 2823 utique
3014 2748 3410 2821 cognovissetis
3437 2747 3505 2802 ⁸⁸.
3536 2766 3555 2798 ι

1979 2846 2117 2901 Nam
2148 2846 2326 2903 Moses
2351 2845 2575 2916 quidem
2602 2844 2929 2916 paedagogus
2956 2842 3061 2898 fuit
3092 2840 3338 2911 antiquis
3358 2848 3415 2895 et
3443 2854 3562 2894 me-

1979 2938 2178 3004 diator,
2211 2947 2377 3009 atque
2422 2938 2553 2994 item
2594 2936 2723 3003 dux,
2754 2945 2811 2991 et
2853 2935 3168 2990 divinarum
3207 2932 3390 3004 legum
3432 2946 3565 3003 pro-

1979 3031 2279 3103 mulgator,
2327 3030 2579 3100 interque
2631 3037 2852 3085 sanctos
2897 3027 3298 3084 sanctissimus.
3334 3024 3564 3081 Manife-

1981 3130 2065 3179 ste
2092 3123 2240 3178 enim
2260 3122 2472 3178 audivit
2500 3122 2678 3177 Deum
2704 3120 3014 3176 dicentem:
3045 3138 3063 3170 ι
3096 3116 3232 3172 Novi
3261 3125 3335 3182 te,
3356 3125 3414 3172 et
3440 3130 3568 3187 gra-

1982 3215 2116 3269 tiam
2148 3214 2409 3270 invenisti
2435 3213 2585 3285 apud
2611 3228 2699 3269 me
2727 3228 2840 3283 prae
2872 3211 3131 3268 omnibus
3154 3211 3219 3264 ⁸³.
3267 3228 3286 3262 ›
3320 3208 3432 3263 Lex
3462 3222 3566 3262 au-

1985 3311 2094 3358 tem
2117 3313 2202 3360 est
2230 3303 2465 3370 inﬁma,
2495 3319 2676 3375 neque
2714 3302 3015 3358 amicitiam
3040 3302 3136 3357 Dei
3163 3300 3405 3372 perfecte
3432 3312 3565 3355 con-

1983 3394 2172 3450 ciliare
2212 3402 2425 3464 potest,
2460 3392 2565 3450 sed
2605 3408 2704 3464 per
2745 3391 3028 3448 Christum
3070 3389 3430 3444 mcdiatorem
3462 3385 3568 3443 hoc

1982 3486 2394 3556 consequimur.
2434 3484 2721 3556 Siquidem
2748 3505 2766 3536 ι
2818 3485 2936 3554 ipse
2983 3492 3069 3539 est
3115 3497 3221 3552 pax
3266 3489 3486 3542 nostra,
3539 3499 3558 3530 ι

1984 3574 2287 3631 secundum
2315 3575 2631 3646 Scripturas
2656 3575 2723 3639 “,
2756 3582 2813 3628 et
2846 3573 2900 3627 in
2934 3573 3054 3644 ipso
3089 3570 3317 3642 quidem
3343 3569 3460 3625 solo
3483 3579 3569 3623 est

1984 3666 2231 3737 perfecta
2256 3666 2517 3738 cognitio,
2550 3665 2839 3734 omnisque
2870 3663 3022 3719 datio
3054 3662 3219 3725 bona,
3250 3668 3415 3730 atque
3450 3657 3566 3728 ipsc

1984 3773 2087 3814 nos
2118 3775 2218 3830 per
2264 3775 2323 3815 se
2357 3766 2566 3814 tantum
2607 3772 2717 3813 non
2750 3756 2898 3811 Patri
2937 3754 3140 3809 attulit.
3170 3752 3384 3807 idcirco
3411 3747 3565 3805 diee—

1984 3850 2079 3907 hat
2106 3868 2123 3905 :
2156 3870 2176 3902 ι
2210 3851 2393 3915 Pater,
2419 3850 2564 3914 volo,
2593 3856 2655 3903 ut
2684 3847 2829 3903 sicut
2852 3859 2955 3915 ego
2977 3851 3034 3898 et
3070 3851 3127 3897 tu
3153 3837 3325 3896 unum
3352 3854 3569 3902 sumus,

1986 3943 2060 3997 ita
2094 3950 2152 3997 et
2177 3941 2279 4011 ipsi
2310 3941 2368 3995 in
2393 3939 2553 3995 nobis
2582 3952 2757 3994 unum
2797 3936 2910 3990 sint
2936 3935 3003 3989 ⁸⁸.
3041 3953 3059 3986 ι
3086 3930 3353 3987 Mediator
3380 3928 3566 3998 itaque

1985 4034 2183 4098 Moses,
2215 4030 2313 4088 sed
2339 4041 2601 4101 tanquam
2635 4028 2691 4083 in
2727 4027 2923 4083 umbra
2950 4033 3006 4081 et
3039 4033 3168 4094 typo
3194 4039 3209 4078 :
3235 4030 3291 4077 at
3314 4019 3569 4078 Christus

1986 4132 2072 4181 est
2091 4138 2256 4181 verus
2278 4121 2570 4187 mediator,
2596 4119 2687 4175 cui
2730 4116 3046 4189 specialiter
3083 4110 3442 4185 conglutinati
3470 4125 3566 4167 su-

1988 4229 2130 4271 mus.
2163 4212 2449 4284 Siquidem
2479 4225 2675 4266 verum
2717 4216 2804 4264 est
2828 4206 2978 4279 quod
3012 4199 3301 4262 descendit
3345 4200 3414 4257 ad
3443 4216 3565 4266 nos,

1986 4315 2044 4361 et
2071 4305 2237 4360 homo
2263 4302 2439 4359 factus
2483 4310 2568 4357 est
2610 4309 2669 4356 ut
2698 4314 2802 4355 nos
2838 4298 3006 4353 etiam
3032 4297 3227 4350 [lamus
3253 4292 3452 4348 divina:
3481 4290 3567 4361 ip-

295 4401 520 4472 φύσεως
549 4395 835 4467 γενώμεθα
856 4393 1123 4457 κοινωνοὶ,
1153 4396 1219 4466 τῇ
1249 4393 1343 4447 τοῦ
1372 4392 1526 4462 ἁγίου
1563 4393 1880 4463 Πνεύματος

1989 4399 2108 4455 sius
2132 4396 2353 4454 virtutis
2379 4394 2694 4465 participes,
2723 4400 2780 4447 et
2804 4389 3047 4461 Spiritus
3071 4385 3246 4442 sancti
3279 4383 3570 4455 participa-

298 4492 509 4565 μετοχῇ
538 4506 598 4543 τε
622 4488 715 4543 καὶ
742 4488 924 4561 χάριτι
947 4486 1067 4558 Θεῷ
1099 4484 1463 4557 συνδοῦμενοι.
1502 4485 1612 4540 Καί⁵
1636 4486 1793 4540 ταυτί
1817 4483 1881 4556 δὴ

296 4585 471 4640 πάλιν
494 4582 771 4653 εἰσόμεθα,
801 4584 913 4646 τοῖς
941 4580 1106 4652 ἱεροῖς
1133 4578 1429 4652 Γράμμασι
1450 4576 1543 4632 τὸν
1558 4578 1660 4649 τῆς
1672 4578 1882 4634 ἑαυτῶν

294 4673 545 4743 διανοίας
584 4673 943 4744 ἐνερείδοντες
989 4669 1286 4742 ὀφθαλμόν.
1337 4664 1473 4723 Eine
1527 4670 1669 4742 γὰρ,
1723 4671 1884 4741 φησι,

295 4766 511 4839 Κύριος
555 4764 694 4837 πρὸς
729 4761 970 4834 Μωσῆν·
1020 4780 1042 4815 ι
1087 4759 1348 4825 Καταδὰς
1395 4760 1767 4833 διαμάρτοραι
1804 4761 1882 4831 τῷ

296 4854 454 4927 λαῷ,
482 4856 575 4910 καὶ
615 4854 840 4925 ἁγίασον
874 4852 1072 4917 αὐτοὺς
1117 4853 1357 4924 σήμερον
1396 4850 1493 4906 καὶ
1529 4849 1738 4923 αὔριον.
1777 4852 1886 4906 Καὶ

298 4945 663 5001 πλυνάτωσαν
697 4946 766 5000 τά
795 4945 986 5016 ἱμάτια
1008 4987 1024 5011 ,
1048 4944 1147 4998 καὶ
1176 4943 1423 4998 ἔστωσαν
1450 4941 1660 5014 ῑτοιμοι
1686 4945 1766 5007 εἰς
1787 4943 1886 5015 τὴν

298 5036 520 5110 ἡμέραν
542 5037 644 5107 τὴν
680 5036 897 5109 τρίτην.
925 5035 1004 5107 Τῇ
1049 5034 1160 5104 γὰρ
1194 5033 1378 5106 ἡμέρᾳ
1415 5036 1480 5106 τῇ
1513 5034 1673 5108 τρίτῃ
1718 5051 1887 5091 stara-

297 5131 534 5201 ϐήσεται
553 5128 761 5200 Κύριος
784 5129 875 5183 ἐπὶ
899 5127 960 5181 τὸ
977 5128 1102 5198 ὅρος
1127 5127 1278 5190 Σινᾶ,
1305 5127 1547 5182 ἐναντίον
1565 5127 1765 5192 παντὸς
1792 5126 1886 5181 τοῦ

294 5220 434 5276 λαοῦ
464 5263 480 5287 ,
507 5221 603 5275 καὶ
629 5222 877 5291 ἀφοριεῖς
915 5220 1007 5274 τὸν
1033 5220 1164 5275 λαὸν
1190 5219 1376 5291 κύκλῳ
1405 5263 1419 5287 ,
1450 5219 1628 5289 λέγων
1647 5238 1661 5251 ·
1702 5222 1881 5293 Προσ-

294 5314 458 5384 έχετε
498 5314 712 5376 ἑαυτοῖς
737 5312 832 5366 τοῦ
875 5311 950 5384 μὴ
980 5313 1249 5384 ἀναὸἧναί
1273 5329 1393 5367 τινα
1419 5315 1499 5378 εἰς
1524 5312 1584 5367 τὸ
1610 5313 1756 5385 ὅρος,
1794 5312 1888 5365 καὶ

293 5406 481 5475 οἶγειν
527 5423 583 5461 τι
633 5406 822 5460 atro-3.
872 5406 991 5471 Πᾶς
1021 5407 1051 5460 6
1092 5406 1373 5479 ἁψάμενος
1416 5406 1513 5460 τοῦ
1568 5406 1764 5477 ὅρους,
1800 5404 1890 5460 θαι

294 5499 451 5571 νάτῳ
496 5498 831 5570 τελευτήσει.
879 5498 991 5570 οὐχ
1025 5497 1222 5569 ἅψεται
1262 5494 1429 5553 αὑτοῦ
1481 5498 1635 5570 χείρ’
1682 5498 1740 5550 ἐν
1777 5495 1886 5567 γὰρ

300 5588 475 5653 λίθοις
505 5586 981 5662 λιθοϐοληθήσεται
1002 5632 1015 5655 ,
1046 5588 1079 5660 ἢ
1118 5588 1284 5660 βολίδι
1319 5589 1845 5661 κατατοξευθήσεται
1867 5627 1882 5651 ,

374 5702 422 5735 ⁸⁸
455 5701 615 5757 Joan.
652 5720 758 5765 xiv.
780 5704 832 5759 6.
927 5705 967 5737 ³⁸
999 5705 1152 5761 Joau.
1189 5721 1241 5769 ι,
1267 5703 1332 5771 9;
1359 5721 1463 5770 xiv,
1495 5706 1548 5760 6.
1625 5706 1671 5738 ’ί
1691 5703 1846 5760 .loan.
1882 5719 1989 5770 xw,
2018 5702 2068 5757 7.

302 5789 411 5829 uu
430 5813 445 5839 ,
484 5774 576 5828 ει.

1983 4490 2133 4544 tione
2165 4502 2229 4543 ac
2250 4484 2426 4558 gratia
2451 4485 2565 4538 Deo
2591 4481 2850 4553 colligati.
2881 4478 3014 4549 Quae
3042 4476 3266 4549 quidem
3293 4474 3408 4546 ipsa
3437 4488 3567 4530 rur-

1979 4596 2075 4638 sus
2101 4579 2289 4636 videre
2322 4585 2429 4641 est,
2463 4574 2511 4631 si
2538 4573 2740 4630 mentis
2767 4582 2970 4628 nostrae
3001 4568 3227 4625 oculum
3251 4564 3424 4623 sacris
3448 4562 3569 4621 Lit-

1984 4672 2120 4728 teris
2160 4669 2532 4728 intendamus.
2575 4666 2668 4722 Ait
2714 4663 2862 4720 enim
2899 4659 3164 4718 Dominus
3203 4657 3272 4714 ad
3317 4656 3509 4714 Mosen
3550 4673 3565 4709 :

1989 4783 2007 4817 ι
2038 4762 2389 4821 Descendens
2428 4757 2723 4815 testiﬁcare
2771 4755 3008 4827 populo,
3043 4758 3099 4807 et
3146 4746 3427 4806 sanctiﬁca
3473 4760 3569 4803 eos

1983 4859 2149 4915 hodie
2182 4866 2240 4914 et
2268 4871 2408 4913 cras.
2434 4854 2502 4909 Et
2531 4853 2716 4909 lavent
2737 4848 3064 4905 vestimenta
3094 4860 3214 4910 sua,
3250 4852 3304 4899 et
3330 4840 3442 4897 sint
3471 4854 3565 4908 pa-

1984 4951 2087 5007 rati
2114 4950 2169 5005 in
2192 4948 2339 5005 diem
2364 4944 2608 5001 tertium.
2636 4943 2774 4998 Nam
2796 4941 2889 4996 die
2930 4937 3096 4994 tertio
3132 4931 3435 4992 descendet
3456 4929 3564 4984 Do-

1984 5041 2168 5095 minus
2198 5038 2254 5093 in
2277 5044 2520 5092 montem
2554 5032 2715 5104 Sina,
2737 5046 2923 5087 coram
2946 5026 3097 5084 omni
3131 5022 3355 5099 populo,
3389 5031 3445 5077 et
3477 5034 3566 5076 se-

1986 5130 2237 5202 gregabis
2263 5127 2526 5199 populum
2550 5126 2608 5180 in
2628 5123 2887 5185 circuitu,
2911 5119 3103 5175 dicens
3129 5135 3151 5172 ε
3166 5114 3366 5172 Cavete
3387 5110 3565 5172 vobis.

1985 5236 2053 5277 ne
2098 5219 2408 5276 ascendatis
2452 5218 2509 5272 in
2555 5225 2830 5280 montem,
2863 5222 2920 5268 et
2952 5209 3188 5281 tangatis
3223 5203 3357 5277 quid
3397 5202 3566 5259 illius.

1988 5309 2179 5366 Omnis
2207 5308 2300 5378 qui
2329 5306 2570 5377 tetigerit
2600 5313 2864 5365 montem,
2909 5307 3084 5355 morte
3119 5294 3405 5352 morietur.
3446 5290 3567 5346 Non

1990 5409 2174 5473 tanget
2198 5400 2348 5454 illum
2376 5413 2592 5461 manus,
2624 5393 2901 5465 lapidibus
2926 5390 3075 5446 enim
3101 5385 3461 5473 lapidabitur,
3481 5383 3567 5437 vel

1981 5472 2166 5567 iaculo
2187 5489 2567 5555 confodietur;
2602 5487 2718 5545 sive
2750 5488 2937 5549 homo,
2967 5482 3082 5539 sive
3108 5482 3417 5554 jumentum
3446 5472 3566 5528 fue-

1989 5586 2081 5651 rit,
2117 5600 2226 5641 non
2254 5584 2419 5638 vivet.
2447 5580 2678 5648 Quando
2704 5588 2885 5642 autem
2913 5590 3073 5633 voces
3110 5581 3165 5628 et
3211 5568 3356 5625 tuba:
3386 5580 3566 5622 reces-

2146 5701 2189 5731 ⁸³
2221 5697 2391 5756 Exod.
2416 5709 2596 5759 sum,
2627 5694 2720 5750 i=2.
2787 5692 2831 5724 "
2864 5690 3062 5762 Ephes.
3107 5705 3162 5753 ιι,
3194 5685 3275 5740 it.
3353 5676 3564 5735 “Jnan.
