4024 6198
260 259 375 318 505

1284 275 1808 338 CLAPHYRORUM
1848 283 1917 339 IN
1951 284 2238 343 EXODUM
2277 288 2408 346 LIB.
2446 288 2534 345 Ill.

3452 302 3554 356 δυσ

265 369 362 427 οὖν
386 372 482 427 καὶ
508 373 585 439 ὡς
604 374 864 478 ινηρξρᾳ
888 379 1047 454 τρίτῃ
1073 383 1493 458 κατασὲὄηκενό
1518 392 1853 464 Μονογενής.

1968 396 2109 464 luce,
2139 408 2195 455 et
2220 402 2376 471 quasi
2408 402 2572 457 tertio
2599 402 2687 458 die
2709 403 2998 461 descendit
3017 406 3341 478 Unigenitus
3386 412 3557 470 Porro

278 465 593 536 ’Aa-rpaml
637 466 693 521 δὲ
742 462 886 538 ἦσαν
944 472 1031 524 ἐπ’
1080 473 1240 545 ὄρους
1290 478 1462 546 Σινά,
1517 483 1612 537 καὶ
1664 462 1862 554 νεφέλη

267 556 575 629 γνοφώδης.
653 560 762 614 Καὶ
831 562 1091 637 ἀστραπὴ
1174 569 1312 640 μὲν,
1390 574 1471 635 εὶς
1536 573 1705 630 τύπον
1767 577 1862 631 τοῦ

264 645 420 702 θείου
457 650 656 718 φωτὸς,
713 653 810 705 καὶ
886 655 989 726 τῆς
1060 659 1264 731 νοητῆς
1331 663 1509 736 αὐγῆς
1541 704 1557 729 ,
1620 666 1863 738 δηλονότι

258 737 360 791 τοῦ
406 741 467 793 ὲν
521 741 828 813 πνεύματι,
862 745 954 799 διὰ
999 749 1236 820 Χριστοῦ
1294 754 1758 829 καταλαμπούσης
1794 759 1863 812 τὰ

269 828 606 900 σύμπαντα,
645 835 741 888 καὶ
797 836 1121 911 διαθεούσης
1156 841 1255 914 τὴν
1286 845 1378 900 ὑπ’
1407 847 1658 918 οὐρανόν.
1707 828 1862 904 Οὕτω

263 921 377 991 γάρ
411 940 516 976 που
558 926 653 978 καὶ
689 928 719 979 ό
751 930 1036 1000 προφήτης
1076 932 1347 1002 ἁνεφώνει
1391 934 1565 1005 λέγων
1603 938 1739 1006 πρὸς
1769 940 1863 994 τὸν

259 1010 377 1064 τῶν
420 1011 559 1066 ὅλων
586 1014 721 1068 Θεὸν
763 1012 857 1069 καὶ
900 1017 1131 1090 Σωτῆρα
1170 1021 1427 1093 Χριστόν’
1491 1043 1510 1076 ι
1552 1026 1791 1094 Ἔφανεν
1823 1028 1857 1096 ἡ

260 1100 529 1172 ἀστραπή
559 1118 650 1157 σου
685 1107 751 1176 τῇ
776 1106 1086 1181 οἰκουμένῃ.
1123 1127 1143 1160 ›
1183 1110 1294 1163 Καὶ
1331 1112 1393 1165 οὐ
1427 1113 1491 1184 δή
1522 1112 1626 1168 πού
1659 1132 1859 1186 φαμεν,

259 1193 347 1244 ὅτι
392 1192 498 1262 τῆς
541 1193 603 1259 ἐξ
652 1196 809 1251 ὑετοῦ
859 1200 1235 1270 γεγενημένης
1283 1202 1577 1276 ἀστραπῆς
1624 1206 1863 1260 ἐποιεῖτο

264 1282 519 1355 μνήμην·
550 1284 686 1349 ἀλλ’,
722 1286 799 1350 ὡς
832 1286 969 1360 ἔφην
996 1290 1224 1361 ἀρτίως,
1258 1293 1357 1364 τὴν
1386 1295 1482 1348 τοῦ
1512 1296 1703 1368 νοητοῦ
1748 1315 1862 1367 φω-

260 1374 358 1438 τὸς
406 1374 721 1447 ἀνάλαμψιν
754 1378 832 1450 τῷ
876 1380 977 1452 τῆς
1022 1383 1310 1457 ἀστραπῆς
1352 1387 1577 1458 ὀνόματι
1617 1405 1859 1461 καταση-

265 1465 489 1531 μαίνειν
513 1469 721 1540 ἢθελεν.
757 1473 879 1527 Ὅτι
912 1474 969 1528 δὲ
1000 1474 1371 1533 δυσκάτοπτον
1396 1478 1613 1547 άληθῶς
1643 1481 1701 1535 τὸ
1727 1483 1860 1553 Χρι-

263 1560 395 1614 στοῦ
422 1564 743 1635 μυστήριον,
772 1566 1141 1641 ὑπεμφήνειεν
1166 1570 1235 1625 ἂν
1268 1573 1297 1625 ό
1330 1572 1547 1644 γνόφος.
1592 1575 1703 1628 Καὶ
1728 1574 1858 1644 γοῦν

262 1652 360 1740 xal
385 1652 553 1718 αὐτὸς
573 1657 602 1709 ὁ
626 1657 897 1728 μακάριος
916 1660 1103 1725 Δαὸὶδ,
1130 1655 1233 1716 ὧδέ
1250 1681 1326 1736 πη
1356 1665 1578 1730 συνιεὶς,
1606 1666 1858 1740 καθάπερ

1966 488 2182 561 fulgura
2216 502 2374 548 erant
2403 494 2457 549 in
2492 504 2679 551 monte
2712 494 2885 562 Sinai,
2928 505 2984 552 et
3019 498 3198 555 nubes
3237 501 3553 573 caliginosa.

1964 580 2205 652 Fulgura
2254 594 2384 641 sunt
2436 595 2599 659 typus
2646 587 2848 643 divina:
2898 588 3038 644 lucis
3087 600 3146 646 et
3194 591 3557 665 intelligibilis

1928 702 1945 711 ι
1963 672 2277 741 splendoris
2302 695 2315 730 :
2341 691 2539 747 nempe
2567 678 2689 748 ejus
2708 694 2829 748 quae
2852 678 2906 732 in
2924 679 3133 749 Spiritu
3155 697 3254 752 per
3272 682 3553 743 Christum

1965 762 2208 819 illustrat
2254 767 2533 831 universa,
2588 777 2874 840 totumque
2923 770 3112 825 orbem
3168 775 3437 842 pervadit.
3475 777 3554 833 Ita

1963 853 2113 907 enim
2141 854 2300 924 321
2343 856 2544 912 alicubi
2577 860 2846 928 propheta
2877 860 3047 914 David
3080 862 3279 916 clamat
3323 864 3393 918 ad
3432 864 3556 921 Sal-

1966 953 2210 1000 vatorem
2232 947 2482 1001 omnium
2503 948 2691 1003 Iesum
2721 948 3025 1015 Christum,
3068 970 3085 1001 ι
3115 951 3416 1008 Illuxerunt
3442 953 3553 1010 ful-

1961 1051 2101 1105 gura
2132 1038 2254 1108 ejus
2280 1038 2404 1092 orbi
2446 1047 2607 1094 terra:
2629 1041 2669 1093 ¹.
2709 1059 2726 1090 ι
2760 1040 2952 1111 Neque
2972 1058 3105 1097 vero
3138 1042 3376 1100 dicimus
3405 1046 3551 1115 quod

1962 1124 2055 1179 hic
2080 1124 2244 1181 faciat
2281 1127 2616 1183 mentionem
2649 1129 2918 1201 fulgetrae,
2950 1148 3071 1202 quae
3098 1149 3166 1188 ex
3202 1136 3387 1205 pluvia
3412 1137 3554 1193 facta

1960 1217 2085 1281 fuit,
2114 1217 2233 1285 sed,
2276 1228 2335 1275 ut
2356 1221 2521 1276 modo
2544 1222 2679 1289 dixi,
2719 1240 2820 1295 per
2857 1241 3059 1281 nomen
3104 1226 3351 1299 fulgetrae
3379 1230 3557 1286 voluit

1960 1310 2272 1381 signiﬁcare
2295 1312 2668 1384 eil‘ulgentiam
2707 1325 2764 1372 et
2812 1319 3255 1373 coruscationem
3291 1320 3431 1378 lucis
3466 1323 3551 1377 in-

1960 1400 2267 1470 telligibilis
2288 1411 2453 1473 atque
2484 1403 2705 1461 divinxe.
2737 1406 3008 1462 Cteterum
3038 1408 3185 1477 quod
3217 1424 3407 1465 revera
3443 1411 3551 1466 dif-

1962 1492 2179 1548 ﬁculter
2231 1496 2477 1566 conspici
2504 1505 2671 1567 queat
2695 1498 2901 1555 Christi
2932 1501 3277 1573 mxsterium,
3299 1503 3551 1559 subindi-

1958 1586 2166 1640 caverit
2199 1586 2297 1642 tibi
2343 1588 2462 1645 haec
2499 1590 2694 1662 caligo.
2737 1590 2899 1648 Certe
2930 1602 2987 1647 et
3020 1593 3215 1650 beatus
3257 1595 3429 1651 David
3476 1596 3551 1652 ita

1959 1675 2237 1749 intelligit,
2268 1679 2431 1736 sicuti
2479 1683 2738 1753 equidem
2786 1684 3053 1749 arbitror,
3106 1686 3237 1741 dum
3290 1687 3365 1743 ita
3417 1688 3550 1743 alibi

261 1738 506 1816 ἐγῷμαι,
540 1752 1020 1823 προανακεκράγει
1052 1753 1247 1823 λέγων·
1284 1775 1302 1807 ι
1338 1758 1448 1810 Καὶ
1471 1757 1625 1812 ἔθετο
1665 1738 1853 1826 σκότος

1961 1738 2273 1825 exclamat:
2315 1791 2332 1823 ι
2369 1772 2438 1826 Et
2466 1738 2650 1844 posuit
2673 1775 2927 1831 tenebras
2948 1777 3239 1832 latibulum
3270 1792 3453 1845 suum,
3494 1778 3552 1833 in

262 1838 595 1911 ἀποκρυφὴν
619 1841 808 1907 αὐτοῦ,
839 1843 1024 1916 κύκλῳ
1048 1845 1214 1901 αὐτοῦ
1242 1849 1274 1919 ἠ
1305 1849 1478 1921 σκηνὴ
1503 1850 1692 1905 αὐτοῦ’
1735 1870 1861 1907 σκο-

260 1928 443 1982 τεινὸν
484 1928 629 2002 ὔδωρ
656 1932 716 1985 ἐν
749 1933 1000 2001 νεφέλαις
1036 1934 1233 2007 ἀέρων.
1282 1937 1413 1990 Ἀπὸ
1452 1941 1552 2010 τῆς
1581 1938 1858 2010 τηλαυγῆ-

264 2037 405 2084 σεως
430 2020 667 2076 ἐνώπιον
696 2024 860 2078 αὑτοῦ
886 2027 942 2080 αἱ
988 2028 1211 2098 νεφέλαι
1245 2028 1484 2100 διῆλθον.
1530 2052 1550 2085 ι
1597 2034 1859 2106 Κεκρυμ-

265 2110 429 2180 μένον
459 2111 573 2182 γάρ
601 2113 773 2179 οὕτως
799 2115 918 2170 ἐστὶ
938 2116 999 2171 τδ
1026 2116 1265 2188 Χριστοῦ
1292 2120 1467 2191 μυστή
1478 2137 1610 2192 ριον.
1646 2125 1720 2186 ὡς
1748 2122 1857 2176 δεῖ·

265 2201 391 2255 σοαι
421 2207 818 2275 μυσταγωγίας
845 2207 943 2277 τῆς
965 2207 1194 2275 ἄνωθεν,
1221 2210 1318 2265 καὶ
1341 2212 1737 2284 ἀποκαλύψεως
1758 2217 1859 2287 τῇς

263 2294 418 2366 παρά
442 2294 604 2350 Θεοῦ.
643 2297 848 2352 Ἥκουε
889 2299 1021 2369 γοῦν
1049 2303 1077 2354 ό
1114 2301 1319 2373 Πέτρος
1347 2299 1408 2358 εῦ
1445 2305 1612 2375 μάλα,
1655 2306 1858 2371 συνιεὶς

259 2384 350 2436 τὸν
381 2386 442 2438 ὲν
466 2386 636 2458 σαρκὶ
656 2390 935 2459 πφηνὸτα
957 2391 1091 2445 Θεὸν
1124 2393 1318 2462 Λόγον,
1345 2394 1441 2448 καὶ
1465 2396 1680 2466 άληθῶς
1702 2396 1851 2450 Υἰόν·

264 2498 282 2526 ι
316 2479 611 2551 Μακάριος
637 2476 710 2545 εἷ,
739 2484 921 2555 Σίμων
953 2484 1060 2556 pag
1099 2486 1273 2553 Ἰωνᾶ,
1307 2488 1389 2544 ὅτι
1426 2488 1563 2560 σὰρξ
1592 2489 1690 2544 καὶ
1718 2485 1857 2561 αἷμα

257 2572 356 2624 οὐκ
386 2573 715 2646 άπεκάλυψέ
747 2593 861 2641 σοι,
902 2579 1019 2633 ἀλλ’
1049 2581 1078 2633 ὀ
1123 2582 1313 2653 Πατήρ
1353 2600 1456 2653 μου
1481 2584 1511 2636 ό
1544 2584 1602 2637 ὲν
1622 2586 1733 2648 τοῖς
1761 2584 1857 2637 οὐ·

257 2668 470 2734 ρινοῖς.
501 2686 519 2719 ›
565 2669 924 2741 Ἐγνωρίσθαι
962 2674 1020 2728 δὲ
1063 2675 1160 2728 καὶ¹
1180 2662 1451 2739 δ’ῐῙαῦλος
1488 2675 1856 2730 διεϐεϐαιοῦτο

253 2758 441 2830 ἐαυτῷ
471 2760 534 2814 τὸ
563 2764 865 2834 μυστήριον
894 2767 1037 2820 κατὰ
1061 2766 1407 2838 ἀποκάλυψιν
1430 2767 1589 2823 Θεοῦ.
1620 2768 1850 2835 Οὐκοῦν,

251 2849 316 2900 το
346 2852 676 2921 ἀσυμφανὲς
704 2854 804 2924 τῆς
830 2855 1084 2925 γνώσεως
1107 2859 1136 2911 ὁ
1173 2858 1373 2928 γνόφος
1407 2858 1579 2931 δηλοῖ,
1627 2860 1849 2914 Ἀνακέο

253 2959 437 3012 κραγε
464 2943 524 2996 δὲ
548 2944 644 2999 καὶ
674 2947 704 3015 ἡ
732 2946 988 3018 σάλπιγξ,
1015 2949 1125 3004 τῶν
1149 2949 1523 3019 εὐαγγελικῶν
1546 2952 1852 3023 θεσπισμά-

251 3052 367 3087 των
392 3035 457 3087 τὸ
479 3035 675 3107 εὖηχες
688 3039 1095 3108 ἀποφαίνουσα.
1137 3042 1251 3097 Kal
1280 3041 1412 3112 γοῦν
1454 3042 1558 3115 ἔφη
1591 3060 1692 3098 που
1718 3042 1851 3108 Θεὸς

1965 1858 2204 1915 circuitu
2238 1862 2359 1931 ejus
2381 1863 2800 1921 tabernaculum
2823 1868 2944 1939 ejus
2972 1886 2985 1921 :
3014 1868 3302 1925 tenebrosa
3327 1885 3469 1941 aqua
3495 1872 3553 1927 in

1962 1948 2206 2006 nubibus
2238 1952 2402 2007 aeris.
2447 1954 2493 2009 A
2525 1954 2737 2027 fulgore
2776 1972 2961 2014 coram
3020 1976 3087 2017 eo
3124 1964 3303 2019 nubes
3369 1975 3554 2022 trans-

1963 2039 2152 2096 ierunt
2190 2043 2230 2096 ³.
2278 2063 2296 2094 ι
2324 2044 2458 2100 Nam
2493 2044 2698 2102 Christi
2741 2052 3062 2121 mysterium
3097 2054 3236 2109 adeo
3272 2065 3473 2123 tectum
3497 2066 3555 2115 et.

1961 2126 2268 2185 involutum
2308 2141 2412 2197 est,
2444 2142 2506 2189 ut
2550 2150 2690 2205 opus
2719 2138 2789 2193 sit
2833 2156 3073 2210 superna
3102 2144 3449 2202 institutione
3489 2163 3554 2203 ac

1962 2221 2296 2278 revelatione
2321 2222 2528 2281 divina.
2569 2226 2708 2283 Hinc
2738 2228 2939 2286 Petrus
2963 2233 3195 2300 audivit,
3228 2251 3353 2292 cum
3379 2239 3554 2309 probe

1961 2323 2315 2383 cognosceret
2341 2331 2564 2374 carnem
2583 2318 2788 2377 factum
2811 2323 2985 2379 Deum
3006 2327 3247 2384 Verbum
3273 2345 3337 2386 ac
3360 2347 3552 2387 revera

1961 2405 2161 2462 Filium
2194 2426 2207 2461 :
2242 2428 2261 2459 ι
2306 2409 2508 2466 Beatus
2542 2427 2622 2477 es,
2663 2412 2850 2471 Simon
2886 2416 3140 2489 Barjona,
3172 2421 3301 2492 quia
3340 2439 3469 2478 caro
3497 2434 3554 2480 et

1959 2500 2181 2571 sanguis
2206 2518 2317 2558 non
2347 2504 2616 2561 revelavit
2651 2507 2772 2573 tibi,
2818 2510 2916 2564 sed
2955 2511 3117 2566 Pater
3152 2530 3309 2571 meus
3343 2516 3437 2586 qui
3468 2525 3552 2572 est

1958 2587 2011 2642 in
2052 2591 2205 2646 caelis
2243 2596 2283 2646 ⁸.
2336 2612 2354 2644 ι
2395 2594 2463 2648 Ει
2496 2595 2704 2653 Paulus
2727 2599 2951 2668 quidem
2985 2612 3262 2659 asseverat
3302 2605 3407 2659 sibi
3447 2607 3553 2661 hoc

1958 2682 2280 2751 mysterium
2310 2683 2618 2742 innotuisse
2640 2703 2738 2756 per
2762 2691 3152 2748 revelationem
3176 2695 3272 2750 Dei
3293 2697 3333 2750 ⁸.
3362 2696 3552 2768 caligo

1957 2771 2141 2842 itaque
2187 2774 2459 2846 signiﬁcat
2499 2779 2922 2838 obscuritatem.
2975 2782 3221 2839 Sonahat
3275 2794 3459 2843 autem
3493 2798 3552 2845 et

1956 2866 2212 2934 buccina,
2238 2887 2362 2941 qua:
2398 2873 2591 2942 pandit
2623 2874 2786 2930 nobis
2806 2890 3067 2932 sonorum
3106 2880 3548 2951 evangelicorum

1955 2960 2308 3015 oraculorum
2333 2977 2551 3016 sonum.
2582 2962 2720 3018 Hinc
2745 2964 2889 3019 Deus
2913 2981 3013 3035 per
3034 2982 3225 3022 vocem
3248 2969 3551 3038 propheta-

1956 3068 2079 3106 rum
2118 3053 2188 3108 ad
2218 3054 2450 3124 populos
2477 3054 2793 3111 Iudaeorum
2828 3057 2901 3112 ita
2934 3058 3048 3113 ait:
3086 3082 3103 3110 ι
3136 3060 3408 3116 Constitui
3451 3078 3543 3119 su-

252 3126 346 3181 διὰ
393 3130 584 3200 φωνῆς
631 3130 740 3184 τῶν
792 3133 1082 3204 προφητῶν
1126 3137 1240 3199 τοῖς
1305 3112 1575 3189 Ἰουδαίων
1621 3137 1845 3207 δήμοις·

1955 3158 2053 3213 per
2078 3160 2178 3199 vos
2207 3112 2600 3215 speculatores.
2632 3147 2833 3204 Audite
2863 3167 3053 3206 vocem
3092 3153 3255 3209 tuhaz.
3294 3155 3362 3209 Et
3391 3155 3548 3212 dixe-

263 3239 282 3269 ι
325 3220 662 3292 Καθέστηκα
685 3222 769 3292 ἐφ’
806 3224 950 3295 ὑμᾶς
980 3225 1237 3292 σκοπούς.
1293 3227 1589 3282 Ἀκούσατε
1615 3229 1715 3299 τῆς
1740 3246 1853 3298 φω-

255 3310 356 3379 νῆς
398 3309 723 3380 σάλπιγγος.
772 3315 883 3368 Καὶ
935 3311 1119 3370 εἶπαν*
1173 3318 1290 3371 Οὐκ
1339 3319 1707 3391 ἀκουσόμεθα.
1754 3319 1852 3374 Διά

257 3400 423 3454 τοῦτο
451 3401 692 3474 ἤκουσαν
724 3405 792 3458 τὰ
815 3406 942 3477 ἔθνη
963 3447 978 3472 ,
1012 3408 1113 3480 καὶ,
1145 3411 1193 3462 οἱ
1223 3410 1601 3480 ποιμαίνοντες
1639 3413 1709 3465 τὰ
1731 3412 1850 3466 ποί-

262 3509 392 3560 μνια
413 3493 474 3545 ὲν
498 3494 703 3559 αὐτοῖς.
734 3496 953 3561 Ἀκουε,
983 3498 1074 3567 γῆ·
1123 3498 1254 3552 Ἰδοὺ
1282 3500 1473 3568 ἐπάγω
1499 3500 1592 3553 ἐπὶ
1617 3500 1701 3554 τὸν
1724 3500 1852 3555 λαὸν

257 3583 450 3638 τοῦτον
470 3585 641 3657 κακὰ,
670 3587 761 3639 τὸν
798 3588 1010 3660 καρπὸν
1036 3591 1392 3662 ἀποστροφῆς
1427 3592 1629 3657 αὐτῶν,
1665 3595 1749 3647 ὃτι
1772 3593 1851 3662 τῷ

259 3674 403 3747 λόγῳ
452 3693 554 3747 μου
597 3678 659 3730 οὐ
702 3679 1019 3751 προσέσχον,
1067 3682 1163 3736 καὶ
1202 3683 1295 3737 τὸν
1342 3683 1505 3755 νόμον
1551 3702 1654 3755 μου
1696 3686 1850 3739 ἀπώ-

261 3784 442 3822 σαντο.
491 3787 508 3820 ι
547 3768 845 3840 Πεφώνηκε
880 3773 977 3842 μὲν
1014 3775 1124 3846 γὰρ
1153 3778 1282 3847 παρ’
1324 3776 1506 3840 αὐτοῖς
1543 3779 1575 3848 ἡ
1614 3778 1851 3847 σάλπιγξ

257 3860 345 3913 διὰ
382 3860 497 3914 τῶν
540 3865 692 3935 παρὰ
742 3863 878 3917 Θεοῦ
928 3865 1167 3931 σκοπῶν,
1210 3867 1488 3932 τουτέστι,
1531 3869 1640 3924 τῶν
1678 3871 1849 3939 ἁγίων

258 3950 597 4004 ἀποστόλων.
655 3953 1137 4026 Κεχειροτόνηνται
1178 3956 1288 4028 γὰρ
1328 3959 1414 4028 ἐφ’
1451 3959 1598 4029 ἡμᾶς
1634 3961 1846 4015 σκοποί.

266 4060 283 4092 ι
329 4041 472 4095 Ἀλλ’
506 4039 677 4096 εἴπονθ
723 4046 837 4099 υὺκ
874 4046 1242 4118 ἀκουσόμεθα.
1277 4049 1375 4103 Διὰ
1412 4051 1572 4104 τοῦτο
1608 4051 1849 4122 ἥκουσαν

257 4136 324 4190 τὲ.
364 4136 516 4207 ἔθνη.
553 4156 571 4190 ι
614 4139 727 4193 Καὶ
768 4139 967 4203 αὐτοὺς
1009 4139 1067 4193 δὲ
1115 4142 1245 4206 τοὺς
1291 4143 1481 4211 ἁγίους
1536 4145 1847 4216 εὑρήσομεν

258 4228 511 4300 μαθητὰς
533 4268 549 4292 ,
601 4233 728 4296 τοὺς
748 4232 1052 4303 ἀναφανδὸν
1085 4235 1376 4307 εἰρηκότας
1413 4239 1525 4299 τοῖς
1579 4235 1848 4291 Ἰουδαίων

254 4320 405 4385 λαοῖς
429 4337 443 4351 ⁸
482 4340 502 4374 ι
566 4323 727 4394 Ὑμῖν
773 4326 1072 4395 ἀναγκαῖον
1111 4327 1328 4400 πρῶτον
1367 4327 1600 4399 λαλῆσαι
1638 4329 1729 4384 τὸν
1760 4329 1851 4384 λό-

1954 3244 2084 3291 runt
2110 3254 2123 3290 :
2151 3236 2274 3292 Non
2298 3237 2607 3294 audiemus.
2638 3239 2851 3296 Idcirco
2881 3242 3217 3299 audiverunt
3249 3255 3459 3317 gentes,
3494 3258 3551 3303 et

1952 3327 2048 3396 qui
2099 3339 2335 3398 pascunt
2365 3345 2558 3401 greges
2596 3331 2741 3387 inter
2771 3332 2938 3403 ipsos.
2985 3334 3151 3402 Audi,
3187 3346 3333 3393 terra
3368 3356 3380 3391 :
3419 3355 3549 3395 ecce

1954 3419 2156 3475 induco
2179 3435 2348 3492 super
2366 3422 2628 3492 populum
2657 3422 2822 3484 istum
2857 3426 3018 3491 mala,
3043 3426 3282 3484 fructum
3308 3430 3552 3487 aversio-

1952 3513 2039 3567 nis
2064 3528 2196 3579 suae,
2224 3514 2355 3584 quia
2380 3515 2551 3571 verbo
2581 3532 2708 3572 meo
2739 3533 2850 3572 non
2885 3517 3263 3587 attenderunt,
3288 3529 3345 3577 et
3371 3523 3546 3594 legem

1951 3619 2129 3658 meum
2177 3605 2543 3677 repudiarunt
2569 3607 2611 3662 ⁸.
2651 3627 2670 3660 ι
2716 3608 2968 3665 Insonuit
3003 3610 3153 3666 enim
3193 3613 3277 3667 eis
3311 3613 3546 3671 buccina

1953 3712 2049 3765 per
2075 3697 2171 3751 Dei
2191 3698 2585 3767 speculatores,
2617 3699 2724 3754 hoc
2744 3709 2849 3765 est,
2882 3716 2980 3770 per
3002 3709 3223 3757 sanctos
3245 3706 3543 3772 apostolos.

1952 3784 2017 3839 lli
2047 3785 2196 3840 enim
2222 3793 2352 3841 sunt
2380 3787 2760 3856 speculatores
2784 3803 2953 3857 super
2980 3802 3081 3842 nos
3107 3788 3271 3843 electi
3326 3797 3382 3844 et
3414 3806 3547 3845 con-

1949 3877 2130 3932 stituti
2156 3879 2200 3932 '.
2240 3898 2258 3928 ι
2282 3877 2352 3932 At
2376 3876 2638 3932 dixerunt
2670 3893 2683 3929 :
2718 3877 2839 3932 Non
2871 3877 3178 3933 audiemus.
3200 3878 3413 3934 Idcirco
3442 3897 3543 3935 au-

1948 3966 2209 4021 diverunt
2231 3974 2441 4037 gentes.
2492 3985 2510 4018 ι
2542 3965 2710 4036 Atqui
2741 3966 2891 4037 ipsos
2916 3982 3138 4038 quoque
3162 3976 3382 4026 sanctos
3410 3986 3544 4042 apo-

1948 4060 2118 4114 stolos
2138 4057 2486 4114 inveniemus
2504 4067 2695 4130 aperte
2711 4058 2917 4115 dixisse
2943 4059 3262 4117 Iudaeorum
3292 4063 3543 4134 pepulis:

1956 4169 1973 4201 ι
2011 4148 2176 4204 Vobis
2208 4149 2501 4220 oportebat
2552 4149 2792 4221 primum
2824 4151 2976 4221 loqui
3004 4151 3239 4208 verbum
3274 4153 3393 4209 Dei.
3436 4154 3545 4211 Sed

1947 4239 2211 4310 quoniam
2262 4240 2534 4310 repellitis
2579 4240 2738 4308 illud,
2778 4250 2946 4313 atque
2982 4258 3081 4298 vos
3107 4242 3362 4315 indignos
3391 4246 3544 4316 judi-

1946 4330 2084 4386 catis
2108 4331 2236 4386 vitae
2256 4339 2499 4398 aeternas,
2525 4347 2654 4387 ecce
2698 4333 3074 4389 convertimur
3110 4334 3177 4388 ad
3216 4342 3427 4405 gentes.
3463 4337 3524 4391 ll:

255 4429 352 4481 γον
387 4412 486 4467 τοῦ
522 4414 680 4471 Θεοῦ.
733 4416 955 4490 Ἐπειδὴ
974 4418 1034 4472 δὲ
1060 4419 1369 4474 ἀπωθεῖσοε
1401 4421 1583 4486 αὐτὸν,
1615 4422 1713 4477 καὶ
1740 4422 1841 4477 οὐκ

1955 4424 2095 4480 enim
2122 4422 2441 4480 mandatum
2469 4423 2631 4480 nobis
2659 4432 2744 4479 est
2765 4441 2796 4480 a
2829 4425 3063 4479 Domino
3091 4423 3133 4479 ³.
3172 4446 3188 4476 ι
3221 4425 3420 4479 Beatus
3443 4441 3521 4481 au

255 4505 442 4571 ἀξίους
472 4506 617 4578 ὑμᾶς
646 4507 844 4573 αὐτοὺς
883 4510 1099 4582 κρίνετε
1135 4512 1235 4584 τῆς
1265 4513 1485 4568 αἰωνίου
1520 4513 1689 4584 ζωῆς,
1730 4515 1839 4570 ἰδοὺ

1955 4520 2056 4570 lem
2092 4514 2262 4571 Isaias
2304 4514 2519 4571 confert
2553 4515 2957 4587 praeconiorum
2988 4515 3194 4572 Christi
3226 4532 3533 4573 consonan-

257 4597 607 4668 στρεφόμεθα
654 4602 736 4663 εὶς
801 4601 871 4656 τά
933 4602 1084 4674 ἔθνη.
1161 4604 1317 4658 οὕτω
1371 4606 1479 4677 γὰρ
1556 4607 1844 4663 ὲντέταλκε

1955 4604 2075 4660 tiam
2098 4605 2264 4673 tubae,
2288 4606 2384 4661 ubi
2403 4604 2470 4661 de
2495 4612 2744 4677 tempore
2768 4605 3038 4662 adventus
3058 4607 3231 4662 dicit:
3262 4627 3278 4660 ι
3307 4607 3377 4663 Ει
3392 4608 3530 4664 erit:

255 4691 391 4760 ἡμῖν
461 4692 492 4745 ό
551 4686 773 4765 Κύριος.
841 4714 859 4746 ι
926 4694 1194 4765 Σάλπιγγι
1243 4696 1302 4750 δὲ
1361 4699 1688 4769 παρεικάζει
1755 4699 1845 4754 διὰ

1946 4697 2000 4753 in
2043 4699 2133 4755 die
2166 4700 2261 4754 illo
2292 4699 2581 4771 clangetur
2614 4700 2668 4754 in
2700 4699 2832 4755 tuba
2876 4716 3069 4773 magna
3091 4704 3132 4755 ν.
3167 4722 3186 4754 ι
3230 4701 3392 4772 322
3446 4700 3533 4757 Si—

254 4783 362 4836 τῶν
420 4784 656 4853 Χριστοῦ
711 4787 1087 4859 κηρυγμάτων
1143 4788 1240 4860 τὴν
1305 4790 1598 4859 εὐφωνίαν,
1662 4792 1760 4846 καὶ
1816 4794 1842 4846 ό

1955 4792 2165 4862 ;uidem
2200 4792 2365 4847 etiam
2414 4792 2500 4846 lex
2550 4791 2679 4847 tuba
2720 4801 2825 4856 est,
2864 4792 2960 4846 sed
2998 4808 3160 4847 rauca
3189 4799 3244 4848 et
3279 4792 3406 4848 exili
3434 4806 3535 4846 vo—

258 4874 530 4947 μακάριος
573 4877 802 4944 Ἡσαΐας
843 4879 1019 4949 λέγων
1060 4881 1189 4951 περὶ
1226 4881 1319 4936 τοῦ
1355 4881 1550 4956 καιροῦ
1603 4883 1699 4954 τῆς
1734 4880 1845 4939 ἐπι-

1942 4897 2026 4937 ce.
2053 4881 2134 4936 0b
2160 4881 2267 4935 hoc
2293 4880 2440 4935 enim
2472 4889 2530 4935 et
2567 4880 2745 4936 Moses
2784 4890 2869 4937 cst
2905 4880 3088 4936 tenuis
3117 4889 3174 4935 ct
3209 4880 3378 4936 tardae
3424 4880 3525 4935 lin-

254 4963 455 5034 δημίας
480 4981 494 4994 ’
526 4968 665 5022 «Kal
685 4968 863 5035 ἔσται,
925 4974 994 5028 ιν
1018 4975 1083 5045 τῇ
1112 4973 1298 5045 ἡμέρᾳ
1322 4975 1527 5047 ἐκείνῃ,
1550 4975 1841 5031 σαλπιοῦσι

1955 4989 2059 5043 ζυιιι
2096 4972 2158 5035 ‘°,
2194 4970 2325 5041 quia
2352 4972 2442 5025 vix
2467 4971 2521 5026 in
2552 4979 2664 5026 tota
2699 4971 2884 5027 Iudaea
2918 4971 3207 5035 clamabat,
3249 4971 3305 5026 in
3339 4988 3445 5041 qua
3474 4982 3533 5028 et

254 5060 319 5129 τῇ
359 5060 625 5128 σάλπιγγι
651 5065 717 5134 τῇ
762 5065 995 5137 μεγάλῃ.
1037 5087 1055 5118 ι
1103 5067 1343 5136 Σάλπιγξ
1384 5069 1483 5137 μὲν
1522 5069 1631 5139 γὰρ
1674 5069 1768 5123 καὶ
1816 5072 1845 5124 ὁ

1955 5065 2085 5120 Deus
2108 5062 2358 5133 cognitus
2388 5062 2510 5117 fuit.
2537 5061 2792 5118 Christus
2836 5070 3019 5118 autem
3058 5070 3143 5117 est
3178 5062 3271 5119 illa
3306 5064 3531 5135 grandis

254 5150 437 5218 νόμος,
478 5151 595 5204 ἀλλ’
633 5149 701 5224 ἦν
739 5155 1087 5226 ἰσχνόφωνος,
1130 5160 1225 5212 καὶ
1266 5159 1698 5232 βραδύγλωσσος.
1742 5162 1841 5216 Διά

1955 5172 2002 5211 lC
2032 5171 2226 5227 magna
2257 5155 2408 5220 tuba,
2442 5165 2538 5211 aut
2567 5164 2718 5211 certe
2742 5155 2863 5225 ejus
2882 5154 3177 5224 praeconia,
3206 5172 3328 5227 qua:
3355 5165 3527 5212 totum

254 5242 411 5298 τοῦτο
447 5245 542 5298 καὶ
576 5248 784 5318 Μωσῆς
805 5289 822 5317 ,
864 5250 946 5304 ὅτι
989 5252 1085 5306 καλ⁵
1121 5253 1273 5323 μόλις
1312 5254 1392 5317 εἰς
1433 5254 1602 5325 μόνην
1640 5253 1837 5324 ἐφώνει

252 5334 350 5405 τὴν
418 5335 703 5401 Ἰουδαίαν,
756 5342 814 5394 ὲν
945 5344 1037 5398 καὶ
1070 5345 1261 5414 γέγονε
1314 5346 1555 5414 γνωστὸς
1601 5347 1631 5400 ό
1682 5346 1834 5410 Θεός.

246 5425 497 5525 ,Σάλπίτξ
531 5429 589 5483 δὲ
623 5432 656 5500 ἡ
713 5433 958 5507 μεγάλη,
993 5437 1249 5508 Χριστὸς,
1292 5438 1410 5508 ἢτοι
1445 5436 1515 5492 τά
1564 5439 1631 5493 δι’
1672 5435 1839 5492 αὐτοῦ

353 5637 374 5666 '
400 5635 543 5692 Psal.
570 5653 710 5698 xcvi.
736 5639 786 5694 «ί.

899 5642 918 5673 ⁸
949 5642 1089 5697 Psal.
1125 5660 1264 5707 xvu,
1303 5643 1365 5697 12
1388 5684 1400 5707 ,
1436 5642 1518 5697 15.
1601 5642 1619 5674 ⁸
1650 5643 1841 5699 Matth.
1872 5661 1993 5707 xvi,
2043 5644 2123 5698 l7.

1942 5251 2133 5307 orbem
2162 5260 2434 5306 terrarum
2463 5258 2779 5321 personant.
2803 5250 2895 5305 Ait
2938 5249 3086 5305 enim
3119 5250 3267 5321 quod
3314 5271 3332 5301 ι
3356 5252 3531 5307 Evan-

1943 5342 2146 5415 gelium
2177 5341 2331 5412 regni
2364 5341 2754 5413 pnedieabitur
2788 5341 2842 5394 in
2882 5347 2997 5397 toto
3017 5340 3172 5406 orbe,
3200 5341 3254 5396 in
3281 5342 3529 5398 testimo-

1945 5436 2096 5491 nium
2123 5434 2383 5490 omnibus
2407 5433 2744 5506 gentibus“.
2784 5454 2800 5485 ι
2839 5433 2994 5501 Quod
3028 5442 3210 5489 autem
3234 5434 3323 5490 hic
3345 5449 3528 5491 sermo

2225 5645 2440 5701 'Galat.
2497 5662 2549 5709 ι,
2609 5644 2707 5704 15.
2776 5646 2856 5702 16.
2934 5644 3296 5714 'Ierem.v1,
3342 5647 3514 5705 ιῖ-ιῡ.

275 5690 346 5761 ἰι
384 5690 535 5762 Pet}.
564 5690 719 5778 ἐξιεῖ
746 5690 818 5736 ⁷⁷·
850 5690 972 5767 Act:
992 5690 1264 5785 13.76;
1287 5690 1400 5769 ii’
1440 5690 1600 5770 Visa.
1650 5690 1841 5786 :53:

1955 5690 1993 5707 "
2032 5690 2549 5785 ro'iamd.“r.t:'io:’
2593 5690 2856 5773 ιῑυιιειιίιςῑ
2892 5690 3145 5786 “sint
