4022 6198
499 362 605 420 907

1520 360 1579 417 S.
1620 359 1897 417 CYRILLI
1934 356 2403 415 ALEXANDRINI
2441 357 2757 415 ARCIIIEP.

3690 362 3791 421 508

502 488 674 529 verus
723 471 815 537 sit,
862 470 977 543 ipse
1018 487 1202 527 rerum
1243 471 1426 528 exitus
1457 473 1858 544 comprobavit.
1906 472 2086 527 Nullus

2202 471 2555 542 κηρύγματα,
2583 468 2951 541 περιηχοῦντα
2972 477 3072 542 την
3096 471 3188 524 ὑπ’
3215 469 3466 543 οὐρανόν.
3493 472 3639 543 ἐφη
3659 473 3786 548 γὰρ.

503 582 657 622 enim
683 572 933 620 nostrum
957 571 1041 618 est
1077 564 1170 633 qui
1206 579 1316 619 non
1343 564 1644 620 Salvatoris
1664 566 1837 620 nostri
1872 565 2102 636 gloriam

503 656 876 727 conspexerit.
914 674 933 707 ι
972 656 1040 710 Ει
1067 656 1280 722 eduxit,
1322 657 1420 722 ait,
1463 658 1641 713 Moses
1686 660 1948 729 populum
1989 659 2102 713 Deo

425 806 435 815 ,
504 750 726 807 obviam
750 765 817 803 ex
846 749 1067 813 castris,
1092 758 1149 803 et
1171 749 1458 807 constituit
1480 764 1628 804 eum
1649 750 1753 805 sub
1789 759 1977 805 monte
2013 750 2101 805 Si-

508 842 602 898 nai
628 843 691 897 η.
725 861 747 894 ι
777 841 910 897 Vide
936 840 1099 895 Musis
1120 841 1489 913 paedagogium
1517 859 1532 895 :
1561 842 1787 899 adducit
1807 843 1877 897 ad
1904 843 2098 898 Deum.

503 935 642 990 Nam
685 933 1013 1005 paedagogus
1051 933 1120 987 ad
1165 933 1447 990 Christum
1492 942 1577 990 est
1602 935 1682 988 ηε
1716 944 1773 989 et
1811 935 2102 991 constituit

503 1026 729 1097 quidem
762 1041 858 1082 eos
890 1026 986 1096 qui
1018 1025 1122 1080 sub
1154 1025 1274 1097 ipso
1316 1025 1521 1081 eruditi
1568 1034 1697 1081 sunt
1744 1027 1851 1083 sub
1891 1035 2097 1094 monte,

504 1136 616 1174 non
647 1126 832 1175 autem
868 1119 924 1173 in
966 1127 1211 1174 montem
1243 1118 1421 1189 ipsum
1450 1118 1619 1173 ducit.
1653 1119 1824 1175 Porro
1853 1130 2098 1177 montem

505 1212 655 1267 hunc
680 1211 954 1282 intelliges
980 1210 1236 1265 eximiam
1264 1209 1411 1264 illam
1438 1225 1503 1264 ac
1531 1210 1825 1266 sublimem
1854 1208 2097 1283 mysterii

502 1302 711 1358 Christi
752 1303 1146 1373 cognitionem.
1193 1301 1423 1356 Excelsa
1467 1300 1615 1356 enim
1662 1301 1958 1357 admodum
1989 1312 2095 1369 est,

503 1408 686 1463 neque
732 1392 802 1447 ab
841 1391 910 1446 iis
944 1392 1039 1462 qui
1075 1391 1179 1445 sub
1218 1392 1337 1462 lege
1376 1400 1525 1456 sunt,
1563 1392 1703 1447 adiri
1744 1402 1943 1463 potest,
1999 1396 2096 1450 sed

505 1483 843 1538 conveniens
874 1491 960 1537 est
988 1483 1150 1537 nobis
1180 1482 1274 1552 qui
1304 1482 1628 1539 sanetifrcati
1666 1499 1859 1540 sumus
1888 1485 1944 1540 in
1980 1486 2095 1556 spi-

504 1574 637 1628 ritu.
663 1574 741 1628 Ita
765 1573 912 1629 enim
938 1571 1188 1627 Salvator
1208 1572 1327 1643 ipse
1349 1573 1486 1629 dixit
1512 1590 1525 1624 :
1560 1593 1581 1625 ι
1610 1573 1780 1629 Vobis
1801 1573 1988 1629 datum
2011 1584 2095 1631 est

501 1680 668 1720 nosse
700 1664 959 1736 mysteria
986 1664 1141 1734 regni
1174 1663 1442 1719 caelorum
1470 1682 1485 1718 :
1513 1664 1634 1719 istis
1662 1673 1849 1720 autem
1875 1681 1986 1721 non
2009 1673 2095 1722 Est

503 1756 694 1810 datum
721 1756 800 1822 u;
840 1773 860 1807 ι
898 1754 1122 1819 ιυόιοὶε,
1161 1756 1427 1825 inquam:
1465 1755 1596 1812 item
1630 1757 1725 1812 ubi
1764 1758 1940 1813 instar
1965 1773 2092 1828 pre-

502 1848 738 1902 cationis
768 1847 938 1903 verba
968 1847 1099 1902 facit
1131 1848 1200 1903 ad
1224 1848 1396 1903 Deum
1431 1865 1494 1904 ac
1523 1850 1738 1905 Patrem
1764 1867 1866 1920 pro
1885 1851 2046 1906 nobis
2074 1870 2090 1906 :

510 1958 530 1990 ι
559 1938 840 1994 Conﬁteor
882 1940 1002 2002 tibi,
1032 1941 1130 2005 ait,
1160 1941 1340 2006 Pater,
1383 1942 1617 1997 Domine
1656 1943 1780 1998 coeli
1802 1959 1869 1998 ac
1908 1952 2088 2010 terrae,

500 2035 629 2104 quia
664 2033 1003 2089 abscondisti
1044 2034 1217 2089 bacca
1245 2034 1589 2104 sapientibus
1632 2044 1689 2091 et
1734 2037 2089 2109 intelligenti-

499 2123 625 2189 bus,
650 2131 706 2179 et
729 2124 984 2179 revelasti
1013 2140 1076 2179 ea
1103 2127 1368 2195 parvulis.
1387 2127 1486 2193 lta,
1518 2129 1697 2194 Pater,
1722 2131 1982 2200 quoniam
2011 2132 2091 2187 sic

499 2216 711 2286 placuit
752 2223 882 2272 ante
924 2224 976 2271 te
1011 2218 1074 2271 η.
1124 2236 1143 2269 ι
1187 2217 1397 2273 Idcirco
1435 2218 1611 2275 Moses
1655 2223 1942 2277 constituit
1987 2223 2091 2278 sub

499 2315 709 2373 monte,
738 2323 919 2378 neque
944 2316 1127 2363 tamen
1160 2308 1314 2365 ducit
1353 2312 1409 2365 in
1450 2310 1649 2382 ipsum.
1678 2313 1837 2381 Quia,
1863 2324 1926 2370 ut
1963 2324 2090 2372 ante

495 2399 686 2465 docui,
718 2400 1117 2471 perfectionem
1144 2403 1650 2477 sublimitatemque
1689 2407 1972 2477 sapientia:
2012 2409 2088 2463 si-

497 2496 615 2549 mul
653 2504 708 2550 et
738 2496 983 2551 scientiae
1017 2510 1401 2567 comparamus
1432 2501 1616 2569 potius
1656 2516 1755 2571 per
1784 2499 2086 2569 Christum,

497 2600 610 2640 non
646 2601 746 2655 per
771 2586 977 2641 Mosen.
1004 2586 1287 2658 Siquidem
1311 2589 1400 2644 hic
1423 2604 1617 2647 servus
1643 2600 1804 2648 estet
1836 2595 2089 2666 paedago-

496 2691 601 2746 gus
616 2693 633 2758 _;
674 2676 765 2733 ille
798 2686 983 2734 autem
1009 2686 1269 2751 tanquam
1294 2682 1562 2738 Dominus
1586 2685 1971 2740 universorum
1996 2703 2091 2758 ap-

496 2752 681 2836 paruit
710 2769 890 2835 nobis,
922 2771 1180 2837 perfecta:
1224 2773 1554 2842 cognitionis
1580 2774 1835 2831 donator.
1875 2752 2090 2848 Quippe

505 2876 524 2907 ι
557 2856 617 2910 In
649 2873 758 2927 quo
786 2859 897 2914 sint
925 2876 1118 2915 omnes
1146 2860 1390 2917 thesauri
1425 2865 1710 2936 sapientiai
1732 2874 1789 2922 et
1815 2871 2089 2939 cognitio-

497 2949 588 3004 nis
624 2950 955 3019 absconditi,
992 2972 1011 3005 ι
1050 2954 1193 3009 sicut
1226 2956 1490 3026 scriptum
1519 2968 1605 3013 est
1627 2960 1688 3014 “.
1720 2960 1857 3016 Cum
1903 2970 2088 3017 autem

497 3045 643 3100 Deus
677 3035 1040 3104 descenderet
1081 3049 1137 3103 in
1181 3052 1366 3120 specie
1422 3052 1582 3122 ignis,
1627 3053 1762 3108 fumi
1808 3054 1979 3108 veluti
2019 3069 2089 3109 ex

499 3136 727 3192 fornace
757 3140 1059 3195 emicantcs
1086 3141 1246 3195 valde
1277 3143 1331 3195 in
1362 3143 1598 3197 sublime
1623 3142 1961 3209 ferebantur,
1986 3160 2087 3215 per

2208 580 2228 614 ι
2269 564 2393 618 Ὀτι
2419 561 2832 634 κηρυχθήσεται
2860 559 3021 615 τοῦτο
3042 562 3104 615 τὸ
3142 562 3475 632 Εὐαγγέλιον
3500 565 3558 617 ἐν
3593 565 3690 637 ὅλῃ
3723 569 3788 638 τῇ

2200 653 2493 724 οἰκουμένῃ
2514 693 2528 716 ,
2567 653 2649 714 εἰς
2674 651 2986 723 μαρτυρίαν
3026 653 3160 705 πᾶσι
3190 656 3307 717 τοῖς
3336 654 3567 709 ἔθνεσιν.
3606 674 3625 708 ι
3668 658 3792 711 Ὀτι

2199 744 2259 797 δὲ
2287 744 2526 815 ἀτρεκὴς
2549 745 2579 797 6
2609 743 2789 813 λόγος,
2824 744 3216 816 μεμαρτύρηκε
3239 746 3372 799 αὐτὸ
3394 745 3503 799 τῶν
3528 749 3788 819 πραγμά-

2199 852 2310 889 των
2334 835 2395 889 τὸ
2435 836 2631 908 πέρας.
2678 836 2937 907 Ἀνήκοος
2972 834 3085 907 γάρ
3115 835 3294 900 οὐδεὶς
3326 837 3427 906 τῆς
3462 838 3558 891 τοῦ
3600 839 3784 910 Σωτῆ·

2205 945 2293 1000 ρος
2330 929 2489 1001 ἡμῶν
2513 929 2903 1002 ἀπομεμένηκε
2929 929 3105 999 δόξης.
3135 947 3155 980 ι
3184 928 3296 982 Καὶ
3316 929 3571 1000 ἐξήγαγε,
3599 932 3783 1001 φησιν,

2199 1021 2233 1073 6
2269 1022 2473 1094 Μωσῆς
2512 1025 2592 1087 είς
2634 1022 2963 1094 συνάντησιν
3001 1021 3095 1075 τδν
3125 1021 3254 1076 λαὸν
3291 1022 3388 1076 τοῦ
3425 1020 3563 1076 Θεοῦ
3596 1024 3660 1077 ἐκ
3690 1024 3784 1096 τῆς

2201 1113 2591 1185 παρεμϐολῆς,
2628 1116 2724 1169 καὶ
2760 1114 3104 1187 παρέστηκεν
3148 1114 3241 1167 ἐπὶ
3276 1114 3339 1168 τὸ
3386 1115 3511 1186 ὅρος
3562 1117 3712 1173 Σινᾶ.
3763 1140 3782 1173 ι

2203 1212 2347 1277 Ὅρα
2366 1210 2467 1280 τὴν
2489 1209 2734 1273 Μωσέως
2754 1208 3152 1277 παιδαγωγίαν·
3175 1208 3443 1281 ἀποφέρει
3469 1210 3607 1282 πρὸς
3629 1211 3784 1268 Θεόν.

2202 1302 2547 1370 Παιδαγωγεῐ
2563 1300 2672 1371 γὰρ
2696 1300 2787 1353 ἐπὶ
2811 1299 3065 1372 Χριστὸν,
3088 1300 3184 1355 καὶ
3213 1299 3510 1371 παρίστησι
3543 1302 3643 1372 μὲν
3661 1305 3789 1363 τοὺς

2200 1397 2292 1450 ὑπ’
2325 1392 2471 1463 αὐτῷ
2497 1393 2635 1456 τέως
2683 1390 3230 1461 παιδαγωγουμένους
3258 1389 3356 1457 ἐπὶ
3400 1390 3461 1444 τὸ
3491 1390 3648 1463 ὅρος·
3689 1393 3788 1447 οὐκ

2196 1484 2514 1549 ἀναϐιϐάζει
2538 1499 2602 1551 γε
2641 1480 2745 1553 μὲν
2772 1482 2830 1534 ἓν
2859 1480 3027 1551 αὐτῷ.
3067 1481 3230 1552 Ὅρος
3255 1480 3311 1535 δὲ
3341 1482 3559 1553 νοήσεις
3580 1484 3639 1535 ὲν
3668 1484 3788 1537 τούς

2194 1594 2341 1641 τοις,
2385 1576 2484 1647 τὴν
2511 1575 2767 1646 ὑπερφυᾶ
2793 1589 2854 1627 τε
2899 1573 2992 1626 καὶ
3022 1572 3424 1643 ὑπεραίρουσαν
3462 1572 3664 1641 γνῶσιν
3693 1573 3787 1628 τοῦ

2200 1669 2496 1741 μυστηρίου
2525 1663 2619 1719 τοῦ
2650 1665 2790 1719 κατὰ
2821 1664 3075 1737 Χριστόν.
3127 1663 3343 1735 ’Υψηλὴ
3371 1662 3482 1732 γὰρ
3512 1664 3656 1729 λίαν,
3690 1665 3788 1718 καὶ

2195 1761 2398 1832 ἥκιστα
2436 1760 2532 1829 μὲν
2562 1761 2676 1820 τοῖς
2698 1758 2757 1810 ὲν
2803 1756 2955 1827 νόμῳ
2990 1755 3148 1826 βατή·
3178 1755 3462 1827 πρέπουσα
3490 1755 3548 1809 δὲ
3582 1756 3787 1826 μᾶλλον

2124 1832 2167 1888 Β
2194 1852 2329 1919 ἡμῖν
2355 1851 2467 1911 τοῖς
2498 1848 2855 1917 ἡγιασμένοις
2893 1848 2955 1899 ἐν
2996 1846 3291 1918 πνεύματι.
3351 1847 3440 1911 Ὧς
3471 1847 3583 1917 γὰρ
3623 1847 3788 1911 αὐτὸς

2200 1941 2421 2012 εἴρηκεν
2445 1942 2473 1993 6
2491 1939 2699 2009 Σωτήρ·
2733 1957 2753 1989 ι
2793 1938 2953 2007 Ὑμῖν
2977 1937 3183 1992 δέδοται
3210 1937 3413 2007 γνῶναι
3433 1938 3493 1992 τὰ
3510 1941 3786 2010 μυστήρια

2197 2032 2299 2101 τῆς
2330 2028 2605 2100 βασιλείας
2636 2026 2746 2080 τῶν
2770 2027 3032 2097 οὐρανῶν·
3069 2026 3282 2091 τούτοις
3310 2027 3367 2079 δὲ
3399 2028 3461 2081 οὐ
3486 2027 3721 2091 δέδοται,
3761 2047 3780 2078 ι

2201 2120 2342 2192 φημὶ
2371 2120 2427 2173 δὲ
2456 2122 2568 2182 τοῖς
2616 2118 2908 2182 Ἰουδαίοις.
2944 2118 3274 2188 Ποιούμενος
3299 2118 3358 2171 δὲ
3386 2120 3481 2172 καὶ
3510 2119 3587 2181 ὼς
3617 2119 3678 2171 ἐν
3711 2119 3787 2172 εἷ-

2198 2212 2277 2266 δει
2333 2211 2644 2282 προσευχῆς
2695 2212 2822 2273 τοὺς
2876 2210 3011 2280 πρὸς
3056 2210 3281 2280 Πατέρα
3325 2210 3422 2267 καὶ
3466 2209 3598 2263 Θεὸν
3644 2210 3789 2280 ὑπὲρ

2199 2304 2356 2375 ἡμῶν
2383 2303 2599 2370 λόγουςο
2649 2320 2671 2353 ι
2716 2300 3179 2373 Ἐξομολογοῦμαί
3225 2318 3343 2366 σοι,
3397 2302 3564 2374 φησὶ,
3602 2302 3790 2374 Πάτερ

2198 2393 2372 2465 Κύριε
2400 2392 2493 2446 τοῦ
2521 2392 2751 2464 οὐρανοῦ
2778 2394 2872 2447 καὶ
2890 2393 2990 2464 τῆς
3010 2393 3137 2464 γῆς,
3158 2394 3240 2448 ὅτι
3262 2393 3588 2465 ἀπέκρυψας
3612 2396 3788 2450 ταῦτα

2199 2486 2375 2540 πάντα
2404 2484 2512 2539 ἀπὸ
2532 2484 2712 2553 σοφῶν
2739 2484 2834 2538 καὶ
2861 2484 3118 2550 συνετῶν,
3143 2487 3240 2541 καὶ
3264 2486 3622 2555 ἀπεκάλυψας
3644 2488 3788 2541 αὐτὰ

2198 2579 2432 2649 νηπίοις.
2465 2576 2567 2631 Ναὶ
2605 2578 2634 2631 6
2682 2575 2913 2648 Πατὴρ,
2958 2578 3039 2631 ὅτι
3087 2576 3263 2642 οὕτως
3306 2578 3525 2646 ἐγένετο
3562 2579 3789 2634 εὐδοκία

2198 2667 2506 2740 ἔμπροσθέν
2541 2684 2657 2721 σου.
2694 2686 2711 2719 ι
2748 2664 2965 2721 Οὐκοῦν
2991 2668 3292 2739 παρίστησι
3325 2669 3425 2738 μὲν
3452 2669 3545 2721 επὶ
3568 2669 3634 2722 τὸ
3661 2670 3789 2741 ὅρος

2194 2763 2226 2816 6
2261 2761 2485 2833 Μωσῆς,
2523 2760 2623 2814 οὐκ
2655 2758 2973 2825 ἀναϐιϐάζει
3023 2759 3081 2813 δὲ
3107 2763 3166 2814 ὲν
3204 2760 3374 2832 αὐτῷ’
3406 2761 3482 2826 ὡς
3509 2762 3618 2833 γάρ
3648 2763 3789 2831 ἔφην

2196 2852 2420 2923 ἀρτίως,
2447 2850 2508 2905 τὸ
2533 2851 2736 2907 τέλειόν
2759 2868 2818 2905 τε
2840 2853 2933 2905 καὶ
2963 2850 3165 2921 ὑψηλὸν
3192 2854 3250 2906 ὲν
3278 2853 3441 2925 σοφία
3462 2855 3556 2908 καὶ
3581 2853 3785 2922 γνώσει

2195 2943 2550 3015 κερδαίνομεν
2574 2942 2663 2996 διὰ
2691 2941 2928 3014 Χριστοῦ
2967 2944 3190 3014 μᾶλλον,
3217 2945 3280 2999 οὐ
3307 2944 3397 2998 διὰ
3426 2945 3687 3009 Μωσέως.
3729 2947 3786 3000 ὐ

2201 3035 2299 3105 μὲν
2327 3036 2439 3105 γάρ
2462 3031 2532 3107 ἦν
2566 3036 2787 3104 οεκέτης
2813 3075 2826 3098 ,
2858 3037 2954 3089 καὶ
2983 3035 3353 3105 παιδαγωγός
3393 3038 3424 3089 6
3448 3036 3527 3099 δὲ,
3564 3038 3643 3101 ὡς
3676 3036 3787 3091 τῶν

2195 3126 2333 3179 ὅλων
2364 3127 2586 3197 Κύριος.
2619 3126 2874 3196 γνώσεως
2901 3130 3035 3199 ἡμῖν
3068 3127 3276 3191 τελείας
3315 3127 3555 3197 πέφηνεν
3591 3127 3783 3201 δοτήρ.

499 3228 844 3293 universum,
881 3231 1103 3299 opinor,
1141 3233 1402 3301 populum
1437 3233 1644 3288 diffusi.
1685 3235 1819 3290 Nam
1838 3237 2086 3294 DeiVer—

2203 3238 2222 3271 ι
2271 3220 2359 3273 Ἐν
2389 3219 2543 3290 αὐτῷ
2569 3220 2678 3292 γάρ
2714 3222 2819 3273 εἰσι
2849 3221 3052 3285 πάντες
3077 3222 3127 3274 οἱ
3158 3221 3422 3293 θησαυροὶ
3451 3222 3554 3292 τῆς
3588 3223 3786 3291 σοφίας

497 3318 628 3370 bum
658 3318 955 3373 descendit
986 3321 1054 3374 ad
1093 3337 1196 3376 nos
1226 3337 1256 3376 ο
1285 3324 1445 3389 οωίο,
1482 3332 1742 3395 tanquam
1782 3328 1926 3398 ignis
1972 3328 2087 3383 for-

496 3407 669 3469 nacis,
689 3410 843 3478 juxta
859 3425 1049 3464 vocem
1071 3413 1355 3482 propheta:
1372 3416 1433 3469 ".
1458 3416 1639 3487 Atque
1662 3419 1778 3488 ipse
1799 3420 1965 3475 etiam
1988 3437 2087 3477 nos

498 3498 798 3567 baptizavit
830 3501 885 3555 in
924 3501 1137 3572 Spiritu
1179 3517 1369 3561 sancto
1393 3516 1446 3563 et
1479 3508 1602 3581 igne
1629 3511 1705 3577 u’;
1747 3512 1869 3581 igne
1904 3523 2087 3569 autem

494 3586 852 3658 intelligibili,
881 3592 976 3661 qui
1002 3592 1057 3646 in
1086 3593 1247 3649 nobis
1278 3596 1519 3652 absumit
1551 3599 1731 3663 ἕτερος,
1772 3618 1839 3655 ac
1877 3606 2087 3673 peccati

494 3679 658 3750 323
711 3682 903 3738 sordes
965 3684 1250 3757 abstergit,
1286 3703 1468 3758 neque
1509 3691 1641 3744 sinit
1684 3701 1925 3748 mentem
1981 3709 2087 3749 no-

494 3779 670 3826 stram
712 3771 945 3842 impuris
991 3776 1368 3846 voluptatibus
1414 3778 1713 3850 frigescere
1740 3822 1752 3845 ,
1800 3789 1855 3835 at
1903 3784 2088 3854 potius

493 3861 752 3918 accendit
806 3879 925 3929 nos,
956 3874 1011 3920 et
1055 3867 1253 3936 Spiritu
1284 3868 1564 3925 ferventes
1601 3872 1642 3903 ³³³
1670 3872 1853 3928 edicit.
1906 3874 2085 3944 Atque

496 3955 604 4009 hoc
653 3954 909 4012 Christus
954 3957 1070 4027 ipse
1118 3959 1172 4015 in
1228 3961 1391 4018 nobis
1436 3972 1715 4033 operatur.
1762 3966 1919 4021 Unde
1973 3968 2081 4022 ait:

503 4064 523 4096 ι
543 4046 730 4117 ignem
766 4049 893 4103 veni
923 4050 1144 4106 mittere
1196 4051 1255 4107 in
1284 4064 1511 4108 terram.
1537 4055 1606 4109 Et
1629 4056 1765 4126 quid
1800 4058 1946 4124 volo,
1978 4059 2084 4115 nisi

496 4145 561 4190 ut
606 4138 1051 4194 accendatur”?
1086 4162 1104 4194 ι
1145 4144 1360 4199 Idcirco
1407 4146 1463 4199 in
1513 4128 1694 4216 specie
1750 4150 1893 4219 ignis
1942 4153 2085 4207 miro

439 4268 447 4275 .
493 4228 730 4282 consilio
758 4231 1042 4287 veteribus
1070 4236 1353 4303 apparuit:
1411 4246 1672 4291 caeterum
1720 4255 1832 4295 non
1878 4241 2085 4311 absque

495 4317 668 4374 fumo.
723 4320 1098 4394 lnteliigemus
1123 4336 1307 4381 autem
1367 4344 1465 4398 per
1504 4330 1610 4385 hoc
1655 4347 1867 4399 rursus,
1919 4350 2084 4405 quam

492 4410 734 4467 dedendi
770 4430 835 4469 ac
862 4416 1085 4487 lugendi
1133 4418 1245 4473 sint
1276 4420 1366 4474 isti
1406 4421 1501 4492 qui
1547 4422 1622 4479 ita
1666 4424 2080 4496 obtorpescunt,

495 4514 557 4559 ut
581 4505 825 4561 divinam
870 4508 1045 4579 ipsius
1078 4511 1308 4582 gloriam
1352 4516 1634 4587 negligant
1678 4525 1842 4588 atque
1888 4536 2078 4591 asper-

2192 3311 2285 3362 καὶ
2314 3309 2411 3379 τῆς
2435 3308 2689 3378 γνώσεως
2713 3312 3042 3383 ἀπόκρυφοι,
3072 3331 3090 3363 ι
3124 3312 3266 3366 κατά
3286 3312 3347 3365 τὸ
3369 3314 3782 3384 γεγραμμένον.

2193 3403 2573 3472 Καοικομένου
2596 3404 2661 3472 δὴ
2694 3400 2788 3457 οὖν
2813 3406 2871 3456 έν
2913 3404 3045 3458 εἴδει
3073 3405 3243 3475 πυρὸς
3268 3404 3360 3459 τοῦ
3389 3404 3546 3470 Θεοῦ,
3579 3406 3786 3460 καπνοὶ

2197 3495 2295 3565 μὲν
2335 3491 2496 3567 ἦσαν,
2546 3496 2620 3559 ὡς
2650 3497 2715 3550 ἐκ
2748 3495 2980 3564 καμίνου
3028 3496 3360 3567 διᾴττοντες,
3403 3499 3498 3551 καὶ
3533 3496 3676 3567 ὑψοῦ
3718 3498 3782 3570 δὴ

2190 3585 2313 3639 λίαν
2336 3586 2751 3657 ὲξελιττόμενοι,
2787 3585 2882 3639 καὶ
2909 3589 3129 3650 παντὸς.
3165 3582 3321 3659 οἶμαι
3356 3603 3481 3654 που,
3513 3603 3783 3642 κατασκιο

2188 3676 2441 3748 δνάμενοι
2474 3676 2569 3731 τοῦ
2604 3677 2758 3732 λαοῦ.
2801 3660 3259 3761 Rura-negauimus
3301 3680 3413 3751 γὰρ
3449 3678 3511 3744 ἐξ
3542 3678 3782 3751 οὐρανοῦ

2188 3768 2256 3822 δι’
2283 3771 2429 3840 ἡμᾶς
2459 3770 2598 3841 πρὸς
2621 3771 2770 3840 ἡμᾶς
2796 3771 2826 3824 ό
2851 3770 2951 3823 τοῦ
2970 3770 3108 3825 Θεοῦ
3133 3772 3304 3840 Λόγος
3329 3773 3406 3836 ὼς
3431 3772 3544 3843 πῦρ
3571 3790 3781 3843 χωνευ-

2186 3862 2379 3933 τηρίου
2402 3902 2416 3924 ,
2446 3862 2589 3915 κατὰ
2632 3862 2736 3932 τὴν
2766 3861 2861 3916 τοῦ
2895 3864 3177 3934 προφήτου
3220 3866 3427 3936 φωνήν.
3469 3865 3580 3918 Καὶ
3611 3866 3782 3928 αὐτὸς

2189 3956 2337 4025 ἡμᾶς
2362 3953 2658 4019 ἐϐάπτιζεν
2682 3957 2741 4009 ὲν
2770 3952 3051 4024 Ηνεύματι
3078 3955 3221 4027 ἀγίῳ
3248 3957 3345 4011 καὶ
3369 3956 3525 4029 πυρί·
3552 3959 3693 4029 πυρὶ
3723 3957 3780 4011 δὲ

2186 4046 2266 4117 τῷ
2296 4045 2474 4117 νοητῷ
2504 4045 2597 4100 τὸν
2638 4048 2696 4099 ἐν
2724 4048 2856 4118 ἡμῖν
2895 4044 3201 4102 δαπανῶντι
3231 4049 3517 4120 συρφετὸν,
3562 4050 3661 4102 καὶ
3689 4050 3781 4103 τὸν

2187 4138 2245 4205 ἑξ
2271 4138 2545 4209 ἁμαρτίας
2574 4140 2859 4210 ὲκτήκοντι
2888 4142 3077 4212 ῥύπον,
3106 4141 3200 4194 καὶ
3230 4139 3607 4211 ἀποψύχεσθαι
3638 4142 3779 4213 πρὸς

2187 4233 2450 4298 ὲκτόπους
2488 4234 2682 4306 ἡδονὰς
2712 4237 2812 4291 οὐκ
2857 4237 3074 4307 ἀφιέντι
3120 4237 3212 4291 τὸν
3259 4237 3403 4290 νοῦν⁹
3451 4237 3777 4291 ἀποτετελέ-

2188 4325 2362 4394 σμεϐα
2392 4325 2450 4379 δὲ
2480 4325 2759 4399 ταύτῃτοι,
2786 4327 2865 4399 τῷ
2898 4329 3173 4399 πνεύματι
3204 4327 3439 4393 ζέοντες.
3475 4328 3587 4381 Καὶ
3611 4327 3775 4381 τοῦτο

2185 4417 2316 4469 αὐτὸ
2347 4419 2651 4489 ἐνήργησεν
2692 4421 2772 4483 είς
2805 4422 2955 4490 ἡμᾶς
2989 4423 3018 4474 6
3057 4420 3315 4493 Χριστός.
3351 4419 3644 4491 Τοιγάρτοι
3680 4421 3775 4473 καὶ

2185 4507 2455 4575 ἔφασκεψ
2494 4528 2512 4560 ι
2552 4507 2669 4580 Πῦρ
2694 4504 2857 4580 ἦλθον
2898 4510 3080 4580 βαλεῖν
3121 4511 3211 4563 ἐπὶ
3253 4510 3352 4581 τὴν
3395 4511 3518 4581 γῆν.
3555 4510 3671 4564 Καὶ
3718 4510 3774 4563 τί

892 4568 909 4579 .
1079 4568 1109 4582 υ
1408 4568 1475 4586 γυ.
1680 4568 1840 4588 —-1—-
1888 4568 2038 4591 *νιν*-

493 4609 716 4656 nentur.
740 4602 876 4657 Nam
902 4603 995 4675 qui
1020 4603 1075 4658 in
1101 4606 1253 4661 fumo
1276 4619 1588 4676 versantur,
1630 4627 1855 4667 necesse
1885 4623 1970 4668 est
1996 4614 2076 4669 la-

2190 4568 2323 4652 θέλω
2350 4603 2397 4653 εί
2436 4601 2535 4673 ἤδη
2569 4568 2822 4674 ἀνηφδης
2867 4568 3134 4657 ιιοὺκοῦν
3173 4604 3231 4656 ἄν
3266 4568 3599 4674 εέδειπυρὸς
3626 4605 3775 4658 οἱκο-

490 4709 710 4767 erymas
738 4695 1092 4766 profundere.
1111 4698 1245 4766 Quis
1270 4717 1404 4757 vero
1454 4702 1672 4759 dubitet
1702 4705 1835 4775 quin
1891 4706 2081 4761 istius-

493 4786 639 4840 modi
663 4787 939 4843 derisores
962 4796 1017 4844 et
1049 4790 1475 4849 calumniatores
1514 4796 1624 4850 sint
1661 4796 1991 4868 conjiciendi
2024 4800 2077 4854 in

493 4878 751 4933 tenebras
790 4880 1136 4936 exteriores?
1164 4901 1181 4933 ι
1220 4883 1295 4938 ibi
1339 4884 1487 4939 enim
1517 4887 1645 4951 erit,
1680 4887 1778 4953 ait,
1821 4887 1983 4943 fletus
2024 4899 2079 4944 ct

489 4968 697 5024 stridor
719 4971 966 5028 dentium
982 4975 1045 5028 ".
1061 4993 1077 5026 ι
1107 4975 1261 5042 Quod
1288 4976 1456 5047 igitur
1479 4978 1587 5042 isti,
1608 4977 1675 5034 de
1698 4980 1900 5049 quibus
1925 4997 2071 5037 nunc

488 5064 573 5112 est
596 5074 798 5125 sermo,
840 5063 1069 5119 acerbas
1101 5065 1388 5122 effundant
1438 5067 1727 5138 lacrymas,
1756 5070 2073 5126 subindicat

487 5150 693 5208 fumus.
716 5154 988 5226 Adjicitur
1012 5167 1197 5213 autem
1220 5158 1367 5229 quod
1394 5175 1558 5214 voces
1592 5161 1735 5216 tubae
1771 5162 1929 5217 facta:
1961 5164 2073 5219 sint

487 5257 781 5315 progressu
808 5237 1272 5316 vehementiores,
1306 5251 1443 5306 adeo
1473 5260 1533 5305 ut
1568 5252 1726 5308 initio
1768 5254 1930 5324 pauci
1970 5255 2071 5310 ad-

488 5336 714 5390 modum
748 5337 1045 5405 audierint,
1083 5349 1274 5410 postea
1306 5357 1436 5397 vero
1461 5344 1792 5413 complures,
1821 5345 1932 5398 imo
1955 5354 2071 5401 tota

488 5429 861 5498 congregatio.
895 5430 1179 5501 Siquidem
1204 5431 1491 5501 Evangelii
1535 5432 1851 5502 pratdicatio
1874 5441 1959 5488 est
1988 5440 2075 5488 tu-

490 5514 558 5568 ba
588 5519 822 5575 maxime
847 5536 1067 5587 sonora,
1095 5537 1215 5591 qua:
1244 5530 1297 5575 et
1330 5538 1525 5576 sonum
1560 5522 1773 5576 auditui
1818 5521 2070 5591 pervium

2181 4695 2422 4766 νομικῶς
2454 4696 2519 4767 δὴ
2567 4696 2688 4750 λίαν
2730 4700 2845 4760 τοῖς
2895 4698 3271 4769 ἀρχαιοτέροις
3307 4678 3581 4767 ὲφαίνέτω
3627 4698 3770 4769 πλὴν

2178 4784 2241 4838 οὐ
2266 4786 2391 4856 δίχα
2431 4787 2657 4841 καπνοῦ.
2690 4789 3004 4860 Συνήσομεν
3031 4791 3088 4844 δὲ
3127 4791 3220 4845 καὶ
3244 4790 3331 4843 διά
3361 4789 3551 4844 τούτου
3582 4792 3765 4856 πάλιν,

2176 4877 2258 4931 ὅτι
2292 4878 2513 4951 θρηνεῖν
2540 4880 2636 4933 καὶ
2662 4881 3025 4952 κατοιμώζειν
3049 4883 3263 4953 ἀνάγκη
3290 4883 3418 4945 τους
3436 4883 3767 4937 άναπίπτον·

2177 4984 2276 5031 τας
2307 4970 2386 5032 είς
2419 4970 2480 5023 τὸ
2509 4968 2772 5041 ῥᾴθυμον,
2821 4973 2919 5027 καὶ
2948 4974 3050 5043 τῆς
3087 4974 3237 5037 θείας
3268 4972 3435 5027 αὑτοῦ
3468 4974 3631 5045 δόξης
3663 4992 3768 5029 κα-

2175 5064 2466 5131 ταφρονεῖν
2509 5062 2839 5134 ᾑρημένους.
2890 5066 3225 5137 Δακρυροεῖν
3273 5064 3384 5134 γὰρ
3438 5065 3653 5137 ἀνάγκη
3708 5066 3767 5119 ὲν

2177 5154 2393 5225 καπνῷ.
2432 5156 2863 5227 Κατοιχήσονται
2894 5157 2950 5209 δὲ
2977 5158 3060 5210 ὅτι
3090 5156 3228 5229 πρὸς
3250 5158 3313 5212 τὸ
3340 5157 3606 5229 ἐξώτερον
3638 5160 3767 5213 σκό-

2175 5262 2269 5310 τος
2289 5247 2342 5298 οἱ
2368 5246 2640 5316 θεομισής
2674 5264 2733 5301 τε
2762 5248 2857 5300 καὶ
2894 5247 3159 5320 ἀλιτήριοι
3181 5290 3194 5315 ,
3230 5249 3348 5313 πῶς
3377 5249 3442 5301 ἂν
3466 5248 3764 5303 ὲνδοιάσειέ

2175 5354 2297 5402 τιςς
2336 5357 2363 5390 ι
2406 5336 2554 5392 Ἐκεῖ
2579 5339 2687 5409 γάρ
2712 5338 2887 5403 ἔσται,
2918 5340 3105 5411 φησιν,
3136 5340 3166 5391 6
3200 5336 3474 5409 κλαυθμὸς
3500 5339 3600 5391 καὶ
3632 5338 3767 5410 βρυ-

2176 5428 2321 5498 γμὸς
2350 5428 2465 5481 τῶν
2509 5428 2755 5482 ὀδόντων.
2786 5449 2805 5481 ι
2864 5431 2988 5484 ’Ότι
3033 5429 3211 5483 τοίνυν
3251 5429 3444 5501 πικρὸν
3495 5429 3590 5481 ἐπὶ
3634 5431 3764 5492 ταῖς

2178 5519 2482 5593 ῥαστώναις
2506 5520 2906 5585 καταστάζουσι
2936 5520 3172 5592 δάκρυον
3198 5521 3246 5573 οἱ
3273 5519 3403 5592 περὶ
3424 5510 3499 5573 ὧν
3525 5521 3555 5573 6
3575 5518 3763 5587 λόγος,

566 5647 809 5720 ξξξίκυιί.
832 5669 937 5712 χιχ,
970 5653 1055 5706 17.
1142 5654 1183 5684 ’³
1208 5652 1383 5711 Galat.
1416 5670 1493 5716 ιιι,
1530 5652 1616 5707 21.
1699 5652 1740 5682 ”
1771 5651 1958 5706 Matth.
1994 5669 2119 5718 xm,
2154 5652 2251 5717 il;
2282 5652 2412 5706 Luc.
2454 5670 2565 5719 vnn,
2608 5654 2693 5708 '50.
2776 5654 2818 5688 ³⁸
2850 5654 3037 5709 Matth.
3077 5670 3133 5720 ιι,
3161 5654 3251 5717 25,
3277 5652 3524 5715 96;].120.
3570 5667 3620 5709 ιι,
3659 5649 3761 5705 2|.

494 5714 538 5746 ¹⁶
561 5713 678 5773 (ἴθι.
713 5736 769 5781 ιι,
800 5719 850 5775 5.

611 5723 678 5793 [ιι.
713 5736 769 5781 ιι,
800 5723 850 5775 5.
932 5723 971 5753 ¹⁷
1001 5723 1171 5778 Exod.
1212 5739 1317 5789 xix,
1370 5723 1454 5777 18.

491 5784 644 5841 alibi.

1531 5724 1569 5753 ⁸⁸
1597 5723 1729 5777 Luc.
1758 5738 1834 5789 ιη,
1884 5724 1964 5778 16.
2046 5725 2086 5756 ’³³
2113 5725 2270 5779 Rom.
2322 5738 2415 5789 xu,
2454 5724 2535 5777 ll.

2640 5726 2684 5756 ’θ
2706 5724 2838 5779 Luc.
2875 5741 2964 5791 xtl,
2997 5724 3081 5779 l9.
3162 5727 3200 5755 "
3247 5724 3433 5778 Matth.
3471 5738 3578 5787 vut,
3608 5720 3674 5772 f2
3701 5728 3765 5775 et
