  <div class='ocr_page' id='page_1' title='image "/cluster/home/n/w/nwhite01/storage/ocr_20150623/69/hvd.32044073501983/261.png"; bbox 0 0 4024 6198; ppageno 0'>
   <div class='ocr_carea' id='block_1_1' title="bbox 397 277 3665 350">
    <p class='ocr_par' dir='ltr' id='par_1_1' title="bbox 397 277 3665 350">
     <span class='ocr_line' id='line_1_1' title="bbox 397 277 3665 350; baseline 0.002 -8"><span class='ocrx_word' id='word_1_1' title='bbox 397 277 491 330; x_wconf 63' lang='lat'><strong>5”</strong></span> <span class='ocrx_word' id='word_1_2' title='bbox 936 280 945 289; x_wconf 78' lang='grc'><em>’</em></span> <span class='ocrx_word' id='word_1_3' title='bbox 1415 291 1471 348; x_wconf 84' lang='lat' dir='ltr'><strong>S.</strong></span> <span class='ocrx_word' id='word_1_4' title='bbox 1512 290 1786 348; x_wconf 78' lang='lat' dir='ltr'><strong>CYRILLI</strong></span> <span class='ocrx_word' id='word_1_5' title='bbox 1827 287 2091 344; x_wconf 66' lang='lat' dir='ltr'><strong>ALEXAE‘</strong></span> <span class='ocrx_word' id='word_1_6' title='bbox 2109 287 2298 344; x_wconf 71' lang='lat' dir='ltr'><strong>DRINI</strong></span> <span class='ocrx_word' id='word_1_7' title='bbox 2334 289 2652 347; x_wconf 70' lang='lat' dir='ltr'><strong>ARCIIIEP.</strong></span> <span class='ocrx_word' id='word_1_8' title='bbox 3562 291 3665 350; x_wconf 66' lang='lat' dir='ltr'><strong>BI!</strong></span> 
     </span>
    </p>
   </div>
   <div class='ocr_carea' id='block_1_2' title="bbox 399 409 1983 484">
    <p class='ocr_par' dir='ltr' id='par_1_2' title="bbox 399 409 1967 481">
     <span class='ocr_line' id='line_1_2' title="bbox 399 409 1967 481; baseline -0.006 -9"><span class='ocrx_word' id='word_1_9' title='bbox 399 418 542 475; x_wconf 86' lang='lat' dir='ltr'><strong>Deus</strong></span> <span class='ocrx_word' id='word_1_10' title='bbox 589 424 733 472; x_wconf 82' lang='lat' dir='ltr'><strong>lIlIl&#39;O</strong></span> <span class='ocrx_word' id='word_1_11' title='bbox 793 411 1027 469; x_wconf 83' lang='lat' dir='ltr'><strong>consilio</strong></span> <span class='ocrx_word' id='word_1_12' title='bbox 1087 409 1153 466; x_wconf 83' lang='lat' dir='ltr'><strong>ad</strong></span> <span class='ocrx_word' id='word_1_13' title='bbox 1208 411 1479 481; x_wconf 88' lang='lat' dir='ltr'><strong>optimum</strong></span> <span class='ocrx_word' id='word_1_14' title='bbox 1532 411 1718 466; x_wconf 80' lang='lat' dir='ltr'><strong>Mosen</strong></span> <span class='ocrx_word' id='word_1_15' title='bbox 1769 409 1907 465; x_wconf 80' lang='lat' dir='ltr'><strong>dixit</strong></span> <span class='ocrx_word' id='word_1_16' title='bbox 1954 427 1967 463; x_wconf 91' lang='lat'><strong>:</strong></span> 
     </span>
    </p>
   </div>
   <div class='ocr_carea' id='block_1_3' title="bbox 2089 409 3667 484">
    <p class='ocr_par' dir='ltr' id='par_1_3' title="bbox 2089 409 3667 484">
     <span class='ocr_line' id='line_1_3' title="bbox 2089 409 3667 484; baseline 0.004 -23"><span class='ocrx_word' id='word_1_17' title='bbox 2089 410 2214 481; x_wconf 59' lang='lat'><strong>1:96;</strong></span> <span class='ocrx_word' id='word_1_18' title='bbox 2245 411 2398 478; x_wconf 70' lang='grc' dir='ltr'>Θεὸν,</span> <span class='ocrx_word' id='word_1_19' title='bbox 2428 412 2566 483; x_wconf 77' lang='grc' dir='ltr'>πλὴν</span> <span class='ocrx_word' id='word_1_20' title='bbox 2588 411 2669 465; x_wconf 78' lang='grc' dir='ltr'><strong>δτι</strong></span> <span class='ocrx_word' id='word_1_21' title='bbox 2691 409 2778 464; x_wconf 73' lang='grc' dir='ltr'><strong>διὰ</strong></span> <span class='ocrx_word' id='word_1_22' title='bbox 2824 409 3059 483; x_wconf 76' lang='grc' dir='ltr'>Χριστοῦ</span> <span class='ocrx_word' id='word_1_23' title='bbox 3082 453 3096 476; x_wconf 92' lang='grc'><strong>,</strong></span> <span class='ocrx_word' id='word_1_24' title='bbox 3136 410 3442 479; x_wconf 79' lang='grc' dir='ltr'>καταδείξει</span> <span class='ocrx_word' id='word_1_25' title='bbox 3470 412 3667 484; x_wconf 56' lang='grc' dir='ltr'>ῥαδίως</span> 
     </span>
    </p>
   </div>
   <div class='ocr_carea' id='block_1_4' title="bbox 404 500 1983 577">
    <p class='ocr_par' dir='ltr' id='par_1_4' title="bbox 404 502 1967 572">
     <span class='ocr_line' id='line_1_4' title="bbox 404 502 1967 572; baseline -0.004 -13"><span class='ocrx_word' id='word_1_26' title='bbox 404 508 603 572; x_wconf 67' lang='grc' dir='ltr'>Νθόο,</span> <span class='ocrx_word' id='word_1_27' title='bbox 626 504 920 569; x_wconf 86' lang='lat' dir='ltr'><strong>descende,</strong></span> <span class='ocrx_word' id='word_1_28' title='bbox 937 512 992 558; x_wconf 90' lang='lat' dir='ltr'><strong>et</strong></span> <span class='ocrx_word' id='word_1_29' title='bbox 1008 502 1260 566; x_wconf 83' lang='lat' dir='ltr'><strong>ascende,</strong></span> <span class='ocrx_word' id='word_1_30' title='bbox 1289 510 1345 555; x_wconf 91' lang='lat' dir='ltr'><strong>tu</strong></span> <span class='ocrx_word' id='word_1_31' title='bbox 1375 509 1430 557; x_wconf 90' lang='lat' dir='ltr'><strong>et</strong></span> <span class='ocrx_word' id='word_1_32' title='bbox 1456 502 1637 557; x_wconf 80' lang='lat' dir='ltr'><strong>Aaron</strong></span> <span class='ocrx_word' id='word_1_33' title='bbox 1664 511 1845 556; x_wconf 89' lang='lat' dir='ltr'><strong>tecum</strong></span> <span class='ocrx_word' id='word_1_34' title='bbox 1869 502 1967 554; x_wconf 62' lang='grc' dir='ltr'><strong>η.»</strong></span> 
     </span>
    </p>
   </div>
   <div class='ocr_carea' id='block_1_5' title="bbox 2089 500 3664 577">
    <p class='ocr_par' dir='ltr' id='par_1_5' title="bbox 2089 500 3664 577">
     <span class='ocr_line' id='line_1_5' title="bbox 2089 500 3664 577; baseline 0.003 -24"><span class='ocrx_word' id='word_1_35' title='bbox 2089 501 2207 555; x_wconf 60' lang='grc' dir='ltr'>θεοῦ</span> <span class='ocrx_word' id='word_1_36' title='bbox 2254 502 2504 573; x_wconf 83' lang='grc' dir='ltr'>λέγοντος</span> <span class='ocrx_word' id='word_1_37' title='bbox 2550 501 2911 572; x_wconf 79' lang='grc' dir='ltr'><strong>οἰκονομικῶς</strong></span> <span class='ocrx_word' id='word_1_38' title='bbox 2965 500 3043 571; x_wconf 82' lang='grc' dir='ltr'><strong>τῷ</strong></span> <span class='ocrx_word' id='word_1_39' title='bbox 3097 501 3420 574; x_wconf 84' lang='grc' dir='ltr'>παναρίστῳ</span> <span class='ocrx_word' id='word_1_40' title='bbox 3463 504 3664 577; x_wconf 73' lang='grc' dir='ltr'>Μωσῇ·</span> 
     </span>
    </p>
   </div>
   <div class='ocr_carea' id='block_1_6' title="bbox 397 582 1983 666">
    <p class='ocr_par' dir='ltr' id='par_1_6' title="bbox 397 590 1972 665">
     <span class='ocr_line' id='line_1_6' title="bbox 397 590 1972 665; baseline -0.003 -15"><span class='ocrx_word' id='word_1_41' title='bbox 397 595 651 659; x_wconf 71' lang='lat' dir='ltr'><strong>Videsne</strong></span> <span class='ocrx_word' id='word_1_42' title='bbox 669 609 779 665; x_wconf 87' lang='lat' dir='ltr'><strong>quo</strong></span> <span class='ocrx_word' id='word_1_43' title='bbox 800 602 962 664; x_wconf 86' lang='lat' dir='ltr'><strong>pacto</strong></span> <span class='ocrx_word' id='word_1_44' title='bbox 988 592 1270 662; x_wconf 84' lang='lat' dir='ltr'><strong>ablegetur</strong></span> <span class='ocrx_word' id='word_1_45' title='bbox 1314 590 1512 658; x_wconf 81' lang='lat' dir='ltr'><strong>Moses,</strong></span> <span class='ocrx_word' id='word_1_46' title='bbox 1549 607 1613 647; x_wconf 87' lang='lat' dir='ltr'><strong>ac</strong></span> <span class='ocrx_word' id='word_1_47' title='bbox 1638 590 1838 647; x_wconf 87' lang='lat' dir='ltr'><strong>deinde</strong></span> <span class='ocrx_word' id='word_1_48' title='bbox 1863 606 1972 645; x_wconf 91' lang='lat' dir='ltr'><strong>non</strong></span> 
     </span>
    </p>
   </div>
   <div class='ocr_carea' id='block_1_7' title="bbox 2089 582 3667 666">
    <p class='ocr_par' dir='ltr' id='par_1_7' title="bbox 2089 582 3667 666">
     <span class='ocr_line' id='line_1_7' title="bbox 2089 582 3667 666; baseline 0.003 -23"><span class='ocrx_word' id='word_1_49' title='bbox 2089 582 2096 643; x_wconf 63' lang='grc' dir='ltr'><strong>ἑ</strong></span> <span class='ocrx_word' id='word_1_50' title='bbox 2136 593 2326 659; x_wconf 81' lang='grc' dir='ltr'>Βάδιζε</span> <span class='ocrx_word' id='word_1_51' title='bbox 2350 634 2364 655; x_wconf 86' lang='grc'><strong>.</strong></span> <span class='ocrx_word' id='word_1_52' title='bbox 2411 592 2720 664; x_wconf 75' lang='grc' dir='ltr'>κατάϐηθι,</span> <span class='ocrx_word' id='word_1_53' title='bbox 2760 593 2856 647; x_wconf 73' lang='grc' dir='ltr'><strong>καί</strong></span> <span class='ocrx_word' id='word_1_54' title='bbox 2894 591 3165 663; x_wconf 80' lang='grc' dir='ltr'>ἀνάϐηθι,</span> <span class='ocrx_word' id='word_1_55' title='bbox 3208 593 3272 646; x_wconf 74' lang='grc' dir='ltr'>σὺ</span> <span class='ocrx_word' id='word_1_56' title='bbox 3306 594 3402 647; x_wconf 70' lang='grc' dir='ltr'><strong>καὶ</strong></span> <span class='ocrx_word' id='word_1_57' title='bbox 3457 594 3667 666; x_wconf 79' lang='grc' dir='ltr'>Ἀαρὼν</span> 
     </span>
    </p>
   </div>
   <div class='ocr_carea' id='block_1_8' title="bbox 395 680 1983 756">
    <p class='ocr_par' dir='ltr' id='par_1_8' title="bbox 395 682 1973 754">
     <span class='ocr_line' id='line_1_8' title="bbox 395 682 1973 754; baseline -0.004 -11"><span class='ocrx_word' id='word_1_58' title='bbox 395 687 547 743; x_wconf 82' lang='lat' dir='ltr'><strong>solus</strong></span> <span class='ocrx_word' id='word_1_59' title='bbox 572 694 919 751; x_wconf 75' lang='lat' dir='ltr'><strong>revertatur;</strong></span> <span class='ocrx_word' id='word_1_60' title='bbox 946 684 1043 739; x_wconf 87' lang='lat' dir='ltr'><strong>sed</strong></span> <span class='ocrx_word' id='word_1_61' title='bbox 1063 700 1171 738; x_wconf 91' lang='lat' dir='ltr'><strong>una</strong></span> <span class='ocrx_word' id='word_1_62' title='bbox 1196 700 1320 739; x_wconf 90' lang='lat' dir='ltr'><strong>cum</strong></span> <span class='ocrx_word' id='word_1_63' title='bbox 1349 683 1468 754; x_wconf 86' lang='lat' dir='ltr'><strong>ipso</strong></span> <span class='ocrx_word' id='word_1_64' title='bbox 1500 693 1759 754; x_wconf 84' lang='lat' dir='ltr'><strong>tanquam</strong></span> <span class='ocrx_word' id='word_1_65' title='bbox 1787 682 1973 738; x_wconf 84' lang='lat' dir='ltr'><strong>socius</strong></span> 
     </span>
    </p>
   </div>
   <div class='ocr_carea' id='block_1_9' title="bbox 2089 680 3671 756">
    <p class='ocr_par' dir='ltr' id='par_1_9' title="bbox 2089 680 3671 756">
     <span class='ocr_line' id='line_1_9' title="bbox 2089 680 3671 756; baseline 0.001 -20"><span class='ocrx_word' id='word_1_66' title='bbox 2089 684 2214 738; x_wconf 70' lang='grc' dir='ltr'>ιετὰ</span> <span class='ocrx_word' id='word_1_67' title='bbox 2238 684 2351 740; x_wconf 82' lang='grc' dir='ltr'>σοῦ.</span> <span class='ocrx_word' id='word_1_68' title='bbox 2368 705 2386 736; x_wconf 74' lang='grc' dir='ltr'><strong>ι</strong></span> <span class='ocrx_word' id='word_1_69' title='bbox 2418 685 2582 756; x_wconf 78' lang='grc' dir='ltr'>Ὁρᾷς</span> <span class='ocrx_word' id='word_1_70' title='bbox 2608 684 2725 748; x_wconf 89' lang='grc' dir='ltr'><strong>πῶς</strong></span> <span class='ocrx_word' id='word_1_71' title='bbox 2749 683 3110 754; x_wconf 78' lang='grc' dir='ltr'><strong>ἀπεπέμπετο</strong></span> <span class='ocrx_word' id='word_1_72' title='bbox 3124 683 3351 753; x_wconf 79' lang='grc' dir='ltr'>Μωσῆς,</span> <span class='ocrx_word' id='word_1_73' title='bbox 3368 680 3488 737; x_wconf 80' lang='grc' dir='ltr'>εἶτα</span> <span class='ocrx_word' id='word_1_74' title='bbox 3514 685 3671 754; x_wconf 82' lang='grc' dir='ltr'>μόνος</span> 
     </span>
    </p>
   </div>
   <div class='ocr_carea' id='block_1_10' title="bbox 395 774 1983 848">
    <p class='ocr_par' dir='ltr' id='par_1_10' title="bbox 395 774 1975 847">
     <span class='ocr_line' id='line_1_10' title="bbox 395 774 1975 847; baseline -0.002 -17"><span class='ocrx_word' id='word_1_75' title='bbox 395 791 461 831; x_wconf 85' lang='lat' dir='ltr'><strong>ac</strong></span> <span class='ocrx_word' id='word_1_76' title='bbox 496 790 683 831; x_wconf 89' lang='lat' dir='ltr'><strong>comes</strong></span> <span class='ocrx_word' id='word_1_77' title='bbox 727 775 988 831; x_wconf 88' lang='lat' dir='ltr'><strong>ascendat</strong></span> <span class='ocrx_word' id='word_1_78' title='bbox 1009 775 1212 841; x_wconf 75' lang='lat' dir='ltr'><strong>Aaron,</strong></span> <span class='ocrx_word' id='word_1_79' title='bbox 1242 775 1339 846; x_wconf 86' lang='lat' dir='ltr'><strong>qui</strong></span> <span class='ocrx_word' id='word_1_80' title='bbox 1390 784 1511 830; x_wconf 89' lang='lat' dir='ltr'><strong>erat</strong></span> <span class='ocrx_word' id='word_1_81' title='bbox 1563 782 1724 847; x_wconf 82' lang='lat' dir='ltr'><strong>typus</strong></span> <span class='ocrx_word' id='word_1_82' title='bbox 1766 774 1975 830; x_wconf 82' lang='lat' dir='ltr'><strong>Christi</strong></span> 
     </span>
    </p>
   </div>
   <div class='ocr_carea' id='block_1_11' title="bbox 2089 774 3670 848">
    <p class='ocr_par' dir='ltr' id='par_1_11' title="bbox 2089 774 3670 848">
     <span class='ocr_line' id='line_1_11' title="bbox 2089 774 3670 848; baseline -0.002 -17"><span class='ocrx_word' id='word_1_83' title='bbox 2089 777 2179 831; x_wconf 71' lang='grc' dir='ltr'>οὐκ</span> <span class='ocrx_word' id='word_1_84' title='bbox 2205 777 2546 848; x_wconf 76' lang='grc' dir='ltr'><strong>ἐπιστρέφει,</strong></span> <span class='ocrx_word' id='word_1_85' title='bbox 2569 775 2744 831; x_wconf 77' lang='grc' dir='ltr'><strong>ἄνεισι</strong></span> <span class='ocrx_word' id='word_1_86' title='bbox 2769 774 2826 829; x_wconf 74' lang='grc' dir='ltr'>δὲ</span> <span class='ocrx_word' id='word_1_87' title='bbox 2852 775 3012 829; x_wconf 82' lang='grc' dir='ltr'>πάλιν</span> <span class='ocrx_word' id='word_1_88' title='bbox 3038 774 3504 846; x_wconf 87' lang='grc' dir='ltr'>συνομαρτοῦντος</span> <span class='ocrx_word' id='word_1_89' title='bbox 3524 775 3670 846; x_wconf 73' lang='grc' dir='ltr'>αὐτῷ</span> 
     </span>
    </p>
   </div>
   <div class='ocr_carea' id='block_1_12' title="bbox 397 866 1975 939">
    <p class='ocr_par' dir='ltr' id='par_1_12' title="bbox 397 866 1975 939">
     <span class='ocr_line' id='line_1_12' title="bbox 397 866 1975 939; baseline -0.001 -18"><span class='ocrx_word' id='word_1_90' title='bbox 397 868 577 938; x_wconf 86' lang='lat' dir='ltr'><strong>magni</strong></span> <span class='ocrx_word' id='word_1_91' title='bbox 617 867 766 921; x_wconf 89' lang='lat' dir='ltr'><strong>illius</strong></span> <span class='ocrx_word' id='word_1_92' title='bbox 788 867 1124 923; x_wconf 80' lang='lat' dir='ltr'><strong>sacerdotis?</strong></span> <span class='ocrx_word' id='word_1_93' title='bbox 1144 868 1249 923; x_wconf 90' lang='lat' dir='ltr'><strong>Per</strong></span> <span class='ocrx_word' id='word_1_94' title='bbox 1299 868 1481 939; x_wconf 91' lang='lat' dir='ltr'><strong>ipsum</strong></span> <span class='ocrx_word' id='word_1_95' title='bbox 1505 868 1674 933; x_wconf 89' lang='lat' dir='ltr'><strong>enim,</strong></span> <span class='ocrx_word' id='word_1_96' title='bbox 1732 877 1793 923; x_wconf 92' lang='lat' dir='ltr'><strong>ut</strong></span> <span class='ocrx_word' id='word_1_97' title='bbox 1839 866 1975 929; x_wconf 74' lang='lat' dir='ltr'><strong>dixi,</strong></span> 
     </span>
    </p>
   </div>
   <div class='ocr_carea' id='block_1_13' title="bbox 395 957 1980 1032">
    <p class='ocr_par' dir='ltr' id='par_1_13' title="bbox 395 957 1980 1032">
     <span class='ocr_line' id='line_1_13' title="bbox 395 957 1980 1032; baseline 0 -19"><span class='ocrx_word' id='word_1_98' title='bbox 395 967 544 1029; x_wconf 86' lang='lat' dir='ltr'><strong>patet</strong></span> <span class='ocrx_word' id='word_1_99' title='bbox 568 958 751 1013; x_wconf 84' lang='lat' dir='ltr'><strong>aditus</strong></span> <span class='ocrx_word' id='word_1_100' title='bbox 777 959 845 1013; x_wconf 91' lang='lat' dir='ltr'><strong>ad</strong></span> <span class='ocrx_word' id='word_1_101' title='bbox 868 960 1110 1014; x_wconf 88' lang='lat' dir='ltr'><strong>Patrem.</strong></span> <span class='ocrx_word' id='word_1_102' title='bbox 1136 959 1315 1031; x_wconf 78' lang='lat' dir='ltr'><strong>Atque</strong></span> <span class='ocrx_word' id='word_1_103' title='bbox 1340 961 1416 1016; x_wconf 93' lang='lat' dir='ltr'><strong>ita</strong></span> <span class='ocrx_word' id='word_1_104' title='bbox 1443 960 1633 1032; x_wconf 84' lang='lat' dir='ltr'><strong>rejecti</strong></span> <span class='ocrx_word' id='word_1_105' title='bbox 1656 968 1784 1014; x_wconf 90' lang='lat' dir='ltr'><strong>sunt</strong></span> <span class='ocrx_word' id='word_1_106' title='bbox 1811 957 1980 1014; x_wconf 82' lang='lat' dir='ltr'><strong>certis</strong></span> 
     </span>
    </p>
   </div>
   <div class='ocr_carea' id='block_1_14' title="bbox 397 1051 1981 1121">
    <p class='ocr_par' dir='ltr' id='par_1_14' title="bbox 397 1051 1981 1121">
     <span class='ocr_line' id='line_1_14' title="bbox 397 1051 1981 1121; baseline 0.003 -18"><span class='ocrx_word' id='word_1_107' title='bbox 397 1051 757 1121; x_wconf 78' lang='lat' dir='ltr'><strong>tenlptlribus,</strong></span> <span class='ocrx_word' id='word_1_108' title='bbox 777 1051 997 1121; x_wconf 82' lang='lat' dir='ltr'><strong>legales,</strong></span> <span class='ocrx_word' id='word_1_109' title='bbox 1015 1051 1119 1107; x_wconf 88' lang='lat' dir='ltr'><strong>hoc</strong></span> <span class='ocrx_word' id='word_1_110' title='bbox 1135 1060 1221 1107; x_wconf 91' lang='lat' dir='ltr'><strong>est</strong></span> <span class='ocrx_word' id='word_1_111' title='bbox 1237 1052 1517 1107; x_wconf 73' lang='lat' dir='ltr'><strong>Israelitae.</strong></span> <span class='ocrx_word' id='word_1_112' title='bbox 1533 1053 1667 1107; x_wconf 83' lang='lat' dir='ltr'><strong>Nam</strong></span> <span class='ocrx_word' id='word_1_113' title='bbox 1691 1052 1744 1107; x_wconf 91' lang='lat' dir='ltr'><strong>in</strong></span> <span class='ocrx_word' id='word_1_114' title='bbox 1772 1051 1981 1107; x_wconf 89' lang='lat' dir='ltr'><strong>ultimis</strong></span> 
     </span>
    </p>
   </div>
   <div class='ocr_carea' id='block_1_15' title="bbox 395 1129 1975 1213">
    <p class='ocr_par' dir='ltr' id='par_1_15' title="bbox 395 1129 1975 1213">
     <span class='ocr_line' id='line_1_15' title="bbox 395 1129 1975 1213; baseline 0.001 -19"><span class='ocrx_word' id='word_1_115' title='bbox 395 1129 739 1211; x_wconf 77' lang='lat' dir='ltr'><strong>temporibus</strong></span> <span class='ocrx_word' id='word_1_116' title='bbox 757 1142 1034 1213; x_wconf 82' lang='lat' dir='ltr'><strong>cognituri</strong></span> <span class='ocrx_word' id='word_1_117' title='bbox 1061 1151 1189 1197; x_wconf 91' lang='lat' dir='ltr'><strong>sunt</strong></span> <span class='ocrx_word' id='word_1_118' title='bbox 1217 1153 1469 1198; x_wconf 90' lang='lat' dir='ltr'><strong>sanctum</strong></span> <span class='ocrx_word' id='word_1_119' title='bbox 1496 1143 1649 1198; x_wconf 90' lang='lat' dir='ltr'><strong>illum</strong></span> <span class='ocrx_word' id='word_1_120' title='bbox 1675 1150 1731 1198; x_wconf 91' lang='lat' dir='ltr'><strong>et</strong></span> <span class='ocrx_word' id='word_1_121' title='bbox 1778 1142 1975 1196; x_wconf 80' lang='lat' dir='ltr'><strong>imma-</strong></span> 
     </span>
    </p>
   </div>
   <div class='ocr_carea' id='block_1_16' title="bbox 393 1232 1978 1306">
    <p class='ocr_par' dir='ltr' id='par_1_16' title="bbox 393 1232 1978 1306">
     <span class='ocr_line' id='line_1_16' title="bbox 393 1232 1978 1306; baseline 0.003 -22"><span class='ocrx_word' id='word_1_122' title='bbox 393 1232 638 1286; x_wconf 77' lang='lat' dir='ltr'><strong>culatum</strong></span> <span class='ocrx_word' id='word_1_123' title='bbox 694 1232 1058 1298; x_wconf 88' lang='lat' dir='ltr'><strong>sacerdotem,</strong></span> <span class='ocrx_word' id='word_1_124' title='bbox 1092 1234 1202 1289; x_wconf 84' lang='lat' dir='ltr'><strong>hoc</strong></span> <span class='ocrx_word' id='word_1_125' title='bbox 1227 1243 1313 1290; x_wconf 91' lang='lat' dir='ltr'><strong>est</strong></span> <span class='ocrx_word' id='word_1_126' title='bbox 1343 1234 1646 1299; x_wconf 86' lang='lat' dir='ltr'><strong>Christum,</strong></span> <span class='ocrx_word' id='word_1_127' title='bbox 1686 1233 1848 1306; x_wconf 75' lang='lat'><strong>325</strong></span> <span class='ocrx_word' id='word_1_128' title='bbox 1879 1250 1978 1304; x_wconf 91' lang='lat' dir='ltr'><strong>per</strong></span> 
     </span>
    </p>
   </div>
   <div class='ocr_carea' id='block_1_17' title="bbox 393 1323 1976 1391">
    <p class='ocr_par' dir='ltr' id='par_1_17' title="bbox 393 1323 1976 1391">
     <span class='ocr_line' id='line_1_17' title="bbox 393 1323 1976 1391; baseline 0.002 -15"><span class='ocrx_word' id='word_1_129' title='bbox 393 1338 557 1391; x_wconf 86' lang='lat' dir='ltr'><strong>quem</strong></span> <span class='ocrx_word' id='word_1_130' title='bbox 589 1323 657 1378; x_wconf 91' lang='lat' dir='ltr'><strong>ad</strong></span> <span class='ocrx_word' id='word_1_131' title='bbox 689 1323 862 1377; x_wconf 88' lang='lat' dir='ltr'><strong>Deum</strong></span> <span class='ocrx_word' id='word_1_132' title='bbox 884 1339 950 1379; x_wconf 91' lang='lat' dir='ltr'><strong>ac</strong></span> <span class='ocrx_word' id='word_1_133' title='bbox 974 1324 1191 1380; x_wconf 87' lang='lat' dir='ltr'><strong>Patrem</strong></span> <span class='ocrx_word' id='word_1_134' title='bbox 1216 1335 1345 1381; x_wconf 89' lang='lat' dir='ltr'><strong>sunt</strong></span> <span class='ocrx_word' id='word_1_135' title='bbox 1388 1328 1672 1382; x_wconf 89' lang='lat' dir='ltr'><strong>ascensuri</strong></span> <span class='ocrx_word' id='word_1_136' title='bbox 1712 1326 1886 1381; x_wconf 91' lang='lat' dir='ltr'><strong>veluti</strong></span> <span class='ocrx_word' id='word_1_137' title='bbox 1922 1326 1976 1379; x_wconf 93' lang='lat' dir='ltr'><strong>in</strong></span> 
     </span>
    </p>
   </div>
   <div class='ocr_carea' id='block_1_18' title="bbox 397 1417 1981 1487">
    <p class='ocr_par' dir='ltr' id='par_1_18' title="bbox 397 1417 1981 1487">
     <span class='ocr_line' id='line_1_18' title="bbox 397 1417 1981 1487; baseline 0.003 -21"><span class='ocrx_word' id='word_1_138' title='bbox 397 1423 638 1469; x_wconf 87' lang='lat' dir='ltr'><strong>montem</strong></span> <span class='ocrx_word' id='word_1_139' title='bbox 668 1455 683 1479; x_wconf 94' lang='lat'><strong>,</strong></span> <span class='ocrx_word' id='word_1_140' title='bbox 738 1417 1117 1486; x_wconf 83' lang='lat' dir='ltr'><strong>amplexantes</strong></span> <span class='ocrx_word' id='word_1_141' title='bbox 1186 1418 1565 1473; x_wconf 84' lang='lat' dir='ltr'><strong>venerandum</strong></span> <span class='ocrx_word' id='word_1_142' title='bbox 1616 1417 1748 1473; x_wconf 90' lang='lat' dir='ltr'><strong>illud</strong></span> <span class='ocrx_word' id='word_1_143' title='bbox 1814 1426 1981 1487; x_wconf 87' lang='lat' dir='ltr'><strong>atque</strong></span> 
     </span>
    </p>
   </div>
   <div class='ocr_carea' id='block_1_19' title="bbox 396 1507 1970 1581">
    <p class='ocr_par' dir='ltr' id='par_1_19' title="bbox 396 1507 1970 1581">
     <span class='ocr_line' id='line_1_19' title="bbox 396 1507 1970 1581; baseline 0.001 -20"><span class='ocrx_word' id='word_1_144' title='bbox 396 1508 726 1563; x_wconf 85' lang='lat' dir='ltr'><strong>immensum</strong></span> <span class='ocrx_word' id='word_1_145' title='bbox 790 1507 990 1562; x_wconf 73' lang='lat' dir='ltr'><strong>divina:</strong></span> <span class='ocrx_word' id='word_1_146' title='bbox 1055 1508 1555 1565; x_wconf 87' lang='lat' dir='ltr'><strong>administrationis</strong></span> <span class='ocrx_word' id='word_1_147' title='bbox 1611 1509 1970 1581; x_wconf 77' lang='lat' dir='ltr'><strong>mysterium,</strong></span> 
     </span>
    </p>
   </div>
   <div class='ocr_carea' id='block_1_20' title="bbox 399 1597 1976 1673">
    <p class='ocr_par' dir='ltr' id='par_1_20' title="bbox 399 1597 1976 1673">
     <span class='ocr_line' id='line_1_20' title="bbox 399 1597 1976 1673; baseline 0.004 -23"><span class='ocrx_word' id='word_1_148' title='bbox 399 1613 495 1667; x_wconf 85' lang='lat' dir='ltr'><strong>per</strong></span> <span class='ocrx_word' id='word_1_149' title='bbox 524 1597 672 1667; x_wconf 91' lang='lat' dir='ltr'><strong>quod</strong></span> <span class='ocrx_word' id='word_1_150' title='bbox 697 1614 799 1653; x_wconf 92' lang='lat' dir='ltr'><strong>nos</strong></span> <span class='ocrx_word' id='word_1_151' title='bbox 827 1613 1021 1654; x_wconf 90' lang='lat' dir='ltr'><strong>omnes</strong></span> <span class='ocrx_word' id='word_1_152' title='bbox 1040 1599 1220 1655; x_wconf 84' lang='lat' dir='ltr'><strong>salvos</strong></span> <span class='ocrx_word' id='word_1_153' title='bbox 1239 1599 1370 1655; x_wconf 76' lang='lat' dir='ltr'><strong>fecit</strong></span> <span class='ocrx_word' id='word_1_154' title='bbox 1388 1599 1642 1655; x_wconf 87' lang='lat' dir='ltr'><strong>Christus</strong></span> <span class='ocrx_word' id='word_1_155' title='bbox 1660 1600 1852 1657; x_wconf 76' lang='lat' dir='ltr'><strong>Iesus:</strong></span> <span class='ocrx_word' id='word_1_156' title='bbox 1878 1618 1976 1673; x_wconf 79' lang='lat' dir='ltr'><strong>per</strong></span> 
     </span>
    </p>
   </div>
   <div class='ocr_carea' id='block_1_21' title="bbox 393 1692 1979 1765">
    <p class='ocr_par' dir='ltr' id='par_1_21' title="bbox 393 1692 1979 1765">
     <span class='ocr_line' id='line_1_21' title="bbox 393 1692 1979 1765; baseline 0.004 -23"><span class='ocrx_word' id='word_1_157' title='bbox 393 1704 560 1757; x_wconf 87' lang='lat' dir='ltr'><strong>quem</strong></span> <span class='ocrx_word' id='word_1_158' title='bbox 582 1699 639 1746; x_wconf 88' lang='lat' dir='ltr'><strong>et</strong></span> <span class='ocrx_word' id='word_1_159' title='bbox 664 1705 789 1745; x_wconf 89' lang='lat' dir='ltr'><strong>eum</strong></span> <span class='ocrx_word' id='word_1_160' title='bbox 813 1706 923 1760; x_wconf 90' lang='lat' dir='ltr'><strong>quo</strong></span> <span class='ocrx_word' id='word_1_161' title='bbox 954 1698 1040 1745; x_wconf 90' lang='lat' dir='ltr'><strong>est</strong></span> <span class='ocrx_word' id='word_1_162' title='bbox 1060 1692 1173 1747; x_wconf 91' lang='lat' dir='ltr'><strong>Deo</strong></span> <span class='ocrx_word' id='word_1_163' title='bbox 1196 1707 1259 1760; x_wconf 75' lang='lat' dir='ltr'><strong>ac</strong></span> <span class='ocrx_word' id='word_1_164' title='bbox 1300 1692 1447 1748; x_wconf 88' lang='lat' dir='ltr'><strong>Patri</strong></span> <span class='ocrx_word' id='word_1_165' title='bbox 1476 1694 1649 1765; x_wconf 82' lang='lat' dir='ltr'><strong>gloria</strong></span> <span class='ocrx_word' id='word_1_166' title='bbox 1689 1709 1813 1749; x_wconf 89' lang='lat' dir='ltr'><strong>eum</strong></span> <span class='ocrx_word' id='word_1_167' title='bbox 1855 1710 1979 1749; x_wconf 86' lang='lat' dir='ltr'><strong>san-</strong></span> 
     </span>
    </p>
   </div>
   <div class='ocr_carea' id='block_1_22' title="bbox 394 1768 1659 1852">
    <p class='ocr_par' dir='ltr' id='par_1_22' title="bbox 394 1768 1659 1852">
     <span class='ocr_line' id='line_1_22' title="bbox 394 1768 1659 1852; baseline 0.004 -17"><span class='ocrx_word' id='word_1_168' title='bbox 394 1789 487 1835; x_wconf 89' lang='lat' dir='ltr'><strong>cto</strong></span> <span class='ocrx_word' id='word_1_169' title='bbox 510 1781 717 1852; x_wconf 85' lang='lat' dir='ltr'><strong>Spiritu</strong></span> <span class='ocrx_word' id='word_1_170' title='bbox 755 1782 810 1836; x_wconf 91' lang='lat' dir='ltr'><strong>in</strong></span> <span class='ocrx_word' id='word_1_171' title='bbox 833 1768 1033 1838; x_wconf 66' lang='lat' dir='ltr'><strong>saecula</strong></span> <span class='ocrx_word' id='word_1_172' title='bbox 1073 1785 1420 1840; x_wconf 61' lang='lat' dir='ltr'><strong>saeculorum.</strong></span> <span class='ocrx_word' id='word_1_173' title='bbox 1463 1787 1659 1840; x_wconf 85' lang='lat' dir='ltr'><strong>Amen.</strong></span> 
     </span>
    </p>
   </div>
   <div class='ocr_carea' id='block_1_23' title="bbox 2080 863 3668 939">
    <p class='ocr_par' dir='ltr' id='par_1_23' title="bbox 2080 863 3668 939">
     <span class='ocr_line' id='line_1_23' title="bbox 2080 863 3668 939; baseline -0.001 -17"><span class='ocrx_word' id='word_1_174' title='bbox 2080 869 2176 922; x_wconf 74' lang='grc' dir='ltr'><strong>καὶ</strong></span> <span class='ocrx_word' id='word_1_175' title='bbox 2205 868 2604 931; x_wconf 83' lang='grc' dir='ltr'>συνδιαθέοντος</span> <span class='ocrx_word' id='word_1_176' title='bbox 2657 866 2890 939; x_wconf 79' lang='grc' dir='ltr'>Ἀαρὼν.</span> <span class='ocrx_word' id='word_1_177' title='bbox 2931 866 2990 925; x_wconf 73' lang='grc' dir='ltr'>ὃς</span> <span class='ocrx_word' id='word_1_178' title='bbox 3026 863 3095 938; x_wconf 82' lang='grc' dir='ltr'>ἦν</span> <span class='ocrx_word' id='word_1_179' title='bbox 3120 868 3200 931; x_wconf 90' lang='grc' dir='ltr'><strong>εἰς</strong></span> <span class='ocrx_word' id='word_1_180' title='bbox 3236 868 3407 921; x_wconf 81' lang='grc' dir='ltr'><strong>τύπον</strong></span> <span class='ocrx_word' id='word_1_181' title='bbox 3431 867 3668 937; x_wconf 84' lang='grc' dir='ltr'>Χριστοῦ</span> 
     </span>
    </p>
   </div>
   <div class='ocr_carea' id='block_1_24' title="bbox 2078 956 3699 1031">
    <p class='ocr_par' dir='ltr' id='par_1_24' title="bbox 2078 956 3699 1031">
     <span class='ocr_line' id='line_1_24' title="bbox 2078 956 3699 1031; baseline -0.002 -17"><span class='ocrx_word' id='word_1_182' title='bbox 2078 961 2174 1014; x_wconf 83' lang='grc' dir='ltr'><strong>τοῦ</strong></span> <span class='ocrx_word' id='word_1_183' title='bbox 2203 959 2438 1031; x_wconf 79' lang='grc' dir='ltr'><strong>μεγάλου</strong></span> <span class='ocrx_word' id='word_1_184' title='bbox 2470 959 2695 1031; x_wconf 76' lang='grc' dir='ltr'>ἱερέωςς</span> <span class='ocrx_word' id='word_1_185' title='bbox 2737 959 2814 1010; x_wconf 83' lang='grc' dir='ltr'><strong>Δι’</strong></span> <span class='ocrx_word' id='word_1_186' title='bbox 2852 956 3017 1012; x_wconf 69' lang='grc' dir='ltr'>αὑτοῦ</span> <span class='ocrx_word' id='word_1_187' title='bbox 3047 958 3179 1029; x_wconf 71' lang='grc' dir='ltr'>γάρ,</span> <span class='ocrx_word' id='word_1_188' title='bbox 3215 957 3289 1020; x_wconf 84' lang='grc' dir='ltr'>ὡς</span> <span class='ocrx_word' id='word_1_189' title='bbox 3315 956 3473 1028; x_wconf 63' lang='grc' dir='ltr'>ἔφην,</span> <span class='ocrx_word' id='word_1_190' title='bbox 3506 974 3699 1029; x_wconf 27' lang='grc' dir='ltr'>προσοί</span> 
     </span>
    </p>
   </div>
   <div class='ocr_carea' id='block_1_25' title="bbox 2084 1045 3699 1120">
    <p class='ocr_par' dir='ltr' id='par_1_25' title="bbox 2084 1045 3699 1120">
     <span class='ocr_line' id='line_1_25' title="bbox 2084 1045 3699 1120; baseline -0.002 -17"><span class='ocrx_word' id='word_1_191' title='bbox 2084 1051 2193 1114; x_wconf 65' lang='lat' dir='ltr'><strong>ut;</strong></span> <span class='ocrx_word' id='word_1_192' title='bbox 2228 1050 2257 1102; x_wconf 92' lang='lat'><strong>6</strong></span> <span class='ocrx_word' id='word_1_193' title='bbox 2303 1049 2515 1120; x_wconf 83' lang='grc' dir='ltr'>Πατήρ.</span> <span class='ocrx_word' id='word_1_194' title='bbox 2559 1048 2671 1103; x_wconf 70' lang='grc' dir='ltr'><strong>Καὶ</strong></span> <span class='ocrx_word' id='word_1_195' title='bbox 2693 1047 3047 1118; x_wconf 80' lang='grc' dir='ltr'>ἀπόπεμπτοι</span> <span class='ocrx_word' id='word_1_196' title='bbox 3073 1046 3358 1114; x_wconf 80' lang='grc' dir='ltr'><strong>γεγονότες</strong></span> <span class='ocrx_word' id='word_1_197' title='bbox 3383 1045 3530 1100; x_wconf 70' lang='grc' dir='ltr'>κατὰ</span> <span class='ocrx_word' id='word_1_198' title='bbox 3557 1064 3671 1100; x_wconf 66' lang='grc' dir='ltr'>καις</span> <span class='ocrx_word' id='word_1_199' title='bbox 3696 1084 3699 1089; x_wconf 88' lang='grc'><strong>-</strong></span> 
     </span>
    </p>
   </div>
   <div class='ocr_carea' id='block_1_26' title="bbox 2082 1136 3673 1211">
    <p class='ocr_par' dir='ltr' id='par_1_26' title="bbox 2082 1136 3673 1211">
     <span class='ocr_line' id='line_1_26' title="bbox 2082 1136 3673 1211; baseline -0.011 -17"><span class='ocrx_word' id='word_1_200' title='bbox 2082 1141 2209 1211; x_wconf 71' lang='grc' dir='ltr'>ρους</span> <span class='ocrx_word' id='word_1_201' title='bbox 2232 1140 2283 1192; x_wconf 88' lang='grc' dir='ltr'><strong>οἰ</strong></span> <span class='ocrx_word' id='word_1_202' title='bbox 2308 1140 2366 1193; x_wconf 80' lang='grc' dir='ltr'>ὲν</span> <span class='ocrx_word' id='word_1_203' title='bbox 2395 1140 2547 1210; x_wconf 62' lang='grc' dir='ltr'>νόμῳ</span> <span class='ocrx_word' id='word_1_204' title='bbox 2564 1180 2579 1203; x_wconf 89' lang='grc'><strong>,</strong></span> <span class='ocrx_word' id='word_1_205' title='bbox 2599 1138 2880 1192; x_wconf 74' lang='grc' dir='ltr'><strong>τουτέστιν</strong></span> <span class='ocrx_word' id='word_1_206' title='bbox 2903 1139 2931 1191; x_wconf 91' lang='lat'><strong>6</strong></span> <span class='ocrx_word' id='word_1_207' title='bbox 2965 1136 3201 1208; x_wconf 77' lang='grc' dir='ltr'>Ἰσραήλ.</span> <span class='ocrx_word' id='word_1_208' title='bbox 3240 1136 3673 1206; x_wconf 70' lang='grc' dir='ltr'><strong>Ἐπιγνὼσονται</strong></span> 
     </span>
    </p>
   </div>
   <div class='ocr_carea' id='block_1_27' title="bbox 2084 1227 3670 1301">
    <p class='ocr_par' dir='ltr' id='par_1_27' title="bbox 2084 1227 3670 1301">
     <span class='ocr_line' id='line_1_27' title="bbox 2084 1227 3670 1301; baseline -0.001 -18"><span class='ocrx_word' id='word_1_209' title='bbox 2084 1231 2182 1301; x_wconf 77' lang='grc' dir='ltr'>μὲν</span> <span class='ocrx_word' id='word_1_210' title='bbox 2220 1232 2278 1283; x_wconf 83' lang='grc' dir='ltr'>ὲν</span> <span class='ocrx_word' id='word_1_211' title='bbox 2310 1229 2558 1299; x_wconf 68' lang='grc' dir='ltr'>ἐσχάτοις</span> <span class='ocrx_word' id='word_1_212' title='bbox 2585 1231 2799 1300; x_wconf 84' lang='grc' dir='ltr'>καιροῖς</span> <span class='ocrx_word' id='word_1_213' title='bbox 2827 1228 2919 1282; x_wconf 84' lang='grc' dir='ltr'>τὸν</span> <span class='ocrx_word' id='word_1_214' title='bbox 2952 1227 3097 1281; x_wconf 79' lang='grc' dir='ltr'>ὅσιόν</span> <span class='ocrx_word' id='word_1_215' title='bbox 3122 1244 3182 1279; x_wconf 88' lang='grc' dir='ltr'><strong>τε</strong></span> <span class='ocrx_word' id='word_1_216' title='bbox 3208 1227 3305 1281; x_wconf 68' lang='grc' dir='ltr'><strong>καί¹</strong></span> <span class='ocrx_word' id='word_1_217' title='bbox 3334 1227 3545 1282; x_wconf 76' lang='grc' dir='ltr'>ἄκακον</span> <span class='ocrx_word' id='word_1_218' title='bbox 3571 1229 3670 1298; x_wconf 82' lang='grc' dir='ltr'><strong>ἀρ-</strong></span> 
     </span>
    </p>
   </div>
   <div class='ocr_carea' id='block_1_28' title="bbox 2079 1316 3672 1395">
    <p class='ocr_par' dir='ltr' id='par_1_28' title="bbox 2079 1316 3672 1395">
     <span class='ocr_line' id='line_1_28' title="bbox 2079 1316 3672 1395; baseline -0.002 -19"><span class='ocrx_word' id='word_1_219' title='bbox 2079 1324 2307 1395; x_wconf 83' lang='grc' dir='ltr'>χιερέα,</span> <span class='ocrx_word' id='word_1_220' title='bbox 2353 1321 2631 1375; x_wconf 79' lang='grc' dir='ltr'><strong>τουτέστιν</strong></span> <span class='ocrx_word' id='word_1_221' title='bbox 2679 1319 2935 1392; x_wconf 86' lang='grc' dir='ltr'>Χριστόν·</span> <span class='ocrx_word' id='word_1_222' title='bbox 2982 1316 3441 1390; x_wconf 68' lang='grc' dir='ltr'>προσελεύσονται</span> <span class='ocrx_word' id='word_1_223' title='bbox 3495 1319 3554 1372; x_wconf 77' lang='grc' dir='ltr'>δὲ</span> <span class='ocrx_word' id='word_1_224' title='bbox 3604 1319 3672 1373; x_wconf 83' lang='grc' dir='ltr'>δι’</span> 
     </span>
    </p>
   </div>
   <div class='ocr_carea' id='block_1_29' title="bbox 2080 1410 3672 1484">
    <p class='ocr_par' dir='ltr' id='par_1_29' title="bbox 2080 1410 3672 1484">
     <span class='ocr_line' id='line_1_29' title="bbox 2080 1410 3672 1484; baseline -0.003 -16"><span class='ocrx_word' id='word_1_225' title='bbox 2080 1414 2245 1469; x_wconf 78' lang='grc' dir='ltr'>αὑτοῦ</span> <span class='ocrx_word' id='word_1_226' title='bbox 2273 1411 2348 1484; x_wconf 80' lang='grc' dir='ltr'><strong>τῷ</strong></span> <span class='ocrx_word' id='word_1_227' title='bbox 2375 1412 2494 1484; x_wconf 84' lang='grc' dir='ltr'><strong>Θεῷ</strong></span> <span class='ocrx_word' id='word_1_228' title='bbox 2523 1413 2615 1465; x_wconf 68' lang='grc' dir='ltr'>καὶ</span> <span class='ocrx_word' id='word_1_229' title='bbox 2644 1411 2853 1482; x_wconf 74' lang='grc' dir='ltr'>Πατρί,</span> <span class='ocrx_word' id='word_1_230' title='bbox 2882 1411 3135 1483; x_wconf 83' lang='grc' dir='ltr'>καθάπερ</span> <span class='ocrx_word' id='word_1_231' title='bbox 3162 1412 3241 1473; x_wconf 90' lang='grc' dir='ltr'><strong>εἰς</strong></span> <span class='ocrx_word' id='word_1_232' title='bbox 3268 1411 3394 1482; x_wconf 69' lang='grc' dir='ltr'>ὅρος</span> <span class='ocrx_word' id='word_1_233' title='bbox 3424 1410 3672 1483; x_wconf 77' lang='grc' dir='ltr'>ἀναθρὼο</span> 
     </span>
    </p>
   </div>
   <div class='ocr_carea' id='block_1_30' title="bbox 2083 1500 3669 1573">
    <p class='ocr_par' dir='ltr' id='par_1_30' title="bbox 2083 1500 3669 1573">
     <span class='ocr_line' id='line_1_30' title="bbox 2083 1500 3669 1573; baseline -0.002 -16"><span class='ocrx_word' id='word_1_234' title='bbox 2083 1519 2304 1568; x_wconf 87' lang='grc' dir='ltr'>σκοντες</span> <span class='ocrx_word' id='word_1_235' title='bbox 2323 1503 2383 1556; x_wconf 75' lang='grc' dir='ltr'><strong>τὸ</strong></span> <span class='ocrx_word' id='word_1_236' title='bbox 2405 1503 2601 1555; x_wconf 74' lang='grc' dir='ltr'>σεπτὸν</span> <span class='ocrx_word' id='word_1_237' title='bbox 2617 1502 2711 1554; x_wconf 74' lang='grc' dir='ltr'><strong>καί</strong></span> <span class='ocrx_word' id='word_1_238' title='bbox 2731 1502 2871 1572; x_wconf 85' lang='grc' dir='ltr'>μέγα</span> <span class='ocrx_word' id='word_1_239' title='bbox 2885 1500 2988 1571; x_wconf 76' lang='grc' dir='ltr'>τῆς</span> <span class='ocrx_word' id='word_1_240' title='bbox 3010 1501 3325 1572; x_wconf 78' lang='grc' dir='ltr'>οἰκονομίας</span> <span class='ocrx_word' id='word_1_241' title='bbox 3344 1504 3669 1573; x_wconf 79' lang='grc' dir='ltr'>μυστήριον,</span> 
     </span>
    </p>
   </div>
   <div class='ocr_carea' id='block_1_31' title="bbox 2080 1589 3673 1667">
    <p class='ocr_par' dir='ltr' id='par_1_31' title="bbox 2080 1589 3673 1667">
     <span class='ocr_line' id='line_1_31' title="bbox 2080 1589 3673 1667; baseline -0.004 -13"><span class='ocrx_word' id='word_1_242' title='bbox 2080 1600 2147 1654; x_wconf 77' lang='grc' dir='ltr'>δι’</span> <span class='ocrx_word' id='word_1_243' title='bbox 2173 1592 2234 1653; x_wconf 72' lang='grc' dir='ltr'><strong>οῦ</strong></span> <span class='ocrx_word' id='word_1_244' title='bbox 2284 1599 2491 1660; x_wconf 78' lang='grc' dir='ltr'>πάντας</span> <span class='ocrx_word' id='word_1_245' title='bbox 2533 1597 2684 1667; x_wconf 75' lang='grc' dir='ltr'>ἡμᾶς</span> <span class='ocrx_word' id='word_1_246' title='bbox 2728 1594 2967 1649; x_wconf 81' lang='grc' dir='ltr'>σέσωκεν</span> <span class='ocrx_word' id='word_1_247' title='bbox 3003 1597 3031 1649; x_wconf 90' lang='lat'><strong>6</strong></span> <span class='ocrx_word' id='word_1_248' title='bbox 3071 1595 3339 1663; x_wconf 72' lang='grc' dir='ltr'>Χριστὸς,</span> <span class='ocrx_word' id='word_1_249' title='bbox 3373 1594 3440 1647; x_wconf 83' lang='grc' dir='ltr'>δι’</span> <span class='ocrx_word' id='word_1_250' title='bbox 3473 1589 3534 1648; x_wconf 75' lang='grc' dir='ltr'><strong>οὗ</strong></span> <span class='ocrx_word' id='word_1_251' title='bbox 3574 1593 3673 1647; x_wconf 76' lang='grc' dir='ltr'>καὶ</span> 
     </span>
    </p>
   </div>
   <div class='ocr_carea' id='block_1_32' title="bbox 2088 1685 3671 1765">
    <p class='ocr_par' dir='ltr' id='par_1_32' title="bbox 2088 1685 3671 1765">
     <span class='ocr_line' id='line_1_32' title="bbox 2088 1685 3671 1765; baseline -0.013 -18"><span class='ocrx_word' id='word_1_252' title='bbox 2088 1692 2204 1765; x_wconf 77' lang='grc' dir='ltr'>μεθ’</span> <span class='ocrx_word' id='word_1_253' title='bbox 2232 1685 2292 1746; x_wconf 71' lang='grc' dir='ltr'><strong>οὗ</strong></span> <span class='ocrx_word' id='word_1_254' title='bbox 2327 1689 2405 1762; x_wconf 78' lang='grc' dir='ltr'><strong>τῷ</strong></span> <span class='ocrx_word' id='word_1_255' title='bbox 2445 1687 2566 1757; x_wconf 69' lang='grc' dir='ltr'><strong>Θεῷ</strong></span> <span class='ocrx_word' id='word_1_256' title='bbox 2608 1686 2703 1741; x_wconf 78' lang='grc' dir='ltr'><strong>καί</strong></span> <span class='ocrx_word' id='word_1_257' title='bbox 2732 1686 2907 1758; x_wconf 76' lang='grc' dir='ltr'>Πατρὶ</span> <span class='ocrx_word' id='word_1_258' title='bbox 2935 1689 2969 1756; x_wconf 78' lang='grc' dir='ltr'><strong>ἡ</strong></span> <span class='ocrx_word' id='word_1_259' title='bbox 2999 1686 3147 1752; x_wconf 79' lang='grc' dir='ltr'>δόξα,</span> <span class='ocrx_word' id='word_1_260' title='bbox 3213 1688 3310 1741; x_wconf 77' lang='grc' dir='ltr'><strong>σῦν</strong></span> <span class='ocrx_word' id='word_1_261' title='bbox 3338 1687 3478 1758; x_wconf 74' lang='grc' dir='ltr'>ἁγίῳ</span> <span class='ocrx_word' id='word_1_262' title='bbox 3509 1686 3671 1742; x_wconf 54' lang='lat' dir='ltr'><strong>uno}.</strong></span> 
     </span>
    </p>
   </div>
   <div class='ocr_carea' id='block_1_33' title="bbox 2089 1775 3367 1860">
    <p class='ocr_par' dir='ltr' id='par_1_33' title="bbox 2089 1775 3367 1860">
     <span class='ocr_line' id='line_1_33' title="bbox 2089 1775 3367 1860; baseline -0.007 -20"><span class='ocrx_word' id='word_1_263' title='bbox 2089 1803 2240 1860; x_wconf 88' lang='grc' dir='ltr'>ματι,</span> <span class='ocrx_word' id='word_1_264' title='bbox 2265 1785 2345 1848; x_wconf 85' lang='grc' dir='ltr'><strong>εἰς</strong></span> <span class='ocrx_word' id='word_1_265' title='bbox 2377 1783 2504 1845; x_wconf 70' lang='grc' dir='ltr'>τοὺς</span> <span class='ocrx_word' id='word_1_266' title='bbox 2530 1778 2732 1842; x_wconf 79' lang='grc' dir='ltr'>αἰῶνας</span> <span class='ocrx_word' id='word_1_267' title='bbox 2759 1776 2867 1830; x_wconf 86' lang='grc' dir='ltr'><strong>τῶν</strong></span> <span class='ocrx_word' id='word_1_268' title='bbox 2897 1775 3128 1830; x_wconf 80' lang='grc' dir='ltr'><strong>αἰώνων.</strong></span> <span class='ocrx_word' id='word_1_269' title='bbox 3170 1776 3367 1849; x_wconf 79' lang='grc' dir='ltr'>Ἀμήν.</span> 
     </span>
    </p>
   </div>
   <div class='ocr_carea' id='block_1_34' title="bbox 395 1890 1983 1971">
    <p class='ocr_par' dir='ltr' id='par_1_34' title="bbox 395 1895 1973 1971">
     <span class='ocr_line' id='line_1_34' title="bbox 395 1895 1973 1971; baseline 0.007 -22"><span class='ocrx_word' id='word_1_270' title='bbox 395 1895 731 1971; x_wconf 15' lang='grc' dir='ltr'>Παλαεσεηδιιγ</span> <span class='ocrx_word' id='word_1_271' title='bbox 755 1898 951 1971; x_wconf 63' lang='lat' dir='ltr'><strong>.llogsis</strong></span> <span class='ocrx_word' id='word_1_272' title='bbox 996 1907 1045 1952; x_wconf 85' lang='lat' dir='ltr'><strong>et</strong></span> <span class='ocrx_word' id='word_1_273' title='bbox 1077 1899 1262 1971; x_wconf 78' lang='lat' dir='ltr'><strong>Aaron</strong></span> <span class='ocrx_word' id='word_1_274' title='bbox 1293 1901 1347 1954; x_wconf 85' lang='lat' dir='ltr'><strong>in</strong></span> <span class='ocrx_word' id='word_1_275' title='bbox 1395 1912 1647 1967; x_wconf 79' lang='lat' dir='ltr'><strong>montem,</strong></span> <span class='ocrx_word' id='word_1_276' title='bbox 1684 1904 1807 1958; x_wconf 83' lang='lat' dir='ltr'><strong>item</strong></span> <span class='ocrx_word' id='word_1_277' title='bbox 1854 1904 1973 1960; x_wconf 88' lang='lat' dir='ltr'><strong>Na-</strong></span> 
     </span>
    </p>
   </div>
   <div class='ocr_carea' id='block_1_35' title="bbox 2089 1890 3668 1971">
    <p class='ocr_par' dir='ltr' id='par_1_35' title="bbox 2089 1891 3668 1971">
     <span class='ocr_line' id='line_1_35' title="bbox 2089 1891 3668 1971; baseline 0 0"><span class='ocrx_word' id='word_1_278' title='bbox 2089 1900 2216 1971; x_wconf 71' lang='grc' dir='ltr'><strong>ηερὶ</strong></span> <span class='ocrx_word' id='word_1_279' title='bbox 2255 1897 2367 1966; x_wconf 81' lang='grc' dir='ltr'><strong>τῆς</strong></span> <span class='ocrx_word' id='word_1_280' title='bbox 2408 1898 2509 1971; x_wconf 59' lang='grc' dir='ltr'>εις,</span> <span class='ocrx_word' id='word_1_281' title='bbox 2544 1894 2611 1971; x_wconf 61' lang='grc' dir='ltr'><strong>ξιξ</strong></span> <span class='ocrx_word' id='word_1_282' title='bbox 2635 1892 2819 1971; x_wconf 59' lang='grc' dir='ltr'><strong>,δροςκ</strong></span> <span class='ocrx_word' id='word_1_283' title='bbox 2846 1891 3364 1971; x_wconf 66' lang='grc' dir='ltr'><strong>ᾁνιέδιῖυ.-λ¹ωιῖέως</strong></span> <span class='ocrx_word' id='word_1_284' title='bbox 3396 1891 3522 1971; x_wconf 59' lang='grc' dir='ltr'><strong>κριὲ-</strong></span> <span class='ocrx_word' id='word_1_285' title='bbox 3543 1893 3668 1971; x_wconf 71' lang='grc' dir='ltr'><strong>Ἀοεο</strong></span> 
     </span>
    </p>
   </div>
   <div class='ocr_carea' id='block_1_36' title="bbox 466 1967 1983 2047">
    <p class='ocr_par' dir='ltr' id='par_1_36' title="bbox 466 1967 1983 2047">
     <span class='ocr_line' id='line_1_36' title="bbox 466 1967 1983 2047; baseline 0.006 -26"><span class='ocrx_word' id='word_1_286' title='bbox 466 1967 589 2047; x_wconf 51' lang='lat' dir='ltr'><strong>(fab,</strong></span> <span class='ocrx_word' id='word_1_287' title='bbox 627 1977 677 2047; x_wconf 72' lang='lat' dir='ltr'><strong>et</strong></span> <span class='ocrx_word' id='word_1_288' title='bbox 698 1967 890 2034; x_wconf 79' lang='lat' dir='ltr'><strong>Abiud,</strong></span> <span class='ocrx_word' id='word_1_289' title='bbox 924 1977 972 2022; x_wconf 85' lang='lat' dir='ltr'><strong>et</strong></span> <span class='ocrx_word' id='word_1_290' title='bbox 1004 1969 1344 2041; x_wconf 78' lang='lat' dir='ltr'><strong>septuaginta</strong></span> <span class='ocrx_word' id='word_1_291' title='bbox 1382 1971 1443 2025; x_wconf 88' lang='lat' dir='ltr'><strong>de</strong></span> <span class='ocrx_word' id='word_1_292' title='bbox 1475 1973 1768 2027; x_wconf 71' lang='lat' dir='ltr'><strong>senioribus</strong></span> <span class='ocrx_word' id='word_1_293' title='bbox 1797 1975 1983 2047; x_wconf 85' lang='lat' dir='ltr'><strong>populi</strong></span> 
     </span>
    </p>
   </div>
   <div class='ocr_carea' id='block_1_37' title="bbox 466 2036 660 2091">
    <p class='ocr_par' dir='ltr' id='par_1_37' title="bbox 466 2036 660 2091">
     <span class='ocr_line' id='line_1_37' title="bbox 466 2036 660 2091; baseline 0 0"><span class='ocrx_word' id='word_1_294' title='bbox 466 2036 660 2091; x_wconf 78' lang='lat' dir='ltr'><strong>Israel.</strong></span> 
     </span>
    </p>
   </div>
   <div class='ocr_carea' id='block_1_38' title="bbox 471 2148 1983 2225">
    <p class='ocr_par' dir='ltr' id='par_1_38' title="bbox 471 2148 1983 2225">
     <span class='ocr_line' id='line_1_38' title="bbox 471 2148 1983 2225; baseline 0.009 -24"><span class='ocrx_word' id='word_1_295' title='bbox 471 2148 713 2203; x_wconf 74' lang='lat' dir='ltr'><strong>LVoeati</strong></span> <span class='ocrx_word' id='word_1_296' title='bbox 733 2151 958 2219; x_wconf 90' lang='lat' dir='ltr'><strong>quidem</strong></span> <span class='ocrx_word' id='word_1_297' title='bbox 975 2160 1102 2206; x_wconf 90' lang='lat' dir='ltr'><strong>sunt</strong></span> <span class='ocrx_word' id='word_1_298' title='bbox 1124 2166 1223 2220; x_wconf 89' lang='lat' dir='ltr'><strong>per</strong></span> <span class='ocrx_word' id='word_1_299' title='bbox 1238 2151 1413 2222; x_wconf 83' lang='lat' dir='ltr'><strong>legem</strong></span> <span class='ocrx_word' id='word_1_300' title='bbox 1426 2152 1493 2208; x_wconf 86' lang='lat' dir='ltr'><strong>ad</strong></span> <span class='ocrx_word' id='word_1_301' title='bbox 1512 2154 1684 2209; x_wconf 90' lang='lat' dir='ltr'><strong>Deum</strong></span> <span class='ocrx_word' id='word_1_302' title='bbox 1698 2155 1983 2225; x_wconf 58' lang='lat' dir='ltr'><strong>Israelita,</strong></span> 
     </span>
    </p>
   </div>
   <div class='ocr_carea' id='block_1_39' title="bbox 397 2239 1986 2310">
    <p class='ocr_par' dir='ltr' id='par_1_39' title="bbox 397 2239 1986 2310">
     <span class='ocr_line' id='line_1_39' title="bbox 397 2239 1986 2310; baseline 0.007 -17"><span class='ocrx_word' id='word_1_303' title='bbox 397 2239 670 2295; x_wconf 84' lang='lat' dir='ltr'><strong>mediante</strong></span> <span class='ocrx_word' id='word_1_304' title='bbox 693 2248 826 2296; x_wconf 90' lang='lat' dir='ltr'><strong>tunc</strong></span> <span class='ocrx_word' id='word_1_305' title='bbox 848 2257 911 2296; x_wconf 89' lang='lat' dir='ltr'><strong>ac</strong></span> <span class='ocrx_word' id='word_1_306' title='bbox 937 2243 1287 2298; x_wconf 85' lang='lat' dir='ltr'><strong>ministrante</strong></span> <span class='ocrx_word' id='word_1_307' title='bbox 1315 2243 1487 2299; x_wconf 80' lang='lat' dir='ltr'><strong>Mose.</strong></span> <span class='ocrx_word' id='word_1_308' title='bbox 1507 2245 1733 2310; x_wconf 78' lang='lat' dir='ltr'><strong>Verum,</strong></span> <span class='ocrx_word' id='word_1_309' title='bbox 1765 2255 1825 2302; x_wconf 88' lang='lat' dir='ltr'><strong>ut</strong></span> <span class='ocrx_word' id='word_1_310' title='bbox 1844 2248 1986 2304; x_wconf 88' lang='lat' dir='ltr'><strong>divi-</strong></span> 
     </span>
    </p>
   </div>
   <div class='ocr_carea' id='block_1_40' title="bbox 397 2332 1977 2405">
    <p class='ocr_par' dir='ltr' id='par_1_40' title="bbox 397 2332 1977 2405">
     <span class='ocr_line' id='line_1_40' title="bbox 397 2332 1977 2405; baseline 0.006 -21"><span class='ocrx_word' id='word_1_311' title='bbox 397 2348 504 2387; x_wconf 91' lang='lat' dir='ltr'><strong>nus</strong></span> <span class='ocrx_word' id='word_1_312' title='bbox 524 2332 909 2402; x_wconf 86' lang='lat' dir='ltr'><strong>aitApostqus</strong></span> <span class='ocrx_word' id='word_1_313' title='bbox 928 2352 941 2387; x_wconf 93' lang='lat'><strong>:</strong></span> <span class='ocrx_word' id='word_1_314' title='bbox 957 2356 972 2385; x_wconf 82' lang='grc' dir='ltr'><strong>ι</strong></span> <span class='ocrx_word' id='word_1_315' title='bbox 985 2335 1096 2389; x_wconf 80' lang='lat' dir='ltr'><strong>Lex</strong></span> <span class='ocrx_word' id='word_1_316' title='bbox 1113 2334 1419 2405; x_wconf 82' lang='lat' dir='ltr'><strong>perfectum</strong></span> <span class='ocrx_word' id='word_1_317' title='bbox 1436 2334 1567 2391; x_wconf 82' lang='lat' dir='ltr'><strong>fecit</strong></span> <span class='ocrx_word' id='word_1_318' title='bbox 1590 2338 1864 2393; x_wconf 90' lang='lat' dir='ltr'><strong>neminem</strong></span> <span class='ocrx_word' id='word_1_319' title='bbox 1878 2342 1943 2395; x_wconf 75' lang='lat'><strong>&quot;.</strong></span> <span class='ocrx_word' id='word_1_320' title='bbox 1958 2361 1977 2393; x_wconf 71' lang='grc' dir='ltr'><strong>ι</strong></span> 
     </span>
    </p>
   </div>
   <div class='ocr_carea' id='block_1_41' title="bbox 397 2424 1986 2504">
    <p class='ocr_par' dir='ltr' id='par_1_41' title="bbox 397 2424 1986 2504">
     <span class='ocr_line' id='line_1_41' title="bbox 397 2424 1986 2504; baseline 0.006 -26"><span class='ocrx_word' id='word_1_321' title='bbox 397 2424 529 2494; x_wconf 75' lang='lat' dir='ltr'><strong>Ejus</strong></span> <span class='ocrx_word' id='word_1_322' title='bbox 575 2424 725 2479; x_wconf 90' lang='lat' dir='ltr'><strong>enim</strong></span> <span class='ocrx_word' id='word_1_323' title='bbox 756 2440 821 2481; x_wconf 91' lang='lat' dir='ltr'><strong>ac</strong></span> <span class='ocrx_word' id='word_1_324' title='bbox 848 2427 1241 2497; x_wconf 89' lang='lat' dir='ltr'><strong>prophetarum</strong></span> <span class='ocrx_word' id='word_1_325' title='bbox 1275 2426 1531 2483; x_wconf 85' lang='lat' dir='ltr'><strong>Christus</strong></span> <span class='ocrx_word' id='word_1_326' title='bbox 1573 2438 1831 2487; x_wconf 85' lang='lat' dir='ltr'><strong>censetur</strong></span> <span class='ocrx_word' id='word_1_327' title='bbox 1863 2449 1986 2504; x_wconf 84' lang='lat' dir='ltr'><strong>per-</strong></span> 
     </span>
    </p>
   </div>
   <div class='ocr_carea' id='block_1_42' title="bbox 397 2512 1985 2593">
    <p class='ocr_par' dir='ltr' id='par_1_42' title="bbox 397 2512 1985 2593">
     <span class='ocr_line' id='line_1_42' title="bbox 397 2512 1985 2593; baseline 0.008 -25"><span class='ocrx_word' id='word_1_328' title='bbox 397 2512 584 2570; x_wconf 76' lang='lat' dir='ltr'><strong>fectio.</strong></span> <span class='ocrx_word' id='word_1_329' title='bbox 604 2516 687 2571; x_wconf 79' lang='lat' dir='ltr'><strong>Ab</strong></span> <span class='ocrx_word' id='word_1_330' title='bbox 704 2532 771 2572; x_wconf 90' lang='lat' dir='ltr'><strong>eo</strong></span> <span class='ocrx_word' id='word_1_331' title='bbox 804 2519 952 2573; x_wconf 91' lang='lat' dir='ltr'><strong>enim</strong></span> <span class='ocrx_word' id='word_1_332' title='bbox 977 2519 1161 2574; x_wconf 89' lang='lat' dir='ltr'><strong>omnis</strong></span> <span class='ocrx_word' id='word_1_333' title='bbox 1186 2519 1512 2590; x_wconf 88' lang='lat' dir='ltr'><strong>redemptio.</strong></span> <span class='ocrx_word' id='word_1_334' title='bbox 1528 2520 1985 2593; x_wconf 83' lang='lat' dir='ltr'><strong>Quandoquidem</strong></span> 
     </span>
    </p>
   </div>
   <div class='ocr_carea' id='block_1_43' title="bbox 366 2603 1985 2684">
    <p class='ocr_par' dir='ltr' id='par_1_43' title="bbox 366 2603 1985 2684">
     <span class='ocr_line' id='line_1_43' title="bbox 366 2603 1985 2684; baseline 0.011 -33"><span class='ocrx_word' id='word_1_335' title='bbox 366 2666 369 2671; x_wconf 6' lang='grc' dir='ltr'>ἱ</span> <span class='ocrx_word' id='word_1_336' title='bbox 404 2603 594 2668; x_wconf 67' lang='lat' dir='ltr'><strong>«Aliud</strong></span> <span class='ocrx_word' id='word_1_337' title='bbox 612 2620 814 2660; x_wconf 88' lang='lat' dir='ltr'><strong>nomen</strong></span> <span class='ocrx_word' id='word_1_338' title='bbox 833 2607 936 2663; x_wconf 85' lang='lat' dir='ltr'><strong>sub</strong></span> <span class='ocrx_word' id='word_1_339' title='bbox 960 2608 1102 2663; x_wconf 85' lang='lat' dir='ltr'><strong>coelo</strong></span> <span class='ocrx_word' id='word_1_340' title='bbox 1116 2623 1226 2662; x_wconf 92' lang='lat' dir='ltr'><strong>non</strong></span> <span class='ocrx_word' id='word_1_341' title='bbox 1250 2618 1335 2664; x_wconf 89' lang='lat' dir='ltr'><strong>est</strong></span> <span class='ocrx_word' id='word_1_342' title='bbox 1362 2609 1418 2662; x_wconf 90' lang='lat' dir='ltr'><strong>in</strong></span> <span class='ocrx_word' id='word_1_343' title='bbox 1443 2608 1781 2678; x_wconf 85' lang='lat' dir='ltr'><strong>hominibus,</strong></span> <span class='ocrx_word' id='word_1_344' title='bbox 1802 2612 1855 2667; x_wconf 92' lang='lat' dir='ltr'><strong>in</strong></span> <span class='ocrx_word' id='word_1_345' title='bbox 1875 2631 1985 2684; x_wconf 92' lang='lat' dir='ltr'><strong>quo</strong></span> 
     </span>
    </p>
   </div>
   <div class='ocr_carea' id='block_1_44' title="bbox 397 2692 1987 2770">
    <p class='ocr_par' dir='ltr' id='par_1_44' title="bbox 397 2692 1987 2770">
     <span class='ocr_line' id='line_1_44' title="bbox 397 2692 1987 2770; baseline 0.008 -25"><span class='ocrx_word' id='word_1_346' title='bbox 397 2692 598 2747; x_wconf 85' lang='lat' dir='ltr'><strong>salvari</strong></span> <span class='ocrx_word' id='word_1_347' title='bbox 618 2710 718 2751; x_wconf 92' lang='lat' dir='ltr'><strong>nos</strong></span> <span class='ocrx_word' id='word_1_348' title='bbox 734 2704 986 2765; x_wconf 87' lang='lat' dir='ltr'><strong>oporteat</strong></span> <span class='ocrx_word' id='word_1_349' title='bbox 1000 2697 1078 2763; x_wconf 79' lang='lat'><strong>&quot;;</strong></span> <span class='ocrx_word' id='word_1_350' title='bbox 1102 2716 1119 2748; x_wconf 74' lang='grc' dir='ltr'><strong>ι</strong></span> <span class='ocrx_word' id='word_1_351' title='bbox 1153 2708 1209 2751; x_wconf 91' lang='lat' dir='ltr'><strong>et</strong></span> <span class='ocrx_word' id='word_1_352' title='bbox 1230 2697 1284 2751; x_wconf 91' lang='lat' dir='ltr'><strong>in</strong></span> <span class='ocrx_word' id='word_1_353' title='bbox 1310 2696 1430 2768; x_wconf 90' lang='lat' dir='ltr'><strong>ipso</strong></span> <span class='ocrx_word' id='word_1_354' title='bbox 1446 2699 1628 2754; x_wconf 91' lang='lat' dir='ltr'><strong>omnis</strong></span> <span class='ocrx_word' id='word_1_355' title='bbox 1650 2701 1914 2770; x_wconf 82' lang='lat' dir='ltr'><strong>perfectio</strong></span> <span class='ocrx_word' id='word_1_356' title='bbox 1930 2704 1987 2758; x_wconf 93' lang='lat' dir='ltr'><strong>in</strong></span> 
     </span>
    </p>
   </div>
   <div class='ocr_carea' id='block_1_45' title="bbox 398 2782 1985 2859">
    <p class='ocr_par' dir='ltr' id='par_1_45' title="bbox 398 2782 1985 2859">
     <span class='ocr_line' id='line_1_45' title="bbox 398 2782 1985 2859; baseline 0.01 -24"><span class='ocrx_word' id='word_1_357' title='bbox 398 2782 830 2841; x_wconf 74' lang='lat' dir='ltr'><strong>sanctificatione</strong></span> <span class='ocrx_word' id='word_1_358' title='bbox 861 2788 1109 2857; x_wconf 85' lang='lat' dir='ltr'><strong>spiritus.</strong></span> <span class='ocrx_word' id='word_1_359' title='bbox 1136 2788 1196 2842; x_wconf 90' lang='lat' dir='ltr'><strong>In</strong></span> <span class='ocrx_word' id='word_1_360' title='bbox 1230 2789 1350 2859; x_wconf 90' lang='lat' dir='ltr'><strong>ipso</strong></span> <span class='ocrx_word' id='word_1_361' title='bbox 1372 2791 1553 2845; x_wconf 84' lang='lat' dir='ltr'><strong>vocati</strong></span> <span class='ocrx_word' id='word_1_362' title='bbox 1585 2791 1652 2846; x_wconf 90' lang='lat' dir='ltr'><strong>ad</strong></span> <span class='ocrx_word' id='word_1_363' title='bbox 1684 2793 1853 2848; x_wconf 91' lang='lat' dir='ltr'><strong>Deum</strong></span> <span class='ocrx_word' id='word_1_364' title='bbox 1882 2795 1985 2851; x_wconf 91' lang='lat' dir='ltr'><strong>Pa-</strong></span> 
     </span>
    </p>
   </div>
   <div class='ocr_carea' id='block_1_46' title="bbox 400 2878 1989 2950">
    <p class='ocr_par' dir='ltr' id='par_1_46' title="bbox 400 2878 1989 2950">
     <span class='ocr_line' id='line_1_46' title="bbox 400 2878 1989 2950; baseline 0.01 -25"><span class='ocrx_word' id='word_1_365' title='bbox 400 2881 539 2928; x_wconf 85' lang='lat' dir='ltr'><strong>trem</strong></span> <span class='ocrx_word' id='word_1_366' title='bbox 561 2890 773 2941; x_wconf 87' lang='lat' dir='ltr'><strong>snmus,</strong></span> <span class='ocrx_word' id='word_1_367' title='bbox 792 2888 847 2933; x_wconf 87' lang='lat' dir='ltr'><strong>et</strong></span> <span class='ocrx_word' id='word_1_368' title='bbox 860 2878 915 2932; x_wconf 94' lang='lat' dir='ltr'><strong>in</strong></span> <span class='ocrx_word' id='word_1_369' title='bbox 932 2895 1229 2950; x_wconf 88' lang='lat' dir='ltr'><strong>supernam</strong></span> <span class='ocrx_word' id='word_1_370' title='bbox 1243 2879 1525 2937; x_wconf 90' lang='lat' dir='ltr'><strong>civitatem</strong></span> <span class='ocrx_word' id='word_1_371' title='bbox 1545 2898 1669 2937; x_wconf 90' lang='lat' dir='ltr'><strong>cum</strong></span> <span class='ocrx_word' id='word_1_372' title='bbox 1688 2883 1784 2939; x_wconf 93' lang='lat' dir='ltr'><strong>illo</strong></span> <span class='ocrx_word' id='word_1_373' title='bbox 1799 2901 1989 2940; x_wconf 86' lang='lat' dir='ltr'><strong>ascen-</strong></span> 
     </span>
    </p>
   </div>
   <div class='ocr_carea' id='block_1_47' title="bbox 398 2964 1988 3041">
    <p class='ocr_par' dir='ltr' id='par_1_47' title="bbox 398 2964 1988 3041">
     <span class='ocr_line' id='line_1_47' title="bbox 398 2964 1988 3041; baseline 0.012 -24"><span class='ocrx_word' id='word_1_374' title='bbox 398 2964 613 3021; x_wconf 89' lang='lat' dir='ltr'><strong>demus.</strong></span> <span class='ocrx_word' id='word_1_375' title='bbox 641 2967 733 3023; x_wconf 89' lang='lat' dir='ltr'><strong>Sic</strong></span> <span class='ocrx_word' id='word_1_376' title='bbox 755 2970 902 3024; x_wconf 91' lang='lat' dir='ltr'><strong>enim</strong></span> <span class='ocrx_word' id='word_1_377' title='bbox 925 2971 1072 3026; x_wconf 89' lang='lat' dir='ltr'><strong>clare</strong></span> <span class='ocrx_word' id='word_1_378' title='bbox 1104 2971 1336 3041; x_wconf 87' lang='lat' dir='ltr'><strong>ipsemet</strong></span> <span class='ocrx_word' id='word_1_379' title='bbox 1363 2973 1439 3028; x_wconf 86' lang='lat' dir='ltr'><strong>ait</strong></span> <span class='ocrx_word' id='word_1_380' title='bbox 1463 2992 1474 3027; x_wconf 96' lang='lat'>:</span> <span class='ocrx_word' id='word_1_381' title='bbox 1509 2975 1595 3031; x_wconf 67' lang='lat' dir='ltr'><strong>«In</strong></span> <span class='ocrx_word' id='word_1_382' title='bbox 1619 2976 1785 3031; x_wconf 88' lang='lat' dir='ltr'><strong>domo</strong></span> <span class='ocrx_word' id='word_1_383' title='bbox 1809 2978 1988 3036; x_wconf 87' lang='lat' dir='ltr'><strong>Patris</strong></span> 
     </span>
    </p>
   </div>
   <div class='ocr_carea' id='block_1_48' title="bbox 399 3059 1988 3136">
    <p class='ocr_par' dir='ltr' id='par_1_48' title="bbox 399 3059 1988 3136">
     <span class='ocr_line' id='line_1_48' title="bbox 399 3059 1988 3136; baseline 0.009 -24"><span class='ocrx_word' id='word_1_384' title='bbox 399 3059 508 3114; x_wconf 89' lang='lat' dir='ltr'><strong>mei</strong></span> <span class='ocrx_word' id='word_1_385' title='bbox 551 3061 867 3118; x_wconf 88' lang='lat' dir='ltr'><strong>mansiones</strong></span> <span class='ocrx_word' id='word_1_386' title='bbox 909 3064 1093 3117; x_wconf 81' lang='lat' dir='ltr'><strong>multae</strong></span> <span class='ocrx_word' id='word_1_387' title='bbox 1143 3072 1292 3118; x_wconf 89' lang='lat' dir='ltr'><strong>sunt.</strong></span> <span class='ocrx_word' id='word_1_388' title='bbox 1335 3063 1390 3119; x_wconf 92' lang='lat' dir='ltr'><strong>Si</strong></span> <span class='ocrx_word' id='word_1_389' title='bbox 1454 3067 1773 3136; x_wconf 89' lang='lat' dir='ltr'><strong>quominus,</strong></span> <span class='ocrx_word' id='word_1_390' title='bbox 1816 3069 1988 3125; x_wconf 75' lang='lat' dir='ltr'><strong>dixis-</strong></span> 
     </span>
    </p>
   </div>
   <div class='ocr_carea' id='block_1_49' title="bbox 401 3152 1989 3223">
    <p class='ocr_par' dir='ltr' id='par_1_49' title="bbox 401 3152 1989 3223">
     <span class='ocr_line' id='line_1_49' title="bbox 401 3152 1989 3223; baseline 0.008 -20"><span class='ocrx_word' id='word_1_391' title='bbox 401 3163 516 3204; x_wconf 87' lang='lat' dir='ltr'><strong>sem</strong></span> <span class='ocrx_word' id='word_1_392' title='bbox 543 3152 733 3217; x_wconf 88' lang='lat' dir='ltr'><strong>vobis;</strong></span> <span class='ocrx_word' id='word_1_393' title='bbox 763 3152 893 3222; x_wconf 90' lang='lat' dir='ltr'><strong>quia</strong></span> <span class='ocrx_word' id='word_1_394' title='bbox 926 3153 1067 3208; x_wconf 85' lang='lat' dir='ltr'><strong>vado</strong></span> <span class='ocrx_word' id='word_1_395' title='bbox 1093 3168 1287 3223; x_wconf 88' lang='lat' dir='ltr'><strong>parare</strong></span> <span class='ocrx_word' id='word_1_396' title='bbox 1314 3155 1473 3211; x_wconf 83' lang='lat' dir='ltr'><strong>vobis</strong></span> <span class='ocrx_word' id='word_1_397' title='bbox 1504 3157 1706 3213; x_wconf 89' lang='lat' dir='ltr'><strong>locum.</strong></span> <span class='ocrx_word' id='word_1_398' title='bbox 1728 3160 1794 3214; x_wconf 89' lang='lat' dir='ltr'><strong>Et</strong></span> <span class='ocrx_word' id='word_1_399' title='bbox 1819 3160 1863 3216; x_wconf 88' lang='lat' dir='ltr'><strong>si</strong></span> <span class='ocrx_word' id='word_1_400' title='bbox 1892 3161 1989 3215; x_wconf 89' lang='lat' dir='ltr'><strong>ab-</strong></span> 
     </span>
    </p>
   </div>
   <div class='ocr_carea' id='block_1_50' title="bbox 2148 1960 3674 2042">
    <p class='ocr_par' dir='ltr' id='par_1_50' title="bbox 2148 1960 3674 2042">
     <span class='ocr_line' id='line_1_50' title="bbox 2148 1960 3674 2042; baseline -0.013 -17"><span class='ocrx_word' id='word_1_401' title='bbox 2148 1960 2295 2042; x_wconf 57' lang='grc' dir='ltr'><strong>ᾒὼν.</strong></span> <span class='ocrx_word' id='word_1_402' title='bbox 2315 1960 2426 2021; x_wconf 53' lang='grc' dir='ltr'>καὶ</span> <span class='ocrx_word' id='word_1_403' title='bbox 2455 1960 2701 2042; x_wconf 51' lang='grc' dir='ltr'><strong>Νἰιζῗὰό,⁷</strong></span> <span class='ocrx_word' id='word_1_404' title='bbox 2726 1963 2824 2017; x_wconf 78' lang='grc' dir='ltr'>καὶ</span> <span class='ocrx_word' id='word_1_405' title='bbox 2863 1962 3110 2042; x_wconf 52' lang='grc' dir='ltr'>ᾉὸιρὺόξ</span> <span class='ocrx_word' id='word_1_406' title='bbox 3145 1963 3243 2017; x_wconf 77' lang='grc' dir='ltr'><strong>καί</strong></span> <span class='ocrx_word' id='word_1_407' title='bbox 3273 1960 3393 2016; x_wconf 81' lang='grc' dir='ltr'>τῶν</span> <span class='ocrx_word' id='word_1_408' title='bbox 3419 1961 3674 2033; x_wconf 73' lang='grc' dir='ltr'>ἑϐδομή-</span> 
     </span>
    </p>
   </div>
   <div class='ocr_carea' id='block_1_51' title="bbox 2155 2032 3136 2106">
    <p class='ocr_par' dir='ltr' id='par_1_51' title="bbox 2155 2032 3136 2106">
     <span class='ocr_line' id='line_1_51' title="bbox 2155 2032 3136 2106; baseline -0.009 -10"><span class='ocrx_word' id='word_1_409' title='bbox 2155 2032 2341 2097; x_wconf 60' lang='grc' dir='ltr'>κοντα</span> <span class='ocrx_word' id='word_1_410' title='bbox 2370 2032 2792 2106; x_wconf 77' lang='grc' dir='ltr'>πρεσϐυτέρων</span> <span class='ocrx_word' id='word_1_411' title='bbox 2818 2032 2924 2086; x_wconf 86' lang='grc' dir='ltr'><strong>τοῦ</strong></span> <span class='ocrx_word' id='word_1_412' title='bbox 2958 2033 3136 2089; x_wconf 70' lang='grc' dir='ltr'>λαοῦ.</span> 
     </span>
    </p>
   </div>
   <div class='ocr_carea' id='block_1_52' title="bbox 2155 2146 3674 2223">
    <p class='ocr_par' dir='ltr' id='par_1_52' title="bbox 2155 2146 3674 2223">
     <span class='ocr_line' id='line_1_52' title="bbox 2155 2146 3674 2223; baseline -0.007 -12"><span class='ocrx_word' id='word_1_413' title='bbox 2155 2163 2223 2211; x_wconf 84' lang='grc' dir='ltr'>α’.</span> <span class='ocrx_word' id='word_1_414' title='bbox 2247 2152 2560 2223; x_wconf 83' lang='grc' dir='ltr'>Κέκληνται</span> <span class='ocrx_word' id='word_1_415' title='bbox 2584 2149 2683 2221; x_wconf 77' lang='grc' dir='ltr'>μὲν</span> <span class='ocrx_word' id='word_1_416' title='bbox 2700 2147 2787 2202; x_wconf 81' lang='grc' dir='ltr'>διὰ</span> <span class='ocrx_word' id='word_1_417' title='bbox 2808 2147 2975 2220; x_wconf 90' lang='grc' dir='ltr'>νόμου</span> <span class='ocrx_word' id='word_1_418' title='bbox 2993 2146 3130 2219; x_wconf 74' lang='grc' dir='ltr'>πρὸς</span> <span class='ocrx_word' id='word_1_419' title='bbox 3144 2146 3275 2200; x_wconf 84' lang='grc' dir='ltr'>Θεὸν</span> <span class='ocrx_word' id='word_1_420' title='bbox 3296 2149 3344 2200; x_wconf 89' lang='grc' dir='ltr'><strong>οἰ</strong></span> <span class='ocrx_word' id='word_1_421' title='bbox 3367 2146 3425 2214; x_wconf 77' lang='grc' dir='ltr'>ἐξ</span> <span class='ocrx_word' id='word_1_422' title='bbox 3440 2147 3674 2218; x_wconf 82' lang='grc' dir='ltr'>αἵματος</span> 
     </span>
    </p>
   </div>
   <div class='ocr_carea' id='block_1_53' title="bbox 2098 2237 3672 2319">
    <p class='ocr_par' dir='ltr' id='par_1_53' title="bbox 2098 2237 3672 2319">
     <span class='ocr_line' id='line_1_53' title="bbox 2098 2237 3672 2319; baseline -0.007 -18"><span class='ocrx_word' id='word_1_423' title='bbox 2098 2244 2335 2319; x_wconf 75' lang='grc' dir='ltr'>Ἰσραὴλ,</span> <span class='ocrx_word' id='word_1_424' title='bbox 2382 2239 2758 2312; x_wconf 83' lang='grc' dir='ltr'>μεσιτεύοντος</span> <span class='ocrx_word' id='word_1_425' title='bbox 2785 2239 2848 2293; x_wconf 80' lang='grc' dir='ltr'>τὸ</span> <span class='ocrx_word' id='word_1_426' title='bbox 2875 2238 3130 2311; x_wconf 83' lang='grc' dir='ltr'>τηνικάδε</span> <span class='ocrx_word' id='word_1_427' title='bbox 3170 2237 3267 2291; x_wconf 79' lang='grc' dir='ltr'><strong>καί</strong></span> <span class='ocrx_word' id='word_1_428' title='bbox 3297 2238 3672 2303; x_wconf 77' lang='grc' dir='ltr'>διακονοῦντος</span> 
     </span>
    </p>
   </div>
   <div class='ocr_carea' id='block_1_54' title="bbox 2085 2329 3671 2401">
    <p class='ocr_par' dir='ltr' id='par_1_54' title="bbox 2085 2329 3671 2401">
     <span class='ocr_line' id='line_1_54' title="bbox 2085 2329 3671 2401; baseline -0.006 -9"><span class='ocrx_word' id='word_1_429' title='bbox 2085 2338 2346 2399; x_wconf 80' lang='grc' dir='ltr'>Μωσέως.</span> <span class='ocrx_word' id='word_1_430' title='bbox 2382 2332 2522 2387; x_wconf 81' lang='grc' dir='ltr'>Ἀλλ’</span> <span class='ocrx_word' id='word_1_431' title='bbox 2545 2331 2621 2395; x_wconf 87' lang='grc' dir='ltr'>ὡς</span> <span class='ocrx_word' id='word_1_432' title='bbox 2644 2332 2673 2385; x_wconf 97' lang='lat'><strong>6</strong></span> <span class='ocrx_word' id='word_1_433' title='bbox 2698 2329 2987 2395; x_wconf 84' lang='grc' dir='ltr'>θεσπέσιος</span> <span class='ocrx_word' id='word_1_434' title='bbox 3011 2329 3213 2401; x_wconf 74' lang='grc' dir='ltr'>γράφει</span> <span class='ocrx_word' id='word_1_435' title='bbox 3238 2329 3481 2394; x_wconf 78' lang='grc' dir='ltr'>Παῦλος,</span> <span class='ocrx_word' id='word_1_436' title='bbox 3516 2349 3535 2381; x_wconf 76' lang='lat'><strong>¢</strong></span> <span class='ocrx_word' id='word_1_437' title='bbox 3566 2330 3671 2382; x_wconf 84' lang='grc' dir='ltr'><strong>Τε-</strong></span> 
     </span>
    </p>
   </div>
   <div class='ocr_carea' id='block_1_55' title="bbox 2084 2419 3671 2494">
    <p class='ocr_par' dir='ltr' id='par_1_55' title="bbox 2084 2419 3671 2494">
     <span class='ocr_line' id='line_1_55' title="bbox 2084 2419 3671 2494; baseline -0.006 -12"><span class='ocrx_word' id='word_1_438' title='bbox 2084 2426 2370 2483; x_wconf 88' lang='grc' dir='ltr'>τελείωκεν</span> <span class='ocrx_word' id='word_1_439' title='bbox 2397 2425 2426 2478; x_wconf 86' lang='lat'><strong>6</strong></span> <span class='ocrx_word' id='word_1_440' title='bbox 2455 2424 2618 2494; x_wconf 89' lang='grc' dir='ltr'>νόμος</span> <span class='ocrx_word' id='word_1_441' title='bbox 2648 2420 2859 2477; x_wconf 75' lang='grc' dir='ltr'>οὐδένα.</span> <span class='ocrx_word' id='word_1_442' title='bbox 2902 2440 2921 2473; x_wconf 74' lang='grc' dir='ltr'><strong><em>ι</em></strong></span> <span class='ocrx_word' id='word_1_443' title='bbox 2954 2419 3242 2493; x_wconf 83' lang='grc' dir='ltr'>Τελειότης</span> <span class='ocrx_word' id='word_1_444' title='bbox 3269 2436 3333 2489; x_wconf 84' lang='grc' dir='ltr'>γε</span> <span class='ocrx_word' id='word_1_445' title='bbox 3365 2420 3471 2492; x_wconf 79' lang='grc' dir='ltr'>μὴν</span> <span class='ocrx_word' id='word_1_446' title='bbox 3504 2419 3671 2473; x_wconf 79' lang='grc' dir='ltr'>αὑτοῦ</span> 
     </span>
    </p>
   </div>
   <div class='ocr_carea' id='block_1_56' title="bbox 2086 2510 3677 2587">
    <p class='ocr_par' dir='ltr' id='par_1_56' title="bbox 2086 2510 3677 2587">
     <span class='ocr_line' id='line_1_56' title="bbox 2086 2510 3677 2587; baseline -0.006 -16"><span class='ocrx_word' id='word_1_447' title='bbox 2086 2518 2182 2571; x_wconf 70' lang='grc' dir='ltr'>καὶ</span> <span class='ocrx_word' id='word_1_448' title='bbox 2223 2513 2519 2587; x_wconf 81' lang='grc' dir='ltr'>προφητῶν</span> <span class='ocrx_word' id='word_1_449' title='bbox 2548 2514 2750 2565; x_wconf 82' lang='grc' dir='ltr'>νοεῖται</span> <span class='ocrx_word' id='word_1_450' title='bbox 2780 2511 3033 2583; x_wconf 86' lang='grc' dir='ltr'>Χριστός.</span> <span class='ocrx_word' id='word_1_451' title='bbox 3073 2513 3231 2566; x_wconf 81' lang='grc' dir='ltr'>Πᾶσα</span> <span class='ocrx_word' id='word_1_452' title='bbox 3261 2511 3369 2583; x_wconf 82' lang='grc' dir='ltr'>γὰρ</span> <span class='ocrx_word' id='word_1_453' title='bbox 3402 2510 3677 2582; x_wconf 76' lang='grc' dir='ltr'>λύτρωσις</span> 
     </span>
    </p>
   </div>
   <div class='ocr_carea' id='block_1_57' title="bbox 2085 2599 3679 2672">
    <p class='ocr_par' dir='ltr' id='par_1_57' title="bbox 2085 2599 3679 2672">
     <span class='ocr_line' id='line_1_57' title="bbox 2085 2599 3679 2672; baseline -0.004 -12"><span class='ocrx_word' id='word_1_454' title='bbox 2085 2606 2152 2660; x_wconf 78' lang='grc' dir='ltr'>δι’</span> <span class='ocrx_word' id='word_1_455' title='bbox 2180 2604 2366 2660; x_wconf 78' lang='grc' dir='ltr'>αὐτοῦ.</span> <span class='ocrx_word' id='word_1_456' title='bbox 2427 2602 2580 2657; x_wconf 74' lang='grc' dir='ltr'>Ἐπεὶ</span> <span class='ocrx_word' id='word_1_457' title='bbox 2632 2619 2650 2652; x_wconf 75' lang='grc' dir='ltr'><strong>ι</strong></span> <span class='ocrx_word' id='word_1_458' title='bbox 2700 2600 2792 2672; x_wconf 82' lang='grc' dir='ltr'><strong>Μὴ</strong></span> <span class='ocrx_word' id='word_1_459' title='bbox 2836 2600 2982 2654; x_wconf 76' lang='grc' dir='ltr'>ἔστιν</span> <span class='ocrx_word' id='word_1_460' title='bbox 3015 2599 3203 2672; x_wconf 80' lang='grc' dir='ltr'>ἓτερον</span> <span class='ocrx_word' id='word_1_461' title='bbox 3242 2600 3413 2671; x_wconf 77' lang='grc' dir='ltr'>δνομα</span> <span class='ocrx_word' id='word_1_462' title='bbox 3444 2601 3551 2654; x_wconf 71' lang='grc' dir='ltr'><strong>ὑπὸ</strong></span> <span class='ocrx_word' id='word_1_463' title='bbox 3579 2599 3679 2654; x_wconf 75' lang='grc' dir='ltr'>τὸν</span> 
     </span>
    </p>
   </div>
   <div class='ocr_carea' id='block_1_58' title="bbox 2085 2682 3667 2768">
    <p class='ocr_par' dir='ltr' id='par_1_58' title="bbox 2085 2682 3667 2768">
     <span class='ocr_line' id='line_1_58' title="bbox 2085 2682 3667 2768; baseline -0.004 -18"><span class='ocrx_word' id='word_1_464' title='bbox 2085 2695 2315 2768; x_wconf 77' lang='grc' dir='ltr'>οὐρανὸν</span> <span class='ocrx_word' id='word_1_465' title='bbox 2359 2696 2419 2748; x_wconf 82' lang='grc' dir='ltr'>ὲν</span> <span class='ocrx_word' id='word_1_466' title='bbox 2463 2689 2807 2763; x_wconf 79' lang='grc' dir='ltr'>ἀνθρώποις,</span> <span class='ocrx_word' id='word_1_467' title='bbox 2843 2693 2900 2745; x_wconf 79' lang='grc' dir='ltr'>ὲν</span> <span class='ocrx_word' id='word_1_468' title='bbox 2931 2682 2976 2758; x_wconf 84' lang='grc' dir='ltr'>ᾧ</span> <span class='ocrx_word' id='word_1_469' title='bbox 3010 2690 3091 2745; x_wconf 85' lang='grc' dir='ltr'><strong>δεῖ</strong></span> <span class='ocrx_word' id='word_1_470' title='bbox 3123 2688 3365 2761; x_wconf 81' lang='grc' dir='ltr'>σωθῆναι</span> <span class='ocrx_word' id='word_1_471' title='bbox 3425 2692 3596 2761; x_wconf 76' lang='grc' dir='ltr'>ἡμᾶς,</span> <span class='ocrx_word' id='word_1_472' title='bbox 3645 2709 3667 2743; x_wconf 73' lang='grc' dir='ltr'><strong>ι</strong></span> 
     </span>
    </p>
   </div>
   <div class='ocr_carea' id='block_1_59' title="bbox 2086 2783 3675 2858">
    <p class='ocr_par' dir='ltr' id='par_1_59' title="bbox 2086 2783 3675 2858">
     <span class='ocr_line' id='line_1_59' title="bbox 2086 2783 3675 2858; baseline -0.004 -14"><span class='ocrx_word' id='word_1_473' title='bbox 2086 2791 2184 2844; x_wconf 79' lang='grc' dir='ltr'><strong>καί</strong></span> <span class='ocrx_word' id='word_1_474' title='bbox 2211 2791 2268 2843; x_wconf 81' lang='grc' dir='ltr'>ὲν</span> <span class='ocrx_word' id='word_1_475' title='bbox 2313 2786 2461 2858; x_wconf 80' lang='grc' dir='ltr'><strong>αὑτῷ</strong></span> <span class='ocrx_word' id='word_1_476' title='bbox 2498 2788 2648 2841; x_wconf 80' lang='grc' dir='ltr'>πᾶσα</span> <span class='ocrx_word' id='word_1_477' title='bbox 2690 2784 2962 2855; x_wconf 85' lang='grc' dir='ltr'>τελειότης</span> <span class='ocrx_word' id='word_1_478' title='bbox 2999 2784 3066 2837; x_wconf 82' lang='grc' dir='ltr'><strong>δι’</strong></span> <span class='ocrx_word' id='word_1_479' title='bbox 3098 2784 3377 2856; x_wconf 85' lang='grc' dir='ltr'>άγιασμοῦ</span> <span class='ocrx_word' id='word_1_480' title='bbox 3414 2787 3471 2838; x_wconf 76' lang='grc' dir='ltr'>ὲν</span> <span class='ocrx_word' id='word_1_481' title='bbox 3506 2783 3675 2838; x_wconf 77' lang='grc' dir='ltr'><strong>πνεύο</strong></span> 
     </span>
    </p>
   </div>
   <div class='ocr_carea' id='block_1_60' title="bbox 2091 2873 3677 2950">
    <p class='ocr_par' dir='ltr' id='par_1_60' title="bbox 2091 2873 3677 2950">
     <span class='ocr_line' id='line_1_60' title="bbox 2091 2873 3677 2950; baseline -0.004 -17"><span class='ocrx_word' id='word_1_482' title='bbox 2091 2897 2242 2950; x_wconf 88' lang='grc' dir='ltr'>ματι.</span> <span class='ocrx_word' id='word_1_483' title='bbox 2267 2877 2344 2931; x_wconf 84' lang='grc' dir='ltr'><strong>Δι’</strong></span> <span class='ocrx_word' id='word_1_484' title='bbox 2377 2875 2543 2931; x_wconf 74' lang='grc' dir='ltr'>αὑτοῦ</span> <span class='ocrx_word' id='word_1_485' title='bbox 2574 2873 2888 2946; x_wconf 72' lang='grc' dir='ltr'>κεκλήμεθα</span> <span class='ocrx_word' id='word_1_486' title='bbox 2919 2874 3055 2946; x_wconf 69' lang='grc' dir='ltr'>πρὸς</span> <span class='ocrx_word' id='word_1_487' title='bbox 3084 2875 3173 2929; x_wconf 76' lang='grc' dir='ltr'><strong>τὸν</strong></span> <span class='ocrx_word' id='word_1_488' title='bbox 3203 2875 3439 2947; x_wconf 81' lang='grc' dir='ltr'>Πατέρα,</span> <span class='ocrx_word' id='word_1_489' title='bbox 3469 2873 3566 2927; x_wconf 78' lang='grc' dir='ltr'>καὶ</span> <span class='ocrx_word' id='word_1_490' title='bbox 3594 2874 3677 2937; x_wconf 89' lang='grc' dir='ltr'><strong>εἰς</strong></span> 
     </span>
    </p>
   </div>
   <div class='ocr_carea' id='block_1_61' title="bbox 2088 2964 3678 3042">
    <p class='ocr_par' dir='ltr' id='par_1_61' title="bbox 2088 2964 3678 3042">
     <span class='ocr_line' id='line_1_61' title="bbox 2088 2964 3678 3042; baseline -0.003 -19"><span class='ocrx_word' id='word_1_491' title='bbox 2088 2971 2185 3042; x_wconf 80' lang='grc' dir='ltr'>τὴν</span> <span class='ocrx_word' id='word_1_492' title='bbox 2220 2970 2330 3023; x_wconf 83' lang='grc' dir='ltr'>ἄνω</span> <span class='ocrx_word' id='word_1_493' title='bbox 2377 2965 2530 3020; x_wconf 87' lang='grc' dir='ltr'>πόλιν</span> <span class='ocrx_word' id='word_1_494' title='bbox 2577 2965 2961 3037; x_wconf 76' lang='grc' dir='ltr'>άναϐησόμεθα</span> <span class='ocrx_word' id='word_1_495' title='bbox 3006 2967 3103 3020; x_wconf 67' lang='grc' dir='ltr'><strong>σίιν</strong></span> <span class='ocrx_word' id='word_1_496' title='bbox 3155 2965 3328 3038; x_wconf 80' lang='grc' dir='ltr'>αὐτῷ.</span> <span class='ocrx_word' id='word_1_497' title='bbox 3382 2965 3496 3020; x_wconf 78' lang='grc' dir='ltr'><strong>Καὶ</strong></span> <span class='ocrx_word' id='word_1_498' title='bbox 3541 2964 3678 3036; x_wconf 74' lang='grc' dir='ltr'>γοῦν</span> 
     </span>
    </p>
   </div>
   <div class='ocr_carea' id='block_1_62' title="bbox 2088 3057 3677 3132">
    <p class='ocr_par' dir='ltr' id='par_1_62' title="bbox 2088 3057 3677 3132">
     <span class='ocr_line' id='line_1_62' title="bbox 2088 3057 3677 3132; baseline -0.004 -15"><span class='ocrx_word' id='word_1_499' title='bbox 2088 3062 2326 3131; x_wconf 78' lang='grc' dir='ltr'>ἔφασκεν</span> <span class='ocrx_word' id='word_1_500' title='bbox 2370 3059 2613 3132; x_wconf 72' lang='grc' dir='ltr'>ἐναργῶς</span> <span class='ocrx_word' id='word_1_501' title='bbox 2634 3079 2647 3091; x_wconf 89' lang='grc'><strong>·</strong></span> <span class='ocrx_word' id='word_1_502' title='bbox 2707 3079 2725 3111; x_wconf 86' lang='grc'><em>‹</em></span> <span class='ocrx_word' id='word_1_503' title='bbox 2795 3059 2883 3112; x_wconf 84' lang='grc' dir='ltr'>Ἐν</span> <span class='ocrx_word' id='word_1_504' title='bbox 2911 3061 2977 3131; x_wconf 82' lang='grc' dir='ltr'>τῇ</span> <span class='ocrx_word' id='word_1_505' title='bbox 3020 3059 3167 3130; x_wconf 84' lang='grc' dir='ltr'>οἰκίᾳ</span> <span class='ocrx_word' id='word_1_506' title='bbox 3196 3057 3291 3112; x_wconf 88' lang='grc' dir='ltr'><strong>τοῦ</strong></span> <span class='ocrx_word' id='word_1_507' title='bbox 3323 3058 3538 3129; x_wconf 80' lang='grc' dir='ltr'>Πατρός</span> <span class='ocrx_word' id='word_1_508' title='bbox 3570 3074 3677 3129; x_wconf 79' lang='grc' dir='ltr'><strong>μου</strong></span> 
     </span>
    </p>
   </div>
   <div class='ocr_carea' id='block_1_63' title="bbox 2090 3147 3680 3223">
    <p class='ocr_par' dir='ltr' id='par_1_63' title="bbox 2090 3147 3680 3223">
     <span class='ocr_line' id='line_1_63' title="bbox 2090 3147 3680 3223; baseline -0.002 -15"><span class='ocrx_word' id='word_1_509' title='bbox 2090 3154 2280 3208; x_wconf 67' lang='grc' dir='ltr'>πολλαὶ</span> <span class='ocrx_word' id='word_1_510' title='bbox 2315 3152 2474 3222; x_wconf 79' lang='grc' dir='ltr'>μοναί</span> <span class='ocrx_word' id='word_1_511' title='bbox 2521 3153 2680 3206; x_wconf 90' lang='grc' dir='ltr'>εἰσιν.</span> <span class='ocrx_word' id='word_1_512' title='bbox 2725 3152 2787 3205; x_wconf 81' lang='grc' dir='ltr'>Εἰ</span> <span class='ocrx_word' id='word_1_513' title='bbox 2833 3151 2889 3205; x_wconf 76' lang='grc' dir='ltr'>δὲ</span> <span class='ocrx_word' id='word_1_514' title='bbox 2923 3151 3019 3223; x_wconf 78' lang='grc' dir='ltr'>μὴ,</span> <span class='ocrx_word' id='word_1_515' title='bbox 3057 3147 3209 3205; x_wconf 74' lang='grc' dir='ltr'>εἶπον</span> <span class='ocrx_word' id='word_1_516' title='bbox 3249 3150 3315 3204; x_wconf 79' lang='grc' dir='ltr'>ἂν</span> <span class='ocrx_word' id='word_1_517' title='bbox 3361 3151 3523 3221; x_wconf 58' lang='grc' dir='ltr'>ὑμῖν</span> <span class='ocrx_word' id='word_1_518' title='bbox 3573 3153 3680 3205; x_wconf 85' lang='grc' dir='ltr'>Πο-</span> 
     </span>
    </p>
   </div>
   <div class='ocr_carea' id='block_1_64' title="bbox 402 3241 1983 3321">
    <p class='ocr_par' dir='ltr' id='par_1_64' title="bbox 402 3241 1979 3321">
     <span class='ocr_line' id='line_1_64' title="bbox 402 3241 1979 3321; baseline 0.008 -25"><span class='ocrx_word' id='word_1_519' title='bbox 402 3241 519 3297; x_wconf 90' lang='lat' dir='ltr'><strong>iero</strong></span> <span class='ocrx_word' id='word_1_520' title='bbox 543 3252 597 3297; x_wconf 88' lang='lat' dir='ltr'><strong>et</strong></span> <span class='ocrx_word' id='word_1_521' title='bbox 621 3259 999 3313; x_wconf 61' lang='lat' dir='ltr'><strong>prteparavero</strong></span> <span class='ocrx_word' id='word_1_522' title='bbox 1027 3244 1183 3299; x_wconf 81' lang='lat' dir='ltr'><strong>vobis</strong></span> <span class='ocrx_word' id='word_1_523' title='bbox 1228 3246 1407 3302; x_wconf 86' lang='lat' dir='ltr'><strong>locum</strong></span> <span class='ocrx_word' id='word_1_524' title='bbox 1433 3288 1446 3311; x_wconf 93' lang='lat'><strong>,</strong></span> <span class='ocrx_word' id='word_1_525' title='bbox 1496 3248 1696 3305; x_wconf 91' lang='lat' dir='ltr'><strong>iterum</strong></span> <span class='ocrx_word' id='word_1_526' title='bbox 1741 3253 1979 3321; x_wconf 90' lang='lat' dir='ltr'><strong>veniam,</strong></span> 
     </span>
    </p>
   </div>
   <div class='ocr_carea' id='block_1_65' title="bbox 2089 3241 3680 3321">
    <p class='ocr_par' dir='ltr' id='par_1_65' title="bbox 2089 3242 3680 3319">
     <span class='ocr_line' id='line_1_65' title="bbox 2089 3242 3680 3319; baseline -0.003 -19"><span class='ocrx_word' id='word_1_527' title='bbox 2089 3247 2318 3319; x_wconf 82' lang='grc' dir='ltr'>ρεύομαι</span> <span class='ocrx_word' id='word_1_528' title='bbox 2364 3244 2650 3316; x_wconf 78' lang='grc' dir='ltr'>ἑτοιμάσαι</span> <span class='ocrx_word' id='word_1_529' title='bbox 2697 3243 2860 3297; x_wconf 83' lang='grc' dir='ltr'>τόπον</span> <span class='ocrx_word' id='word_1_530' title='bbox 2909 3244 3059 3314; x_wconf 80' lang='grc' dir='ltr'>ὑμῖν.</span> <span class='ocrx_word' id='word_1_531' title='bbox 3119 3242 3231 3296; x_wconf 70' lang='grc' dir='ltr'><strong>Καὶ</strong></span> <span class='ocrx_word' id='word_1_532' title='bbox 3275 3242 3371 3296; x_wconf 65' lang='grc' dir='ltr'>ἐὰν</span> <span class='ocrx_word' id='word_1_533' title='bbox 3421 3242 3680 3314; x_wconf 77' lang='grc' dir='ltr'>πορευθῶ</span> 
     </span>
    </p>
   </div>
   <div class='ocr_carea' id='block_1_66' title="bbox 400 3335 1984 3413">
    <p class='ocr_par' dir='ltr' id='par_1_66' title="bbox 400 3335 1984 3413">
     <span class='ocr_line' id='line_1_66' title="bbox 400 3335 1984 3413; baseline 0.008 -25"><span class='ocrx_word' id='word_1_534' title='bbox 400 3342 458 3388; x_wconf 89' lang='lat' dir='ltr'><strong>et</strong></span> <span class='ocrx_word' id='word_1_535' title='bbox 476 3335 738 3404; x_wconf 89' lang='lat' dir='ltr'><strong>accipiam</strong></span> <span class='ocrx_word' id='word_1_536' title='bbox 770 3351 867 3388; x_wconf 87' lang='lat' dir='ltr'><strong>vos</strong></span> <span class='ocrx_word' id='word_1_537' title='bbox 889 3335 956 3389; x_wconf 90' lang='lat' dir='ltr'><strong>ad</strong></span> <span class='ocrx_word' id='word_1_538' title='bbox 982 3336 1274 3407; x_wconf 89' lang='lat' dir='ltr'><strong>meipsum,</strong></span> <span class='ocrx_word' id='word_1_539' title='bbox 1304 3347 1364 3393; x_wconf 90' lang='lat' dir='ltr'><strong>ut</strong></span> <span class='ocrx_word' id='word_1_540' title='bbox 1397 3340 1488 3395; x_wconf 91' lang='lat' dir='ltr'><strong>ubi</strong></span> <span class='ocrx_word' id='word_1_541' title='bbox 1517 3358 1619 3413; x_wconf 86' lang='lat' dir='ltr'><strong>ego</strong></span> <span class='ocrx_word' id='word_1_542' title='bbox 1635 3359 1777 3409; x_wconf 91' lang='lat' dir='ltr'><strong>sum,</strong></span> <span class='ocrx_word' id='word_1_543' title='bbox 1804 3352 1860 3399; x_wconf 91' lang='lat' dir='ltr'><strong>et</strong></span> <span class='ocrx_word' id='word_1_544' title='bbox 1887 3362 1984 3401; x_wconf 85' lang='lat' dir='ltr'><strong>vos</strong></span> 
     </span>
    </p>
   </div>
   <div class='ocr_carea' id='block_1_67' title="bbox 402 3423 1982 3503">
    <p class='ocr_par' dir='ltr' id='par_1_67' title="bbox 402 3423 1982 3503">
     <span class='ocr_line' id='line_1_67' title="bbox 402 3423 1982 3503; baseline 0.008 -27"><span class='ocrx_word' id='word_1_545' title='bbox 402 3423 527 3481; x_wconf 83' lang='lat' dir='ltr'><strong>sitis</strong></span> <span class='ocrx_word' id='word_1_546' title='bbox 558 3425 622 3477; x_wconf 71' lang='grc'><strong>³⁸³.</strong></span> <span class='ocrx_word' id='word_1_547' title='bbox 647 3444 664 3474; x_wconf 72' lang='grc' dir='ltr'><strong>ι</strong></span> <span class='ocrx_word' id='word_1_548' title='bbox 702 3425 965 3480; x_wconf 76' lang='lat' dir='ltr'><strong>Primilize</strong></span> <span class='ocrx_word' id='word_1_549' title='bbox 994 3428 1198 3481; x_wconf 90' lang='lat' dir='ltr'><strong>etenim</strong></span> <span class='ocrx_word' id='word_1_550' title='bbox 1233 3438 1290 3483; x_wconf 89' lang='lat' dir='ltr'><strong>et</strong></span> <span class='ocrx_word' id='word_1_551' title='bbox 1341 3430 1498 3500; x_wconf 86' lang='lat' dir='ltr'><strong>quasi</strong></span> <span class='ocrx_word' id='word_1_552' title='bbox 1553 3431 1800 3487; x_wconf 87' lang='lat' dir='ltr'><strong>initiatio</strong></span> <span class='ocrx_word' id='word_1_553' title='bbox 1830 3449 1982 3503; x_wconf 62' lang='lat' dir='ltr'><strong>qua:-</strong></span> 
     </span>
    </p>
   </div>
   <div class='ocr_carea' id='block_1_68' title="bbox 402 3514 1983 3590">
    <p class='ocr_par' dir='ltr' id='par_1_68' title="bbox 402 3514 1983 3590">
     <span class='ocr_line' id='line_1_68' title="bbox 402 3514 1983 3590; baseline 0.006 -21"><span class='ocrx_word' id='word_1_554' title='bbox 402 3514 530 3569; x_wconf 89' lang='lat' dir='ltr'><strong>dam</strong></span> <span class='ocrx_word' id='word_1_555' title='bbox 568 3515 929 3574; x_wconf 88' lang='lat' dir='ltr'><strong>humanitatis</strong></span> <span class='ocrx_word' id='word_1_556' title='bbox 971 3520 1253 3590; x_wconf 62' lang='lat' dir='ltr'><strong>praecessit</strong></span> <span class='ocrx_word' id='word_1_557' title='bbox 1303 3520 1356 3575; x_wconf 90' lang='lat' dir='ltr'><strong>in</strong></span> <span class='ocrx_word' id='word_1_558' title='bbox 1394 3522 1617 3577; x_wconf 72' lang='lat' dir='ltr'><strong>malum.</strong></span> <span class='ocrx_word' id='word_1_559' title='bbox 1657 3522 1811 3589; x_wconf 86' lang='lat' dir='ltr'><strong>Quod</strong></span> <span class='ocrx_word' id='word_1_560' title='bbox 1851 3540 1983 3579; x_wconf 91' lang='lat' dir='ltr'><strong>vero</strong></span> 
     </span>
    </p>
   </div>
   <div class='ocr_carea' id='block_1_69' title="bbox 402 3605 1983 3678">
    <p class='ocr_par' dir='ltr' id='par_1_69' title="bbox 402 3605 1983 3678">
     <span class='ocr_line' id='line_1_69' title="bbox 402 3605 1983 3678; baseline 0.004 -17"><span class='ocrx_word' id='word_1_561' title='bbox 402 3605 519 3677; x_wconf 90' lang='lat' dir='ltr'><strong>ipse</strong></span> <span class='ocrx_word' id='word_1_562' title='bbox 544 3609 913 3678; x_wconf 86' lang='lat' dir='ltr'><strong>nosmetipsos</strong></span> <span class='ocrx_word' id='word_1_563' title='bbox 950 3608 1117 3664; x_wconf 90' lang='lat' dir='ltr'><strong>etiam</strong></span> <span class='ocrx_word' id='word_1_564' title='bbox 1170 3609 1302 3665; x_wconf 91' lang='lat' dir='ltr'><strong>illuc</strong></span> <span class='ocrx_word' id='word_1_565' title='bbox 1339 3611 1653 3667; x_wconf 88' lang='lat' dir='ltr'><strong>inserturus</strong></span> <span class='ocrx_word' id='word_1_566' title='bbox 1697 3613 1789 3678; x_wconf 90' lang='lat' dir='ltr'><strong>sit,</strong></span> <span class='ocrx_word' id='word_1_567' title='bbox 1821 3629 1983 3668; x_wconf 90' lang='lat' dir='ltr'><strong>nemo</strong></span> 
     </span>
    </p>
   </div>
   <div class='ocr_carea' id='block_1_70' title="bbox 396 3698 1984 3769">
    <p class='ocr_par' dir='ltr' id='par_1_70' title="bbox 396 3698 1984 3769">
     <span class='ocr_line' id='line_1_70' title="bbox 396 3698 1984 3769; baseline 0.004 -16"><span class='ocrx_word' id='word_1_568' title='bbox 396 3698 522 3769; x_wconf 80' lang='lat' dir='ltr'><strong>jure</strong></span> <span class='ocrx_word' id='word_1_569' title='bbox 546 3698 905 3755; x_wconf 84' lang='lat' dir='ltr'><strong>dubitaverit.</strong></span> <span class='ocrx_word' id='word_1_570' title='bbox 935 3699 1296 3757; x_wconf 80' lang='lat' dir='ltr'><strong>Conﬁrmavit</strong></span> <span class='ocrx_word' id='word_1_571' title='bbox 1324 3703 1471 3757; x_wconf 90' lang='lat' dir='ltr'><strong>enim</strong></span> <span class='ocrx_word' id='word_1_572' title='bbox 1507 3718 1610 3757; x_wconf 89' lang='lat' dir='ltr'><strong>nos</strong></span> <span class='ocrx_word' id='word_1_573' title='bbox 1652 3703 1706 3758; x_wconf 90' lang='lat' dir='ltr'><strong>in</strong></span> <span class='ocrx_word' id='word_1_574' title='bbox 1740 3719 1804 3759; x_wconf 91' lang='lat' dir='ltr'><strong>ca</strong></span> <span class='ocrx_word' id='word_1_575' title='bbox 1852 3721 1984 3759; x_wconf 86' lang='lat' dir='ltr'><strong>sen-</strong></span> 
     </span>
    </p>
   </div>
   <div class='ocr_carea' id='block_1_71' title="bbox 402 3792 1985 3867">
    <p class='ocr_par' dir='ltr' id='par_1_71' title="bbox 402 3792 1985 3867">
     <span class='ocr_line' id='line_1_71' title="bbox 402 3792 1985 3867; baseline 0.004 -22"><span class='ocrx_word' id='word_1_576' title='bbox 402 3793 575 3857; x_wconf 82' lang='lat' dir='ltr'><strong>tentia</strong></span> <span class='ocrx_word' id='word_1_577' title='bbox 628 3792 719 3848; x_wconf 89' lang='lat' dir='ltr'><strong>ille</strong></span> <span class='ocrx_word' id='word_1_578' title='bbox 758 3794 852 3864; x_wconf 90' lang='lat' dir='ltr'><strong>qui</strong></span> <span class='ocrx_word' id='word_1_579' title='bbox 905 3794 1132 3849; x_wconf 90' lang='lat' dir='ltr'><strong>mentiri</strong></span> <span class='ocrx_word' id='word_1_580' title='bbox 1176 3794 1376 3859; x_wconf 87' lang='lat' dir='ltr'><strong>nescit,</strong></span> <span class='ocrx_word' id='word_1_581' title='bbox 1416 3795 1623 3866; x_wconf 88' lang='lat' dir='ltr'><strong>quique</strong></span> <span class='ocrx_word' id='word_1_582' title='bbox 1671 3796 1763 3850; x_wconf 90' lang='lat' dir='ltr'><strong>tali</strong></span> <span class='ocrx_word' id='word_1_583' title='bbox 1804 3796 1985 3867; x_wconf 84' lang='lat' dir='ltr'><strong>dignis</strong></span> 
     </span>
    </p>
   </div>
   <div class='ocr_carea' id='block_1_72' title="bbox 400 3882 1982 3954">
    <p class='ocr_par' dir='ltr' id='par_1_72' title="bbox 400 3882 1982 3954">
     <span class='ocr_line' id='line_1_72' title="bbox 400 3882 1982 3954; baseline 0.002 -20"><span class='ocrx_word' id='word_1_584' title='bbox 400 3897 629 3937; x_wconf 89' lang='lat' dir='ltr'><strong>munere</strong></span> <span class='ocrx_word' id='word_1_585' title='bbox 660 3898 812 3952; x_wconf 88' lang='lat' dir='ltr'><strong>spem</strong></span> <span class='ocrx_word' id='word_1_586' title='bbox 838 3892 1047 3937; x_wconf 90' lang='lat' dir='ltr'><strong>certam</strong></span> <span class='ocrx_word' id='word_1_587' title='bbox 1082 3882 1233 3937; x_wconf 79' lang='lat' dir='ltr'><strong>fecit.</strong></span> <span class='ocrx_word' id='word_1_588' title='bbox 1266 3882 1489 3937; x_wconf 86' lang='lat' dir='ltr'><strong>Erimus</strong></span> <span class='ocrx_word' id='word_1_589' title='bbox 1519 3882 1704 3954; x_wconf 90' lang='lat' dir='ltr'><strong>itaque</strong></span> <span class='ocrx_word' id='word_1_590' title='bbox 1730 3882 1854 3938; x_wconf 69' lang='lat' dir='ltr'><strong>caeli</strong></span> <span class='ocrx_word' id='word_1_591' title='bbox 1895 3882 1982 3937; x_wconf 91' lang='lat' dir='ltr'><strong>in-</strong></span> 
     </span>
    </p>
   </div>
   <div class='ocr_carea' id='block_1_73' title="bbox 398 3974 1984 4045">
    <p class='ocr_par' dir='ltr' id='par_1_73' title="bbox 398 3974 1984 4045">
     <span class='ocr_line' id='line_1_73' title="bbox 398 3974 1984 4045; baseline 0.002 -18"><span class='ocrx_word' id='word_1_592' title='bbox 398 3974 535 4027; x_wconf 68' lang='lat' dir='ltr'><strong>colae</strong></span> <span class='ocrx_word' id='word_1_593' title='bbox 566 3989 631 4027; x_wconf 91' lang='lat' dir='ltr'><strong>ac</strong></span> <span class='ocrx_word' id='word_1_594' title='bbox 665 3974 815 4029; x_wconf 88' lang='lat' dir='ltr'><strong>cives</strong></span> <span class='ocrx_word' id='word_1_595' title='bbox 838 3989 939 4028; x_wconf 87' lang='lat' dir='ltr'><strong>suo</strong></span> <span class='ocrx_word' id='word_1_596' title='bbox 971 3982 1241 4045; x_wconf 89' lang='lat' dir='ltr'><strong>tempore,</strong></span> <span class='ocrx_word' id='word_1_597' title='bbox 1269 3982 1553 4044; x_wconf 70' lang='lat' dir='ltr'><strong>praeeunte</strong></span> <span class='ocrx_word' id='word_1_598' title='bbox 1597 3990 1718 4039; x_wconf 91' lang='lat' dir='ltr'><strong>nos,</strong></span> <span class='ocrx_word' id='word_1_599' title='bbox 1743 3982 1805 4029; x_wconf 90' lang='lat' dir='ltr'><strong>ut</strong></span> <span class='ocrx_word' id='word_1_600' title='bbox 1830 3975 1984 4030; x_wconf 87' lang='lat' dir='ltr'><strong>diee-</strong></span> 
     </span>
    </p>
   </div>
   <div class='ocr_carea' id='block_1_74' title="bbox 399 4062 1983 4132">
    <p class='ocr_par' dir='ltr' id='par_1_74' title="bbox 399 4062 1983 4132">
     <span class='ocr_line' id='line_1_74' title="bbox 399 4062 1983 4132; baseline 0.004 -17"><span class='ocrx_word' id='word_1_601' title='bbox 399 4063 551 4126; x_wconf 88' lang='lat' dir='ltr'><strong>ham,</strong></span> <span class='ocrx_word' id='word_1_602' title='bbox 594 4062 854 4129; x_wconf 90' lang='lat' dir='ltr'><strong>Christo;</strong></span> <span class='ocrx_word' id='word_1_603' title='bbox 892 4063 1059 4132; x_wconf 85' lang='lat' dir='ltr'><strong>idque</strong></span> <span class='ocrx_word' id='word_1_604' title='bbox 1084 4079 1278 4118; x_wconf 90' lang='lat' dir='ltr'><strong>verum</strong></span> <span class='ocrx_word' id='word_1_605' title='bbox 1310 4080 1453 4130; x_wconf 86' lang='lat' dir='ltr'><strong>esse,</strong></span> <span class='ocrx_word' id='word_1_606' title='bbox 1501 4065 1665 4121; x_wconf 85' lang='lat' dir='ltr'><strong>ﬁdem</strong></span> <span class='ocrx_word' id='word_1_607' title='bbox 1698 4066 1863 4122; x_wconf 79' lang='lat' dir='ltr'><strong>faciet</strong></span> <span class='ocrx_word' id='word_1_608' title='bbox 1892 4082 1983 4121; x_wconf 89' lang='lat' dir='ltr'><strong>sa-</strong></span> 
     </span>
    </p>
   </div>
   <div class='ocr_carea' id='block_1_75' title="bbox 400 4152 1979 4228">
    <p class='ocr_par' dir='ltr' id='par_1_75' title="bbox 400 4152 1979 4228">
     <span class='ocr_line' id='line_1_75' title="bbox 400 4152 1979 4228; baseline 0.004 -23"><span class='ocrx_word' id='word_1_609' title='bbox 400 4152 782 4223; x_wconf 84' lang='lat' dir='ltr'><strong>pientissimus</strong></span> <span class='ocrx_word' id='word_1_610' title='bbox 832 4155 1057 4219; x_wconf 87' lang='lat' dir='ltr'><strong>Paulus,</strong></span> <span class='ocrx_word' id='word_1_611' title='bbox 1085 4168 1210 4209; x_wconf 91' lang='lat' dir='ltr'><strong>cum</strong></span> <span class='ocrx_word' id='word_1_612' title='bbox 1241 4156 1317 4209; x_wconf 86' lang='lat' dir='ltr'><strong>ita</strong></span> <span class='ocrx_word' id='word_1_613' title='bbox 1359 4157 1629 4225; x_wconf 87' lang='lat' dir='ltr'><strong>scriptum</strong></span> <span class='ocrx_word' id='word_1_614' title='bbox 1658 4158 1979 4228; x_wconf 87' lang='lat' dir='ltr'><strong>reliquerit:</strong></span> 
     </span>
    </p>
   </div>
   <div class='ocr_carea' id='block_1_76' title="bbox 409 4242 1978 4315">
    <p class='ocr_par' dir='ltr' id='par_1_76' title="bbox 409 4242 1978 4315">
     <span class='ocr_line' id='line_1_76' title="bbox 409 4242 1978 4315; baseline 0.004 -19"><span class='ocrx_word' id='word_1_615' title='bbox 409 4242 570 4298; x_wconf 70' lang='lat' dir='ltr'><strong>«Non</strong></span> <span class='ocrx_word' id='word_1_616' title='bbox 606 4247 755 4297; x_wconf 90' lang='lat' dir='ltr'><strong>enim</strong></span> <span class='ocrx_word' id='word_1_617' title='bbox 782 4244 838 4298; x_wconf 90' lang='lat' dir='ltr'><strong>in</strong></span> <span class='ocrx_word' id='word_1_618' title='bbox 887 4244 1197 4301; x_wconf 80' lang='lat' dir='ltr'><strong>manuiacta</strong></span> <span class='ocrx_word' id='word_1_619' title='bbox 1249 4255 1434 4301; x_wconf 89' lang='lat' dir='ltr'><strong>sancta</strong></span> <span class='ocrx_word' id='word_1_620' title='bbox 1492 4247 1653 4303; x_wconf 77' lang='lat' dir='ltr'><strong>Iesus</strong></span> <span class='ocrx_word' id='word_1_621' title='bbox 1702 4248 1978 4315; x_wconf 85' lang='lat' dir='ltr'><strong>introivit,</strong></span> 
     </span>
    </p>
   </div>
   <div class='ocr_carea' id='block_1_77' title="bbox 400 4335 1996 4410">
    <p class='ocr_par' dir='ltr' id='par_1_77' title="bbox 400 4335 1996 4410">
     <span class='ocr_line' id='line_1_77' title="bbox 400 4335 1996 4410; baseline 0.004 -22"><span class='ocrx_word' id='word_1_622' title='bbox 400 4335 732 4405; x_wconf 81' lang='lat' dir='ltr'><strong>exemplaria</strong></span> <span class='ocrx_word' id='word_1_623' title='bbox 763 4352 1043 4399; x_wconf 87' lang='lat' dir='ltr'><strong>verorum,</strong></span> <span class='ocrx_word' id='word_1_624' title='bbox 1074 4337 1170 4392; x_wconf 78' lang='lat' dir='ltr'><strong>Sed</strong></span> <span class='ocrx_word' id='word_1_625' title='bbox 1208 4337 1265 4391; x_wconf 91' lang='lat' dir='ltr'><strong>in</strong></span> <span class='ocrx_word' id='word_1_626' title='bbox 1305 4337 1487 4408; x_wconf 86' lang='lat' dir='ltr'><strong>ipsum</strong></span> <span class='ocrx_word' id='word_1_627' title='bbox 1511 4338 1735 4402; x_wconf 77' lang='lat' dir='ltr'><strong>ccelum,</strong></span> <span class='ocrx_word' id='word_1_628' title='bbox 1773 4346 1836 4394; x_wconf 93' lang='lat' dir='ltr'><strong>ut</strong></span> <span class='ocrx_word' id='word_1_629' title='bbox 1879 4355 1996 4410; x_wconf 67' lang='lat' dir='ltr'><strong>ap-&#39;</strong></span> 
     </span>
    </p>
   </div>
   <div class='ocr_carea' id='block_1_78' title="bbox 404 4428 1978 4500">
    <p class='ocr_par' dir='ltr' id='par_1_78' title="bbox 404 4428 1978 4500">
     <span class='ocr_line' id='line_1_78' title="bbox 404 4428 1978 4500; baseline 0.003 -19"><span class='ocrx_word' id='word_1_630' title='bbox 404 4436 592 4496; x_wconf 84' lang='lat' dir='ltr'><strong>pareat</strong></span> <span class='ocrx_word' id='word_1_631' title='bbox 636 4443 785 4483; x_wconf 91' lang='lat' dir='ltr'><strong>nunc</strong></span> <span class='ocrx_word' id='word_1_632' title='bbox 808 4430 985 4484; x_wconf 90' lang='lat' dir='ltr'><strong>vultui</strong></span> <span class='ocrx_word' id='word_1_633' title='bbox 1019 4429 1117 4484; x_wconf 90' lang='lat' dir='ltr'><strong>Dei</strong></span> <span class='ocrx_word' id='word_1_634' title='bbox 1158 4445 1260 4500; x_wconf 92' lang='lat' dir='ltr'><strong>pro</strong></span> <span class='ocrx_word' id='word_1_635' title='bbox 1289 4428 1453 4486; x_wconf 91' lang='lat' dir='ltr'><strong>nobis</strong></span> <span class='ocrx_word' id='word_1_636' title='bbox 1485 4430 1550 4483; x_wconf 86' lang='grc'><strong>³¹.</strong></span> <span class='ocrx_word' id='word_1_637' title='bbox 1578 4448 1597 4480; x_wconf 73' lang='grc' dir='ltr'><strong><em>ι</em></strong></span> <span class='ocrx_word' id='word_1_638' title='bbox 1644 4429 1770 4484; x_wconf 86' lang='lat' dir='ltr'><strong>Fuit</strong></span> <span class='ocrx_word' id='word_1_639' title='bbox 1807 4431 1978 4496; x_wconf 89' lang='lat' dir='ltr'><strong>enim,</strong></span> 
     </span>
    </p>
   </div>
   <div class='ocr_carea' id='block_1_79' title="bbox 401 4518 1977 4590">
    <p class='ocr_par' dir='ltr' id='par_1_79' title="bbox 401 4518 1977 4590">
     <span class='ocr_line' id='line_1_79' title="bbox 401 4518 1977 4590; baseline 0.005 -19"><span class='ocrx_word' id='word_1_640' title='bbox 401 4525 505 4580; x_wconf 84' lang='lat' dir='ltr'><strong>est,</strong></span> <span class='ocrx_word' id='word_1_641' title='bbox 534 4518 751 4589; x_wconf 87' lang='lat' dir='ltr'><strong>eritque</strong></span> <span class='ocrx_word' id='word_1_642' title='bbox 780 4520 927 4575; x_wconf 90' lang='lat' dir='ltr'><strong>Deus</strong></span> <span class='ocrx_word' id='word_1_643' title='bbox 950 4530 1148 4575; x_wconf 87' lang='lat' dir='ltr'><strong>natura</strong></span> <span class='ocrx_word' id='word_1_644' title='bbox 1181 4521 1456 4578; x_wconf 80' lang='lat' dir='ltr'><strong>exsistens</strong></span> <span class='ocrx_word' id='word_1_645' title='bbox 1493 4538 1619 4577; x_wconf 90' lang='lat' dir='ltr'><strong>cum</strong></span> <span class='ocrx_word' id='word_1_646' title='bbox 1646 4523 1808 4579; x_wconf 90' lang='lat' dir='ltr'><strong>Patre</strong></span> <span class='ocrx_word' id='word_1_647' title='bbox 1854 4539 1977 4590; x_wconf 89' lang='lat' dir='ltr'><strong>suo,</strong></span> 
     </span>
    </p>
   </div>
   <div class='ocr_carea' id='block_1_80' title="bbox 2086 3334 3679 3409">
    <p class='ocr_par' dir='ltr' id='par_1_80' title="bbox 2086 3334 3679 3409">
     <span class='ocr_line' id='line_1_80' title="bbox 2086 3334 3679 3409; baseline -0.001 -18"><span class='ocrx_word' id='word_1_648' title='bbox 2086 3339 2367 3409; x_wconf 81' lang='grc' dir='ltr'>ἑτοιμάσαι</span> <span class='ocrx_word' id='word_1_649' title='bbox 2401 3337 2562 3391; x_wconf 83' lang='grc' dir='ltr'>τόπον</span> <span class='ocrx_word' id='word_1_650' title='bbox 2611 3336 2760 3406; x_wconf 80' lang='grc' dir='ltr'>ὑμῖν,</span> <span class='ocrx_word' id='word_1_651' title='bbox 2799 3334 2960 3389; x_wconf 84' lang='grc' dir='ltr'>πάλιν</span> <span class='ocrx_word' id='word_1_652' title='bbox 2994 3334 3247 3408; x_wconf 74' lang='grc' dir='ltr'>ἔρχομαι,</span> <span class='ocrx_word' id='word_1_653' title='bbox 3289 3335 3386 3389; x_wconf 76' lang='grc' dir='ltr'>καὶ</span> <span class='ocrx_word' id='word_1_654' title='bbox 3421 3335 3679 3407; x_wconf 75' lang='grc' dir='ltr'>παραλῆ-</span> 
     </span>
    </p>
   </div>
   <div class='ocr_carea' id='block_1_81' title="bbox 2084 3425 3683 3501">
    <p class='ocr_par' dir='ltr' id='par_1_81' title="bbox 2084 3425 3683 3501">
     <span class='ocr_line' id='line_1_81' title="bbox 2084 3425 3683 3501; baseline -0.001 -18"><span class='ocrx_word' id='word_1_655' title='bbox 2084 3432 2255 3501; x_wconf 71' lang='grc' dir='ltr'>ψομαι</span> <span class='ocrx_word' id='word_1_656' title='bbox 2287 3430 2430 3501; x_wconf 79' lang='grc' dir='ltr'>ὑμᾶς</span> <span class='ocrx_word' id='word_1_657' title='bbox 2477 3428 2613 3500; x_wconf 73' lang='grc' dir='ltr'>πρὸς</span> <span class='ocrx_word' id='word_1_658' title='bbox 2657 3426 2917 3498; x_wconf 75' lang='grc' dir='ltr'>ἐμαυτὸν,</span> <span class='ocrx_word' id='word_1_659' title='bbox 2947 3427 3035 3479; x_wconf 82' lang='grc' dir='ltr'>ἵνα</span> <span class='ocrx_word' id='word_1_660' title='bbox 3063 3427 3197 3479; x_wconf 85' lang='grc' dir='ltr'>ὅπου</span> <span class='ocrx_word' id='word_1_661' title='bbox 3247 3426 3365 3498; x_wconf 85' lang='grc' dir='ltr'><strong>εἰμί</strong></span> <span class='ocrx_word' id='word_1_662' title='bbox 3413 3425 3544 3496; x_wconf 78' lang='grc' dir='ltr'><strong>ἐγὼ,</strong></span> <span class='ocrx_word' id='word_1_663' title='bbox 3580 3426 3683 3481; x_wconf 70' lang='grc' dir='ltr'><strong>καὶ</strong></span> 
     </span>
    </p>
   </div>
   <div class='ocr_carea' id='block_1_82' title="bbox 2085 3514 3682 3594">
    <p class='ocr_par' dir='ltr' id='par_1_82' title="bbox 2085 3514 3682 3594">
     <span class='ocr_line' id='line_1_82' title="bbox 2085 3514 3682 3594; baseline -0.002 -17"><span class='ocrx_word' id='word_1_664' title='bbox 2085 3525 2244 3594; x_wconf 81' lang='grc' dir='ltr'>ὑμεῖς</span> <span class='ocrx_word' id='word_1_665' title='bbox 2271 3518 2391 3594; x_wconf 77' lang='grc' dir='ltr'>ἦτε.</span> <span class='ocrx_word' id='word_1_666' title='bbox 2429 3541 2447 3575; x_wconf 72' lang='grc' dir='ltr'><strong>ι</strong></span> <span class='ocrx_word' id='word_1_667' title='bbox 2481 3520 2815 3594; x_wconf 86' lang='grc' dir='ltr'>Πρωτόλειον</span> <span class='ocrx_word' id='word_1_668' title='bbox 2848 3519 2946 3591; x_wconf 81' lang='grc' dir='ltr'>μὲν</span> <span class='ocrx_word' id='word_1_669' title='bbox 2973 3519 3082 3591; x_wconf 79' lang='grc' dir='ltr'>γὰρ</span> <span class='ocrx_word' id='word_1_670' title='bbox 3108 3519 3205 3574; x_wconf 71' lang='grc' dir='ltr'>καὶ</span> <span class='ocrx_word' id='word_1_671' title='bbox 3231 3514 3321 3574; x_wconf 80' lang='grc' dir='ltr'>οἷά</span> <span class='ocrx_word' id='word_1_672' title='bbox 3344 3537 3427 3584; x_wconf 89' lang='grc' dir='ltr'><strong>τις</strong></span> <span class='ocrx_word' id='word_1_673' title='bbox 3448 3521 3682 3593; x_wconf 74' lang='grc' dir='ltr'>ἀπαρχὴ</span> 
     </span>
    </p>
   </div>
   <div class='ocr_carea' id='block_1_83' title="bbox 2084 3610 3679 3685">
    <p class='ocr_par' dir='ltr' id='par_1_83' title="bbox 2084 3610 3679 3685">
     <span class='ocr_line' id='line_1_83' title="bbox 2084 3610 3679 3685; baseline -0.001 -16"><span class='ocrx_word' id='word_1_674' title='bbox 2084 3614 2185 3684; x_wconf 75' lang='grc' dir='ltr'>τῆς</span> <span class='ocrx_word' id='word_1_675' title='bbox 2236 3613 2656 3685; x_wconf 85' lang='grc' dir='ltr'>άνθρωπότητος</span> <span class='ocrx_word' id='word_1_676' title='bbox 2709 3610 3096 3685; x_wconf 77' lang='grc' dir='ltr'>προσέφρησεν</span> <span class='ocrx_word' id='word_1_677' title='bbox 3148 3612 3230 3676; x_wconf 90' lang='grc' dir='ltr'><strong>εἰς</strong></span> <span class='ocrx_word' id='word_1_678' title='bbox 3274 3612 3368 3665; x_wconf 76' lang='grc' dir='ltr'><strong>τὸν</strong></span> <span class='ocrx_word' id='word_1_679' title='bbox 3422 3614 3679 3685; x_wconf 77' lang='grc' dir='ltr'>οὐρανόν.</span> 
     </span>
    </p>
   </div>
   <div class='ocr_carea' id='block_1_84' title="bbox 2098 3703 3684 3776">
    <p class='ocr_par' dir='ltr' id='par_1_84' title="bbox 2098 3703 3684 3776">
     <span class='ocr_line' id='line_1_84' title="bbox 2098 3703 3684 3776; baseline 0.001 -18"><span class='ocrx_word' id='word_1_680' title='bbox 2098 3704 2448 3776; x_wconf 82' lang='grc' dir='ltr'>’Λνακομίσει</span> <span class='ocrx_word' id='word_1_681' title='bbox 2487 3705 2543 3758; x_wconf 84' lang='grc' dir='ltr'>δὲ</span> <span class='ocrx_word' id='word_1_682' title='bbox 2571 3706 2653 3758; x_wconf 84' lang='grc' dir='ltr'>ὅτι</span> <span class='ocrx_word' id='word_1_683' title='bbox 2680 3704 2775 3757; x_wconf 77' lang='grc' dir='ltr'>καὶ</span> <span class='ocrx_word' id='word_1_684' title='bbox 2806 3703 2954 3774; x_wconf 73' lang='grc' dir='ltr'>ἡμᾶς</span> <span class='ocrx_word' id='word_1_685' title='bbox 2986 3704 3211 3768; x_wconf 76' lang='grc' dir='ltr'>αὐτοὺς,</span> <span class='ocrx_word' id='word_1_686' title='bbox 3245 3704 3347 3757; x_wconf 74' lang='grc' dir='ltr'><strong>οὐκ</strong></span> <span class='ocrx_word' id='word_1_687' title='bbox 3373 3705 3440 3758; x_wconf 85' lang='grc' dir='ltr'>ἂν</span> <span class='ocrx_word' id='word_1_688' title='bbox 3472 3704 3684 3759; x_wconf 72' lang='grc' dir='ltr'><strong>ὲνδοιά⁸</strong></span> 
     </span>
    </p>
   </div>
   <div class='ocr_carea' id='block_1_85' title="bbox 2088 3791 3687 3867">
    <p class='ocr_par' dir='ltr' id='par_1_85' title="bbox 2088 3791 3687 3867">
     <span class='ocr_line' id='line_1_85' title="bbox 2088 3791 3687 3867; baseline 0.001 -18"><span class='ocrx_word' id='word_1_689' title='bbox 2088 3795 2200 3849; x_wconf 87' lang='grc' dir='ltr'>σειέ</span> <span class='ocrx_word' id='word_1_690' title='bbox 2234 3812 2337 3859; x_wconf 90' lang='grc' dir='ltr'>τις.</span> <span class='ocrx_word' id='word_1_691' title='bbox 2387 3793 2647 3867; x_wconf 83' lang='grc' dir='ltr'>Ἐμπεδοί</span> <span class='ocrx_word' id='word_1_692' title='bbox 2670 3793 2779 3866; x_wconf 84' lang='grc' dir='ltr'><strong>γὰρ</strong></span> <span class='ocrx_word' id='word_1_693' title='bbox 2810 3795 2891 3858; x_wconf 88' lang='grc' dir='ltr'><strong>εἰς</strong></span> <span class='ocrx_word' id='word_1_694' title='bbox 2921 3791 3081 3847; x_wconf 84' lang='grc' dir='ltr'>τοῦτο</span> <span class='ocrx_word' id='word_1_695' title='bbox 3117 3792 3147 3845; x_wconf 93' lang='lat'><strong>6</strong></span> <span class='ocrx_word' id='word_1_696' title='bbox 3169 3793 3463 3865; x_wconf 75' lang='grc' dir='ltr'>ψεύδεσθαι</span> <span class='ocrx_word' id='word_1_697' title='bbox 3492 3793 3568 3866; x_wconf 73' lang='grc' dir='ltr'>μὴ</span> <span class='ocrx_word' id='word_1_698' title='bbox 3602 3796 3687 3850; x_wconf 87' lang='grc' dir='ltr'>εί-</span> 
     </span>
    </p>
   </div>
   <div class='ocr_carea' id='block_1_86' title="bbox 2085 3884 3681 3958">
    <p class='ocr_par' dir='ltr' id='par_1_86' title="bbox 2085 3884 3681 3958">
     <span class='ocr_line' id='line_1_86' title="bbox 2085 3884 3681 3958; baseline 0.001 -19"><span class='ocrx_word' id='word_1_699' title='bbox 2085 3886 2212 3951; x_wconf 83' lang='grc' dir='ltr'>δὼς,</span> <span class='ocrx_word' id='word_1_700' title='bbox 2250 3886 2344 3942; x_wconf 68' lang='grc' dir='ltr'><strong>καὶ</strong></span> <span class='ocrx_word' id='word_1_701' title='bbox 2371 3889 2483 3951; x_wconf 84' lang='grc' dir='ltr'>τοῖς</span> <span class='ocrx_word' id='word_1_702' title='bbox 2512 3885 2607 3940; x_wconf 85' lang='grc' dir='ltr'><strong>τοῦ</strong></span> <span class='ocrx_word' id='word_1_703' title='bbox 2642 3888 2825 3957; x_wconf 79' lang='grc' dir='ltr'>τυχεῖν</span> <span class='ocrx_word' id='word_1_704' title='bbox 2849 3884 3022 3951; x_wconf 81' lang='grc' dir='ltr'>ἀξίοις</span> <span class='ocrx_word' id='word_1_705' title='bbox 3048 3884 3145 3957; x_wconf 78' lang='grc' dir='ltr'>τὴν</span> <span class='ocrx_word' id='word_1_706' title='bbox 3170 3885 3360 3940; x_wconf 72' lang='grc' dir='ltr'>ἐλπίδα</span> <span class='ocrx_word' id='word_1_707' title='bbox 3393 3886 3681 3958; x_wconf 82' lang='grc' dir='ltr'>προσθείς,</span> 
     </span>
    </p>
   </div>
   <div class='ocr_carea' id='block_1_87' title="bbox 2098 3975 3678 4049">
    <p class='ocr_par' dir='ltr' id='par_1_87' title="bbox 2098 3975 3678 4049">
     <span class='ocr_line' id='line_1_87' title="bbox 2098 3975 3678 4049; baseline -0.001 -16"><span class='ocrx_word' id='word_1_708' title='bbox 2098 3977 2365 4048; x_wconf 88' lang='grc' dir='ltr'>Ἐσόμεθα</span> <span class='ocrx_word' id='word_1_709' title='bbox 2396 3978 2511 4049; x_wconf 85' lang='grc' dir='ltr'>γὰρ</span> <span class='ocrx_word' id='word_1_710' title='bbox 2534 3976 2764 4049; x_wconf 78' lang='grc' dir='ltr'>οὐρανοῦ</span> <span class='ocrx_word' id='word_1_711' title='bbox 2801 3976 3017 4031; x_wconf 80' lang='grc' dir='ltr'>πολῖται</span> <span class='ocrx_word' id='word_1_712' title='bbox 3059 3975 3201 4033; x_wconf 73' lang='grc' dir='ltr'>κατὰ</span> <span class='ocrx_word' id='word_1_713' title='bbox 3245 3979 3494 4048; x_wconf 63' lang='grc' dir='ltr'>καιροὺς,</span> <span class='ocrx_word' id='word_1_714' title='bbox 3535 3995 3678 4049; x_wconf 84' lang='grc' dir='ltr'>προ-</span> 
     </span>
    </p>
   </div>
   <div class='ocr_carea' id='block_1_88' title="bbox 2088 4067 3680 4141">
    <p class='ocr_par' dir='ltr' id='par_1_88' title="bbox 2088 4067 3680 4141">
     <span class='ocr_line' id='line_1_88' title="bbox 2088 4067 3680 4141; baseline -0.004 -17"><span class='ocrx_word' id='word_1_715' title='bbox 2088 4071 2552 4141; x_wconf 75' lang='grc' dir='ltr'>αναφοιτήσαντος</span> <span class='ocrx_word' id='word_1_716' title='bbox 2580 4068 2763 4139; x_wconf 77' lang='grc' dir='ltr'>ἡμῶν,</span> <span class='ocrx_word' id='word_1_717' title='bbox 2793 4068 2869 4130; x_wconf 85' lang='grc' dir='ltr'>ὡς</span> <span class='ocrx_word' id='word_1_718' title='bbox 2900 4067 3058 4140; x_wconf 75' lang='grc' dir='ltr'>ἔφην,</span> <span class='ocrx_word' id='word_1_719' title='bbox 3089 4067 3350 4141; x_wconf 66' lang='grc' dir='ltr'>Χριπρῦ,</span> <span class='ocrx_word' id='word_1_720' title='bbox 3369 4068 3680 4141; x_wconf 73' lang='grc' dir='ltr'>καὶάληθὲς</span> 
     </span>
    </p>
   </div>
   <div class='ocr_carea' id='block_1_89' title="bbox 2084 4160 3681 4235">
    <p class='ocr_par' dir='ltr' id='par_1_89' title="bbox 2084 4160 3681 4235">
     <span class='ocr_line' id='line_1_89' title="bbox 2084 4160 3681 4235; baseline -0.001 -17"><span class='ocrx_word' id='word_1_721' title='bbox 2084 4164 2167 4218; x_wconf 82' lang='grc' dir='ltr'>ὅτι</span> <span class='ocrx_word' id='word_1_722' title='bbox 2201 4163 2390 4235; x_wconf 76' lang='grc' dir='ltr'>χρῆμά</span> <span class='ocrx_word' id='word_1_723' title='bbox 2416 4164 2533 4216; x_wconf 72' lang='grc' dir='ltr'>ἐστι</span> <span class='ocrx_word' id='word_1_724' title='bbox 2566 4160 2902 4215; x_wconf 80' lang='grc' dir='ltr'>πιστώσεται</span> <span class='ocrx_word' id='word_1_725' title='bbox 2931 4164 2959 4215; x_wconf 89' lang='lat'><strong>6</strong></span> <span class='ocrx_word' id='word_1_726' title='bbox 2993 4160 3305 4231; x_wconf 76' lang='grc' dir='ltr'>σοφώτατος</span> <span class='ocrx_word' id='word_1_727' title='bbox 3333 4161 3547 4226; x_wconf 84' lang='grc' dir='ltr'>Παῦλος</span> <span class='ocrx_word' id='word_1_728' title='bbox 3578 4160 3681 4217; x_wconf 66' lang='grc' dir='ltr'><strong>ὡδὶ</strong></span> 
     </span>
    </p>
   </div>
   <div class='ocr_carea' id='block_1_90' title="bbox 2084 4252 3679 4326">
    <p class='ocr_par' dir='ltr' id='par_1_90' title="bbox 2084 4252 3679 4326">
     <span class='ocr_line' id='line_1_90' title="bbox 2084 4252 3679 4326; baseline 0.001 -19"><span class='ocrx_word' id='word_1_729' title='bbox 2084 4253 2410 4325; x_wconf 68' lang='grc' dir='ltr'>γεγραφώς*</span> <span class='ocrx_word' id='word_1_730' title='bbox 2447 4272 2466 4306; x_wconf 77' lang='grc' dir='ltr'><strong>ι</strong></span> <span class='ocrx_word' id='word_1_731' title='bbox 2504 4253 2579 4307; x_wconf 77' lang='grc' dir='ltr'><strong>Οὐ</strong></span> <span class='ocrx_word' id='word_1_732' title='bbox 2611 4252 2716 4326; x_wconf 79' lang='grc' dir='ltr'><strong>γὰρ</strong></span> <span class='ocrx_word' id='word_1_733' title='bbox 2747 4253 2825 4316; x_wconf 89' lang='grc' dir='ltr'><strong>εἰς</strong></span> <span class='ocrx_word' id='word_1_734' title='bbox 2848 4253 3203 4325; x_wconf 76' lang='grc' dir='ltr'>χειροποίητα</span> <span class='ocrx_word' id='word_1_735' title='bbox 3229 4254 3396 4321; x_wconf 73' lang='grc' dir='ltr'>Ἅγια</span> <span class='ocrx_word' id='word_1_736' title='bbox 3425 4252 3679 4325; x_wconf 80' lang='grc' dir='ltr'>εἰσῆλθεν</span> 
     </span>
    </p>
   </div>
   <div class='ocr_carea' id='block_1_91' title="bbox 2083 4340 3678 4416">
    <p class='ocr_par' dir='ltr' id='par_1_91' title="bbox 2083 4340 3678 4416">
     <span class='ocr_line' id='line_1_91' title="bbox 2083 4340 3678 4416; baseline -0.001 -19"><span class='ocrx_word' id='word_1_737' title='bbox 2083 4344 2112 4396; x_wconf 90' lang='lat'><strong>6</strong></span> <span class='ocrx_word' id='word_1_738' title='bbox 2148 4342 2404 4416; x_wconf 76' lang='grc' dir='ltr'>Χριστὸς,</span> <span class='ocrx_word' id='word_1_739' title='bbox 2445 4342 2716 4397; x_wconf 79' lang='grc' dir='ltr'>ἀντίτυπα</span> <span class='ocrx_word' id='word_1_740' title='bbox 2764 4340 2871 4394; x_wconf 87' lang='grc' dir='ltr'><strong>τῶν</strong></span> <span class='ocrx_word' id='word_1_741' title='bbox 2921 4340 3212 4412; x_wconf 86' lang='grc' dir='ltr'>ἀληθινῶν,</span> <span class='ocrx_word' id='word_1_742' title='bbox 3247 4341 3360 4397; x_wconf 80' lang='grc' dir='ltr'>ἀλλ’</span> <span class='ocrx_word' id='word_1_743' title='bbox 3396 4344 3478 4407; x_wconf 88' lang='grc' dir='ltr'><strong>εἰς</strong></span> <span class='ocrx_word' id='word_1_744' title='bbox 3510 4342 3678 4397; x_wconf 71' lang='grc' dir='ltr'>αὐτὸν</span> 
     </span>
    </p>
   </div>
   <div class='ocr_carea' id='block_1_92' title="bbox 2083 4432 3676 4507">
    <p class='ocr_par' dir='ltr' id='par_1_92' title="bbox 2083 4432 3676 4507">
     <span class='ocr_line' id='line_1_92' title="bbox 2083 4432 3676 4507; baseline -0.001 -17"><span class='ocrx_word' id='word_1_745' title='bbox 2083 4435 2174 4490; x_wconf 75' lang='grc' dir='ltr'>τὸν</span> <span class='ocrx_word' id='word_1_746' title='bbox 2201 4434 2428 4507; x_wconf 77' lang='grc' dir='ltr'>οὐρανὸν</span> <span class='ocrx_word' id='word_1_747' title='bbox 2452 4434 2547 4488; x_wconf 85' lang='grc' dir='ltr'><strong>νῦν</strong></span> <span class='ocrx_word' id='word_1_748' title='bbox 2576 4432 2977 4505; x_wconf 81' lang='grc' dir='ltr'>ἐμφανισθῆναι</span> <span class='ocrx_word' id='word_1_749' title='bbox 3007 4432 3085 4505; x_wconf 80' lang='grc' dir='ltr'>τῷ</span> <span class='ocrx_word' id='word_1_750' title='bbox 3110 4433 3390 4506; x_wconf 83' lang='grc' dir='ltr'>προσώπῳ</span> <span class='ocrx_word' id='word_1_751' title='bbox 3412 4434 3508 4488; x_wconf 85' lang='grc' dir='ltr'><strong>τοῦ</strong></span> <span class='ocrx_word' id='word_1_752' title='bbox 3536 4434 3676 4489; x_wconf 76' lang='grc' dir='ltr'>Θεοῦ</span> 
     </span>
    </p>
   </div>
   <div class='ocr_carea' id='block_1_93' title="bbox 2087 4520 3676 4599">
    <p class='ocr_par' dir='ltr' id='par_1_93' title="bbox 2087 4520 3676 4599">
     <span class='ocr_line' id='line_1_93' title="bbox 2087 4520 3676 4599; baseline -0.001 -19"><span class='ocrx_word' id='word_1_753' title='bbox 2087 4527 2229 4599; x_wconf 82' lang='grc' dir='ltr'>ὑπὲρ</span> <span class='ocrx_word' id='word_1_754' title='bbox 2257 4525 2434 4597; x_wconf 77' lang='grc' dir='ltr'>ἡμῶν.</span> <span class='ocrx_word' id='word_1_755' title='bbox 2474 4544 2493 4578; x_wconf 69' lang='grc' dir='ltr'><strong>ι</strong></span> <span class='ocrx_word' id='word_1_756' title='bbox 2524 4520 2633 4578; x_wconf 85' lang='grc' dir='ltr'>Ἦν</span> <span class='ocrx_word' id='word_1_757' title='bbox 2666 4524 2766 4596; x_wconf 78' lang='grc' dir='ltr'>μὲν</span> <span class='ocrx_word' id='word_1_758' title='bbox 2795 4524 2924 4595; x_wconf 83' lang='grc' dir='ltr'>γὰρ,</span> <span class='ocrx_word' id='word_1_759' title='bbox 2948 4526 3043 4580; x_wconf 82' lang='grc' dir='ltr'><strong>καί</strong></span> <span class='ocrx_word' id='word_1_760' title='bbox 3070 4524 3209 4585; x_wconf 75' lang='grc' dir='ltr'>ἔστι.</span> <span class='ocrx_word' id='word_1_761' title='bbox 3241 4525 3333 4580; x_wconf 75' lang='grc' dir='ltr'><strong>καὶ</strong></span> <span class='ocrx_word' id='word_1_762' title='bbox 3361 4526 3515 4580; x_wconf 77' lang='grc' dir='ltr'>ἔσται</span> <span class='ocrx_word' id='word_1_763' title='bbox 3537 4525 3676 4592; x_wconf 72' lang='grc' dir='ltr'>Θεὸς</span> 
     </span>
    </p>
   </div>
   <div class='ocr_carea' id='block_1_94' title="bbox 404 4586 1983 4688">
    <p class='ocr_par' dir='ltr' id='par_1_94' title="bbox 404 4586 1983 4685">
     <span class='ocr_line' id='line_1_94' title="bbox 404 4586 1983 4685; baseline 0.004 -22"><span class='ocrx_word' id='word_1_764' title='bbox 404 4609 459 4664; x_wconf 87' lang='lat' dir='ltr'><strong>in</strong></span> <span class='ocrx_word' id='word_1_765' title='bbox 482 4586 976 4667; x_wconf 29' lang='lat' dir='ltr'><strong>formavGenitoris.</strong></span> <span class='ocrx_word' id='word_1_766' title='bbox 995 4613 1102 4667; x_wconf 90' lang='lat' dir='ltr'><strong>Pro</strong></span> <span class='ocrx_word' id='word_1_767' title='bbox 1114 4612 1275 4668; x_wconf 90' lang='lat' dir='ltr'><strong>nobis</strong></span> <span class='ocrx_word' id='word_1_768' title='bbox 1295 4628 1430 4668; x_wconf 81' lang='lat' dir='ltr'><strong>vero</strong></span> <span class='ocrx_word' id='word_1_769' title='bbox 1459 4622 1708 4684; x_wconf 88' lang='lat' dir='ltr'><strong>apparet,</strong></span> <span class='ocrx_word' id='word_1_770' title='bbox 1723 4615 1849 4685; x_wconf 90' lang='lat' dir='ltr'><strong>quia</strong></span> <span class='ocrx_word' id='word_1_771' title='bbox 1880 4586 1983 4670; x_wconf 44' lang='lat' dir='ltr'><strong>ho;-</strong></span> 
     </span>
    </p>
   </div>
   <div class='ocr_carea' id='block_1_95' title="bbox 2089 4586 3676 4688">
    <p class='ocr_par' dir='ltr' id='par_1_95' title="bbox 2089 4586 3676 4688">
     <span class='ocr_line' id='line_1_95' title="bbox 2089 4586 3676 4688; baseline 0 -16"><span class='ocrx_word' id='word_1_772' title='bbox 2089 4617 2162 4672; x_wconf 85' lang='grc' dir='ltr'><strong>ῶν</strong></span> <span class='ocrx_word' id='word_1_773' title='bbox 2184 4586 2365 4688; x_wconf 63' lang='grc' dir='ltr'>ᾠύᾶὲι,</span> <span class='ocrx_word' id='word_1_774' title='bbox 2400 4615 2543 4687; x_wconf 80' lang='grc' dir='ltr'>μετὰ</span> <span class='ocrx_word' id='word_1_775' title='bbox 2568 4586 2679 4671; x_wconf 45' lang='grc' dir='ltr'>τοῦ.</span> <span class='ocrx_word' id='word_1_776' title='bbox 2697 4586 2827 4670; x_wconf 77' lang='grc' dir='ltr'>ἰδίου</span> <span class='ocrx_word' id='word_1_777' title='bbox 2859 4586 3073 4687; x_wconf 69' lang='lat' dir='ltr'><strong>Ila-.96;</strong></span> <span class='ocrx_word' id='word_1_778' title='bbox 3101 4618 3195 4671; x_wconf 71' lang='grc' dir='ltr'>καὶ</span> <span class='ocrx_word' id='word_1_779' title='bbox 3228 4618 3285 4670; x_wconf 82' lang='grc' dir='ltr'>ὲν</span> <span class='ocrx_word' id='word_1_780' title='bbox 3311 4617 3428 4688; x_wconf 63' lang='grc' dir='ltr'>ὄψει</span> <span class='ocrx_word' id='word_1_781' title='bbox 3457 4616 3552 4671; x_wconf 86' lang='grc' dir='ltr'><strong>τοῦ</strong></span> <span class='ocrx_word' id='word_1_782' title='bbox 3578 4586 3676 4687; x_wconf 57' lang='lat' dir='ltr'><strong>re:</strong></span> 
     </span>
    </p>
   </div>
   <div class='ocr_carea' id='block_1_96' title="bbox 404 4700 1985 4777">
    <p class='ocr_par' dir='ltr' id='par_1_96' title="bbox 404 4700 1985 4777">
     <span class='ocr_line' id='line_1_96' title="bbox 404 4700 1985 4777; baseline 0.005 -21"><span class='ocrx_word' id='word_1_783' title='bbox 404 4717 495 4757; x_wconf 90' lang='lat' dir='ltr'><strong>mo</strong></span> <span class='ocrx_word' id='word_1_784' title='bbox 528 4700 707 4757; x_wconf 82' lang='lat' dir='ltr'><strong>factus</strong></span> <span class='ocrx_word' id='word_1_785' title='bbox 736 4712 840 4768; x_wconf 87' lang='lat' dir='ltr'><strong>est,</strong></span> <span class='ocrx_word' id='word_1_786' title='bbox 878 4713 940 4759; x_wconf 93' lang='lat' dir='ltr'><strong>ut</strong></span> <span class='ocrx_word' id='word_1_787' title='bbox 964 4712 1022 4759; x_wconf 90' lang='lat' dir='ltr'><strong>et</strong></span> <span class='ocrx_word' id='word_1_788' title='bbox 1040 4718 1142 4760; x_wconf 90' lang='lat' dir='ltr'><strong>nos</strong></span> <span class='ocrx_word' id='word_1_789' title='bbox 1169 4705 1265 4777; x_wconf 87' lang='lat' dir='ltr'><strong>qui</strong></span> <span class='ocrx_word' id='word_1_790' title='bbox 1293 4722 1324 4761; x_wconf 88' lang='lat' dir='ltr'><strong>a</strong></span> <span class='ocrx_word' id='word_1_791' title='bbox 1351 4706 1530 4762; x_wconf 84' lang='lat' dir='ltr'><strong>Patris</strong></span> <span class='ocrx_word' id='word_1_792' title='bbox 1556 4705 1732 4763; x_wconf 87' lang='lat' dir='ltr'><strong>oculis</strong></span> <span class='ocrx_word' id='word_1_793' title='bbox 1762 4707 1985 4764; x_wconf 87' lang='lat' dir='ltr'><strong>abducti</strong></span> 
     </span>
    </p>
   </div>
   <div class='ocr_carea' id='block_1_97' title="bbox 404 4794 1990 4869">
    <p class='ocr_par' dir='ltr' id='par_1_97' title="bbox 404 4794 1990 4869">
     <span class='ocr_line' id='line_1_97' title="bbox 404 4794 1990 4869; baseline 0.004 -21"><span class='ocrx_word' id='word_1_794' title='bbox 404 4809 595 4853; x_wconf 88' lang='lat' dir='ltr'><strong>sumus</strong></span> <span class='ocrx_word' id='word_1_795' title='bbox 625 4810 726 4865; x_wconf 86' lang='lat' dir='ltr'><strong>per</strong></span> <span class='ocrx_word' id='word_1_796' title='bbox 756 4794 949 4850; x_wconf 86' lang='lat' dir='ltr'><strong>Adami</strong></span> <span class='ocrx_word' id='word_1_797' title='bbox 988 4794 1205 4865; x_wconf 90' lang='lat' dir='ltr'><strong>lapsum</strong></span> <span class='ocrx_word' id='word_1_798' title='bbox 1235 4837 1251 4862; x_wconf 96' lang='lat'><strong>,</strong></span> <span class='ocrx_word' id='word_1_799' title='bbox 1281 4797 1606 4869; x_wconf 84' lang='lat' dir='ltr'><strong>peccatique</strong></span> <span class='ocrx_word' id='word_1_800' title='bbox 1657 4797 1990 4855; x_wconf 89' lang='lat' dir='ltr'><strong>dominatio-</strong></span> 
     </span>
    </p>
   </div>
   <div class='ocr_carea' id='block_1_98' title="bbox 404 4888 1987 4961">
    <p class='ocr_par' dir='ltr' id='par_1_98' title="bbox 404 4888 1987 4961">
     <span class='ocr_line' id='line_1_98' title="bbox 404 4888 1987 4961; baseline 0.004 -22"><span class='ocrx_word' id='word_1_801' title='bbox 404 4900 562 4951; x_wconf 90' lang='lat' dir='ltr'><strong>nem,</strong></span> <span class='ocrx_word' id='word_1_802' title='bbox 615 4901 839 4941; x_wconf 89' lang='lat' dir='ltr'><strong>rursum</strong></span> <span class='ocrx_word' id='word_1_803' title='bbox 894 4890 1218 4958; x_wconf 87' lang='lat' dir='ltr'><strong>conspectui</strong></span> <span class='ocrx_word' id='word_1_804' title='bbox 1255 4890 1374 4960; x_wconf 84' lang='lat' dir='ltr'><strong>ejus</strong></span> <span class='ocrx_word' id='word_1_805' title='bbox 1423 4906 1522 4961; x_wconf 90' lang='lat' dir='ltr'><strong>per</strong></span> <span class='ocrx_word' id='word_1_806' title='bbox 1566 4888 1849 4947; x_wconf 87' lang='lat' dir='ltr'><strong>Christum</strong></span> <span class='ocrx_word' id='word_1_807' title='bbox 1899 4890 1987 4945; x_wconf 83' lang='lat' dir='ltr'><strong>of-</strong></span> 
     </span>
    </p>
   </div>
   <div class='ocr_carea' id='block_1_99' title="bbox 406 4974 1987 5051">
    <p class='ocr_par' dir='ltr' id='par_1_99' title="bbox 406 4974 1987 5051">
     <span class='ocr_line' id='line_1_99' title="bbox 406 4974 1987 5051; baseline 0.005 -22"><span class='ocrx_word' id='word_1_808' title='bbox 406 4974 652 5032; x_wconf 77' lang='lat' dir='ltr'><strong>feramur</strong></span> <span class='ocrx_word' id='word_1_809' title='bbox 692 4978 774 5033; x_wconf 91' lang='lat' dir='ltr'><strong>uti</strong></span> <span class='ocrx_word' id='word_1_810' title='bbox 800 4979 854 5033; x_wconf 92' lang='lat' dir='ltr'><strong>in</strong></span> <span class='ocrx_word' id='word_1_811' title='bbox 885 4979 1183 5050; x_wconf 90' lang='lat' dir='ltr'><strong>principio,</strong></span> <span class='ocrx_word' id='word_1_812' title='bbox 1207 4980 1277 5035; x_wconf 91' lang='lat' dir='ltr'><strong>iis</strong></span> <span class='ocrx_word' id='word_1_813' title='bbox 1314 4982 1410 5051; x_wconf 90' lang='lat' dir='ltr'><strong>qui</strong></span> <span class='ocrx_word' id='word_1_814' title='bbox 1459 4997 1603 5051; x_wconf 91' lang='lat' dir='ltr'><strong>pone</strong></span> <span class='ocrx_word' id='word_1_815' title='bbox 1632 4983 1895 5038; x_wconf 89' lang='lat' dir='ltr'><strong>subibant</strong></span> <span class='ocrx_word' id='word_1_816' title='bbox 1928 4983 1987 5037; x_wconf 87' lang='lat' dir='ltr'><strong>in</strong></span> 
     </span>
    </p>
   </div>
   <div class='ocr_carea' id='block_1_100' title="bbox 404 5067 1987 5145">
    <p class='ocr_par' dir='ltr' id='par_1_100' title="bbox 404 5067 1987 5145">
     <span class='ocr_line' id='line_1_100' title="bbox 404 5067 1987 5145; baseline 0.006 -23"><span class='ocrx_word' id='word_1_817' title='bbox 404 5067 639 5123; x_wconf 91' lang='lat' dir='ltr'><strong>nihilum</strong></span> <span class='ocrx_word' id='word_1_818' title='bbox 666 5070 1018 5128; x_wconf 90' lang='lat' dir='ltr'><strong>abeuntibus.</strong></span> <span class='ocrx_word' id='word_1_819' title='bbox 1056 5073 1222 5145; x_wconf 73' lang='lat'><strong>326</strong></span> <span class='ocrx_word' id='word_1_820' title='bbox 1247 5073 1437 5128; x_wconf 82' lang='lat' dir='ltr'><strong>Vocati</strong></span> <span class='ocrx_word' id='word_1_821' title='bbox 1471 5075 1658 5145; x_wconf 90' lang='lat' dir='ltr'><strong>itaque</strong></span> <span class='ocrx_word' id='word_1_822' title='bbox 1684 5078 1741 5133; x_wconf 94' lang='lat' dir='ltr'><strong>in</strong></span> <span class='ocrx_word' id='word_1_823' title='bbox 1765 5074 1987 5132; x_wconf 88' lang='lat' dir='ltr'><strong>Christo</strong></span> 
     </span>
    </p>
   </div>
   <div class='ocr_carea' id='block_1_101' title="bbox 404 5165 1989 5241">
    <p class='ocr_par' dir='ltr' id='par_1_101' title="bbox 404 5165 1989 5241">
     <span class='ocr_line' id='line_1_101' title="bbox 404 5165 1989 5241; baseline 0.006 -26"><span class='ocrx_word' id='word_1_824' title='bbox 404 5177 618 5229; x_wconf 87' lang='lat' dir='ltr'><strong>sunms,</strong></span> <span class='ocrx_word' id='word_1_825' title='bbox 653 5165 788 5219; x_wconf 87' lang='lat' dir='ltr'><strong>etin</strong></span> <span class='ocrx_word' id='word_1_826' title='bbox 815 5181 1111 5241; x_wconf 82' lang='lat' dir='ltr'><strong>supernam</strong></span> <span class='ocrx_word' id='word_1_827' title='bbox 1147 5167 1453 5234; x_wconf 88' lang='lat' dir='ltr'><strong>civitatem,</strong></span> <span class='ocrx_word' id='word_1_828' title='bbox 1488 5167 1601 5223; x_wconf 92' lang='lat' dir='ltr'><strong>imo</strong></span> <span class='ocrx_word' id='word_1_829' title='bbox 1629 5170 1724 5240; x_wconf 91' lang='lat' dir='ltr'><strong>qui</strong></span> <span class='ocrx_word' id='word_1_830' title='bbox 1751 5170 1817 5225; x_wconf 89' lang='lat' dir='ltr'><strong>ad</strong></span> <span class='ocrx_word' id='word_1_831' title='bbox 1852 5185 1989 5224; x_wconf 90' lang='lat' dir='ltr'><strong>con-</strong></span> 
     </span>
    </p>
   </div>
   <div class='ocr_carea' id='block_1_102' title="bbox 403 5256 1990 5333">
    <p class='ocr_par' dir='ltr' id='par_1_102' title="bbox 403 5256 1990 5333">
     <span class='ocr_line' id='line_1_102' title="bbox 403 5256 1990 5333; baseline 0.007 -28"><span class='ocrx_word' id='word_1_832' title='bbox 403 5264 653 5322; x_wconf 74' lang='lat' dir='ltr'><strong>Spectum</strong></span> <span class='ocrx_word' id='word_1_833' title='bbox 683 5256 780 5310; x_wconf 86' lang='lat' dir='ltr'><strong>Dei</strong></span> <span class='ocrx_word' id='word_1_834' title='bbox 803 5266 862 5311; x_wconf 90' lang='lat' dir='ltr'><strong>et</strong></span> <span class='ocrx_word' id='word_1_835' title='bbox 887 5257 1067 5313; x_wconf 84' lang='lat' dir='ltr'><strong>Patris</strong></span> <span class='ocrx_word' id='word_1_836' title='bbox 1103 5258 1462 5316; x_wconf 89' lang='lat' dir='ltr'><strong>admittamur</strong></span> <span class='ocrx_word' id='word_1_837' title='bbox 1483 5275 1675 5316; x_wconf 90' lang='lat' dir='ltr'><strong>sumus</strong></span> <span class='ocrx_word' id='word_1_838' title='bbox 1710 5259 1856 5333; x_wconf 80' lang='lat' dir='ltr'><strong>digni</strong></span> <span class='ocrx_word' id='word_1_839' title='bbox 1890 5261 1990 5316; x_wconf 91' lang='lat' dir='ltr'><strong>ha-</strong></span> 
     </span>
    </p>
   </div>
   <div class='ocr_carea' id='block_1_103' title="bbox 407 5344 1991 5424">
    <p class='ocr_par' dir='ltr' id='par_1_103' title="bbox 407 5344 1991 5424">
     <span class='ocr_line' id='line_1_103' title="bbox 407 5344 1991 5424; baseline 0.008 -27"><span class='ocrx_word' id='word_1_840' title='bbox 407 5344 528 5410; x_wconf 88' lang='lat' dir='ltr'><strong>hiti,</strong></span> <span class='ocrx_word' id='word_1_841' title='bbox 557 5363 621 5403; x_wconf 91' lang='lat' dir='ltr'><strong>ac</strong></span> <span class='ocrx_word' id='word_1_842' title='bbox 651 5365 751 5419; x_wconf 90' lang='lat' dir='ltr'><strong>per</strong></span> <span class='ocrx_word' id='word_1_843' title='bbox 782 5350 959 5421; x_wconf 82' lang='lat' dir='ltr'><strong>ipsum</strong></span> <span class='ocrx_word' id='word_1_844' title='bbox 995 5360 1051 5407; x_wconf 88' lang='lat' dir='ltr'><strong>et</strong></span> <span class='ocrx_word' id='word_1_845' title='bbox 1077 5352 1133 5406; x_wconf 88' lang='lat' dir='ltr'><strong>in</strong></span> <span class='ocrx_word' id='word_1_846' title='bbox 1163 5352 1284 5424; x_wconf 88' lang='lat' dir='ltr'><strong>ipso</strong></span> <span class='ocrx_word' id='word_1_847' title='bbox 1324 5351 1558 5409; x_wconf 84' lang='lat' dir='ltr'><strong>adorare</strong></span> <span class='ocrx_word' id='word_1_848' title='bbox 1584 5354 1831 5410; x_wconf 86' lang='lat' dir='ltr'><strong>universi</strong></span> <span class='ocrx_word' id='word_1_849' title='bbox 1854 5370 1991 5411; x_wconf 90' lang='lat' dir='ltr'><strong>eon-</strong></span> 
     </span>
    </p>
   </div>
   <div class='ocr_carea' id='block_1_104' title="bbox 405 5431 1990 5501">
    <p class='ocr_par' dir='ltr' id='par_1_104' title="bbox 405 5431 1990 5501">
     <span class='ocr_line' id='line_1_104' title="bbox 405 5431 1990 5501; baseline 0.009 -18"><span class='ocrx_word' id='word_1_850' title='bbox 405 5431 643 5491; x_wconf 85' lang='lat' dir='ltr'><strong>ditorem</strong></span> <span class='ocrx_word' id='word_1_851' title='bbox 678 5439 849 5494; x_wconf 89' lang='lat' dir='ltr'><strong>Deum</strong></span> <span class='ocrx_word' id='word_1_852' title='bbox 879 5440 1099 5497; x_wconf 85' lang='lat' dir='ltr'><strong>Patrem</strong></span> <span class='ocrx_word' id='word_1_853' title='bbox 1125 5441 1307 5498; x_wconf 86' lang='lat' dir='ltr'><strong>edocti</strong></span> <span class='ocrx_word' id='word_1_854' title='bbox 1337 5460 1548 5499; x_wconf 85' lang='lat' dir='ltr'><strong>sumus.</strong></span> <span class='ocrx_word' id='word_1_855' title='bbox 1599 5445 1656 5500; x_wconf 88' lang='lat' dir='ltr'><strong>Id</strong></span> <span class='ocrx_word' id='word_1_856' title='bbox 1686 5461 1820 5501; x_wconf 85' lang='lat' dir='ltr'><strong>vero</strong></span> <span class='ocrx_word' id='word_1_857' title='bbox 1865 5462 1990 5501; x_wconf 89' lang='lat' dir='ltr'><strong>rur-</strong></span> 
     </span>
    </p>
   </div>
   <div class='ocr_carea' id='block_1_105' title="bbox 408 5526 1984 5607">
    <p class='ocr_par' dir='ltr' id='par_1_105' title="bbox 408 5526 1984 5607">
     <span class='ocr_line' id='line_1_105' title="bbox 408 5526 1984 5607; baseline 0.01 -33"><span class='ocrx_word' id='word_1_858' title='bbox 408 5538 528 5577; x_wconf 87' lang='lat' dir='ltr'><strong>sum</strong></span> <span class='ocrx_word' id='word_1_859' title='bbox 560 5526 673 5595; x_wconf 84' lang='lat' dir='ltr'><strong>ipsa</strong></span> <span class='ocrx_word' id='word_1_860' title='bbox 709 5532 791 5583; x_wconf 74' lang='lat' dir='ltr'><strong>lex</strong></span> <span class='ocrx_word' id='word_1_861' title='bbox 824 5548 922 5601; x_wconf 87' lang='lat' dir='ltr'><strong>per</strong></span> <span class='ocrx_word' id='word_1_862' title='bbox 945 5532 1172 5602; x_wconf 81' lang='lat' dir='ltr'><strong>ﬁguram</strong></span> <span class='ocrx_word' id='word_1_863' title='bbox 1215 5536 1376 5590; x_wconf 86' lang='lat' dir='ltr'><strong>nobis</strong></span> <span class='ocrx_word' id='word_1_864' title='bbox 1406 5536 1588 5593; x_wconf 88' lang='lat' dir='ltr'><strong>innuit</strong></span> <span class='ocrx_word' id='word_1_865' title='bbox 1637 5548 1691 5592; x_wconf 86' lang='lat' dir='ltr'><strong>et</strong></span> <span class='ocrx_word' id='word_1_866' title='bbox 1720 5537 1984 5607; x_wconf 69' lang='lat' dir='ltr'><strong>pmdicit.</strong></span> 
     </span>
    </p>
   </div>
   <div class='ocr_carea' id='block_1_106' title="bbox 406 5610 1989 5703">
    <p class='ocr_par' dir='ltr' id='par_1_106' title="bbox 406 5610 1989 5703">
     <span class='ocr_line' id='line_1_106' title="bbox 406 5610 1989 5703; baseline 0.009 -35"><span class='ocrx_word' id='word_1_867' title='bbox 406 5610 670 5672; x_wconf 60' lang='lat' dir='ltr'><strong>Ascendit</strong></span> <span class='ocrx_word' id='word_1_868' title='bbox 717 5621 865 5676; x_wconf 89' lang='lat' dir='ltr'><strong>enim</strong></span> <span class='ocrx_word' id='word_1_869' title='bbox 906 5623 960 5676; x_wconf 91' lang='lat' dir='ltr'><strong>in</strong></span> <span class='ocrx_word' id='word_1_870' title='bbox 1011 5623 1184 5679; x_wconf 80' lang='lat' dir='ltr'><strong>forma</strong></span> <span class='ocrx_word' id='word_1_871' title='bbox 1240 5626 1382 5703; x_wconf 70' lang='lat' dir='ltr'><strong>ignis</strong></span> <span class='ocrx_word' id='word_1_872' title='bbox 1432 5628 1676 5684; x_wconf 85' lang='lat' dir='ltr'><strong>omnium</strong></span> <span class='ocrx_word' id='word_1_873' title='bbox 1731 5629 1876 5684; x_wconf 89' lang='lat' dir='ltr'><strong>Deus</strong></span> <span class='ocrx_word' id='word_1_874' title='bbox 1934 5629 1989 5683; x_wconf 80' lang='lat' dir='ltr'><strong>in</strong></span> 
     </span>
    </p>
   </div>
   <div class='ocr_carea' id='block_1_107' title="bbox 2083 4707 3677 4782">
    <p class='ocr_par' dir='ltr' id='par_1_107' title="bbox 2083 4707 3677 4782">
     <span class='ocr_line' id='line_1_107' title="bbox 2083 4707 3677 4782; baseline 0 -18"><span class='ocrx_word' id='word_1_875' title='bbox 2083 4710 2429 4782; x_wconf 82' lang='grc' dir='ltr'>γεννηκότος.</span> <span class='ocrx_word' id='word_1_876' title='bbox 2479 4707 2869 4781; x_wconf 73' lang='grc' dir='ltr'>Ἐμςρανίζεται</span> <span class='ocrx_word' id='word_1_877' title='bbox 2897 4709 2954 4762; x_wconf 76' lang='grc' dir='ltr'>δὲ</span> <span class='ocrx_word' id='word_1_878' title='bbox 2985 4709 3128 4781; x_wconf 78' lang='grc' dir='ltr'>ὑπὲρ</span> <span class='ocrx_word' id='word_1_879' title='bbox 3166 4709 3323 4780; x_wconf 78' lang='grc' dir='ltr'>ἡμῶν</span> <span class='ocrx_word' id='word_1_880' title='bbox 3342 4749 3357 4773; x_wconf 93' lang='grc'><strong>,</strong></span> <span class='ocrx_word' id='word_1_881' title='bbox 3397 4711 3485 4765; x_wconf 84' lang='grc' dir='ltr'>ὅτι</span> <span class='ocrx_word' id='word_1_882' title='bbox 3509 4709 3677 4779; x_wconf 77' lang='grc' dir='ltr'>γέγο-</span> 
     </span>
    </p>
   </div>
   <div class='ocr_carea' id='block_1_108' title="bbox 2084 4801 3675 4876">
    <p class='ocr_par' dir='ltr' id='par_1_108' title="bbox 2084 4801 3675 4876">
     <span class='ocr_line' id='line_1_108' title="bbox 2084 4801 3675 4876; baseline -0.001 -19"><span class='ocrx_word' id='word_1_883' title='bbox 2084 4821 2174 4857; x_wconf 88' lang='grc' dir='ltr'><strong>νεν</strong></span> <span class='ocrx_word' id='word_1_884' title='bbox 2216 4803 2538 4876; x_wconf 80' lang='grc' dir='ltr'>ἄνθρωπος.</span> <span class='ocrx_word' id='word_1_885' title='bbox 2576 4802 2662 4856; x_wconf 79' lang='grc' dir='ltr'>ἵνα</span> <span class='ocrx_word' id='word_1_886' title='bbox 2705 4801 2799 4855; x_wconf 79' lang='grc' dir='ltr'>καὶ</span> <span class='ocrx_word' id='word_1_887' title='bbox 2832 4801 3017 4873; x_wconf 80' lang='grc' dir='ltr'>ἡμεῖς,</span> <span class='ocrx_word' id='word_1_888' title='bbox 3063 4803 3112 4855; x_wconf 84' lang='grc' dir='ltr'><strong>οἰ</strong></span> <span class='ocrx_word' id='word_1_889' title='bbox 3157 4802 3267 4857; x_wconf 86' lang='grc' dir='ltr'><strong>τῶν</strong></span> <span class='ocrx_word' id='word_1_890' title='bbox 3312 4801 3407 4856; x_wconf 84' lang='grc' dir='ltr'><strong>τοῦ</strong></span> <span class='ocrx_word' id='word_1_891' title='bbox 3458 4804 3675 4876; x_wconf 68' lang='grc' dir='ltr'>Πατρός</span> 
     </span>
    </p>
   </div>
   <div class='ocr_carea' id='block_1_109' title="bbox 2083 4891 3677 4968">
    <p class='ocr_par' dir='ltr' id='par_1_109' title="bbox 2083 4891 3677 4968">
     <span class='ocr_line' id='line_1_109' title="bbox 2083 4891 3677 4968; baseline 0 -18"><span class='ocrx_word' id='word_1_892' title='bbox 2083 4895 2349 4967; x_wconf 85' lang='grc' dir='ltr'>ὀμμάτων</span> <span class='ocrx_word' id='word_1_893' title='bbox 2389 4892 2772 4967; x_wconf 73' lang='grc' dir='ltr'>ἐξερριμμένοι</span> <span class='ocrx_word' id='word_1_894' title='bbox 2811 4891 2900 4947; x_wconf 87' lang='grc' dir='ltr'><strong>διά</strong></span> <span class='ocrx_word' id='word_1_895' title='bbox 2936 4909 2996 4945; x_wconf 86' lang='grc' dir='ltr'><strong>τε</strong></span> <span class='ocrx_word' id='word_1_896' title='bbox 3043 4894 3141 4965; x_wconf 78' lang='grc' dir='ltr'>τὴν</span> <span class='ocrx_word' id='word_1_897' title='bbox 3194 4896 3253 4948; x_wconf 71' lang='grc' dir='ltr'>ὲν</span> <span class='ocrx_word' id='word_1_898' title='bbox 3295 4895 3466 4966; x_wconf 75' lang='grc' dir='ltr'>Ἀδὰμ</span> <span class='ocrx_word' id='word_1_899' title='bbox 3496 4897 3677 4968; x_wconf 64' lang='grc' dir='ltr'>παρὰ·</span> 
     </span>
    </p>
   </div>
   <div class='ocr_carea' id='block_1_110' title="bbox 2086 4985 3675 5061">
    <p class='ocr_par' dir='ltr' id='par_1_110' title="bbox 2086 4985 3675 5061">
     <span class='ocr_line' id='line_1_110' title="bbox 2086 4985 3675 5061; baseline 0 -19"><span class='ocrx_word' id='word_1_900' title='bbox 2086 4988 2281 5053; x_wconf 77' lang='grc' dir='ltr'>ϐασιν,</span> <span class='ocrx_word' id='word_1_901' title='bbox 2318 4987 2414 5041; x_wconf 71' lang='grc' dir='ltr'>καὶ</span> <span class='ocrx_word' id='word_1_902' title='bbox 2452 4985 2551 5057; x_wconf 76' lang='grc' dir='ltr'>τὴν</span> <span class='ocrx_word' id='word_1_903' title='bbox 2597 4985 2718 5040; x_wconf 78' lang='grc' dir='ltr'>καθ’</span> <span class='ocrx_word' id='word_1_904' title='bbox 2753 4986 2899 5058; x_wconf 73' lang='grc' dir='ltr'>ἡμᾶς</span> <span class='ocrx_word' id='word_1_905' title='bbox 2927 4988 3341 5058; x_wconf 88' lang='grc' dir='ltr'>τυραννήσασαν</span> <span class='ocrx_word' id='word_1_906' title='bbox 3374 4988 3675 5061; x_wconf 82' lang='grc' dir='ltr'>ἁμαρτίαν,</span> 
     </span>
    </p>
   </div>
   <div class='ocr_carea' id='block_1_111' title="bbox 2087 5076 3677 5150">
    <p class='ocr_par' dir='ltr' id='par_1_111' title="bbox 2087 5076 3677 5150">
     <span class='ocr_line' id='line_1_111' title="bbox 2087 5076 3677 5150; baseline -0.001 -16"><span class='ocrx_word' id='word_1_907' title='bbox 2087 5082 2144 5134; x_wconf 84' lang='grc' dir='ltr'>ὲν</span> <span class='ocrx_word' id='word_1_908' title='bbox 2178 5078 2299 5148; x_wconf 66' lang='grc' dir='ltr'>ὄψει</span> <span class='ocrx_word' id='word_1_909' title='bbox 2331 5077 2618 5149; x_wconf 83' lang='grc' dir='ltr'>γενώμεθα</span> <span class='ocrx_word' id='word_1_910' title='bbox 2664 5077 2828 5134; x_wconf 84' lang='grc' dir='ltr'>πάλιν</span> <span class='ocrx_word' id='word_1_911' title='bbox 2851 5076 3016 5131; x_wconf 79' lang='grc' dir='ltr'>αὐτοῦ</span> <span class='ocrx_word' id='word_1_912' title='bbox 3037 5117 3052 5142; x_wconf 89' lang='grc'><strong>,</strong></span> <span class='ocrx_word' id='word_1_913' title='bbox 3089 5076 3179 5131; x_wconf 84' lang='grc' dir='ltr'><strong>διά</strong></span> <span class='ocrx_word' id='word_1_914' title='bbox 3207 5078 3447 5150; x_wconf 78' lang='grc' dir='ltr'>Χριστοῦ</span> <span class='ocrx_word' id='word_1_915' title='bbox 3477 5095 3536 5132; x_wconf 81' lang='grc' dir='ltr'><strong>τε</strong></span> <span class='ocrx_word' id='word_1_916' title='bbox 3579 5080 3677 5133; x_wconf 76' lang='grc' dir='ltr'><strong>καί</strong></span> 
     </span>
    </p>
   </div>
   <div class='ocr_carea' id='block_1_112' title="bbox 2086 5167 3678 5240">
    <p class='ocr_par' dir='ltr' id='par_1_112' title="bbox 2086 5167 3678 5240">
     <span class='ocr_line' id='line_1_112' title="bbox 2086 5167 3678 5240; baseline 0.001 -17"><span class='ocrx_word' id='word_1_917' title='bbox 2086 5171 2166 5233; x_wconf 82' lang='grc' dir='ltr'><strong>εἰς</strong></span> <span class='ocrx_word' id='word_1_918' title='bbox 2196 5170 2257 5223; x_wconf 85' lang='grc' dir='ltr'>τὸ</span> <span class='ocrx_word' id='word_1_919' title='bbox 2289 5170 2347 5222; x_wconf 81' lang='grc' dir='ltr'>ὲν</span> <span class='ocrx_word' id='word_1_920' title='bbox 2375 5169 2593 5240; x_wconf 82' lang='grc' dir='ltr'>ἀρχαῖς.</span> <span class='ocrx_word' id='word_1_921' title='bbox 2626 5168 2734 5223; x_wconf 87' lang='grc' dir='ltr'><strong>τῶν</strong></span> <span class='ocrx_word' id='word_1_922' title='bbox 2768 5167 2970 5239; x_wconf 78' lang='grc' dir='ltr'>μεταξὺ</span> <span class='ocrx_word' id='word_1_923' title='bbox 3008 5167 3557 5240; x_wconf 78' lang='grc' dir='ltr'>παρεισϐεδηκότων,</span> <span class='ocrx_word' id='word_1_924' title='bbox 3595 5172 3678 5225; x_wconf 77' lang='lat'><strong>0!-</strong></span> 
     </span>
    </p>
   </div>
   <div class='ocr_carea' id='block_1_113' title="bbox 2088 5256 3677 5334">
    <p class='ocr_par' dir='ltr' id='par_1_113' title="bbox 2088 5256 3677 5334">
     <span class='ocr_line' id='line_1_113' title="bbox 2088 5256 3677 5334; baseline 0.001 -19"><span class='ocrx_word' id='word_1_925' title='bbox 2088 5262 2332 5334; x_wconf 81' lang='grc' dir='ltr'>χομένων</span> <span class='ocrx_word' id='word_1_926' title='bbox 2362 5262 2442 5326; x_wconf 88' lang='grc' dir='ltr'><strong>εἰς</strong></span> <span class='ocrx_word' id='word_1_927' title='bbox 2465 5260 2525 5315; x_wconf 70' lang='grc' dir='ltr'>τὸ</span> <span class='ocrx_word' id='word_1_928' title='bbox 2556 5260 2744 5333; x_wconf 83' lang='grc' dir='ltr'>μηδέν.</span> <span class='ocrx_word' id='word_1_929' title='bbox 2774 5259 3107 5332; x_wconf 81' lang='grc' dir='ltr'>Κεκλήμεθα</span> <span class='ocrx_word' id='word_1_930' title='bbox 3130 5256 3222 5317; x_wconf 78' lang='grc' dir='ltr'>οὖν</span> <span class='ocrx_word' id='word_1_931' title='bbox 3249 5261 3313 5333; x_wconf 81' lang='grc' dir='ltr'>δὴ</span> <span class='ocrx_word' id='word_1_932' title='bbox 3337 5263 3396 5316; x_wconf 73' lang='grc' dir='ltr'>ὲν</span> <span class='ocrx_word' id='word_1_933' title='bbox 3427 5263 3677 5334; x_wconf 76' lang='grc' dir='ltr'>Χριστῷ,</span> 
     </span>
    </p>
   </div>
   <div class='ocr_carea' id='block_1_114' title="bbox 2089 5351 3679 5424">
    <p class='ocr_par' dir='ltr' id='par_1_114' title="bbox 2089 5351 3679 5424">
     <span class='ocr_line' id='line_1_114' title="bbox 2089 5351 3679 5424; baseline 0.001 -16"><span class='ocrx_word' id='word_1_934' title='bbox 2089 5354 2184 5408; x_wconf 69' lang='grc' dir='ltr'><strong>καὶ</strong></span> <span class='ocrx_word' id='word_1_935' title='bbox 2213 5355 2292 5418; x_wconf 87' lang='grc' dir='ltr'><strong>εἰς</strong></span> <span class='ocrx_word' id='word_1_936' title='bbox 2318 5354 2418 5423; x_wconf 85' lang='grc' dir='ltr'>τὴν</span> <span class='ocrx_word' id='word_1_937' title='bbox 2447 5353 2559 5408; x_wconf 82' lang='grc' dir='ltr'>ἄνω</span> <span class='ocrx_word' id='word_1_938' title='bbox 2602 5351 2788 5417; x_wconf 85' lang='grc' dir='ltr'>πόλιν,</span> <span class='ocrx_word' id='word_1_939' title='bbox 2819 5352 2913 5406; x_wconf 76' lang='grc' dir='ltr'>καὶ</span> <span class='ocrx_word' id='word_1_940' title='bbox 2939 5352 3039 5424; x_wconf 78' lang='grc' dir='ltr'>τῆς</span> <span class='ocrx_word' id='word_1_941' title='bbox 3080 5353 3228 5424; x_wconf 77' lang='grc' dir='ltr'>παρὰ</span> <span class='ocrx_word' id='word_1_942' title='bbox 3259 5353 3394 5407; x_wconf 85' lang='grc' dir='ltr'>Θεοῦ</span> <span class='ocrx_word' id='word_1_943' title='bbox 3438 5356 3533 5409; x_wconf 77' lang='grc' dir='ltr'><strong>καὶ</strong></span> <span class='ocrx_word' id='word_1_944' title='bbox 3563 5356 3679 5410; x_wconf 83' lang='grc' dir='ltr'>Πα-</span> 
     </span>
    </p>
   </div>
   <div class='ocr_carea' id='block_1_115' title="bbox 2094 5443 3678 5518">
    <p class='ocr_par' dir='ltr' id='par_1_115' title="bbox 2094 5443 3678 5518">
     <span class='ocr_line' id='line_1_115' title="bbox 2094 5443 3678 5518; baseline 0 -18"><span class='ocrx_word' id='word_1_945' title='bbox 2094 5447 2222 5518; x_wconf 70' lang='grc' dir='ltr'>τρδς</span> <span class='ocrx_word' id='word_1_946' title='bbox 2255 5445 2519 5508; x_wconf 79' lang='grc' dir='ltr'>ὲποπτίας</span> <span class='ocrx_word' id='word_1_947' title='bbox 2544 5443 2864 5516; x_wconf 79' lang='grc' dir='ltr'>ἀξιούμεθα,</span> <span class='ocrx_word' id='word_1_948' title='bbox 2898 5443 2992 5497; x_wconf 81' lang='grc' dir='ltr'>καὶ</span> <span class='ocrx_word' id='word_1_949' title='bbox 3020 5443 3090 5496; x_wconf 79' lang='grc' dir='ltr'>δι’</span> <span class='ocrx_word' id='word_1_950' title='bbox 3113 5443 3278 5498; x_wconf 76' lang='grc' dir='ltr'>αὐτοῦ</span> <span class='ocrx_word' id='word_1_951' title='bbox 3313 5444 3404 5499; x_wconf 77' lang='grc' dir='ltr'><strong>καί</strong></span> <span class='ocrx_word' id='word_1_952' title='bbox 3434 5447 3493 5499; x_wconf 75' lang='grc' dir='ltr'>ὲν</span> <span class='ocrx_word' id='word_1_953' title='bbox 3527 5445 3678 5518; x_wconf 82' lang='grc' dir='ltr'>αὐτῷ</span> 
     </span>
    </p>
   </div>
   <div class='ocr_carea' id='block_1_116' title="bbox 2094 5534 3677 5608">
    <p class='ocr_par' dir='ltr' id='par_1_116' title="bbox 2094 5534 3677 5608">
     <span class='ocr_line' id='line_1_116' title="bbox 2094 5534 3677 5608; baseline 0.001 -16"><span class='ocrx_word' id='word_1_954' title='bbox 2094 5537 2453 5608; x_wconf 64' lang='grc' dir='ltr'>δεδιδάγμεθα</span> <span class='ocrx_word' id='word_1_955' title='bbox 2485 5538 2807 5605; x_wconf 84' lang='grc' dir='ltr'>προσκυνεῖν</span> <span class='ocrx_word' id='word_1_956' title='bbox 2839 5534 2931 5589; x_wconf 73' lang='grc' dir='ltr'>τὸν</span> <span class='ocrx_word' id='word_1_957' title='bbox 2973 5534 3080 5588; x_wconf 85' lang='grc' dir='ltr'><strong>τῶν</strong></span> <span class='ocrx_word' id='word_1_958' title='bbox 3113 5534 3249 5590; x_wconf 77' lang='grc' dir='ltr'>ὅλων</span> <span class='ocrx_word' id='word_1_959' title='bbox 3294 5537 3677 5608; x_wconf 76' lang='grc' dir='ltr'>γενεσιουργόν</span> 
     </span>
    </p>
   </div>
   <div class='ocr_carea' id='block_1_117' title="bbox 2097 5623 3675 5697">
    <p class='ocr_par' dir='ltr' id='par_1_117' title="bbox 2097 5623 3675 5697">
     <span class='ocr_line' id='line_1_117' title="bbox 2097 5623 3675 5697; baseline -0.001 -15"><span class='ocrx_word' id='word_1_960' title='bbox 2097 5646 2153 5682; x_wconf 90' lang='grc' dir='ltr'><strong>τε</strong></span> <span class='ocrx_word' id='word_1_961' title='bbox 2179 5630 2269 5684; x_wconf 69' lang='grc' dir='ltr'>καὶ</span> <span class='ocrx_word' id='word_1_962' title='bbox 2300 5627 2516 5697; x_wconf 76' lang='grc' dir='ltr'>Πατέρα</span> <span class='ocrx_word' id='word_1_963' title='bbox 2544 5627 2699 5682; x_wconf 75' lang='grc' dir='ltr'>θεόν.</span> <span class='ocrx_word' id='word_1_964' title='bbox 2726 5623 3104 5696; x_wconf 76' lang='grc' dir='ltr'>Προανεφὼνει</span> <span class='ocrx_word' id='word_1_965' title='bbox 3125 5625 3183 5680; x_wconf 74' lang='grc' dir='ltr'>δὲ</span> <span class='ocrx_word' id='word_1_966' title='bbox 3210 5626 3305 5682; x_wconf 75' lang='grc' dir='ltr'>καὶ</span> <span class='ocrx_word' id='word_1_967' title='bbox 3331 5627 3490 5683; x_wconf 83' lang='grc' dir='ltr'>τοῦτο</span> <span class='ocrx_word' id='word_1_968' title='bbox 3518 5628 3675 5684; x_wconf 80' lang='grc' dir='ltr'>πάλιν</span> 
     </span>
    </p>
   </div>
   <div class='ocr_carea' id='block_1_118' title="bbox 484 5730 3211 5819">
    <p class='ocr_par' dir='ltr' id='par_1_118' title="bbox 484 5730 3211 5819">
     <span class='ocr_line' id='line_1_118' title="bbox 484 5730 3211 5819; baseline 0.007 -33"><span class='ocrx_word' id='word_1_969' title='bbox 484 5731 529 5761; x_wconf 76' lang='grc'><strong>⁸⁷</strong></span> <span class='ocrx_word' id='word_1_970' title='bbox 564 5730 734 5789; x_wconf 72' lang='lat' dir='ltr'><strong>Exod.</strong></span> <span class='ocrx_word' id='word_1_971' title='bbox 762 5753 870 5805; x_wconf 73' lang='lat' dir='ltr'><strong>nx,</strong></span> <span class='ocrx_word' id='word_1_972' title='bbox 896 5738 986 5795; x_wconf 72' lang='lat' dir='ltr'><strong>2L</strong></span> <span class='ocrx_word' id='word_1_973' title='bbox 1064 5740 1109 5773; x_wconf 85' lang='lat'><strong>&quot;&#39;</strong></span> <span class='ocrx_word' id='word_1_974' title='bbox 1137 5742 1304 5799; x_wconf 76' lang='lat' dir='ltr'><strong>Hebr.</strong></span> <span class='ocrx_word' id='word_1_975' title='bbox 1336 5762 1426 5814; x_wconf 76' lang='lat' dir='ltr'><strong>vn,</strong></span> <span class='ocrx_word' id='word_1_976' title='bbox 1465 5746 1544 5801; x_wconf 68' lang='grc' dir='ltr'><strong>ιν.</strong></span> <span class='ocrx_word' id='word_1_977' title='bbox 1628 5747 1671 5778; x_wconf 80' lang='grc'><strong>²⁹</strong></span> <span class='ocrx_word' id='word_1_978' title='bbox 1713 5746 1834 5804; x_wconf 81' lang='lat' dir='ltr'><strong>Act.</strong></span> <span class='ocrx_word' id='word_1_979' title='bbox 1863 5763 1932 5819; x_wconf 79' lang='lat' dir='ltr'><strong>tv,</strong></span> <span class='ocrx_word' id='word_1_980' title='bbox 1972 5746 2052 5802; x_wconf 71' lang='lat' dir='ltr'><strong>I2.</strong></span> <span class='ocrx_word' id='word_1_981' title='bbox 2133 5748 2175 5779; x_wconf 67' lang='grc' dir='ltr'>’θ</span> <span class='ocrx_word' id='word_1_982' title='bbox 2198 5746 2353 5805; x_wconf 81' lang='lat' dir='ltr'><strong>Joan.</strong></span> <span class='ocrx_word' id='word_1_983' title='bbox 2388 5754 2494 5814; x_wconf 75' lang='lat' dir='ltr'><strong>xlv,</strong></span> <span class='ocrx_word' id='word_1_984' title='bbox 2524 5744 2581 5813; x_wconf 69' lang='lat'><strong>2,</strong></span> <span class='ocrx_word' id='word_1_985' title='bbox 2606 5742 2658 5799; x_wconf 74' lang='grc'>5.</span> <span class='ocrx_word' id='word_1_986' title='bbox 2740 5742 2779 5773; x_wconf 78' lang='grc'><strong>³⁸</strong></span> <span class='ocrx_word' id='word_1_987' title='bbox 2815 5740 2979 5798; x_wconf 70' lang='lat' dir='ltr'><strong>Hebr-</strong></span> <span class='ocrx_word' id='word_1_988' title='bbox 3019 5755 3092 5806; x_wconf 70' lang='grc' dir='ltr'><strong>ιι»</strong></span> <span class='ocrx_word' id='word_1_989' title='bbox 3124 5738 3211 5797; x_wconf 56' lang='lat'><strong>9&#39;6-</strong></span> 
     </span>
    </p>
   </div>
  </div>
