4022 6198
368 113 482 175 815

1385 108 1904 171 GLAPIIYRORUM
1944 109 2010 164 IN
2052 102 2337 166 EXODL’M
2378 110 2506 166 LIB.
2549 111 2633 166 III.

3531 113 3636 171 5η

372 225 505 296 ἡμῖν
535 223 565 277 ὁ
603 220 765 293 νόμος
811 220 1245 291 αἰνιγματωδῶς.
1294 220 1686 291 Καταϐέϐηκεν
1726 221 1825 294 μὲν
1856 223 1965 293 γὰρ

2072 235 2317 278 montem
2354 222 2528 288 Sinai,
2560 223 2823 278 Israclitis
2850 224 3099 311 tradens.
3095 238 3160 278 ea
3179 239 3276 295 per
3297 241 3417 295 qua:
3440 228 3505 282 ad
3522 230 3639 283 ori-

374 315 432 371 ἑν
451 315 581 369 εῖδει
609 314 782 384 πυρὸς
806 314 835 366 ὁ
862 312 971 365 τῶν
1002 313 1137 366 ὅλων
1164 312 1297 377 Θεὸς
1331 314 1422 367 ἐπὶ
1447 312 1506 366 τὸ
1536 314 1662 384 ὅρος
1699 313 1760 366 τὸ
1795 314 1926 367 Σινᾶ
1944 331 1958 345 ⁸

374 404 784 477 θεσμοθετήσας
816 403 873 457 δὲ
907 405 1021 469 τοῖς
1045 403 1105 469 ἐξ
1149 405 1367 476 Ἰσραὴλ
1400 403 1469 458 τά
1504 405 1572 459 δι’
1603 398 1679 458 ὧν
1720 401 1787 476 ἦν
1818 403 1963 469 εἰκὸς

373 498 456 562 είς
486 496 661 567 ἀρχὰς
693 494 830 549 ἰέναι
862 493 1231 565 δικαιοσύνης.
1268 495 1602 567 Προεισϐολὴ
1633 496 1739 568 γὰρ
1773 495 1961 567 ὥσπερ

371 591 402 642 ό
448 588 615 659 νόμος
655 587 766 641 τῶν
798 587 1184 658 τελειοτέρων,
1224 588 1463 659 στοιχεῖὰ
1495 605 1555 642 τε
1584 588 1679 642 καὶ
1727 587 1963 658 προαγό-

376 695 562 749 ρευσις
597 679 709 731 τῶν
740 676 828 730 διά
871 676 1110 747 Χριστοῦ
1145 677 1550 746 παιδευμάτων.
1602 679 1710 731 Kal
1751 679 1922 749 Μωσῇ
1944 719 1960 745 ,

375 769 575 840 φησὶν,
609 765 791 822 εἶπενο
843 786 863 819 ι
924 766 1184 838 Ἀνάϐηθι
1227 767 1365 839 πρὸς
1413 767 1504 822 τὸν
1547 768 1713 832 Θεὸν,
1764 770 1828 823 σὺ
1868 768 1963 822 καὶ

389 858 599 932 Ἀαρὼν
618 901 633 926 ,
671 860 766 914 καὶ
798 857 989 913 Ναδάϐ
1009 901 1024 925 ,
1055 859 1150 913 καὶ
1189 858 1402 914 Ἀϐιοὺδ
1430 900 1444 924 ,
1471 860 1568 915 καὶ
1593 860 1963 932 ἑϐδομήκοντα

374 952 485 1005 τῶν
513 950 902 1024 πρεσϐυτέρων
950 950 1201 1023 Ἰσραὴλ,
1246 952 1343 1006 καὶ
1369 954 1811 1025 προσκυνήσουσι
1852 969 1961 1023 μα-

375 1045 571 1117 κρόθεν
616 1043 694 1115 τῷ
748 1044 960 1115 Κυρίῳ.
1012 1043 1123 1097 Kal
1168 1044 1345 1112 ὲγγιεῖ
1378 1044 1586 1115 Μωσῆς
1633 1044 1793 1115 μόνος
1826 1043 1963 1114 πρὸς

375 1137 466 1190 τὸν
494 1135 648 1190 Θεόν.
679 1133 843 1188 Αὐτοὶ
868 1132 925 1187 δὲ
957 1134 1058 1188 οὐκ
1092 1133 1391 1203 ὲγγιοῦσιν.
1423 1135 1481 1187 ’0
1509 1134 1566 1188 δὲ
1587 1134 1715 1199 λαὸς
1743 1135 1804 1189 οὐ
1835 1151 1962 1188 συν-

377 1229 709 1300 αναϐήσεται
763 1226 883 1298 μετ’
920 1226 1121 1281 αὐτῶν.
1160 1245 1179 1278 ι
1231 1225 1667 1296 Ἀπηγγελκότος
1702 1226 1759 1280 δὲ
1792 1223 1964 1279 ταῦτα

376 1321 472 1376 τοῦ
515 1320 792 1391 πανσόφου
836 1319 1112 1384 Μωσέως,
1161 1319 1439 1389 ἀπεκρίθη
1489 1320 1597 1381 πᾶς
1635 1317 1764 1382 λαὸς
1809 1319 1962 1389 φωνῇ

378 1412 590 1485 μεγάλῃ
617 1412 866 1479 λέγοντες
885 1426 898 1440 ·
935 1429 955 1463 ι
984 1410 1200 1473 Πάντας
1230 1412 1356 1475 τοὺς
1381 1409 1573 1479 λόγους
1613 1408 1707 1474 οὓς
1733 1409 1961 1481 ὲλάλησε

377 1503 604 1575 Κύριος,
642 1503 965 1574 ποιήσομεν,
998 1501 1093 1555 καὶ
1119 1500 1488 1571 ἀκουσόμεθα.
1531 1519 1549 1552 ι
1584 1499 1699 1555 Kal
1736 1499 1790 1553 τί
1824 1498 1964 1572 μετά

2064 317 2301 388 ginalem
2323 316 2594 387 justitiam
2635 316 2971 372 contendere
3015 332 3115 388 par
3148 327 3285 372 erat.
3332 316 3444 373 Lex
3490 321 3640 376 enim

2063 408 2236 464 veluti
2264 408 2513 478 quaedam
2544 409 2871 479 praegressio
2920 419 3005 465 est
3049 408 3464 480 perfectiorum,
3494 412 3643 466 rudi-

2064 511 2359 572 mentaque
2421 512 2478 557 et
2532 503 2822 572 praedictio
2885 505 3153 560 doctrinae
3217 505 3443 563 Christi.
3506 505 3642 561 Mosi

2062 595 2210 649 enim
2234 594 2411 650 dixit:
2448 614 2465 645 ι
2490 594 2740 650 Aseende
2768 595 2837 650 ad
2874 596 3190 662 Dominum,
3233 604 3291 650 tu
3329 603 3386 650 et
3436 596 3641 662 Aaron,

2062 694 2119 740 et
2140 685 2350 751 Nadab,
2398 693 2455 739 et
2481 684 2690 749 Abiud,
2742 693 2797 738 et
2821 686 3172 757 septuaginta
3213 686 3281 741 de
3330 686 3647 742 senioribus

2062 776 2231 832 Israel
2263 794 2276 830 :
2317 786 2374 831 et
2393 775 2706 831 adorabunt
2735 776 2957 831 eminus
2990 775 3307 831 Dominum.
3347 776 3415 830 Et
3440 791 3645 846 appro-

2062 868 2355 940 pinquabit
2398 869 2551 924 solus
2588 868 2768 924 Moses
2811 867 2882 924 ad
2929 868 3126 924 Deum.
3162 868 3270 939 Ipsi
3302 876 3487 923 autem
3533 884 3645 922 non

2063 961 2612 1032 appropinquabunt.
2644 960 2714 1017 At
2741 960 2979 1031 populus
3008 975 3121 1016 non
3171 960 3334 1015 simul
3388 961 3648 1016 ascendet

2062 1064 2190 1104 cum
2219 1050 2322 1105 eis.
2352 1070 2371 1101 ι
2412 1051 2685 1105 Narrante
2709 1066 2846 1107 vero
2866 1051 2982 1106 haec
3007 1048 3416 1121 sapientissimo
3440 1049 3645 1121 Moyse,

2063 1141 2352 1211 respondit
2402 1143 2584 1197 omnis
2641 1143 2882 1213 populus
2935 1157 3071 1198 voce
3130 1158 3359 1213 magna,
3409 1142 3645 1197 dicens:

2072 1250 2090 1283 ι
2112 1230 2317 1287 Omnes
2338 1247 2623 1288 sermones
2669 1249 2810 1305 quos
2858 1234 3076 1289 locutus
3110 1241 3196 1289 est
3248 1233 3534 1299 Dominus,
3564 1233 3644 1287 fa-

2063 1323 2273 1379 ciemus
2295 1331 2353 1378 et
2383 1323 2692 1381 audiemus.
2720 1346 2737 1379 ι
2778 1325 2886 1382 Sed
2920 1326 3053 1396 quid
3086 1327 3308 1396 postea?
3340 1346 3357 1378 ι
3381 1327 3634 1398 Scripsit,

2063 1416 2265 1487 inquit,
2307 1417 2483 1473 Moses
2518 1420 2701 1474 omnia
2734 1420 2924 1475 verba.
2957 1419 3201 1490 Surgens
3237 1433 3423 1477 autem
3464 1421 3639 1476 aedili-

2064 1503 2212 1559 cavit
2230 1504 2403 1561 altare
2443 1506 2547 1561 sub
2569 1517 2780 1574 monte,
2804 1516 2860 1562 et
2882 1507 3174 1563 duodecim
3194 1510 3404 1580 lapides
3431 1511 3486 1564 in
3510 1511 3646 1566 duo-

375 1595 570 1661 τοῦτο;
603 1595 715 1650 Kal
750 1594 980 1665 ἔγραψε,
1012 1594 1167 1665 φησι,
1203 1593 1410 1663 Μωσῆς
1439 1591 1618 1646 πάντα
1639 1591 1710 1645 τὰ
1739 1592 1962 1663 ῥήματα

2072 1593 2248 1650 decim
2298 1596 2480 1651 tribus
2534 1597 2727 1654 Israel.
2790 1598 2859 1653 Et
2913 1599 3065 1655 misit
3122 1601 3356 1671 juvenes
3408 1600 3645 1657 ﬁliorum

377 1687 609 1760 Κυρίου.
660 1685 952 1758 Ὀρθρίσας
995 1685 1051 1738 δὲ
1082 1685 1287 1757 Μωσῆς
1320 1684 1382 1739 τὸ
1420 1682 1588 1755 πρωῒ,
1641 1683 1963 1755 ᾠκοδόμησε

378 1777 763 1850 θυσιαστήριον
796 1778 890 1831 ἐπὶ
908 1777 968 1830 τὸ
996 1777 1151 1849 ὅρος,
1186 1778 1279 1831 καὶ⁸
1313 1775 1520 1831 δώδεκα
1553 1774 1732 1839 λίθους
1765 1776 1844 1839 είς
1867 1775 1966 1838 τὰς

377 1870 584 1924 δώδεκα
625 1868 799 1939 φυλὰς
836 1868 931 1923 τοῦ
980 1868 1219 1940 Ἰσραήλ.
1281 1870 1391 1922 Kal
1435 1866 1786 1935 ἐξαπέστειλε
1838 1866 1966 1930 τοὺς

378 1966 696 2033 νεανίσκους
717 1962 824 2017 τῶν
847 1962 982 2018 υίῶν
1018 1961 1238 2035 Ἰσραὴλ
1256 2000 1269 2025 ,
1294 1961 1390 2016 καὶ
1415 1962 1722 2032 ἀνήνεγκαν
1742 1959 1967 2014 ὁλοκαυ-

375 2058 636 2128 τώματα,
691 2056 787 2111 καὶ
835 2050 1036 2109 ἔθυσαν
1093 2054 1282 2108 θυσίαν
1329 2054 1598 2126 σωτηρίου
1651 2051 1842 2123 Κυρίῳ
1887 2050 1966 2122 τῷ

378 2149 516 2221 Θεῷ,
544 2148 836 2221 μοσχάρια.
861 2145 1058 2201 Λαϐὼν
1083 2145 1139 2199 δὲ
1167 2145 1375 2215 Μωσῆς
1399 2146 1459 2199 τὸ
1478 2148 1649 2217 ἣμισυ
1673 2144 1767 2199 τοῦ
1797 2145 1965 2216 αἵμα-

377 2257 469 2303 τος
501 2238 716 2309 ἐνέχεεν
757 2238 838 2301 είς
868 2237 961 2290 τὸν
991 2234 1242 2307 κρατῆρα
1260 2248 1274 2263 ·
1302 2234 1364 2288 τὸ
1390 2235 1445 2289 δὲ
1473 2236 1646 2306 ἣμισυ
1674 2235 1770 2289 τοῦ
1801 2236 1968 2306 αἷμα-

377 2348 468 2395 τος
501 2330 765 2402 προσέχεε
811 2329 948 2401 πρὸς
992 2329 1056 2382 τὸ
1090 2328 1493 2400 θυσιαστήριον.
1538 2328 1650 2381 Kal
1681 2326 1860 2381 λαϐὼν
1906 2327 1967 2380 τὸ

381 2422 586 2494 βιϐλίον
613 2423 713 2493 τῆς
737 2422 1026 2493 διαθήκης,
1065 2421 1277 2489 ἀνέγνω
1297 2421 1377 2484 είς
1417 2420 1486 2473 τὰ
1519 2415 1635 2473 ὦτα
1667 2417 1763 2472 τοῦ
1790 2417 1922 2471 λαοῦ
1949 2432 1965 2447 ·

379 2515 473 2569 καὶ
516 2510 714 2569 εἶπαν·
756 2513 940 2568 Πάντα
985 2514 1086 2567 ὅσα
1122 2512 1386 2583 ἐλάλησεν
1424 2513 1452 2566 ό
1490 2511 1696 2583 Κύριος
1742 2510 1967 2581 ποιήσοο

382 2623 482 2677 μεν
514 2606 610 2660 καὶ
642 2604 1014 2676 ἀκουσόμεθα.
1049 2604 1245 2658 Λαϐὼν
1271 2604 1328 2658 δὲ
1362 2603 1568 2675 Μωσῆς
1605 2603 1665 2657 τὸ
1699 2597 1838 2673 αἷμα
1866 2619 1967 2655 κα-

378 2698 709 2753 τεσκέδασεν
752 2698 847 2752 τοῦ
881 2698 1034 2763 λαοῦ,
1069 2697 1163 2752 καὶ
1191 2691 1376 2751 εἶπεν
1420 2696 1548 2751 Ἰδοὺ
1592 2696 1653 2750 τὸ
1702 2690 1842 2766 αἷμα
1870 2695 1968 2766 τῆς

379 2789 674 2861 διαθήκης,
703 2785 772 2863 ἧς
794 2788 1000 2842 διέθετο
1021 2788 1228 2861 Κύριος
1256 2788 1394 2861 πρὸς
1415 2788 1561 2860 ὑμᾶς
1589 2788 1720 2859 περὶ
1751 2787 1969 2841 πάντων

378 2884 487 2937 τῶν
507 2883 686 2953 λόγων
713 2882 938 2937 τοὺτων.
989 2881 1514 2954 Ἐκπεπερασμένης
1543 2881 1600 2935 δὲ
1622 2880 1720 2950 τῆς
1755 2877 1966 2943 θυσίας,
1996 2918 2039 2977 C

379 2975 475 3028 καὶ
499 2973 907 3045 κατερῤαμένοσ)
936 2974 1134 3037 παντὸς
1160 2972 1254 3026 τοῦ
1278 2971 1408 3028 λαοῦ
1447 2972 1527 3044 τῷ
1564 2972 1664 3042 τῆς
1701 2969 1966 3043 διαθήκης

378 3067 595 3138 αῖματι,
626 3064 793 3137 ἀνέϐη
835 3065 911 3130 δὲ,
948 3065 1135 3135 φησὶν,
1170 3067 1213 3119 ὁ
1236 3064 1441 3135 Μωσῆς
1474 3063 1568 3117 καὶ
1610 3061 1842 3134 Ἀαρὼν,
1874 3062 1967 3115 καί⁸

380 3157 596 3223 Ναὸἀϐ,
623 3158 718 3211 καὶ
759 3157 972 3211 ’Δϐιοὺδ
994 3196 1010 3222 ,
1039 3157 1136 3212 καὶ
1160 3156 1531 3229 ἑϐδομήκοντα
1557 3155 1655 3226 τῆς
1678 3153 1968 3227 γερουσίας

380 3248 476 3304 τοῦ
513 3248 643 3302 λαοῦ
688 3247 935 3320 Ἰσραὴλ,
967 3249 1063 3303 καὶ
1099 3243 1236 3302 εἶδον
1260 3247 1352 3301 τὸν
1382 3246 1546 3300 τόπον
1575 3237 1637 3299 οὗ
1664 3244 1905 3315 είστήκει
1939 3244 1969 3297 ὁ

380 3342 515 3407 Θεδς
538 3341 633 3396 τοῦ
671 3340 886 3413 Ἰσραὴλ
902 3381 918 3407 ,
946 3340 1044 3395 καὶ
1065 3340 1134 3395 τά
1151 3338 1256 3393 ὑπὸ
1279 3339 1407 3403 τοὺς
1429 3337 1595 3401 πόδας
1615 3336 1780 3391 αὑτοῦ
1796 3377 1811 3403 ,
1835 3334 1969 3389 ὡσεὶ

380 3435 545 3508 ἔργον
576 3433 797 3488 πλίνθου
838 3433 1164 3504 σαπφείρου,
1195 3431 1292 3486 καὶ
1321 3430 1510 3503 ὥσπερ
1556 3420 1692 3491 εἶδος
1737 3425 1969 3499 στερεώ-

386 3543 558 3598 ματος
572 3524 667 3580 τοῦ
690 3526 749 3579 οὗ
759 3523 919 3598 ρανοῦ
940 3528 1007 3597 τῇ
1032 3523 1384 3594 καθαρότητι.
1409 3523 1520 3576 Kal
1538 3520 1645 3575 τῶν
1668 3519 1969 3574 ἐπιλέκτων

383 3618 480 3672 τοῦ
518 3618 737 3688 Ἰσραὴλ
761 3620 820 3672 οὐ
852 3616 1186 3687 διεφώνησεν
1211 3615 1331 3670 οὐδὲ
1357 3608 1457 3679 εἷς.
1488 3613 1597 3668 Kal
1625 3611 1886 3684 ὤφθησαν
1912 3610 1969 3663 ὲν

383 3710 462 3783 τῷ
488 3711 643 3782 τόπῳ
669 3709 764 3764 τοῦ
792 3709 928 3763 Θεοῦ
949 3749 963 3774 ,
992 3710 1087 3764 καὶ
1106 3708 1309 3778 ἔφαγον
1348 3708 1443 3763 καὶ
1470 3706 1645 3762 ἔπιον.
1678 3723 1697 3758 ι
1729 3704 1867 3777 Φέρε
1902 3703 1969 3774 δὴ

385 3800 504 3865 οὖν,
529 3805 664 3874 φέρε
703 3802 789 3872 ἐφ’
826 3802 1043 3873 ἑκάστῳ
1071 3800 1181 3854 τῶν
1213 3796 1642 3868 ἀνεγνωσμένων
1678 3795 1748 3849 τά
1782 3794 1970 3853 εἰκότα

387 3897 658 3966 λέγωμεν,
684 3895 901 3966 καὶτῆς
920 3893 1031 3947 τῶν
1051 3891 1424 3965 προκειμένων
1447 3888 1655 3952 ἑννοίας
1679 3887 1970 3962 ἀρχόμενοι

389 3988 511 4044 κατ’
528 3988 691 4055 εὐθὺ,
718 3988 786 4042 τὰ
812 3989 894 4053 είς
920 3987 1067 4059 ἡμᾶς
1089 3984 1351 4055 γεγονότα
1386 3980 1538 4052 παρά
1565 3979 1822 4052 Χριστοῦ.
1858 3980 1973 4033 Κα-

389 4081 567 4152 θάπερ
597 4082 655 4133 ἐν
703 4079 891 4134 πίνακι
934 4076 1438 4148 καταγεγραμμένα
1473 4072 1758 4145 βλέπωμεν
1804 4072 1860 4123 ἐν
1904 4072 1971 4141 τῇ

390 4171 735 4242 θεοπνεύστῳ
774 4170 999 4242 Γραφῇ,
1028 4169 1124 4224 καὶ
1156 4169 1252 4240 τὴν
1291 4167 1404 4223 ἀνω
1439 4182 1501 4220 τε
1539 4166 1631 4219 καὶ
1661 4165 1717 4218 ὲν
1743 4167 1854 4228 τοῖς
1884 4163 1974 4217 οὐ·

2067 1685 2257 1752 lsrael,
2288 1694 2345 1742 et
2367 1687 2691 1744 obtulerunt
2712 1690 3055 1757 holocausta,
3103 1701 3161 1746 et
3198 1691 3650 1747 sacriﬁcaverunt

2066 1777 2344 1833 victimam
2415 1780 2609 1837 salutis
2655 1764 2889 1837 Domino
2934 1782 3069 1848 Deo,
3113 1783 3338 1838 vitulos.
3359 1783 3651 1855 Accipiens

2066 1877 2252 1926 autem
2291 1870 2470 1927 Moses
2516 1871 2808 1928 dimidium
2858 1874 3142 1944 sanguinis
3192 1874 3398 1929 infudit
3432 1875 3489 1929 in
3525 1890 3650 1928 cra-

2067 1971 2263 2028 terem,
2294 1971 2351 2018 et
2382 1962 2677 2019 dimidium
2717 1965 3001 2035 sanguinis
3034 1981 3203 2035 super
3229 1967 3419 2021 altare.
3463 1964 3532 2020 Et
3556 1982 3652 2021 ac-

2067 2052 2280 2124 cipiens
2300 2054 2505 2109 librum
2543 2055 2902 2121 Testamenti,
2956 2056 3089 2128 legit
3116 2057 3175 2111 in
3206 2073 3370 2112 aures
3432 2057 3650 2127 populi,

2068 2145 2163 2216 qui
2191 2145 2362 2201 dixit:
2388 2144 2585 2202 Omnia
2608 2162 2731 2217 qua:
2780 2147 3003 2203 locutus
3047 2157 3132 2203 est
3175 2148 3443 2205 Dominus
3483 2148 3652 2205 facie-

2068 2251 2215 2303 mus,
2251 2245 2308 2292 et
2362 2237 2689 2293 obediemus
2743 2238 2817 2292 ei.
2879 2238 3173 2309 Accipiens
3230 2248 3419 2295 autem
3477 2240 3655 2296 Moses

2069 2328 2393 2400 sanguinem
2434 2328 2673 2398 aspersit
2710 2331 3000 2400 populum,
3029 2338 3084 2386 et
3132 2331 3310 2385 dixit:
3346 2332 3486 2387 Ecce
3523 2347 3654 2386 san-

2069 2420 2193 2491 guis
2224 2419 2452 2477 hederis
2473 2420 2621 2491 quod
2661 2420 2938 2492 disposuit
2963 2422 3232 2478 Dominus
3256 2423 3542 2479 vobiscum
3583 2424 3653 2478 de

2070 2512 2331 2568 omnibus
2392 2513 2743 2568 sermonibus
2818 2515 2961 2570 istis.
3023 2514 3254 2570 Peracto
3309 2516 3422 2585 jam
3480 2516 3654 2571 sacri-

2070 2604 2219 2671 ﬁcio,
2244 2613 2300 2660 et
2324 2619 2551 2674 asperso
2571 2607 2837 2676 sanguine
2874 2606 3103 2661 foederis
3122 2607 3342 2677 populo
3369 2606 3651 2667 universo,

2070 2693 2446 2749 ascenderunt
2470 2694 2686 2766 Moyses
2718 2706 2775 2751 et
2801 2697 3006 2760 Aaron,
3032 2696 3225 2751 Nadab
3257 2706 3314 2751 et
3364 2695 3569 2760 Abiud,
3598 2706 3656 2749 et

2071 2786 2417 2857 septuaginta
2438 2785 2686 2842 seniores
2706 2788 2895 2858 populi
2919 2788 3209 2843 Israelitici
3231 2807 3244 2842 :
3280 2787 3653 2856 videruntque

2072 2878 2255 2934 locum
2278 2880 2332 2933 in
2361 2895 2471 2949 quo
2505 2889 2734 2937 steterat
2757 2883 2905 2938 Deus
2928 2882 3117 2946 Israel,
3155 2888 3212 2937 et
3250 2896 3373 2951 quae
3423 2880 3527 2937 sub
3553 2896 3652 2951 pe-

2073 2969 2238 3025 dibus
2260 2971 2381 3042 ejus
2400 2970 2639 3036 fuerant,
2669 2982 2931 3043 tanquam
2973 2988 3114 3042 opus
3152 2972 3354 3043 lapidis
3383 2971 3653 3042 sapphiri,

2072 3073 2130 3120 et
2160 3065 2306 3120 sicut
2325 3065 2542 3136 species
2584 3063 2918 3120 ﬁrmamenti
2968 3066 3119 3131 caeli,
3169 3079 3294 3121 cum
3328 3062 3530 3120 sudum
3569 3073 3658 3119 est

2073 3171 2138 3212 ac
2161 3170 2442 3213 serenum.
2487 3157 2556 3212 Et
2585 3156 2654 3212 de
2677 3156 2871 3213 electis
2912 3157 3078 3213 Israel
3125 3171 3196 3212 ne
3250 3172 3396 3212 unus
3432 3155 3657 3226 quidem

2074 3247 2366 3305 dissonuit.
2401 3249 2473 3304 Et
2497 3258 2878 3320 apparuerunt
2899 3250 2956 3304 in
2993 3250 3116 3306 loco
3142 3249 3262 3315 Dei,
3312 3248 3659 3319 ederuntque

2074 3358 2139 3398 ac
2160 3341 2424 3398 biberunt
2453 3342 2497 3375 ³³
2518 3362 2564 3398 ι.
2597 3343 2710 3415 Age
2732 3344 2941 3414 itaque,
2971 3358 3092 3414 age,
3122 3343 3189 3398 de
3216 3341 3449 3412 singulis
3466 3356 3658 3398 eorum

2074 3448 2197 3504 qua:
2218 3433 2475 3506 legimus,
2500 3449 2623 3505 quae
2676 3436 2913 3491 maxime
2973 3435 3234 3490 convenit
3279 3432 3573 3501 'dicamus;
3605 3446 3663 3491 et

2074 3525 2486 3596 quamprimum
2514 3524 2583 3581 de
2606 3526 2693 3590 iis,
2723 3541 2845 3596 quae
2868 3524 2936 3581 de
2981 3524 3265 3597 proposita
3290 3526 3524 3581 materia
3569 3540 3664 3582 co-

2076 3612 2395 3689 gitavimus,
2433 3619 2804 3689 auspicantes,
2840 3633 2905 3673 ea
2930 3633 3053 3687 qua:
3074 3618 3226 3674 circa
3265 3633 3371 3674 nos
3407 3617 3663 3675 Christus

2077 3709 2296 3779 operari
2324 3709 2581 3781 dignatus
2595 3717 2698 3764 est.
2724 3709 2886 3780 327
2917 3707 3101 3764 Veluti
3127 3708 3185 3763 in
3208 3709 3394 3799 tabula
3424 3710 3662 3779 quadam

2077 3799 2360 3871 descripta
2388 3801 2743 3871 speculemur
2794 3800 2847 3853 in
2883 3798 3151 3854 divinitus
3192 3798 3462 3870 inspirata
3509 3800 3662 3856 Scri—

2078 3900 2273 3971 plura,
2294 3906 2419 3946 cum
2455 3905 2575 3945 eam
2598 3906 2719 3960 qua:
2748 3905 2973 3945 sursum
3004 3899 3090 3944 est
3123 3904 3189 3944 ac
3237 3890 3521 3946 cmicstem
3555 3891 3662 3946 Ec-

2079 3981 2323 4046 clesiam,
2353 3997 2450 4037 seu
2476 3981 2676 4037 coelum
2712 3982 2892 4052 ipsum
2914 4022 2929 4043 ,
2968 3996 3203 4052 eamque
3226 3998 3348 4053 quae
3380 3982 3437 4038 in
3469 3984 3661 4048 terris,

2080 4074 2211 4145 quia
2236 4073 2536 4129 assimilata
2560 4082 2644 4129 est
2689 4073 2926 4139 caelesti,
2965 4084 3080 4128 tum
3119 4074 3318 4130 collem
3362 4075 3662 4138 nominari.

2083 4174 2199 4222 tum
2227 4172 2506 4221 montem:
2542 4164 2690 4236 quod
2712 4174 2769 4220 et
2803 4165 3025 4220 exaltati
3075 4165 3207 4231 sint,
3250 4175 3416 4236 atque
3462 4167 3521 4222 in
3546 4168 3665 4223 vir-

392 4267 575 4337 ρανοῖς
616 4261 972 4332 Ἐκκλησίαν,
1001 4261 1121 4332 ἦτοι
1151 4259 1243 4313 τὸν
1275 4257 1504 4329 οὐρανὸν
1523 4299 1538 4322 ,
1569 4256 1667 4309 καὶ
1710 4252 1880 4325 αὐτὴν
1915 4252 1970 4305 δὲ

2084 4266 2257 4314 tutem
2280 4258 2656 4315 extumuerint
2683 4267 3093 4314 commorantcs
3123 4258 3181 4313 in
3205 4257 3335 4313 illis.
3361 4259 3483 4314 Non
3512 4260 3666 4315 enim

390 4357 491 4423 τὴν
515 4357 609 4409 ἐπὶ
630 4353 731 4421 τῆς
753 4354 856 4424 γῆς
879 4351 1003 4408 καθ’
1025 4350 1319 4423 ὁμοιότητα
1342 4350 1440 4421 τῆς
1462 4348 1575 4404 ἄνω
1593 4388 1609 4413 ,
1640 4346 1735 4401 καὶ
1762 4345 1971 4417 βουνὸν,

394 4448 491 4502 καὶ
516 4447 644 4521 ὅρος
684 4444 1019 4509 ἀποκαλεῖν,
1061 4443 1233 4498 eam
1272 4441 1336 4497 τὸ
1368 4440 1677 4514 ἐπῃρμένον
1715 4438 1809 4494 καὶ
1853 4439 1981 4519 ἀνεέ

397 4540 594 4611 στηκὺς
619 4542 700 4604 είς
726 4539 826 4609 τὴν
853 4535 1057 4611 ἀρετὴν
1087 4534 1198 4591 τῶν
1231 4534 1632 4590 κατοικούντων
1676 4535 1734 4587 ὲν
1759 4532 1973 4595 αὑταῖς.

395 4634 470 4688 Οὐ
492 4632 604 4704 γάρ
625 4633 744 4685 ἐστι
772 4628 1050 4703 χθαμαλὸς
1073 4627 1194 4684 οὐδὲ
1217 4626 1657 4699 κατερριμμένος
1676 4623 1786 4678 τῶν
1807 4623 1979 4692 ἁγίων

393 4723 423 4777 ὁ
443 4720 596 4786 νοῦς*
627 4720 765 4776 ἀλλὰ
787 4720 1136 4791 φρονήματος
1170 4719 1268 4791 μὲν
1298 4716 1666 4789 ὑπερφέρεται
1710 4714 1806 4769 τοῦ
1836 4731 1977 4783 γεω-

393 4815 677 4888 δεστέρου,
726 4814 822 4869 καὶ
875 4811 1158 4886 σαρκικῶν
1203 4807 1529 4882 ἐπιθυμιῶν.
1590 4805 1760 4877 ’Υψοῦ
1807 4795 1864 4860 ’δὲ
1913 4806 1977 4878 δὴ

398 4907 597 4979 μᾶλλον
621 4905 926 4976 ἀναφοιτᾷ·
959 4902 1058 4959 καὶ
1086 4902 1231 4958 ἔστιν
1254 4901 1453 4973 ἀληθὲς
1479 4901 1539 4955 τδ
1560 4900 1649 4956 διὰ
1677 4900 1860 4970 φωνῆς
1882 4897 1978 4954 τοῦ

395 4999 560 5053 Δαϐίδ
573 5015 588 5028 ⁸
614 5018 634 5051 ι
662 4999 784 5052 Ὅτι
803 4999 853 5050 οί
871 4996 984 5050 θεοὶ
1002 4996 1052 5049 οί
1084 4994 1338 5067 κραταιοὶ
1356 4994 1457 5064 τῆς
1474 4992 1579 5063 γῆς
1597 4993 1803 5064 σφόδρα
1817 4991 1981 5063 ἐπῄρ-

397 5091 588 5162 θησαν.
632 5110 653 5144 ι
689 5089 814 5143 Ὅτι
841 5088 898 5143 δὲ
923 5090 1033 5151 τοῖς
1062 5080 1162 5140 ὧδε
1187 5085 1335 5158 βιοῦν
1355 5086 1668 5158 ᾑρημένοις,
1701 5084 1798 5139 καὶ
1824 5086 1901 5148 εἰς
1921 5082 1982 5137 τὸ

2081 4348 2311 4404 humilis
2341 4357 2445 4413 est,
2473 4363 2653 4418 neque
2675 4348 2939 4417 depressa
2996 4355 3313 4402 sanctorum
3356 4363 3536 4414 mens,
3567 4351 3665 4405 sed

2081 4438 2391 4510 prudentia:
2417 4438 2795 4509 supereminet
2829 4438 3079 4493 terrestri
3112 4437 3313 4503 cuivis,
3344 4447 3513 4509 atque
3537 4455 3664 4495 car-

2083 4530 2305 4588 nalibus
2326 4529 2637 4587 desideriis.
2679 4529 2911 4585 Sursum
2943 4529 3095 4585 enim
3124 4529 3300 4601 magis
3337 4530 3516 4586 tendit
3535 4548 3552 4598 ;
3574 4546 3668 4586 ve-

2084 4640 2318 4697 rumque
2357 4632 2443 4681 est
2472 4623 2605 4679 illud
2634 4623 2885 4679 Davidis:
2917 4642 2936 4676 ι
2958 4623 3045 4679 Dii
3094 4624 3264 4682 fortes
3302 4634 3462 4683 terra:
3493 4626 3667 4682 vehe-

2086 4727 2304 4777 menter
2327 4717 2529 4775 elevati
2580 4726 2711 4772 sunt
2735 4716 2798 4769 ³³.
2827 4735 2846 4768 ι
2872 4714 3030 4783 Quod
3078 4732 3212 4773 vero
3243 4718 3341 4788 qui
3368 4719 3446 4782 ita
3476 4719 3665 4773 vivere

2082 4813 2374 4884 elegerint,
2395 4821 2453 4867 et
2487 4810 2554 4865 ad
2586 4818 2791 4865 tantam
2816 4810 3079 4868 virtutem
3120 4810 3493 4876 ascenderint,
3519 4810 3671 4866 solos

2082 4911 2338 4975 oporteat
2358 4902 2415 4957 in
2433 4902 2648 4957 caelesti
2681 4900 2807 4957 aula
2860 4901 3213 4966 commorari,
3268 4899 3414 4956 idem
3456 4900 3672 4957 Psaltes

2084 5010 2306 5052 rursum
2338 4993 2638 5067 perSuadet
2661 4994 2814 5051 hisce
2851 4994 3040 5049 verbis
3068 5010 3081 5047 :
3117 5013 3135 5045 ι
3162 4992 3297 5059 Quis
3331 4992 3594 5049 ascendet
3611 4995 3667 5047 in

2084 5094 2332 5143 montem
2383 5084 2624 5151 Domini,
2674 5094 2773 5141 aut
2825 5084 2954 5155 quis
3012 5082 3180 5139 stabit
3223 5083 3279 5138 in
3310 5083 3434 5139 loco
3477 5092 3669 5139 sancto

398 5179 583 5235 λοιπὸν
628 5178 837 5251 ἀρετῆς
880 5176 1275 5248 ἀναϐεϐηκόσι,
1311 5175 1512 5248 πρέποι
1545 5174 1613 5229 ἂν
1649 5174 1875 5238 είκότως
1924 5172 1970 5226 τί

2092 5180 2533 5254 ejus?Innocens
2570 5177 2828 5234 manibus
2855 5186 2911 5233 et
2956 5176 3163 5232 mundo
3195 5176 3383 5241 corde,
3428 5179 3524 5247 qui
3556 5192 3666 5231 non

400 5272 493 5328 καὶ
522 5274 647 5335 ταῖς
689 5270 804 5324 ἀνω
838 5272 1028 5342 μοναῖς
1063 5267 1435 5333 ἐναυλίζεσθαι
1476 5267 1617 5331 δεῖν,
1653 5265 1984 5321 πιστώσεται

400 5364 562 5422 πάλιν
594 5367 625 5419 ό
654 5363 985 5435 Ψαλμῳόὸς,
1018 5362 1161 5416 οὕτω
1203 5362 1403 5432 λέγων’
1458 5382 1476 5414 ι
1514 5361 1612 5425 Τίς
1651 5360 1983 5431 ἀναϐήσεται

461 5533 503 5565 ⁸’
541 5544 715 5602 Exod.
752 5561 894 5614 xxiv,
928 5545 1078 5600 l-ll.
1160 5545 1202 5577 ³³
1241 5545 1383 5600 Psal.
1428 5559 1570 5612 xm,
1601 5543 1687 5598 to.

2090 5272 2302 5343 accepit
2325 5272 2380 5326 in
2405 5285 2548 5327 vano
2579 5269 2820 5324 animam
2847 5284 3024 5334 suam,
3050 5282 3153 5323 nec
3192 5267 3399 5339 juravit
3445 5266 3502 5321 in
3539 5266 3670 5320 dolo

2090 5363 2341 5434 proximo
2395 5378 2515 5419 suo.
2542 5360 2646 5428 Qui
2692 5362 2981 5432 pecuniam
3036 5375 3189 5416 suam
3234 5376 3344 5415 non
3395 5358 3548 5416 dedit
3598 5358 3669 5413 ad
