4022 6198
288 92 445 187 ’τις

1372 119 1429 173 S.
1469 116 1743 172 CYRILLI
1784 114 2252 169 ALEXANDRINI
2291 111 2608 168 ARCHIEP.

3505 106 3608 165 516

340 256 587 306 usuram,
611 248 667 296 et
690 254 922 297 munero
957 254 1122 309 super
1146 238 1497 290 innocentem
1538 251 1646 289 non
1671 234 1911 303 accepit.

2031 235 2100 297 εἰς
2141 233 2203 287 τὸ
2229 233 2354 305 ὅρος
2386 232 2628 302 Κυρίου,
2678 232 2709 301 ἢ
2754 230 2836 294 τίς
2886 232 3139 301 στήσεται
3174 231 3230 284 ὲν
3270 229 3423 299 τόπῳ
3467 227 3613 302 ἁγίῳ

341 334 441 390 llic
462 332 698 404 accipiet
752 330 1194 387 benedictionem
1235 344 1265 381 a
1297 325 1551 387 Domino,
1601 330 1658 379 et
1702 323 1920 377 miseri-

338 427 583 483 cordiam
614 441 645 481 a
666 426 778 480 Deo
805 423 1031 479 salutari
1054 438 1174 476 suo.
1204 421 1330 475 llaec
1353 427 1437 473 est
1461 414 1742 490 generatio
1775 430 1925 486 qua:-

340 520 577 575 rentium
612 518 805 571 faciem
828 514 925 569 Dei
952 514 1120 570 Jacob
1147 513 1213 567 “.
1242 531 1261 563 ι

2023 325 2219 390 αύτοῦ;
2276 324 2479 387 Ἀθῶος
2526 325 2712 395 χερσὶ,
2754 325 2850 377 καὶ
2900 323 3140 395 καθαρὸς
3170 326 3236 395 τῇ
3288 316 3521 395 καρδία,
3550 318 3612 387 θς

2021 416 2124 469 οὐκ
2170 414 2361 469 ἔλαϐεν
2410 416 2504 467 ἐπὶ
2558 416 2771 485 ματαίῳ
2812 416 2913 486 τὴν
2945 414 3120 487 ψυχὴν
3154 414 3354 480 αὐτοῦ,
3387 414 3482 469 καὶ
3514 416 3615 470 οὐκ

2024 504 2239 577 ὤμοσεν
2264 506 2356 559 ἐπὶ
2382 505 2520 577 δόλῳ
2544 505 2623 577 τῷ
2652 505 2881 578 πλησίον
2910 506 3095 560 αὐτοῦ.
3125 505 3199 560 T6
3226 504 3488 578 ἀργύριον
3516 502 3615 560 αύ-

338 612 433 667 τοῦ
463 613 561 665 οὐκ
607 610 803 663 ἔδωκεν
832 608 925 660 ἐπὶ
951 608 1093 676 τόκῳ
1118 649 1130 666 ,
1163 606 1255 659 καὶ
1298 602 1446 675 δῶρα
1502 600 1588 654 ἐπ’
1629 599 1825 664 ἀθώοις
1886 600 1987 653 οὐκ
2024 598 2237 652 ἔλαϐεν.
2266 594 2436 662 Οὗτος
2476 597 2705 669 λήψεται
2747 598 2998 667 εὐλογίαν
3045 598 3195 670 παρά
3237 598 3480 670 Κυρίου,
3520 597 3611 652 καὶ

342 699 717 773 ἐλεημοσύνην
738 698 888 769 ποιρά
905 697 1041 751 Θεοῦ
1065 698 1319 767 Σωτῆρος
1338 694 1523 748 αὐτοῦ.
1545 692 1743 765 Αῦτηή
1779 692 1945 760 γενεὰ
1983 690 2288 762 ζητούντων
2318 690 2377 745 τὸ
2412 689 2699 761 πρόσωπον
2733 691 2809 764 (1)
2846 691 2941 745 τοῦ
2970 689 3105 744 Θεοῦ
3148 689 3363 745 Ἰακώϐ.
3390 710 3409 743 ι

411 794 564 847 Mons
590 791 759 862 igitur
785 791 991 846 sanctis
1012 790 1238 860 pervius
1258 787 1599 852 hominibus,
1623 782 1821 841 cmlum
1847 784 1931 855 ip.

341 897 461 936 sum
503 888 606 944 est,
636 881 751 936 sive
792 875 1035 935 Ecclesia
1068 877 1582 950 primogenitorum,
1619 877 1931 931 inaccessus

341 983 531 1029 contra
563 972 830 1043 improbis
854 979 1018 1042 atque
1043 970 1244 1041 impiis.
1273 969 1445 1026 Jussit
1476 969 1662 1038 itaque
1686 966 1929 1022 universi

341 1065 486 1119 Deus
527 1063 713 1117 Mosen
747 1064 802 1117 in
850 1071 1090 1117 montem
1134 1061 1430 1118 ascendere
1461 1068 1517 1115 et
1546 1059 1841 1137 Aaronem,
1876 1064 1932 1112 et

340 1155 552 1220 Nadab,
576 1165 631 1209 et
650 1153 853 1219 Abiud,
875 1163 930 1209 et
951 1154 1295 1225 septuaginta
1320 1153 1387 1208 de
1406 1152 1719 1208 senioribus
1742 1146 1926 1204 lsrael.

340 1245 448 1299 Sed
477 1253 657 1299 tamen
684 1244 820 1298 dixit
847 1262 860 1298 :
897 1263 914 1295 ‹
950 1245 1018 1299 Ει
1054 1243 1363 1299 adorabunt
1388 1244 1606 1314 longius
1638 1240 1803 1312 positi
1828 1238 1935 1293 Do-

341 1337 571 1391 minum.
601 1335 949 1406 Accedetque
974 1335 1151 1391 Moses
1180 1334 1331 1391 solus
1360 1332 1428 1389 ad
1456 1334 1627 1389 Deum
1655 1352 1667 1386 :
1699 1332 1776 1388 illi
1801 1348 1933 1391 vero

340 1444 450 1483 non
474 1427 1014 1498 appropinquabunt.
1048 1426 1159 1481 Nec
1186 1427 1424 1497 populus
1449 1426 1783 1481 conscendet
1808 1442 1933 1482 cum

344 1521 479 1591 ipsis
512 1520 578 1573 ⁸⁸.
609 1539 627 1571 ›
658 1520 783 1574 Filii
828 1520 1012 1589 itaque
1048 1519 1281 1573 Aaronis
1321 1533 1539 1573 sacrum
1578 1517 1737 1572 nobis
1764 1530 1934 1589 genus

2103 786 2169 854 β’.
2207 786 2371 855 Ὄρος
2414 781 2507 838 οὖν
2532 784 2871 857 ἀναδάσιμον
2910 787 3023 848 τοῖς
3051 784 3260 852 ἁγίοις,
3300 785 3328 837 6
3354 784 3613 855 ούρανδις.

2032 877 2149 946 ἦτοι
2174 875 2283 929 τῶν
2319 877 2683 946 ’πρωτοτόκων
2726 879 2758 949 ἠ
2805 877 3131 950 Ἐκκλησία⁶
3165 872 3416 949 βεϐήλοις
3458 874 3514 930 δέ
3552 894 3616 946 γε

2031 965 2129 1018 καὶ
2155 965 2411 1029 ἀνοσίοις,
2438 966 2678 1031 ἀπιὸές.
2714 968 3054 1039 Προστέταχε
3088 966 3267 1022 τοίνυν
3295 969 3325 1021 ό
3348 967 3455 1021 τῶν
3480 967 3617 1021 ὅλων

2028 1055 2165 1119 Θεὸς
2197 1056 2494 1130 ἀναφοιτᾷν
2531 1060 2610 1123 εἰς
2646 1058 2706 1111 τὸ
2743 1057 2865 1129 ὅρος
2896 1059 3101 1114 Μωσέα
3130 1076 3189 1113 τε
3224 1059 3320 1113 καὶ
3375 1057 3614 1131 ’Λαρὼν,

2032 1140 2219 1197 Ναδάϐ
2248 1160 2307 1198 τε
2342 1145 2437 1199 καὶ
2483 1146 2718 1207 Ἀϐιοὺδ,
2767 1146 2864 1201 καὶ
2895 1144 3269 1219 ἐϐδομήκοντα
3301 1140 3409 1201 τῶν
3447 1159 3617 1220 πρεσ-

2031 1232 2279 1307 ϐυτέρων
2319 1234 2412 1290 τοῦ
2469 1237 2703 1309 Ἰσραήλ.
2750 1238 2993 1308 Ἔφασκέ
3019 1251 3076 1292 τε
3098 1279 3114 1305 ,
3141 1240 3222 1293 δτι
3254 1259 3273 1291 ι
3314 1241 3425 1293 Καὶ
3458 1252 3619 1312 προσ-

2033 1329 2329 1400 κννήσουσι
2376 1329 2649 1399 μακρόθεν
2687 1329 2764 1401 τῷ
2801 1332 3009 1403 Κυρίῳ.
3048 1332 3157 1386 Καὶ
3186 1329 3359 1401 ἐγγιεί
3414 1330 3619 1404 Μωσῆς

2037 1419 2196 1489 μέρος
2225 1419 2360 1490 πρὸς
2384 1418 2474 1475 τὸν
2513 1421 2675 1477 Θεόν¹⁸
2723 1423 2879 1475 αὐτοὶ
2910 1422 2966 1476 δὲ
3002 1425 3102 1476 οὐκ
3132 1422 3431 1492 ἐγγιοῦσιν.
3474 1425 3530 1478 Ὀ
3562 1418 3619 1477 δὲ

2034 1510 2161 1571 λαὸς
2191 1508 2251 1563 ού
2285 1511 2719 1583 συναναϐήσεται
2754 1515 2872 1584 μετ’
2906 1513 3104 1567 αὐτῶν.
3148 1535 3167 1565 ι
3204 1512 3266 1568 Οί
3309 1515 3407 1586 μὲν
3440 1511 3533 1568 οὖν
3561 1515 3619 1581 ἐξ

339 1588 658 1682 designant;
696 1624 857 1665 senes
885 1622 1035 1672 vero,
1072 1610 1340 1664 electione
1369 1609 1719 1664 constitutos.
1748 1609 1927 1665 Aaron

2047 1602 2259 1674 ’Aapt'ov
2305 1604 2589 1673 γεγονότες
2630 1605 2768 1670 uici,
2814 1605 2879 1657 τὸ
2925 1606 3068 1677 ἱερὸν
3114 1608 3246 1677 ἡμῖν
3294 1606 3619 1677 σημαίνουσι

339 1710 521 1757 autem
547 1700 827 1757 Christum
867 1700 1069 1755 iterum
1102 1701 1350 1765 exhibet,
1386 1709 1632 1755 sanetum
1666 1701 1928 1757 innocen—

340 1800 561 1862 temque
601 1791 943 1847 sacerdotem
983 1805 1261 1847 summum
1294 1805 1392 1862 per
1432 1806 1595 1862 quem
1630 1791 1685 1847 in
1719 1790 1928 1863 Spiritu

339 1893 397 1938 et
428 1900 569 1953 aqua
608 1883 938 1955 regenerati,
974 1903 992 1934 ι
1030 1898 1205 1954 genus
1240 1883 1501 1948 electum,
1534 1882 1716 1953 regale
1744 1897 1927 1939 sacer-

340 1974 573 2039 dotium,
598 1990 839 2047 gensque
860 1984 1049 2030 sancta
1067 1974 1113 2007 ³⁸
1136 1994 1155 2026 ι
1178 1974 1535 2045 appellamur.
1556 1973 1931 2032 Aseendemus

341 2067 524 2137 itaque
549 2080 649 2121 suo
669 2064 966 2136 aliquando
991 2073 1238 2136 tempore
1265 2065 1430 2121 etiam
1454 2079 1576 2131 nos,
1598 2064 1740 2121 sacri
1766 2075 1929 2136 atque

341 2158 501 2214 electi
541 2158 599 2213 in
628 2157 904 2213 civitatem
934 2157 1237 2221 caelestem,
1268 2156 1564 2212 comitante
1593 2172 1693 2212 nos
1732 2171 1796 2212 ac
1823 2154 1929 2213 du-

341 2257 500 2303 cente
526 2247 808 2304 sacerdote
841 2262 1039 2320 magno
1057 2246 1300 2313 Christo,
1335 2247 1429 2317 qui
1456 2263 1524 2301 ex
1557 2246 1719 2303 nobis
1754 2246 1931 2303 factus

341 2349 447 2404 est,
467 2340 671 2410 quique
695 2339 982 2395 nobiseum
1006 2339 1198 2393 adorat
1225 2353 1332 2393 una
1357 2339 1577 2394 Patrem
1608 2346 1808 2393 natura
1829 2354 1929 2395 sua

339 2428 515 2485 Deum
538 2430 913 2486 exsistentem.
941 2430 1012 2485 Et
1042 2430 1448 2501 appropinquat
1475 2428 1700 2501 quidem
1728 2431 1927 2497 Moses,

342 2521 631 2577 nobiseum
652 2537 808 2587 vero,
833 2522 928 2592 qui
959 2521 1178 2592 longius
1196 2521 1381 2591 positi,
1405 2520 1595 2576 Filius.
1622 2519 1790 2592 328
1819 2518 1931 2577 Suo

210 2642 223 2663 δ’
340 2610 491 2665 enim
526 2611 689 2667 modo
717 2611 869 2666 venit
914 2610 982 2666 ad
1017 2609 1340 2682 mysterium
1384 2610 1781 2666 incarnationis
1820 2610 1932 2668 Deo

340 2703 705 2775 propinquior
738 2702 934 2768 Moses,
981 2711 1244 2773 tanquam
1276 2702 1414 2773 legis
1457 2702 1728 2759 mediator
1766 2712 1931 2774 atque

341 2794 567 2850 arbiter.
596 2793 735 2863 Quia
765 2809 896 2850 vero
919 2809 952 2850 e
984 2796 1143 2850 nobis
1167 2794 1338 2851 Filius
1361 2793 1537 2851 factus
1559 2802 1662 2860 est,
1692 2810 1818 2851 eum
1839 2810 1930 2851 es-

342 2892 427 2939 set
442 2885 587 2940 Deus
605 2893 823 2951 natura,
842 2884 1339 2956 universorumque
1359 2886 1642 2952 Dominus,
1682 2896 1931 2957 propter-

341 2987 406 3028 ea
429 2982 681 3031 nostrum
705 2990 816 3031 non
853 2984 1179 3047 aspernatur
1197 2992 1371 3047 genus
1399 2976 1754 3046 modumque.
1787 2976 1926 3032 Sus-

342 3066 482 3123 tinet
502 3082 636 3123 vero
668 3068 1099 3139 dispensationis
1131 3068 1346 3122 ratione
1372 3067 1515 3122 infra
1542 3068 1728 3123 Mosen
1765 3068 1933 3122 etiam

341 3159 577 3213 censeri.
605 3159 822 3214 Etenim
851 3159 1019 3212 etiam
1046 3157 1334 3212 nobiscum
1374 3157 1552 3213 factus
1580 3167 1666 3213 est
1699 3157 1805 3213 sub
1834 3173 1931 3213 ea—

340 3249 467 3301 dem
509 3247 649 3318 lege,
695 3248 799 3302 etsi
845 3246 1143 3318 legislator,
1188 3255 1378 3317 utpote
1410 3248 1577 3313 Deus,
1617 3248 1924 3303 exsisteret.

339 3338 498 3405 Quod
539 3352 670 3392 vero
711 3337 816 3391 sub
853 3337 973 3407 lege
1005 3336 1184 3392 factus
1214 3338 1286 3393 sit
1316 3338 1387 3404 "’,
1421 3338 1710 3409 perspicue
1741 3339 1931 3394 videre

341 3429 489 3482 licet.
520 3425 726 3480 Octavo
754 3425 904 3479 enim
934 3424 1296 3480 circumcisus
1323 3435 1407 3481 est
1437 3427 1545 3482 die.
1591 3427 1767 3482 Solvit
1799 3440 1932 3482 vero

338 3518 509 3572 etiam
536 3529 638 3587 pro
676 3529 734 3570 se
770 3514 1120 3581 didrachma,
1166 3517 1387 3572 tametsi
1431 3517 1573 3573 liber
1602 3527 1831 3584 natura,
1875 3528 1933 3574 et

340 3606 624 3670 immunis,
655 3614 717 3661 ut
740 3605 934 3670 Filius,
956 3613 1123 3661 esset.
1157 3605 1301 3662 Satis
1322 3621 1456 3663 vero
1480 3617 1538 3663 et
1566 3609 1672 3664 hoc
1703 3623 1735 3665 e
1759 3610 1931 3666 sacris

341 3698 568 3755 Litteris
589 3698 821 3792 (garum,
844 3697 950 3752 sub
977 3697 1098 3768 lege
1122 3706 1314 3753 natum
1339 3712 1462 3754 esse
1490 3700 1926 3757 Emmanuelem.

340 3790 498 3859 Quod
530 3790 664 3846 vero
692 3804 802 3861 qua
844 3790 1012 3851 homo
1044 3797 1187 3856 erat,
1220 3798 1279 3846 et
1319 3800 1592 3861 quatenus
1624 3793 1928 3849 secundum

340 3897 444 3938 nos
466 3882 572 3938 sub
593 3883 713 3954 lege
742 3890 906 3937 natus
925 3888 1031 3946 est,
1057 3880 1178 3951 ipso
1208 3882 1372 3937 etiam
1400 3882 1546 3937 Mose
1579 3882 1812 3940 inferior
1835 3886 1927 3956 ju-

341 3975 579 4039 dieetur,
610 3983 667 4029 et
684 3988 749 4028 ex
770 3973 1132 4043 sequentibus
1151 3988 1469 4045 cognosces.
1493 3975 1759 4046 Praecepit
1777 3976 1925 4031 enim

343 4062 729 4117 universorum
753 4062 1017 4117 Dominus
1044 4063 1251 4132 optime
1280 4062 1436 4127 Mosi,
1477 4073 1540 4118 ut
1564 4064 1925 4121 lsraeliticum

340 4152 606 4225 populum
658 4152 728 4206 ab
760 4151 1091 4207 intolerabili
1123 4153 1429 4210 vindicaret
1477 4157 1741 4213 servitute
1781 4158 1926 4215 Pha-

2032 1693 2215 1762 γένος·
2262 1695 2311 1748 οἰ
2352 1694 2407 1748 δὲ
2451 1690 2844 1768 πρεσϐύτεροι,
2878 1697 3005 1760 τοὺς
3038 1695 3350 1769 ἀριστίνδην
3386 1697 3620 1767 ἐξειλεγ-

2036 1786 2250 1858 μένους.
2305 1788 2516 1859 Ἀαρὼν
2559 1787 2613 1843 δὲ
2644 1789 2806 1843 πάλιν
2836 1789 2999 1843 αὐτόν
3040 1792 3175 1862 ἡμῖν
3217 1791 3619 1845 ύττοπλάττεται

2030 1879 2122 1933 τὸν
2154 1880 2416 1951 Χριστὸν,
2449 1880 2542 1933 τὸν
2567 1880 2712 1935 ὅσιόν
2739 1894 2797 1934 τε
2839 1882 2935 1935 καί¹
2964 1882 3172 1938 ἄκακον
3208 1883 3468 1954 ἀρχιερέα
3488 1923 3503 1946 ,
3548 1883 3617 1937 δι’

2031 1962 2092 2023 οῦ
2123 1967 2216 2023 κού¹
2262 1970 2574 2042 ἐσχήκαμεν
2614 1968 2715 2042 τὴν
2740 1969 2828 2024 διὰ
2867 1971 3184 2043 Πνεύματός
3223 1990 3277 2027 τε
3303 1975 3399 2030 καὶ
3427 1974 3619 2037 ὓδατος

2030 2056 2310 2132 γέννησιν,
2367 2081 2386 2114 ‹
2440 2062 2739 2117 Ἐκλεκτον
2780 2064 2970 2134 γένος,
3019 2068 3111 2119 καὶ
3154 2066 3426 2136 βασίλειον
3468 2067 3618 2138 ἱερά-

2031 2169 2243 2225 τευμα,
2285 2153 2381 2207 καὶ
2420 2154 2571 2219 ἔθνος
2606 2150 2782 2224 ἅγιον,
2834 2172 2853 2209 ι
2896 2158 3330 2229 χρηματίζομεν.
3385 2158 3618 2231 Ἀναϐη-

2032 2243 2240 2315 σόμεθα
2280 2246 2463 2299 τοίνυν
2499 2248 2644 2301 κατά
2672 2248 2897 2320 καιροὺς
2931 2250 3027 2304 καὶ
3069 2253 3147 2314 εἰς
3176 2252 3274 2323 τὴν
3316 2252 3427 2306 ἄνω
3462 2251 3616 2305 πόλιν

2030 2336 2080 2389 οἱ
2107 2332 2395 2390 ἀέτόλεκτοί
2416 2353 2473 2390 τε
2504 2338 2601 2391 καὶ
2628 2339 2793 2412 ἱεροὶ,
2824 2341 3075 2405 συνόντος
3099 2342 3227 2413 ἡμῖν
3254 2343 3347 2396 καὶ
3377 2344 3616 2416 ἡγουμέ-

2031 2440 2124 2478 νου
2154 2425 2394 2496 Χριστοῦ
2429 2425 2523 2480 τοῦ
2553 2428 2787 2498 μεγάλου
2819 2430 3010 2502 ἱερέως
3031 2471 3045 2494 ,
3074 2432 3170 2484 τοῦ
3203 2432 3271 2485 δι’
3314 2434 3465 2503 ἡμᾶς
3492 2432 3613 2487 καθ’

2030 2516 2181 2587 ἡμᾶς
2207 2517 2494 2586 γεγονότος
2515 2559 2530 2583 ,
2575 2518 2670 2573 καὶ
2710 2521 3250 2591 συμπροσκυνοῦντος
3283 2525 3414 2594 ἡμῖν
3438 2525 3616 2578 καίτοι

2032 2606 2251 2681 Πατέρα
2280 2609 2405 2663 ὅντα
2433 2610 2574 2663 κατά
2612 2610 2774 2681 φύσιν
2817 2611 2908 2666 τὸν
2931 2612 3086 2670 Θεόν.
3117 2615 3228 2669 Καὶ
3259 2614 3470 2684 ἐγγίζει
3518 2615 3617 2686 μὲν

2031 2698 2060 2751 6
2083 2697 2320 2768 Μωσῆς,
2364 2700 2459 2754 σὺν
2488 2701 2620 2771 ἡμῖν
2663 2700 2720 2755 δὲ
2764 2703 2876 2766 τοῖς
2908 2704 3159 2776 μακρᾶν,
3205 2702 3233 2758 6
3266 2705 3414 2770 Υἰός.
3451 2707 3616 2760 Ὅσον

2033 2787 2143 2858 γὰρ
2163 2784 2298 2859 ἧκεν
2323 2790 2402 2853 εἰς
2431 2789 2495 2843 τὸ
2521 2790 2621 2861 τῆς
2650 2792 2789 2863 μετὰ
2817 2794 3022 2865 σαρκὸς
3057 2796 3370 2867 οἰκονομίας
3414 2799 3618 2870 μυστη-

2037 2897 2151 2950 ριον
2174 2921 2188 2946 ,
2220 2882 2338 2954 Θεῷ
2371 2884 2799 2957 προσεχέστερος
2830 2887 2858 2939 6
2885 2886 3110 2959 Μωσῆς,
3144 2889 3220 2952 ὡς
3257 2890 3425 2960 νόμου
3465 2902 3618 2961 μεσι-

2035 2988 2136 3041 της
2175 2974 2270 3026 καὶ
2301 2975 2542 3045 ὀριστής.
2601 2976 2819 3049 Ἐπειδὴ
2860 2978 2917 3032 δὲ
2960 2979 3080 3051 μεθ’
3124 2980 3281 3052 ἡμῶν
3321 2982 3545 3052 γέγονεν
3585 2982 3616 3036 6

2037 3062 2197 3129 Υἰὺς,
2238 3064 2415 3119 καίτοι
2455 3064 2591 3130 Θεὸς
2628 3065 2703 3121 ὢν
2736 3066 2894 3138 φύσει
2934 3072 3031 3124 καὶ
3067 3069 3173 3125 τῶν
3218 3072 3356 3126 ὅλων
3389 3072 3612 3143 Κύριος.

2032 3155 2292 3229 ταύτῃτοι
2324 3156 2387 3211 τδ
2435 3158 2559 3213 καθ’
2602 3159 2753 3231 ἡμᾶς
2784 3161 2887 3215 οὐκ
2921 3162 3173 3233 ἀτιμάζει
3205 3165 3421 3237 μέτρον.
3465 3164 3615 3219 ’Δνέ-

2033 3265 2190 3319 χεται
2226 3248 2283 3304 δὲ
2329 3248 2689 3323 οἰκονομικῶς
2737 3254 2832 3307 καὶ
2889 3255 3055 3309 αὑτοῦ
3100 3256 3327 3310 κατόπιν
3374 3256 3614 3311 νοεῖσθαι

2036 3335 2296 3403 Μωσέως.
2334 3340 2444 3393 Καὶ
2474 3340 2606 3410 γοῦν
2655 3342 2750 3395 καὶ
2797 3343 2989 3412 γέγονε
3024 3345 3147 3415 μεθ’
3184 3345 3344 3417 ἡμῶν
3382 3344 3488 3399 61:6
3522 3346 3616 3399 τὸν

2033 3430 2192 3484 αὐτὸν
2223 3432 2416 3503 νόμον,
2462 3433 2638 3486 καίτοι
2669 3434 2969 3506 νομοθέτης
2996 3435 3076 3489 ὣν
3099 3437 3175 3500 ὼς
3211 3436 3363 3502 θεός.
3403 3438 3526 3492 Ὀτι
3554 3437 3615 3492 δὲ

2031 3524 2254 3591 γέγονεν
2278 3523 2384 3577 ὑπὸ
2407 3524 2591 3596 νόμον,
2616 3525 3000 3598 ἀταλαίπωρον
3028 3527 3175 3582 ἰδεῖν.
3207 3529 3612 3601 Περιτέτμηται

2032 3616 2140 3687 γὰρ
2176 3615 2543 3688 ὀκταήμερος.
2588 3617 2942 3673 Συντετέλεκε
2984 3619 3040 3674 δὲ
3071 3623 3165 3674 καὶ
3200 3622 3260 3674 τὸ
3297 3619 3610 3692 δίδραχμον,

2030 3707 2208 3760 καίτοι
2242 3709 2383 3762 κατὰ
2422 3708 2584 3779 φύσιν
2620 3709 2900 3783 ἐλεύθερος
2931 3709 3006 3764 ὢν
3050 3711 3126 3775 ὡς
3155 3711 3304 3777 Υίός.
3362 3713 3614 3785 ’Λρκέσει

2028 3798 2087 3852 δὲ
2129 3800 2225 3853 καὶ
2265 3799 2399 3854 αὐτὸ
2427 3800 2490 3854 τὸ
2521 3801 2763 3873 Γράμμα
2789 3802 2850 3857 τὸ
2877 3803 3040 3875 ἱερὸν,
3072 3803 3176 3857 ὑπὸ
3202 3805 3362 3874 νόμον
3387 3806 3616 3877 γεγενῆ-

2031 3889 2155 3944 aea.
2182 3890 2338 3960 λέγον
2368 3891 2459 3945 τὸν
2491 3892 2859 3966 Ἐμμανουήλ.
2895 3895 3016 3949 Ὀτι
3043 3895 3099 3950 δὲ
3135 3895 3224 3950 διὰ
3249 3896 3312 3951 τὺ
3334 3895 3613 3969 ἀνθρώπια

2028 3996 2118 4033 νον
2139 4021 2151 4043 ,
2181 3980 2276 4034 καὶ
2302 3981 2491 4051 ἐπειδὴ
2521 3982 2712 4052 γέγονε
2739 3984 2863 4037 καθ’
2894 3986 3042 4056 ἡμᾶς
3064 3985 3170 4040 ὑπὸ
3192 3987 3357 4059 νόμον
3375 4029 3387 4049 .
3426 3988 3520 4041 καὶ
3552 3989 3612 4042 ἐν

2024 4064 2295 4145 δευτέροις
2325 4073 2598 4129 τεθεῖσθαι
2626 4076 2871 4140 Μωσέως
2898 4080 3186 4149 νομιεῖται,
3224 4080 3477 4149 συνήσεις
3516 4080 3613 4132 καὶ

2024 4164 2093 4217 δι’
2122 4166 2340 4236 ἑτέρων.
2379 4166 2718 4237 Προσέταττε
2751 4168 2850 4237 μὲν
2874 4168 2987 4240 γάρ
3017 4170 3046 4222 6
3072 4171 3181 4223 τῶν
3209 4169 3347 4223 ὅλων
3373 4168 3611 4239 Θεδςτῷ

341 4257 569 4297 raonem
614 4242 696 4297 sic
718 4242 1044 4313 appellando
1088 4260 1101 4296 :
1134 4261 1153 4295 ι
1185 4243 1451 4299 Dominus
1492 4245 1637 4302 Deus
1663 4248 1923 4304 Hebraeo-

2031 4252 2344 4325 παναρίστῳ
2374 4256 2563 4308 Μωσεί
2587 4255 2689 4325 τῆς
2709 4257 2982 4328 ἀφορήτου
3007 4256 3252 4321 δουλείας
3281 4260 3483 4311 ἀνεῖναι
3517 4259 3612 4315 τόν

340 4350 466 4389 rum
496 4334 715 4389 vocavit
743 4349 846 4389 nos
873 4332 940 4388 ³⁸.
988 4354 1007 4386 ι
1052 4334 1166 4389 Lex
1204 4334 1353 4390 enim
1397 4335 1601 4392 fatetur
1643 4337 1922 4395 inﬁmum

341 4425 475 4495 quid
519 4434 684 4496 atque
731 4425 1069 4481 imbecillum
1118 4442 1178 4482 se
1226 4442 1347 4483 esse
1394 4428 1463 4483 ad
1515 4429 1918 4487 redimendum.

264 4522 271 4541 '
341 4514 485 4572 Huic
526 4516 682 4571 addit
711 4516 1094 4587 tergiversauti
1127 4526 1185 4571 et
1221 4519 1502 4575 cunctanti
1537 4520 1784 4576 divinum
1810 4524 1920 4578 Aa-

2041 4343 2258 4414 Ἶσραὴλ
2297 4342 2375 4414 τῷ
2414 4344 2614 4416 Φαραὼ
2651 4346 2907 4415 λέγονταο
2955 4367 2975 4399 ι
3022 4348 3228 4420 Κύριος
3264 4350 3295 4401 6
3332 4349 3465 4413 Θεὸς
3499 4349 3612 4401 τῶν

2039 4433 2306 4505 Ἐὕραίων
2336 4435 2739 4507 προσκέκληται
2779 4439 2946 4509 ἡμᾶς.
3002 4458 3022 4491 ι
3067 4440 3129 4494 'U
3169 4440 3225 4493 δὲ
3267 4441 3519 4511 ὁμολογεῖ
3548 4443 3613 4495 τὺ

2025 4522 2254 4597 ἀδρανὲς
2274 4526 2303 4579 6
2327 4528 2490 4596 νόμος
2512 4531 2593 4594 εἰς
2612 4532 3007 4602 ἀπολύτρωσιν,
3034 4529 3168 4587 Εἶτα
3191 4534 3450 4588 συνάπτει
3472 4535 3577 4587 ἀνα
3596 4565 3610 4575 -

341 4622 556 4672 ronem,
587 4606 683 4676 qui
725 4616 887 4677 typus
926 4616 1012 4662 est
1052 4606 1258 4663 Christi
1297 4610 1482 4665 omnia
1524 4613 1785 4681 potentis,
1827 4627 1927 4684 per

2031 4615 2265 4688 δυομένῳ
2291 4618 2386 4672 καὶ
2411 4620 2653 4689 μέλλοντι
2683 4622 2775 4676 τὸν
2800 4621 3086 4677 θεσπέσιον
3101 4623 3310 4695 Ἀαρὼν
3332 4625 3413 4687 εἰς
3438 4624 3610 4679 τύπον

337 4710 505 4768 quem
553 4696 736 4753 omnis
779 4705 867 4752 est
911 4696 1236 4767 redemptio.
1289 4700 1423 4755 Mosi
1465 4701 1615 4756 enim
1664 4704 1744 4759 sic
1788 4704 1867 4759 ait
1909 4723 1922 4759 :

346 4808 365 4840 ι
401 4788 565 4853 Ecce,
591 4787 719 4844 dedi
763 4796 816 4844 te
847 4788 1019 4844 Deum
1052 4788 1324 4845 Pharaoni
1373 4808 1386 4844 :
1429 4799 1486 4847 et
1529 4793 1712 4850 Aaron
1755 4794 1927 4851 frater

338 4887 468 4935 tuus
494 4879 767 4951 propheta
802 4886 933 4935 tuus
967 4880 1096 4935 erit.
1132 4879 1215 4936 Tu
1245 4896 1379 4937 vero
1403 4883 1646 4953 loqueris
1667 4884 1721 4941 ei
1743 4888 1928 4944 omnia

334 4985 458 5040 quae
487 4969 747 5040 praecipio
777 4970 875 5025 tibi
904 4988 917 5023 :
945 4969 1130 5025 Aaron
1173 4980 1357 5027 autem
1404 4971 1576 5030 frater
1610 4983 1738 5032 tuus
1782 4976 1924 5033 Pha-

335 5060 491 5115 raoni
526 5061 785 5131 loquetur
806 5061 906 5116 ³⁸.»
934 5060 1103 5118 Vides
1131 5071 1193 5118 ut
1216 5062 1396 5119 Aaron
1417 5080 1635 5120 rursum
1655 5068 1926 5124 mediator

335 5147 442 5211 sit,
473 5147 622 5203 llose
651 5148 986 5219 legislatoris
1006 5163 1298 5221 personam
1335 5154 1679 5211 sustinente?
1704 5157 1842 5214 llinc
1868 5168 1926 5213 et

340 5235 538 5295 beatus
564 5239 770 5295 Paulus
791 5240 969 5311 legem
999 5240 1173 5311 ipsam
1195 5241 1274 5297 illi
1301 5244 1529 5313 apponit
1550 5246 1718 5302 etiam
1748 5263 1780 5304 a
1809 5249 1923 5305 Deo

335 5325 679 5384 dissolutam.
709 5328 786 5386 lta
810 5331 959 5387 enim
1000 5330 1196 5387 scribit
1224 5350 1236 5385 :
1267 5352 1289 5383 ‹
1318 5332 1537 5390 lrritam
1567 5337 1691 5407 quis
1717 5337 1923 5399 faciens

2021 4707 2256 4779 Χριστοῦ
2280 4708 2375 4763 τοῦ
2398 4711 2578 4768 πάντα
2603 4713 2898 4784 ἰσχύοντος,
2918 4714 2988 4769 δι’
3009 4710 3071 4770 οὗ
3089 4717 3237 4769 πᾶσα
3255 4717 3288 4785 ἡ
3315 4714 3604 4786 λύτρωσις.

2024 4801 2171 4871 Ἔφη
2209 4800 2318 4873 γὰρ
2340 4794 2442 4856 ὧδε
2473 4803 2610 4874 πρὸς
2636 4804 2842 4876 Μωσῆν
2861 4823 2876 4836 ·
2919 4824 2939 4858 ι
2987 4806 3119 4861 Ἰδοὺ
3145 4806 3356 4861 δέδωκά
3388 4824 3447 4861 σε
3473 4806 3609 4861 Θεὸν

2020 4890 2250 4963 Φαραὼ,
2279 4893 2372 4947 καὶ
2413 4894 2624 4967 Ἀαρὼν
2648 4898 2676 4948 6
2703 4896 2931 4967 ἀδελφός
2961 4910 3056 4952 σου
3085 4894 3237 4953 ἔσται
3268 4898 3364 4954 σοῦ
3394 4900 3610 4972 11909!)-

2021 4998 2141 5052 της.
2175 4984 2246 5037 Σὺ
2278 4982 2619 5057 δὲκλαλήσεις
2650 4988 2800 5060 αὐτῷ
2827 4989 3007 5043 πάντα
3030 4992 3129 5044 ὅσα
3160 4991 3476 5062 ἐντέλλομαί
3501 5008 3605 5055 σοι,

2022 5073 2051 5124 6
2083 5072 2138 5127 δὲ
2180 5073 2388 5145 Ἀαρὼν
2417 5077 2446 5129 6
2475 5076 2697 5144 ἁδελφός
2746 5094 2841 5132 σου
2886 5079 3107 5150 λαλήσει
3143 5079 3281 5152 πρὸς
3307 5079 3529 5151 Φαραὼ.
3580 5098 3602 5133 ρ

2034 5160 2197 5233 Ὁρᾷς
2231 5164 2312 5216 ὅτι
2342 5165 2619 5235 μεσιτεύει
2655 5167 2818 5220 πάλιν
2856 5167 3066 5239 Ἀαρὼν
3094 5171 3156 5222 τὸ
3184 5170 3275 5223 τοῦ
3312 5169 3607 5240 νομοθέτου

2022 5253 2314 5323 πρόσωπον
2341 5254 2630 5327 φοροῦντος
2659 5256 2923 5320 Μωσέως.
2954 5257 3223 5332 Ταύτῃτοι
3254 5261 3350 5313 καὶ
3371 5258 3400 5314 6
3424 5261 3605 5330 μακά-

2023 5358 2138 5411 ριος
2171 5344 2382 5410 Παῦλος
2413 5350 2506 5402 καὶ
2539 5350 2702 5403 αὑτὸν
2744 5348 3030 5424 ἀνατίθησι
3080 5352 3174 5405 τὸν
3217 5352 3385 5422 νόμον
3419 5350 3603 5422 αὐτῷ.

407 5435 621 5533 'fAPsai.
650 5457 801 5506 mn,
828 5442 942 5499 5-6.
985 5443 1214 5500 "Exod.
1251 5459 1393 5511 xm,
1413 5445 1463 5511 ι,
1483 5445 1535 5501 2.
1576 5448 1619 5479 “
1646 5448 1831 5505 lPetr.
1861 5467 1918 5514 ιι,
1948 5450 2001 5505 9.
2047 5453 2091 5487 ³⁷
2118 5452 2291 5512 Galat.
2320 5474 2390 5525 tv,
2412 5459 2462 5513 5.
2508 5458 2551 5492 ⁵⁸
2571 5461 2743 5525 Exod.
2767 5478 2844 5529 nl,
2871 5462 2991 5519 1-8.
3035 5463 3267 5520 "Exod.
3293 5480 3368 5533 tv,
3399 5464 3597 5532 {5,16-

407 5531 484 5604 (ί)
520 5532 660 5588 LXX
681 5544 736 5589 et
766 5536 921 5609 Vulg.
954 5538 1259 5610 ζητούντων
1290 5541 1473 5606 αὐτὸν,
1507 5540 1812 5615 ζητούντων
1842 5551 1900 5602 το
1932 5548 2088 5616 πρός.
