4022 6198
290 146 397 202 ΞΠ

1332 140 1851 199 CLAPHYRORUPJ
1893 142 1961 197 IN
2002 142 2287 199 EXODUM
2326 143 2453 201 LIB.
2500 140 2585 201 m.

287 261 467 317 καίτοι
487 259 716 314 λυθέντα
742 257 893 330 itath
912 258 1069 313 Θεοῦ.
1092 255 1300 328 Γράφει
1322 262 1431 331 γᾶιρ
1452 259 1621 324 οὓτως
1643 276 1655 288 ο
1681 278 1698 309 ι
1742 258 1874 311 Ἀθε·

1989 256 2161 326 legem
2188 258 2341 313 Mosi.
2369 259 2488 315 sine
2514 260 2623 314 ulla
2654 259 3005 317 miseratione
3036 262 3256 328 duobus
3282 268 3369 321 vel
3401 270 3583 326 tribus

284 357 462 425 στήσας
486 371 573 417 τις
599 352 766 423 νόμον
798 350 1067 414 Μωσέως,
1098 352 1268 423 χωρὶς
1294 352 1592 424 οίκτιρμῶν
1620 354 1713 406 ἐπὶ
1734 350 1885 405 δυσὶν

284 446 317 516 ἦ
356 445 509 516 τρισὶ⁵
547 444 848 515 μάρτυσιν,
870 442 1227 513 ἀποθνήσκει.
1261 437 1297 494 ι’
1324 444 1551 513 Ἀνιμεν
1577 442 1757 496 τοίνυν
1782 459 1885 496 κα-

285 538 467 608 θάπερ
493 537 575 599 εἰς
594 535 721 605 ὅρος
747 533 845 597 τὰς
869 534 982 588 ἂνω
1012 533 1181 604 μονὰς
1206 534 1253 587 οἱ
1286 533 1421 605 ἱεροὶ
1452 534 1545 587 καὶ
1572 534 1882 599 ἀπόλεκτοι,

284 631 385 702 τῆς
412 629 609 701 ἑτέρας
630 626 866 698 πληθύος
883 626 1158 697 ἀπομενού
1170 645 1267 699 σης
1292 626 1462 680 κάτω.
1495 645 1514 679 ι
1544 627 1619 679 06
1642 627 1753 699 γὰρ
1798 627 1886 680 ἀν-

284 718 593 783 ελεύσεται,
617 719 803 788 φησὶν,
827 719 855 771 6
871 717 997 771 λαὸς
1020 716 1117 771 σὺν
1138 717 1321 782 αὐτοῖς
1335 734 1348 748 ’
1384 718 1491 770 ›Ξτι
1507 716 1651 772 κατὰ
1671 719 1769 789 τὴν
1788 718 1885 772 τοῦ

286 812 546 883 Σωτῆρος
568 811 774 881 φωνὴν,
802 829 819 860 ι
848 808 1039 862 Πολλοὶ
1060 808 1267 878 κλητοὶ,
1291 807 1458 878 ὀλίγοι
1479 808 1535 863 δὲ
1560 808 1825 863 ἐκλεκτοί.
1858 827 1877 860 ι

290 905 529 974 ’Ᾱνιμεν
557 903 644 968 δὲ,
694 901 754 955 06
791 900 914 972 δίχα
959 899 1220 972 Χριστοῦ.
1254 901 1430 972 Συνῆν
1462 901 1570 973 γὰρ
1610 903 1731 955 τότε
1771 905 1883 967 τοῖς

286 991 694 1063 προσκυνοῦσιν
723 992 752 1043 6
793 987 1006 1060 Ἀαρὼν
1027 1029 1041 1053 ,
1072 988 1167 1042 καὶ
1195 991 1307 1053 τοῖς
1329 989 1408 1043 ἔτι
1435 990 1653 1062 μακρὰν
1677 991 1885 1061 ἐναρίθ-

289 1104 416 1156 μιος
441 1081 530 1156 ἦν.
575 1082 732 1137 Οῦτω
760 1083 854 1135 καὶ
888 1084 915 1136 6
940 1083 984 1135 Χ
992 1082 1205 1153 ριστδς.
1244 1082 1462 1155 μακρὰν
1491 1084 1611 1153 μεθ’
1639 1084 1794 1154 ἡμῶν
1814 1084 1882 1138 δι’

287 1181 323 1250 ἠ
334 1180 464 1248 μᾶς,
485 1178 572 1230 ἵνα
588 1177 681 1231 καὶ
697 1177 859 1246 ἡμεῖς
884 1176 980 1228 σὺν
997 1173 1146 1245 αὑτῷ
1160 1190 1220 1227 τε
1239 1177 1329 1229 καὶ
1347 1176 1412 1228 δι’
1429 1175 1578 1247 αὐτῷ
1600 1179 1766 1245 ἐγγὺς
1784 1177 1878 1231 τοῦ

287 1270 527 1340 Πατρός.
551 1268 735 1322 Πάντα
753 1269 861 1340 γὰρ
883 1267 947 1320 δι’
965 1268 1114 1339 ἡμᾶς
1136 1267 1229 1320 καὶ
1252 1268 1392 1339 ὑπὲρ
1411 1268 1571 1338 ἡμῶν
1591 1268 1883 1340 ᾠκονομεῖο

284 1380 352 1416 το
382 1361 593 1430 σαφῶς.
629 1360 842 1431 Ὠσπερ
860 1359 971 1430 γὰρ
993 1359 1184 1429 γέγονε
1220 1360 1337 1431 μεθ’
1365 1360 1520 1430 ἡμῶν
1545 1362 1603 1413 ὲν
1631 1363 1843 1430 νεκροῖς
1861 1401 1876 1422 ,

288 1452 382 1507 ἴνα
402 1453 567 1522 ἡμεῖς
594 1451 674 1511 είς
694 1450 840 1520 ζωὴν
864 1450 959 1503 σὺν
986 1449 1137 1521 αὑτῷ
1164 1467 1222 1503 τε
1250 1450 1347 1503 καὶ
1370 1450 1436 1503 δι’
1459 1450 1648 1504 αὐτοῦ·
1680 1451 1885 1505 ἀνεϐίω

288 1545 403 1615 γὰρ
441 1544 503 1597 τὸ
540 1542 634 1596 τοῦ
679 1542 914 1597 θανάτου
949 1543 1198 1613 πατήσας
1230 1542 1466 1615 κράτος,
1513 1544 1657 1598 οὕτω
1688 1545 1878 1613 γέγονε

294 1638 417 1709 μεθ’
464 1635 624 1707 ἡμῶν
672 1636 959 1708 ἁποτέρω,
995 1637 1200 1708 καίπερ
1225 1635 1300 1690 ὣν
1333 1638 1535 1706 ἐγγὺς,
1582 1639 1669 1693 ἵνα
1715 1639 1879 1693 πάλιν

290 1732 456 1802 ἡμεῖς
488 1731 585 1783 σὺν
616 1728 788 1799 αὐτῷ,
815 1728 911 1782 καὶ
944 1727 1013 1781 δι’
1041 1727 1206 1782 αὑτοῦ
1234 1728 1555 1801 ὲγγύσωμεν
1579 1730 1657 1802 τῷ
1679 1730 1877 1802 Πατρίο

291 1824 320 1875 ὂ
365 1823 433 1893 δὴ
479 1822 572 1876 καὶ
612 1821 942 1876 τετέλεσται.
984 1819 1212 1893 Μέτοχοι
1245 1820 1353 1893 γὰρ
1386 1822 1673 1892 γεγονότες
1713 1822 1878 1875 αὐτοῦ

291 1915 380 1968 διὰ
410 1913 505 1967 τοῦ
539 1914 876 1985 Πνεύματος,
909 1912 1166 1984 ήνώμεθα
1200 1913 1279 1985 τῷ
1308 1914 1430 1986 Θεῷ
1468 1914 1567 1969 καὶ
1598 1915 1777 1987 Πατρὶ
1809 1915 1878 1968 δι’

292 2004 480 2070 αὐτοῦ,
507 2002 664 2077 εἴπερ
691 2023 709 2055 ι
740 2004 909 2076 ἐσμὲν
928 2003 1143 2073 ἀληθῶς
1166 2004 1314 2068 θείας
1331 2004 1545 2075 φύσεως
1565 2005 1833 2067 κοινωνοὶ,
1855 2025 1873 2055 ›

294 2097 436 2150 κατὰ
466 2095 565 2160 τὰς
591 2095 837 2168 Γραφάς.
880 2095 1021 2149 Ἀλλ’
1053 2096 1186 2164 ὑψοῦ
1222 2098 1320 2168 μὲν
1348 2097 1486 2151 ἰέναι
1516 2097 1875 2170 προστέταχε,

246 2194 253 2203 “
293 2190 387 2243 καὶ
411 2188 646 2244 συναναθ
657 2188 888 2261 ρὼσκειν
908 2191 987 2253 εἰς
1006 2189 1065 2242 τὸ
1078 2189 1202 2261 ὅρος
1224 2190 1416 2244 Μωσεῖ
1432 2206 1491 2242 τε
1516 2188 1611 2242 καὶ
1643 2188 1876 2257 Ἀαρὼν,

292 2284 415 2345 τοὺς
452 2281 632 2351 ἱερούς
655 2298 715 2334 τε
748 2281 846 2335 καὶ
892 2280 1299 2352 ἐξειλεγμένους
1339 2281 1368 2334 ὀ
1395 2280 1504 2335 τῶν
1542 2280 1678 2334 ὅλων
1722 2280 1877 2346 Θεός.

295 2370 416 2425 ’ῡτι
444 2371 502 2424 δὲ
540 2372 664 2435 τοὺς
694 2371 946 2434 εὐκλείας
990 2372 1226 2442 ἥκοντας
1253 2372 1334 2434 είς
1361 2370 1518 2424 τοῦτο
1545 2371 1750 2435 λοιπὸν,
1781 2372 1878 2425 καὶ

293 2464 565 2534 ἀναϐῆναι
593 2464 809 2536 ἀληθῶς
835 2465 914 2526 είς
943 2462 1007 2516 τὸ
1028 2463 1142 2517 ἂνω
1172 2462 1631 2534 προτεθυμένους,
1664 2464 1752 2517 ἵνα
1782 2465 1876 2517 καὶ

294 2557 458 2625 ἔγγὺς
475 2557 716 2625 γένοιντο
744 2553 903 2619 Θεοῦ,
929 2553 1435 2627 προαφαγνίζεσθαι
1459 2553 1564 2626 χρὴ
1586 2555 1663 2625 τῷ
1683 2556 1876 2626 αἵματι

298 2648 387 2702 τοῦ
418 2647 680 2720 Χριστοῦ,
706 2647 766 2712 6;
805 2647 906 2719 τῆς
936 2648 1189 2702 ἁπάντων
1218 2647 1363 2718 ζωῆς
1394 2647 1749 2718 ἀντάλλαγμα
1778 2648 1880 2719 τὴν

296 2740 485 2794 ἑαυτοῦ
511 2739 687 2811 ψυχὴν
714 2740 1024 2811 ἐποιήσατο,
1050 2739 1369 2793 ἀνατέθεικε
1395 2738 1452 2792 δὲ
1481 2739 1573 2792 καὶ
1596 2740 1676 2802 είς
1699 2738 1877 2810 ὀσμὴν

294 2834 523 2897 ρῦωδίας
552 2833 650 2905 τὴν
680 2830 1083 2903 ἀναληφθεῖσαν
1106 2831 1304 2902 σάρκα.
1329 2829 1745 2901 Προσκεκόμικε
1766 2831 1875 2902 γὰρ

1990 351 2225 406 testibus
2256 352 2494 407 moritur
2524 352 2589 406 “'.
2625 373 2642 404 ι
2676 352 3114 410 Conscendimus
3152 356 3321 425 igitur
3358 374 3461 415 nos
3492 377 3583 416 sa-

1987 442 2123 496 crati
2150 451 2315 514 atque
2347 444 2509 500 electi
2553 444 2619 499 ad
2656 461 2927 516 supernas
2955 449 3292 514 mansiones,
3323 450 3495 505 veluti
3525 453 3583 506 iu

1986 540 2229 587 montem
2274 536 2602 605 quemdam,
2640 537 2850 607 reliqua
2897 539 3059 607 plebe
3108 540 3249 595 infra
3300 552 3580 597 manente.

1994 640 2012 674 ι
2049 624 2167 679 Non
2192 626 2363 689 enim,
2389 626 2485 693 ait,
2513 627 2777 682 ascendet
2802 630 3039 698 populus
3058 645 3185 684 eum
3214 646 3285 685 eo
3313 649 3326 684 :
3361 650 3379 682 ι
3410 632 3578 701 quod,

1985 723 2048 770 ut.
2069 716 2326 773 Christus
2354 719 2449 777 ait.
2485 737 2503 770 ι
2535 719 2689 774 Multi
2720 721 2830 774 sint
2854 722 3068 786 vocati,
3102 723 3261 792 pauci
3292 739 3426 778 vero
3462 725 3582 781 ele-

1985 807 2058 863 cti
2082 807 2146 861 “.
2181 825 2199 858 ›
2228 807 2593 863 Ascendimus
2627 824 2781 873 vero,
2811 810 2906 864 sed
2948 826 3073 865 cum
3104 812 3346 867 Christo.
3372 813 3581 870 Aderat

1983 900 2131 954 enim
2156 908 2289 954 tunc
2315 900 2676 956 adorantibus
2703 901 2906 965 Aaron,
2931 910 2989 957 et
3020 903 3088 957 iis
3110 904 3206 973 qui
3236 905 3418 960 adhuc
3454 907 3579 961 lon-

1982 996 2103 1065 gius
2123 996 2350 1050 aberant
2375 995 2771 1051 adnumeratus
2793 996 2926 1051 fuit:
2941 997 3031 1052 Sic
3052 1006 3109 1052 et
3134 996 3393 1053 Christus
3415 998 3579 1070 longe

1982 1100 2013 1140 a
2047 1086 2209 1142 nobis
2241 1087 2417 1142 abfuit
2450 1097 2678 1157 propter
2710 1104 2831 1153 nos,
2869 1098 2930 1143 ut
2963 1098 3017 1144 et
3050 1106 3153 1145 nos
3187 1104 3311 1145 cum
3360 1092 3480 1161 ipso
3522 1099 3581 1146 et

1981 1192 2084 1246 per
2116 1178 2294 1248 ipsum
2327 1178 2478 1232 Patri
2520 1179 3108 1249 appropinquaremus.
3163 1180 3374 1236 Cuncta
3428 1182 3578 1236 enim

1982 1280 2208 1341 propter
2248 1286 2352 1326 nos
2390 1286 2453 1326 ac
2487 1286 2593 1342 pro
2635 1272 2797 1327 nobis
2830 1274 3108 1343 sapienter
3154 1274 3452 1329 ordinavit.
3506 1273 3579 1329 Ut

1980 1365 2129 1419 enim
2168 1363 2347 1419 factus
2384 1373 2467 1419 est
2502 1365 2791 1421 nobiscum
2824 1366 3094 1429 mortalis,
3141 1364 3307 1436 329
3343 1373 3405 1419 ut
3449 1378 3574 1420 cum

1981 1454 2100 1523 ipso
2132 1470 2195 1510 ac
2221 1470 2321 1525 per
2349 1455 2529 1525 ipsum
2558 1457 2874 1511 viveremus
2912 1474 2925 1510 :
2954 1458 3155 1511 revixit
3176 1458 3345 1523 enim,
3379 1460 3583 1513 mortis

1980 1556 2252 1619 potestate
2287 1549 2597 1617 destructa;
2648 1551 2727 1606 sic
2760 1550 2939 1605 factus
2984 1560 3069 1606 est
3108 1551 3400 1605 nobiscum
3450 1552 3574 1605 lon-

1980 1639 2122 1712 gius,
2148 1642 2364 1697 tametsi
2389 1652 2509 1698 erat
2531 1659 2724 1713 prope,
2754 1651 2813 1697 ut
2842 1652 2898 1698 et
2927 1658 3030 1698 nos
3067 1658 3191 1697 cum
3229 1644 3348 1713 ipso
3379 1651 3435 1697 et
3472 1659 3575 1713 per

1981 1733 2160 1803 ipsum
2188 1734 2369 1789 denuo
2393 1736 2963 1805 appropinquaremus
2994 1735 3145 1789 Patri
3174 1753 3187 1788 :
3218 1734 3365 1805 quod
3396 1746 3452 1790 et
3479 1750 3573 1791 ac-

1979 1825 2133 1881 cidit.
2158 1824 2593 1897 Comparticipes
2617 1825 2764 1880 enim
2793 1824 2845 1880 ei
2882 1824 3082 1880 redditi
3111 1841 3322 1888 sumus,
3348 1834 3407 1880 et
3429 1826 3570 1882 uniti

1979 1914 2090 1970 Deo
2123 1930 2186 1970 ac
2212 1915 2359 1970 Patri
2399 1931 2498 1985 per
2527 1916 2726 1984 ipsum,
2756 1914 3029 1985 siquidem
3065 1933 3085 1966 ι
3133 1915 3336 1969 divinae
3379 1930 3575 1969 sumus

1977 2014 2189 2062 natura:
2210 2015 2515 2072 consortes,
2548 2026 2565 2058 ι
2616 2014 2678 2061 ut
2699 2006 2969 2077 scriptum
3004 2016 3090 2061 est
3111 2006 3177 2059 “.
3221 2004 3327 2062 Sed
3350 2021 3571 2061 sursum

1980 2097 2206 2152 tendere
2232 2097 2492 2168 przeccpit
2522 2097 2908 2153 universorum
2929 2097 3077 2152 Deus
3098 2096 3231 2152 Mosi
3256 2105 3310 2152 et
3338 2096 3569 2160 Ant-oni,

1978 2196 2034 2242 et
2066 2189 2119 2244 in
2149 2198 2335 2244 monte
2363 2190 2641 2260 aggregari
2676 2189 2995 2245 sacerdotes
3023 2197 3186 2259 atque
3212 2190 3465 2245 selectos.
3488 2189 3569 2244 Ad

1979 2278 2125 2332 illam
2158 2295 2290 2334 vero
2319 2280 2548 2352 gloriam
2587 2282 2893 2347 venientes,
2927 2289 2985 2336 et
3025 2295 3223 2337 revera
3268 2283 3570 2338 ascendere

1979 2385 2195 2425 sursum
2222 2380 2464 2441 paratos,
2492 2388 2601 2445 quo
2623 2381 2680 2428 et
2710 2374 2822 2428 Deo
2848 2374 3312 2444 appropinquent,
3344 2375 3570 2429 lustrari

1977 2468 2033 2513 et
2059 2459 2337 2529 puriﬁeari
2361 2462 2569 2517 Christi
2599 2463 2866 2533 sanguine
2895 2464 3177 2525 convenit,
3201 2464 3297 2533 qui
3323 2478 3425 2534 pro
3449 2478 3570 2519 om—

1977 2549 2131 2604 nium
2177 2552 2291 2606 vita
2342 2553 2580 2606 animam
2632 2568 2787 2607 suam
2842 2553 3280 2609 redhostimento
3322 2557 3511 2625 posuit
3553 2574 3570 2610 :

1978 2642 2176 2697 obtulit
2200 2659 2419 2714 quoque
2460 2645 2627 2700 etiam
2668 2646 2723 2698 in
2756 2645 2982 2700 odorem
3022 2647 3311 2701 suavitatis
3347 2663 3569 2704 carnem

1977 2743 2337 2805 assumptam.
2365 2736 2527 2792 Dedit
2582 2738 2731 2792 enim
2783 2738 3031 2807 seipsum
3094 2738 3426 2793 sacriﬁcium
3481 2741 3568 2796 in-

1976 2828 2201 2882 noxium
2250 2843 2352 2898 pro
2385 2828 2546 2883 nobis
2590 2829 2723 2894 Deo,
2772 2843 2835 2883 ac
2869 2829 3117 2898 spiritale
3151 2829 3567 2896 holocaustum,

293 2925 480 2980 ιαυτὸν
507 2926 700 2996 ἱερεῖον
720 2924 949 2995 ἄμωμον
972 2923 1113 2995 ὑπὲρ
1133 2923 1287 2995 ἡμῶν
1308 2922 1388 2993 τῷ
1408 2923 1546 2994 Θεῷ,
1571 2922 1667 2976 καὶ
1685 2923 1874 2994 νοητὸν

1981 2927 2041 2973 ut
2067 2918 2123 2973 in
2149 2926 2275 2990 typo
2300 2919 2459 2974 nobis
2491 2918 2686 2975 beatus
2712 2919 2889 2975 Moses
2927 2921 3109 2975 denuo
3136 2924 3568 2991 reprmsentavit,

292 3015 674 3086 ὁλοκαύτωμα,
713 3016 789 3079 ὡς
827 3015 1202 3087 προανετύπου
1236 3015 1401 3069 πάλιν
1433 3017 1564 3086 ἡμῖν
1606 3015 1636 3068 6
1681 3013 1875 3068 θεσπέ-

292 3124 407 3169 σιος
429 3106 662 3176 Μωσῆς,
689 3108 756 3178 τῇ
790 3103 883 3161 τοῦ
911 3104 1218 3176 πνεύματος
1248 3102 1584 3174 φωταγωγίᾳ
1610 3101 1746 3173 πρὸς
1775 3101 1874 3172 τὴν

287 3201 400 3254 τῶν
451 3198 724 3270 ἐσομένων
776 3197 1187 3270 προηγούμενος
1236 3196 1458 3266 γνῶσιν.
1509 3194 1679 3249 Τοῦτο
1727 3193 1872 3265 γὰρ,

288 3286 467 3361 οἶμαι,
501 3290 724 3353 συνιεὶς,
756 3288 863 3360 πρὸ
887 3288 984 3359 τῆς
1010 3289 1090 3351 είς
1124 3287 1187 3340 τὸ
1217 3287 1331 3342 ἄνω
1359 3286 1584 3359 πορείας
1612 3286 1777 3341 αὐτοῦ
1813 3302 1873 3340 τε

289 3381 384 3435 καὶ
415 3381 525 3434 τῶν
553 3378 928 3450 κεκλημένων,
972 3397 992 3429 ‹
1030 3376 1277 3450 Ἔγραψε
1320 3376 1499 3431 πάντα
1543 3376 1612 3430 τὰ
1653 3378 1873 3448 ῥήματα

289 3469 379 3524 τοῦ
401 3471 637 3541 Κυρίου.
668 3488 686 3522 ι
721 3468 787 3522 Τί
806 3469 861 3522 δὲ
882 3468 1054 3539 τούτῳ
1104 3468 1500 3539 προείργασται
1523 3466 1874 3538 πάλιν,ὲροῦο

293 3579 390 3632 μεν
428 3560 613 3624 εὐθύς.
647 3560 772 3631 Χρὴ
816 3559 946 3630 γὰρ,
977 3556 1164 3630 οἴμαι,
1202 3559 1331 3621 τοὺς
1365 3557 1465 3628 τῆς
1511 3557 1646 3628 ὑψοῦ
1677 3574 1736 3611 τε
1778 3558 1874 3612 καὶ

288 3653 399 3707 ἄνω
428 3648 659 3722 πορείας
691 3651 1037 3721 ὲιξιεμένους,
1069 3651 1148 3713 είς
1178 3648 1304 3703 νοῦν
1330 3649 1425 3702 καὶ
1454 3648 1686 3721 καρδίαν
1715 3652 1873 3717 ἐγκε-

289 3743 633 3815 χαραγμένον
660 3741 803 3813 ἔχειν
836 3740 929 3795 τὸν
962 3740 1055 3795 τοῦ
1088 3738 1225 3794 Θεοῦ
1263 3739 1445 3808 νόμον,
1483 3740 1785 3807 ἀναφωνεῖν
1812 3756 1872 3792 τε

287 3836 473 3887 λοιπὸν
495 3833 749 3902 καθάπερ
768 3834 831 3886 ὲκ
850 3831 1019 3903 λύρας
1039 3832 1174 3904 πρὸς
1197 3831 1379 3893 αὐτὸν,
1410 3849 1427 3881 ι
1471 3831 1559 3884 Ἐν
1582 3832 1647 3902 τῇ
1675 3831 1873 3903 καρδίᾳ

270 3942 390 3995 ,μου
419 3923 632 3995 ἔκρυψα
651 3923 721 3977 τὰ
744 3922 902 3992 λόγια
933 3938 1048 3985 σου,
1074 3922 1223 3984 ὅπως
1254 3920 1321 3974 ἂν
1348 3920 1423 3992 μὴ
1453 3921 1685 3992 ἁμάρτω
1711 3936 1812 3975 σοι.
1847 3938 1868 3974 t

288 4020 460 4073 Ὦσπε
469 4036 501 4090 ρ
521 4018 632 4087 γάρ
662 4019 808 4070 ἐστιν
827 4015 927 4068 οὐκ
955 4013 1245 4077 ἁσυντελὲς
1269 4015 1350 4077 είς
1374 4013 1540 4084 ζωὴν,
1563 4013 1657 4067 καὶ
1681 4013 1871 4085 χρῆμα

288 4111 577 4181 σωτήριον,
620 4106 682 4160 τὸ
725 4106 837 4160 τῶν
883 4103 978 4159 τοῦ
1022 4103 1161 4158 Θεοῦ
1205 4103 1381 4172 λόγων
1429 4102 1738 4174 μεμνῆσθαι
1784 4103 1872 4157 διὰ

286 4202 519 4266 παντός·
550 4199 644 4253 τὸν
684 4197 846 4252 αὑτὸν
865 4239 881 4263 ,
920 4192 1095 4266 οἶμαι,
1126 4196 1328 4266 τρόπον
1354 4195 1582 4266 ὀλέθρου
1615 4195 1872 4267 πρόξενον

1978 3007 2383 3063 illuminatione
2413 3008 2642 3079 spiritus
2664 3008 2984 3078 praecedens
3002 3008 3069 3062 ad
3096 3016 3446 3079 posterorum
3474 3012 3573 3080 qui

1976 3108 2343 3171 sequerentur
2373 3100 2768 3156 eruditionem.
2801 3101 2917 3155 Hoc
2957 3101 3127 3165 enim,
3160 3109 3316 3171 puto,
3361 3101 3569 3158 intelli-
3608 3139 3611 3142 ν

1976 3205 2113 3262 gens
2133 3205 2234 3261 per
2256 3205 2416 3245 suum
2451 3197 2616 3260 atque
2641 3197 2960 3245 vocatorum
2986 3190 3042 3244 in
3068 3192 3356 3262 superiora
3379 3208 3577 3248 ascen-

1976 3297 2118 3347 sum,
2154 3302 2171 3334 ι
2206 3281 2439 3353 Scripsit
2467 3281 2652 3336 omnia
2676 3281 2847 3336 verba
2876 3282 3091 3337 Domini
3125 3283 3191 3338 ".
3223 3302 3242 3335 ι
3271 3283 3413 3350 Quid
3455 3284 3570 3340 haec

1975 3389 2194 3429 rursum
2230 3374 2399 3429 fuerit
2442 3381 2826 3438 consecutum,
2861 3387 3009 3429 nunc
3050 3373 3317 3429 dicemus.
3343 3373 3571 3446 Oportet

1975 3465 2119 3519 enim
2142 3506 2156 3529 ,
2188 3473 2250 3519 ut
2293 3463 2550 3526 arbitror,
2582 3478 2680 3519 eos
2710 3464 2802 3533 qui
2836 3477 3061 3517 sursum
3103 3462 3341 3518 tendunt
3369 3471 3427 3519 et
3472 3478 3569 3518 sn-

1974 3571 2144 3627 perna
2175 3562 2460 3626 appetunt,
2486 3553 2670 3608 animo
2694 3554 2958 3623 cordique
2989 3554 3318 3624 insculptam
3357 3554 3454 3609 Dei
3484 3555 3568 3611 le-

1974 3663 2095 3719 gem
2139 3654 2358 3719 gestare
2404 3664 2416 3700 :
2464 3648 2771 3703 exclamare
2823 3647 3062 3716 denique
3110 3661 3235 3700 cum
3274 3646 3452 3701 Psalte
3499 3648 3573 3703 ad

1973 3740 2144 3797 Deum
2188 3759 2202 3793 :
2237 3759 2256 3792 ι
2301 3740 2362 3794 lu
2392 3740 2559 3794 corde
2614 3754 2740 3793 meo
2785 3738 3049 3793 abscondi
3091 3738 3309 3806 eloquia
3318 3747 3453 3819 “tua
3506 3747 3571 3793 ut

1973 3847 2084 3887 non
2111 3846 2334 3903 peccem
2369 3830 2468 3885 tibi
2493 3830 2558 3884 “.
2607 3849 2625 3880 ι
2656 3829 2727 3885 Ut
2767 3828 2915 3882 enim
2947 3828 3082 3882 utile
3110 3834 3196 3882 est
3221 3828 3367 3890 vita),
3395 3836 3453 3883 et
3479 3845 3567 3885 res

1974 3924 2263 3986 salutaris,
2330 3921 2629 3975 verborum
2682 3919 2778 3973 Dei
2836 3918 3045 3988 ubique
3100 3917 3447 3986 meminisse;
3496 3921 3565 3975 ad

1973 4015 2249 4076 eumdem,
2271 4021 2428 4083 puto,
2451 4011 2677 4066 modum
2704 4010 3006 4080 perniciem
3031 4010 3211 4077 aﬂ'ert,
3240 4010 3390 4066 illius
3419 4010 3560 4067 oblio

1973 4103 2129 4167 visci,
2161 4111 2326 4174 atque
2367 4103 2645 4174 ignorare.
2682 4101 2859 4156 Moses
2891 4101 3077 4171 itaque
3107 4101 3330 4157 divinus
3366 4103 3568 4159 scribit

1982 4214 2001 4247 ι
2029 4194 2213 4250 omnia
2240 4193 2410 4249 verba
2441 4192 2683 4257 Domini,
2734 4210 2757 4243 δ
2788 4191 2858 4248 de
2896 4180 3098 4262 quibus
3131 4201 3188 4248 et
3226 4192 3373 4249 idem
3417 4195 3568 4265 apud

282 4292 344 4344 τδ
372 4288 829 4345 ἐπιλανθάνεσθαι
862 4287 1055 4357 φιλεῖν.
1092 4288 1299 4359 Γράφει
1332 4287 1511 4340 τοίνυν
1535 4288 1565 4341 6
1602 4287 1869 4359 μακάριος

1975 4286 2272 4356 discipulos
2306 4300 2339 4340 a
2377 4300 2436 4340 se
2464 4283 2715 4340 eruditos
2745 4283 3011 4352 loquitur,
3053 4283 3141 4338 vel
3175 4284 3338 4339 nobis
3379 4285 3567 4354 potius

282 4383 489 4453 Μωσῆς
528 4400 549 4433 ε
584 4380 761 4435 πάντα
788 4380 857 4433 τὰ
895 4381 1117 4450 ῥήματα
1157 4378 1251 4431 τοῦ
1285 4379 1524 4450 Κυρίου,
1574 4399 1592 4432 ι
1633 4380 1761 4452 περὶ
1791 4374 1866 4434 ὧν

283 4474 377 4529 καὶ
405 4473 569 4537 αὐτὸς
592 4470 862 4542 ἐπεφώνει
888 4472 1002 4534 τοῖς
1032 4468 1570 4541 παιδαγωγουμένοις
1591 4470 1658 4524 δι’
1677 4470 1866 4536 αὐτοῦ,

289 4566 488 4635 μᾶλλον
508 4565 566 4619 δὲ
596 4564 692 4618 καὶ⁸
711 4564 843 4634 ἡμῖν
872 4562 1083 4625 αὐτοῖς·
1125 4577 1144 4612 t
1182 4561 1294 4615 Καὶ
1320 4560 1578 4631 λαλήσεις
1600 4562 1660 4614 ὲν
1687 4563 1870 4629 αὐτοῖς

285 4659 591 4730 καθήμενος
617 4657 675 4709 ὲν
702 4654 857 4726 οἴκῳ,
890 4653 984 4708 καὶ
1011 4653 1378 4725 πορευόμενος
1411 4653 1470 4706 ἐν
1496 4651 1623 4723 ὀδῷ,
1645 4656 1737 4708 καὶ
1762 4672 1868 4709 κοι-

283 4751 599 4823 ταζόμενος,
631 4748 725 4802 καὶ
748 4747 1178 4817 διανιστάμενος.
1220 4743 1511 4816 Ὀρθρίσας
1533 4742 1593 4796 δὲ
1614 4744 1675 4797 τὸ
1700 4743 1867 4816 πρωῒ,

284 4844 669 4917 Θυσιαστήριον
713 4838 1051 4911 ἀνεδείματο.
1098 4837 1419 4909 Περιῒστησι
1459 4835 1521 4890 δὲ
1547 4835 1697 4906 αὐτῷ
1729 4837 1868 4890 δυω-

283 4936 510 4990 καίδεκα
550 4933 735 4998 λίθους
771 4933 852 4997 είς
892 4931 994 4996 τὰς
1040 4928 1249 4984 δώδεκα
1282 4927 1456 4998 φυλὰς
1486 4926 1581 4981 τοῦ
1624 4929 1861 5001 Ἰσραήλ.

283 5026 393 5080 Καὶ
421 5024 709 5079 ἀπέστειλε
737 5023 864 5087 τοὺς
890 5021 1211 5083 νεανίσκους
1237 5020 1349 5072 τῶν
1375 5018 1506 5073 υἱῶν
1543 5020 1781 5092 Ἰσραὴλ,
1815 5020 1864 5074 οἳ

283 5121 375 5173 καὶ
417 5119 759 5189 ἀνήνεγκαν,
808 5114 1010 5185 φησὶν,
1045 5111 1503 5182 ὁλοκαυτώματα,
1539 5113 1633 5165 καὶ
1665 5112 1865 5167 ἔθυσαν

280 5211 469 5267 ουσίαν
498 5208 766 5281 σωτηρίου
796 5207 875 5279 τῷ
905 5206 1055 5279 Θεῷ,
1109 5205 1398 5278 μοσχάρια.
1455 5224 1473 5257 ι
1511 5204 1584 5258 T6
1631 5206 1731 5277 μὲν
1772 5202 1864 5261 οὗν

278 5301 687 5373 θυσιαστήριον,
705 5298 878 5363 τύπος
908 5298 974 5352 ἂν
1008 5297 1092 5369 εἴη
1114 5297 1208 5352 καὶ
1230 5296 1377 5367 μάλα
1398 5295 1583 5365 σαφῶς
1606 5296 1702 5367 τῆς
1738 5296 1864 5349 Ἐκ-

277 5395 507 5465 κλησίας
535 5393 629 5449 τοῦ
675 5390 914 5465 Χριστοῦ
935 5433 950 5457 ,
994 5389 1095 5461 τῆς
1131 5390 1294 5459 οἱονεί
1331 5406 1446 5453 πως
1477 5389 1569 5442 ἐπὶ
1615 5388 1677 5442 τὸ
1712 5388 1842 5460 ὅρος

1974 4377 2110 4446 ipsis
2152 4394 2166 4429 :
2205 4394 2223 4426 ι
2269 4374 2339 4430 Et
2367 4374 2615 4445 loqueris
2644 4374 2698 4427 in
2744 4373 2881 4443 ipsis
2910 4373 3109 4427 sedens
3137 4373 3287 4427 domi
3332 4383 3460 4440 tua,
3509 4385 3568 4430 et

1974 4469 2263 4525 ambulans
2293 4468 2350 4522 in
2381 4467 2491 4530 via,
2536 4466 2837 4531 dormiens,
2878 4472 2941 4519 et
2979 4462 3172 4518 cubitu
3218 4476 3469 4533 surgens.
3492 4494 3565 4505 --

1965 4565 2122 4621 Mane
2149 4579 2286 4620 vero
2309 4577 2648 4635 consurgens
2686 4560 2979 4618 tedilicavit
3021 4559 3214 4615 altare.
3258 4559 3329 4614 Et
3366 4559 3560 4614 statuit

1965 4657 2257 4712 duodecim
2300 4655 2513 4725 lapides
2554 4655 2610 4709 in
2639 4651 2935 4709 duodecim
2960 4651 3142 4706 tribus
3166 4648 3356 4707 Israel.
3384 4649 3562 4706 Misit-

1965 4762 2076 4819 que
2096 4748 2328 4818 juvenes
2351 4744 2592 4801 miorum
2622 4744 2812 4809 Israel,
2842 4743 2941 4814 qui
2965 4749 3021 4798 et
3047 4742 3375 4797 obtulerunt
3400 4741 3561 4797 holo-

1965 4848 2297 4903 cautomata,
2344 4848 2402 4893 et
2448 4837 2805 4892 immolarunt
2843 4835 3081 4890 hostiam
3121 4833 3381 4888 salutaris
3423 4833 3563 4897 Deo,

1964 4931 2167 4985 vitulos
2187 4929 2257 4983 “.
2291 4948 2310 4981 ι
2339 4929 2525 4984 Altare
2548 4926 2773 4999 quidem
2795 4933 2963 4997 typus
2985 4939 3109 4979 esse
3128 4930 3333 4994 potest,
3353 4930 3410 4977 et
3429 4923 3559 4993 qui-

1963 5022 2089 5077 dem
2116 5021 2316 5085 elarus,
2341 5001 2605 5076 Ecciesiaa
2626 5018 2850 5082 Christi,
2873 5032 2997 5087 qua
3019 5016 3075 5068 in
3104 5022 3292 5068 monte
3325 5014 3431 5069 sita
3450 5024 3560 5071 est.

1962 5114 2022 5170 In
2057 5113 2206 5169 edito
2250 5113 2399 5168 enim
2441 5113 2594 5179 loco,
2640 5119 2900 5180 tanquam
2952 5109 3008 5162 in
3056 5114 3242 5162 monte
3283 5105 3554 5177 quodam,

1964 5207 2113 5262 illam
2143 5206 2373 5261 alteram
2404 5206 2566 5261 sitam
2588 5219 2710 5260 esse
2735 5202 2992 5267 dicimus,
3017 5200 3183 5271 330
3197 5214 3320 5270 quae
3353 5197 3564 5269 primo-

1964 5298 2273 5370 genitorum
2300 5306 2385 5353 est
2414 5296 2756 5366 metropolis,
2799 5295 2959 5365 cujus
2997 5294 3181 5363 opifex
3226 5300 3287 5347 et
3314 5290 3557 5345 archite-

1950 5400 2072 5444 ctus
2092 5390 2255 5445 Deus.
2288 5389 2669 5458 Repraesentat
2688 5400 2821 5457 ergo
2842 5386 3017 5441 altare
3036 5382 3199 5439 nobis
3222 5381 3553 5446 Ecclesiam,

344 5509 393 5541 "°
422 5508 590 5563 Hebr.
623 5524 691 5571 ι,
734 5506 824 5562 28.
901 5506 945 5537 “
974 5502 1165 5577 Matth.
1220 5519 1344 5577 __xx,
1380 5503 1464 5558 16.
1547 5503 1588 5534 ⁸³
1622 5502 1663 5557 ll
1709 5502 1853 5557 Petr.

1975 5501 2027 5555 4.
2054 5567 2067 5577 ρ
2102 5502 2146 5534 ⁸³
2173 5500 2349 5557 Exod.
2387 5516 2511 5555 xxxv
2535 5540 2549 5566 ,
2578 5501 2609 5555 4
2652 5508 2708 5555 et
2745 5498 2900 5555 alibi.
2981 5498 3026 5529 “
3066 5495 3209 5553 Psal.
3243 5509 3436 5562 cxvm,
3467 5494 3555 5551 ιδ’

278 5578 323 5673 ς
348 5578 511 5635 Deut.
537 5594 610 5647 vi,
638 5580 709 5646 7;
744 5576 1093 5665 Exodaxvuv,
1122 5576 1191 5664 _t,
1218 5575 1279 5667 δί

3484 156 3589 215 518
3630 164 3652 181 ’
