4022 6198
470 199 574 256 519

1492 204 1549 260 5.
1593 203 1868 264 CYRILU
1908 203 2379 262 ALEXANDRINI
2409 205 2729 263 ARCHIEP.

3646 203 3746 261 τεο

464 313 555 371 cui
599 324 653 370 et
690 313 919 387 mystice
958 315 1122 389 yalde
1161 315 1423 386 imposuit
1458 318 1635 374 Moses
1660 319 1877 389 lapides
1923 318 2054 374 duo-

2170 322 2450 392 κειμένης.
2488 322 2658 392 ’Υψοῦ
2684 321 2793 394 γὰρ
2824 319 3013 392 ὥσπερ
3044 320 3101 372 ὲν
3124 318 3241 391 ὄρει
3270 316 3366 389 τὴν
3392 313 3585 388 ἑτέραν
3613 315 3752 371 εἷναί

464 406 667 473 decim,
699 406 757 461 in
785 407 1015 463 totidem
1064 408 1242 464 tribus
1284 409 1471 480 populi
1504 410 1670 465 lsrael
1708 428 1721 465 :
1752 412 1832 465 sic
1861 426 2063 481 prope-

465 497 689 553 modum
713 499 983 554 accedens
1012 499 1080 553 iis
1110 498 1201 569 qui
1228 498 1297 554 dc
1340 501 1607 572 sanguine
1640 501 1857 556 lsraelis
1891 507 2059 567 sunt;

464 590 670 660 quibus
702 591 857 647 locus
889 591 1126 646 maxime
1161 591 1386 657 decens,
1423 593 1671 671 Ecclesia
1701 592 1909 649 Christi
1940 602 2057 659 est;

466 690 527 735 ut
561 681 808 737 fortassis
835 681 1169 737 exclamasse
1217 683 1353 738 illud
1391 692 1647 754 oporteat
1689 702 1701 738 :
1740 703 1758 735 ι
1804 683 2060 740 Circum—

465 772 609 828 dabo
650 773 822 826 altare
865 780 1040 839 tuum,
1069 774 1320 841 Domine,
1366 786 1426 831 ut
1457 777 1679 834 audiam
1710 793 1903 834 vocem
1937 778 2058 832 lau-

463 866 551 924 dis
580 865 645 919 t‘.
678 883 697 916 ι
724 863 881 931 Quod
912 865 1060 920 enim
1087 865 1222 937 ipsis
1246 868 1484 923 maxime
1523 877 1580 924 et
1614 877 1743 927 ante
1766 870 1905 925 alios
1934 868 2057 924 Sal-

462 965 709 1013 vatorem
742 972 807 1012 ac
838 958 1266 1029 Redemptorem
1290 960 1506 1016 miserit
1534 961 1737 1016 Filium
1762 961 1948 1027 Pater,
1977 960 2061 1031 ip-

462 1058 640 1108 semet
667 1050 931 1117 declarat,
956 1066 1084 1107 cum
1111 1052 1190 1108 ait
1223 1071 1236 1106 :
1274 1071 1292 1105 ι
1322 1053 1443 1108 Νοη
1475 1069 1598 1109 sum
1630 1053 1831 1124 missus
1854 1052 1963 1109 nisi
1988 1052 2058 1113 ad

461 1155 596 1197 oves
636 1157 761 1212 quae
791 1140 1077 1212 perierunt
1115 1142 1315 1198 domus
1362 1144 1529 1199 lsrael
1574 1145 1640 1198 ".
1698 1163 1717 1196 ι
1758 1144 2056 1215 Postquam

463 1247 597 1289 vero
638 1232 845 1305 ingenti
890 1245 1185 1305 pereuntes
1217 1236 1457 1292 amentia
1488 1236 1544 1290 in
1579 1236 1732 1292 illum
1778 1245 1911 1292 sunt
1955 1236 2054 1292 de-

465 1326 716 1382 bacchati
752 1326 962 1393 Judaei,
1012 1328 1328 1383 necessario
1358 1326 1612 1384 Christus
1656 1327 1727 1384 ad
1771 1338 1963 1400 gentes
1996 1343 2056 1385 se

464 1417 760 1474 convertit.
812 1416 971 1484 Quod
1020 1416 1186 1488 igitur
1227 1418 1382 1474 locus
1440 1418 1676 1474 maxime
1717 1425 1877 1489 aptus
1922 1418 2055 1489 ipsis

462 1518 602 1573 erat,
629 1516 691 1563 ut
716 1509 879 1564 modo
905 1509 1178 1576 dicebam,
1209 1510 1384 1566 altare
1408 1509 1635 1577 Christi,
1666 1510 1842 1566 Moses
1866 1511 2055 1581 prasi-

463 1599 759 1670 gniﬁcavit,
800 1615 1082 1670 apponens
1114 1600 1216 1670 ipsi
1252 1600 1463 1672 lapides
1497 1601 1788 1657 duodecim
1820 1600 1876 1656 in
1924 1601 2053 1656 toti-

462 1692 588 1747 dem
612 1693 791 1747 tribus
811 1692 1000 1748 Israel.
1027 1691 1181 1758 Quod
1210 1709 1344 1749 vero
1370 1693 1696 1750 fortitudine
1720 1693 2050 1759 admirandi,
2085 1673 2127 1730 Β

463 1783 570 1839 hoc
600 1792 705 1848 est,
741 1783 997 1854 spiritali,
1039 1799 1163 1855 qua:
1201 1784 1506 1840 secundum
1532 1786 1711 1841 Deum
1742 1794 1847 1852 est,
1881 1786 2051 1841 robu-

461 1882 712 1943 stamque
741 1889 806 1929 ac
850 1874 1087 1930 validam
1130 1882 1370 1931 mentem
1409 1876 1743 1942 obtinentes,
1778 1876 2051 1932 sacriﬁca-

464 1965 575 2023 turi
619 1972 778 2019 crant
815 1973 1125 2041 opportune
1163 1964 1384 2021 Christo
1429 1981 1676 2033 sacrum,
1709 1981 1777 2021 ex
1821 1966 1890 2021 iis
1932 1982 2053 2036 quae

460 2063 613 2128 gesta
637 2063 766 2113 sunt
798 2057 958 2122 facile
987 2056 1188 2112 discas.
1228 2056 1379 2112 Missi
1408 2058 1614 2113 etenim
1640 2065 1776 2113 sunt
1796 2059 2049 2130 juvenes,

460 2155 519 2201 et
545 2146 869 2202 obtulerunt
894 2147 1235 2203 holocausta.
1272 2147 1327 2202 1d
1357 2156 1541 2204 autem
1573 2149 1893 2220 praestitisse
1917 2149 2049 2205 bea-

463 2246 549 2294 tos
573 2239 943 2309 comperimus
962 2239 1257 2310 apostolos,
1283 2240 1379 2311 qui
1399 2255 1641 2307 omnem,
1663 2248 1724 2296 ut
1743 2241 1818 2296 ita
1848 2241 2049 2307 dicam,

462 2340 735 2387 terrarum
776 2332 968 2387 orbem
996 2342 1362 2404 peragrarunt
1392 2333 1785 2402 sacriﬁcantes,
1811 2344 1866 2391 et
1890 2335 2050 2390 holo-

459 2431 651 2479 causta
686 2423 799 2478 Deo
827 2423 1143 2490 oﬂ‘crentes,
1181 2423 1285 2480 hoc
1312 2432 1416 2490 est,
1441 2439 1539 2481 eos
1564 2427 1659 2496 qui
1694 2425 1800 2482 ﬁde
1835 2442 1967 2482 sana
1996 2435 2052 2482 et

460 2513 674 2585 integra
716 2515 898 2570 ornati
938 2522 1089 2582 sunt,
1124 2524 1183 2570 et
1220 2532 1386 2587 quam
1428 2518 1635 2587 optime
1674 2518 1742 2573 ad
1787 2518 2050 2574 virtutem

460 2608 784 2677 comparati.
814 2607 934 2663 Non
967 2608 1115 2663 enim
1146 2618 1231 2663 est
1258 2609 1545 2665 imbecillas
1583 2609 1806 2675 mentis,
1831 2611 2047 2682 perspi-

459 2715 564 2756 cue
590 2700 727 2756 alios
757 2700 959 2757 docere
988 2716 1171 2771 posse,
1201 2718 1381 2772 neque
1414 2702 1583 2758 animi
1617 2701 1844 2767 inﬁrmi,
1870 2718 2050 2772 neque

460 2791 818 2848 mularibus
865 2792 1158 2850 desideriis
1209 2794 1449 2861 assueti,
1503 2803 1558 2849 at
1606 2794 1897 2866 praeparati
1935 2795 2046 2860 sic,

460 2890 519 2938 ct
559 2884 879 2954 juveniliter
922 2884 1185 2952 animati,
1233 2895 1297 2941 ut
1338 2885 1557 2941 tandem
1602 2886 1788 2941 dicere
1826 2892 1992 2956 queat
2033 2903 2045 2939 :

2169 429 2371 481 φαμεν,
2390 412 2491 484 τὴν
2514 411 2625 465 τῶν
2648 411 3008 484 πρωτοτόκων
3035 406 3389 482 μητρόπολιν,
3410 400 3479 478 ῆς
3503 406 3754 479 τεχνίτης

2164 504 2260 555 καὶ
2297 502 2628 575 δημιουργὸς
2669 504 2697 555 6
2739 502 2890 565 Θεός.
2936 499 3284 567 Ἐξεικονίζει
3332 496 3622 570 τοιγαροῦν
3653 497 3753 570 τὴν

2176 593 2505 666 Ἐκκλησίαν
2535 597 2666 666 ἡμῖν
2695 594 2757 648 τὸ
2784 594 3202 666 θυσιαστήριον
3234 585 3279 661 ᾧ
3312 591 3407 644 καὶ
3442 589 3563 644 λίαν
3603 592 3753 644 οίκοο

2162 685 2403 756 νομικῶς
2436 688 2781 757 περιΐστησιν
2809 688 2838 739 6
2876 687 3081 757 Μωσῆς
3118 685 3245 747 τοὺς
3293 680 3501 736 δώδεκα
3532 678 3714 744 λίθους
3734 722 3750 745 ,

2161 780 2241 842 είς
2261 777 2359 841 τὰς
2384 778 2593 833 δώδεκα
2613 777 2785 848 φυλὰς
2809 777 2904 832 τοῦ
2951 777 3167 848 Ἰσραήλ
3185 793 3201 810 ο
3230 772 3514 847 μονονουχὶ
3539 771 3634 826 καὶ
3662 772 3753 826 διὰ

2160 869 2320 923 τοῦτο
2352 868 2793 942 προπαρεγγυῶν
2832 872 2946 933 τοῖς
2983 869 3044 934 ἐξ
3088 868 3324 939 αἵματος
3379 865 3627 938 Ἰσραὴλ,
3666 867 3749 919 ὅτι

2158 961 2337 1035 χῶρος
2377 963 2561 1027 αὐτοῖς
2586 965 2617 1017 6
2652 961 2889 1034 μάλιστα
2931 961 3240 1033 πρέπων,ἠ
3283 958 3580 1031 Ἐκκλησία
3611 954 3751 1029 Χρι‹

2105 1064 2121 1076 ‘
2163 1055 2289 1110 στοῦ
2310 1073 2323 1086 ·
2354 1055 2603 1126 καὶτάχα
2625 1072 2731 1109 που
2750 1051 3170 1126 διακεκραγέναι
3190 1044 3371 1123 δεήσει
3406 1067 3421 1082 ο
3457 1051 3748 1105 ιΚατακυ-

2159 1150 2356 1204 κλώσω
2383 1150 2445 1204 τὸ
2467 1148 2854 1219 θυσιαστήριόν
2896 1162 3013 1210 σου,
3038 1145 3235 1217 Κύριε,
3264 1143 3361 1199 τοῦ
3406 1141 3641 1198 ἀκοῦσαί
3677 1156 3747 1213 με

2160 1242 2342 1313 φωνὴν
2366 1241 2679 1305 αἰνέσεως.»
2701 1240 2823 1295 ’Ὀτι
2852 1238 2991 1310 πρὸς
3012 1237 3122 1309 γὰρ
3151 1237 3349 1301 αὐτοὺς
3383 1235 3618 1308 μάλιστα
3648 1235 3748 1287 καὶ

2158 1334 2266 1406 πρό
2298 1350 2362 1403 γε
2392 1334 2500 1388 τῶν
2529 1332 2705 1388 ἄλλων
2735 1330 2969 1401 Σωτῆρα
3003 1329 3097 1384 καὶ
3129 1327 3426 1400 Λυτρωτὴν
3456 1326 3745 1381 ἀπέστειλε

2156 1427 2250 1482 τὸν
2292 1426 2422 1480 Υίὸν
2462 1428 2491 1480 6
2522 1425 2753 1498 Πατὴρ,
2800 1425 3055 1494 σαφηνιεῑ
3103 1421 3277 1491 λέγων
3310 1420 3507 1485 αιὶιτός⁸
3560 1437 3581 1472 ι
3628 1420 3749 1474 06x

2156 1516 2473 1589 ἀπεστάλην
2493 1556 2508 1581 ,
2534 1517 2583 1569 εί
2619 1515 2695 1587 μὴ
2724 1517 2803 1581 είς
2829 1515 2902 1569 τὰ
2928 1512 3176 1587 πρόϐατα
3206 1512 3276 1567 τὰ
3308 1511 3625 1567 ἀπολωλότα
3660 1513 3747 1566 oi-

2158 1626 2254 1665 κου
2314 1608 2553 1680 Ἰσραήλ.
2607 1627 2627 1661 ι
2690 1605 2907 1678 Ἐπειδὴ
2948 1605 3006 1660 δὲ
3053 1606 3135 1670 εἰς
3179 1604 3444 1668 ἐκτύπους
3484 1603 3746 1667 ἀπονοίας

2159 1701 2522 1773 ὼλισθηκότες
2550 1700 3013 1772 πεπαρῳνήκασιν
3037 1700 3119 1763 είς
3140 1698 3325 1765 αὑτὸν,
3352 1696 3747 1770 μετακεχωρη-

2160 1812 2254 1849 κεν
2282 1792 2597 1862 ἀναγκαίως
2620 1792 2714 1846 ἐπὶ
2741 1791 2810 1846 τὰ
2838 1791 2963 1863 ἔθνη
2993 1789 3247 1863 Χριστός.
3278 1790 3398 1843 Ὅτι
3428 1789 3608 1843 τοίνυν
3635 1789 3744 1858 χῶ-

2161 1905 2254 1960 ρος
2288 1889 2317 1942 6
2359 1886 2594 1959 μάλιστα
2644 1886 2871 1957 πρέπων
2916 1880 2986 1957 ἦν
3033 1885 3247 1949 αὐτοῖς,
3297 1882 3552 1955 καθάπερ
3601 1881 3745 1951 ἔφην

2158 1981 2381 2053 ἀρτίως,
2403 1980 2465 2034 τὸ
2484 1978 2576 2033 τοῦ
2601 1976 2840 2049 Χριστοῦ
2866 1977 3271 2048 θυσιαστήριον,
3299 1976 3743 2049 προκατεσήμαι-

2158 2090 2247 2128 νεν
2279 2075 2307 2128 ὁ
2335 2072 2555 2143 Μωσῆς,
2588 2071 2931 2142 περιστήσας
2968 2068 3117 2139 αὐτῷ
3147 2069 3276 2132 τοὺς
3315 2068 3526 2124 δώδεκα
3557 2068 3746 2132 λίθους

2157 2164 2238 2227 είς
2263 2162 2363 2225 τὰς
2386 2162 2592 2216 δώδεκα
2624 2160 2798 2230 φυλὰς
2822 2159 2913 2215 τοῦ
2954 2159 3188 2232 Ἰσραήλ.
3217 2160 3342 2215 Ὀτι
3361 2159 3418 2214 δὲ
3440 2159 3666 2230 ἔμελλον
3689 2156 3743 2212 oi

2157 2254 2245 2306 ἐπ’
2268 2252 2488 2324 ἀνδρείᾳ
2515 2251 2975 2322 τεθαυμασμένοι,
3004 2250 3164 2321 δῆλον
3195 2249 3251 2305 δὲ
3280 2251 3363 2304 ὃτι
3392 2254 3743 2321 πνευματικῇ

2157 2345 2250 2401 καὶ
2278 2345 2423 2400 κατὰ
2455 2345 2607 2409 Θεὸν,
2638 2346 2686 2399 οί
2714 2342 2945 2413 εὐσθενῆ
2968 2359 3028 2396 τε
3059 2342 3155 2397 καὶ⁵
3183 2341 3499 2417 ἐρρωμένον
3524 2343 3744 2414 ἔχοντες

2156 2436 2302 2504 νοῦν,
2336 2437 2712 2508 ἱερουργήσειν
2740 2434 2881 2488 κατά
2906 2434 3131 2506 καιροὺς
3162 2434 3224 2488 τὸ
3256 2435 3492 2505 Χριστοῦ
3530 2434 3747 2507 μυστή-

2160 2546 2295 2602 ριον,
2330 2529 2641 2602 καταμάθοι
2667 2547 2750 2594 τις
2779 2528 2845 2584 ἂν
2870 2529 2978 2582 ἀπό
3005 2545 3069 2596 γε
3099 2522 3194 2581 τοῦ
3226 2527 3535 2596 γεγονότος.
3607 2528 3749 2580 Ἄπι

2159 2622 2474 2677 εστέλλοντο
2528 2621 2629 2693 μὲν
2668 2620 2776 2694 γὰρ
2812 2622 2863 2675 οἱ
2902 2619 3208 2683 νεανίσκοι,
3245 2619 3338 2674 καὶ
3366 2619 3643 2691 προσῆγον
3668 2620 3745 2672 τὲ

2155 2713 2597 2786 ὁλοκαυτώματα.
2631 2713 2803 2769 Τοῦτο
2844 2712 3170 2784 δεδρακότας
3206 2714 3334 2776 τοὺς
3374 2711 3565 2782 ἁγίους
3598 2712 3746 2764 ἀπο-

2158 2806 2379 2871 στόλους
2408 2806 2765 2877 εὐρίσκομεν,
2794 2804 2843 2859 οἳ
2883 2806 3062 2859 πᾶσαν
3082 2845 3098 2868 ,
3128 2802 3318 2874 ὥσπερ
3346 2804 3541 2867 εἰπεῖν,
3584 2818 3746 2873 περι-

2157 2898 2385 2969 εφοίτων
2415 2898 2513 2971 τὴν
2544 2898 2668 2969 γῆν,
2705 2895 3113 2972 ἱερουργοῦντες
3139 2892 3288 2964 αὐτῷ
3315 2894 3409 2947 καὶ
3439 2891 3746 2965 προσάγον-

469 2992 487 3025 ι
525 2973 657 3028 Mihi
708 2974 893 3030 vivere
939 2974 1194 3032 Christus
1234 2984 1352 3042 est,
1395 2986 1451 3032 et
1484 2976 1623 3030 mori
1666 2977 1884 3032 lucrum
1913 2976 1980 3030 ⁸⁸.
2021 2994 2040 3026 ι

2155 3008 2246 3055 τες
2276 2990 2724 3062 ὁλοκαυτώματα,
2739 2990 3006 3052 τουτέστι,
3028 2988 3154 3052 τοὺς
3174 2988 3231 3040 ὲν
3250 2987 3537 3058 ἀμωμήτῳ
3558 2984 3741 3039 πίστει

460 3066 565 3133 Qui
597 3067 745 3121 enim
781 3067 903 3122 talis
930 3075 1042 3133 est,
1079 3084 1209 3123 vere
1249 3069 1468 3140 juvenis
1500 3076 1588 3124 est
1631 3069 1835 3131 audax,
1882 3075 2046 3137 atque

2155 3082 2496 3152 διαπρεπεῖς,
2520 3081 2614 3135 καὶ
2637 3079 2745 3151 μὴν
2766 3081 2860 3134 καὶ
2884 3079 3264 3149 σπουδάσμασι
3290 3078 3417 3140 τοὺς
3438 3078 3515 3139 είς
3538 3073 3745 3147 ἀρετὴν

461 3156 595 3227 ipsis
629 3156 942 3212 fortissimis
970 3158 1435 3213 annumerandus.
1468 3157 1697 3228 Oportet
1735 3166 1920 3213 autem
1963 3158 2047 3229 ipe

459 3262 585 3303 sum
616 3248 730 3302 Deo
752 3248 953 3304 oﬁ'erre
976 3248 1294 3303 holocausta
1324 3263 1389 3302 ac
1418 3248 1725 3317 spiritualia
1755 3247 2045 3315 sacriﬁcia,

458 3347 518 3394 et
559 3353 716 3394 sacra
749 3339 1094 3395 insensibilia
1133 3347 1499 3404 contrectare,
1545 3341 1782 3395 salutare
1830 3356 2049 3411 quoque

460 3428 683 3484 adolere
716 3429 1046 3485 sacriﬁcium
1074 3448 1088 3483 :
1116 3430 1263 3502 quod
1293 3446 1392 3501 per
1414 3432 1630 3487 oblatos
1657 3433 1863 3489 vitulos
1883 3434 2046 3488 etiam

461 3521 746 3592 aptissime
778 3521 1125 3593 designatum
1153 3531 1257 3578 est.
1284 3524 1596 3594 Aliquando
1636 3525 1785 3580 enim
1825 3526 2048 3596 quidem

460 3610 535 3665 ub
563 3609 753 3676 robur,
789 3616 846 3664 et
891 3610 1022 3680 quia
1066 3611 1211 3666 inter
1239 3612 1496 3668 animalia
1527 3629 1650 3684 quae
1681 3624 1869 3687 sancta
1902 3615 2050 3670 dice-

463 3699 687 3767 bantur,
718 3701 1041 3771 primarium
1072 3703 1281 3761 vitulus
1299 3714 1405 3771 est,
1427 3706 1671 3776 perfecto
1696 3707 1870 3762 vitulo
1892 3706 2051 3762 Chri-

463 3802 583 3849 stus
633 3794 967 3873 assimilatur
1014 3794 1359 3867 :aliquando
1401 3798 1568 3853 etiam
1619 3813 1791 3869 parvo
1838 3798 2046 3865 vitulo;

420 3904 421 3907 η
462 3901 627 3956 quam
654 3887 726 3942 ob
752 3902 996 3954 causam,
1024 3897 1086 3944 ut
1114 3888 1289 3956 vides,
1323 3890 1489 3945 homo
1520 3889 1697 3945 factus
1728 3890 1886 3962 331
1917 3889 2051 3946 Uni-

461 3979 703 4049 genitus,
731 3978 835 4034 sub
857 3980 1142 4037 servitutis
1160 3982 1291 4053 jugo
1318 3990 1479 4037 natus
1501 3981 1636 4049 fuit;
1663 3997 1858 4037 verum
1881 3981 2051 4052 siqui-

463 4068 589 4125 dem
614 4072 862 4140 estquod
897 4072 953 4126 in
982 4072 1161 4128 forma
1183 4074 1327 4129 servi
1349 4074 1689 4144 apparuerit.
1743 4073 1851 4130 Sed
1879 4090 2051 4145 quan-

466 4169 583 4214 tum
622 4159 807 4215 dicere
845 4160 926 4216 fas
955 4168 1061 4226 est,
1096 4163 1154 4217 in
1197 4163 1381 4219 carnis
1414 4164 1567 4219 venit
1598 4164 1940 4236 mysterium,
1968 4164 2049 4220 fa-

464 4257 588 4304 ctus
612 4248 902 4305 nobiscum
931 4251 1036 4306 sub
1073 4253 1205 4323 iugo
1238 4253 1540 4320 servitutis,
1571 4255 1667 4310 sed
1692 4257 1806 4327 jugi
1836 4257 2068 4313 servilis

2150 3169 2210 3227 εὖ
2246 3173 2388 3244 μάλα
2412 3173 2846 3245 διηρτισμένους.
2883 3172 2958 3226 06
2988 3172 3097 3243 γάρ
3123 3174 3290 3235 ἐστιν,
3315 3169 3415 3223 οὐκ
3452 3167 3591 3234 ἔστι,
3619 3167 3745 3220 δια--

2150 3265 2297 3329 νοίας
2316 3264 2579 3337 ἀδρανοῦς
2601 3267 2661 3318 τὸ
2685 3266 3065 3336 μυσταγωγεῖν
3090 3261 3347 3317 δύνασθαι
3384 3260 3592 3331 σαφῶς,
3612 3259 3743 3314 οὔτε

2149 3357 2242 3410 νοῦ
2276 3356 2561 3420 νοσοῦντος
2590 3356 2651 3410 τὸ
2680 3355 2897 3421 ἀναλκι,
2928 3355 3022 3410 καὶ
3055 3356 3350 3427 καταρρεῖν
3379 3350 3632 3416 εἰωθότος
3658 3354 3746 3413 είς

2151 3448 2445 3519 ἐπιθυμίας
2474 3448 2744 3519 κοσμικὰς
2764 3465 2777 3479 ·
2810 3447 3210 3519 ἐσκευασμένον
3240 3446 3297 3500 δὲ
3323 3445 3468 3499 οὕτω
3493 3444 3590 3498 καὶ
3625 3461 3745 3497 νεα.

2150 3540 2315 3605 νικῶς
2331 3540 2547 3612 ἔχοντος
2561 3580 2577 3607 ,
2605 3541 2682 3604 ὡς
2702 3541 2798 3595 καὶ
2815 3541 2990 3594 εἰπεῖν
3011 3536 3273 3593 δύνασθαι
3290 3536 3496 3591 λοιπόν*
3524 3554 3544 3588 σ
3584 3532 3744 3607 Ἐμοὶ

2149 3633 2259 3705 γὰρ
2286 3632 2349 3686 τὸ
2381 3630 2515 3702 ζῇν,
2543 3630 2801 3703 Χριστὸς,
2855 3632 2950 3685 καὶ
2986 3629 3048 3684 τὸ
3082 3629 3409 3695 ἀποθανεῖν,
3441 3627 3656 3700 κέρδος.
3717 3648 3737 3679 ι

2149 3725 2387 3788 Νεανίας
2415 3724 2525 3796 γὰρ
2547 3725 2577 3777 ό
2602 3723 2873 3790 τοιοῦτος,
2901 3723 2993 3777 καὶ
3018 3721 3128 3776 τῶν
3150 3720 3289 3790 ἄγαν
3315 3719 3740 3791 ἀλκιμωτάτων.

2151 3812 2358 3885 Πρέπει
2381 3812 2426 3866 δ’
2458 3812 2525 3868 ἂν
2557 3812 2731 3884 αὐτῷ,
2754 3812 2816 3867 τὸ
2844 3809 3136 3883 καθιεροῦν
3162 3810 3240 3882 τῷ
3266 3808 3387 3880 Θεῷ
3411 3810 3479 3865 τὰ
3508 3809 3737 3864 ὁλοκαυο

2148 3901 2412 3973 τώματα,
2462 3901 2559 3956 κού⁵
2600 3901 2791 3966 θυσίας
2826 3898 3204 3972 πνευματικὰς
3230 3938 3244 3963 ,
3276 3899 3372 3954 καὶ
3423 3897 3745 3971 ἱερουργίας

2150 3993 2420 4049 ἅπτεσθαι
2453 3993 2554 4065 τῆς
2590 3992 2819 4064 νοητῆς,
2865 3993 2961 4048 καὶ
2987 3992 3087 4062 τὴν
3116 3991 3210 4046 τοῦ
3241 3990 3511 4062 σωτηρίου
3546 3989 3744 4044 θυσίαν

2150 4082 2523 4159 ἀποπληροῦν·
2552 4084 2588 4156 ἢ
2609 4084 2706 4138 καὶ
2734 4082 2825 4138 διὰ
2852 4084 2965 4137 τῶν
2996 4082 3513 4156 προσενηνεγμένων
3541 4098 3744 4153 μοσχα-

2153 4179 2284 4251 ρίων
2299 4173 2359 4233 εὖ
2381 4178 2527 4251 μάλα
2542 4175 3034 4248 προανεπλάττετο.
3051 4175 3187 4229 [Io-cs
3207 4175 3304 4246 μὲν
3321 4175 3434 4247 γὰρ
3446 4173 3608 4229 διὰτὸ
3619 4173 3743 4228 λίαν
3758 4170 3765 4177 ⁴

2151 4270 2426 4336 εὐσθενὲς,
2462 4269 2556 4324 καὶ
2585 4268 2667 4323 ὅτι
2692 4266 2802 4321 τῶν
2820 4266 3109 4339 ’ἀσεδήλων
3139 4265 3293 4332 ζώων
3320 4265 3382 4319 τὸ
3415 4265 3739 4337 ὑπέρτατον,

462 4355 697 4410 expers;
729 4341 1180 4414 quandoquidem
1212 4345 1453 4402 caelestis
1479 4354 1602 4401 erat
1631 4357 1844 4404 natura:
1875 4365 1940 4405 ac
1978 4350 2048 4405 li-

2158 4361 2355 4432 μόσχος
2367 4361 2508 4428 ἐστὶ,
2520 4358 2705 4431 μόσχῳ
2718 4356 2910 4428 τελείῳ
2925 4356 3320 4429 παρεικάζεται
3335 4356 3591 4428 Χριστόςο
3606 4356 3740 4409 ποτὲ

465 4430 632 4493 herae.
680 4433 823 4490 Hinc
869 4435 1044 4492 vitulo
1085 4445 1457 4508 comparatur,
1499 4438 1648 4508 quod
1689 4446 1746 4494 et
1789 4440 1893 4494 sub
1916 4442 2048 4512 jugo

2155 4430 2212 4505 δὲ
2428 4449 2731 4521 μοσχαρίῳ,
2750 4449 2844 4502 καὶ
2869 4447 2984 4502 ἀνθ’
3002 4447 3319 4512 δτου,πάλιν
3343 4447 3495 4519 ὁρᾷς,
3514 4447 3743 4516 γέγονεν

464 4523 652 4591 fuerit,
689 4533 746 4581 et
770 4526 888 4598 jugi
919 4542 1138 4598 expers.
1184 4529 1387 4600 Iugum
1430 4529 1579 4585 enim
1614 4530 1790 4586 nescit
1822 4532 2046 4599 vitulus,

463 4616 570 4671 etsi
589 4617 724 4687 jugo
745 4616 1074 4675 destinetur.
1106 4620 1282 4676 Aliter
1310 4639 1323 4675 :
1346 4622 1479 4677 licet
1502 4630 1666 4679 natus
1686 4624 1759 4680 sit
1783 4625 1887 4680 sub
1907 4624 2049 4697 lege,

466 4706 637 4762 veluti
678 4707 783 4763 sub
817 4709 971 4780 jugo,
1008 4719 1190 4767 tamen
1219 4712 1360 4769 liber
1382 4714 1505 4770 fuit.
1541 4716 1675 4770 Erat
1711 4716 1860 4772 enim
1892 4732 2057 4787 supra

468 4796 667 4868 legem,
702 4798 830 4868 quia
866 4799 1144 4870 legislator
1167 4818 1233 4859 ac
1264 4804 1430 4860 Deus.
1469 4805 1548 4861 Ac
1577 4806 1764 4873 tertio,
1811 4806 1858 4862 si
1900 4807 2056 4864 vide-

472 4896 582 4953 tur,
616 4890 853 4959 portavit
879 4906 1104 4948 carnem
1137 4901 1414 4952 terrenam
1459 4898 1734 4955 inﬁrmam
1778 4901 1835 4956 in
1877 4901 2056 4972 seipsa

448 4989 696 5053 .propter
732 4982 909 5055 legem
951 4988 1196 5056 peccati,
1236 4999 1299 5045 ut
1326 4990 1529 5047 Paulus
1568 4993 1646 5047 ait
1684 4993 1748 5048 δ’.
1779 4992 2055 5060 Quantum

450 5071 619 5131 enim
644 5072 714 5128 ad
741 5075 1018 5132 carnalem
1046 5087 1323 5146 naturam,
1360 5083 1661 5139 incurrisse
1687 5094 1946 5140 censetur
1962 5085 2052 5155 ju-

470 5178 600 5233 gum
633 5166 874 5234 peccati;
900 5168 995 5224 sed
1019 5169 1090 5224 ab
1114 5173 1265 5226 omni
1299 5173 1458 5243 culpa
1484 5172 1590 5229 fuit
1621 5190 1794 5244 purus
1829 5183 1886 5229 et
1911 5173 2055 5229 inte-

470 5269 569 5324 ger
595 5273 607 5308 :
643 5274 661 5306 ι
697 5256 984 5315 Damnavit
1013 5262 1160 5316 enim
1192 5272 1478 5333 peccatum
1510 5265 1565 5320 in
1594 5281 1780 5331 carne,
1808 5276 1869 5322 ut
1889 5267 2057 5338 justi-

2156 4538 2253 4593 ἄνθ
2263 4555 2441 4610 ρωπος
2465 4540 2493 4592 6
2513 4537 2848 4611 Μονογενὴς,
2872 4537 2965 4591 καὶ
2982 4537 3088 4591 ὑπὸ
3111 4536 3274 4607 ζυγὸν
3292 4536 3557 4602 δουλείας,
3582 4539 3744 4608 εἰπερ

2158 4632 2305 4685 ἐστὶν
2337 4629 2536 4701 ἀληθὲς
2563 4630 2647 4683 ὅτι
2679 4629 2919 4702 πέφηνεν
2953 4631 3011 4683 ὲν
3043 4628 3229 4683 δούλου
3270 4620 3474 4701 μορφῇ.
3518 4629 3660 4683 Ἀλλ’
3692 4633 3741 4683 εξ

2156 4720 2249 4775 καὶ
2275 4721 2398 4774 ὅσον
2423 4721 2596 4774 εἰπεῖν
2625 4716 2760 4794 ἧκεν
2780 4764 2795 4788 ,
2830 4722 2910 4785 είς
2935 4737 2999 4789 γε
3029 4721 3091 4774 τὸ
3130 4721 3189 4773 ἐν
3220 4721 3381 4792 σαρκὶ
3414 4721 3741 4792 μυστήριον,

2155 4812 2343 4883 γέγονε
2385 4812 2503 4883 μεθ’
2533 4812 2691 4884 ἡμῶν
2722 4813 2828 4867 ὑπὸ
2856 4812 3018 4882 ζυγὸν
3047 4812 3324 4877 δουλείας,
3367 4812 3483 4865 ἀλλ’
3519 4807 3588 4883 ἦν
3624 4811 3736 4865 δου-

2154 4902 2302 4967 λείας
2347 4903 2677 4975 ἀπείρατος,
2732 4904 2815 4957 ὅτι
2858 4904 3076 4974 φύσεως
3123 4899 3191 4974 ῆν
3239 4904 3338 4975 τῆς
3382 4902 3589 4958 ἄνωθεν
3648 4907 3739 4957 καὶ

2154 4993 2464 5068 ἐλευθέρας.
2509 4995 2608 5050 Διὰ
2655 4995 2813 5050 τοῦτο
2864 4997 3147 5069 μοσχαρίῳ
3180 4996 3608 5066 παρεικάζεται,
3657 4997 3739 5050 ὅτι

2152 5085 2250 5139 καὶ
2282 5086 2388 5141 ὑπὸ
2414 5087 2610 5156 ζυγὸν,
2644 5089 2739 5143 καὶ
2767 5087 2872 5155 ἔξω
2906 5087 3097 5157 ζυγοῦ.
3152 5088 3476 5159 Ἀπεὲρατον
3509 5090 3617 5158 γὰρ
3650 5089 3736 5153 ζυ-

2153 5175 2251 5244 γοῦ
2281 5177 2341 5230 τὸ
2383 5178 2677 5250 μοσχάριον
2698 5218 2713 5241 ,
2742 5181 2791 5232 εἰ
2826 5180 2918 5233 καὶ
2962 5177 3103 5233 εἶναι
3148 5180 3396 5249 πέφυκεν
3432 5180 3537 5234 ὑπὸ
3567 5179 3739 5252 ζυγὸν

2150 5267 2213 5320 τὸ
2240 5266 2441 5321 τοιόνδε
2470 5268 2646 5337 γένος.
2693 5269 2901 5334 ’Ἄλλως
2930 5287 3011 5332 τε,
3048 5271 3143 5324 καὶ
3184 5272 3232 5324 εί
3263 5271 3485 5342 γέγονεν
3514 5269 3620 5324 ὑπὸ
3664 5270 3751 5321 νέ-

473 5346 657 5403 ﬁcatio
678 5348 815 5422 legis
844 5351 1168 5423 impleretur
1192 5357 1248 5411 in
1285 5357 1467 5423 nobis,
1493 5359 1588 5430 qui
1612 5375 1721 5416 non
1750 5359 2054 5416 secundum

2158 5376 2278 5431 μον,
2308 5358 2383 5424 ὡς
2423 5360 2528 5414 ὑπὸ
2559 5359 2741 5431 ζυγὸν,
2775 5360 2890 5414 ἀλλ’
2919 5357 2986 5432 ἦν
3013 5361 3316 5435 ἐλεύθερος·
3353 5359 3420 5435 ἦν
3459 5362 3568 5435 γὰρ
3600 5359 3740 5426 ὑπὲρ

474 5451 694 5497 carnem
735 5443 1098 5513 ambulamus,
1145 5448 1239 5505 sed
1286 5450 1589 5506 secundum
1627 5452 1883 5522 spiritum
1919 5452 1983 5503 ³ο.
2030 5470 2047 5503 ι

2156 5450 2338 5522 νόμον,
2375 5451 2450 5515 ὡς
2477 5452 2551 5506 ὢν
2572 5453 2868 5525 νομοθέτης
2902 5454 2997 5507 καὶ
3031 5453 3181 5518 Θεός.
3216 5457 3326 5510 Καὶ
3358 5456 3560 5527 τρίτως
3593 5454 3739 5534 δὲ,τέ

556 5622 599 5656 ⁸⁵
639 5626 777 5683 Psal.
820 5647 940 5698 xxv,
987 5635 1038 5688 6.
1121 5637 1160 5668 ³⁷
1202 5635 1391 5691 Matth.
1439 5654 1523 5705 xv,
1553 5638 1605 5692 2.
1676 5637 1719 5671 "
1749 5636 1985 5707 Philipp.
2028 5654 2054 5705 ι,

2166 5681 2178 5694 .
2258 5640 2301 5673 δ’
2333 5640 2489 5697 Rom.
2516 5658 2629 5711 vm,
2658 5641 2708 5696 ὖ.
2790 5642 3033 5725 ⁸(Βοιη.
3071 5657 3153 5712 nt,
3185 5641 3237 5697 4.
