4022 6198
1338 270 1855 331 CLAPBYRORUM
1894 271 1962 325 IN
2001 268 2289 328 EXODUM
2328 272 2457 327 LIB.
2499 271 2586 327 ιη.

3475 277 3582 332 5-33

300 389 472 453 δοκεὶ,
504 385 788 458 πιφόρηκε
815 383 913 456 τὴν
937 384 1043 439 άπὸ
1068 384 1172 455 γῆς
1199 387 1399 459 σάρκα,
1424 390 1522 461 τὴν
1551 389 1811 445 νοσοῦσαν
1840 392 1897 444 ὲν

1999 389 2254 446 Christus
2284 389 2468 458 itaque
2508 388 2735 458 mystice
2775 387 2852 442 sic
2880 396 2964 444 est
3006 391 3210 445 vitulus
3238 392 3581 460 nominatus,

301 483 473 554 ἑαυτῇ
491 479 580 535 διὰ
595 478 696 551 τῆς
711 479 988 549 ἁμαρτίας
999 479 1090 533 τὸν
1113 482 1299 552 νόμον,
1321 482 1572 553 κατὰτὴν
1583 482 1674 536 τοῦ
1692 484 1903 537 Παύλου

301 579 511 645 φωνήν.
559 573 725 626 Ὅσον
771 570 881 642 γάρ
918 565 1054 643 ἦκεν
1093 574 1174 636 εἱς
1205 574 1304 643 τὴν
1347 574 1445 645 τῆς
1494 575 1692 647 σαρκὸς
1722 575 1903 645 φύσιν,

299 666 582 723 τεθεῖσθαι
626 664 776 719 δοκεῖ
825 664 922 717 καὶ
971 664 1077 719 ὑπὸ
1123 665 1285 735 ζυγόν
1330 666 1636 738 ἁμαρτίας,
1683 668 1798 721 ἀλλ’
1835 663 1904 738 ἦν

301 760 637 832 ἀπείρατος·
685 776 704 810 ι
762 757 1074 829 Κατέκρινε
1108 757 1218 829 γάρ
1266 759 1367 831 τὴν
1412 760 1686 832 ἁμαρτίαν
1735 762 1793 814 ὲν
1835 762 1902 831 τῇ

303 853 495 923 σαρκὶ,
536 851 625 905 ἵνα
652 848 714 904 τὸ
737 847 1020 920 δικαίωμα
1050 849 1145 903 τοῦ
1182 851 1348 921 νόμου
1376 851 1640 924 πληρωθῇ
1675 852 1734 905 ἐν
1770 853 1903 923 ἡμῖν

301 948 417 1008 τοῖς
448 944 524 1016 μὴ
556 943 702 999 κατὰ
732 942 912 1016 σάρκα
944 944 1363 1016 περιπατοῦσιν,
1396 946 1534 1002 ἀλλὰ
1560 948 1702 1001 κατά
1738 947 1904 1001 πνεῦ-

307 1055 406 1109 μα.
440 1056 460 1090 ι
488 1036 801 1107 Μοσχάριον
829 1031 924 1089 οῦν
950 1037 979 1089 6
1000 1036 1239 1106 Χριστὸς
1265 1036 1521 1110 ταύτῃτοι
1544 1038 1901 1109 οἰκονομικῶς

302 1130 642 1201 ὠνόμασται,
670 1129 765 1182 καὶ
802 1129 885 1183 ὅτι
911 1128 1007 1182 νέα
1036 1128 1231 1198 γέγονε
1268 1131 1446 1195 κτίσις
1476 1147 1489 1162 ·
1529 1132 1752 1203 ἀπαρχὴ
1792 1133 1901 1203 γὰρ

302 1221 417 1275 τῶν
433 1224 512 1286 είς
529 1220 689 1275 τοῦτο
709 1221 1066 1292 κεκλημένων
1089 1222 1274 1286 αὑτός.
1295 1224 1421 1276 Ὅτι
1441 1223 1499 1277 δὲ
1520 1219 1587 1292 ἦν
1603 1224 1900 1291 ἀναγκαῖον

303 1313 631 1383 ἀγιάζεσθαι
658 1313 737 1385 τῷ
769 1314 963 1386 αἵματι
996 1314 1351 1385 δράττοντας,
1382 1317 1478 1369 καὶ
1507 1314 1747 1384 ἐγγίζειν
1780 1314 1900 1385 Θεῷ

302 1406 684 1478 γλιχομένους,
708 1405 946 1479 δέδειχεν
971 1409 1001 1461 6
1026 1406 1257 1478 Μωσῆς,
1295 1409 1678 1479 καταρῤαίνων
1703 1408 1898 1477 αἵματι

303 1498 489 1551 πάντα
514 1497 606 1551 τόν
629 1497 781 1562 λαὸν,
808 1498 904 1552 καὶ
922 1498 1053 1552 αὐτὸ
1080 1498 1142 1552 τὸ
1175 1498 1402 1569 βιϐλίον.
1430 1497 1702 1570 Εἰσόμεθα
1730 1498 1784 1551 δὲ
1807 1500 1899 1552 καὶ

300 1588 392 1642 διὰ
430 1588 590 1643 τοῦτο
620 1589 802 1652 πάλιν,
827 1590 911 1643 ὅτι
942 1589 1106 1654 αὐτὸς
1142 1592 1170 1643 ό
1204 1589 1364 1661 μόνος
1404 1590 1600 1662 ἀτελὴς
1630 1592 1711 1655 εἱς
1742 1592 1898 1659 ἁγια-

301 1678 463 1749 σμόν.
500 1679 692 1748 ’Δθρει
720 1678 831 1749 γάρ
850 1679 997 1742 ὅπως
1018 1678 1096 1748 τῷ
1117 1677 1209 1732 τοῦ
1233 1678 1466 1748 αἵματος
1496 1676 1778 1749 ῥαντισμῷ
1801 1675 1899 1729 καὶ

2004 493 2060 540 et
2097 483 2226 554 quia
2255 499 2397 539 nova
2427 485 2604 538 lactus
2634 490 2717 537 est
2756 491 3011 538 creatura
3040 484 3106 538 ".
3139 484 3402 542 Primitiae
3438 489 3585 543 enim

2004 575 2120 647 ipse
2152 575 2222 631 ad
2254 576 2360 632 hoc
2384 584 2701 631 vocatorum
2733 575 2854 631 fuit.
2879 574 3036 642 Quod
3058 593 3191 633 vero
3213 593 3438 634 necesse
3468 590 3587 634 erat

2003 667 2269 738 sanguine
2292 666 2620 722 sanctiﬁcari
2639 683 2736 722 eos
2755 666 2848 737 qui
2876 667 3373 737 comprehendunt,
3397 676 3454 723 et
3473 668 3587 723 Deo

2002 757 2444 828 appropinquare
2495 757 2718 822 volunt,
2753 757 2941 812 'Moses
3003 756 3272 822 ostendit,
3322 756 3587 826 sanguine

2004 851 2324 907 universum
2369 866 2666 922 aspergens
2694 851 2993 921 populum,
3037 856 3095 904 et
3135 849 3314 919 ipsum
3347 849 3485 904 adeo
3514 850 3584 904 li-

2002 943 2180 999 brum.
2224 944 2305 1000 Ex
2346 944 2451 998 hoc
2494 958 2625 998 vero
2665 943 2864 999 iterum
2900 957 3063 999 nosse
3109 941 3403 1006 convenit,
3437 942 3584 1011 quod

2002 1036 2118 1105 ipse
2151 1034 2302 1090 solus
2341 1034 2411 1089 ad
2453 1034 2942 1090 sanctiﬁcationem
2987 1049 3099 1089 non
3147 1030 3399 1087 suﬂiciat.
3448 1031 3584 1088 Vide

1999 1126 2206 1182 etenim
2232 1135 2292 1181 ut
2313 1126 2596 1197 sanguinis
2615 1128 2933 1197 aspersione
2955 1123 3329 1181 sanctidcetur
3369 1131 3428 1179 et
3465 1122 3583 1193 ipse

2001 1220 2111 1292 (lex
2123 1219 2326 1290 quippe
2340 1227 2565 1288 peccata
2581 1234 2924 1290 nequaquam
2948 1217 3165 1285 abluit),
3185 1216 3434 1288 perficiat
3449 1230 3583 1271 vero

1998 1309 2105 1364 hoc
2146 1307 2534 1380 mysteriorum
2569 1308 2744 1379 gratia
2789 1323 2888 1378 per
2919 1306 3221 1362 Christum.
3250 1306 3419 1360 Recte
3449 1321 3583 1361 vero

1997 1410 2053 1457 et
2098 1400 2265 1465 illud,
2310 1398 2556 1455 diluculo
2584 1415 2783 1471 nempe
2830 1406 3148 1471 surgentem
3190 1413 3345 1454 saera
3377 1414 3580 1468 procu-

1998 1509 2147 1549 rasse
2192 1493 2409 1559 Mosen,
2457 1502 2620 1564 atque
2669 1493 2965 1562 ipsummct
3012 1491 3259 1546 divinum
3296 1490 3580 1547 ordinasse

1996 1586 2340 1658 mysterium,
2374 1594 2431 1641 et
2474 1585 2755 1656 appositas
2787 1585 2856 1640 ab
2888 1584 3028 1654 ipso,
3073 1591 3131 1637 ut
3157 1584 3269 1655 jam
3318 1583 3577 1647 diximus,

1996 1678 2207 1749 lapides
2245 1678 2561 1743 duodecim,
2609 1677 2812 1733 vitulos
2844 1692 2975 1732 vero
3016 1674 3082 1730 ad
3133 1674 3575 1730 sacriﬁcandum.

302 1770 466 1835 αὐτὸς
511 1770 827 1838 ἁγιάζεται·
875 1770 1179 1824 ἀποπλύνει
1224 1771 1334 1843 γὰρ
1375 1770 1650 1842 ἁμαρτίας
1693 1770 1894 1840 ἥκιστα

1999 1769 2113 1825 lam
2140 1770 2290 1825 enim
2332 1770 2491 1841 quasi
2534 1770 2778 1825 diluculo
2823 1776 2882 1823 et
2913 1783 3112 1823 aurora
3154 1766 3472 1832 cxsistcnte,
3515 1782 3580 1822 ac

303 1862 406 1934 μὲν
446 1864 476 1916 6
521 1863 722 1933 νόμος,
755 1861 1014 1934 κατορθοῖ
1061 1862 1118 1917 δὲ
1162 1862 1322 1917 τοῦτο
1363 1862 1473 1916 τῶν
1520 1862 1610 1916 διὰ
1650 1861 1888 1934 Χριστοῦ

303 1953 625 2025 μυστηρίων
657 1955 691 2025 ὴ
723 1954 903 2025 χάρις.
951 1948 1025 2007 Εὖ
1077 1953 1135 2007 δὲ
1180 1952 1301 2006 λίαν
1349 1953 1442 2007 καὶ
1472 1953 1533 2006 τὸ
1562 1953 1890 2025 όρθρίσαντα

304 2043 361 2097 τὺ
394 2043 544 2115 πρωϊ
584 2044 676 2098 τὸν
704 2045 1030 2115 ἱεροφάντην
1059 2044 1285 2108 ὶὶωσέα,
1305 2044 1436 2097 αὐτό
1458 2061 1518 2098 τε
1550 2044 1610 2098 τὸ
1633 2044 1774 2098 θεῖον
1797 2044 1890 2117 ὀρ-

302 2135 477 2191 θῶσαι
520 2137 844 2209 μυστήριον,
882 2137 979 2190 ιιιαὶ⁸
1015 2139 1341 2208 περιστῆσαι
1375 2135 1475 2205 μὲν
1508 2133 1691 2208 αύτῷ,
1719 2136 1891 2192 καθά-

303 2243 408 2297 περ
438 2226 542 2299 ήδη
572 2230 853 2299 προεῖπον,
888 2227 1228 2282 δυωκαίδεκα
1269 2226 1472 2293 λίθους,
1510 2227 1669 2281 θῦσαι
1707 2227 1763 2283 δὲ
1795 2229 1890 2283 καλ⁸

305 2320 602 2389 μοσχάρια.
637 2316 873 2390 ὀρθρου
900 2317 1010 2390 γάρ
1035 2318 1224 2393 ὥσπερ
1255 2319 1348 2375 καὶ
1372 2320 1584 2392 πρωῒας
1606 2320 1705 2393 ἠδη
1734 2337 1889 2390 γενοο

304 2410 497 2483 μένης,
531 2412 812 2484 μονονουχὶ
836 2411 896 2466 δὲ
926 2412 1022 2467 καὶ
1047 2413 1341 2486 Φωσφόρου
1365 2413 1769 2484 διαυγάζοντος,
1796 2415 1891 2468 καὶ

302 2508 504 2578 νοητῆς
547 2507 678 2577 ἡμῖν
716 2505 1042 2578 ἀνισχούσης
1093 2506 1343 2579 ἡμέρας,
1395 2506 1802 2578 παροιχομένης
1834 2506 1889 2559 δὲ

304 2599 404 2672 ήδη
459 2600 687 2667 νυκτὸς,
720 2601 815 2654 καὶ
846 2599 1233 2670 δαιμονιώδους
1266 2601 1611 2673 ἀργήσαντος
1644 2601 1888 2665 σκότους,

305 2691 562 2764 λαμπρὸν
591 2692 874 2764 ἀνεδείχθη
905 2694 1005 2763 τῆς
1040 2692 1366 2764 Ἐκκλησὶας
1387 2692 1448 2745 τὸ
1479 2692 1675 2756 κάλλος
1706 2692 1766 2746 τδ
1804 2707 1889 2745 σεο

312 2782 441 2835 κτὸν
469 2782 703 2853 ἐχούσης
737 2782 1139 2855 θυσιαστήριον,
1172 2785 1258 2852 ἀφ’
1280 2777 1342 2838 οῦ
1370 2782 1431 2835 τὸ
1460 2781 1695 2853 Χριστοῦ
1720 2780 1893 2835 τελεῖ-

310 2888 397 2928 ται
423 2875 745 2946 μυστήριον.
776 2875 1140 2945 Παρέστησαν
1161 2873 1216 2927 δὶ
1240 2873 1387 2945 αύτῷ
1416 2874 1510 2928 καὶ
1532 2875 1587 2927 αἱ
1612 2871 1773 2941 φυλαὶ
1792 2871 1893 2942 τῆς

308 2964 438 3034 τῆς,
481 2965 559 3028 ὡς
604 2968 665 3019 ὲν
698 2966 1104 3037 παραδείγμασι
1149 2967 1262 3029 τοῖς
1304 2965 1494 3031 λίθοις.
1540 2966 1653 3020 Καὶ
1692 2964 1823 3036 γοῦν
1864 2968 1892 3019 6

308 3059 602 3122 θεσπέσιος
654 3059 885 3123 Παῦλος,
923 3059 1022 3130 τὴν
1067 3059 1164 3113 τοῦ
1216 3058 1656 3132 παραδείγματος
1710 3058 1893 3110 εἰκόνα

308 3151 754 3222 παραχαράττων
772 3152 851 3215 εἱς
874 3128 1154 3222 ἀλήθειαν,
1173 3128 1476 3205 ἐπιστέλλει
1494 3128 1608 3214 τοῖς
1627 3150 1896 3221 ἡγιασμέ-
1923 3128 1968 3192 c

306 3260 423 3307 νοις
451 3246 510 3297 ὲν
540 3242 766 3315 Χριστῷ
786 3258 801 3275 ο
839 3261 860 3295 ι
907 3242 996 3297 Ἐν
1022 3236 1068 3311 ᾧ
1103 3242 1200 3296 καὶ
1237 3243 1394 3312 ὑμεῖς
1418 3242 1494 3306 ὼς
1529 3240 1669 3296 λίθοι
1695 3241 1897 3307 ζῶντες

306 3335 748 3406 ιπῳκοδομεῖσθε
804 3333 951 3398 οἶκος
1018 3334 1385 3405 πνευματικὸς
1444 3336 1527 3397 εἱς
1598 3335 1899 3407 ἱεράτευμα

306 3426 491 3495 ἅγιον.
540 3445 559 3478 ι
598 3427 733 3481 Τότε
773 3429 866 3481 καὶ
912 3428 964 3480 οί
1000 3421 1271 3481 νεανίσκοι
1309 3426 1781 3499 προσκεκομίκασι
1826 3426 1897 3481 τά

307 3518 762 3589 ὁλοκαυτώματα,
794 3519 889 3572 καὶ
918 3518 1189 3589 ἱερουργοὶ
1212 3517 1468 3585 γεγόνασι
1513 3518 1893 3588 πνευματικοί.

309 3609 447 3662 Τότε
476 3609 562 3680 δὴ,
597 3610 719 3663 τότε
773 3610 870 3664 καλ⁹
906 3611 964 3663 ὲν
1006 3608 1288 3680 προσώπῳ
1317 3608 1623 3679 γεγόναμεν
1650 3609 1744 3663 τοῦ
1778 3611 1892 3665 Πα-

307 3701 458 3765 τρὺς,
494 3701 592 3754 καὶ
630 3704 1052 3774 παρεστήκαμεν
1085 3700 1236 3771 αὐτῷ
1279 3700 1342 3754 τὸ
1382 3701 1481 3771 τῆς
1523 3700 1762 3766 διανοίας
1809 3703 1897 3756 εῦ-

306 3787 541 3858 δρανὲς,
589 3789 686 3841 καὶ
732 3788 870 3861 πρὸς
912 3790 1022 3842 πᾶν
1060 3788 1238 3842 ὁτιοῦν
1275 3789 1383 3843 τῶν
1416 3790 1636 3859 ἀγαθῶν
1665 3790 1896 3863 ἑτοίμως

309 3877 437 3949 ἔχον
455 3918 472 3943 ,
502 3880 562 3932 ὲν
592 3878 744 3944 τάξει
784 3878 1097 3950 ποιούμενοι
1128 3880 1579 3952 παραστήματος.
1615 3880 1786 3934 Τοῦτό
1814 3899 1897 3936 τοι

308 3969 507 4037 σαφῶς
539 3970 636 4024 καὶ
662 3971 825 4035 αὐτὸς
848 3973 877 4025 6
904 3970 1046 4035 θεῖος
1072 3973 1208 4042 ἡμῖν
1230 3969 1602 4042 πρωνεφώνει
1625 3971 1808 4036 Δαϐἱδ,
1833 3973 1898 4025 ὲκ

306 4060 615 4132 προσώπου
647 4062 757 4116 τῶν
791 4062 1230 4117 πεπιστευκότων
1261 4062 1404 4117 οὕτω
1431 4061 1604 4131 λέγων
1637 4062 1774 4133 πρὸς
1805 4062 1896 4115 τὸν

302 4151 454 4206 ὅλων
478 4150 611 4204 Θεόν
631 4167 645 4181 ’
682 4170 701 4204 ι
742 4153 815 4206 Τὸ
840 4152 983 4224 πρωῒ
1014 4152 1307 4225 εἱσακούσῃ
1332 4155 1433 4225 τῆς
1460 4155 1645 4224 φωνῆς
1669 4169 1791 4223 μου.
1824 4152 1897 4206 T6

300 4238 460 4306 πρωῒ
505 4241 928 4310 παραστήσομαὶ
969 4257 1071 4308 σοι,
1121 4241 1217 4295 καὶ
1266 4241 1458 4311 ὲπόψει
1502 4258 1600 4312 με,
1641 4242 1724 4295 ὅτι
1769 4241 1892 4312 οὐχὶ

303 4327 452 4391 Θεὸς
483 4327 654 4385 θέλων
696 4330 929 4401 ἀνομίαν
967 4332 1032 4385 σὺ
1070 4326 1140 4397 εἴ,
1173 4332 1292 4386 οὐδὲ
1330 4332 1657 4405 παροικήσει
1688 4347 1769 4386 σοι
1802 4348 1898 4384 πο-

266 4415 701 4491 ξνηρευόμενος.
750 4439 769 4472 ι
826 4420 1180 4493 Ἡγιασμένοι
1213 4421 1277 4494 δὴ
1310 4418 1425 4487 οὖν,
1462 4421 1559 4476 καὶ⁵
1595 4422 1669 4485 ὡς
1702 4423 1760 4474 ἐν
1803 4421 1896 4475 τύ-

304 4480 439 4573 πᾶὶς
473 4480 551 4563 ἔτι
579 4480 1005 4584 καθηγνισμενοι
1029 4480 1111 4583 τῷ
1136 4480 1349 4585 αἵματι,
1390 4480 1423 4566 ι’
1459 4480 1782 4584 ’Λνεφοίτων
1815 4515 1895 4576 εἱς
1930 4480 1973 4534 D

301 4602 372 4657 τὸ
412 4602 539 4673 ὅρος
578 4604 782 4676 Μωσῆς
816 4621 877 4658 τε
915 4605 1012 4659 καλ⁸
1060 4606 1299 4679 ’Δαρὼν,
1361 4607 1454 4661 καὶ
1507 4605 1695 4661 Ναδὰὸ
1719 4646 1736 4672 ,
1802 4608 1897 4661 καὶ

316 4699 577 4764 Ἀϐιούδ,
618 4702 712 4754 καὶ
761 4700 1135 4773 ἑϐδομήκοντα
1164 4703 1265 4774 τῆς
1300 4702 1589 4773 γερουσίας
1646 4699 1895 4773 Ἰσραὴλ,

300 4791 413 4846 καὶ
431 4787 571 4846 εἶδον
596 4791 667 4847 τὰ
691 4791 795 4845 ὑπὸ
813 4794 938 4857 τοὺς
958 4793 1121 4857 πόδας
1142 4793 1307 4849 αὑτοῦ
1338 4792 1497 4865 ἔργον
1522 4793 1653 4847 ὡσεὶ
1675 4794 1896 4849 πλίνθου

300 4883 645 4953 σαπφείςου,
680 4884 777 4937 καλ⁸
801 4882 990 4955 ὥσπερ
1022 4885 1181 4958 ἔργον
1211 4885 1586 4958 στερεώματος
1609 4885 1703 4939 τοῦ
1729 4886 1895 4956 ούρα-

296 4971 406 5029 νοῦ
439 4974 503 5044 τῇ
529 4972 882 5044 καθαρότητι.
917 4974 1028 5028 Καὶ
1068 4974 1175 5028 τῶν
1206 4975 1503 5029 ἐπιλέκτων
1545 4973 1637 5027 τοῦ
1686 4973 1899 5047 Ἰσραὴλ

295 5066 368 5118 o6
402 5062 740 5134 διεφώνησεν
767 5066 964 5129 οὐδείς.
1001 5066 1114 5121 Καὶ
1141 5066 1401 5139 ὤφθησαν
1433 5069 1492 5120 ἐν
1525 5064 1602 5138 τῷ
1629 5065 1777 5137 τόπῳ
1803 5066 1897 5120 τοῦ

293 5155 480 5218 Θεοῦ,
517 5156 615 5211 καὶ
638 5156 841 5228 ἔφαγον
870 5159 963 5211 καλ⁸
994 5159 1166 5214 ἔπιον.
1199 5179 1215 5211 ι
1238 5159 1477 5224 Ἀκούεις
1505 5160 1652 5220 ὅπως
1682 5159 1899 5214 τεθέαν-

294 5265 399 5302 ται
460 5247 547 5301 τὸν
592 5247 688 5302 τοῦ
753 5248 890 5302 θεοῦ
948 5250 1240 5321 λεγόμενον
1283 5251 1480 5315 τόπον,
1544 5250 1620 5314 ὡς
1663 5251 1720 5303 ὲν
1768 5250 1896 5303 εἴδει

294 5335 699 5409 στερεὼματος
727 5338 979 5410 οὐρανοῦ.
1031 5340 1297 5412 Ἑναυγὴς
1321 5340 1429 5412 γὰρ
1457 5341 1485 5394 6
1508 5339 1735 5413 οὐρανὸς
1754 5381 1768 5403 ,
1802 5340 1899 5393 καὶ

294 5431 611 5504 σαπφείρῳ
640 5433 815 5498 ἐοικὸς
843 5432 903 5486 τὸ
940 5433 1201 5488 ἀνωτάτω
1255 5433 1351 5488 καὶ
1396 5433 1635 5506 αἱθέριον
1674 5433 1894 5505 χρῶμα.

288 5524 556 5596 Πρέπων
578 5525 635 5579 δὲ
662 5525 744 5580 ὅτι
776 5526 1011 5597 μάλιστα
1042 5528 1216 5601 χῶρος
1244 5530 1274 5582 6
1314 5527 1541 5598 οὐρανὸς
1560 5567 1575 5593 ,
1605 5528 1703 5581 καὶ
1740 5526 1824 5595 ἔξιτ’
1852 5518 1897 5594 ᾧ

376 5711 433 5743 ⁸·
484 5707 527 5763 ll
560 5710 686 5767 Cor.
725 5725 778 5773 ν,
820 5709 903 5765 l7.
980 5709 1025 5742 "
1053 5710 1253 5781 Ephes.
1279 5728 1339 5773 ιι,
1365 5710 1455 5777 20,
1489 5709 1802 5778 9.1;lPetr.
1826 5726 1885 5780 tt,

2018 5712 2093 5787 ,ιι
2125 5711 2267 5768 Psal.
2311 5729 2362 5778 v,
2397 5712 2451 5778 ι,
2478 5711 2529 5769 5.

686 5802 956 5864 PATROL.
1001 5803 1114 5864 Gn.
1163 5804 1364 5864 LXIX.

1995 1860 2254 1917 Lucifero
2300 1861 2700 1933 propemodum
2752 1862 3123 1925 clarescente,
3180 1865 3239 1914 et
3282 1859 3372 1914 die
3417 1858 3580 1914 nobis

1997 1954 2229 2025 mystico
2256 1956 2570 2023 exoriente;
2616 1963 2778 2009 nocte
2812 1969 2943 2009 vero
2972 1952 3312 2017 discedente,
3337 1960 3394 2007 et
3436 1951 3577 2007 infe-

1995 2047 2196 2103 licibus
2228 2047 2506 2118 dissipatis
2536 2046 2802 2112 tenebris,
2844 2046 2992 2101 clara
3028 2045 3290 2101 Ecclesiae
3327 2043 3577 2115 pulchri—

1998 2139 2132 2195 tudo
2163 2149 2381 2195 ostensa
2412 2148 2520 2204 est,
2564 2138 2938 2195 venerandum
2978 2136 3234 2193 habentis
3280 2137 3474 2200 altare,
3521 2136 3580 2191 in

1996 2247 2108 2303 quo
2127 2230 2333 2288 Christi
2359 2230 2677 2303 mysterium
2710 2230 3012 2301 peragitur.
3037 2228 3304 2284 Aslahant
3324 2242 3455 2283 vero
3474 2227 3578 2299 ipsi

1998 2323 2176 2379 tribus
2207 2329 2388 2387 terrae,
2417 2329 2677 2391 tanquam
2706 2321 2761 2375 in
2789 2319 3112 2390 exemplari,
3142 2318 3419 2389 lapidibus
3436 2319 3578 2375 duo-

1996 2413 2196 2469 decim.
2242 2409 2459 2467 Etenim
2504 2410 2726 2466 divinus
2765 2410 2988 2475 Paulus,
3010 2410 3245 2480 exempli
3286 2409 3577 2481 imaginem

1996 2520 2126 2559 vere
2148 2503 2483 2567 describens,
2516 2500 2870 2558 sanctiﬁcatis
2894 2500 2949 2555 in
2970 2499 3194 2556 Christo
3217 2500 3299 2556 sic
3331 2499 3441 2557 ait-:
3474 2520 3492 2553 ι
3518 2501 3578 2557 In

1996 2611 2107 2667 quo
2133 2603 2188 2651 et
2218 2596 2323 2667 ipsi
2352 2604 2610 2665 tanquam
2657 2593 2866 2664 lapides
2906 2591 3018 2648 vivi
3062 2592 3578 2664 supertediltcamini

1997 2685 2194 2743 domus
2226 2686 2549 2757 spiritualis,
2597 2686 2656 2741 in
2705 2684 3076 2742 sacerdotium
3121 2694 3374 2740 sanetum
3425 2685 3490 2738 ".
3549 2705 3568 2736 ι

1999 2777 2155 2833 Tunc
2177 2786 2234 2833 et
2251 2782 2481 2850 juvenes
2508 2779 2829 2835 holocausta
2855 2779 3201 2844 obtulerunt,
3230 2787 3288 2834 et
3317 2779 3575 2834 sacerdo-

1999 2881 2085 2927 tes
2113 2870 2239 2927 facti
2267 2879 2398 2927 sunt
2421 2871 2716 2942 spiritales.
2746 2871 2908 2942 332
2936 2871 3110 2937 Tunc,
3146 2879 3297 2936 tunc,
3330 2871 3575 2941 inquam,

1999 2964 2055 3017 in
2100 2977 2336 3035 persona
2366 2963 2546 3019 Patris
2581 2977 2808 3029 sumus,
2844 2962 2950 3034 ipsi
2993 2963 3295 3034 potentiam
3339 2964 3574 3029 mentis.

1998 3071 2121 3127 qua:
2152 3056 2219 3112 ad
2252 3072 2414 3112 omne
2444 3057 2647 3112 bonum
2664 3064 2790 3126 apte
2817 3055 3125 3121 conveniat,
3154 3056 3576 3118 constituentes.

1998 3149 2055 3205 in
2081 3148 2331 3204 ordinem
2359 3149 2601 3204 collecta:
2626 3147 2805 3218 plebis
2842 3148 3069 3203 redacti.
3099 3148 3158 3205 ld
3186 3148 3335 3204 clare
3359 3148 3581 3205 divinus

1997 3256 2215 3311 quoque
2240 3238 2412 3295 David
2449 3239 2806 3306 vociferatur,
2838 3240 2913 3295 ita
2959 3239 3303 3296 credentium
3345 3256 3581 3312 persona

1996 3332 2067 3387 ad
2090 3331 2474 3387 universorum
2500 3331 2673 3387 Deum
2695 3331 2925 3388 dicens:
2959 3351 2978 3383 ι
3012 3332 3168 3387 Mane
3194 3332 3457 3389 exaudies
3478 3349 3579 3389 vo-

1997 3437 2118 3477 cem
2148 3436 2347 3477 meam.
2393 3421 2549 3477 Mane
2591 3422 2780 3478 astabo
2812 3422 2932 3488 tibi,
2963 3430 3020 3478 et
3059 3423 3275 3479 videbis
3298 3439 3403 3490 me,
3437 3440 3577 3497 quo-

1998 3514 2145 3568 niam
2171 3528 2283 3569 non
2308 3513 2456 3569 Deus
2476 3513 2822 3584 iniquitatem
2851 3515 3041 3570 volens
3071 3523 3129 3570 tu
3150 3529 3212 3570 es
3236 3532 3249 3569 :
3278 3531 3458 3585 neque
3485 3516 3580 3571 ha-

1999 3603 2197 3661 bitabit
2218 3606 2371 3677 juxta
2397 3614 2451 3660 te
2486 3605 2755 3677 malignus
2779 3605 2845 3660 ⁵⁸.
2878 3625 2896 3658 ι
2929 3606 3262 3663 Sanctiﬁcati
3298 3606 3485 3678 igitur,
3516 3623 3581 3663 ac

1995 3698 2168 3753 veluti
2194 3697 2250 3752 in
2269 3704 2397 3769 typo
2414 3697 2692 3768 purificali
2714 3699 2979 3770 sanguine
2997 3709 3054 3754 et
3069 3699 3305 3764 lustrati,
3339 3719 3359 3750 ι
3378 3698 3580 3754 Ascen-

1997 3789 2201 3844 derunt
2226 3789 2283 3844 in
2306 3797 2547 3844 montem
2576 3789 2752 3845 Moses
2777 3799 2834 3844 et
2856 3788 3057 3853 Aaron,
3080 3789 3272 3844 Nadab
3291 3796 3347 3843 et
3373 3789 3577 3851 Ahiud.

1996 3888 2055 3936 et
2093 3880 2440 3951 septuaginta
2482 3880 2550 3935 de
2592 3880 2907 3935 seniori-bus
2944 3878 3109 3934 Israel
3153 3896 3166 3932 :
3209 3878 3579 3949 videruntquc

1998 3974 2101 4027 sub
2129 3972 2364 4043 pedibus
2392 3973 2512 4041 ejus
2550 3986 2691 4042 opus
2716 3971 2871 4041 quasi
2901 3971 3088 4025 lateris
3114 3971 3380 4041 sapphiri,
3411 3980 3578 4042 atque

1999 4072 2061 4117 ut
2088 4077 2226 4133 opus
2257 4060 2587 4118 ﬁrmamenti
2621 4062 2679 4116 in
2707 4062 2832 4118 coeli
2864 4062 3181 4118 serenitate.
3201 4064 3268 4118 Et
3291 4062 3360 4119 de
3387 4062 3580 4119 electis

1997 4150 2163 4205 lsrael
2190 4148 2450 4205 desonuit
2479 4164 2550 4205 ne
2584 4166 2728 4206 unus
2754 4150 3000 4223 quidem.
3030 4152 3100 4208 Et
3123 4162 3495 4223 apparuerunt
3521 4154 3579 4210 in

1997 4241 2119 4296 loco
2149 4240 2267 4308 Dei,
2298 4250 2356 4297 et
2384 4242 2744 4298 comederunt
2770 4251 2936 4314 atque
2960 4243 3224 4301 biberunt
3251 4245 3318 4300 “.
3357 4264 3378 4298 ι
3407 4246 3581 4303 Audis

1999 4342 2061 4388 ut
2089 4334 2202 4390 Deo
2229 4333 2469 4390 dicatum
2495 4336 2676 4391 locum
2706 4337 2965 4402 viderint,
2993 4338 3143 4393 velut
3179 4338 3234 4393 in
3265 4337 3448 4407 specie
3482 4338 3578 4392 ﬁr-

2002 4426 2263 4482 mamenti
2286 4427 2448 4484 coeli?
2472 4427 2685 4483 Caelum
2713 4429 2860 4485 enim
2888 4429 3235 4499 splendidum
3275 4438 3361 4484 est
3396 4443 3460 4483 ac
3491 4428 3580 4484 di-

2000 4516 2279 4582 lucidum,
2322 4518 2691 4589 sapphiroque
2731 4518 3008 4590 persimile
3054 4519 3110 4573 in
3151 4518 3495 4583 summitate,
3523 4528 3578 4573 et

2001 4609 2202 4665 coloris
2247 4611 2506 4666 cmlestis.
2553 4611 2764 4668 Deccns
2812 4612 2997 4683 itaque
3045 4620 3103 4668 et
3141 4622 3302 4683 aptus
3347 4611 3579 4668 maxime

2001 4700 2157 4757 locus
2183 4702 2383 4758 cmlum
2426 4712 2543 4770 est,
2586 4704 2643 4759 in
2686 4720 2796 4775 quo
2824 4704 3062 4776 quiescit
3086 4705 3341 4761 habitans
3386 4705 3443 4762 in
3485 4720 3576 4759 an.

2001 4790 2155 4860 gelis.
2189 4791 2423 4847 Sanctus
2451 4793 2598 4847 enim
2634 4794 2688 4847 in
2728 4793 2934 4850 sanctis
2970 4794 3203 4862 habitat,
3234 4805 3290 4851 et
3313 4795 3577 4866 quodam-

2002 4883 2166 4938 modo
2201 4882 2494 4939 inclinatur
2535 4885 2602 4939 iis
2640 4886 2733 4957 qui
2781 4902 3038 4958 superam
3074 4887 3323 4943 incolunt
3363 4886 3578 4951 urbem,

2005 4975 2077 5030 ob
2108 4975 2452 5041 industriam,
2484 4977 2718 5050 vitaeque
2747 4980 3118 5051 praestantiam
3156 4980 3327 5052 probe
3357 4979 3577 5036 institu-

2005 5074 2136 5120 tam.
2179 5066 2467 5123 Credimus
2505 5069 2653 5125 enim
2686 5081 2890 5127 emtum
2939 5084 3262 5141 superorum
3296 5084 3575 5126 sacrosanv

2005 5166 2152 5211 ctum
2174 5173 2312 5212 esse.
2340 5158 2431 5216 Ait
2455 5159 2621 5231 igitur
2643 5178 2707 5217 ea
2733 5178 2856 5234 qua:
2881 5162 2985 5218 sub
3009 5161 3105 5216 Dei
3137 5161 3371 5233 pedibus
3401 5174 3581 5222 erant.

2005 5251 2074 5306 ab
2118 5251 2205 5305 his
2246 5253 2340 5321 qui
2383 5251 2440 5306 in
2484 5266 2727 5309 montem
2769 5253 3164 5319 ascenderant,
3219 5263 3477 5324 tanquam
3523 5254 3580 5307 in

2003 5341 2186 5410 specie
2209 5340 2564 5407 firmamenti,
2592 5359 2787 5399 sereno
2808 5358 2873 5399 ac
2897 5341 3036 5398 sudo
3064 5343 3225 5409 casio,
3251 5342 3365 5398 visa
3391 5342 3578 5397 fuisse.

2002 5432 2301 5503 Oportebat
2331 5436 2478 5491 enim
2521 5451 2636 5499 eos,
2670 5434 2764 5505 qui
2803 5434 2875 5491 ob
2905 5434 3135 5491 deorum
3168 5435 3579 5491 multitudinem

2000 5523 2238 5579 errando
2259 5526 2445 5597 aegreti
2471 5536 2662 5592 erant,
2697 5526 2903 5599 quique
2937 5537 3201 5585 creatum
3228 5527 3577 5596 serviebant,

2609 5714 2652 5746 "
2685 5712 2869 5771 Exod.
2904 5730 3049 5781 xxxv,
3076 5713 3163 5781 i0,
3212 5716 3302 5771 il.
3414 5748 3419 5751 τ

3147 5805 3212 5872 17
