4024 6198
402 290 511 347 825

1403 273 1459 330 8.
1500 271 1774 329 CYRlLLl
1813 260 2282 324 ALEXANDRINI
2320 260 2637 318 ARCHIEP.

3566 262 3674 318 εει

401 405 470 461 ad
512 401 608 458 Dei
644 405 833 470 postea
861 393 1231 465 cognitionem
1275 395 1521 453 vocatos,
1554 385 1764 441 utiliter
1794 397 1859 438 ac
1887 396 1985 436 ne-

2090 374 2521 470 επαναπαύεται,
2548 372 2836 429 καταλύων
2866 372 2925 425 ἐν
2957 370 3230 441 ἀγγέλοις.
3262 372 3451 443 Ἄγιος
3477 374 3591 447 γὰρ
3618 380 3681 431 δν

400 492 640 550 cessario
675 488 885 552 videre,
918 485 1094 540 Deum
1119 482 1223 537 Sub
1255 478 1489 551 pedibus
1514 477 1716 534 caelum
1748 473 1980 537 habere,

399 586 757 653 omniumque
791 594 912 635 esse
934 576 1249 639 Dominum,
1278 581 1342 629 at
1361 588 1393 627 a
1421 586 1531 643 quo
1553 569 1737 625 omnia
1763 575 1983 621 mutua-

400 686 593 734 rentur
622 671 939 733 essentiam,
970 667 1175 738 quique
1202 680 1300 720 eos
1340 664 1410 717 ab
1430 662 1667 732 antiqua
1694 657 1888 713 fraude
1914 656 1983 710 li-

401 763 628 822 berarit.
675 759 832 829 Quod
877 772 1011 813 vero
1054 755 1257 810 divinis
1302 751 1725 808 charismatibus
1767 745 1987 803 abunde

403 853 727 927 participem
759 849 899 913 ﬁeri,
929 855 986 902 et
1011 852 1267 917 Oportere
1308 842 1555 899 deliciari
1594 842 1650 896 in
1678 837 1987 910 spirituali-

405 949 508 1002 bus
530 943 735 1001 Christi
762 941 944 1006 bouis,
966 938 1304 994 assimiletur
1324 936 1525 989 iterum
1550 933 1620 987 iis
1643 931 1741 1002 qui
1768 944 1867 984 suo
1888 926 1990 982 ali-

402 1033 624 1108 quando
670 1040 917 1101 tempore
959 1027 1262 1099 ingressuri
1296 1034 1426 1080 sunt
1465 1037 1760 1095 supernam
1794 1018 1988 1075 civita-

405 1140 539 1195 tem,
574 1124 817 1182 ostendit
857 1123 934 1187 id,
978 1120 1124 1192 quod
1160 1119 1254 1190 qui
1288 1116 1650 1173 ascendeth
1688 1113 1754 1168 ad
1805 1113 1991 1166 locum

405 1222 522 1288 Dei,
553 1217 913 1276 comederunt
957 1230 1022 1268 ac
1070 1213 1352 1267 biberunt.
1395 1207 1525 1272 Sed,
1559 1212 1620 1260 ut
1655 1205 1769 1275 jam
1813 1214 1990 1271 nuper

403 1314 664 1376 diximus,
703 1309 797 1364 uni
840 1306 974 1361 Mosi
1017 1304 1085 1359 ad
1130 1304 1303 1358 Deum
1346 1298 1609 1356 accedere
1638 1292 1988 1366 prmcipitur;

406 1405 621 1463 caeteris
662 1402 879 1473 longius
907 1397 1107 1470 positis
1133 1396 1366 1451 adorare
1411 1410 1426 1446 :
1468 1390 1671 1462 quibus
1716 1396 1772 1443 et
1809 1386 1993 1441 Aaron

408 1499 616 1554 aderat.
651 1493 809 1565 333
832 1490 1079 1547 Diximus
1110 1502 1261 1553 vero,
1286 1484 1577 1541 nobiscum
1599 1480 1789 1545 fuisse,
1812 1478 1869 1533 in
1891 1492 1992 1532 na-

410 1599 534 1643 tura
558 1588 718 1657 longe
750 1590 978 1647 semota,
1009 1580 1230 1643 Filium,
1260 1576 1356 1647 qui
1398 1573 1628 1646 propius
1658 1570 1850 1626 aderat
1880 1569 1994 1623 Deo

411 1682 579 1747 Patri,
613 1681 962 1735 innocentem
1002 1681 1167 1743 atque
1199 1668 1609 1726 immaculatum
1646 1661 1988 1720 sacerdotem

409 1785 705 1837 summum,
738 1777 800 1824 ut
832 1782 930 1838 per
955 1765 1135 1836 ipsum
1175 1770 1232 1818 et
1274 1776 1401 1816 cum
1441 1759 1562 1830 ipso
1591 1756 1795 1812 iterum
1824 1767 1985 1823 repe-

408 1865 617 1919 riamur
646 1868 702 1916 et
744 1857 847 1929 ipsi
892 1869 1081 1927 prope.
1116 1853 1254 1908 Hinc
1293 1848 1611 1905 nominatur
1642 1841 1985 1907 Emmanuel,

407 1954 556 2027 quod
595 1962 682 2009 est
728 1951 1169 2020 interpretatum,
1211 1943 1493 1999 Nobiscum
1542 1937 1703 1993 Deus.
1745 1932 1987 1989 Tametsi

406 2061 537 2102 vero
564 2043 853 2099 nobiscum
884 2035 1052 2094 fuerit
1077 2044 1337 2104 tanquam
1363 2031 1558 2095 homo;
1582 2040 1778 2083 cernas
1803 2032 1989 2078 tamen

409 2137 560 2200 licet,
592 2135 809 2190 Patrem
853 2141 1073 2200 quoque
1104 2139 1284 2193 neque
1315 2121 1477 2177 beato
1515 2118 1650 2175 Mosi
1691 2112 1987 2171 accessibi-

409 2227 516 2283 lem
549 2226 785 2289 factum,
829 2222 950 2276 sine
997 2218 1172 2290 ipsius
1215 2212 1630 2270 intercessione.
1675 2209 1798 2278 Ipse
1836 2207 1987 2262 enim

409 2319 497 2374 via
522 2326 628 2381 est,
658 2314 776 2386 ipse
806 2313 1029 2379 ostium,
1063 2320 1126 2367 ut
1160 2310 1273 2382 jam
1311 2305 1571 2361 diximus.
1605 2302 1890 2357 Discemus
1930 2305 1989 2353 et

410 2410 516 2465 hoc
546 2422 740 2463 rursus
762 2422 831 2461 ex
863 2405 934 2460 iis
960 2418 1084 2475 quae
1117 2404 1444 2471 sequuntur.
1485 2414 1502 2447 ι
1538 2395 1609 2450 Ει
1632 2392 1770 2448 dixit
1799 2389 1987 2446 Domi-

409 2517 515 2557 nus
545 2501 612 2556 ad
648 2500 873 2554 Mosen:
905 2494 1152 2553 Ascende
1191 2491 1261 2548 ad
1301 2505 1389 2545 me
1422 2488 1478 2543 in
1521 2493 1785 2549 montem,
1808 2490 1866 2538 et
1904 2490 1987 2537 sta

410 2594 508 2660 ibi,
557 2600 616 2648 et
655 2592 798 2647 dabo
833 2590 932 2646 tibi
967 2587 1182 2644 tabulas
1222 2583 1484 2654 lapideas,
1518 2581 1694 2650 legem
1732 2585 1790 2633 et
1830 2590 1987 2630 man-

408 2686 556 2747 data.
590 2700 712 2756 quae
752 2682 947 2754 scripsi
984 2689 1048 2736 ut
1088 2679 1275 2735 darem
1314 2676 1492 2746 legem
1519 2672 1622 2728 eis.
1652 2670 1723 2726 Et
1755 2680 1988 2738 surgens

408 2777 586 2832 Moses
610 2785 667 2831 et
687 2776 851 2832 Josue
875 2773 970 2844 qui
1000 2770 1235 2835 astabat,
1270 2764 1638 2823 ascenderunt
1661 2761 1718 2815 in
1743 2766 1987 2814 montem

408 2866 507 2921 Dei
535 2866 602 2920 ⁸⁸.
637 2885 655 2917 ι
684 2863 851 2921 Vides
875 2872 935 2917 ut
957 2861 1134 2915 Moses
1156 2859 1230 2914 sit
1253 2853 1557 2912 vocatusin
1578 2856 1841 2914 montem,
1869 2860 1989 2900 um-

411 2956 674 3011 bratieam
688 2953 755 3009 ad
762 2954 870 3008 huc
878 2949 1235 3007 etlitteralem
1246 2946 1662 3017 legem-acceptu
1669 2954 1784 3002 rus,
1797 2951 1928 2992 accu
1935 2950 1991 2988 r-

412 3050 546 3106 rerit
570 3064 702 3104 vero
727 3062 837 3101 una
859 3059 969 3099 non
998 3047 1224 3097 vocatus
1255 3038 1442 3100 Josue,
1466 3035 1521 3088 in
1545 3030 1752 3088 Christi
1774 3038 1984 3100 typum,

409 3144 502 3213 qui
530 3158 562 3197 a
589 3142 752 3196 Patre
778 3152 891 3192 non
916 3142 1167 3196 vocatur,
1196 3138 1259 3183 ut
1289 3124 1493 3189 caeteri,
1521 3137 1739 3190 semper
1762 3118 1906 3174 enim
1934 3119 1987 3174 ei

409 3207 584 3286 adest.
613 3227 765 3284 Viam
800 3226 983 3293 itaque
1007 3219 1206 3276 sternit
1234 3214 1442 3272 vocatis
1471 3210 1740 3266 mediator
1764 3216 1821 3263 et
1845 3207 1986 3262 assi-

412 3327 582 3373 stens.
629 3314 726 3369 Est
769 3312 919 3369 enim
969 3305 1327 3378 impossibile,
1361 3310 1425 3357 ut
1459 3300 1731 3365 dicebam,
1776 3298 1834 3352 iu
1874 3297 1988 3355 Deo

414 3408 573 3460 Patre
605 3403 713 3459 alio
753 3416 855 3457 nos
889 3413 1012 3455 esse
1041 3394 1224 3459 modo,
1253 3408 1417 3463 quam
1444 3390 1559 3445 sola
1584 3387 1758 3459 ipsius
1779 3385 1987 3441 media-

414 3497 561 3550 tione
594 3509 693 3550 seu
730 3489 1152 3547 interventione.
1185 3485 1268 3541 llli
1297 3485 1484 3554 itaque
1523 3479 1694 3552 gloria
1723 3487 1781 3533 et
1808 3479 1988 3548 impe-

413 3588 554 3642 rium
587 3586 754 3643 simul
773 3599 899 3640 cum
931 3580 1274 3637 sanctissimo
1304 3578 1464 3634 Patre
1491 3583 1549 3631 et
1567 3573 1774 3644 Spiritu
1802 3581 1992 3628 sancto

413 3680 468 3735 in
491 3678 689 3736 saecula
715 3676 1059 3734 saeculorum.
1090 3671 1287 3728 Amen.

2087 468 2263 537 ἁγίοις
2306 466 2553 521 κατοικεῖ
2570 505 2585 530 ,
2634 465 2731 518 καὶ
2776 464 3057 528 οίονείπως
3105 465 3529 522 ὲπανακλίνεται
3564 474 3681 536 τοῖς

2083 560 2182 633 τὴν
2219 560 2331 615 ἀνω
2357 558 2603 630 τρίϐουσι
2630 558 2803 623 πόλιν,
2835 557 2924 611 διά
2951 557 3012 610 τὸ
3047 557 3166 612 λίαν
3199 558 3428 629 εὐφυὲς,
3465 563 3560 616 καὶ
3598 566 3683 627 είς

2085 654 2379 726 ἀρειότητα
2421 651 2569 724 ζωῆς
2616 646 2674 705 εὖ
2725 651 2870 723 μάλα
2910 649 3272 723 διεξεσμένον.
3334 652 3524 723 ’Δγίαν
3568 658 3682 729 γὰρ

2085 743 2225 801 εἶναι
2260 745 2587 817 πιστεύομεν
2630 744 2730 816 τὴν
2776 744 2888 798 τῶν
2921 744 3038 798 ἀνω
3077 746 3407 816 πνευμάτων
3445 747 3679 818 πληθύν.

2090 838 2268 910 Ὠφθη
2302 837 2367 909 δὴ
2397 832 2492 892 οὖν
2531 836 2602 890 τά
2645 836 2750 890 ὑπὸ
2781 836 2908 900 τοὺς
2943 835 3114 900 πόδας
3146 836 3313 890 αὑτοῦ
3351 835 3465 902 τοῖς
3505 841 3587 903 εἰς
3621 840 3686 893 τδ

2086 925 2215 999 ὅρος
2246 925 2665 995 ἀναϐεϐηκόσιν,
2697 924 2778 988 ὡς
2801 926 2859 977 ὲν
2884 923 3014 977 εῖδει
3038 924 3418 996 στερεώματος
3448 928 3683 999 ούρανοῦ

2085 1020 2154 1088 τῇ
2180 1017 2551 1088 καθαρότητι,
2575 1015 2760 1087 φησίν.
2796 1015 2945 1069 Ἔδει
2968 1015 3101 1089 γὰρ,
3128 1017 3258 1080 ἔδει,
3293 1019 3421 1081 τοὺς
3450 1018 3550 1088 τὴν
3576 1036 3681 1072 πο-

2086 1108 2278 1163 λύθεόν
2326 1125 2458 1162 ποτε
2514 1108 3048 1180 κατηρρωστηκότας
3102 1107 3372 1181 πλάνησιν
3395 1148 3412 1174 ,
3468 1110 3567 1164 καὶ
3611 1113 3681 1182 τῇ

2089 1202 2263 1256 κτίσει
2293 1201 2747 1271 λελατρευκότας,
2782 1195 2907 1254 εἶτα
2930 1199 3303 1270 κεκλημένους
3331 1203 3413 1264 είς
3443 1201 3684 1270 ἐπίγνω-

2091 1311 2177 1347 σιν
2203 1293 2361 1357 Θεοῦ,
2394 1292 2681 1364 χρησίμως
2710 1308 2772 1345 τε
2814 1290 2910 1344 καὶ
2944 1290 3255 1360 ἀναγκαίως
3285 1291 3412 1347 ίδεῖν
3465 1292 3549 1346 ὅτι
3586 1294 3683 1347 καὶ

2089 1384 2252 1440 αὐτὸν
2284 1384 2388 1437 ὑπὸ
2421 1384 2586 1447 πόδας
2618 1382 2729 1454 ἔχει
2758 1382 2850 1436 τὸν
2880 1382 3130 1455 οὐρανὸν,
3163 1383 3262 1437 xui.
3286 1384 3367 1437 ὃτι
3402 1383 3515 1436 τῶν
3539 1384 3684 1438 πάν-

2087 1494 2195 1530 των
2230 1475 2347 1529 ἐστὶ
2372 1473 2670 1545 Δεσπότης,
2708 1474 2785 1538 ὡς
2818 1470 3177 1545 παρενεγκὼν
3208 1473 3277 1527 τά
3311 1472 3493 1527 πάντα
3540 1474 3684 1546 πρὸς

2091 1565 2356 1638 ὓπαρξιν,
2387 1566 2416 1618 ό
2455 1563 2556 1634 τῆς
2591 1564 2827 1636 ἀρχαίας
2855 1564 3052 1627 αὐτοὺς
3087 1564 3303 1633 ἀπάτης
3341 1564 3686 1636 ἀπολυτρού-

2095 1674 2274 1728 μενος.
2305 1656 2428 1710 Ὅτι
2449 1654 2506 1709 δὲ
2535 1654 2629 1708 xui.
2653 1658 2765 1718 τοῖς
2788 1655 2867 1718 είς
2895 1654 2995 1726 τὴν
3013 1654 3128 1708 ἀνω
3153 1655 3295 1709 κατά
3317 1656 3543 1727 καιροὺς
3567 1657 3685 1709 είσο

2092 1747 2374 1803 ελαύνουσι
2411 1746 2569 1800 πόλιν
2590 1784 2608 1810 ,
2650 1739 3055 1817 παρεικάζεται
3103 1745 3266 1800 πάλιν
3314 1745 3377 1799 τὸ
3429 1746 3526 1800 καὶ
3568 1746 3685 1802 τῶν

2093 1839 2255 1895 θείων
2280 1838 2634 1910 χαρισμάτων
2657 1835 2924 1901 πλουσίως
2949 1838 3262 1908 μετασχεῖν,
3286 1837 3381 1890 xui.
3403 1836 3464 1890 τὸ
3485 1837 3673 1908 ὲντρυ-

2092 1930 2261 2002 φῆσαι
2289 1929 2397 1983 δεῖν
2422 1931 2535 1992 τοῖς
2562 1929 2954 1998 πνευματικοῖς
2979 1928 3130 2000 παρά
3155 1926 3395 1999 Χριστοῦ
3424 1926 3680 1994 ἀγαθοῖς,

2091 2020 2340 2087 διαδείξει
2373 2019 2455 2085 τὸ,
2498 2018 2558 2072 ὲν
2597 2018 2749 2088 τόπῳ
2789 2017 3116 2091 γενομένους
3155 2018 3315 2085 Θεοῦ,
3338 2022 3532 2088 φαγεῖν
3583 2021 3682 2074 καὶ

2093 2115 2237 2168 πιεῖν
2266 2114 2392 2177 τοὺς
2422 2110 2851 2183 ἀναϐεϐηκότας.
2913 2109 3052 2163 ’Δλλ’
3082 2111 3140 2163 ὲν
3185 2109 3284 2180 μὲν
3327 2103 3410 2173 οἷς
3450 2110 3683 2181 ἔναγχος

2091 2206 2251 2278 ἔφην,
2288 2205 2447 2277 μόνος
2483 2203 2882 2277 προσετάττετο
2914 2201 3120 2271 Μωσῆς
3150 2201 3367 2270 ἐγγίσαι
3400 2201 3543 2274 πρὸς
3587 2203 3681 2255 τὸν

2091 2298 2224 2353 Θεόν
2243 2311 2258 2326 '
2287 2298 2342 2351 οῖ
2366 2315 2430 2367 γε
2460 2298 2568 2369 μὴν
2589 2296 2766 2368 ἕτεροι
2791 2299 3115 2367 προσκυνεῖν
3149 2292 3444 2365 μακρόθεν,
3473 2288 3557 2358 οἷς
3583 2294 3681 2347 καὶ

2092 2388 2259 2458 συνῆν
2312 2387 2543 2461 Ἀαρών.
2589 2387 2880 2458 Ἑλέγομεν
2897 2384 2974 2451 δὲ,
3007 2385 3089 2438 ὄτι
3135 2383 3253 2455 μεθ’
3284 2383 3443 2454 ἡμῶν
3483 2384 3678 2452 γέγονε

2089 2482 2157 2551 τῇ
2189 2477 2348 2549 φύσει
2383 2477 2657 2550 μακρόθεν
2685 2479 2715 2531 ὁ
2745 2476 2910 2546 ἐγγὺς
2937 2476 3032 2529 τοῦ
3063 2474 3199 2528 Θεοῦ
3231 2473 3325 2528 καὶ
3358 2474 3571 2548 [ἰατρὸς
3601 2473 3681 2527 ὢν

2092 2570 2242 2636 Υἱὸς,
2268 2572 2297 2624 ό
2320 2571 2526 2633 ἄκακος
2551 2569 2709 2640 ἡμῶν
2740 2570 2834 2622 xui.
2860 2567 3120 2639 ἀμίαντος
3143 2565 3432 2639 ἀρχιερεύς
3448 2583 3462 2596 ·
3491 2567 3581 2619 ἴνα
3607 2566 3677 2619 δι’

2092 2655 2292 2718 αὑτοῦ,
2328 2657 2423 2709 καὶ
2471 2656 2568 2709 σὺν
2614 2654 2766 2727 αύτῷ
2804 2655 2868 2726 δὴ
2915 2655 3101 2719 πάλιν,
3147 2654 3535 2725 εὑρισκώμεθα
3581 2657 3680 2709 καὶ

2093 2749 2252 2819 ἡμεῖς
2281 2747 2464 2816 ἐγγύς.
2497 2747 2787 2819 Τοιγάρτοι
2820 2745 3083 2815 κέκληται
3118 2746 3213 2799 xui.
3254 2745 3624 2816 Ἐμμανουὴλ,
3648 2746 3682 2798 ὅ

2093 2841 2208 2892 ἐστι
2238 2837 2800 2909 μεθερμηνευόμενος,
2831 2838 2972 2892 Μεθ’
2998 2835 3170 2905 ἡμῶν
3191 2841 3225 2890 ό
3257 2838 3421 2903 Θεός.
3452 2837 3600 2907 Πλὴν
3626 2841 3678 2892 εί

2092 2931 2185 2986 καὶ
2217 2931 2410 3000 γέγονε
2442 2930 2559 3001 μεθ’
2590 2929 2746 3002 ἡμῶν
2764 2929 2844 2993 ὡς
2874 2929 3158 3000 ἄνθρωπος
3177 2967 3193 2992 ,
3224 2928 3338 2982 ἀλλ’
3369 2929 3517 2984 ἔστιν
3550 2930 3678 2983 ἰδεῖν

2090 3023 2166 3087 ὡς
2197 3021 2317 3076 οὐδὲ
2349 3022 2497 3095 αὐτῷ
2530 3022 2609 3094 τῷ
2654 3022 2909 3093 μακαρίῳ
2950 3022 3124 3093 Μωσῇ
3155 3021 3410 3093 προσιτὺς
3453 3022 3678 3091 γέγονεν

2016 3086 2058 3143 c
2091 3117 2120 3169 ό
2149 3115 2359 3186 Πατὴρ,
2385 3086 2509 3186 δίχα
2535 3086 2633 3185 της
2655 3086 2826 3166 αὑτοῦ
2859 3086 3155 3181 μεσιτείαε.
3185 3086 3356 3176 Ᾰύτὸς
3385 3086 3495 3184 γάρ
3528 3086 3681 3166 ἔστιν

2091 3206 2124 3276 ἡ
2154 3204 2290 3269 ὁδὸς,
2323 3205 2487 3268 αὐτὸς
2515 3206 2549 3276 ἡ
2579 3202 2739 3275 θύρα,
2774 3202 3030 3274 καθάπερ
3057 3202 3159 3274 ἤδη
3189 3204 3545 3275 προείπομεν.
3582 3205 3679 3257 Ei-

2090 3298 2297 3369 σόμεθα
2321 3297 2378 3350 δὲ
2402 3298 2497 3351 καὶ
2526 3296 2685 3351 τοῦτο
2707 3295 2869 3350 πάλιν
2895 3296 3005 3350 ἀπό
3025 3313 3089 3366 γε
3107 3296 3216 3350 τῶν
3236 3297 3454 3365 ἑφεξῆςθ
3478 3316 3499 3349 ι
3530 3293 3674 3350 Εἷπε

2085 3392 2217 3464 γὰρ,
2249 3392 2433 3463 φησὶν,
2468 3393 2497 3445 ό
2526 3390 2731 3462 Κύριος
2770 3388 2909 3461 πρὸς
2947 3390 3154 3461 Μωσῆν
3182 3407 3195 3422 ο
3235 3386 3491 3459 Ἀνάϐηθι
3536 3388 3679 3458 πρός

2092 3501 2160 3555 με
2191 3484 2272 3547 είς
2298 3482 2359 3536 τδ
2382 3482 2527 3554 ὅρος,
2565 3482 2659 3537 καὶ
2689 3480 2799 3535 ἴσθι
2830 3484 2969 3545 ἐκεῖ,
3001 3480 3092 3535 xui.
3116 3479 3273 3534 δώσω
3303 3497 3385 3535 σοι
3412 3480 3483 3533 ea:
3507 3478 3679 3545 πυξία

2088 3574 2158 3630 τὰ
2190 3573 2386 3641 λίθινα,
2414 3572 2503 3626 τὸν
2530 3570 2715 3643 νόμον,
2739 3573 2835 3625 xui.
2864 3570 2969 3633 τὰς
2993 3569 3227 3634 πλάκας,
3250 3567 3315 3632 ἃς
3345 3566 3563 3639 ἔγραψα
3588 3582 3678 3619 νο-

2094 3665 2391 3737 μοθετῆσαι
2429 3663 2634 3727 αὐτοῖς.
2678 3662 2793 3718 Καὶ
2823 3660 3062 3724 ἀναστὰς
3090 3659 3297 3729 Μωσῆς
3337 3660 3432 3713 xui.
3466 3658 3678 3730 Ἰησοῦς

410 3780 439 3831 ὁ
457 3772 816 3849 παρεστηκὼς
837 3768 1006 3842 αὐτῷ,
1028 3765 1298 3837 ἀνέϐησαν
1319 3763 1400 3826 εἰς
1426 3760 1487 3816 τὸ
1540 3760 1665 3832 ὅρος
1689 3758 1782 3814 τοῦ
1818 3756 1976 3813 Θεοῦ.
2009 3776 2029 3810 ι
2058 3757 2222 3829 Ὁρᾷς
2251 3758 2445 3829 ὅτιπερ
2470 3756 2733 3827 κέκληται
2768 3753 2867 3826 μὲν
2891 3755 2921 3807 ό
2942 3754 3146 3823 Μωσῆς
3172 3752 3269 3806 τὸν
3283 3754 3339 3806 ἐν
3372 3754 3554 3814 σκιαῖς
3590 3752 3678 3806 ἐτι

411 3869 504 3935 καὶ
529 3839 849 3941 γράμμασιν
878 3839 1275 3929 ὑποδεξάμενος
1298 3854 1485 3925 νόμον,
1516 3850 1909 3924 συνανατρέχει
1968 3849 2025 3903 δὲ
2063 3848 2212 3921 αύτῷ
2269 3847 2344 3921 μὴ
2366 3845 2808 3919 συγκεκλημένος
2832 3847 2862 3900 ό
2901 3842 3107 3916 Ἰησοῦς
3127 3844 3206 3907 εἰς
3222 3841 3389 3896 τύπον
3409 3839 3674 3913 X95105-

408 3933 467 4030 δς
623 3933 875 4017 καλεῖται
927 3955 1080 4028 παρά
1139 3950 1386 4023 Πατρός,
1443 3948 1573 4013 ἴσως
1618 3949 1733 4011 τοῖς
1780 3946 1994 4010 ἀλλοις·
2038 3944 2254 4001 σύνεστι
2287 3944 2396 4013 γὰρ
2425 3942 2531 3999 ἀεί.
2560 3941 2739 4013 Βατὴν
2799 3939 2856 3994 δὲ
2882 3942 2997 4003 τοῖς
3033 3936 3386 4004 καλουμένοις
3412 3936 3511 4006 τὴν
3557 3933 3677 3989 ὁδον

409 4056 697 4130 ἰργάζεται
719 4052 1015 4125 μεσιτεύων
1037 4048 1133 4104 καὶ
1157 4046 1352 4102 συνών.
1381 4046 1538 4099 Ἐστι
1582 4042 1695 4115 γὰρ
1746 4043 2051 4115 ἀμήχανον,
2091 4041 2166 4105 ὡς
2194 4040 2330 4112 ἔφην
2350 4080 2365 4108 ,
2393 4037 2545 4101 ἐντὸς
2575 4034 2832 4109 γενέσθαι
2864 4035 2959 4089 τοῦ
2991 4033 3128 4089 Θεοῦ
3167 4034 3262 4087 καὶ
3290 4031 3505 4103 Πατρδς
3549 4029 3677 4083 καθ’

409 4126 595 4220 ιτερον
631 4148 780 4217 ἡμᾶς
814 4145 1049 4216 τρόπον,
1080 4141 1220 4212 πλὴν
1247 4141 1331 4193 ὅτι
1361 4139 1448 4194 διὰ
1494 4138 1661 4209 μόνης
1687 4138 1789 4207 τῆς
1850 4135 2019 4191 αὐτοῦ
2063 4136 2365 4208 μεσιτείας.
2402 4132 2564 4204 Αὐτῷ
2633 4128 2923 4204 τοιγαροῦν
2961 4129 2996 4200 ἡ
3043 4128 3170 4195 δόξα
3201 4126 3299 4180 xui.
3337 4127 3399 4180 τὸ
3436 4126 3678 4197 κράτος,

408 4239 546 4312 ὁμοῦ
574 4236 652 4291 τῶ
680 4235 931 4304 παναγὶῳ
962 4231 1141 4302 Πατρὶ
1172 4232 1269 4284 σὺν
1302 4229 1381 4299 τῷ
1417 4230 1555 4299 ἁγίῳ
1582 4231 1881 4302 Πνεύματι,
1906 4231 1987 4293 είς
2023 4230 2150 4295 τοὺς
2187 4228 2392 4291 αἰῶνας
2418 4224 2528 4279 τῶν
2556 4221 2791 4279 αίώνων.
2841 4222 2899 4276 ’Δ
2909 4221 3035 4293 μήν.

721 4347 799 4402 De
831 4343 993 4402 vitqu
1019 4359 1172 4416 quem
1206 4341 1450 4414 conﬂavit
1470 4340 1662 4395 Israel.

419 4450 431 4456 ’
478 4463 584 4534 Qui
637 4462 813 4535 legem
847 4475 959 4517 non
1004 4458 1212 4515 habent
1244 4456 1301 4511 in
1339 4455 1646 4511 subsidium
1672 4494 1687 4519 ,
1739 4454 1797 4509 hi
1845 4470 1989 4510 caeco

409 4560 643 4634 quodam
678 4566 734 4612 ct
764 4552 960 4611 effreni
991 4548 1294 4606 voluntatis
1318 4548 1527 4619 impetu
1561 4545 1630 4602 ad
1658 4544 1866 4617 qumvis
1888 4561 1991 4601 no-

412 4655 499 4711 xia
526 4652 799 4714 feruntur,
848 4655 905 4701 et
938 4645 1212 4715 ingentem
1246 4642 1464 4711 culpam
1511 4638 1834 4704 incurrunt,
1863 4654 1989 4693 cum

410 4743 552 4816 apud
582 4742 776 4803 Deum,
812 4744 927 4791 tum
973 4733 1118 4805 apud
1146 4731 1438 4787 homines:
1481 4745 1546 4787 ac
1577 4729 1793 4785 tametsi
1832 4729 1990 4787 valde

413 4833 702 4889 videantur
730 4826 859 4899 aegri
905 4838 1027 4881 esse
1063 4820 1326 4892 inculpati
1347 4861 1362 4888 ,
1409 4820 1582 4894 magis
1615 4828 1797 4876 tamen
1821 4820 1985 4890 quid-

408 4924 542 4997 quid
582 4919 895 4993 improbum
921 4914 1490 4985 absurdissimumquc
1518 4920 1604 4969 est
1644 4912 1905 4969 admirari
1930 4922 1987 4969 et

412 5011 635 5068 laudare
668 5009 882 5073 solent;
911 5020 1092 5076 neque
1121 5002 1443 5060 discernere
1482 5012 1691 5059 norunt
1721 5003 1985 5076 quidnam

412 5121 599 5160 revera
660 5098 1023 5157 admiratione
1075 5096 1302 5168 dignum
1340 5096 1446 5162 sit,
1483 5096 1616 5167 quid
1649 5111 1680 5150 e
1710 5096 1987 5151 contrario

412 5208 570 5268 turpe
600 5210 664 5251 ac
683 5191 1085 5249 detestandum.
1118 5188 1591 5257 Quemadmodum
1629 5188 1777 5244 enim
1820 5204 1988 5244 naves

410 5302 533 5358 qua:
558 5293 774 5341 vastum
815 5293 967 5338 mare
998 5290 1387 5353 pervagantur,
1431 5279 1476 5335 si
1516 5289 1702 5350 aptum
1741 5295 1805 5336 ac
1843 5279 1991 5351 peri-

414 5393 527 5435 tum
556 5379 979 5451 gubernatorem
1004 5383 1180 5429 nactae
1228 5372 1371 5438 sint,
1415 5372 1633 5428 felicem
1666 5382 1989 5443 rectumque

413 5487 634 5526 cursum
681 5467 1012 5533 coniiciunt;
1051 5465 1134 5521 sin
1178 5475 1359 5520 autem
1388 5464 1555 5520 fuerit
1597 5465 1642 5519 is
1681 5481 1871 5535 parum
1908 5464 1987 5517 rei

417 5559 647 5614 nauticae.
671 5558 901 5628 peritus,
938 5570 1156 5611 sursum
1197 5571 1260 5610 ac
1279 5556 1545 5612 deorsum
1570 5555 1846 5625 iactantur
1887 5569 1988 5623 pro

489 5692 535 5722 ”
576 5687 745 5745 Exod.
771 5701 915 5752 sxw,
952 5684 1037 5751 12,
1076 5682 1164 5739 13.

2015 4327 2062 4386 ο

2368 4338 2507 4409 Περὶ
2547 4334 2947 4408 μοσχοποιίιις
2975 4333 3082 4387 τοῦ
3117 4331 3387 4402 Ἰσραήλ.

2154 4454 2219 4507 Οἱ
2251 4453 2414 4525 νόμον
2445 4451 2547 4505 οὐκ
2575 4450 2789 4521 ἔχοντες
2817 4449 2897 4513 είς
2942 4446 3295 4519 ἐπικουρίαν,
3320 4444 3552 4515 τυφλαῖς
3577 4448 3677 4499 καὶ

2084 4542 2525 4606 ἀκατασκέπτοις
2555 4540 2877 4611 θελημάτων
2905 4538 3135 4610 τροπαῖς
3163 4536 3301 4608 πρὸς
3340 4537 3450 4590 πᾶν
3489 4535 3674 4589 ὁτιοῦν
3768 4576 3787 4591 .

2084 4634 2487 4707 ἀποφέρονται,
2517 4632 2611 4685 xui
2645 4630 2766 4685 λίαν
2799 4629 3038 4692 εὐκόλως
3056 4669 3071 4694 ,
3100 4626 3208 4681 τῶν
3235 4626 3667 4697 ἀπηχθημένων,

2086 4732 2183 4787 xui.
2211 4731 2268 4784 ὲν
2317 4728 2470 4801 αἰτίᾳ
2500 4727 2669 4799 πολλῇ
2717 4725 2872 4796 παρὰ
2913 4723 2991 4797 τῷ
3040 4723 3161 4795 Θεῷ
3203 4723 3298 4776 καὶ
3326 4721 3669 4801 ἀνθρώποις,

2082 4822 2185 4877 κᾶν
2210 4822 2261 4875 εί
2290 4820 2424 4874 πολὺ
2456 4818 2728 4889 φαίνοιντο
2753 4796 3035 4877 νοσοῦντες
3063 4814 3126 4868 τὸ
3152 4796 3470 4884 ἀμωμίίιτως
3497 4811 3669 4883 ἔχειν’

2088 4914 2286 4987 μᾶλλον
2313 4912 2369 4966 δὲ
2394 4911 2500 4966 κᾶν
2530 4911 2689 4980 εἴπερ
2714 4907 2800 4978 εἴη
2830 4924 2884 4960 τι
2914 4906 3010 4960 xui.
3035 4905 3143 4959 τῶν
3184 4905 3322 4974 ἄγαν
3355 4902 3673 4957 ἐκτοπωτά-

2083 5022 2211 5069 των,
2258 5001 2416 5056 τοῦτο
2458 5001 2555 5055 καὶ
2604 4998 2906 5071 θαυμάζειν
2935 4997 3029 5051 καὶ
3057 4998 3300 5052 ἐπαινεῖν
3344 4996 3536 5061 ἀξιοῖς,
3571 4996 3671 5049 καὶ

2083 5094 2375 5168 διακρίνειν
2406 5093 2504 5146 ούκ
2537 5086 2679 5145 οἶδεν
2708 5092 2736 5145 ὃ
2758 5090 2809 5143 τί
2840 5088 2970 5143 ποτε
3002 5091 3149 5142 ἐστιν
3174 5086 3501 5157 ἀξιόληπτον
3529 5088 3669 5158 ἀλη-

2087 5187 2197 5250 θῶς
2248 5186 2282 5257 ἢ
2322 5185 2385 5238 τὸ
2416 5184 2654 5239 ἐναντίον
2701 5183 2931 5253 αίσχιρὸν
2994 5182 3091 5235 καὶ
3149 5178 3415 5235 ὕποπτον.
3454 5180 3673 5251 Ὀνπερ

2085 5279 2195 5349 γὰρ
2223 5277 2422 5347 τρόπον
2457 5276 2680 5340 ὁλκάδες
2706 5276 2762 5329 αἱ
2793 5273 2890 5346 τὴν
2932 5272 3172 5345 μεγάλην
3211 5271 3415 5342 ταύτην
3447 5271 3547 5326 καὶ
3578 5272 3674 5324 eia-

2091 5369 2334 5441 ρύχωρον
2355 5367 2666 5422 διαθέουσαι
2692 5365 2986 5430 θάλασσαν,
3016 5363 3063 5417 εί
3091 5363 3190 5434 μὲν
3233 5361 3457 5433 εὖχειρά
3483 5365 3542 5415 τε
3572 5364 3672 5415 καὶ

2085 5460 2473 5534 ἀριστοτέχνην
2511 5459 2684 5531 ἔχοιεν
2726 5457 2819 5512 τὸν
2845 5460 2959 5520 τοῖς
2985 5455 3266 5528 πηδαλίοις
3302 5453 3669 5524 ἐφεστηκότα,

2087 5553 2176 5606 τὸν
2202 5554 2285 5605 ἐπ’
2326 5552 2454 5607 εύθῦ
2494 5551 2767 5624 διᾴττουσι
2800 5549 3019 5622 δρόμον.
3050 5547 3112 5601 Ei
3140 5546 3195 5601 δὲ
3223 5546 3287 5618 δή
3320 5561 3404 5611 τις
3436 5544 3526 5616 εἴη
3558 5543 3670 5598 τῶν
