4024 6198
352 291 459 351 513

1378 294 1897 353 GLAPHYRORUM
1936 297 2001 352 IN
2043 292 2326 356 EXODUM
2366 298 2495 353 ΜΒ.
2538 296 2624 352 ιη.

3506 293 3616 351 τεο

350 410 413 463 οὐ
459 408 582 462 λίαν
644 408 1109 480 ιύτεχνεστάεων,
1166 408 1611 483 διαρῤιπτοῦνται
1655 412 1937 482 πανταχῆ,

2046 414 2309 469 ﬂuctuum
2338 428 2403 468 ac
2432 410 2804 482 procellarum
2857 406 3092 461 arbitrio
3120 445 3134 470 ,
3186 405 3350 478 334
3374 423 3497 477 qua:
3524 425 3621 462 eas

353 500 641 571 μονονουχὶ
683 501 1081 573 προσνεύουσαι
1134 500 1213 572 τῷ
1271 501 1643 574 προσωθοῦντι
1706 502 1934 573 κύματι,

349 592 583 662 ὅποιπερ
627 591 694 646 ἂν
738 592 956 647 δύναιτο
1001 594 1382 666 περιελαύνειν
1420 594 1610 658 αὑτάς·
1655 595 1797 649 οὕτω
1844 595 1939 650 καὶ

352 682 388 752 ἡ
417 680 705 753 ἀνθρώπου
729 682 900 755 ψυχὴ.
928 683 1093 754 νόμον
1120 686 1222 739 οὐκ
1249 683 1446 756 ἔχουσα
1459 684 1550 738 τὸν
1575 686 1936 755 ἐφεστηκότα,

352 773 495 844 πρὸς
520 774 631 827 πᾶν
658 775 799 846 αὐτῇ
829 774 1023 829 δοκοῦν
1049 776 1305 831 ἀπονεύει
1335 775 1552 848 ῥᾳδίως,
1577 776 1675 829 καὶ
1698 779 1809 841 τοῖς
1829 776 1940 831 τῶν

359 865 510 920 ἰδίων
541 866 748 938 ἡδονῶν
779 867 1116 939 καταμεθύει
1159 868 1388 939 κύμασι.
1433 867 1605 921 Τοῦτο
1633 868 1942 924 πεπονθότα

355 956 451 1011 τὸν
506 958 724 1030 Ἰσραὴλ
776 959 1104 1032 εὑρήσομεν.
1160 960 1444 1031 Βεϐηκότα
1492 960 1602 1031 γὰρ
1646 959 1800 1015 οὔπω
1852 962 1943 1015 τὸν

354 1048 485 1104 νοῦν
538 1051 619 1114 είς
666 1051 951 1106 εὐσέϐειαν
999 1053 1168 1125 ἔχων,
1216 1053 1339 1108 οὔτε
1389 1055 1498 1127 μὴν
1545 1054 1942 1126 ἐρηρεισμένην

359 1141 506 1212 μετὰ
534 1141 670 1196 Θεοῦ
698 1143 799 1215 τὴν
831 1145 1082 1215 καρδίαν,
1115 1146 1306 1200 ἀνόπιν
1336 1145 1527 1217 ὥσπερ
1569 1146 1664 1200 ἰὼν
1694 1164 1945 1216 κατεφω-

360 1235 497 1304 ρᾶτο
528 1234 710 1301 πάλιν,
741 1237 838 1290 καὶ
869 1237 971 1308 τῆς
1001 1239 1280 1310 ἐπαράτου
1306 1240 1401 1294 καὶ
1441 1239 1703 1310 βδελυρᾶς
1730 1238 1945 1293 εἰδωλο-

356 1326 616 1398 λατρείας
647 1329 959 1401 ἠγαπηκὼς
996 1330 1066 1384 τὰ
1105 1330 1451 1403 ἐγκλήματα.
1480 1332 1770 1404 Τοιγάρτοι
1818 1333 1945 1405 περὶ

355 1419 544 1472 αὐτῶν
589 1419 684 1472 καὶ
728 1420 892 1485 αύτδς
937 1420 1176 1490 ἔφασκεν
1208 1424 1236 1477 6
1269 1423 1476 1496 Σωτήρ·
1534 1443 1553 1476 ι
1596 1425 1764 1479 Ὅταν
1788 1424 1844 1477 δὲ
1885 1424 1947 1478 τὸ

356 1510 677 1582 ἀκάθαρτον
705 1511 925 1583 πνεῦμα
967 1513 1162 1587 ἐξέλθῃ
1194 1515 1303 1569 ἀπὸ
1329 1516 1422 1569 τοῦ
1461 1515 1770 1588 ἀνθρώπου,
1798 1517 1944 1589 διέρ-

334 1589 519 1673 ’χεται
563 1602 635 1656 δι’
676 1602 923 1675 ἀνύδρων
970 1604 1189 1671 τόπων,
1229 1606 1428 1679 ζητοῦν
1477 1609 1804 1675 ἀνάπαυσιν,
1850 1607 1948 1662 καὶ

354 1695 461 1763 οὐχ
489 1694 756 1766 εὑρίσκει,
792 1697 908 1762 καὶ,
952 1696 1339 1771 Ὑποστρέψω,
1367 1702 1554 1773 φησὶν,
1584 1703 1664 1765 εἰς
1691 1702 1783 1756 τὸν
1814 1702 1947 1756 ἴδιον

357 1782 550 1837 τόπον.
587 1784 697 1837 Καὶ
722 1782 879 1839 ἐλθὸν
907 1786 1155 1857 εὑρίσκει
1181 1788 1533 1863 σχολάζοντα,
1564 1791 1948 1863 σεσαρωμένον

357 1875 460 1928 καὶ
506 1876 945 1947 κεκοσμημένον
995 1878 1117 1932 τότε
1159 1862 1489 1951 πορεύεται,
1544 1880 1639 1935 καὶ
1681 1862 1947 1953 λαμϐάνει

327 1376 344 1449 i

357 1966 528 2038 ἔτερα
578 1968 719 2022 ἐπτὰ
751 1968 1040 2041 πνεύματα
1075 1972 1415 2045 πονηρότερα
1450 1972 1667 2030 ἑαυτοῦ.
1703 1974 1811 2028 Καὶ
1836 1976 1949 2029 εἰσ-

357 2057 592 2112 ελθόντα
641 2062 892 2114 κατοικεῖ
935 2062 1073 2116 ἐκεῖ·
1120 2064 1214 2116 καὶ
1252 2063 1461 2133 γίνεται
1499 2066 1566 2119 τὰ
1612 2065 1815 2138 ἔσχατα
1851 2065 1948 2121 τοῦ

356 2149 656 2222 ἀνθρώπου
690 2153 921 2223 ἐκείνου,
952 2155 1172 2226 χείρονα
1203 2154 1315 2210 τῶν
1345 2156 1598 2229 πρώτων.
1629 2177 1649 2211 ι
1671 2155 1804 2214 Εἶτα
1825 2160 1948 2214 τού-

355 2259 479 2307 τοις
523 2245 858 2313 προστιθεὶς,
894 2265 913 2300 ι
957 2249 1166 2320 Ἀμὴν,
1202 2241 1374 2321 φησὶ,
1410 2250 1554 2320 λέγω
1592 2251 1741 2323 ύμῖν,
1774 2252 1949 2318 οὕτως

357 2333 518 2388 ἔσται
562 2338 630 2407 τῇ
683 2340 901 2411 πονηρᾷ
942 2339 1117 2415 ταύτῃ
1167 2344 1350 2414 γενεᾷ.
1395 2361 1413 2394 ι
1475 2343 1809 2416 Ἀπελήλατο
1850 2346 1948 2417 μὲν

358 2425 473 2499 γὰρ
500 2429 557 2481 ἐν
582 2428 777 2500 ἀρχαῖς
803 2430 863 2484 τὸ
901 2431 1117 2503 πνεῦμα
1156 2433 1219 2488 τὸ
1263 2436 1522 2507 πονηρὸν,
1552 2438 1641 2490 ὅτε
1686 2437 1946 2492 τεθύκασι

356 2518 456 2572 τὸν
485 2520 657 2590 ἀμνὸν
686 2523 765 2586 είς
795 2522 965 2577 τύπον
992 2523 1086 2578 τοῦ
1123 2526 1385 2597 Χριστοῦ’
1420 2529 1857 2602 κατεχρίσθησάν
1890 2548 1946 2583 τε

355 2609 443 2681 τῷ
470 2612 683 2682 αἵματι,
713 2615 808 2668 καὶ
832 2614 1117 2689 διέδρασαν
1145 2618 1239 2672 τὸν
1274 2618 1621 2694 ὀλοθρευτήν.
1667 2621 1804 2674 Ἀλλ’
1839 2622 1946 2676 ἰδοῦ

358 2706 528 2760 πάλιν
554 2708 875 2772 εἰσπὲπεκε,
916 2710 1010 2764 καὶ
1042 2710 1179 2765 πολὺ
1208 2713 1470 2784 χειρόνως
1505 2713 1538 2786 ἢ
1566 2714 1754 2779 πάλαι,
1790 2716 1948 2789 εἴπερ

359 2798 516 2851 ἐστὶν
543 2798 749 2870 ἀληθὴς
773 2802 802 2853 6
827 2801 1003 2871 λέγων
1029 2805 1156 2875 περί
1183 2803 1292 2857 τῶν
1316 2805 1385 2858 τὰ
1410 2805 1590 2859 τοιάδε
1616 2808 1791 2862 νοσεῖν
1820 2808 1950 2878 ᾑρη-

362 2890 570 2961 μένων·
646 2910 664 2943 ι
689 2893 959 2963 Κρεῖσσον
1001 2894 1108 2967 γὰρ
1140 2890 1208 2967 ἦν
1248 2898 1433 2962 αὐτοῖς
1478 2898 1553 2970 μὴ
1582 2899 1947 2967 ἐπεγνωκέναι

358 2978 466 3050 τὴν
496 2980 616 3035 ὁδὸν
649 2982 747 3053 τῆς
782 2983 1199 3059 δικαιοσύνης,ῆ
1232 2987 1546 3056 ἐπιγνοῦσιν
1576 2991 1655 3052 εἰς
1678 2988 1748 3043 τὰ
1774 2990 1949 3043 ὀπίσω

2038 519 2149 574 quo
2174 505 2345 559 velint
2363 504 2683 573 impellunt:
2709 502 2783 556 ita
2805 501 2972 555 etiam
3006 498 3244 555 hominis
3268 500 3470 563 anima,
3492 514 3620 554 cum

2039 595 2213 665 legem
2247 610 2357 650 non
2391 594 2557 649 habet
2588 592 2908 664 perfectam,
2939 590 3099 646 facile
3123 590 3191 645 ad
3228 589 3449 660 quidvis
3472 591 3621 661 «loud

2038 686 2090 741 ei
2119 687 2346 742 libuerit
2375 686 2611 757 rapitur,
2648 693 2705 739 et
2730 684 3035 739 carnalium
3063 683 3407 753 voluptatum
3457 682 3625 737 undis

2039 778 2447 847 quodammodo
2471 776 2795 832 inebriatur.
2821 774 2979 842 Quod
3018 774 3243 846 quidem
3278 774 3625 845 reperiemus

2042 868 2308 924 accidisse
2353 869 2561 924 lsraeli.
2599 868 2737 924 Cum
2771 867 3069 923 enim'non
3119 867 3351 922 haberet
3382 876 3623 924 mentem

2042 960 2110 1015 ad
2157 961 2417 1031 pietatem
2463 975 2826 1032 propensam,
2872 975 3054 1030 neque
3086 974 3184 1014 cor
3222 960 3279 1013 in
3325 959 3499 1013 Deum
3524 958 3626 1014 de-

2043 1053 2210 1108 ﬁxum
2232 1095 2246 1119 ,
2280 1054 2437 1124 quasi
2473 1053 2827 1126 retrogradus
2883 1064 2969 1108 est
3024 1053 3434 1124 deprehensus,
3465 1068 3629 1108 exse-

2045 1141 2306 1196 orandam
2332 1142 2698 1197 idololatriam
2758 1143 3118 1212 amplexatus.
3153 1142 3366 1197 Idcirco
3394 1142 3463 1197 de
3505 1142 3629 1203 istis

2046 1232 2298 1288 Salvator
2328 1234 2445 1304 ipse
2473 1235 2549 1289 ait
2587 1253 2601 1288 :
2647 1255 2666 1287 ι
2696 1235 2834 1290 Cum
2864 1234 3183 1289 immundus
3216 1234 3444 1304 spiritus
3481 1234 3630 1289 exie-

2047 1324 2121 1379 rit
2152 1324 2222 1379 ab
2246 1325 2474 1380 homine
2497 1367 2511 1391 ,
2550 1334 2809 1397 peragrat
2838 1326 3050 1382 arentia
3104 1327 3223 1381 loca
3260 1342 3514 1396 quaerens
3544 1342 3630 1381 re-

2046 1417 2253 1486 quiem,
2278 1427 2334 1471 et
2358 1431 2468 1472 non
2499 1417 2807 1493 inveniens,
2835 1417 2977 1473 ‘dicit
3010 1417 3383 1472 :Revertarin
3404 1418 3628 1473 domum

2047 1523 2225 1564 meam
2261 1509 2408 1563 unde
2437 1508 2602 1564 exivi.
2633 1510 2848 1565 Etcum
2877 1510 3112 1573 venerit,
3149 1509 3361 1565 invenit
3388 1525 3509 1564 eam
3531 1526 3628 1565 va-

2046 1611 2284 1667 cantem,
2320 1602 2500 1672 scopis
2525 1602 2840 1657 mundatam
2865 1610 2923 1657 et
2953 1609 3239 1667 ornatam;
3282 1611 3412 1657 tunc
3444 1603 3628 1668 vadit,

2049 1700 2106 1747 et
2139 1693 2371 1747 assumit
2422 1701 2633 1764 septem
2674 1694 2814 1751 alios
2849 1695 3077 1765 Spiritus
3114 1694 3411 1764 nequiores
3454 1711 3533 1751 se.
3562 1695 3630 1752 Et

1980 1764 2021 1819 Β
2050 1784 2279 1856 ingressi
2336 1785 2587 1840 habitant
2633 1786 2728 1841 ibi.
2772 1787 2841 1841 Et
2878 1764 3340 1843 iiuntnovissima
3388 1786 3632 1844 hominis

2050 1872 2197 1927 illius
2213 1874 2399 1945 pejora
2432 1873 2712 1945 prioribus
2728 1876 2793 1930 ⁸⁸.
2829 1895 2848 1929 ι
2875 1876 3074 1932 Subdit
3090 1886 3273 1933 autem
3295 1878 3460 1949 paulo
3483 1888 3626 1950 post:

2055 1980 2075 2013 ι
2107 1961 2312 2027 Amen,
2332 1962 2477 2019 'dico
2504 1965 2684 2030 vobis,
2719 1965 2798 2021 sic
2824 1964 2917 2021 flet
2947 1968 3288 2038 generationi
3335 1968 3467 2024 huic
3497 1985 3629 2041 pra-

2050 2070 2130 2111 vm
2159 2056 2225 2109 ⁵⁷.
2257 2075 2273 2107 ι
2312 2056 2653 2128 Expuleruut
2680 2058 2829 2113 enim
2864 2059 3023 2115 initio
3053 2061 3307 2132 spiritum
3330 2064 3628 2136 malignum

2049 2156 2286 2203 mactato
2308 2164 2448 2219 agno
2470 2150 2523 2203 in
2556 2160 2743 2221 typum
2768 2150 3008 2219 Christi,
3048 2154 3311 2225 unctique
3342 2164 3472 2211 sunt
3501 2172 3632 2212 san-

2048 2240 2234 2310 guine,
2266 2251 2322 2295 et
2348 2241 2659 2313 eﬂ‘ugerunt
2684 2244 3189 2300 exterminatorem.
3215 2247 3286 2301 At
3325 2248 3470 2312 vide,
3499 2263 3630 2319 pro-

2049 2331 2309 2387 labuntur
2364 2349 2623 2399 rursum,
2682 2350 2746 2391 ac
2778 2334 3001 2406 quidem
3044 2338 3101 2393 in
3145 2337 3306 2409 longe
3352 2340 3633 2396 deteriora

2047 2424 2328 2494 prioribus
2352 2442 2367 2491 ;
2401 2427 2671 2497 siquidem
2692 2443 2860 2483 verax
2883 2438 2967 2484 est
2988 2429 3076 2485 ille
3103 2430 3196 2501 qui
3228 2431 3296 2487 de
3320 2433 3411 2486 tali
3437 2432 3630 2489 morbo

2049 2516 2264 2572 affectis
2291 2517 2429 2573 dicit
2460 2537 2473 2572 :
2510 2539 2530 2571 ι
2567 2520 2761 2575 Melius
2785 2532 2932 2577 esset
2964 2522 3097 2592 ipsis
3120 2539 3403 2595 nunquam
3425 2541 3631 2598 cogno-

2044 2610 2194 2665 visse
2218 2610 2365 2665 viam
2402 2611 2650 2683 iustitiae,
2684 2629 2849 2684 quam
2898 2628 3024 2670 cum
3075 2617 3432 2686 cognoverint
3478 2628 3630 2673 retro

2050 2699 2343 2757 deﬂectere
2366 2717 2397 2756 a
2425 2711 2615 2758 sancto
2644 2703 2933 2768 mandato,
2989 2704 3135 2774 quod
3192 2705 3295 2761 sibi
3339 2716 3425 2762 est
3455 2709 3629 2763 tradi-

2051 2796 2187 2841 tum.
2215 2788 2429 2843 Accidit
2451 2791 2598 2844 enim
2621 2792 2722 2856 eis,
2750 2793 2897 2861 quod
2921 2803 3004 2848 est
3027 2795 3083 2847 in
3113 2794 3436 2862 Proverbio,
3465 2797 3630 2854 Canis

2048 2892 2305 2933 reversus
2324 2879 2393 2933 ad
2422 2881 2706 2950 proprium
2733 2882 3018 2948 vomitum;
3078 2894 3152 2949 et,
3179 2883 3284 2939 Sus
3303 2885 3412 2941 lota
3435 2887 3503 2941 ad
3532 2903 3631 2943 vo-

2048 2967 2327 3023 lutabrum
2369 2970 2510 3025 caeni
2542 2969 2609 3024 ⁸⁸.
2644 2989 2664 3022 ι
2695 2971 2831 3027 Nam
2858 2988 2926 3026 ex
2967 2973 3036 3028 iis
3066 2975 3202 3044 ipsis
3241 2990 3364 3046 qua:
3393 2986 3633 3033 attenta-

357 3072 692 3145 ἀνακάμψαι
719 3075 827 3129 ἀπὸ
858 3076 960 3146 τῆς
1004 3057 1251 3149 δοθείσης
1288 3080 1471 3146 αὐτοῖς
1500 3082 1671 3150 ἁγίας
1701 3083 1943 3153 ἐντολῆς.

2052 3064 2201 3123 runt,
2254 3057 2414 3113 facile
2449 3059 2576 3143 quis
2622 3060 2846 3128 viderit,
2886 3063 3032 3133 quod
3081 3064 3150 3118 ad
3183 3081 3344 3121 suum
3385 3067 3631 3137 ipsorum

360 3162 723 3232 Συμὸέϐηκεν
746 3164 930 3229 αὐτοῖς
954 3166 1015 3220 τὸ
1030 3166 1128 3237 τῆς
1146 3167 1383 3238 ἀληθοῦς
1401 3170 1726 3243 Παροιμίαςο
1755 3171 1948 3229 «Κύων

359 3251 702 3323 ἐπιστρέψας
717 3253 808 3307 ἐπὶ
820 3252 882 3307 τὸ
906 3254 1035 3310 ἴδιον
1051 3253 1315 3327 ἐξέραμα·
1331 3276 1349 3309 ι
1366 3258 1481 3324 καὶ,
1497 3279 1514 3311 ι
1528 3254 1631 3325 τΥς
1642 3261 1948 3334 λουσαμένη

359 3347 450 3410 εἰς
480 3346 723 3418 κύλισμα
754 3347 1040 3420 βορϐόρου.
1074 3368 1094 3401 ι
1142 3351 1231 3417 Ἐξ
1261 3351 1444 3406 αὐτῶν
1471 3353 1527 3406 δὲ
1552 3354 1659 3409 τῶν
1693 3356 1951 3429 τετολμη-

364 3437 551 3510 μένων
589 3438 992 3511 καταθρήσαιτό
1021 3456 1104 3506 τις
1149 3440 1246 3508 ἂν,
1282 3443 1365 3497 ὃτι
1395 3444 1505 3498 τῶν
1546 3446 1693 3500 ίδίων
1739 3448 1950 3522 ἐμέτων

358 3529 607 3598 ἥπτοντο
642 3530 823 3596 πάλιν,
850 3532 945 3586 καὶ
973 3536 1088 3598 τοῖς
1116 3533 1324 3589 ἄνωθεν
1353 3536 1786 3605 ἐγκυλινόεῖσθαι
1821 3540 1950 3614 βορ-

360 3619 549 3691 εόροις
594 3621 653 3688 ἐξ
702 3622 1053 3695 ὑποστροφῆς
1100 3626 1392 3696 ἐμελέτων.
1449 3628 1768 3701 Γέγραπται
1818 3633 1949 3705 γὰρ,

361 3713 450 3767 ὅτι
481 3730 500 3763 ι
539 3712 649 3765 Kal
685 3712 812 3767 ίδὼν
839 3716 870 3768 6
895 3715 1023 3779 λαὸς
1052 3717 1134 3771 ὅτι
1157 3719 1441 3790 κεχρὸνικε
1468 3722 1672 3793 Μωσῆς
1703 3724 1949 3794 καταδῆ-

360 3817 457 3854 ναι
490 3802 557 3854 ἐκ
596 3800 689 3855 τοῦ
725 3802 918 3875 ὅρους,
957 3806 1190 3879 συνέστη
1221 3810 1249 3861 6
1287 3807 1413 3873 λαὸς
1452 3810 1542 3863 ἐπ’
1580 3810 1822 3882 Ἀαρὼν,
1857 3813 1951 3867 καὶ

363 3892 624 3962 λέγουσιν
668 3894 841 3967 αὐτῷ’
875 3894 1201 3969 Ἀνάστηθι,
1228 3899 1323 3953 καὶ
1348 3899 1572 3971 ποίησον
1611 3901 1742 3972 ἡμῖν
1774 3901 1948 3967 Θεοὺς,

361 3985 420 4038 οἳ
452 3986 924 4057 προπορεύσονται
955 3988 1135 4060 ἡμῶν.
1178 3991 1237 4044 '0
1258 3992 1465 4063 Μωσῆς
1493 3988 1647 4058 οὗτος
1683 3996 1712 4048 6
1739 3994 1950 4065 ἄνθρω-

364 4093 471 4140 πος
495 4075 555 4140 ὃς
580 4077 851 4148 ἐξήγαγεν
877 4080 1023 4151 ἡμᾶς
1046 4083 1110 4136 ἐκ
1142 4083 1245 4153 γῆς
1273 4083 1574 4151 Αἰγύπτου,
1600 4086 1701 4140 ούκ
1729 4087 1949 4159 οἴδαμεν

358 4166 421 4222 τί
449 4168 676 4239 γέγονεν
707 4171 878 4243 αύτῷ.
908 4174 1018 4227 Kal
1052 4173 1200 4243 λέγει
1230 4175 1415 4239 αὐτοῖς
1454 4177 1483 4229 6
1518 4176 1749 4248 Ἀαρῶνι
1782 4179 1949 4250 Περι-

360 4260 557 4313 έλεσθε
587 4260 657 4314 τὰ
681 4260 877 4317 ἐνώτια
901 4264 968 4317 τὰ
993 4267 1170 4337 χρυσᾶ
1186 4265 1256 4320 τὰ
1285 4268 1344 4321 ἐν
1362 4268 1477 4331 τοῖς
1503 4267 1606 4320 ὠσὶ
1633 4268 1744 4321 τῶν
1760 4248 1951 4338 γυναι-

327 4332 481 4406 ’κῶν
531 4351 686 4423 ὑμῶν
732 4353 829 4407 καὶ
868 4354 977 4409 τῶν
996 4332 1351 4430 θυγατέρων,
1398 4358 1492 4413 καὶ
1524 4332 1785 4429 ἐνέγκατέ
1833 4379 1945 4432 μοι.

2051 3149 2318 3205 vomitum
2348 3151 2651 3218 redierint,
2692 3161 2748 3208 et
2784 3154 2840 3209 in
2868 3155 3041 3225 priori
3080 3170 3240 3213 emno
3270 3173 3390 3214 sese
3423 3159 3635 3216 voluta-

2052 3241 2252 3296 verint.
2298 3241 2576 3314 Scriptum
2600 3253 2685 3299 est
2720 3245 2867 3301 enim
2900 3264 2913 3300 :
2950 3266 2969 3299 ‹
3004 3248 3154 3304 Vidit
3185 3258 3367 3306 autem
3397 3253 3635 3324 populus

2051 3334 2200 3405 quod
2232 3335 2468 3391 tardavit
2488 3336 2667 3393 Moses
2689 3338 3023 3396 descendere
3045 3342 3114 3398 de
3143 3352 3328 3400 monte
3362 3363 3373 3398 :
3400 3360 3634 3417 congre-

2051 3434 2320 3496 gatusque
2349 3436 2435 3482 est
2457 3428 2694 3498 populus
2718 3430 2787 3485 ad
2810 3430 3014 3498 Aaron,
3032 3442 3088 3489 et
3107 3433 3366 3490 dicuntei
3396 3454 3409 3490 :
3438 3434 3632 3509 Surge,

2050 3525 2106 3571 et
2150 3516 2237 3572 fac
2283 3518 2445 3574 nobis
2468 3519 2636 3584 deos,
2676 3520 2770 3590 qui
2796 3523 3109 3592 praecedant
3137 3540 3257 3581 nos.
3288 3526 3421 3582 Nam
3459 3527 3637 3585 Moses

2052 3609 2143 3666 hic
2167 3612 2333 3666 homo
2375 3620 2482 3678 est,
2512 3613 2609 3683 qui
2645 3614 2836 3670 eduxit
2863 3632 2965 3671 nos
2988 3616 3057 3672 de
3085 3626 3230 3673 terra
3257 3617 3496 3690 Egypti,
3524 3636 3634 3676 non

2051 3708 2256 3765 scimus
2292 3709 2425 3779 quid
2468 3707 2673 3766 factum
2720 3718 2804 3768 est
2846 3711 2949 3766 illi.
2977 3711 3047 3768 Et
3086 3712 3222 3768 dicit
3248 3712 3358 3769 illis
3395 3715 3577 3770 Aaron
3617 3734 3631 3769 :

2051 3801 2249 3857 Tollite
2279 3802 2500 3857 inaures
2522 3819 2719 3859 aureas
2742 3820 2865 3874 qua:
2891 3805 2946 3859 in
2962 3805 3190 3859 auribus
3209 3807 3504 3861 mulierum
3536 3825 3633 3863 vc-

2050 3903 2287 3948 strarum
2329 3902 2386 3948 et
2421 3893 2690 3959 filiarum,
2735 3901 2795 3949 et
2824 3893 3017 3949 an‘erte
3048 3894 3118 3949 ad
3145 3909 3251 3949 me.
3286 3896 3353 3951 Et
3387 3896 3634 3953 abstule-

2051 3992 2183 4039 runt
2202 3985 2385 4039 omnis
2410 3984 2647 4055 populus
2672 3984 2896 4039 inaures
2917 3999 3116 4040 aureas
3148 4000 3270 4056 quae
3306 3984 3362 4040 in
3405 3988 3635 4042 auribus

2049 4092 2284 4133 uxorum
2317 4092 2534 4142 eorum,
2565 4084 2622 4133 et
2657 4076 2966 4133 attulerunt
2999 4077 3069 4133 ad
3097 4077 3299 4133 Aaron.
3326 4079 3394 4135 Et
3421 4079 3635 4151 accepit

2051 4170 2118 4224 de
2143 4169 2400 4225 manibus
2421 4166 2642 4224 illorum
2670 4168 2832 4241 335
2857 4179 2915 4226 et
2936 4168 3195 4225 formavit
3222 4169 3358 4226 illud
3384 4171 3441 4227 in
3463 4160 3631 4244 stylo,

2048 4271 2105 4319 ct
2166 4262 2300 4318 fecit
2355 4261 2491 4318 illud
2536 4263 2773 4318 vitulum
2823 4263 3176 4322 conﬂatilem.
3217 4265 3284 4320 Et
3332 4267 3631 4323 dixerunt:

2050 4354 2143 4410 lsti
2174 4353 2251 4409 dii
2295 4355 2397 4419 tui,
2437 4355 2623 4421 lsrael,
2656 4356 2752 4428 qui
2795 4357 3105 4412 eduxerunt
3127 4365 3179 4413 te
3204 4358 3273 4413 de
3305 4369 3450 4415 terra
3475 4360 3639 4434 Egy-

363 4442 479 4496 Καὶ
513 4444 851 4515 περιείλοντο
879 4448 987 4507 πᾶς
1024 4450 1052 4501 6
1083 4448 1210 4513 λαὸς
1241 4451 1310 4503 τὰ
1344 4449 1539 4504 ἐνώτια
1567 4451 1634 4505 τὰ
1669 4453 1847 4523 χρυσᾶ
1879 4453 1946 4507 τὰ

2050 4447 2150 4518 pti.
2181 4446 2249 4501 Et
2282 4447 2478 4504 videns
2507 4448 2691 4503 Aaron
2714 4447 3005 4504 aediﬁcavit
3045 4450 3215 4505 altare
3241 4466 3426 4506 coram
3450 4466 3519 4506 eo
3537 4492 3553 4518 ,
3577 4463 3637 4507 et

358 4534 425 4586 ἐν
449 4537 563 4597 τοῖς
591 4535 698 4589 ὠσὶ
725 4536 832 4590 τῶν
861 4539 1144 4604 γυναικῶν
1177 4540 1381 4605 αύτῶν,
1414 4541 1509 4596 καὶ
1551 4542 1789 4613 ῆνεγκαν
1812 4542 1949 4616 πρὸς

374 4626 613 4697 ’Δαρών.
658 4627 771 4682 Kal
814 4629 1035 4695 ἐδέξατο
1080 4634 1145 4685 ἐκ
1191 4632 1303 4687 τῶν
1343 4633 1544 4704 χειρῶν
1590 4635 1807 4694 αὐτῶν.
1854 4636 1949 4690 καὶ

361 4717 603 4773 ἔπλασεν
638 4720 781 4775 αὐτὰ
814 4723 872 4775 ἐν
909 4724 975 4794 τῇ
1018 4723 1274 4794 γραφίδι,
1316 4724 1412 4778 καὶ
1461 4726 1716 4798 ἐποίησεν
1763 4730 1949 4792 αὐτοῖς

364 4808 570 4880 μόσχίν
618 4813 907 4882 χωνευτόν.
965 4814 1077 4868 Kal
1130 4810 1309 4869 εἴπανο
1363 4810 1522 4871 Οὗτοι
1570 4820 1618 4871 οἱ
1665 4817 1777 4872 θεοί
1827 4837 1946 4885 σου,

376 4900 633 4973 Ἰσραὴλ,
676 4904 875 4968 οἵτινες
927 4906 1258 4964 ἀνεϐίϐασαν
1293 4925 1352 4962 σε
1383 4910 1447 4963 ἐκ
1488 4909 1592 4980 γῆς
1644 4911 1944 4978 Αἰγύπτου.

358 4993 476 5047 Kal
502 4994 628 5047 ἰδὼν
657 4995 893 5068 ’Δαρὼν,
919 4996 1237 5070 ᾠκοδόμησε
1272 5000 1658 5072 θυσιαστήριον
1686 5002 1945 5056 ἀπέναντι

357 5085 571 5154 αὐτοῦ,
621 5086 720 5140 καὶ
762 5089 1029 5160 ἐκήρυξεν
1084 5091 1327 5163 Ἀαρὼν,
1374 5092 1567 5162 λέγων’
1613 5093 1806 5166 Ἐορτὴ
1854 5094 1947 5148 τοῦ

358 5178 573 5248 Κυρίου
597 5178 808 5251 αὔριον.
832 5182 946 5235 Kal
965 5181 1226 5255 ὀρθρίσας
1249 5187 1315 5257 τῇ
1344 5184 1606 5259 ἐπαύριον
1626 5186 1947 5242 ἀνεύίόασεν

356 5266 835 5341 ὁλοκαυτώματα,
887 5272 982 5327 καὶ¹
1027 5276 1372 5347 προσήνεγκε
1420 5276 1611 5332 θυσίαν
1655 5279 1944 5350 σωτηρίου,

358 5359 458 5413 xal
483 5360 737 5413 ἐκάθισεν
801 5361 831 5415 6
861 5361 988 5426 λαὸς
1014 5367 1207 5434 φαγεῖν
1245 5365 1343 5420 καὶ
1384 5369 1549 5434 πιεῖν,
1591 5368 1688 5422 καὶ
1715 5370 1948 5440 ἀνέστη-

360 5468 464 5505 σαν
504 5451 742 5517 παίζειν.
790 5473 810 5506 ι
849 5456 909 5510 Ὀ
953 5458 1053 5528 μὲν
1101 5458 1389 5525 θεσπέσιος
1441 5461 1670 5533 Μωσῆς,
1716 5463 1845 5527 τοὺς
1884 5457 1945 5516 εὖ

360 5543 513 5616 μάλα
539 5548 1069 5621 μυσταγωγούμενος
1106 5553 1326 5625 νόμους,
1355 5556 1589 5609 ἐποιεῖτο
1615 5555 1713 5620 τὰς
1742 5556 1946 5629 διατρι-

2046 4541 2365 4610 przedicavit
2403 4543 2606 4608 Aaron,
2639 4542 2863 4598 dicens:
2888 4541 3111 4599 Festum
3145 4543 3360 4597 Domini
3391 4559 3534 4599 cras.
3563 4545 3634 4600 Et

2046 4648 2205 4689 mane
2228 4650 2456 4706 surgens
2475 4634 2531 4690 in
2561 4640 2863 4691 crastinum
2888 4634 3089 4692 deduci
3129 4635 3259 4691 fecit
3288 4635 3632 4701 holocausta,

2043 4735 2100 4784 et
2132 4728 2333 4783 obtulit
2386 4727 2713 4783 sacrificium
2764 4728 3024 4794 salutare,
3046 4736 3103 4784 et
3128 4727 3271 4783 sedit
3296 4729 3533 4799 populus
3569 4730 3637 4783 ad

2045 4820 2444 4876 comedendum
2507 4828 2564 4877 et
2624 4819 2968 4886 bibendum,
3035 4827 3093 4876 et
3135 4828 3498 4876 surrexerunt
3555 4820 3642 4874 lu-

2046 4911 2177 4967 dere
2196 4912 2262 4964 ”.
2297 4930 2316 4962 ι
2346 4911 2483 4966 Nam
2519 4910 2716 4966 beatus
2751 4909 2930 4966 Moses
2967 4925 3093 4965 cum
3118 4925 3215 4965 eos
3248 4911 3454 4983 optime
3493 4909 3638 4983 divi-

2048 5018 2146 5057 nas
2166 5001 2313 5074 leges
2343 5001 2645 5068 docuisset,
2692 5016 2904 5057 moram
2956 4999 3196 5056 faciebat
3230 4978 3636 5055 in'monte'Si-

2048 5091 2158 5146 nai.
2203 5089 2273 5145 At
2315 5091 2405 5145 isti
2447 5105 2574 5145 cum
2596 5098 2785 5146 essent
2846 5088 3216 5146 cunctationis
3240 5089 3408 5144 stulte
3455 5089 3638 5160 impa-

2048 5179 2271 5242 tientes,
2302 5194 2370 5233 eo
2391 5179 2683 5235 dementiae
2708 5187 3006 5245 venerunt,
3024 5185 3085 5233 ut
3100 5194 3159 5235 se
3188 5195 3219 5234 a
3242 5178 3356 5234 Deo
3377 5179 3525 5234 omni
3535 5196 3639 5250 po-

2051 5279 2199 5327 tente
2232 5270 2405 5327 factos
2426 5271 2689 5343 deinceps
2708 5272 2934 5327 omnino
2962 5272 3310 5344 ignorarent;
3338 5288 3463 5328 cum
3493 5272 3638 5328 alio~

2050 5366 2144 5439 qui
2180 5365 2359 5437 ipsum
2402 5366 2457 5421 in
2496 5366 2679 5437 specie
2722 5365 2865 5437 ignis
2906 5364 2965 5420 in
3009 5373 3196 5421 monte
3248 5363 3399 5419 Sinai
3448 5379 3636 5421 essent

2047 5458 2368 5529 conspicati,
2397 5473 2462 5512 ac
2508 5458 2646 5513 vivae
2672 5457 2826 5513 vocis
2860 5458 3140 5513 auditores
3164 5456 3505 5511 exstitissent
3528 5496 3544 5522 ,
3568 5471 3636 5512 ac

2051 5554 2236 5613 Mosen
2284 5549 2640 5605 mediatorem
2672 5555 2858 5605 essent
2888 5548 3189 5621 deprecati.
3228 5548 3399 5633 Atqui.
3432 5546 3637 5605 dixerit

436 5659 482 5694 “
509 5661 701 5746 Matth.
738 5682 829 5733 xu,
862 5666 1056 5722 4345'
1090 5667 1221 5722 Luc.
1250 5685 1321 5726 χι.
1364 5669 1553 5725 ἓί-Ξδ.
1632 5671 1677 5701 ⁸⁷
1711 5670 1898 5727 .llatth.
1924 5690 1946 5727 ς

2057 5673 2133 5728 £5.
2205 5670 2252 5702 ⁸⁸
2276 5664 2321 5746 ll
2351 5663 2498 5719 Petr.
2523 5680 2580 5730 ιι,
2601 5664 2693 5731 21,
2715 5663 2818 5731 22;
2846 5665 3011 5722 Prov.
3034 5642 3220 5730 xxvut,
3246 5662 3333 5719 l2.
3397 5662 3631 5721 “Exod.

354 5746 526 5796 xuii,
570 5732 680 5787 1-6.
