4024 6198
425 286 527 344 ω

1439 286 1496 341 8.
1537 285 1812 342 CYBILLI
1847 282 2318 360 ᾼιΕΧΑΝυιυΝι
2354 281 2672 337 ARCBIEP.

3553 279 3661 338 “8

421 399 698 471 quispiam
726 399 844 453 bis:
875 396 920 454 Ο
942 413 1155 453 summa
1172 397 1493 470 stupiditate
1519 399 1664 469 pleni
1687 409 1857 463 :esto,
1881 409 1983 454 tar-

2098 397 2196 462 ϐὰς
2226 399 2282 450 ὲν
2311 395 2386 466 τῷ
2419 396 2533 466 ὅρει
2557 396 2706 464 Σινᾷ.
2737 393 2800 447 οι
2831 393 2888 446 δὲ
2914 393 3049 464 πρὸς
3087 395 3185 463 τὴν
3213 393 3472 464 μέλλησιν
3500 397 3666 449 αὐτοῦ

423 489 569 545 darit
597 490 786 544 Moses.
817 488 957 554 Quid
989 488 1094 543 hoc
1117 489 1184 544 ad
1205 489 1398 556 Deum,
1429 491 1524 560 qui
1551 505 1764 560 semper
1791 501 1995 546 morta-

420 581 568 636 libus
610 579 802 643 adest,
829 579 1044 635 etiamsi
1076 580 1306 635 fortasse
1334 597 1445 636 non
1476 581 1768 637 videatur?
1797 583 1995 638 Excla-

423 680 535 727 met
560 672 727 743 igitur
751 685 898 725 nunc
943 670 1165 726 divinus
1201 670 1371 726 David
1405 689 1417 725 :
1459 691 1477 723 ι
1513 671 1807 727 Generatio
1830 688 1997 742 prava

421 771 479 819 et
508 761 922 831 exasperans”.
957 780 975 812 ι
1008 760 1090 815 Ad
1114 761 1230 816 haec
1257 770 1315 817 et
1361 761 1537 817 Moses
1582 778 1595 816 :
1645 781 1662 814 ι
1696 761 1910 819 Oblitus
1935 780 1998 819 es

423 855 517 910 Dei
543 853 637 924 qui
663 861 714 907 te
757 852 968 908 enutrit
988 853 1054 908 “.
1086 873 1103 904 ι
1149 852 1360 920 Quibus
1403 867 1536 909 vero
1557 852 1666 908 diis
1684 855 1879 924 egebat
1905 855 1996 911 ille

421 946 514 1016 qui
547 944 684 1000 adeo
709 943 1102 1000 admirabiliter
1125 945 1443 1015 redemptus
1455 954 1562 1011 est,
1587 954 1811 1016 propter
1829 961 1995 1016 quem

420 1033 628 1105 grando
664 1041 720 1088 et
744 1035 908 1088 trium
955 1034 1168 1090 dierum
1196 1034 1438 1090 tenebraa
1477 1035 1791 1090 universam
1828 1035 1994 1108 Egy-

421 1135 575 1196 ptum
599 1124 976 1179 obsederunt?
1001 1125 1072 1180 ob
1102 1141 1264 1195 quem
1308 1126 1440 1182 item
1483 1141 1588 1181 una
1629 1135 1789 1182 nocte
1818 1129 1997 1198 perie-

421 1225 551 1271 runt
575 1215 756 1270 omnia
773 1215 1136 1286 primogenita
1158 1257 1172 1280 ,
1202 1225 1258 1272 et
1283 1217 1372 1272 cui
1399 1230 1602 1271 saevum
1635 1224 1799 1285 atque
1823 1216 1996 1271 intra-

419 1308 618 1363 ctabile
640 1322 790 1362 mare
822 1306 1057 1362 divisum
1099 1314 1184 1363 est
1205 1349 1219 1373 ,
1251 1317 1314 1362 ut
1341 1308 1582 1364 crudelis
1623 1309 1995 1380 persecutoris

420 1415 613 1454 manus
632 1398 942 1468 eﬁ‘ugeret?
971 1400 1040 1453 At
1063 1399 1107 1454 si
1151 1401 1276 1470 quis
1299 1399 1509 1472 singula
1533 1401 1784 1471 persequi
1807 1400 1990 1466 velle’t,

419 1491 634 1561 longam
665 1490 732 1545 de
760 1491 1018 1546 omnibus
1036 1493 1339 1548 orationem
1362 1493 1628 1548 instituat.
1649 1493 1784 1548 Cum
1809 1493 1992 1563 itaque

418 1583 635 1652 sapiens
683 1582 860 1637 Moses
888 1591 1243 1638 cunctaretur
1286 1585 1339 1638 in
1365 1591 1572 1649 monte,
1596 1587 1836 1655 aggressi
1865 1591 1993 1640 sunt

418 1673 705 1728 Aaronem.
739 1671 840 1740 Qui
873 1688 998 1728 cum
1033 1689 1090 1728 se
1122 1673 1387 1744 imparem
1416 1689 1610 1730 eorum
1657 1674 1883 1729 insultui
1909 1673 1990 1730 fe-

2100 488 2374 550 ἀσυνέτως
2400 486 2835 557 ὀλιγωρήσαντες
2850 525 2866 550 ,
2891 481 3388 556 φρενοδ).α6εία[ι]ς
3411 484 3491 546 είς
3509 484 3667 538 τοῦτο

2101 577 2537 647 κατωλίσθησαν,
2577 575 2720 628 ὥστε
2759 575 2855 628 καὶ
2881 574 2964 628 ὅτι
2994 575 3280 643 γεγόνασιν
3306 575 3412 628 ὑπὸ
3445 575 3564 646 Θεῷ
3590 577 3668 648 τῷ

2099 671 2278 724 πάντα
2310 668 2547 739 ἰσχύοντι
2588 669 2729 737 τάχα
2757 685 2860 721 που
2899 668 3084 721 λοιπον
3115 668 3250 738 μηδὲ
3291 667 3493 724 εἰδέναι
3529 685 3671 724 παν-

2096 761 2287 824 τελῶς·
2317 761 2492 814 καίτοι
2524 758 2620 812 ml
2653 761 2709 811 ὲν
2737 758 2866 812 εῑδει
2899 757 3070 829 πυρὸς
3098 759 3184 812 ἐπ’
3229 759 3389 828 ὅρους
3424 759 3556 812 Σινά
3580 777 3668 814 τεο

2098 852 2348 923 θεαμένοι
2368 893 2384 918 ,
2410 851 2505 904 ml
2529 851 2712 920 φωνῆς
2758 850 3016 920 αὐτήκοοι
3043 848 3361 918 γεγονότες,
3386 850 3482 902 καὶ
3514 868 3668 919 μεσι-

2095 941 2273 995 τεύειν
2323 941 2503 1004 αὐτοῖς
2546 938 2972 1010 λελιπαρηκότες
3003 939 3229 994 Μωσέα.
3275 939 3436 1006 Ἀλλ’,
3470 931 3537 992 Ὠ
3568 939 3668 1010 τῆς

2095 1034 2177 1096 είς
2201 1030 2353 1100 λῆξιν
2378 1029 2664 1093 ἀσυνεσίας
2694 1029 2940 1102 ἔμπλεοι,
2965 1029 3100 1100 φαίη
3128 1046 3214 1093 τις
3240 1028 3304 1082 ἂν
3337 1029 3540 1092 αὐτοῖς·
3569 1030 3666 1083 καὶ

2096 1123 2408 1194 κεχρόνικεν
2448 1122 2476 1176 6
2508 1121 2739 1192 Μωσῆς.
2777 1115 2910 1186 Εἶτα
2938 1119 2992 1172 τί
3031 1119 3191 1173 τοῦτο
3222 1119 3358 1188 πρὸς
3406 1118 3496 1171 τὸν
3530 1119 3665 1172 Θεὸν

2094 1217 2183 1271 ἀεὶ
2219 1214 2448 1269 συνόντα
2480 1215 2591 1276 τοῖς
2621 1214 2714 1266 ἐπὶ
2743 1212 2842 1282 τῆς
2879 1213 3012 1282 γῆς,
3045 1211 3148 1265 κᾶν
3181 1213 3228 1263 εί
3260 1211 3334 1282 μὴ
3365 1210 3541 1281 ὁρῷτο
3571 1228 3660 1264 τυο

2095 1307 2222 1378 χόν;
2255 1304 2701 1376 Ἀνακεκραγέτω
2728 1303 2907 1357 τοίνυν
2931 1304 2960 1355 6
2991 1303 3277 1366 Θεσπέσιος
3303 1303 3484 1357 Δαϐίδ·
3517 1321 3534 1353 ι
3567 1303 3666 1356 Γεο

2093 1399 2190 1452 νεά
2239 1396 2428 1451 σκολιά
2469 1396 2565 1450 καὶ
2609 1394 3150 1466 παραπικραίνουσα.
3196 1413 3214 1446 ι
3255 1393 3367 1447 Kal
3413 1393 3550 1464 πρός
3598 1409 3664 1462 γι

2091 1489 2249 1543 τοῦτο
2285 1487 2509 1558 Μωσῆς·
2561 1505 2580 1538 ι
2640 1485 2938 1540 Ἐπελάοου
2982 1484 3120 1538 Θεοῦ
3169 1485 3460 1557 τρέφοντός
3500 1502 3582 1538 σε.
3638 1505 3657 1538 ι

2093 1579 2268 1634 Ποίων
2305 1579 2363 1632 δὲ
2393 1579 2561 1631 ἐδεῖτο
2600 1576 2738 1631 θεῶν
2757 1617 2772 1642 ,
2810 1579 2840 1630 6
2869 1576 3191 1648 παραδόξως
3219 1574 3361 1629 οὓτω
3390 1575 3664 1648 λελυτρω-

2096 1672 2280 1743 μένος,
2305 1670 2373 1724 δι’
2398 1670 2456 1723 ὃν
2495 1672 2530 1742 ή
2563 1669 2774 1740 χάλαζα
2805 1671 2902 1726 ml
2933 1672 2960 1724 6
2990 1672 3287 1741 τριήμερος
3331 1669 3522 1731 σκότος
3561 1667 3664 1740 τῆς

418 1762 587 1816 rendo
631 1739 845 1818 videret
889 1739 1352 1832 (vociferabantur
1393 1764 1542 1818 enim
1581 1779 1594 1816 :
1643 1781 1660 1813 ι
1693 1763 1798 1818 Fac
1829 1762 1983 1818 nobis

2091 1739 2200 1815 τῶν
2233 1739 2542 1830 Αἰγυπτίων
2566 1739 2856 1832 κατεχεῖτο
2897 1739 3037 1829 γῆς,
3056 1759 3123 1812 δι’
3157 1739 3216 1814 ὃν
3260 1759 3573 1813 ἀπολώλασι
3606 1760 3665 1811 ὲν

415 1852 567 1916 deos,
589 1853 684 1922 qui
715 1854 1026 1924 praecedant
1051 1853 1195 1925 nos),
1229 1874 1246 1906 ι
1273 1854 1503 1925 jubebat
1527 1853 1726 1910 aﬁ‘erre
1753 1869 1987 1912 uxorum

416 1955 478 1996 ac
510 1940 744 1996 ﬁliarum
780 1941 1019 1998 inaures.
1051 1943 1116 1997 lli
1148 1952 1332 2000 autem
1359 1945 1621 1999 continuo
1642 1944 1986 2010 attulerunt;

415 2040 470 2087 et
509 2032 654 2102 quod
706 2033 760 2088 in
797 2033 1174 2105 Egyptiacum
1219 2050 1483 2090 errorem‘
1513 2035 1712 2106 relapsi
1767 2043 1985 2094 essent.

416 2122 773 2194 pristinisque
814 2124 1216 2180 temeritatibus
1242 2140 1361 2180 sese
1395 2125 1889 2190 contaminassent,
1928 2139 1988 2180 re

417 2215 535 2284 ipsa
571 2214 733 2269 nobis
770 2215 1011 2270 ostendit
1041 2215 1220 2271 Aaron
1242 2257 1257 2282 ,
1318 2216 1448 2271 dum
1481 2216 1597 2286 ipse
1638 2216 1988 2270 simulacrum

415 2304 472 2358 in
505 2305 686 2374 specie
711 2306 868 2360 vituli
903 2306 1239 2362 adorandum
1283 2307 1562 2362 formavit.
1581 2307 1800 2362 Vitulus
1839 2307 1987 2362 enim

415 2397 471 2452 in
493 2397 724 2470 Egypto
756 2399 1062 2465 colebatur,
1103 2413 1214 2455 non
1250 2400 1318 2455 ab
1349 2399 1619 2471 Egyptiis
1665 2400 1864 2465 solum,
1888 2415 1987 2456 ve-

414 2503 536 2543 rum
562 2491 728 2545 etiam
759 2491 826 2546 ab
859 2491 982 2546 aliis
1021 2491 1216 2546 eodem
1242 2507 1434 2548 errore
1466 2491 1866 2546 laborantibus.
1897 2491 1989 2546 Vi-

413 2579 583 2635 desne
627 2594 737 2650 quo
764 2589 924 2651 pacto
967 2581 1255 2637 volvantur
1289 2581 1357 2637 ad
1385 2581 1531 2637 istud
1569 2581 1626 2636 in
1670 2597 1778 2651 quo
1827 2591 1987 2637 antea

411 2673 752 2727 exstiterant.
788 2672 926 2739 Quia
948 2673 1261 2732 immundus
1283 2675 1512 2748 spiritus
1562 2691 1818 2732 reversus
1863 2685 1984 2731 est:

411 2777 464 2819 et
493 2763 714 2830 accidit,
743 2766 886 2821 sicut
901 2765 1038 2822 dixit
1059 2768 1327 2833 Salvator,
1358 2775 1421 2822 ut
1447 2785 1465 2819 ι
1501 2777 1777 2838 postrema
1803 2776 1989 2822 essent

412 2857 689 2912 deteriora
719 2857 883 2929 336
910 2859 1105 2928 primis
1126 2861 1192 2913 ".
1246 2878 1264 2912 ι
1308 2858 1581 2915 ϐείω-ηπ]
1629 2859 1702 2913 ita
1731 2858 1988 2912 existimo

412 2947 684 3001 Aaronem
708 2947 970 3020 singulari
997 2950 1226 3006 consilio
1249 2949 1473 3021 petiisse
1496 2950 1735 3016 inaures,
1769 2965 1832 3005 ac
1853 2963 1989 3019 quo-

411 3037 700 3094 dammodo
727 3055 824 3110 per
861 3041 964 3096 hoc
1003 3042 1357 3112 signiﬁcasse,
1383 3041 1531 3112 quod
1555 3057 1714 3096 suum
1742 3041 1984 3110 ipsorum

413 3129 659 3185 auditum
692 3132 1041 3188 convenienti
1070 3143 1266 3188 ornatu
1295 3133 1600 3204 spoliarint,
1633 3147 1742 3187 non
1775 3133 1988 3188 haben-

411 3231 495 3275 tes
523 3221 755 3291 amplius
787 3223 1030 3277 animum
1058 3223 1376 3287 obediendi,
1418 3222 1513 3278 sed
1554 3222 1737 3292 potius
1775 3226 1988 3280 avocati

413 3309 470 3363 in
501 3311 818 3366 sceleratam
848 3313 1070 3382 Deoque
1107 3313 1340 3368 invisam
1377 3314 1802 3368 contumaciam.
1846 3315 1983 3370 Nam

410 3399 516 3453 etsi
555 3401 700 3456 Deus
742 3402 1121 3458 mandaverit:
1163 3423 1180 3455 ι
1221 3403 1342 3458 Non
1387 3412 1550 3460 erunt
1585 3404 1684 3458 tibi
1715 3403 1792 3458 dii
1820 3407 1983 3465 alieni

411 3496 607 3559 praeter
629 3504 715 3546 me
733 3491 798 3556 “,
830 3509 849 3542 ι
895 3490 1166 3563 ﬁdemque
1191 3491 1342 3548 hisce
1365 3494 1552 3548 verbis
1576 3493 1894 3560 tribuerint,
1921 3511 1986 3551 ac

411 3580 686 3634 communi
711 3595 982 3638 consensu
1025 3583 1385 3656 approbarint
1411 3624 1425 3649 ,
1461 3585 1813 3655 dixerintque
1836 3587 1984 3658 quod

410 3669 592 3724 omnia
621 3686 742 3742 qua:
766 3672 986 3730 locutus
1011 3685 1095 3730 est
1118 3675 1384 3730 Dominus
1405 3675 1551 3731 Deus
1577 3675 1686 3731 sint
1712 3675 1983 3733 facturiet

408 3761 649 3817 audituri
676 3803 692 3830 ,
749 3773 930 3821 tamen
981 3765 1115 3822 deos
1144 3767 1466 3837 quaerebant
1492 3768 1793 3838 sculptiles.
1818 3768 1984 3824 Vides

405 3851 514 3923 jam
553 3869 664 3924 quo
692 3865 851 3926 pacto
897 3857 1200 3929 abjecerint
1228 3858 1601 3916 obedientiam
1622 3861 1646 3914 ?
1666 3861 1848 3933 Atque
1877 3861 1982 3918 hoc

407 3950 510 4008 est,
535 3953 596 3998 ut
623 3945 879 4014 arbitror,
909 3949 1124 4004 aurium
1141 3952 1566 4024 ornatus.Atqui
1585 3952 1979 4020 animadverte,

299 4105 306 4110 θ
407 4035 637 4091 obsecro
664 4077 678 4101 ,
727 4054 891 4108 quam
935 4043 1178 4098 suaviter
1226 4044 1459 4099 istorum
1507 4054 1764 4102 conatum
1804 4045 1981 4102 rideat

409 4126 608 4180 Aaron.
647 4128 782 4183 Cum
816 4132 1149 4187 ostendisset
1199 4133 1336 4204 ipsis
1368 4137 1726 4192 simulacrum
1764 4138 1820 4192 in
1857 4153 1981 4208 spe-

406 4215 489 4269 cie
515 4216 674 4270 vituli
732 4217 934 4272 factum
957 4259 972 4284 ,
1017 4221 1354 4277 acclamabat
1384 4225 1504 4280 istis
1529 4243 1542 4279 :
1577 4246 1594 4278 ι
1623 4228 1687 4282 Hi
1739 4237 1869 4284 sunt
1898 4229 1977 4284 dii

2093 1853 2253 1908 νυκτὶ
2297 1854 2396 1924 μιᾷ
2441 1853 2510 1908 τὰ
2557 1853 2774 1908 πάντων
2809 1854 3159 1925 πρωτότοκα;
3201 1845 3245 1920 ᾧ
3281 1853 3315 1922 ἡ
3364 1851 3531 1922 ἀγρία
3566 1851 3660 1905 καὶ

2090 1945 2446 2014 ἀνουθέτητος
2487 1945 2733 2000 θάλασσα
2767 1945 2866 2016 τὴν
2910 1944 3017 1998 τῶν
3057 1943 3360 1998 διωκόντων
3405 1941 3662 2010 ὠμότητα

2087 2037 2486 2108 διαδιδράσκειν
2527 2038 2734 2102 ἐδίδους
2789 2037 2929 2089 Ἀλλ’
2979 2038 3032 2090 ετ
3078 2052 3162 2098 τις
3207 2035 3378 2090 ἓλοιτο
3421 2032 3491 2085 τὰ
3539 2031 3661 2085 καθ’

2088 2127 2310 2182 ἕκαστα⁸
2335 2129 2542 2196 λέγειν,
2571 2129 2783 2199 μακρὸν
2822 2129 2907 2198 ἐφ’
2931 2127 3100 2181 ἅπασι
3138 2127 3443 2196 δαπανήσει
3481 2123 3662 2190 λόγον.

2089 2216 2387 2279 Μέλλοντος
2414 2216 2480 2288 δὴ
2512 2213 2603 2270 οὖν
2631 2217 2724 2271 τοῦ
2753 2217 3027 2285 πανσόφου
3058 2216 3320 2278 Μωσέως,
3364 2212 3662 2282 ἐπεφύοντο

2087 2306 2166 2377 τῷ
2227 2307 2457 2378 Ἀαρών.
2514 2309 2572 2362 Ὀ
2607 2307 2664 2361 δὲ
2713 2308 2987 2380 ἀφόρητον
3025 2306 3125 2378 ἠδη
3177 2324 3294 2370 πως
3337 2305 3660 2375 τεθεαμένος

2086 2399 2185 2471 τὴν
2233 2399 2420 2468 ἔφοδον
2455 2399 2955 2471 (ἀνακεκράγεισαν
3007 2399 3134 2469 γάρ’
3180 2417 3198 2450 ι
3252 2398 3484 2465 Ποίησον
3529 2398 3661 2466 ἡμῖν

2089 2490 2326 2556 θεοὺς,οἳ
2352 2489 2814 2562 προπορεύσονται
2839 2489 3041 2560 ἡμῶν).
3069 2507 3088 2541 ι
3123 2488 3511 2559 προσκομίζειν
3539 2485 3658 2540 £7.6-

2086 2581 2242 2635 λευσε
2290 2582 2360 2635 τά
2399 2597 2458 2633 τε
2506 2581 2614 2634 τών
2658 2576 2932 2650 γυναικῶν
2962 2579 3194 2634 καὶτῶν
3231 2578 3544 2649 θυγατέρων
3571 2580 3658 2630 ὲν-

2085 2669 2243 2724 ώτια.
2280 2671 2341 2723 Oi
2369 2670 2426 2722 δὲ
2450 2669 2726 2740 προσῆγον
2753 2668 2934 2733 εὐθύςο
2967 2670 3050 2723 ὅτι
3078 2668 3432 2722 πεπτώκασιν
3458 2669 3538 2731 είς
3563 2667 3658 2739 τὴν

2087 2763 2147 2818 ὲν
2175 2760 2435 2834 Αἰγύπτῳ
2463 2761 2749 2833 πλάνησιν,
2785 2764 2880 2816 καὶ
2913 2763 3030 2825 ταῖς
3058 2761 3312 2833 ἀρχαίαις
3352 2759 3657 2831 ὼλίσθησαν

2087 2853 2384 2919 ἀδουλίαις,
2419 2853 2486 2907 δι’
2515 2852 2681 2906 αὑτοῦ
2702 2852 2796 2906 τοῦ
2829 2854 3156 2924 πράγματος
3183 2853 3490 2917 κατέδειξεν
3531 2853 3651 2905 ’Δα-

2092 2944 2220 3016 ρών,
2257 2947 2314 2999 ὲν
2339 2946 2468 2999 εῖδει
2496 2945 2589 2998 τοῦ
2621 2945 2824 3017 μόσχου
2855 2945 3160 3008 διαπλάσας
3200 2945 3382 3007 αὐτοῖς
3407 2942 3476 2996 τὸ
3497 2958 3652 3015 προσ·

2089 3036 2420 3106 κυνούμενον
2448 3037 2691 3108 ἄγαλμα.
2726 3037 2940 3108 Μόσχος
2985 3037 3093 3109 γὰρ
3120 3033 3189 3110 ἧν
3226 3038 3284 3090 ὲν
3308 3036 3568 3106 Αἰγύπτῳ
3596 3035 3652 3088 τὲ

2090 3127 2252 3192 σέϐας
2275 3129 2459 3193 αὐτοῖς
2482 3146 2540 3181 τε
2571 3131 2684 3193 τοῖς
2709 3130 3046 3198 Αἰγυπτίοις,
3070 3129 3166 3182 ml
3183 3131 3296 3192 τοῖς
3315 3130 3414 3199 τὴν
3437 3127 3652 3181 ἐκείνων

2087 3219 2304 3289 ἀπάτην
2335 3221 2771 3291 ήῤῥωστηκόσιν.
2821 3221 2983 3293 Ὁρᾷς
3005 3217 3099 3274 οὖν
3123 3221 3270 3284 ὅπως
3297 3220 3653 3291 ὑποφέρονται

2085 3311 2165 3374 είς
2213 3311 2274 3363 τὸ
2325 3311 2382 3362 ὲν
2434 3312 2648 3383 ἀρχαῖς.
2685 3310 2988 3381 Είσέφρησε
3041 3310 3202 3365 πάλιν
3240 3310 3302 3364 τὸ
3346 3311 3651 3380 ἀκάθαρτον

2087 3399 2324 3471 πνεῦμα·
2357 3401 2452 3454 ml
2479 3402 2700 3470 γέγονεν
2741 3401 2927 3462 αὐτοῖς
2966 3401 3109 3456 κατά
3138 3400 3237 3471 τὴν
3279 3402 3372 3455 τοῦ
3407 3402 3649 3473 Σωτῆρος

2085 3493 2294 3564 φωνὴν,
2338 3511 2357 3545 ι
2399 3493 2614 3564 χείρονα
2651 3492 2759 3546 τῶν
2791 3491 3137 3563 πρώτων,τὰ
3162 3493 3390 3548 λοίσθια.
3433 3512 3451 3545 ι
3485 3492 3648 3562 υἱμαι

2083 3584 2139 3638 δὲ
2183 3586 2264 3639 ὅτι
2313 3584 2433 3638 λίαν
2480 3583 2840 3654 οἰκονομικῶς
2878 3585 2906 3636 6
2944 3583 3228 3648 θεσπέσιος
3271 3581 3483 3655 Ἀαρὼν
3530 3583 3648 3655 ὲζήο

2083 3693 2216 3750 τησε
2247 3677 2316 3730 τά
2343 3675 2561 3744 ἐνώτια,
2596 3675 2882 3748 μονονουχὶ
2911 3675 3002 3730 διά
3028 3675 3213 3729 τούτου
3243 3675 3545 3746 σημαίνων,
3572 3677 3647 3730 ὅτι

2080 3768 2173 3822 τοῦ
2227 3768 2560 3839 καθήκοντος
2606 3767 2812 3839 κόσμου
2871 3768 2972 3838 τὴν
3027 3767 3235 3821 ἑαυτῶν
3293 3767 3653 3837 σεσυλήκασιν

2081 3860 2268 3934 ἀκοήνο
2302 3859 2517 3931 ἔχοντες
2551 3861 2648 3932 μὲν
2689 3861 2873 3914 οὐκέτι
2904 3860 2965 3914 τὸ
3003 3860 3272 3924 εὐπειθὲς,
3311 3877 3646 3932 παρενηνεγο

2083 3951 2233 4023 μένοι
2262 3951 2318 4005 δὲ
2344 3951 2546 4024 μᾶλλον
2587 3952 2666 4016 είς
2699 3950 2928 4022 θεομισῆ
2960 3953 3053 4006 ml
3087 3951 3310 4024 βέϐηλον
3344 3954 3639 4009 ἀπείθειαν.

2079 4043 2215 4098 Θεοῦ
2253 4043 2362 4114 γάρ
2411 4043 2683 4112 λέγοντος,
2722 4062 2741 4096 ι
2797 4045 2912 4097 υὺκ
2955 4041 3166 4098 ἔσονταί
3205 4061 3286 4098 σοι
3321 4043 3435 4098 θεοὶ
3472 4046 3645 4119 ἕτεροι

2080 4131 2219 4204 πλὴν
2265 4132 2422 4205 ἐμοῦ,
2478 4151 2498 4186 ι
2547 4128 2666 4186 εἶτα
2711 4133 2834 4196 τοὺς
2879 4132 3072 4202 λόγους
3118 4136 3643 4206 κατακροτήσαντες,

2079 4226 2172 4279 καὶ
2211 4228 2276 4296 τῇ
2333 4225 2601 4296 παγκάλῳ
2637 4223 2802 4296 ψήφῳ
2841 4225 3208 4295 τιμήσαντες,
3251 4227 3534 4296 εἰρηκότες
3562 4227 3642 4291 τὺ,

408 4303 507 4367 tui,
533 4303 718 4370 Israel,
779 4306 875 4376 qui
913 4305 1226 4362 eduxerunt
1265 4317 1317 4365 te
1356 4326 1426 4365 ex
1462 4311 1715 4383 Egypto.
1760 4334 1778 4365 ι
1808 4317 1974 4385 Atqui

2084 4315 2262 4369 Πάντα
2291 4316 2392 4369 ὅσα
2419 4312 2574 4368 εἶπεν
2601 4316 2630 4368 6
2660 4315 2812 4380 Θεὸς,
2842 4316 3140 4386 ποιήσομεν
3163 4315 3258 4368 ml
3278 4316 3639 4388 ἀκουσόμεθα·

403 4409 512 4448 non
539 4409 637 4466 per
670 4395 902 4452 vitulum
924 4396 1140 4453 liberati
1165 4409 1293 4456 sunt
1335 4401 1632 4473 (quomodo
1672 4404 1819 4457 enim
1870 4405 1976 4460 hoc

405 4483 523 4541 ﬁeri
569 4487 784 4559 possit),
819 4487 918 4545 sed
963 4507 981 4541 ι
1014 4490 1071 4545 in
1110 4505 1275 4547 manu
1319 4493 1604 4563 potentiet
1626 4493 1854 4548 brachio
1875 4509 1974 4550 cx-

395 4580 626 4644 celso“,
663 4601 681 4633 ›
715 4591 880 4653 atque
918 4583 1056 4640 adeo
1089 4600 1189 4656 per
1215 4588 1384 4642 multa
1425 4589 1579 4659 signa
1619 4597 1675 4643 et
1702 4589 1970 4661 prodigia.

399 4669 471 4724 Ut
499 4671 664 4741 igitur
705 4687 770 4726 ea
813 4689 934 4743 qua:
959 4691 990 4728 a
1014 4675 1123 4730 Deo
1152 4686 1302 4748 gesta
1348 4689 1477 4734 sunt
1509 4680 1644 4750 ipsis
1682 4681 1737 4735 in
1763 4697 1973 4738 memo-

403 4761 538 4814 riam
585 4773 892 4829 revocaret,
922 4765 1172 4820 conridet
1214 4768 1439 4823 dicens:
1469 4789 1486 4822 ι
1519 4770 1584 4824 lli
1615 4778 1744 4825 sunt
1765 4770 1840 4826 dii
1867 4772 1969 4839 tui,

404 4851 587 4907 Israel.
615 4872 634 4904 ι
664 4852 1024 4910 Adduxerunt
1069 4865 1252 4912 autem
1275 4866 1331 4914 et
1355 4859 1665 4929 victimam,
1707 4861 1971 4919 ederunt-

401 4960 508 5013 que
527 4954 582 5000 et
607 4945 898 5010 biberunt,
924 4955 1183 5019 tanquam
1211 4950 1267 5005 in
1292 4949 1381 5006 die
1404 4951 1564 5020 festo,
1595 4972 1613 5006 ι
1631 4963 1687 5010 et
1712 4970 1972 5012 surrexe-

401 5044 530 5091 runt
550 5037 617 5092 ad
641 5037 941 5094 ludendum
967 5040 1030 5094 ⁸⁸.
1059 5061 1076 5093 ι
1101 5039 1206 5108 Qui
1235 5043 1382 5098 enim
1409 5061 1439 5098 a
1461 5045 1573 5100 Deo
1599 5045 1884 5113 deﬁciunt,
1911 5047 1971 5104 ﬁt

396 5127 657 5184 continuo
682 5138 743 5184 ut
763 5128 930 5186 rebus
953 5131 1264 5189 carnalibus
1285 5134 1628 5203 irretiantur,
1648 5147 1704 5195 et
1727 5138 1965 5196 immun-

396 5217 587 5272 ditiem
632 5235 731 5290 pro
763 5219 977 5276 deliciis
1006 5222 1264 5290 habeant,
1315 5224 1651 5298 honestaque
1679 5239 1734 5284 et
1771 5230 1961 5287 suavia

395 5321 516 5362 osse
538 5307 741 5367 ducant
790 5325 853 5366 ea
901 5311 972 5366 ob
1019 5328 1141 5382 qua:
1184 5315 1382 5370 merito
1430 5317 1618 5388 lugere
1665 5318 1956 5378 debebant.

396 5395 630 5471 ideoque
652 5403 817 5457 etiam
841 5403 903 5458 D.
938 5403 1140 5462 Paulus
1165 5415 1378 5480 turpem
1423 5408 1786 5466 idololatriam
1814 5411 1959 5474 inter

2074 4403 2230 4469 θεοὺς
2258 4403 2482 4476 ἐζήτουν
2523 4405 2814 4474 γλυπτούς.
2861 4405 3021 4478 Ὀρᾷς
3054 4407 3203 4470 ὅπως
3235 4407 3638 4479 ἀποϐεϐλήκασι

2070 4499 2132 4552 τδ
2157 4499 2425 4570 εὑήκοον;
2457 4500 2568 4553 Καὶ
2595 4501 2775 4561 τοῦτο.
2818 4494 2991 4571 οἶμαι,
3023 4501 3131 4554 τῶν
3165 4501 3318 4553 ὢτων
3355 4504 3384 4555 6
3417 4502 3638 4572 κόσμος.

2069 4589 2179 4644 Θέα
2206 4591 2284 4652 δὲ,
2311 4591 2460 4654 ὅπως
2484 4593 2810 4665 καταμειδιᾷ
2846 4593 2954 4646 τῶν
2985 4593 3400 4664 ἐγχειρημάτων
3436 4595 3465 4648 6
3516 4595 3637 4647 Ἀα-

2074 4680 2201 4753 ρών.
2263 4680 2564 4748 Ἐπιδείξας
2605 4682 2712 4754 γὰρ
2746 4684 2930 4747 αὐτοῖς
2959 4683 3020 4737 τὸ
3059 4685 3117 4736 ὲν
3146 4683 3276 4736 εἴδει
3308 4683 3510 4754 μόσχου
3549 4701 3634 4736 πεη

2068 4772 2363 4844 ποιημένον
2393 4772 2643 4844 ἄγαλμα,
2687 4773 3028 4845 προσεφώνει
3071 4773 3292 4827 λοιπόνο
3336 4793 3354 4826 ι
3397 4770 3557 4830 οὗτοι
3590 4775 3640 4828 ol

2069 4861 2179 4916 θεοί
2209 4879 2323 4932 σου,
2362 4864 2576 4937 Ἰσραὴλ
2595 4905 2611 4930 ,
2639 4863 2832 4928 οίτινες
2863 4863 3194 4918 ἀνεϐίϐασαν
3229 4881 3291 4917 σε
3323 4865 3384 4917 ἐκ
3412 4863 3518 4934 γῆς
3547 4866 3634 4918 Al-

2067 4952 2292 5024 γύπτου.
2332 4973 2351 5006 ι
2395 4954 2533 5008 Ἀλλ’
2565 4955 2663 5008 οὐκ
2690 4956 2747 5009 ὲν
2777 4940 2965 5026 μόσχῴ
2993 4955 3330 5027 λελύτρωται
3360 4955 3501 5023 (πῶς
3531 4957 3633 5028 γὰρ

2065 5044 2100 5117 ἢ
2136 5043 2342 5114 πόθεν),
2375 5043 2490 5098 ἀλλ’
2525 5063 2544 5096 ι
2584 5047 2640 5098 ἐν
2685 5046 2832 5115 χειρὶ
2875 5046 3136 5116 κραταιᾷ,
3166 5046 3259 5098 ml
3301 5047 3358 5098 ὲν
3390 5043 3632 5114 βραχίονι

2068 5133 2284 5204 ὑψηλῷ,
2319 5152 2338 5185 ι
2371 5133 2464 5187 ml
2493 5134 2552 5187 ὲν
2599 5133 2850 5204 σημείοις
2897 5135 2992 5187 καὶ
3035 5135 3278 5204 τέρασιν.
3311 5133 3521 5187 Οὐκοῦν
3565 5134 3634 5197 ώς

2065 5227 2146 5285 είς
2178 5225 2484 5294 ἀνάμνησιν
2507 5223 2614 5278 τῶν
2643 5224 2797 5296 παρά
2829 5223 2963 5278 Θεοῦ
2991 5225 3331 5293 γεγονότοιν,
3364 5240 3627 5296 κατειρω-

2065 5315 2277 5370 νεύεται
2323 5313 2515 5384 λέγων·
2573 5335 2590 5367 ι
2646 5311 2804 5370 Οῦτοι
2860 5318 2910 5369 οί
2959 5316 3070 5370 θεοί
3121 5333 3250 5384 σου,
3314 5315 3550 5387 Ἰσραήλ.
3615 5335 3631 5368 ι

2065 5406 2349 5480 Πῳσῆγεν
2386 5407 2444 5463 δὲ
2475 5409 2567 5462 καὶ
2601 5406 2807 5472 θυσίας’
2841 5407 3044 5477 ἔφαγον
3089 5407 3145 5462 δὲ
3185 5409 3276 5461 καὶ
3310 5409 3633 5462 πεπτώκασιν

360 5572 368 5580 ’
465 5586 509 5618 ⁸ο
543 5587 680 5670 Psal.
705 5607 929 5670 -ιξκινιι,
957 5594 1028 5670 8._
1088 5600 1304 5658 "Deut.
1329 5619 1492 5668 χχιιι,
1528 5603 1611 5657 l8.
1693 5603 1738 5635 ⁶¹
1766 5602 1955 5659 Matth.

2111 5604 2198 5659 45.
2245 5605 2296 5639 "
2319 5603 2491 5662 Exod.
2527 5621 2592 5660 xx
2636 5601 2688 5657 5.
2749 5604 2792 5636 ⁸⁸
2830 5605 2970 5664 Psal.
3009 5620 3200 5670 cun,
3231 5602 3318 5659 li.
3374 5602 3418 5637 ⁸⁸
3453 5600 3616 5660 Exod,

397 5671 558 5724 mu,
597 5657 670 5722 6;
705 5659 878 5714 lCor.
905 5679 958 5728 χ,
1001 5665 1050 5717 7.
