4022 6198
445 299 544 356 329

1477 304 1994 362 CLAPIIYRORUM
2033 308 2098 362 IN
2141 307 2421 366 EXODUM
2463 311 2590 368 LIB.
2634 313 2714 368 III.

3599 316 3703 376 κιο

446 417 514 484 ὗς
555 419 614 471 ἐν
658 421 848 492 ἑορτῇ,
902 443 920 474 ι
961 424 1052 478 καὶ
1101 426 1406 498 ἀνέστησαν
1452 428 1687 492 παίζειν.
1734 449 1754 482 ι
1789 430 2014 500 Ἕψεται

2121 431 2249 485 vitia
2281 434 2520 490 carnalia
2545 435 2796 490 collocat.
2829 455 2846 486 ι
2878 436 3162 491 Manifesta
3203 435 3352 491 enim
3389 446 3548 500 sunt,
3602 439 3698 503 ait,

445 510 550 580 γὰρ
588 513 885 567 ἀποστάσει
923 519 989 588 τῇ
1029 517 1176 587 παρά
1223 518 1358 572 Θεοῦ
1397 520 1458 574 τὸ
1491 521 1862 592 ἐνδεσμεῖσθαι
1902 525 2016 586 τοῖς

444 605 748 671 σαρκικοῖς,
775 605 870 657 καὶ
901 607 1108 678 τρυφὴν
1136 609 1386 678 ἡγεῖσθαι
1413 612 1513 680 τὴν
1535 613 1898 684 ἀκαθαρσίαν,
1923 614 2018 668 καὶ

444 695 631 765 τέρψιν
663 697 870 750 οἴεσθαι
911 701 1083 768 καλὴν
1123 703 1216 755 καὶ
1244 703 1457 774 ἡδεῖαν,
1490 706 1560 759 τὰ
1586 707 1670 774 ἐφ’
1692 702 1772 770 οἷς
1803 703 1872 778 ἦν
1915 708 2014 761 a5-

444 786 566 849 τοὺς
603 787 966 858 κατοιμώζειν
1001 791 1170 856 ἄξιον.
1215 794 1314 847 Διὰ
1354 794 1514 849 τοῦτο
1549 797 1646 850 καὶ
1680 797 1707 848 ὁ
1749 798 2018 866 μακάριος

443 877 672 942 Παῦλος,
703 883 816 944 τοῖς
852 887 1133 952 σαρκικοῖς
1167 885 1511 956 ἐγκλήμασιν
1558 887 1872 960 ἐναρίθμιον
1904 887 2016 940 ἐτί-

442 969 522 1024 θει
555 970 654 1042 τὴν
704 972 1015 1045 ἀκάθαρτον
1049 976 1514 1053 είδωλολατρείαν·
1571 999 1589 1032 ι
1649 980 1864 1050 Φανερά
1908 980 2018 1051 γάρ

442 1065 557 1117 ἐστι
587 1063 655 1118 τά
689 1065 826 1137 ἔργα
857 1065 960 1134 τῆς
989 1067 1212 1138 σαρκὸς,
1244 1069 1403 1124 ἀτινά
1427 1071 1567 1135 ἐστι,
1604 1071 1848 1144 πορνεία,
1878 1072 2018 1124 ἀκα-

441 1158 669 1230 θαρσία,
715 1159 1002 1228 ἀσέλγεια,
1053 1161 1487 1234 εἰδωλολατρεία.
1547 1182 1566 1215 ι
1627 1165 2018 1236 Προμνήστρια

443 1251 551 1322 γὰρ
590 1252 686 1304 καὶ
728 1253 836 1305 τῶν
879 1253 958 1305 ἐτι
995 1253 1314 1326 χειρόνωνὴ
1373 1255 1657 1326 πλάνησις·
1692 1257 1785 1310 καὶ
1826 1259 1886 1312 τὸ
1915 1257 2020 1324 ἔξω

410 1339 704 1440 ¹φέρεσθαι
733 1340 892 1405 Θεοῦ,
937 1344 1112 1395 νοσεῖν
1151 1343 1454 1411 ἀναγκάζει
1484 1345 1552 1398 τὰ
1583 1346 1802 1400 πάντων
1836 1347 2017 1417 αἴσχι-

410 1429 544 1502 ίστα
574 1429 684 1482 τῶν
723 1430 929 1484 κακῶν.
960 1432 1022 1483 Ul
1051 1431 1148 1501 μὲν
1180 1431 1290 1502 γὰρ
1328 1432 1604 1502 ἐχόρευον,
1641 1433 1911 1498 ἀνιέντες,
1941 1429 2020 1487 οἷο

411 1501 542 1589 ῗμαί
601 1537 734 1582 που,
781 1521 881 1586 τὰς
925 1522 1267 1588 ἐπιδείπνους
1317 1525 1488 1596 ᾠδὰς,
1535 1525 1772 1596 δρῶντες
1817 1545 1874 1580 τε
1926 1527 2022 1581 καὶ

440 1611 686 1680 λέγοντες
716 1612 753 1667 ἃ
779 1612 888 1666 τῶν
915 1613 1226 1684 μεθυόντων
1265 1618 1414 1670 ἐστὶν
1444 1618 1788 1690 ἐγκλήματα.
1813 1621 2019 1694 ,Ἁγνοο

439 1705 586 1758 οῦντι
609 1706 666 1760 δὲ
689 1707 756 1760 τά
782 1708 1163 1778 τετολμημένα
1189 1708 1265 1780 τῷ
1289 1710 1559 1780 θεσπεσίῳ
1585 1713 1754 1783 Μωσῇ
1810 1712 2018 1783 φανερὰ

2118 537 2282 591 opera
2307 525 2512 587 carnis,
2536 540 2657 595 quae
2673 535 2800 580 sunt
2823 528 3107 591 scortatio,
3139 525 3512 590 immunditia,
3537 526 3701 582 lasci-

2118 613 2226 678 via,
2256 613 2565 670 idololatria
2597 617 2660 672 ⁸⁸.
2693 636 2712 668 ι
2742 617 2910 672 Error
2931 618 3079 673 enim
3099 617 3189 672 hic
3211 618 3469 674 conciliat
3493 619 3598 674 alia
3618 617 3702 674 his

2119 707 2394 763 deteriora
2415 749 2430 774 ,
2475 710 2800 781 aversioque
2833 727 2861 765 a
2892 711 3004 766 Deo
3039 712 3106 766 ad
3132 721 3378 768 extrema
3402 712 3546 767 mala
3574 727 3702 782 pro-

2119 801 2294 870 pellit.
2331 802 2618 858 Ducebant
2664 804 2832 875 igitur
2877 805 2966 859 isti
3003 805 3254 870 choreas,
3281 813 3542 860 canentes
3567 803 3702 860 odas

2119 891 2453 957 convivales,
2481 908 2655 963 eaque
2693 902 2749 948 et
2780 893 3042 950 facientes
3067 903 3124 949 et
3163 892 3430 960 dicentes,
3458 910 3581 966 qua!
3615 909 3701 950 so-

2119 981 2508 1038 lenthomines
2532 984 2694 1039 ebrii.
2732 985 2928 1039 Divino
2949 995 3133 1040 autem
3170 986 3304 1041 Mosi
3343 987 3544 1042 horum
3568 985 3699 1041 faci-

2119 1088 2317 1127 norum
2347 1073 2522 1131 inscio
2547 1075 2692 1131 Deus
2723 1076 2998 1146 patefecit,
3029 1079 3102 1134 ita
3139 1079 3329 1134 dicens
3355 1097 3367 1132 :
3404 1099 3421 1130 ι
3451 1078 3600 1135 Vade
3630 1079 3698 1133 il-

2119 1165 2225 1220 lico
2249 1166 2398 1229 binc,
2424 1176 2479 1222 et
2518 1167 2826 1224 descende:
2872 1172 3108 1240 populus
3143 1171 3292 1226 enim
3335 1182 3495 1235 tuus,
3535 1186 3699 1240 quem

2119 1255 2355 1312 eduxisti
2379 1257 2448 1313 de
2479 1266 2624 1315 terra
2644 1259 2879 1333 Algypti,
2911 1271 2995 1318 est
3016 1261 3426 1333 praevaricatus.
3454 1261 3575 1318 Cito
3607 1261 3699 1317 de-

2120 1349 2465 1406 clinaverunt
2507 1368 2538 1407 a
2579 1355 2665 1408 via
2697 1371 2860 1425 quam
2910 1355 2991 1410 eis
3035 1353 3388 1408 mandavisti.
3427 1353 3698 1409 Fecerunt

2121 1443 2226 1498 sibi
2255 1443 2356 1514 ipsi
2387 1445 2644 1510 vitulum,
2681 1455 2737 1502 et
2767 1447 3138 1502 adoraveruut
3162 1461 3312 1512 eum,
3333 1454 3390 1500 et
3418 1444 3700 1501 sacriﬁca-

2121 1544 2318 1591 verunt
2345 1537 2489 1606 ipsi,
2521 1538 2888 1610 dixeruntque
2915 1558 2928 1593 ε
2964 1539 3058 1594 Isti
3089 1549 3220 1594 sunt
3265 1538 3342 1593 dii
3373 1539 3452 1593 tui
3483 1538 3654 1594 Israel
3681 1579 3697 1604 ,

2121 1629 2214 1698 qui
2252 1638 2304 1684 te
2329 1629 2639 1685 eduxerunt
2662 1631 2729 1687 de
2771 1640 2917 1687 terra
2942 1631 3178 1703 Egypti.
3208 1631 3277 1686 Et
3302 1646 3452 1686 nunc
3483 1630 3699 1686 dimitte

2122 1734 2230 1784 me,
2254 1727 2310 1773 et
2335 1719 2509 1776 iratus
2549 1721 2734 1776 furore
2761 1722 2818 1776 in
2844 1737 2941 1777 eos
2968 1721 3165 1778 delebo
3197 1722 3364 1791 ipsos,
3393 1720 3698 1790 faciamque

442 1798 731 1870 καθίστησι
761 1799 914 1864 Θεὸς,
939 1800 1083 1855 οὕτω
1116 1779 1310 1871 λέγων·
1347 1822 1364 1854 ι
1405 1779 1618 1869 Βάδιζε,
1641 1805 1703 1858 τὸ
1728 1779 1898 1875 ’τάχος
1932 1779 2014 1859 ἐν-

2123 1818 2174 1865 te
2210 1811 2264 1864 in
2294 1820 2512 1880 gentem
2561 1829 2832 1884 magnam.
2860 1814 2928 1868 Et
2967 1815 3146 1868 oravit
3169 1813 3346 1869 Moses
3374 1827 3561 1869 coram
3589 1813 3698 1868 Do-

440 1889 631 1944 τεῦθεν
667 1890 960 1962 κατάϐηθι·
991 1892 1236 1963 ἡνόμησε
1275 1894 1384 1964 γὰρ
1412 1895 1440 1947 ό
1480 1895 1626 1959 λαὸς,
1659 1895 1718 1949 δν
1751 1897 2019 1968 ἐξήγαγες

439 1983 502 2036 ἐκ
533 1981 638 2052 γῆς
684 1983 984 2052 Αἰγύπτου.
1023 1984 1353 2057 Παρέὅησαν
1391 1988 1528 2058 ταχὺ
1572 1989 1636 2042 ἐκ
1663 1989 1761 2058 τῆς
1801 1989 1921 2043 ὁδοῦ
1951 1985 2019 2062 ἧς

438 2073 689 2128 ἐνετείλω
741 2075 946 2137 αὐτοῖς.
1011 2075 1306 2148 Ἐποίησαν
1365 2078 1577 2143 ἑαυτοῖς
1633 2081 1832 2151 μόσχον
1852 2123 1866 2146 ,
1921 2083 2018 2138 καὶ

439 2167 856 2239 προσεκύνησαν
887 2167 1054 2239 αὐτῷ,
1074 2168 1172 2223 καὶ
1198 2168 1492 2225 τεθύκασιν
1519 2173 1690 2243 αὐτῷ,
1710 2173 1804 2226 καὶ
1833 2169 2014 2229 εἷπαν·

481 2253 598 2313 ῦτοι
630 2260 678 2313 οἱ
719 2258 830 2313 θεοί
876 2277 1007 2325 σου,
1050 2259 1286 2333 Ἰσραὴλ,
1335 2262 1531 2328 οἵτινες
1572 2264 1906 2319 ἀνεϐίϐασάν
1953 2283 2014 2320 σε

438 2353 503 2404 ἐκ
532 2351 634 2422 γῆς
667 2351 965 2421 Δίγύπτου.
995 2352 1107 2408 Καὶ
1146 2353 1242 2407 νῦν
1289 2354 1448 2410 ἔασόν
1481 2374 1578 2427 με,
1612 2358 1710 2412 καὶ
1743 2358 2018 2429 θυμωθεὶς

435 2443 574 2514 ὀργῇ
635 2445 718 2506 εἰς
767 2445 1000 2513 αὐτοὺς,
1061 2444 1304 2516 ἐκτρίψω
1367 2447 1598 2512 αὐτοὺς,
1647 2448 1746 2502 καὶ
1805 2451 2018 2520 ποιήσω

437 2552 496 2588 σε
555 2537 636 2600 είς
670 2535 821 2598 ἔθνος
870 2536 1032 2607 μέγα.
1073 2537 1183 2591 Καὶ
1247 2539 1442 2610 ἐδεήθη
1504 2541 1710 2611 Μωσῆς
1775 2541 2017 2594 ἐναντίον

437 2627 643 2698 Κυρίου
680 2627 772 2681 τοῦ
816 2627 950 2681 Θεοῦ
991 2627 1176 2682 αὐτοῦ.
1227 2648 1245 2680 ι
1296 2629 1544 2694 Ἀκούεις
1588 2631 1735 2694 ὅπως
1779 2632 2015 2703 ἐλαφρὸν

435 2721 529 2774 καὶ
563 2721 947 2794 εὐπαράφορον
988 2722 1225 2776 ὅντατδν
1265 2721 1512 2794 Ἰσραὴλ,
1558 2722 1654 2776 καὶ
1702 2723 1836 2778 πολὺ
1892 2724 2016 2778 λίαν

434 2810 640 2882 εὐπετῆ
687 2813 766 2875 είς
817 2812 1149 2879 ἀπόστασινς
1189 2811 1325 2866 Οὐδὲ
1375 2812 1504 2865 λαὸν
1561 2830 1580 2862 ι
1639 2810 1769 2864 ἴδιον
1823 2832 1842 2865 ι
1899 2813 2018 2866 όνο-

439 2905 633 2973 μάζειν
663 2904 832 2970 ἀξιοῖ·
871 2906 1008 2960 ἀλλά
1057 2906 1237 2960 καίτοι
1283 2905 1662 2978 διορισάμενος
1715 2905 1808 2960 τὸν
1852 2907 2015 2977 νόμον

434 2997 617 3064 αὐτὸς,
639 2999 830 3052 Minae!
848 2999 909 3053 τὸ
931 3000 1122 3072 χρῆμα
1145 3000 1464 3072 προσνέμει.
1488 3019 1505 3054 ι
1536 3000 1865 3073 Παρέϐησαν
1883 3001 2011 3074 γὰρ,

435 3091 593 3162 φησὶ,
619 3091 758 3162 ταχὺ
785 3093 849 3146 ἐκ
869 3091 968 3160 τῆς
999 3090 1119 3144 όδοῦ
1147 3086 1214 3163 ἦς
1232 3093 1482 3146 ἐνετείλω
1509 3091 1710 3156 αὐτοῖς.
1755 3112 1773 3144 ι
1811 3093 2016 3164 Ταύτῃο
2043 3119 2083 3178 C

435 3198 518 3235 τοι
549 3182 644 3235 καὶ
672 3183 700 3234 ό
733 3183 966 3254 Χριστὸς
995 3185 1108 3247 τοῖς
1138 3183 1207 3237 τὰ
1240 3183 1332 3238 ῑσα
1370 3185 1754 3258 πεφρονηκόσι,
1790 3186 1886 3239 καὶ
1915 3185 2014 3255 τῆς

435 3273 691 3337 ἀσεϐείας
715 3273 813 3344 τὴν
837 3275 1056 3346 δόκησιν
1086 3275 1608 3346 ὑποπλαττομένοις,
1651 3275 2015 3346 ἀγαθουργείν

431 3366 491 3420 δὲ
529 3367 651 3420 κατ’
693 3366 953 3438 ἀλήθειαν
979 3369 1050 3423 ὀὑ
1092 3367 1546 3439 μεμελετηκόσιν,
1586 3370 1682 3423 ἐπὶ
1730 3369 1824 3422 τοῦ
1865 3369 2013 3423 θείου

434 3457 680 3530 βήματος
731 3459 878 3530 ἐρεῖν
925 3459 1028 3530 ἔφη
1077 3460 1169 3512 τὸν
1208 3461 1446 3532 Κριτήν·
1503 3479 1521 3512 ι
1584 3461 1880 3532 Ἀπόστητε
1918 3461 2012 3514 ἀπ’

433 3550 592 3618 ἐμοῦ,
633 3551 862 3622 ἐργάται
905 3552 1156 3623 ἀνομίας,
1195 3552 1296 3605 οὐκ
1341 3548 1456 3606 οἶδα
1503 3554 1667 3623 ὑμᾶς.
1719 3572 1736 3604 ι
1804 3553 2014 3607 Οὐκοῦν

430 3639 552 3710 Θεῷ
582 3639 870 3711 γνώριμοι,
902 3642 996 3694 καὶ
1039 3641 1168 3705 λαὸς
1216 3641 1382 3696 αὐτοῦ
1415 3642 1555 3696 κατά
1601 3642 1860 3715 ἀλήθειαν
1904 3640 2013 3698 εἷεν

431 3732 516 3790 ἂν.
545 3734 594 3785 οί
632 3732 734 3802 τῆς
762 3734 840 3797 είς
876 3734 1038 3788 αὑτὸν
1059 3733 1281 3804 ἀγάπης
1315 3733 1698 3798 ἀδιασπάστως
1741 3735 2010 3807 ἐχόμενοι,

431 3827 528 3880 καὶ
550 3826 612 3879 τδ
639 3828 695 3880 ἐν
730 3827 913 3880 πίστει
952 3827 1177 3898 γνήσιον
1217 3826 1617 3894 ἀποσώζοντες,
1669 3829 1766 3890 καὶ
1797 3831 2013 3901 ἐρηρει-

433 3917 624 3989 σμένοι
659 3918 793 3990 πρὸς
829 3918 1223 3990 ἀγαθουργίαν,
1271 3919 1366 3974 καὶ
1400 3918 1469 3973 τά
1506 3921 1571 3974 ἐκ
1611 3921 1710 3999 τῆς
1746 3922 2012 3991 ἐλαφρίας

432 4009 755 4080 ἐγκλήματα
797 4010 1236 4082 παρωθούμενοι.
1296 4011 1440 4083 Πλὴν
1482 4013 1732 4084 ἐλιπάρει
1781 4014 2011 4084 Μωσῆς,

430 4104 526 4156 καὶ
557 4103 962 4158 ἀνακόπτεσθαι
1003 4106 1100 4176 τὴν
1126 4104 1297 4177 ὀργὴν
1322 4105 1419 4178 τὴν
1441 4107 1580 4160 κατὰ
1599 4109 1814 4160 πάντων
1834 4107 2006 4177 ἠξίου.

435 4195 584 4249 Ἔδει
611 4195 739 4267 γὰρ,
774 4196 880 4250 ἔδει
909 4197 1001 4250 τὸν
1030 4197 1383 4267 μεσιτεύὸντα
1425 4197 1710 4268 μιμεῖσθαι
1751 4198 2008 4270 Χριστὸν,

428 4287 486 4348 ὃς
508 4287 609 4356 τὴν
655 4285 862 4340 ἀνωθεν
911 4287 997 4356 ἐφ’
1046 4288 1192 4358 ἡμᾶς
1239 4283 1406 4341 οὖσαν
1451 4288 1623 4359 ὀργὴν
1668 4285 1758 4342 διά
1809 4287 2009 4360 πολλὴν

433 4378 706 4449 ἁμαρτίαν
733 4378 1096 4449 ἀπεσόϐησεν,
1121 4379 1196 4442 ὡς
1217 4377 1345 4442 Υἱὸς
1377 4381 1476 4450 τὴν
1501 4384 1555 4434 ἐν
1585 4379 1764 4433 πίστει
1783 4380 2006 4434 δικαίω-

432 4487 517 4524 σιν
535 4473 645 4534 τοῖς
671 4471 1021 4543 ἡμαρτηκόσι
1046 4471 1408 4542 δωρούμενος.
1448 4473 1630 4536 Τόπος
1653 4471 1745 4527 οῦν
1773 4473 1880 4545 ἄρα
1911 4475 2008 4542 τῆς

431 4561 516 4615 διὰ
561 4560 798 4632 Χριστοῦ
847 4561 1146 4633 μεσιτείας,
1201 4563 1484 4616 καὶτοῦτο
1528 4563 1593 4635 δὴ
1633 4564 1814 4618 πάλιν.
1845 4564 1954 4618 Καὶ
1981 4566 2010 4617 ό

432 4652 532 4721 μὲν
565 4652 853 4717 θεσπέσιος
891 4654 1098 4725 Μωσῆς
1131 4657 1252 4718 ταῖς
1283 4657 1514 4718 ἱκεσίαις
1547 4658 1758 4728 ἀποστᾷ
1797 4658 1856 4711 τὸ
1884 4659 2011 4711 ἀπό·

425 4761 592 4815 τομον
614 4746 712 4816 τῆς
725 4747 894 4819 ὀργῆς
914 4764 926 4777 ⁸
951 4744 1068 4802 εἶτα
1093 4748 1339 4802 κάτεισιν
1360 4751 1423 4803 ἐκ
1445 4749 1537 4802 τοῦ
1553 4750 1711 4821 ὅρους
1735 4791 1752 4807 .
1789 4752 2009 4824 Ἐπειδὴ

425 4837 481 4890 δὲ
505 4837 840 4909 χορευόντων
879 4839 1128 4905 ἐπύθετο,
1163 4841 1258 4896 καὶ
1296 4841 1394 4906 τὰς
1442 4841 1549 4896 τῶν
1580 4842 1891 4913 μεθυόντων
1929 4846 2008 4909 είς

427 4923 518 4990 οῦς
540 4927 758 4998 ἐδέχετο
781 4928 985 4996 φωνὰς,
1023 4931 1436 5001 καταρρήγνυσι
1467 4930 1566 4993 τὰς
1600 4930 1814 4994 πλάκας
1857 4933 2008 4998 ἐγκε-

425 5018 785 5089 κολαμμένων
813 5020 998 5083 αὐτοῖς
1031 5020 1141 5073 τῶν
1168 5021 1367 5092 νόμων,
1410 5021 1594 5074 οὐκέτι
1627 5022 2008 5091 παιδαγωγίας

424 5110 592 5176 ἀξιῶν
627 5112 702 5176 ὡς
736 5113 976 5176 ἀπειθεῖς
1001 5112 1096 5167 καὶ
1119 5111 1514 5183 ἀγνώμονας,ἢ
1551 5111 2006 5183 ὀλιγογνώμονας,

422 5206 519 5259 καὶ
572 5204 769 5278 κομιδῇ
819 5207 918 5278 μέν
971 5206 1331 5277 εὑπάροιστον
1377 5206 1463 5274 ἐφ’
1518 5204 1554 5259 ἃ
1606 5204 1681 5276 μὴ
1732 5206 2008 5275 προσῆκεν

422 5296 646 5364 ἔχοντας
670 5297 815 5361 νοῦν,
843 5300 1067 5368 ταχεῖαν
1089 5297 1147 5350 δὲ
1167 5296 1310 5351 οὕτω
1326 5297 1424 5368 τὴν
1449 5297 1750 5352 ἀπόστασιν
1776 5311 2007 5364 πεποιη-

425 5385 641 5454 μένους.
686 5387 902 5460 Ἐπειδὴ
925 5390 980 5442 δέ
1006 5384 1142 5460 ⁴ἧκεν
1182 5390 1261 5452 είς
1285 5389 1381 5459 τὴν
1419 5387 1757 5458 συναγωγὴν,
1794 5385 2007 5458 συντρί-

422 5477 507 5530 Sat
551 5477 644 5530 τδν
686 5479 905 5549 μόσχον.
955 5476 1087 5534 Εἶτα
1129 5480 1336 5543 καθιεὶς
1379 5481 1458 5543 εἰς
1503 5479 1669 5550 ὕδωρ,
1712 5481 2005 5532 πεπότικεν

420 5567 576 5632 αὐτὸ,
609 5570 764 5640 φησι,
799 5571 924 5635 τοὺς
958 5572 1108 5637 υἱοὺς
1160 5571 1407 5643 Ἰσραήλ·
1448 5571 1733 5642 μονονουχὶ
1761 5569 1850 5625 διὰ
1880 5570 2004 5624 τούς

497 5742 750 5810 "Calat.
785 5765 840 5816 v,
881 5749 966 5806 19.
1046 5752 1086 5782 θ’
1125 5751 1296 5807 Exod.
1341 5767 1506 5819 χχιιι,
1557 5752 1705 5807 7-H.

2119 1900 2269 1951 mino
2302 1899 2414 1954 Deo
2432 1901 2497 1953 ".
2545 1920 2562 1952 ι
2600 1901 2842 1956 Audisne
2880 1917 3043 1972 quam
3078 1902 3240 1973 337
3276 1903 3414 1958 levis
3439 1911 3496 1958 et
3525 1911 3698 1959 teme-

2120 1989 2299 2046 rarius
2320 1991 2392 2046 sit
2415 1991 2600 2057 Israel,
2628 2001 2685 2050 et
2710 1994 2869 2048 valde
2896 1993 2964 2050 ad
2998 1994 3365 2050 defectionem
3396 1992 3698 2071 proclivis?

2118 2080 2355 2152 Ideoque
2405 2082 2662 2154 dignatur
2708 2086 2972 2155 p0pulum
3027 2105 3045 2138 ι
3094 2101 3256 2142 suum
3296 2105 3316 2137 ι
3357 2101 3456 2142 eos
3501 2100 3698 2141 vocare

2118 2171 2298 2228 Deus:
2329 2182 2385 2230 et
2410 2175 2540 2230 licet
2567 2176 2681 2246 ipse
2715 2177 2890 2248 legem
2915 2177 3123 2243 tulerit,
3157 2194 3220 2234 ac
3259 2178 3697 2248 praescripserit,

2118 2271 2300 2319 tamen
2336 2265 2390 2320 id
2422 2266 2552 2322 Mosi
2585 2268 2825 2338 assignat
2866 2276 2920 2323 et
2949 2269 3168 2325 tribuit.
3197 2270 3287 2325 Ait
3315 2269 3462 2326 enim
3489 2286 3502 2322 :
3535 2288 3553 2321 ι
3590 2267 3698 2324 De-

2117 2355 2462 2412 clinaverunt
2515 2360 2804 2415 confestim
2854 2360 2923 2416 de
2960 2361 3070 2426 via,
3124 2377 3287 2432 quam
3333 2370 3391 2418 tu
3427 2359 3698 2416 mandasti

2117 2451 2200 2507 eis
2222 2451 2288 2506 ⁸⁸.
2327 2470 2345 2502 ›
2370 2450 2509 2507 Hinc
2539 2461 2593 2506 et
2616 2453 2870 2509 Christus
2896 2454 2995 2518 ait,
3017 2454 3260 2524 iudicem
3288 2455 3378 2520 iis,
3411 2455 3506 2525 qui
3525 2453 3698 2524 aequi-

2118 2551 2284 2598 tatem
2339 2551 2726 2612 aspernantur,
2768 2560 2833 2600 ac
2877 2544 3126 2600 ﬁctiliam
3171 2545 3459 2601 veritatem
3497 2559 3609 2614 pra:
3637 2559 3698 2599 se

2115 2631 2322 2693 ferunt.
2350 2643 2406 2688 et
2430 2633 2497 2688 de
2527 2633 2686 2688 bonis
2717 2634 2981 2704 operibus
3002 2634 3328 2704 praestandis
3353 2650 3547 2704 parum
3569 2643 3698 2690 sunt

2115 2723 2362 2788 solliciti,
2397 2724 2466 2779 ad
2483 2724 2722 2779 tribunal
2756 2724 2853 2780 Dei
2875 2725 3150 2780 dicturum
3175 2740 3295 2780 esse
3323 2743 3337 2778 :
3375 2745 3392 2776 ‹
3426 2724 3697 2781 Discedite

2117 2830 2147 2870 a
2177 2831 2286 2879 me,
2311 2816 2404 2885 qui
2439 2817 2742 2886 operamini
2772 2815 3154 2886 iniquitatem;
3179 2832 3289 2872 non
3318 2819 3443 2872 novi
3466 2832 3564 2873 vos
3580 2818 3647 2873 ⁸⁹.
3672 2839 3692 2869 ι

2116 2906 2229 2962 Deo
2254 2906 2422 2978 igitur
2453 2908 2566 2964 noti
2613 2915 2761 2972 sunt,
2790 2923 3067 2978 verusque
3103 2907 3276 2978 ipsius
3307 2923 3371 2962 ac
3401 2908 3698 2978 peculiaris

2115 2999 2384 3071 populus,
2420 3000 2513 3070 qui
2541 2999 2813 3055 indivulsa
2834 3000 2889 3054 in
2913 2999 3098 3070 ipsum
3113 2999 3410 3056 dilectione
3444 3001 3696 3073 ﬂagrant,

2116 3093 2468 3148 etsincerum
2500 3091 2626 3148 fidei
2646 3091 2939 3148 candorem
2969 3101 3216 3157 tuentur,
3252 3100 3415 3163 atque
3439 3093 3506 3148 ad
3535 3108 3697 3148 omne

2117 3199 2257 3254 opus
2289 3184 2495 3239 bonum
2528 3184 2833 3240 confirmati
2867 3195 3016 3249 sunt,
3053 3185 3404 3255 levitatisque
3425 3185 3695 3240 etincon-

2115 3276 2329 3332 stantia:
2352 3277 2559 3333 crimen
2588 3277 2904 3348 promiscue
2939 3293 2968 3331 a
3007 3292 3065 3332 se
3092 3277 3386 3347 repellunt.
3426 3275 3695 3332 Caeterum

2116 3369 2294 3424 Moses
2330 3369 2554 3433 orabat,
2607 3378 2664 3424 et
2703 3370 2845 3424 iram
2869 3385 2989 3439 qme
3037 3368 3092 3422 in
3127 3384 3322 3424 omnes
3367 3378 3694 3434 exarserat,

2113 3473 2367 3513 amovere
2402 3457 2675 3513 studebat.
2703 3457 3005 3528 Oportebat
3031 3458 3212 3522 enim,
3246 3457 3556 3528 oportebat,
3609 3457 3695 3512 in-

2114 3565 2279 3620 quam
2305 3591 2320 3614 ,
2367 3550 2533 3605 etiam
2570 3550 2719 3605 hunc
2767 3551 3125 3605 mediatorem
3168 3550 3371 3605 imitari
3412 3548 3694 3605 Christum

2113 3655 2307 3694 verum
2348 3641 2726 3704 mediatorem,
2755 3642 2847 3712 qui
2875 3641 3010 3695 iram
3041 3640 3264 3696 cmlitus
3288 3641 3450 3696 nobis
3481 3641 3694 3711 impcn--

2113 3731 2333 3787 dentem
2370 3743 2593 3803 propter
2631 3731 2918 3801 multiplex
2964 3740 3288 3801 peccatum,
3335 3739 3488 3785 arcet
3529 3739 3694 3801 atque

2113 3825 2419 3894 propulsat,
2451 3836 2708 3894 tanquam
2741 3823 2931 3887 Filius,
2968 3838 3094 3878 cum
3119 3822 3188 3876 iis
3219 3822 3312 3891 qui
3336 3830 3693 3891 peccaverant

2112 3911 2450 3982 gratificetur
2472 3912 2922 3983 justifieationcm
2950 3910 3004 3964 in
3022 3911 3146 3966 fide.
3172 3911 3314 3982 Ergo
3333 3911 3497 3966 etiam
3518 3911 3570 3965 in
3589 3910 3693 3968 hoc

2112 4019 2306 4058 rursus
2328 4002 2548 4059 divinus
2579 4003 2776 4068 Moses,
2796 4003 2924 4072 quia
2942 4003 3056 4058 suis
3077 4003 3338 4074 precibus
3362 4002 3454 4058 irae
3485 4003 3692 4059 severi-

2114 4101 2277 4148 tatem
2302 4093 2592 4164 mitigavit,
2619 4102 2778 4166 typus
2802 4101 2886 4149 est
2919 4094 3416 4160 reconciliationis,
3446 4110 3566 4166 quae
3595 4109 3693 4166 per

2110 4184 2394 4240 Christum
2456 4186 2742 4258 contingit.
2801 4187 3009 4244 Deinde
3081 4203 3214 4244 vero
3274 4188 3566 4244 descendit
3625 4188 3692 4244 de

2111 4282 2336 4341 monte;
2370 4275 2464 4330 ubi
2501 4285 2684 4332 autem
2713 4277 2925 4333 audivit
2977 4278 3240 4334 saltantes
3262 4317 3276 4343 ,
3330 4288 3385 4334 et
3411 4281 3691 4336 ebriorum

2111 4385 2275 4426 voces
2305 4370 2536 4424 auribus
2563 4371 2795 4440 accepit,
2833 4371 3100 4442 confregit
3140 4373 3375 4435 tabulas,
3414 4373 3467 4428 in
3493 4375 3692 4444 quibus

2043 4456 2090 4517 D
2115 4462 2264 4532 leges
2280 4471 2440 4517 erant
2472 4461 2718 4532 sculpta,
2753 4477 2930 4532 neque
2955 4462 3193 4532 amplius
3218 4478 3316 4517 eos
3346 4463 3692 4520 institutione

2106 4556 2437 4628 dignabatur
2474 4566 2734 4626 tanquam
2779 4555 3196 4622 inobedientes,
3228 4556 3480 4622 desides,
3518 4560 3691 4630 stupi-

2107 4647 2287 4718 doque
2321 4648 2540 4719 ingenio
2573 4647 2854 4718 praeditos,
2879 4657 2933 4704 et
2965 4649 3056 4704 vix
3080 4658 3261 4719 aptam
3289 4649 3356 4704 ad
3387 4666 3510 4721 quae
3529 4666 3691 4722 opor-

2107 4749 2267 4805 teret,
2296 4753 2533 4798 mentem
2556 4742 2838 4804 habentes,
2869 4743 3037 4813 utqui
3062 4743 3200 4799 adeo
3222 4744 3533 4814 praecipites
3562 4760 3690 4799 rue-

2109 4843 2235 4889 rent
2271 4833 2339 4888 ad
2387 4833 2780 4891 defectionem.
2807 4836 3170 4906 Posteaquam
3221 4845 3404 4891 autem
3444 4836 3594 4891 venit
3623 4836 3689 4891 ad

2107 4925 2624 4994 congregationem,
2658 4927 2916 4982 ‘conterit
2948 4927 3201 4981 vitulum.
3264 4927 3384 4992 Quo
3427 4927 3595 4982 misso
3635 4928 3690 4982 in

2107 5032 2304 5088 aquam
2337 5020 2547 5088 potavit
2574 5036 2642 5075 ex
2673 5036 2738 5076 ea
2785 5021 2926 5076 filios
2954 5021 3154 5086 Israel;
3199 5036 3299 5090 per
3326 5021 3444 5078 haec
3478 5021 3594 5092 ipsa
3625 5023 3698 5080 εἰσ
3726 5013 3731 5048 ⁵

2106 5109 2374 5180 gnificans
2399 5112 2545 5181 quod
2581 5113 2638 5167 in
2679 5113 2926 5184 ipsorum
2951 5113 3269 5172 praecordiis
3304 5122 3361 5168 et
3387 5114 3690 5171 visceribus

2109 5200 2374 5257 inhaereat
2409 5203 2680 5274 impietas.
2717 5205 2989 5260 Praeterea
3021 5205 3187 5260 etiam
3213 5205 3320 5262 hoc
3354 5206 3689 5279 significasse

2112 5293 2372 5359 arbitror,
2415 5297 2564 5365 quod
2595 5313 2692 5352 cor
2721 5297 2986 5353 scelerata
3029 5306 3194 5368 atque
3218 5300 3542 5355 exsecrabili
3571 5301 3689 5358 ido-

2111 5385 2326 5441 lolatria
2369 5387 2607 5445 habeant
2638 5387 2922 5444 refertum.
2947 5387 3276 5446 Convocatis
3291 5402 3474 5447 autem
3500 5392 3689 5450 electu

2112 5479 2374 5550 praecepit
2426 5488 2487 5534 ut
2541 5481 2817 5553 praecipua
2874 5483 3056 5554 capita
3105 5483 3382 5549 occidant,
3411 5501 3534 5554 qua:
3568 5485 3689 5541 aliis

2114 5584 2275 5624 causa
2299 5569 2522 5626 fuerunt
2547 5579 2604 5626 ct
2636 5579 2893 5628 auctores
2912 5573 3078 5644 hujus
3103 5573 3348 5640 sceleris,
3370 5591 3547 5644 neque
3566 5592 3683 5646 par-

1785 5753 1828 5786 “
1860 5753 2002 5810 Psal.
2044 5771 2116 5820 vt,
2143 5755 2194 5809 9.
2274 5756 2318 5788 “
2358 5755 2545 5815 Matth.
2588 5773 2678 5822 vn,
2706 5757 2794 5813 25.
