4024 6198
324 302 423 375 531'

1349 320 1403 375 S.
1445 321 1723 386 CYRILLI
1759 329 2231 391 ALEXANDRINI
2277 329 2593 389 ARCHIEP.

3489 341 3593 398 εἶθ.

318 442 447 488 eant
483 431 567 485 vel
604 430 797 496 fratri,
831 433 917 488 vel
949 434 1152 500 vicino,
1184 436 1269 492 vel
1299 435 1576 495 familiari.
1620 442 1799 514 Atque
1828 443 1890 498 ita

2005 463 2100 500 του
2122 447 2424 518 σημαίνων,
2459 445 2653 500 eum
2682 443 2859 498 αὐτῶν
2888 443 3110 515 ἡπάτων
3134 443 3229 497 καὶ
3266 444 3594 515 σπλάγχνων

315 524 639 578 ceciderunt
677 524 869 593 viginti
913 525 1017 580 tria
1056 526 1248 582 millia.
1293 529 1588 602 Postquam
1615 549 1751 589 vero
1776 551 1898 591 mo-

315 618 535 672 deratas
566 616 635 670 ab
688 617 756 670 iis
798 617 892 686 qui
925 617 1064 673 adeo
1102 621 1366 678 scelerate
1410 635 1674 696 egerant,
1708 643 1899 698 pcenas

315 707 572 776 sumpsit,
600 706 900 762 revertitur
930 708 999 763 ad
1028 710 1229 777 Deum,
1263 713 1429 786 338
1455 726 1510 772 et
1537 734 1636 788 pro
1658 719 1782 775 aliis
1810 720 1900 774 in—

270 871 274 875 3
315 795 566 851 tercedit.
595 795 752 852 Tunc
789 813 921 855 sane
951 799 1003 855 ei
1039 802 1183 858 Deus
1207 802 1298 858 vix
1329 808 1542 873 annuit,
1574 808 1899 866 adfuturum

312 890 397 944 eis
424 888 635 954 dicens,
670 906 781 949 non
811 893 1034 964 quidem
1062 894 1304 967 seipsum
1322 938 1338 964 ,
1384 899 1479 955 sed
1509 901 1696 971 potius
1734 917 1900 974 ange-

314 981 428 1035 lum
462 983 775 1053 quempiam
810 985 1099 1055 przesidem
1127 996 1184 1043 et
1217 989 1413 1046 ducem
1441 991 1659 1049 itineris
1681 1010 1739 1050 se
1761 996 1897 1051 mis-

316 1085 527 1125 surum.
563 1071 767 1128 Adhaec
802 1075 970 1146 igitur
1012 1078 1249 1148 populus
1281 1080 1503 1150 quidem
1531 1081 1789 1153 lugebat;
1842 1091 1899 1138 at

313 1160 461 1216 Deus
479 1163 740 1233 prrecepit
759 1163 965 1220 auferri
987 1166 1057 1221 ab
1089 1167 1170 1222 eis
1195 1168 1546 1237 vestimenta,
1566 1185 1895 1241 omnemque

311 1261 570 1309 ornatum
590 1295 606 1319 ,
631 1264 797 1325 atque
827 1256 902 1312 ita
931 1257 1174 1315 demisso
1204 1262 1361 1317 vultu
1391 1262 1583 1319 tristes
1615 1263 1892 1319 incedere.

312 1343 432 1411 Quo
459 1345 681 1417 quidem
724 1348 793 1403 ad
816 1348 979 1405 ﬁnem
1008 1352 1298 1422 perducto,
1338 1356 1603 1411 scribitur
1633 1356 1896 1427 deinceps

311 1437 500 1494 Mosen
537 1448 823 1511 acceptum
864 1444 1164 1500 tentorium
1215 1462 1375 1502 suum
1406 1448 1587 1504 ﬁxisse
1622 1458 1775 1505 extra
1807 1465 1896 1504 ca—

315 1539 428 1587 stra
469 1548 682 1588 eorum.
734 1535 862 1591 Haec
886 1535 1131 1593 breviter
1158 1538 1229 1594 de
1261 1539 1510 1596 historice
1544 1542 1719 1611 ipsius
1750 1542 1895 1596 serie

314 1624 460 1680 dicta
490 1625 620 1681 sint.
659 1627 1017 1697 Reperiemus
1041 1639 1227 1686 autem
1250 1646 1348 1687 eos
1368 1632 1463 1703 qui
1483 1647 1552 1688 ex
1581 1632 1746 1688 lsrael
1764 1640 1896 1688 sunt

312 1716 593 1786 persimile
624 1717 837 1775 facinus
880 1735 1043 1776 ausos
1081 1736 1225 1787 esse,
1249 1730 1307 1777 et
1332 1724 1485 1794 paria
1513 1723 1715 1796 ﬂagitia
1739 1740 1896 1780 com-

2003 537 2113 590 τῶν
2152 540 2210 592 ὲν
2250 539 2432 602 αὐτοῖς
2482 537 2678 607 ἅψεται
2725 537 2787 590 τὸ
2824 535 3143 606 δυσσέϐημα
3176 551 3191 566 ο
3225 531 3382 607 οἶμαι
3419 537 3476 590 δὲ
3507 538 3593 591 ὅτι

2003 628 2228 682 κάκεῖνο
2255 629 2398 699 τάχα
2422 645 2527 682 που
2559 627 2925 699 καταμηνύων
2955 626 3159 691 αὐτοῖς,
3193 627 3279 680 δτι
3297 627 3397 697 τῆς
3425 626 3591 699 βεϐή-

2001 718 2094 771 λου
2134 718 2230 773 καὶ⁸
2280 717 2538 789 βδελυρᾶς
2595 716 3039 787 εἱδωλολατρείας
3088 717 3591 787 ἑκμεμεστωμένην

2003 808 2185 879 ἔχουσι
2220 809 2321 881 τὴν
2365 809 2614 879 καρδίαν.
2654 806 3177 881 Προσκαλεσάμενος
3201 809 3259 863 δὲ
3285 809 3414 872 τοὺς
3451 809 3592 875 ἐξει-

2000 899 2318 970 λεγμένους,
2361 902 2606 971 ἀναιρεῖν
2636 899 2854 952 ἐκέλευε
2888 896 3013 963 τούς
3066 898 3148 953 ὅτι
3198 898 3438 970 μάλιστα
3479 898 3590 952 τῶν

2000 991 2177 1043 ἄλλων
2210 992 2586 1057 αἰτιωτάτους,
2627 992 2726 1045 καὶ
2775 990 3032 1061 ἀδελφοῦ,
3063 989 3161 1044 καὶ
3192 990 3455 1059 γείτονος,
3490 990 3589 1045 καὶ

1997 1082 2292 1155 γνωρίμων
2323 1082 2710 1153 ἡφειδηκότας.
2746 1081 2858 1135 Καὶ
2899 1080 2963 1153 δὴ
3007 1079 3105 1135 καὶ
3136 1079 3464 1135 πεπτώκασι
3500 1099 3587 1152 χι-

1997 1173 2176 1238 λιάδες
2229 1177 2378 1246 τρεῖς
2429 1175 2525 1229 καὶ
2573 1173 2796 1229 εἴκοσιν.
2860 1173 3078 1244 Ἐπειδὴ
3119 1173 3176 1227 δὲ
3232 1173 3590 1245 συμμέτρους

1998 1265 2231 1337 ἐζήτησε
2263 1266 2418 1330 δίκας
2465 1268 2591 1331 τοὺς
2632 1266 2857 1337 άναίδην
2906 1264 3049 1320 οῦτω
3091 1265 3585 1337 δεδυσσεϐηκότσς.

1998 1357 2284 1411 ὑπονοστεῖ
2305 1358 2441 1429 πρὸς
2465 1357 2621 1425 Θεὸν,
2639 1359 2734 1412 καὶ
2756 1357 2857 1421 τὰς
2884 1357 3026 1429 ὑπὲρ
3049 1357 3159 1410 τῶν
3181 1357 3385 1425 ἑτέρων
3412 1357 3589 1410 ποιεῖ-

1995 1466 2087 1503 ται
2123 1449 2293 1512 λιτάς.
2325 1450 2459 1503 Τότε
2490 1449 2553 1521 δὴ
2595 1450 2750 1521 μόλις
2780 1448 2926 1519 αὐτῷ
2956 1449 3244 1503 κατανεύει
3269 1448 3425 1511 Θεὸς,
3454 1436 3599 1501 συν-’

1996 1538 2216 1594 έσεσθαι
2270 1539 2444 1608 λέγων
2473 1541 2676 1613 ἥκιστα
2722 1542 2819 1612 μὲν
2851 1541 3034 1604 αὐτὸς.
3080 1539 3499 1594 συναποστελείν
3527 1540 3584 1594 δὲ

2000 1631 2200 1703 μᾶλλον
2230 1632 2411 1696 αὐτοῖς
2433 1632 2662 1702 ἄγγελον
2683 1632 2978 1703 ἐπιστάτην
3005 1631 3102 1686 καὶ⁹
3130 1630 3582 1702 καθηγησάμενον

1997 1725 2095 1794 τῆς
2129 1723 2270 1779 ὁδοῦ.
2307 1724 2419 1777 Καὶ
2458 1725 2595 1792 πρός
2623 1740 2688 1792 γε
2727 1723 2793 1795 δὴ
2823 1722 2998 1793 τούτῳ
3050 1721 3386 1792 κατοιμώζει
3425 1722 3527 1791 μὲν
3553 1722 3583 1774 ό

311 1809 546 1873 misisse,
586 1810 808 1880 quando
837 1811 1026 1868 divino
1052 1814 1285 1871 consilio
1328 1816 1647 1887 unigenitus
1672 1817 1769 1871 Dei
1798 1817 1890 1871 Fi-

2001 1816 2129 1880 λαός
2148 1834 2163 1847 ·
2193 1816 2526 1887 προσέταττε
2557 1816 2614 1870 δὲ
2634 1815 2785 1879 Θεὸς,
2822 1813 3119 1886 ἀφελέσθαι
3144 1814 3245 1878 τάς
3267 1812 3462 1877 στολὰς
3481 1812 3583 1868 καὶ

311 1898 420 1955 lius
438 1900 593 1971 juxta
617 1917 718 1958 nos
745 1903 911 1959 homo
954 1913 1040 1960 est
1069 1905 1265 1962 factus.
1294 1907 1431 1963 Nam
1454 1907 1689 1962 vocabat
1711 1921 1808 1963 eos
1832 1908 1892 1963 in

311 2007 540 2063 regnum
600 1995 864 2051 ccelorum
919 1998 1382 2067 quemadmodum
1444 1999 1576 2053 olim
1625 1999 1864 2067 Deuspe

308 2080 495 2136 Mosen
511 2083 729 2139 vocavit
760 2085 815 2139 in
850 2092 1053 2140 terram
1078 2087 1479 2156 promissionis,
1506 2086 1893 2157 promittebat-

310 2189 417 2243 que
440 2190 499 2229 se
520 2176 886 2247 liberaturum
910 2194 1008 2235 eos
1031 2180 1125 2250 qui
1157 2180 1212 2235 in
1254 2181 1435 2251 ipsum
1484 2181 1796 2237 crederent.
1824 2181 1894 2237 Et

310 2264 457 2320 Dens
490 2265 746 2321 liberavit
804 2268 960 2333 illos,
996 2271 1090 2340 qui
1137 2286 1205 2325 ex
1231 2284 1429 2343 genere
1458 2271 1627 2327 Israel
1661 2286 1891 2342 recepe-

308 2365 439 2411 runt
465 2372 565 2427 per
595 2357 758 2415 fidem
798 2361 1095 2417 salutarem
1123 2362 1279 2417 illum
1324 2362 1642 2434 sanguinem
1675 2377 1746 2419 ex
1794 2378 1894 2433 op-

308 2447 595 2514 pressione
658 2456 715 2503 et
773 2451 1062 2522 tyrannide
1137 2450 1537 2523 Egyptiorum.
1586 2450 1892 2508 Mactarunt

307 2537 456 2591 enim
487 2552 689 2609 agnum
731 2540 903 2596 veluti
948 2541 1002 2596 in
1043 2542 1206 2613 typis,
1233 2540 1415 2598 adhuc
1434 2542 1656 2598 Christo
1684 2551 1889 2614 myste-

308 2625 449 2680 rium
483 2628 842 2698 completuro.
879 2631 1052 2689 Porro
1094 2632 1186 2687 isti
1218 2631 1394 2704 legem
1442 2630 1730 2699 habentes,
1770 2647 1892 2703 qua;

307 2732 439 2772 sane
490 2718 727 2775 ﬁdeliter
753 2721 1139 2779 introducebat
1169 2738 1269 2793 per
1318 2722 1522 2794 figuras
1557 2731 1615 2779 et
1644 2731 1800 2796 typos
1820 2724 1889 2780 ad

306 2809 512 2866 Christi
564 2813 911 2884 mysterium,
949 2814 1019 2870 de
1064 2815 1252 2871 verbis
1280 2816 1673 2886 sapientissimi
1726 2816 1890 2872 Mosis

308 2903 515 2974 ubique
542 2907 829 2977 magniﬁce
858 2907 1074 2979 gloriati
1099 2916 1248 2972 sunt,
1272 2925 1396 2965 cum
1424 2918 1603 2965 tamen
1625 2926 1692 2964 ne
1708 2909 1888 2981 ipsum

307 2994 528 3062 quidem
576 2997 763 3053 Mosen
813 3014 1052 3070 unquam
1103 3001 1215 3055 sint
1258 3002 1501 3055 reveriti.
1533 3001 1890 3056 Declinahant

306 3087 453 3142 enim
481 3090 547 3144 ad
569 3090 849 3146 doctrinas
890 3100 947 3146 et
976 3093 1229 3148 mandata
1255 3092 1565 3157 hominum,
1599 3094 1887 3163 cultusque

306 3178 480 3233 divini
517 3182 709 3251 jugum
754 3183 1127 3238 excutiebant.
1161 3182 1447 3253 Siquidem
1494 3199 1604 3238 non
1637 3197 1885 3239 accesse-

308 3277 437 3324 runt
467 3271 535 3325 ad
560 3287 686 3326 eum
718 3288 817 3342 per
849 3288 1013 3343 quem
1036 3275 1182 3329 Deus
1219 3275 1325 3331 hoc
1347 3274 1666 3330 universum
1689 3277 1889 3347 guber-

306 3368 422 3426 nat,
453 3361 558 3417 hoc
601 3370 686 3418 est
725 3363 1027 3419 Christum.
1060 3364 1226 3437 Atqui
1253 3382 1504 3437 quamam
1536 3366 1641 3422 fuit
1669 3367 1886 3424 occasio

305 3461 362 3506 et
383 3453 582 3508 causa?
605 3453 956 3509 Deﬂexerunt
983 3454 1131 3510 enim
1157 3457 1226 3511 ad
1262 3457 1620 3527 imposturam
1657 3458 1888 3513 munda-

306 3560 465 3611 nam;
499 3553 556 3600 et
576 3547 884 3616 voluptates
911 3546 1077 3620 hujus
1096 3549 1224 3605 vitae
1244 3549 1453 3605 utiliori
1475 3549 1660 3607 studio
1685 3549 1884 3622 praefe-

308 3644 528 3701 rentes,
576 3636 722 3692 haud
774 3637 1052 3694 immerito
1097 3641 1272 3712 gratia
1302 3642 1650 3698 exciderunt.
1695 3643 1886 3699 Vocati

304 3727 453 3783 cnim
478 3728 543 3784 ad
570 3729 813 3800 nuptias,
842 3729 1141 3787 noluerunt
1166 3734 1380 3798 venire,
1411 3749 1644 3789 uxorum
1675 3734 1887 3805 nuptiis

304 3828 364 3875 ct
395 3835 652 3893 agrorum
680 3821 1054 3893 emptionibus
1088 3839 1209 3880 sese
1257 3834 1601 3882 excusantes.
1639 3826 1707 3881 Et
1737 3833 1887 3883 certe

309 3921 525 3984 tempus
551 3912 664 3983 jam
688 3921 827 3978 erat,
860 3920 921 3968 ut
939 3913 1129 3978 lsrael,
1164 3915 1259 3986 qui
1298 3930 1367 3971 eo
1419 3915 1716 3986 impietatis
1759 3932 1889 3987 pro—

306 4008 492 4076 lapsus
529 4005 740 4071 fuerat,
790 4006 928 4061 iram
982 4004 1209 4062 omnino
1252 4007 1571 4065 sustineret.
1614 4008 1887 4066 Caeterum

307 4098 566 4169 precibus
582 4107 902 4152 sanctorum
939 4106 1168 4153 servata:
1187 4107 1318 4154 sunt
1345 4101 1594 4171 reliquiae
1618 4102 1699 4169 7°;
1726 4101 1886 4158 multi

308 4199 491 4243 tamen
518 4188 743 4242 luerunt
773 4202 983 4258 poenas.
1015 4188 1348 4243 Ceciderunt
1389 4191 1539 4245 enim
1570 4193 1623 4245 in
1649 4193 1883 4263 gladiis:

307 4294 542 4350 cumque
568 4294 713 4335 saevo
743 4278 890 4334 bello
921 4277 1360 4344 absumerentur,
1392 4280 1484 4335 vix
1511 4294 1889 4351 cognoverunt

307 4388 419 4443 quo
449 4371 577 4427 mali
609 4370 930 4427 devenerint
949 4370 1022 4426 ob
1041 4369 1267 4426 crimina
1290 4384 1320 4424 a
1348 4385 1406 4426 se
1430 4370 1698 4426 adversus
1721 4373 1886 4429 Chri-

309 4474 452 4520 stum
475 4465 783 4520 commissa.
815 4463 1063 4534 Cumque
1104 4462 1261 4533 quasi
1286 4462 1672 4518 vestimentum
1694 4464 1885 4533 pristi-

2002 1908 2180 1961 πάντα
2216 1908 2308 1961 τδν
2348 1909 2573 1978 κόσμον,
2619 1907 2754 1961 ίέναι
2782 1924 2842 1960 τε
2882 1904 3056 1970 οὕτως
3092 1906 3153 1959 ἐν
3179 1904 3474 1975 κατηφείᾳ.
3504 1899 3580 1959 οὗ

2002 1999 2098 2052 καὶ
2128 2000 2204 2063 είς
2225 1999 2399 2071 πέρας
2433 1999 2815 2070 ὲνηνεγμὲνου,
2840 1996 3041 2063 λαϐὼν,
3063 1996 3220 2068 φησὶ,
3251 1996 3460 2066 Μωσῆς
3479 1995 3580 2067 τὴν

2002 2090 2208 2161 σκηνὴν
2261 2088 2448 2153 αὑτοῦ,
2496 2090 2695 2159 ἔπηξεν
2743 2088 2848 2155 ιξω
2891 2089 2990 2158 τῆς
3035 2087 3409 2158 παρεμϐολῆς.
3465 2087 3580 2141 Καὶ

1998 2180 2142 2235 οὕτω
2175 2180 2276 2252 μὲν
2308 2180 2408 2252 τῆς
2442 2180 2683 2253 ἱστορίας
2723 2179 2802 2245 ὡς
2833 2181 2893 2234 ὲν
2922 2179 3183 2252 βραχέσιν
3210 2179 3240 2232 ὀ
3266 2178 3447 2247 λόγος.
3477 2177 3580 2233 Et)-

2001 2277 2240 2344 ρήσομεν
2265 2272 2323 2325 δὲ
2350 2274 2479 2334 τοὺς
2493 2272 2554 2337 ἐξ
2587 2271 2801 2341 Ἰσραὴλ
2831 2271 2900 2324 τὰ.
2922 2270 3012 2323 ῐσα
3036 2267 3438 2338 τετολμηκότας
3465 2265 3566 2337 (Ι),

1992 2365 2080 2418 ὅτε
2099 2362 2221 2417 καθ’
2238 2364 2384 2434 ἡμᾶς
2403 2363 2626 2433 γέγονεν
2645 2360 2930 2432 ἄνθρωπος
2949 2361 2979 2413 ό
2996 2359 3330 2429 Μονογενής.
3352 2355 3571 2410 Ἑκάλει

2002 2454 2102 2524 μὲν
2133 2454 2235 2523 γάρ
2264 2455 2343 2515 είς
2368 2450 2643 2523 βασιλείαν
2664 2450 2930 2523 οὐρανῶν,
2964 2451 3108 2506 καθά
3142 2449 3310 2504 πάλαι
3336 2448 3424 2503 διὰ
3447 2449 3576 2502 Μω-

1999 2546 2136 2608 σέως
2187 2546 2266 2608 είς
2308 2544 2407 2613 τὴν
2424 2544 2527 2615 γῆν
2547 2542 2647 2613 τῆς
2668 2541 3021 2611 ἐπαγγελίας,
3047 2539 3433 2611 ἐλευθερώσειν

1997 2635 2361 2708 ἐπηγγέλλετο
2393 2636 2518 2698 τοὺς
2547 2636 2626 2694 είς
2649 2632 2810 2688 αὑτὸν
2842 2632 3213 2696 πιστεύοντας.
3247 2629 3571 2701 Ἠλευθὲρου

1995 2728 2104 2799 γάρ
2163 2728 2258 2781 καὶ
2303 2726 2430 2791 τοὺς
2479 2726 2538 2790 ἐξ
2583 2724 2817 2796 αἵματος
2877 2724 3092 2796 Ἰσραὴλ
3148 2723 3248 2793 τῆς
3295 2721 3571 2788 Αἰγύπτου

1996 2819 2307 2885 πλεονεξίας
2337 2816 2806 2885 καταδεξαμένους
2835 2819 2893 2870 ὲν
2923 2816 3103 2881 πίστει
3129 2814 3227 2884 τὴν
3245 2814 3313 2867 δι’
3341 2813 3571 2883 αἵματος

1997 2913 2293 2984 σωτηρίαν.
2327 2910 2603 2965 Τεθύκοισι
2634 2909 2745 2979 γὰρ
2772 2909 2863 2962 τὸν
2912 2907 3107 2979 ἀμνὸν,
3147 2908 3224 2970 ὼς
3260 2908 3321 2959 ὲν
3358 2905 3571 2966 τύποις,

1994 3007 2074 3059 ἔτι
2111 3006 2204 3059 τοῦ
2248 3002 2486 3076 Χριστοῦ
2536 3003 2869 3075 πληροῦντος
2898 3001 2959 3055 τὸ
2997 3000 3316 3071 μυστήριον.
3360 2996 3501 3049 Ἀλλ’
3524 2996 3575 3050 οί

1995 3097 2158 3166 νόμον
2192 3095 2405 3166 ἔχοντες
2433 3095 2525 3150 τὸν
2565 3094 3017 3164 παιδαγωγοῦντα
3059 3089 3238 3153 καλῶς
3270 3088 3363 3143 διὰ
3412 3089 3573 3151 σκιᾶς

1995 3187 2091 3242 καὶ⁸
2118 3185 2304 3240 τύπων
2335 3186 2430 3239 ἐπὶ
2455 3187 2709 3258 Χριστὸν,
2744 3186 2775 3255 ἢ
2803 3185 2929 3248 τοὺς
2963 3182 3059 3238 τοῦ
3091 3182 3335 3244 Μωσέως
3372 3180 3487 3234 ἄνω
3514 3196 3572 3233 τε

1994 3279 2090 3333 καὶ
2121 3278 2274 3331 κάτω
2307 3278 2693 3348 προϊσχόμενοι
2733 3276 2946 3346 λόγους,
2993 3274 3089 3328 καὶ
3133 3271 3296 3327 αὑτοῦ
3328 3270 3573 3333 Μωσέως

1992 3368 2349 3440 ἠφειδηκότες
2414 3366 2754 3439 (ἐτράποντο
2798 3366 2908 3438 γὰρ
2952 3367 3030 3429 είς
3082 3362 3431 3417 διδασκαλίαν
3475 3358 3572 3414 καὶ

1994 3460 2308 3530 ἐντάλματα
2351 3458 2701 3529 ἀνθρώπων),
2746 3459 2845 3528 τῆς
2877 3457 2982 3511 ὑπὸ
3015 3455 3137 3526 Θεῷ
3179 3455 3436 3526 λατρείας
3464 3454 3576 3507 ἀπ·-

1994 3547 2230 3600 εσείοντο
2260 3550 2352 3600 τὸν
2381 3546 2568 3616 ζυγόν.
2586 3547 2944 3619 Προσήκαντο
2972 3545 3080 3617 γὰρ
3111 3544 3361 3614 οὐδαμῶς
3385 3544 3478 3597 τδν
3505 3542 3574 3596 δι’

1994 3630 2056 3691 οὗ
2103 3635 2211 3689 τῶν
2247 3635 2385 3689 ὅλων
2418 3638 2629 3707 κρατεῖ,
2677 3637 2923 3690 τουτέστι
2963 3635 3219 3708 Χριστόν.
3260 3634 3373 3687 Καὶ
3405 3633 3491 3698 τίς
3538 3634 3573 3704 ἠ

1996 3728 2297 3801 πρόφασις;
2343 3726 2761 3781 Ἀπονενεύκασι
2785 3727 2896 3800 γὰρ
2923 3729 3005 3791 είς
3031 3727 3247 3798 άπάτην
3280 3723 3572 3795 κοσμικὴν,

1995 3821 2088 3877 καὶ
2114 3820 2213 3883 τὰς
2245 3820 2303 3873 ὲν
2331 3818 2466 3890 τῷδε
2497 3818 2576 3889 τῷ
2606 3817 2705 3890 βίῳ
2736 3819 2954 3891 τέρψεις
2978 3819 3077 3889 τῆς
3108 3815 3577 3889 προύργιεστέρας

1994 3913 2271 3969 ποιοῦνται
2314 3912 2579 3984 σπουδῆς,
2626 3911 3137 3985 προσκεκρούκασιν
3187 3911 3434 3972 εἰκότως.
3468 3909 3575 3961 Kac

1994 4006 2254 4079 κλημένοι
2291 4005 2399 4077 γὰρ
2433 4006 2515 4069 εἰς
2549 4005 2675 4069 τοὺς
2718 4005 2950 4075 γάμους,
2998 4004 3099 4059 οὐκ
3143 4001 3332 4074 ἤθελον
3354 3998 3571 4060 ἐλθεῖν,

1994 4097 2232 4168 γυναίων
2256 4113 2317 4150 τε
2342 4096 2434 4150 καὶ
2458 4096 2643 4169 ἀγρῶν
2669 4096 3058 4169 προϊσχόμενοι
3085 4094 3331 4165 κτήσεις.
3363 4093 3476 4146 Καὶ
3503 4085 3575 4163 ἦν

1998 4188 2098 4260 μὲν
2113 4188 2213 4259 ἠδη
2232 4186 2445 4258 καιρὸς,
2466 4186 2784 4250 δυσσεϐείας
2801 4188 2879 4251 είς
2907 4186 3026 4241 τόδε
3056 4182 3572 4254 κατολισθήσαντες,

1993 4276 2092 4347 τὴν
2120 4277 2200 4339 είς
2230 4278 2375 4333 ἆπαν
2418 4276 2587 4350 ὀργὴν
2617 4277 2908 4347 ὑπομεῖναι
2955 4276 3048 4329 τδν
3113 4272 3352 4346 Ἰσραήλ.
3412 4272 3574 4328 Ἀλλά

1993 4367 2103 4420 τῶν
2129 4367 2297 4434 ἁγίων
2330 4368 2475 4422 λιταὶ
2506 4366 2777 4421 σεσώκασι
2805 4367 2867 4421 τὸ
2895 4367 3276 4437 κατάλειμμα’
3323 4363 3462 4435 πλὴν
3494 4365 3574 4427 εἰς

1996 4456 2225 4519 πολλοὺς
2257 4459 2289 4527 ή
2317 4457 2462 4529 δίκη.
2500 4458 2829 4513 Πεπτώκασι
2874 4458 3004 4531 γὰρ,
3035 4458 3326 4530 μαχαίραις
3348 4458 3443 4509 καὶ
3473 4472 3572 4508 πο-

309 4509 452 4520 υ......
477 4509 783 4520 νυ.......υ.,...
820 4509 1062 4534 ...η-ηπ
1107 4509 1261 4533 των-
1298 4509 1852 4533 .-υ-.-κνη----τηυη

306 4570 393 4609 me
426 4554 572 4609 illius
595 4553 781 4624 gloriae
808 4550 1131 4621 ahjecerint,
1163 4558 1219 4604 et
1236 4564 1455 4605 omnem
1484 4556 1743 4605 ornatum
1771 4553 1886 4623 spi-

1995 4509 2152 4618 λέμφ
2188 4509 2827 4621 τὲιὲρφὲεπανέιεζέιᾎὲξ
2868 4509 3341 4621 ἐέᾨὶᾷἑξσῗριλιίς
3383 4548 3467 4601 ὅτι
3515 4549 3571 4601 ει.

307 4645 546 4707 ritalem,
575 4643 781 4714 ingenti
811 4642 1066 4700 laborant
1097 4642 1245 4707 odio,
1276 4640 1495 4711 spoliati
1525 4642 1675 4696 omni
1711 4642 1884 4713 gloria

309 4753 373 4794 ac
419 4735 703 4807 dignitate.
742 4733 901 4801 Quod
947 4742 1131 4788 autem
1162 4733 1418 4789 Christus
1468 4731 1634 4787 etiam
1688 4734 1758 4789 ab
1803 4734 1884 4791 eis

308 4827 646 4891 discesserit,
670 4825 910 4882 ostendit
932 4826 1127 4888 Moses,
1152 4825 1245 4895 qui
1273 4824 1690 4880 tabernaculum
1727 4841 1890 4882 suum

309 4929 466 4974 extra
506 4925 686 4973 castra
730 4913 1011 4973 transfert.
1034 4914 1197 4984 339
1212 4913 1463 4970 Christus
1499 4915 1648 4969 enim
1681 4915 1893 4973 relictis

308 5009 624 5065 Judzeorum
665 5008 863 5075 turbis,
904 5016 1069 5078 atque
1107 5005 1328 5061 illorum
1355 5006 1712 5064 multitudine
1750 5023 1892 5079 quo-

306 5101 602 5156 dammodo
635 5102 850 5157 deserta
878 5141 893 5166 ,
935 5098 1252 5171 longissime
1305 5099 1375 5153 ab
1404 5100 1485 5154 eis
1528 5101 1842 5173 demigrans
1873 5141 1888 5167 ,

309 5194 700 5249 inconcussum
730 5191 1148 5247 tabernaculum
1196 5189 1496 5246 Ecclesiam
1520 5192 1767 5263 gentium
1794 5191 1891 5249 de-

280 5288 545 5359 signavit
584 5304 597 5339 :
646 5300 811 5358 quam
857 5285 1023 5339 etiam
1069 5298 1224 5339 suam
1253 5281 1530 5339 aliirmans
1560 5300 1662 5356 per
1696 5298 1888 5340 vocem

276 5372 613 5436 iPsalmistas
641 5379 746 5434 ista
770 5379 889 5434 ait:
929 5396 948 5429 ι
1000 5376 1103 5434 Hic
1127 5376 1410 5441 habitabo,
1451 5377 1713 5447 quoniam
1748 5377 1889 5449 elegi

309 5469 519 5520 eam".
557 5487 576 5519 ι
612 5467 912 5537 Oportebat
937 5466 1104 5538 igitur
1132 5482 1228 5522 eos
1276 5466 1371 5537 qui
1398 5481 1509 5521 non
1540 5466 1747 5523 habent
1764 5468 1891 5521 Em-

312 5559 622 5615 manuclcm
660 5557 813 5614 illum
842 5558 1028 5629 gloriae
1050 5559 1629 5629 Dominumhposthac
1646 5559 1887 5629 conspici

383 5689 429 5724 τ’
458 5689 564 5746 isa.
604 5706 660 5755 ιι,
698 5689 811 5756 9.2;
853 5687 1014 5745 Rom.
1060 5705 1132 5751 ix,
1172 5689 1269 5747 26.
1316 5690 1373 5741 ⁷³.
1401 5687 1755 5753 Psal.cxxxt,
1802 5687 1884 5741 Η.

1993 4639 2175 4700 αὐτοῖς
2199 4636 2466 4707 ἐκϐέϐηκε
2494 4640 2666 4693 κακοῦ
2702 4642 2801 4713 τῆς
2821 4642 2901 4705 εἰς
2927 4641 3164 4711 Χριστὸν
3188 4639 3477 4709 παροινίας
3506 4639 3571 4692 τὸ

1992 4728 2334 4800 ἐγκλήματα.
2377 4730 2841 4802 Ἀποδεϐληκότες
2877 4732 2933 4785 δὲ
2967 4732 3157 4803 ὥσπερ
3195 4732 3292 4803 τῆς
3336 4731 3570 4802 ἀρχαίας

1988 4821 2205 4893 ἐκείνης
2233 4822 2483 4888 εὐκλείας
2508 4827 2609 4895 τὴν
2647 4825 2996 4897 περιστολὴν,
3021 4825 3118 4879 καὶ
3158 4823 3337 4878 πάντα
3367 4823 3578 4893 κόσμον

1988 4912 2379 4983 πνευματικὸν,
2412 4914 2544 4967 πολὺ
2572 4913 2789 4968 νοσοῦσι
2807 4915 2868 4968 τὸ
2889 4913 3078 4986 ἄχαρι,
3108 4913 3203 4967 καὶ
3240 4913 3442 4984 γυμνοὶ
3476 4913 3576 4983 μὲν

1986 5004 2206 5075 ἁπάσης
2244 5003 2543 5059 διατελοῦσι
2587 5005 2766 5076 δόξης.
2811 5008 2933 5061 Ὅτι
2974 5006 3031 5061 δὲ
3069 5008 3163 5062 καὶ
3193 5007 3354 5070 αὐτὸς
3394 5006 3579 5062 αὐτῶν

1988 5100 2428 5171 άποπειροίτηκεν
2444 5101 2473 5154 ό
2492 5102 2747 5174 Χριστὸς,
2774 5102 3327 5176 ύπέφηνενὸΜωσῆς,
3354 5104 3579 5173 μακρὰν

1988 5192 2090 5263 τῆς
2124 5192 2479 5265 παρεμϐολῆς
2510 5193 2771 5263 μεθιστὰς
2804 5194 2903 5268 τὴν
2938 5194 3136 5249 ἑαυτοῦ
3167 5194 3374 5267 σκηνὴν
3404 5211 3566 5248 καταο

1988 5281 2427 5355 λελειμιμῖένην.
2451 5285 2574 5350 Πῶς
2590 5286 2699 5357 γάρ
2727 5288 3006 5360 όΧριστὸς
3037 5286 3136 5352 τάς
3160 5286 3272 5341 τῶν
3298 5288 3576 5342 Ἰουδαίων

1990 5374 2211 5445 ἀγέλας,
2241 5376 2357 5447 ἦτοι
2394 5376 2492 5441 τὰς
2520 5379 2888 5450 παρεμϐολὰς,
2921 5382 3016 5434 καὶ
3044 5381 3145 5452 τῆς
3178 5379 3405 5433 ἐκείνων
3437 5379 3564 5449 πλη-

1990 5466 2117 5533 θύος
2130 5467 2590 5541 άποδεδραμηκὼς
2610 5470 2811 5543 τρόπον
2825 5473 2945 5526 τινὰ
2968 5475 3060 5527 καὶ
3076 5474 3335 5528 ἀποτάτω
3356 5473 3580 5544 χωρῶν,

1993 5559 2198 5631 σκηνὴν
2240 5560 2636 5617 άκατάτειστον
2681 5562 2781 5634 τὴν
2810 5563 2868 5630 ἐξ
2904 5563 3074 5618 ἐθνῶν
3119 5563 3418 5628 ἀνέδειξεν.
3458 5564 3584 5618 Ἐκ·

380 5785 458 5847 (ι)
489 5784 667 5841 Codex
711 5784 1021 5840 ilarltcanus
1049 5783 1212 5848 addit,
1253 5784 1345 5839 καὶ
1373 5779 1575 5851 ἀδελφὰ
1611 5781 1890 5848 πεπλημμε

1995 5780 2161 5847 (ring,
2203 5798 2322 5854 qua:
2362 5782 2522 5839 etiam
2555 5781 2780 5838 reddidit
2810 5780 3100 5851 interpres.
