  <div class='ocr_page' id='page_1' title='image "/cluster/home/n/w/nwhite01/storage/ocr_20150623/69/hvd.32044073501983/272.png"; bbox 0 0 4024 6198; ppageno 0'>
   <div class='ocr_carea' id='block_1_1' title="bbox 371 312 476 371">
    <p class='ocr_par' dir='ltr' id='par_1_1' title="bbox 371 312 476 371">
     <span class='ocr_line' id='line_1_1' title="bbox 371 312 476 371; baseline 0.076 -7"><span class='ocrx_word' id='word_1_1' title='bbox 371 312 476 371; x_wconf 66' lang='lat'><strong>533</strong></span> 
     </span>
    </p>
   </div>
   <div class='ocr_carea' id='block_1_2' title="bbox 1390 316 2635 376">
    <p class='ocr_par' dir='ltr' id='par_1_2' title="bbox 1390 316 2635 376">
     <span class='ocr_line' id='line_1_2' title="bbox 1390 316 2635 376; baseline -0.002 -2"><span class='ocrx_word' id='word_1_2' title='bbox 1390 318 1906 376; x_wconf 69' lang='grc' dir='ltr'>οιΑιιιιιίιοιιυιι</span> <span class='ocrx_word' id='word_1_3' title='bbox 1942 319 2010 375; x_wconf 74' lang='lat' dir='ltr'><strong>1N</strong></span> <span class='ocrx_word' id='word_1_4' title='bbox 2050 316 2337 375; x_wconf 72' lang='lat' dir='ltr'><strong>EXODUM</strong></span> <span class='ocrx_word' id='word_1_5' title='bbox 2380 317 2509 373; x_wconf 83' lang='lat' dir='ltr'><strong>LIB.</strong></span> <span class='ocrx_word' id='word_1_6' title='bbox 2549 317 2635 372; x_wconf 82' lang='grc' dir='ltr'><strong>ΙΙΙ.</strong></span> 
     </span>
    </p>
   </div>
   <div class='ocr_carea' id='block_1_3' title="bbox 3522 317 3627 373">
    <p class='ocr_par' dir='ltr' id='par_1_3' title="bbox 3522 317 3627 373">
     <span class='ocr_line' id='line_1_3' title="bbox 3522 317 3627 373; baseline 0 0"><span class='ocrx_word' id='word_1_7' title='bbox 3522 317 3627 373; x_wconf 69' lang='grc' dir='ltr'><strong>εει</strong></span> 
     </span>
    </p>
   </div>
   <div class='ocr_carea' id='block_1_4' title="bbox 374 424 1960 503">
    <p class='ocr_par' dir='ltr' id='par_1_4' title="bbox 374 429 1951 503">
     <span class='ocr_line' id='line_1_4' title="bbox 374 429 1951 503; baseline 0.001 -21"><span class='ocrx_word' id='word_1_8' title='bbox 374 430 603 499; x_wconf 81' lang='grc' dir='ltr'>κλησίαν</span> <span class='ocrx_word' id='word_1_9' title='bbox 622 446 634 460; x_wconf 88' lang='grc'>·</span> <span class='ocrx_word' id='word_1_10' title='bbox 664 429 730 503; x_wconf 66' lang='grc' dir='ltr'>ἢν</span> <span class='ocrx_word' id='word_1_11' title='bbox 761 430 856 485; x_wconf 74' lang='grc' dir='ltr'>καὶ</span> <span class='ocrx_word' id='word_1_12' title='bbox 886 429 1025 485; x_wconf 84' lang='grc' dir='ltr'>ίδίαν</span> <span class='ocrx_word' id='word_1_13' title='bbox 1046 429 1206 495; x_wconf 69' lang='grc' dir='ltr'>αὐτὸς</span> <span class='ocrx_word' id='word_1_14' title='bbox 1239 430 1570 499; x_wconf 66' lang='grc' dir='ltr'>ἀποφαίνων,</span> <span class='ocrx_word' id='word_1_15' title='bbox 1605 429 1694 484; x_wconf 72' lang='grc' dir='ltr'><strong>διὰ</strong></span> <span class='ocrx_word' id='word_1_16' title='bbox 1726 433 1826 501; x_wconf 83' lang='grc' dir='ltr'>τῆς</span> <span class='ocrx_word' id='word_1_17' title='bbox 1857 429 1951 484; x_wconf 83' lang='grc' dir='ltr'><strong>τοῦ</strong></span> 
     </span>
    </p>
   </div>
   <div class='ocr_carea' id='block_1_5' title="bbox 2061 424 3629 503">
    <p class='ocr_par' dir='ltr' id='par_1_5' title="bbox 2061 424 3629 500">
     <span class='ocr_line' id='line_1_5' title="bbox 2061 424 3629 500; baseline -0.003 -16"><span class='ocrx_word' id='word_1_18' title='bbox 2061 429 2224 500; x_wconf 74' lang='lat' dir='ltr'><strong>gloria</strong></span> <span class='ocrx_word' id='word_1_19' title='bbox 2265 437 2322 484; x_wconf 91' lang='lat' dir='ltr'><strong>et</strong></span> <span class='ocrx_word' id='word_1_20' title='bbox 2345 427 2544 484; x_wconf 90' lang='lat' dir='ltr'><strong>decore</strong></span> <span class='ocrx_word' id='word_1_21' title='bbox 2584 424 2879 495; x_wconf 86' lang='lat' dir='ltr'><strong>spoliatos;</strong></span> <span class='ocrx_word' id='word_1_22' title='bbox 2926 439 3022 480; x_wconf 89' lang='lat' dir='ltr'><strong>eos</strong></span> <span class='ocrx_word' id='word_1_23' title='bbox 3050 432 3233 479; x_wconf 85' lang='lat' dir='ltr'><strong>autem</strong></span> <span class='ocrx_word' id='word_1_24' title='bbox 3266 425 3361 494; x_wconf 90' lang='lat' dir='ltr'><strong>qui</strong></span> <span class='ocrx_word' id='word_1_25' title='bbox 3393 425 3629 495; x_wconf 64' lang='lat' dir='ltr'><strong>diligunt</strong></span> 
     </span>
    </p>
   </div>
   <div class='ocr_carea' id='block_1_6' title="bbox 373 514 1950 591">
    <p class='ocr_par' dir='ltr' id='par_1_6' title="bbox 373 514 1950 591">
     <span class='ocr_line' id='line_1_6' title="bbox 373 514 1950 591; baseline 0 -19"><span class='ocrx_word' id='word_1_26' title='bbox 373 519 685 584; x_wconf 76' lang='grc' dir='ltr'>Ψάλλοντος</span> <span class='ocrx_word' id='word_1_27' title='bbox 723 520 909 589; x_wconf 77' lang='grc' dir='ltr'>φωνῆς</span> <span class='ocrx_word' id='word_1_28' title='bbox 941 514 1045 574; x_wconf 57' lang='lat' dir='ltr'><strong>es:</strong></span> <span class='ocrx_word' id='word_1_29' title='bbox 1075 520 1176 573; x_wconf 74' lang='grc' dir='ltr'><strong><em>πού</em></strong></span> <span class='ocrx_word' id='word_1_30' title='bbox 1208 535 1368 589; x_wconf 84' lang='grc' dir='ltr'>φησι·</span> <span class='ocrx_word' id='word_1_31' title='bbox 1408 538 1426 571; x_wconf 88' lang='grc' dir='ltr'><strong>ι</strong></span> <span class='ocrx_word' id='word_1_32' title='bbox 1457 515 1587 573; x_wconf 74' lang='grc' dir='ltr'>Ὧδε</span> <span class='ocrx_word' id='word_1_33' title='bbox 1618 521 1950 591; x_wconf 67' lang='grc' dir='ltr'>κατοικήσει),</span> 
     </span>
    </p>
   </div>
   <div class='ocr_carea' id='block_1_7' title="bbox 369 609 1954 682">
    <p class='ocr_par' dir='ltr' id='par_1_7' title="bbox 369 609 1954 682">
     <span class='ocr_line' id='line_1_7' title="bbox 369 609 1954 682; baseline 0.001 -21"><span class='ocrx_word' id='word_1_34' title='bbox 369 610 455 662; x_wconf 76' lang='grc' dir='ltr'>ὅτι</span> <span class='ocrx_word' id='word_1_35' title='bbox 485 610 829 682; x_wconf 66' lang='grc' dir='ltr'>ήρετισάμην</span> <span class='ocrx_word' id='word_1_36' title='bbox 861 611 1051 681; x_wconf 75' lang='grc' dir='ltr'>αὐτήν.</span> <span class='ocrx_word' id='word_1_37' title='bbox 1079 628 1098 662; x_wconf 75' lang='grc' dir='ltr'><strong>ι</strong></span> <span class='ocrx_word' id='word_1_38' title='bbox 1128 611 1278 664; x_wconf 80' lang='grc' dir='ltr'>Ἔδει</span> <span class='ocrx_word' id='word_1_39' title='bbox 1304 610 1481 664; x_wconf 92' lang='grc' dir='ltr'>τοίνυν</span> <span class='ocrx_word' id='word_1_40' title='bbox 1505 611 1598 665; x_wconf 69' lang='grc' dir='ltr'>καὶ</span> <span class='ocrx_word' id='word_1_41' title='bbox 1628 611 1830 681; x_wconf 86' lang='grc' dir='ltr'>κόσμου</span> <span class='ocrx_word' id='word_1_42' title='bbox 1860 609 1954 664; x_wconf 74' lang='grc' dir='ltr'>καὶ</span> 
     </span>
    </p>
   </div>
   <div class='ocr_carea' id='block_1_8' title="bbox 370 699 1953 772">
    <p class='ocr_par' dir='ltr' id='par_1_8' title="bbox 370 699 1953 772">
     <span class='ocr_line' id='line_1_8' title="bbox 370 699 1953 772; baseline 0.001 -20"><span class='ocrx_word' id='word_1_43' title='bbox 370 699 533 769; x_wconf 76' lang='grc' dir='ltr'>δόξης</span> <span class='ocrx_word' id='word_1_44' title='bbox 600 700 832 771; x_wconf 78' lang='grc' dir='ltr'>ὁρᾶσθαι</span> <span class='ocrx_word' id='word_1_45' title='bbox 880 699 1068 754; x_wconf 77' lang='grc' dir='ltr'>λοιπὸν</span> <span class='ocrx_word' id='word_1_46' title='bbox 1117 700 1623 772; x_wconf 79' lang='grc' dir='ltr'>ἀπημφιεσμένους,</span> <span class='ocrx_word' id='word_1_47' title='bbox 1675 702 1800 764; x_wconf 67' lang='grc' dir='ltr'>τοὺς</span> <span class='ocrx_word' id='word_1_48' title='bbox 1853 702 1953 754; x_wconf 78' lang='grc' dir='ltr'>οὐκ</span> 
     </span>
    </p>
   </div>
   <div class='ocr_carea' id='block_1_9' title="bbox 370 787 1953 860">
    <p class='ocr_par' dir='ltr' id='par_1_9' title="bbox 370 787 1953 860">
     <span class='ocr_line' id='line_1_9' title="bbox 370 787 1953 860; baseline 0.002 -21"><span class='ocrx_word' id='word_1_49' title='bbox 370 787 594 857; x_wconf 68' lang='grc' dir='ltr'>ἔχοντας</span> <span class='ocrx_word' id='word_1_50' title='bbox 626 788 717 841; x_wconf 74' lang='grc' dir='ltr'>τὸν</span> <span class='ocrx_word' id='word_1_51' title='bbox 761 788 1131 860; x_wconf 71' lang='grc' dir='ltr'>Ἐμμανουήλ,</span> <span class='ocrx_word' id='word_1_52' title='bbox 1150 787 1243 841; x_wconf 82' lang='grc' dir='ltr'>τὸν</span> <span class='ocrx_word' id='word_1_53' title='bbox 1287 788 1387 860; x_wconf 78' lang='grc' dir='ltr'>τῆς</span> <span class='ocrx_word' id='word_1_54' title='bbox 1413 788 1569 859; x_wconf 75' lang='grc' dir='ltr'>δόξης</span> <span class='ocrx_word' id='word_1_55' title='bbox 1609 788 1833 860; x_wconf 80' lang='grc' dir='ltr'><strong>Κύριον,</strong></span> <span class='ocrx_word' id='word_1_56' title='bbox 1863 789 1953 842; x_wconf 75' lang='grc' dir='ltr'>τὸν</span> 
     </span>
    </p>
   </div>
   <div class='ocr_carea' id='block_1_10' title="bbox 370 877 1954 949">
    <p class='ocr_par' dir='ltr' id='par_1_10' title="bbox 370 877 1954 949">
     <span class='ocr_line' id='line_1_10' title="bbox 370 877 1954 949; baseline 0.003 -20"><span class='ocrx_word' id='word_1_57' title='bbox 370 880 487 940; x_wconf 79' lang='grc' dir='ltr'>τοῖς</span> <span class='ocrx_word' id='word_1_58' title='bbox 528 877 816 945; x_wconf 78' lang='grc' dir='ltr'><strong>ἀγαπῶσιν</strong></span> <span class='ocrx_word' id='word_1_59' title='bbox 848 877 1031 939; x_wconf 79' lang='grc' dir='ltr'>αὑτὸν,</span> <span class='ocrx_word' id='word_1_60' title='bbox 1074 877 1166 933; x_wconf 84' lang='grc' dir='ltr'>τὸν</span> <span class='ocrx_word' id='word_1_61' title='bbox 1206 878 1270 931; x_wconf 82' lang='grc' dir='ltr'>ὲκ</span> <span class='ocrx_word' id='word_1_62' title='bbox 1322 878 1555 942; x_wconf 87' lang='grc' dir='ltr'>πίστεως</span> <span class='ocrx_word' id='word_1_63' title='bbox 1608 879 1702 933; x_wconf 77' lang='grc' dir='ltr'><strong>καὶ</strong></span> <span class='ocrx_word' id='word_1_64' title='bbox 1745 878 1954 949; x_wconf 79' lang='grc' dir='ltr'><strong>ἀρετῶν</strong></span> 
     </span>
    </p>
   </div>
   <div class='ocr_carea' id='block_1_11' title="bbox 374 967 1955 1040">
    <p class='ocr_par' dir='ltr' id='par_1_11' title="bbox 374 967 1955 1040">
     <span class='ocr_line' id='line_1_11' title="bbox 374 967 1955 1040; baseline 0.002 -21"><span class='ocrx_word' id='word_1_65' title='bbox 374 967 724 1037; x_wconf 78' lang='grc' dir='ltr'><strong>περιτιθέντα</strong></span> <span class='ocrx_word' id='word_1_66' title='bbox 753 968 975 1038; x_wconf 68' lang='grc' dir='ltr'>κόσμον*</span> <span class='ocrx_word' id='word_1_67' title='bbox 1010 968 1085 1032; x_wconf 84' lang='grc' dir='ltr'>ὡς</span> <span class='ocrx_word' id='word_1_68' title='bbox 1115 968 1208 1021; x_wconf 73' lang='grc' dir='ltr'><strong>ἐπὶ</strong></span> <span class='ocrx_word' id='word_1_69' title='bbox 1245 967 1420 1039; x_wconf 77' lang='grc' dir='ltr'>τούτῳ</span> <span class='ocrx_word' id='word_1_70' title='bbox 1456 969 1521 1040; x_wconf 81' lang='grc' dir='ltr'>δὴ</span> <span class='ocrx_word' id='word_1_71' title='bbox 1544 968 1665 1023; x_wconf 89' lang='grc' dir='ltr'>λίαν</span> <span class='ocrx_word' id='word_1_72' title='bbox 1691 968 1955 1040; x_wconf 69' lang='grc' dir='ltr'>ἡσθέντας</span> 
     </span>
    </p>
   </div>
   <div class='ocr_carea' id='block_1_12' title="bbox 374 1059 1946 1133">
    <p class='ocr_par' dir='ltr' id='par_1_12' title="bbox 374 1059 1946 1133">
     <span class='ocr_line' id='line_1_12' title="bbox 374 1059 1946 1133; baseline 0.003 -22"><span class='ocrx_word' id='word_1_73' title='bbox 374 1062 580 1113; x_wconf 79' lang='grc' dir='ltr'>εἰπεῖν·</span> <span class='ocrx_word' id='word_1_74' title='bbox 625 1077 645 1111; x_wconf 76' lang='grc' dir='ltr'><strong>ι</strong></span> <span class='ocrx_word' id='word_1_75' title='bbox 704 1059 1075 1128; x_wconf 82' lang='grc' dir='ltr'>’Δγαλλιάσθω</span> <span class='ocrx_word' id='word_1_76' title='bbox 1102 1061 1136 1131; x_wconf 83' lang='grc' dir='ltr'>ἡ</span> <span class='ocrx_word' id='word_1_77' title='bbox 1172 1059 1317 1131; x_wconf 74' lang='grc' dir='ltr'>ψυχή</span> <span class='ocrx_word' id='word_1_78' title='bbox 1367 1078 1470 1132; x_wconf 87' lang='grc' dir='ltr'><strong>μου</strong></span> <span class='ocrx_word' id='word_1_79' title='bbox 1504 1062 1597 1114; x_wconf 74' lang='grc' dir='ltr'><strong>ἐπὶ</strong></span> <span class='ocrx_word' id='word_1_80' title='bbox 1631 1059 1709 1132; x_wconf 84' lang='grc' dir='ltr'><strong>τῷ</strong></span> <span class='ocrx_word' id='word_1_81' title='bbox 1741 1060 1946 1133; x_wconf 80' lang='grc' dir='ltr'><strong>Κυρίῳ.</strong></span> 
     </span>
    </p>
   </div>
   <div class='ocr_carea' id='block_1_13' title="bbox 387 1152 1951 1227">
    <p class='ocr_par' dir='ltr' id='par_1_13' title="bbox 387 1152 1951 1227">
     <span class='ocr_line' id='line_1_13' title="bbox 387 1152 1951 1227; baseline 0.003 -21"><span class='ocrx_word' id='word_1_82' title='bbox 387 1152 639 1207; x_wconf 80' lang='grc' dir='ltr'>Ἐνέδυσε</span> <span class='ocrx_word' id='word_1_83' title='bbox 676 1154 784 1224; x_wconf 79' lang='grc' dir='ltr'>γάρ</span> <span class='ocrx_word' id='word_1_84' title='bbox 818 1172 886 1225; x_wconf 89' lang='grc' dir='ltr'><strong>με</strong></span> <span class='ocrx_word' id='word_1_85' title='bbox 916 1155 1128 1226; x_wconf 79' lang='grc' dir='ltr'>ἱμάτιον</span> <span class='ocrx_word' id='word_1_86' title='bbox 1162 1155 1451 1227; x_wconf 79' lang='grc' dir='ltr'>σωτηρίου,</span> <span class='ocrx_word' id='word_1_87' title='bbox 1479 1157 1574 1211; x_wconf 70' lang='grc' dir='ltr'>καὶ</span> <span class='ocrx_word' id='word_1_88' title='bbox 1615 1157 1816 1227; x_wconf 86' lang='grc' dir='ltr'>χιτῶνα</span> <span class='ocrx_word' id='word_1_89' title='bbox 1858 1158 1951 1210; x_wconf 81' lang='grc' dir='ltr'><strong>εὐ-</strong></span> 
     </span>
    </p>
   </div>
   <div class='ocr_carea' id='block_1_14' title="bbox 352 1244 1953 1321">
    <p class='ocr_par' dir='ltr' id='par_1_14' title="bbox 352 1244 1953 1321">
     <span class='ocr_line' id='line_1_14' title="bbox 352 1244 1953 1321; baseline 0.005 -24"><span class='ocrx_word' id='word_1_90' title='bbox 352 1244 671 1317; x_wconf 69' lang='grc' dir='ltr'>φροσύνης.</span> <span class='ocrx_word' id='word_1_91' title='bbox 715 1247 801 1310; x_wconf 87' lang='grc' dir='ltr'>Ὠς</span> <span class='ocrx_word' id='word_1_92' title='bbox 839 1247 1055 1318; x_wconf 73' lang='grc' dir='ltr'>νυμφίῳ</span> <span class='ocrx_word' id='word_1_93' title='bbox 1101 1247 1393 1321; x_wconf 82' lang='grc' dir='ltr'>περιέθηκέ</span> <span class='ocrx_word' id='word_1_94' title='bbox 1438 1265 1528 1319; x_wconf 85' lang='grc' dir='ltr'><strong>μοι</strong></span> <span class='ocrx_word' id='word_1_95' title='bbox 1586 1250 1808 1321; x_wconf 84' lang='grc' dir='ltr'>μίτραν,</span> <span class='ocrx_word' id='word_1_96' title='bbox 1852 1249 1953 1305; x_wconf 79' lang='grc' dir='ltr'>καὶ.</span> 
     </span>
    </p>
   </div>
   <div class='ocr_carea' id='block_1_15' title="bbox 2049 513 3627 589">
    <p class='ocr_par' dir='ltr' id='par_1_15' title="bbox 2049 513 3627 589">
     <span class='ocr_line' id='line_1_15' title="bbox 2049 513 3627 589; baseline -0.004 -16"><span class='ocrx_word' id='word_1_97' title='bbox 2049 519 2249 589; x_wconf 84' lang='lat' dir='ltr'><strong>ipsum,</strong></span> <span class='ocrx_word' id='word_1_98' title='bbox 2281 516 2618 574; x_wconf 75' lang='lat' dir='ltr'><strong>ornamentis</strong></span> <span class='ocrx_word' id='word_1_99' title='bbox 2647 514 2771 568; x_wconf 85' lang='lat' dir='ltr'><strong>lidei</strong></span> <span class='ocrx_word' id='word_1_100' title='bbox 2797 522 2855 570; x_wconf 88' lang='lat' dir='ltr'><strong>et</strong></span> <span class='ocrx_word' id='word_1_101' title='bbox 2877 514 3095 570; x_wconf 87' lang='lat' dir='ltr'><strong>virtutis</strong></span> <span class='ocrx_word' id='word_1_102' title='bbox 3123 513 3343 569; x_wconf 87' lang='lat' dir='ltr'><strong>indutos</strong></span> <span class='ocrx_word' id='word_1_103' title='bbox 3372 522 3627 583; x_wconf 81' lang='lat' dir='ltr'><strong>tanquam</strong></span> 
     </span>
    </p>
   </div>
   <div class='ocr_carea' id='block_1_16' title="bbox 2048 605 3628 678">
    <p class='ocr_par' dir='ltr' id='par_1_16' title="bbox 2048 605 3628 678">
     <span class='ocr_line' id='line_1_16' title="bbox 2048 605 3628 678; baseline -0.005 -11"><span class='ocrx_word' id='word_1_104' title='bbox 2048 611 2117 667; x_wconf 90' lang='lat' dir='ltr'><strong>de</strong></span> <span class='ocrx_word' id='word_1_105' title='bbox 2148 626 2215 666; x_wconf 90' lang='lat' dir='ltr'><strong>eo</strong></span> <span class='ocrx_word' id='word_1_106' title='bbox 2256 610 2613 665; x_wconf 86' lang='lat' dir='ltr'><strong>vehementer</strong></span> <span class='ocrx_word' id='word_1_107' title='bbox 2649 606 2868 678; x_wconf 79' lang='lat' dir='ltr'><strong>gavisos</strong></span> <span class='ocrx_word' id='word_1_108' title='bbox 2903 616 3122 676; x_wconf 87' lang='lat' dir='ltr'><strong>oportet</strong></span> <span class='ocrx_word' id='word_1_109' title='bbox 3161 606 3348 662; x_wconf 85' lang='lat' dir='ltr'><strong>dicere</strong></span> <span class='ocrx_word' id='word_1_110' title='bbox 3383 623 3396 659; x_wconf 92' lang='lat'><strong>:</strong></span> <span class='ocrx_word' id='word_1_111' title='bbox 3452 624 3470 657; x_wconf 82' lang='grc' dir='ltr'><strong>ι</strong></span> <span class='ocrx_word' id='word_1_112' title='bbox 3519 605 3628 659; x_wconf 77' lang='lat' dir='ltr'><strong>Ex-</strong></span> 
     </span>
    </p>
   </div>
   <div class='ocr_carea' id='block_1_17' title="bbox 2048 680 3629 764">
    <p class='ocr_par' dir='ltr' id='par_1_17' title="bbox 2048 680 3629 764">
     <span class='ocr_line' id='line_1_17' title="bbox 2048 680 3629 764; baseline -0.006 -7"><span class='ocrx_word' id='word_1_113' title='bbox 2048 702 2209 764; x_wconf 87' lang='lat' dir='ltr'><strong>sulta,</strong></span> <span class='ocrx_word' id='word_1_114' title='bbox 2248 701 2430 755; x_wconf 89' lang='lat' dir='ltr'><strong>anima</strong></span> <span class='ocrx_word' id='word_1_115' title='bbox 2454 680 2595 763; x_wconf 70' lang='lat' dir='ltr'><strong>mea,</strong></span> <span class='ocrx_word' id='word_1_116' title='bbox 2624 698 2678 752; x_wconf 90' lang='lat' dir='ltr'><strong>in</strong></span> <span class='ocrx_word' id='word_1_117' title='bbox 2694 696 2944 752; x_wconf 88' lang='lat' dir='ltr'><strong>Domino.</strong></span> <span class='ocrx_word' id='word_1_118' title='bbox 2965 695 3147 750; x_wconf 88' lang='lat' dir='ltr'><strong>Induit</strong></span> <span class='ocrx_word' id='word_1_119' title='bbox 3166 695 3312 749; x_wconf 90' lang='lat' dir='ltr'><strong>enim</strong></span> <span class='ocrx_word' id='word_1_120' title='bbox 3338 710 3425 749; x_wconf 90' lang='lat' dir='ltr'><strong>me</strong></span> <span class='ocrx_word' id='word_1_121' title='bbox 3458 692 3629 748; x_wconf 77' lang='lat' dir='ltr'><strong>vesti-</strong></span> 
     </span>
    </p>
   </div>
   <div class='ocr_carea' id='block_1_18' title="bbox 2048 785 3628 854">
    <p class='ocr_par' dir='ltr' id='par_1_18' title="bbox 2048 785 3628 854">
     <span class='ocr_line' id='line_1_18' title="bbox 2048 785 3628 854; baseline -0.006 -8"><span class='ocrx_word' id='word_1_122' title='bbox 2048 801 2234 848; x_wconf 89' lang='lat' dir='ltr'><strong>mento</strong></span> <span class='ocrx_word' id='word_1_123' title='bbox 2288 790 2482 846; x_wconf 87' lang='lat' dir='ltr'><strong>salutis</strong></span> <span class='ocrx_word' id='word_1_124' title='bbox 2539 799 2595 845; x_wconf 92' lang='lat' dir='ltr'><strong>et</strong></span> <span class='ocrx_word' id='word_1_125' title='bbox 2657 787 2995 843; x_wconf 80' lang='lat' dir='ltr'><strong>indumentis</strong></span> <span class='ocrx_word' id='word_1_126' title='bbox 3074 785 3294 841; x_wconf 57' lang='lat' dir='ltr'><strong>laetitiae.</strong></span> <span class='ocrx_word' id='word_1_127' title='bbox 3345 785 3628 854; x_wconf 88' lang='lat' dir='ltr'><strong>Tanquam</strong></span> 
     </span>
    </p>
   </div>
   <div class='ocr_carea' id='block_1_19' title="bbox 2052 880 3626 954">
    <p class='ocr_par' dir='ltr' id='par_1_19' title="bbox 2052 880 3626 954">
     <span class='ocr_line' id='line_1_19' title="bbox 2052 880 3626 954; baseline -0.006 -17"><span class='ocrx_word' id='word_1_128' title='bbox 2052 898 2253 954; x_wconf 89' lang='lat' dir='ltr'><strong>sponso</strong></span> <span class='ocrx_word' id='word_1_129' title='bbox 2276 881 2535 952; x_wconf 85' lang='lat' dir='ltr'><strong>imposuit</strong></span> <span class='ocrx_word' id='word_1_130' title='bbox 2560 880 2701 937; x_wconf 83' lang='lat' dir='ltr'><strong>mihi</strong></span> <span class='ocrx_word' id='word_1_131' title='bbox 2721 893 2999 941; x_wconf 89' lang='lat' dir='ltr'><strong>coronam,</strong></span> <span class='ocrx_word' id='word_1_132' title='bbox 3017 886 3074 933; x_wconf 91' lang='lat' dir='ltr'><strong>et</strong></span> <span class='ocrx_word' id='word_1_133' title='bbox 3098 885 3354 947; x_wconf 88' lang='lat' dir='ltr'><strong>tanquam</strong></span> <span class='ocrx_word' id='word_1_134' title='bbox 3371 891 3626 947; x_wconf 83' lang='lat' dir='ltr'><strong>sponsam</strong></span> 
     </span>
    </p>
   </div>
   <div class='ocr_carea' id='block_1_20' title="bbox 2051 966 3625 1029">
    <p class='ocr_par' dir='ltr' id='par_1_20' title="bbox 2051 966 3625 1029">
     <span class='ocr_line' id='line_1_20' title="bbox 2051 966 3625 1029; baseline -0.006 0"><span class='ocrx_word' id='word_1_135' title='bbox 2051 973 2341 1029; x_wconf 77' lang='lat' dir='ltr'><strong>exornavit</strong></span> <span class='ocrx_word' id='word_1_136' title='bbox 2393 989 2480 1029; x_wconf 91' lang='lat' dir='ltr'><strong>me</strong></span> <span class='ocrx_word' id='word_1_137' title='bbox 2507 974 2553 1004; x_wconf 79' lang='grc'><strong>⁷⁸</strong></span> <span class='ocrx_word' id='word_1_138' title='bbox 2602 991 2620 1024; x_wconf 76' lang='grc' dir='ltr'><strong>ι</strong></span> <span class='ocrx_word' id='word_1_139' title='bbox 2682 969 3040 1027; x_wconf 76' lang='lat' dir='ltr'><strong>Ptdchritudo</strong></span> <span class='ocrx_word' id='word_1_140' title='bbox 3087 968 3235 1024; x_wconf 88' lang='lat' dir='ltr'><strong>enim</strong></span> <span class='ocrx_word' id='word_1_141' title='bbox 3275 968 3389 1023; x_wconf 68' lang='lat' dir='ltr'><strong>hare</strong></span> <span class='ocrx_word' id='word_1_142' title='bbox 3424 966 3625 1022; x_wconf 73' lang='lat' dir='ltr'><strong>eximia</strong></span> 
     </span>
    </p>
   </div>
   <div class='ocr_carea' id='block_1_21' title="bbox 2047 1060 3624 1136">
    <p class='ocr_par' dir='ltr' id='par_1_21' title="bbox 2047 1060 3624 1136">
     <span class='ocr_line' id='line_1_21' title="bbox 2047 1060 3624 1136; baseline -0.005 -17"><span class='ocrx_word' id='word_1_143' title='bbox 2047 1075 2211 1135; x_wconf 86' lang='lat' dir='ltr'><strong>atque</strong></span> <span class='ocrx_word' id='word_1_144' title='bbox 2235 1064 2579 1136; x_wconf 74' lang='lat' dir='ltr'><strong>insignisest,</strong></span> <span class='ocrx_word' id='word_1_145' title='bbox 2605 1062 2965 1134; x_wconf 77' lang='lat' dir='ltr'><strong>intelligibilis</strong></span> <span class='ocrx_word' id='word_1_146' title='bbox 2980 1060 3243 1116; x_wconf 91' lang='lat' dir='ltr'><strong>nimirum</strong></span> <span class='ocrx_word' id='word_1_147' title='bbox 3266 1060 3378 1124; x_wconf 87' lang='lat' dir='ltr'><strong>illa,</strong></span> <span class='ocrx_word' id='word_1_148' title='bbox 3396 1074 3517 1130; x_wconf 78' lang='lat' dir='ltr'><strong>qua:</strong></span> <span class='ocrx_word' id='word_1_149' title='bbox 3540 1067 3624 1112; x_wconf 83' lang='lat' dir='ltr'><strong>est</strong></span> 
     </span>
    </p>
   </div>
   <div class='ocr_carea' id='block_1_22' title="bbox 2047 1150 3625 1226">
    <p class='ocr_par' dir='ltr' id='par_1_22' title="bbox 2047 1150 3625 1226">
     <span class='ocr_line' id='line_1_22' title="bbox 2047 1150 3625 1226; baseline -0.006 -14"><span class='ocrx_word' id='word_1_150' title='bbox 2047 1158 2102 1215; x_wconf 90' lang='lat' dir='ltr'><strong>in</strong></span> <span class='ocrx_word' id='word_1_151' title='bbox 2125 1157 2366 1220; x_wconf 81' lang='lat' dir='ltr'><strong>Christo,</strong></span> <span class='ocrx_word' id='word_1_152' title='bbox 2392 1172 2491 1226; x_wconf 91' lang='lat' dir='ltr'><strong>per</strong></span> <span class='ocrx_word' id='word_1_153' title='bbox 2512 1170 2675 1226; x_wconf 89' lang='lat' dir='ltr'><strong>quem</strong></span> <span class='ocrx_word' id='word_1_154' title='bbox 2715 1162 2772 1209; x_wconf 91' lang='lat' dir='ltr'><strong>et</strong></span> <span class='ocrx_word' id='word_1_155' title='bbox 2798 1169 2921 1208; x_wconf 92' lang='lat' dir='ltr'><strong>cum</strong></span> <span class='ocrx_word' id='word_1_156' title='bbox 2952 1168 3063 1224; x_wconf 92' lang='lat' dir='ltr'><strong>quo</strong></span> <span class='ocrx_word' id='word_1_157' title='bbox 3095 1161 3180 1208; x_wconf 90' lang='lat' dir='ltr'><strong>est</strong></span> <span class='ocrx_word' id='word_1_158' title='bbox 3215 1150 3385 1223; x_wconf 81' lang='lat' dir='ltr'><strong>gloria</strong></span> <span class='ocrx_word' id='word_1_159' title='bbox 3414 1151 3526 1206; x_wconf 82' lang='lat' dir='ltr'><strong>Deo</strong></span> <span class='ocrx_word' id='word_1_160' title='bbox 3567 1160 3625 1204; x_wconf 86' lang='lat' dir='ltr'><strong>et</strong></span> 
     </span>
    </p>
   </div>
   <div class='ocr_carea' id='block_1_23' title="bbox 2045 1244 3623 1319">
    <p class='ocr_par' dir='ltr' id='par_1_23' title="bbox 2045 1244 3623 1319">
     <span class='ocr_line' id='line_1_23' title="bbox 2045 1244 3623 1319; baseline -0.006 -13"><span class='ocrx_word' id='word_1_161' title='bbox 2045 1250 2192 1306; x_wconf 83' lang='lat' dir='ltr'><strong>Patri</strong></span> <span class='ocrx_word' id='word_1_162' title='bbox 2215 1265 2338 1305; x_wconf 89' lang='lat' dir='ltr'><strong>cum</strong></span> <span class='ocrx_word' id='word_1_163' title='bbox 2358 1248 2564 1319; x_wconf 86' lang='lat' dir='ltr'><strong>Spiritu</strong></span> <span class='ocrx_word' id='word_1_164' title='bbox 2581 1248 2834 1304; x_wconf 92' lang='lat' dir='ltr'><strong>sanctoin</strong></span> <span class='ocrx_word' id='word_1_165' title='bbox 2853 1247 3048 1303; x_wconf 74' lang='lat' dir='ltr'><strong>smcula</strong></span> <span class='ocrx_word' id='word_1_166' title='bbox 3063 1247 3407 1302; x_wconf 72' lang='lat' dir='ltr'><strong>szeculorum.</strong></span> <span class='ocrx_word' id='word_1_167' title='bbox 3429 1244 3623 1303; x_wconf 82' lang='lat' dir='ltr'><strong>Amen.</strong></span> 
     </span>
    </p>
   </div>
   <div class='ocr_carea' id='block_1_24' title="bbox 371 1336 3629 1412">
    <p class='ocr_par' dir='ltr' id='par_1_24' title="bbox 371 1336 3629 1412">
     <span class='ocr_line' id='line_1_24' title="bbox 371 1336 3629 1412; baseline 0.001 -24"><span class='ocrx_word' id='word_1_168' title='bbox 371 1336 454 1400; x_wconf 76' lang='grc' dir='ltr'>ὡς</span> <span class='ocrx_word' id='word_1_169' title='bbox 471 1336 688 1407; x_wconf 76' lang='grc' dir='ltr'>νύμφην</span> <span class='ocrx_word' id='word_1_170' title='bbox 720 1338 1097 1409; x_wconf 77' lang='grc' dir='ltr'>κατεκόσμησέ</span> <span class='ocrx_word' id='word_1_171' title='bbox 1138 1356 1205 1410; x_wconf 85' lang='grc' dir='ltr'><strong>με</strong></span> <span class='ocrx_word' id='word_1_172' title='bbox 1243 1339 1454 1410; x_wconf 79' lang='grc' dir='ltr'>κόσμῳ.</span> <span class='ocrx_word' id='word_1_173' title='bbox 1488 1358 1507 1391; x_wconf 74' lang='grc' dir='ltr'><strong>ι</strong></span> <span class='ocrx_word' id='word_1_174' title='bbox 1550 1340 1857 1412; x_wconf 78' lang='grc' dir='ltr'>Ἐκπρεπὲς</span> <span class='ocrx_word' id='word_1_175' title='bbox 1910 1341 2021 1412; x_wconf 84' lang='grc' dir='ltr'><strong>γὰρ</strong></span> <span class='ocrx_word' id='word_1_176' title='bbox 2055 1341 2120 1412; x_wconf 82' lang='grc' dir='ltr'><strong>δὴ</strong></span> <span class='ocrx_word' id='word_1_177' title='bbox 2147 1341 2267 1395; x_wconf 85' lang='grc' dir='ltr'>λίαν</span> <span class='ocrx_word' id='word_1_178' title='bbox 2297 1343 2358 1394; x_wconf 83' lang='grc' dir='ltr'>τὸ</span> <span class='ocrx_word' id='word_1_179' title='bbox 2384 1340 2601 1405; x_wconf 82' lang='grc' dir='ltr'>κάλλος,</span> <span class='ocrx_word' id='word_1_180' title='bbox 2628 1340 2785 1412; x_wconf 78' lang='grc' dir='ltr'>δῆλον</span> <span class='ocrx_word' id='word_1_181' title='bbox 2818 1339 2876 1393; x_wconf 81' lang='grc' dir='ltr'>δὲ</span> <span class='ocrx_word' id='word_1_182' title='bbox 2898 1340 2979 1393; x_wconf 83' lang='grc' dir='ltr'>ὅτι</span> <span class='ocrx_word' id='word_1_183' title='bbox 3006 1338 3065 1392; x_wconf 81' lang='grc' dir='ltr'>τὸ</span> <span class='ocrx_word' id='word_1_184' title='bbox 3093 1339 3151 1391; x_wconf 84' lang='grc' dir='ltr'>ὲν</span> <span class='ocrx_word' id='word_1_185' title='bbox 3185 1338 3409 1411; x_wconf 81' lang='grc' dir='ltr'>Χριστῷ</span> <span class='ocrx_word' id='word_1_186' title='bbox 3425 1338 3487 1393; x_wconf 86' lang='grc' dir='ltr'><strong>τδ</strong></span> <span class='ocrx_word' id='word_1_187' title='bbox 3507 1353 3629 1408; x_wconf 77' lang='grc' dir='ltr'>νοη-</span> 
     </span>
    </p>
   </div>
   <div class='ocr_carea' id='block_1_25' title="bbox 354 1421 3628 1502">
    <p class='ocr_par' dir='ltr' id='par_1_25' title="bbox 354 1421 3628 1502">
     <span class='ocr_line' id='line_1_25' title="bbox 354 1421 3628 1502; baseline 0.001 -24"><span class='ocrx_word' id='word_1_188' title='bbox 354 1428 469 1487; x_wconf 75' lang='grc' dir='ltr'>τόν</span> <span class='ocrx_word' id='word_1_189' title='bbox 488 1444 502 1457; x_wconf 90' lang='grc'><strong>·</strong></span> <span class='ocrx_word' id='word_1_190' title='bbox 533 1426 597 1480; x_wconf 79' lang='grc' dir='ltr'>δι’</span> <span class='ocrx_word' id='word_1_191' title='bbox 631 1421 693 1482; x_wconf 76' lang='grc' dir='ltr'><strong>οὗ</strong></span> <span class='ocrx_word' id='word_1_192' title='bbox 721 1428 814 1480; x_wconf 72' lang='grc' dir='ltr'>καὶ</span> <span class='ocrx_word' id='word_1_193' title='bbox 840 1428 956 1497; x_wconf 84' lang='grc' dir='ltr'>μεθ’</span> <span class='ocrx_word' id='word_1_194' title='bbox 982 1423 1043 1482; x_wconf 80' lang='grc' dir='ltr'><strong>οῦ</strong></span> <span class='ocrx_word' id='word_1_195' title='bbox 1070 1428 1147 1498; x_wconf 77' lang='grc' dir='ltr'><strong>τῷ</strong></span> <span class='ocrx_word' id='word_1_196' title='bbox 1171 1427 1290 1499; x_wconf 80' lang='grc' dir='ltr'><strong>Θεῷ</strong></span> <span class='ocrx_word' id='word_1_197' title='bbox 1308 1430 1400 1482; x_wconf 78' lang='grc' dir='ltr'><strong>καὶ</strong></span> <span class='ocrx_word' id='word_1_198' title='bbox 1431 1429 1603 1500; x_wconf 72' lang='grc' dir='ltr'>Πατρὶ</span> <span class='ocrx_word' id='word_1_199' title='bbox 1636 1431 1669 1500; x_wconf 83' lang='grc' dir='ltr'><strong>ή</strong></span> <span class='ocrx_word' id='word_1_200' title='bbox 1702 1430 1826 1497; x_wconf 70' lang='grc' dir='ltr'>δόξα</span> <span class='ocrx_word' id='word_1_201' title='bbox 1848 1431 1942 1484; x_wconf 73' lang='grc' dir='ltr'>σὺν</span> <span class='ocrx_word' id='word_1_202' title='bbox 1981 1432 2121 1502; x_wconf 76' lang='grc' dir='ltr'>ἁγίῳ</span> <span class='ocrx_word' id='word_1_203' title='bbox 2154 1430 2432 1502; x_wconf 75' lang='grc' dir='ltr'>Πνεύματι</span> <span class='ocrx_word' id='word_1_204' title='bbox 2457 1429 2551 1484; x_wconf 86' lang='grc' dir='ltr'><strong>νῦν</strong></span> <span class='ocrx_word' id='word_1_205' title='bbox 2584 1430 2677 1485; x_wconf 76' lang='grc' dir='ltr'>καὶ</span> <span class='ocrx_word' id='word_1_206' title='bbox 2737 1432 2842 1491; x_wconf 72' lang='grc' dir='ltr'>ἀεὶ,</span> <span class='ocrx_word' id='word_1_207' title='bbox 2869 1430 2960 1484; x_wconf 71' lang='grc' dir='ltr'>καὶ</span> <span class='ocrx_word' id='word_1_208' title='bbox 3001 1431 3079 1493; x_wconf 85' lang='grc' dir='ltr'><strong>είς</strong></span> <span class='ocrx_word' id='word_1_209' title='bbox 3104 1426 3233 1492; x_wconf 75' lang='grc' dir='ltr'>τοὺς</span> <span class='ocrx_word' id='word_1_210' title='bbox 3261 1427 3460 1491; x_wconf 83' lang='grc' dir='ltr'>αἰῶνας</span> <span class='ocrx_word' id='word_1_211' title='bbox 3519 1428 3628 1482; x_wconf 87' lang='grc' dir='ltr'><strong>τῶν</strong></span> 
     </span>
    </p>
   </div>
   <div class='ocr_carea' id='block_1_26' title="bbox 371 1517 843 1589">
    <p class='ocr_par' dir='ltr' id='par_1_26' title="bbox 371 1517 843 1589">
     <span class='ocr_line' id='line_1_26' title="bbox 371 1517 843 1589; baseline 0.004 -18"><span class='ocrx_word' id='word_1_212' title='bbox 371 1517 609 1573; x_wconf 81' lang='grc' dir='ltr'>αἰώνων.</span> <span class='ocrx_word' id='word_1_213' title='bbox 652 1518 843 1589; x_wconf 71' lang='grc' dir='ltr'>Ἀμήν.</span> 
     </span>
    </p>
   </div>
   <div class='ocr_carea' id='block_1_27' title="bbox 375 1628 2023 1711">
    <p class='ocr_par' dir='ltr' id='par_1_27' title="bbox 375 1628 2023 1711">
     <span class='ocr_line' id='line_1_27' title="bbox 375 1628 2023 1711; baseline 0.005 -25"><span class='ocrx_word' id='word_1_214' title='bbox 375 1631 518 1699; x_wconf 70' lang='grc' dir='ltr'>Περὶ</span> <span class='ocrx_word' id='word_1_215' title='bbox 550 1629 657 1685; x_wconf 81' lang='grc' dir='ltr'><strong>τοῦ</strong></span> <span class='ocrx_word' id='word_1_216' title='bbox 699 1631 1089 1701; x_wconf 73' lang='grc' dir='ltr'>καλύμματος</span> <span class='ocrx_word' id='word_1_217' title='bbox 1127 1634 1234 1711; x_wconf 68' lang='grc' dir='ltr'><strong>τοῦ</strong></span> <span class='ocrx_word' id='word_1_218' title='bbox 1264 1635 1334 1689; x_wconf 75' lang='grc' dir='ltr'><strong>ἐν</strong></span> <span class='ocrx_word' id='word_1_219' title='bbox 1376 1636 1454 1703; x_wconf 81' lang='grc' dir='ltr'>τῷ</span> <span class='ocrx_word' id='word_1_220' title='bbox 1492 1638 1789 1711; x_wconf 72' lang='grc' dir='ltr'>προσώπῳ</span> <span class='ocrx_word' id='word_1_221' title='bbox 1818 1643 1949 1695; x_wconf 81' lang='grc' dir='ltr'><strong>Μω-</strong></span> <span class='ocrx_word' id='word_1_222' title='bbox 1981 1628 2023 1683; x_wconf 76' lang='grc' dir='ltr'><strong>Β</strong></span> 
     </span>
    </p>
   </div>
   <div class='ocr_carea' id='block_1_28' title="bbox 1074 1702 1250 1770">
    <p class='ocr_par' dir='ltr' id='par_1_28' title="bbox 1074 1702 1250 1770">
     <span class='ocr_line' id='line_1_28' title="bbox 1074 1702 1250 1770; baseline 0.023 -14"><span class='ocrx_word' id='word_1_223' title='bbox 1074 1702 1250 1770; x_wconf 83' lang='grc' dir='ltr'>σέως.</span> 
     </span>
    </p>
   </div>
   <div class='ocr_carea' id='block_1_29' title="bbox 454 1805 1951 1892">
    <p class='ocr_par' dir='ltr' id='par_1_29' title="bbox 454 1805 1951 1892">
     <span class='ocr_line' id='line_1_29' title="bbox 454 1805 1951 1892; baseline 0.01 -30"><span class='ocrx_word' id='word_1_224' title='bbox 454 1831 473 1863; x_wconf 78' lang='grc' dir='ltr'><strong>ι</strong></span> <span class='ocrx_word' id='word_1_225' title='bbox 516 1805 663 1880; x_wconf 71' lang='grc' dir='ltr'><strong>*Αρά</strong></span> <span class='ocrx_word' id='word_1_226' title='bbox 688 1827 752 1879; x_wconf 76' lang='grc' dir='ltr'><strong>γε</strong></span> <span class='ocrx_word' id='word_1_227' title='bbox 781 1810 1068 1880; x_wconf 77' lang='grc' dir='ltr'><strong>γινώσκεις</strong></span> <span class='ocrx_word' id='word_1_228' title='bbox 1095 1812 1133 1868; x_wconf 78' lang='grc' dir='ltr'><strong>ἀ</strong></span> <span class='ocrx_word' id='word_1_229' title='bbox 1153 1814 1577 1885; x_wconf 74' lang='grc' dir='ltr'>ἀναγινώσκειςς</span> <span class='ocrx_word' id='word_1_230' title='bbox 1600 1838 1618 1870; x_wconf 77' lang='grc' dir='ltr'><strong>ι</strong></span> <span class='ocrx_word' id='word_1_231' title='bbox 1649 1820 1855 1892; x_wconf 78' lang='grc' dir='ltr'>Πρέποι</span> <span class='ocrx_word' id='word_1_232' title='bbox 1884 1823 1951 1878; x_wconf 80' lang='grc' dir='ltr'>ἂν</span> 
     </span>
    </p>
   </div>
   <div class='ocr_carea' id='block_1_30' title="bbox 374 1900 1952 1982">
    <p class='ocr_par' dir='ltr' id='par_1_30' title="bbox 374 1900 1952 1982">
     <span class='ocr_line' id='line_1_30' title="bbox 374 1900 1952 1982; baseline 0.006 -28"><span class='ocrx_word' id='word_1_233' title='bbox 374 1900 603 1960; x_wconf 71' lang='grc' dir='ltr'>εἰκότως</span> <span class='ocrx_word' id='word_1_234' title='bbox 622 1902 737 1964; x_wconf 87' lang='grc' dir='ltr'>τοῖς</span> <span class='ocrx_word' id='word_1_235' title='bbox 768 1900 1036 1956; x_wconf 78' lang='grc' dir='ltr'>Ἰουδαίων</span> <span class='ocrx_word' id='word_1_236' title='bbox 1055 1903 1479 1975; x_wconf 73' lang='grc' dir='ltr'>ἐπιφθέγγεσθαι</span> <span class='ocrx_word' id='word_1_237' title='bbox 1511 1907 1722 1979; x_wconf 83' lang='grc' dir='ltr'>δήμοις.</span> <span class='ocrx_word' id='word_1_238' title='bbox 1745 1910 1794 1963; x_wconf 84' lang='grc' dir='ltr'>οἳ</span> <span class='ocrx_word' id='word_1_239' title='bbox 1815 1910 1952 1982; x_wconf 85' lang='grc' dir='ltr'>πρὸς</span> 
     </span>
    </p>
   </div>
   <div class='ocr_carea' id='block_1_31' title="bbox 375 1991 1953 2073">
    <p class='ocr_par' dir='ltr' id='par_1_31' title="bbox 375 1991 1953 2073">
     <span class='ocr_line' id='line_1_31' title="bbox 375 1991 1953 2073; baseline 0.008 -29"><span class='ocrx_word' id='word_1_240' title='bbox 375 1991 537 2046; x_wconf 86' lang='grc' dir='ltr'>τοῦτο</span> <span class='ocrx_word' id='word_1_241' title='bbox 566 1992 724 2062; x_wconf 79' lang='grc' dir='ltr'>ήκειν</span> <span class='ocrx_word' id='word_1_242' title='bbox 773 1992 1114 2067; x_wconf 72' lang='grc' dir='ltr'>ἀποπληξίας</span> <span class='ocrx_word' id='word_1_243' title='bbox 1146 1996 1386 2066; x_wconf 81' lang='grc' dir='ltr'>νοηθεῖεν</span> <span class='ocrx_word' id='word_1_244' title='bbox 1428 1998 1516 2061; x_wconf 84' lang='grc' dir='ltr'>ἂν,</span> <span class='ocrx_word' id='word_1_245' title='bbox 1556 1999 1633 2065; x_wconf 85' lang='grc' dir='ltr'>ὡς</span> <span class='ocrx_word' id='word_1_246' title='bbox 1665 2002 1953 2073; x_wconf 86' lang='grc' dir='ltr'>ἀκαρδίους</span> 
     </span>
    </p>
   </div>
   <div class='ocr_carea' id='block_1_32' title="bbox 371 2082 1948 2163">
    <p class='ocr_par' dir='ltr' id='par_1_32' title="bbox 371 2082 1948 2163">
     <span class='ocr_line' id='line_1_32' title="bbox 371 2082 1948 2163; baseline 0.009 -28"><span class='ocrx_word' id='word_1_247' title='bbox 371 2082 565 2137; x_wconf 78' lang='grc' dir='ltr'>λοιπὸν</span> <span class='ocrx_word' id='word_1_248' title='bbox 613 2082 767 2153; x_wconf 86' lang='grc' dir='ltr'><strong>παρά</strong></span> <span class='ocrx_word' id='word_1_249' title='bbox 824 2099 887 2151; x_wconf 83' lang='grc' dir='ltr'><strong>γε</strong></span> <span class='ocrx_word' id='word_1_250' title='bbox 938 2086 1051 2149; x_wconf 80' lang='grc' dir='ltr'>τοῖς</span> <span class='ocrx_word' id='word_1_251' title='bbox 1117 2085 1282 2157; x_wconf 83' lang='grc' dir='ltr'>ίεροῖς</span> <span class='ocrx_word' id='word_1_252' title='bbox 1335 2088 1697 2160; x_wconf 79' lang='grc' dir='ltr'>ὀνομάζεσθαι</span> <span class='ocrx_word' id='word_1_253' title='bbox 1747 2092 1948 2163; x_wconf 84' lang='grc' dir='ltr'>λόγοις.</span> 
     </span>
    </p>
   </div>
   <div class='ocr_carea' id='block_1_33' title="bbox 382 2173 1952 2253">
    <p class='ocr_par' dir='ltr' id='par_1_33' title="bbox 382 2173 1952 2253">
     <span class='ocr_line' id='line_1_33' title="bbox 382 2173 1952 2253; baseline 0.01 -29"><span class='ocrx_word' id='word_1_254' title='bbox 382 2195 401 2224; x_wconf 76' lang='grc' dir='ltr'><strong>ι</strong></span> <span class='ocrx_word' id='word_1_255' title='bbox 428 2174 560 2228; x_wconf 72' lang='grc' dir='ltr'>’ἰδοὺ</span> <span class='ocrx_word' id='word_1_256' title='bbox 587 2173 719 2245; x_wconf 79' lang='grc' dir='ltr'>γὰρ,</span> <span class='ocrx_word' id='word_1_257' title='bbox 744 2174 897 2245; x_wconf 74' lang='grc' dir='ltr'>φησὶ,</span> <span class='ocrx_word' id='word_1_258' title='bbox 928 2174 1056 2239; x_wconf 81' lang='grc' dir='ltr'>λαὸς</span> <span class='ocrx_word' id='word_1_259' title='bbox 1086 2177 1267 2247; x_wconf 60' lang='lat' dir='ltr'><strong>purgo;</strong></span> <span class='ocrx_word' id='word_1_260' title='bbox 1291 2178 1386 2233; x_wconf 74' lang='grc' dir='ltr'><strong>καὶ</strong></span> <span class='ocrx_word' id='word_1_261' title='bbox 1415 2181 1693 2253; x_wconf 84' lang='grc' dir='ltr'>ἀκάρδιος.</span> <span class='ocrx_word' id='word_1_262' title='bbox 1720 2184 1952 2252; x_wconf 82' lang='grc' dir='ltr'>Ὀφθαλ-</span> 
     </span>
    </p>
   </div>
   <div class='ocr_carea' id='block_1_34' title="bbox 380 2265 1952 2339">
    <p class='ocr_par' dir='ltr' id='par_1_34' title="bbox 380 2265 1952 2339">
     <span class='ocr_line' id='line_1_34' title="bbox 380 2265 1952 2339; baseline 0.008 -21"><span class='ocrx_word' id='word_1_263' title='bbox 380 2266 483 2335; x_wconf 79' lang='grc' dir='ltr'><strong>μδς</strong></span> <span class='ocrx_word' id='word_1_264' title='bbox 512 2266 716 2329; x_wconf 52' lang='grc' dir='ltr'>αὑτοῇ,</span> <span class='ocrx_word' id='word_1_265' title='bbox 749 2268 843 2321; x_wconf 74' lang='grc' dir='ltr'>καὶ</span> <span class='ocrx_word' id='word_1_266' title='bbox 873 2269 932 2322; x_wconf 79' lang='grc' dir='ltr'>οὐ</span> <span class='ocrx_word' id='word_1_267' title='bbox 962 2267 1250 2337; x_wconf 76' lang='grc' dir='ltr'>βλέπουσιν</span> <span class='ocrx_word' id='word_1_268' title='bbox 1275 2286 1288 2301; x_wconf 91' lang='grc'><strong>·</strong></span> <span class='ocrx_word' id='word_1_269' title='bbox 1322 2265 1436 2326; x_wconf 80' lang='grc' dir='ltr'>ὦτα</span> <span class='ocrx_word' id='word_1_270' title='bbox 1477 2274 1680 2339; x_wconf 78' lang='grc' dir='ltr'>αὐτοῖς,</span> <span class='ocrx_word' id='word_1_271' title='bbox 1714 2276 1809 2330; x_wconf 77' lang='grc' dir='ltr'>καὶ</span> <span class='ocrx_word' id='word_1_272' title='bbox 1850 2276 1952 2331; x_wconf 77' lang='grc' dir='ltr'>οὐκ</span> 
     </span>
    </p>
   </div>
   <div class='ocr_carea' id='block_1_35' title="bbox 377 2353 1952 2438">
    <p class='ocr_par' dir='ltr' id='par_1_35' title="bbox 377 2353 1952 2438">
     <span class='ocr_line' id='line_1_35' title="bbox 377 2353 1952 2438; baseline 0.011 -31"><span class='ocrx_word' id='word_1_273' title='bbox 377 2353 691 2410; x_wconf 81' lang='grc' dir='ltr'>ἀκούονται.</span> <span class='ocrx_word' id='word_1_274' title='bbox 736 2375 755 2408; x_wconf 80' lang='grc' dir='ltr'><strong>ι</strong></span> <span class='ocrx_word' id='word_1_275' title='bbox 785 2356 909 2410; x_wconf 82' lang='grc' dir='ltr'>Ὅτι</span> <span class='ocrx_word' id='word_1_276' title='bbox 931 2357 988 2411; x_wconf 84' lang='grc' dir='ltr'>δὲ</span> <span class='ocrx_word' id='word_1_277' title='bbox 1013 2359 1270 2428; x_wconf 83' lang='grc' dir='ltr'>ἀνόνητος</span> <span class='ocrx_word' id='word_1_278' title='bbox 1297 2362 1576 2427; x_wconf 79' lang='grc' dir='ltr'>παντελῶς</span> <span class='ocrx_word' id='word_1_279' title='bbox 1603 2365 1697 2419; x_wconf 76' lang='grc' dir='ltr'>καὶ</span> <span class='ocrx_word' id='word_1_280' title='bbox 1724 2368 1753 2420; x_wconf 85' lang='grc' dir='ltr'>ὁ</span> <span class='ocrx_word' id='word_1_281' title='bbox 1789 2367 1952 2438; x_wconf 80' lang='grc' dir='ltr'>νόμος</span> 
     </span>
    </p>
   </div>
   <div class='ocr_carea' id='block_1_36' title="bbox 376 2445 1951 2529">
    <p class='ocr_par' dir='ltr' id='par_1_36' title="bbox 376 2445 1951 2529">
     <span class='ocr_line' id='line_1_36' title="bbox 376 2445 1951 2529; baseline 0.01 -32"><span class='ocrx_word' id='word_1_282' title='bbox 376 2445 563 2508; x_wconf 66' lang='grc' dir='ltr'>αὐτοῖς</span> <span class='ocrx_word' id='word_1_283' title='bbox 598 2446 824 2514; x_wconf 80' lang='grc' dir='ltr'>γέγονεν</span> <span class='ocrx_word' id='word_1_284' title='bbox 854 2449 883 2502; x_wconf 82' lang='grc' dir='ltr'>ὁ</span> <span class='ocrx_word' id='word_1_285' title='bbox 920 2448 1008 2502; x_wconf 80' lang='grc' dir='ltr'><strong>διὰ</strong></span> <span class='ocrx_word' id='word_1_286' title='bbox 1055 2451 1320 2516; x_wconf 79' lang='grc' dir='ltr'>Μωσέως,</span> <span class='ocrx_word' id='word_1_287' title='bbox 1367 2454 1457 2508; x_wconf 84' lang='grc' dir='ltr'><strong>διά</strong></span> <span class='ocrx_word' id='word_1_288' title='bbox 1487 2455 1550 2509; x_wconf 85' lang='grc' dir='ltr'><strong>τδ</strong></span> <span class='ocrx_word' id='word_1_289' title='bbox 1585 2457 1683 2527; x_wconf 82' lang='grc' dir='ltr'>τῆς</span> <span class='ocrx_word' id='word_1_290' title='bbox 1723 2458 1951 2529; x_wconf 75' lang='grc' dir='ltr'>ἐνούσης</span> 
     </span>
    </p>
   </div>
   <div class='ocr_carea' id='block_1_37' title="bbox 379 2536 1951 2620">
    <p class='ocr_par' dir='ltr' id='par_1_37' title="bbox 379 2536 1951 2620">
     <span class='ocr_line' id='line_1_37' title="bbox 379 2536 1951 2620; baseline 0.008 -30"><span class='ocrx_word' id='word_1_291' title='bbox 379 2536 569 2599; x_wconf 79' lang='grc' dir='ltr'>αὐτοῖς</span> <span class='ocrx_word' id='word_1_292' title='bbox 597 2537 889 2602; x_wconf 80' lang='grc' dir='ltr'>ἀσυνεσίας</span> <span class='ocrx_word' id='word_1_293' title='bbox 916 2539 1144 2610; x_wconf 79' lang='grc' dir='ltr'>μέγεθος</span> <span class='ocrx_word' id='word_1_294' title='bbox 1195 2543 1291 2596; x_wconf 74' lang='grc' dir='ltr'>καὶ</span> <span class='ocrx_word' id='word_1_295' title='bbox 1315 2543 1477 2609; x_wconf 77' lang='grc' dir='ltr'>αὐτὸς</span> <span class='ocrx_word' id='word_1_296' title='bbox 1504 2547 1634 2616; x_wconf 67' lang='grc' dir='ltr'><strong>⁴ημῖν</strong></span> <span class='ocrx_word' id='word_1_297' title='bbox 1661 2548 1690 2600; x_wconf 83' lang='grc' dir='ltr'>ὁ</span> <span class='ocrx_word' id='word_1_298' title='bbox 1717 2547 1951 2620; x_wconf 84' lang='grc' dir='ltr'>Χριστὸς</span> 
     </span>
    </p>
   </div>
   <div class='ocr_carea' id='block_1_38' title="bbox 381 2625 1951 2710">
    <p class='ocr_par' dir='ltr' id='par_1_38' title="bbox 381 2625 1951 2710">
     <span class='ocr_line' id='line_1_38' title="bbox 381 2625 1951 2710; baseline 0.01 -33"><span class='ocrx_word' id='word_1_299' title='bbox 381 2625 668 2696; x_wconf 75' lang='grc' dir='ltr'>παρέδειξε</span> <span class='ocrx_word' id='word_1_300' title='bbox 699 2625 873 2695; x_wconf 79' lang='grc' dir='ltr'>λέγων</span> <span class='ocrx_word' id='word_1_301' title='bbox 893 2645 907 2659; x_wconf 89' lang='grc'><strong>·</strong></span> <span class='ocrx_word' id='word_1_302' title='bbox 936 2648 955 2680; x_wconf 78' lang='grc' dir='ltr'><strong>ι</strong></span> <span class='ocrx_word' id='word_1_303' title='bbox 979 2632 1265 2700; x_wconf 80' lang='grc' dir='ltr'>Ἐρευνᾶτε</span> <span class='ocrx_word' id='word_1_304' title='bbox 1290 2633 1388 2697; x_wconf 72' lang='grc' dir='ltr'><strong>τὰς</strong></span> <span class='ocrx_word' id='word_1_305' title='bbox 1411 2635 1656 2705; x_wconf 81' lang='grc' dir='ltr'>Γραφάς,</span> <span class='ocrx_word' id='word_1_306' title='bbox 1690 2634 1833 2710; x_wconf 75' lang='grc' dir='ltr'>[καὶ]</span> <span class='ocrx_word' id='word_1_307' title='bbox 1868 2639 1951 2693; x_wconf 84' lang='grc' dir='ltr'>ὅτι</span> 
     </span>
    </p>
   </div>
   <div class='ocr_carea' id='block_1_39' title="bbox 380 2715 1953 2798">
    <p class='ocr_par' dir='ltr' id='par_1_39' title="bbox 380 2715 1953 2798">
     <span class='ocr_line' id='line_1_39' title="bbox 380 2715 1953 2798; baseline 0.008 -28"><span class='ocrx_word' id='word_1_308' title='bbox 380 2718 543 2786; x_wconf 76' lang='grc' dir='ltr'>ὑμεῖς</span> <span class='ocrx_word' id='word_1_309' title='bbox 584 2715 791 2771; x_wconf 82' lang='grc' dir='ltr'>δοκεῖτε</span> <span class='ocrx_word' id='word_1_310' title='bbox 831 2722 899 2774; x_wconf 76' lang='grc' dir='ltr'>ἐν</span> <span class='ocrx_word' id='word_1_311' title='bbox 933 2721 1127 2787; x_wconf 78' lang='grc' dir='ltr'>αὐταῖς</span> <span class='ocrx_word' id='word_1_312' title='bbox 1166 2722 1311 2796; x_wconf 77' lang='grc' dir='ltr'>ζωὴν</span> <span class='ocrx_word' id='word_1_313' title='bbox 1361 2724 1578 2781; x_wconf 85' lang='grc' dir='ltr'>αίώνιον</span> <span class='ocrx_word' id='word_1_314' title='bbox 1629 2727 1792 2798; x_wconf 73' lang='grc' dir='ltr'>ἔχειν.</span> <span class='ocrx_word' id='word_1_315' title='bbox 1841 2729 1953 2784; x_wconf 71' lang='grc' dir='ltr'><strong>Καὶ</strong></span> 
     </span>
    </p>
   </div>
   <div class='ocr_carea' id='block_1_40' title="bbox 379 2808 1952 2887">
    <p class='ocr_par' dir='ltr' id='par_1_40' title="bbox 379 2808 1952 2887">
     <span class='ocr_line' id='line_1_40' title="bbox 379 2808 1952 2887; baseline 0.008 -27"><span class='ocrx_word' id='word_1_316' title='bbox 379 2808 591 2863; x_wconf 72' lang='grc' dir='ltr'>ἐκεῖναί</span> <span class='ocrx_word' id='word_1_317' title='bbox 616 2812 751 2865; x_wconf 81' lang='grc' dir='ltr'>εἰσιν</span> <span class='ocrx_word' id='word_1_318' title='bbox 776 2811 842 2864; x_wconf 52' lang='lat' dir='ltr'><strong>ais</strong></span> <span class='ocrx_word' id='word_1_319' title='bbox 872 2813 1242 2885; x_wconf 73' lang='grc' dir='ltr'>μαρτυροῦσαι</span> <span class='ocrx_word' id='word_1_320' title='bbox 1276 2816 1403 2886; x_wconf 72' lang='grc' dir='ltr'>περὶ</span> <span class='ocrx_word' id='word_1_321' title='bbox 1447 2815 1605 2887; x_wconf 82' lang='grc' dir='ltr'>ἐμοῦ.</span> <span class='ocrx_word' id='word_1_322' title='bbox 1637 2817 1748 2871; x_wconf 76' lang='grc' dir='ltr'><strong>Καὶ</strong></span> <span class='ocrx_word' id='word_1_323' title='bbox 1776 2818 1837 2872; x_wconf 86' lang='grc' dir='ltr'>οὐ</span> <span class='ocrx_word' id='word_1_324' title='bbox 1860 2817 1952 2872; x_wconf 79' lang='grc' dir='ltr'><strong>θέ-</strong></span> 
     </span>
    </p>
   </div>
   <div class='ocr_carea' id='block_1_41' title="bbox 377 2899 1950 2979">
    <p class='ocr_par' dir='ltr' id='par_1_41' title="bbox 377 2899 1950 2979">
     <span class='ocr_line' id='line_1_41' title="bbox 377 2899 1950 2979; baseline 0.007 -27"><span class='ocrx_word' id='word_1_325' title='bbox 377 2899 500 2953; x_wconf 78' lang='grc' dir='ltr'>λετε</span> <span class='ocrx_word' id='word_1_326' title='bbox 523 2900 699 2954; x_wconf 73' lang='grc' dir='ltr'>ἐλθεῖν</span> <span class='ocrx_word' id='word_1_327' title='bbox 724 2902 858 2972; x_wconf 76' lang='grc' dir='ltr'>πρός</span> <span class='ocrx_word' id='word_1_328' title='bbox 893 2919 982 2974; x_wconf 87' lang='grc' dir='ltr'><strong>με,</strong></span> <span class='ocrx_word' id='word_1_329' title='bbox 1015 2903 1102 2957; x_wconf 78' lang='grc' dir='ltr'>ἳνα</span> <span class='ocrx_word' id='word_1_330' title='bbox 1126 2904 1272 2977; x_wconf 77' lang='grc' dir='ltr'>ζωὴν</span> <span class='ocrx_word' id='word_1_331' title='bbox 1301 2907 1483 2977; x_wconf 77' lang='grc' dir='ltr'>ἔχητε.</span> <span class='ocrx_word' id='word_1_332' title='bbox 1512 2926 1530 2959; x_wconf 75' lang='grc' dir='ltr'><strong>ι</strong></span> <span class='ocrx_word' id='word_1_333' title='bbox 1566 2906 1828 2979; x_wconf 81' lang='grc' dir='ltr'>Πώρωσις</span> <span class='ocrx_word' id='word_1_334' title='bbox 1851 2909 1950 2978; x_wconf 75' lang='grc' dir='ltr'>μὲν</span> 
     </span>
    </p>
   </div>
   <div class='ocr_carea' id='block_1_42' title="bbox 377 2992 1955 3068">
    <p class='ocr_par' dir='ltr' id='par_1_42' title="bbox 377 2992 1955 3068">
     <span class='ocr_line' id='line_1_42' title="bbox 377 2992 1955 3068; baseline 0.005 -23"><span class='ocrx_word' id='word_1_335' title='bbox 377 2994 492 3063; x_wconf 71' lang='grc' dir='ltr'>γὰρ</span> <span class='ocrx_word' id='word_1_336' title='bbox 536 2992 647 3046; x_wconf 79' lang='grc' dir='ltr'>ἀπὸ</span> <span class='ocrx_word' id='word_1_337' title='bbox 687 2993 885 3065; x_wconf 81' lang='grc' dir='ltr'>μέρους</span> <span class='ocrx_word' id='word_1_338' title='bbox 930 2994 1147 3062; x_wconf 80' lang='grc' dir='ltr'>ἐγένετο</span> <span class='ocrx_word' id='word_1_339' title='bbox 1188 2995 1267 3067; x_wconf 81' lang='grc' dir='ltr'>τῷ</span> <span class='ocrx_word' id='word_1_340' title='bbox 1312 2997 1547 3068; x_wconf 84' lang='grc' dir='ltr'>Ἰσραὴλ,</span> <span class='ocrx_word' id='word_1_341' title='bbox 1600 3000 1694 3052; x_wconf 77' lang='grc' dir='ltr'>καὶ</span> <span class='ocrx_word' id='word_1_342' title='bbox 1731 2998 1819 3053; x_wconf 83' lang='grc' dir='ltr'>διὰ</span> <span class='ocrx_word' id='word_1_343' title='bbox 1861 2999 1955 3054; x_wconf 86' lang='grc' dir='ltr'><strong>τοῦ</strong></span> 
     </span>
    </p>
   </div>
   <div class='ocr_carea' id='block_1_43' title="bbox 380 3083 1958 3163">
    <p class='ocr_par' dir='ltr' id='par_1_43' title="bbox 380 3083 1958 3163">
     <span class='ocr_line' id='line_1_43' title="bbox 380 3083 1958 3163; baseline 0.006 -26"><span class='ocrx_word' id='word_1_344' title='bbox 380 3083 696 3155; x_wconf 73' lang='grc' dir='ltr'>πνεύματος</span> <span class='ocrx_word' id='word_1_345' title='bbox 728 3085 1007 3156; x_wconf 69' lang='grc' dir='ltr'>φωτισμὸν</span> <span class='ocrx_word' id='word_1_346' title='bbox 1040 3088 1141 3141; x_wconf 83' lang='grc' dir='ltr'>οὐκ</span> <span class='ocrx_word' id='word_1_347' title='bbox 1167 3086 1402 3158; x_wconf 76' lang='grc' dir='ltr'>ἔχοντες,</span> <span class='ocrx_word' id='word_1_348' title='bbox 1432 3088 1655 3161; x_wconf 60' lang='grc' dir='ltr'>ὀκνηροί.</span> <span class='ocrx_word' id='word_1_349' title='bbox 1694 3090 1793 3161; x_wconf 83' lang='grc' dir='ltr'>μὲν</span> <span class='ocrx_word' id='word_1_350' title='bbox 1817 3086 1958 3163; x_wconf 83' lang='grc' dir='ltr'>ἦσαν</span> 
     </span>
    </p>
   </div>
   <div class='ocr_carea' id='block_1_44' title="bbox 381 3175 1959 3252">
    <p class='ocr_par' dir='ltr' id='par_1_44' title="bbox 381 3175 1959 3252">
     <span class='ocr_line' id='line_1_44' title="bbox 381 3175 1959 3252; baseline 0.005 -25"><span class='ocrx_word' id='word_1_351' title='bbox 381 3176 515 3245; x_wconf 73' lang='grc' dir='ltr'>περὶ</span> <span class='ocrx_word' id='word_1_352' title='bbox 546 3175 645 3245; x_wconf 76' lang='grc' dir='ltr'>τὴν</span> <span class='ocrx_word' id='word_1_353' title='bbox 689 3175 899 3243; x_wconf 81' lang='grc' dir='ltr'>πίστιν,</span> <span class='ocrx_word' id='word_1_354' title='bbox 935 3177 1430 3249; x_wconf 81' lang='grc' dir='ltr'>δυσμετακόμιστοι</span> <span class='ocrx_word' id='word_1_355' title='bbox 1485 3179 1541 3233; x_wconf 79' lang='grc' dir='ltr'>δὲ</span> <span class='ocrx_word' id='word_1_356' title='bbox 1579 3181 1772 3252; x_wconf 73' lang='grc' dir='ltr'>κομιδῇ</span> <span class='ocrx_word' id='word_1_357' title='bbox 1820 3181 1959 3251; x_wconf 81' lang='grc' dir='ltr'>πρὸς</span> 
     </span>
    </p>
   </div>
   <div class='ocr_carea' id='block_1_45' title="bbox 382 3263 1959 3343">
    <p class='ocr_par' dir='ltr' id='par_1_45' title="bbox 382 3263 1959 3343">
     <span class='ocr_line' id='line_1_45' title="bbox 382 3263 1959 3343; baseline 0.008 -25"><span class='ocrx_word' id='word_1_358' title='bbox 382 3265 447 3318; x_wconf 73' lang='grc' dir='ltr'>τὸ</span> <span class='ocrx_word' id='word_1_359' title='bbox 468 3265 580 3318; x_wconf 83' lang='grc' dir='ltr'>δεῖν</span> <span class='ocrx_word' id='word_1_360' title='bbox 603 3263 822 3319; x_wconf 80' lang='grc' dir='ltr'>ἑλέσθαι</span> <span class='ocrx_word' id='word_1_361' title='bbox 846 3266 942 3320; x_wconf 70' lang='grc' dir='ltr'>καὶ</span> <span class='ocrx_word' id='word_1_362' title='bbox 964 3269 1182 3339; x_wconf 79' lang='grc' dir='ltr'>φρονεῖν</span> <span class='ocrx_word' id='word_1_363' title='bbox 1209 3267 1278 3322; x_wconf 85' lang='grc' dir='ltr'><strong>τά</strong></span> <span class='ocrx_word' id='word_1_364' title='bbox 1294 3269 1374 3332; x_wconf 87' lang='grc' dir='ltr'><strong>είς</strong></span> <span class='ocrx_word' id='word_1_365' title='bbox 1397 3269 1672 3340; x_wconf 84' lang='grc' dir='ltr'>σωτηρίαν</span> <span class='ocrx_word' id='word_1_366' title='bbox 1692 3271 1959 3343; x_wconf 73' lang='grc' dir='ltr'>χρήσιμα..</span> 
     </span>
    </p>
   </div>
   <div class='ocr_carea' id='block_1_46' title="bbox 397 3355 1963 3431">
    <p class='ocr_par' dir='ltr' id='par_1_46' title="bbox 397 3355 1963 3431">
     <span class='ocr_line' id='line_1_46' title="bbox 397 3355 1963 3431; baseline 0.003 -21"><span class='ocrx_word' id='word_1_367' title='bbox 397 3357 540 3410; x_wconf 79' lang='grc' dir='ltr'>Ἀλλ’</span> <span class='ocrx_word' id='word_1_368' title='bbox 569 3356 672 3409; x_wconf 79' lang='grc' dir='ltr'>οὐκ</span> <span class='ocrx_word' id='word_1_369' title='bbox 703 3356 807 3424; x_wconf 76' lang='grc' dir='ltr'><strong>ἔξω</strong></span> <span class='ocrx_word' id='word_1_370' title='bbox 830 3357 986 3429; x_wconf 84' lang='grc' dir='ltr'>δίκης</span> <span class='ocrx_word' id='word_1_371' title='bbox 1011 3355 1124 3412; x_wconf 78' lang='grc' dir='ltr'>εἷεν</span> <span class='ocrx_word' id='word_1_372' title='bbox 1158 3358 1244 3423; x_wconf 84' lang='grc' dir='ltr'>ἂν,</span> <span class='ocrx_word' id='word_1_373' title='bbox 1278 3360 1378 3418; x_wconf 83' lang='grc' dir='ltr'>ὅτι.</span> <span class='ocrx_word' id='word_1_374' title='bbox 1419 3359 1558 3431; x_wconf 88' lang='grc' dir='ltr'><strong>μετά</strong></span> <span class='ocrx_word' id='word_1_375' title='bbox 1582 3361 1642 3414; x_wconf 88' lang='grc' dir='ltr'>τὸ</span> <span class='ocrx_word' id='word_1_376' title='bbox 1658 3361 1870 3415; x_wconf 76' lang='grc' dir='ltr'>ἑλέσθαι</span> <span class='ocrx_word' id='word_1_377' title='bbox 1899 3361 1963 3416; x_wconf 79' lang='grc' dir='ltr'>τὸ</span> 
     </span>
    </p>
   </div>
   <div class='ocr_carea' id='block_1_47' title="bbox 386 3445 1959 3520">
    <p class='ocr_par' dir='ltr' id='par_1_47' title="bbox 386 3445 1959 3520">
     <span class='ocr_line' id='line_1_47' title="bbox 386 3445 1959 3520; baseline 0.004 -21"><span class='ocrx_word' id='word_1_378' title='bbox 386 3445 652 3516; x_wconf 63' lang='grc' dir='ltr'>ὠφελοῦν,</span> <span class='ocrx_word' id='word_1_379' title='bbox 668 3447 965 3519; x_wconf 76' lang='grc' dir='ltr'>ἐτράποντο</span> <span class='ocrx_word' id='word_1_380' title='bbox 983 3449 1181 3519; x_wconf 78' lang='grc' dir='ltr'>μᾶλλον</span> <span class='ocrx_word' id='word_1_381' title='bbox 1196 3450 1275 3513; x_wconf 83' lang='grc' dir='ltr'><strong>είς</strong></span> <span class='ocrx_word' id='word_1_382' title='bbox 1292 3449 1644 3520; x_wconf 72' lang='grc' dir='ltr'>ἀνουθέτητον</span> <span class='ocrx_word' id='word_1_383' title='bbox 1661 3451 1959 3506; x_wconf 81' lang='grc' dir='ltr'>ἀπείθειαν·</span> 
     </span>
    </p>
   </div>
   <div class='ocr_carea' id='block_1_48' title="bbox 388 3539 1965 3615">
    <p class='ocr_par' dir='ltr' id='par_1_48' title="bbox 388 3539 1965 3615">
     <span class='ocr_line' id='line_1_48' title="bbox 388 3539 1965 3615; baseline 0.002 -22"><span class='ocrx_word' id='word_1_384' title='bbox 388 3540 483 3593; x_wconf 75' lang='grc' dir='ltr'>καὶ</span> <span class='ocrx_word' id='word_1_385' title='bbox 511 3539 571 3592; x_wconf 84' lang='grc' dir='ltr'><strong>τὺ</strong></span> <span class='ocrx_word' id='word_1_386' title='bbox 603 3540 718 3608; x_wconf 71' lang='grc' dir='ltr'><strong>φῶς</strong></span> <span class='ocrx_word' id='word_1_387' title='bbox 741 3539 954 3609; x_wconf 73' lang='grc' dir='ltr'>ἔχοντες</span> <span class='ocrx_word' id='word_1_388' title='bbox 975 3541 1037 3594; x_wconf 81' lang='grc' dir='ltr'>τὸ</span> <span class='ocrx_word' id='word_1_389' title='bbox 1061 3539 1119 3607; x_wconf 77' lang='grc' dir='ltr'>ἐξ</span> <span class='ocrx_word' id='word_1_390' title='bbox 1139 3540 1370 3611; x_wconf 84' lang='grc' dir='ltr'>οὐρανοῦ</span> <span class='ocrx_word' id='word_1_391' title='bbox 1394 3542 1487 3594; x_wconf 73' lang='grc' dir='ltr'><strong>καὶ</strong></span> <span class='ocrx_word' id='word_1_392' title='bbox 1507 3539 1735 3606; x_wconf 83' lang='grc' dir='ltr'>ἄνωθεν,</span> <span class='ocrx_word' id='word_1_393' title='bbox 1750 3542 1965 3615; x_wconf 77' lang='grc' dir='ltr'>ἠγάπη-</span> 
     </span>
    </p>
   </div>
   <div class='ocr_carea' id='block_1_49' title="bbox 394 3628 1965 3704">
    <p class='ocr_par' dir='ltr' id='par_1_49' title="bbox 394 3628 1965 3704">
     <span class='ocr_line' id='line_1_49' title="bbox 394 3628 1965 3704; baseline 0.006 -25"><span class='ocrx_word' id='word_1_394' title='bbox 394 3644 493 3682; x_wconf 89' lang='grc' dir='ltr'><strong>σαν</strong></span> <span class='ocrx_word' id='word_1_395' title='bbox 521 3628 720 3698; x_wconf 80' lang='grc' dir='ltr'>μᾶλλον</span> <span class='ocrx_word' id='word_1_396' title='bbox 747 3629 809 3682; x_wconf 82' lang='grc' dir='ltr'>τὸ</span> <span class='ocrx_word' id='word_1_397' title='bbox 838 3628 913 3693; x_wconf 85' lang='grc' dir='ltr'><strong>ὡς</strong></span> <span class='ocrx_word' id='word_1_398' title='bbox 939 3632 996 3682; x_wconf 81' lang='grc' dir='ltr'>ὲν</span> <span class='ocrx_word' id='word_1_399' title='bbox 1017 3630 1174 3683; x_wconf 80' lang='grc' dir='ltr'>νυκτὶ</span> <span class='ocrx_word' id='word_1_400' title='bbox 1205 3628 1439 3700; x_wconf 79' lang='grc' dir='ltr'>βαδίζειν</span> <span class='ocrx_word' id='word_1_401' title='bbox 1459 3630 1553 3684; x_wconf 72' lang='grc' dir='ltr'><strong>καὶ</strong></span> <span class='ocrx_word' id='word_1_402' title='bbox 1570 3631 1764 3704; x_wconf 78' lang='grc' dir='ltr'>σκότῳ.</span> <span class='ocrx_word' id='word_1_403' title='bbox 1794 3632 1965 3688; x_wconf 87' lang='grc' dir='ltr'>Τοῦτο</span> 
     </span>
    </p>
   </div>
   <div class='ocr_carea' id='block_1_50' title="bbox 392 3719 1961 3793">
    <p class='ocr_par' dir='ltr' id='par_1_50' title="bbox 392 3719 1961 3793">
     <span class='ocr_line' id='line_1_50' title="bbox 392 3719 1961 3793; baseline 0.004 -22"><span class='ocrx_word' id='word_1_404' title='bbox 392 3719 487 3772; x_wconf 68' lang='grc' dir='ltr'>καὶ</span> <span class='ocrx_word' id='word_1_405' title='bbox 541 3719 571 3772; x_wconf 84' lang='grc' dir='ltr'>ὁ</span> <span class='ocrx_word' id='word_1_406' title='bbox 617 3722 901 3790; x_wconf 81' lang='grc' dir='ltr'>προφήτης</span> <span class='ocrx_word' id='word_1_407' title='bbox 951 3720 1310 3792; x_wconf 80' lang='grc' dir='ltr'>ὑπεσήμηνεν</span> <span class='ocrx_word' id='word_1_408' title='bbox 1354 3721 1528 3790; x_wconf 82' lang='grc' dir='ltr'>λέγων</span> <span class='ocrx_word' id='word_1_409' title='bbox 1580 3723 1709 3793; x_wconf 74' lang='grc' dir='ltr'>περὶ</span> <span class='ocrx_word' id='word_1_410' title='bbox 1755 3723 1961 3778; x_wconf 69' lang='grc' dir='ltr'><strong>αὐτῶν⁸</strong></span> 
     </span>
    </p>
   </div>
   <div class='ocr_carea' id='block_1_51' title="bbox 400 3812 1960 3883">
    <p class='ocr_par' dir='ltr' id='par_1_51' title="bbox 400 3812 1960 3883">
     <span class='ocr_line' id='line_1_51' title="bbox 400 3812 1960 3883; baseline 0.003 -18"><span class='ocrx_word' id='word_1_411' title='bbox 400 3832 417 3865; x_wconf 87' lang='grc' dir='ltr'><strong>ι</strong></span> <span class='ocrx_word' id='word_1_412' title='bbox 464 3812 902 3883; x_wconf 80' lang='grc' dir='ltr'>’Υπομεινάντων</span> <span class='ocrx_word' id='word_1_413' title='bbox 925 3812 1102 3866; x_wconf 77' lang='grc' dir='ltr'>αὐτῶν</span> <span class='ocrx_word' id='word_1_414' title='bbox 1132 3813 1269 3883; x_wconf 85' lang='grc' dir='ltr'>φῶς,</span> <span class='ocrx_word' id='word_1_415' title='bbox 1293 3814 1511 3883; x_wconf 73' lang='grc' dir='ltr'>ἐγένετο</span> <span class='ocrx_word' id='word_1_416' title='bbox 1531 3815 1713 3879; x_wconf 77' lang='grc' dir='ltr'>αὐτοῖς</span> <span class='ocrx_word' id='word_1_417' title='bbox 1741 3814 1928 3879; x_wconf 74' lang='grc' dir='ltr'>σκότος</span> <span class='ocrx_word' id='word_1_418' title='bbox 1945 3832 1960 3848; x_wconf 89' lang='grc'>·</span> 
     </span>
    </p>
   </div>
   <div class='ocr_carea' id='block_1_52' title="bbox 396 3903 1966 3977">
    <p class='ocr_par' dir='ltr' id='par_1_52' title="bbox 396 3903 1966 3977">
     <span class='ocr_line' id='line_1_52' title="bbox 396 3903 1966 3977; baseline 0.001 -21"><span class='ocrx_word' id='word_1_419' title='bbox 396 3904 679 3976; x_wconf 78' lang='grc' dir='ltr'>μείναντες</span> <span class='ocrx_word' id='word_1_420' title='bbox 710 3903 902 3974; x_wconf 80' lang='grc' dir='ltr'>αὐγὴν,</span> <span class='ocrx_word' id='word_1_421' title='bbox 936 3905 994 3957; x_wconf 83' lang='grc' dir='ltr'>ὲν</span> <span class='ocrx_word' id='word_1_422' title='bbox 1028 3903 1205 3976; x_wconf 76' lang='grc' dir='ltr'>ἀωρίᾳ</span> <span class='ocrx_word' id='word_1_423' title='bbox 1240 3904 1673 3976; x_wconf 81' lang='grc' dir='ltr'>περιεπάτησαν.</span> <span class='ocrx_word' id='word_1_424' title='bbox 1716 3924 1735 3958; x_wconf 78' lang='grc' dir='ltr'><strong>ι</strong></span> <span class='ocrx_word' id='word_1_425' title='bbox 1778 3906 1966 3977; x_wconf 57' lang='lat' dir='ltr'><strong>Meps-</strong></span> 
     </span>
    </p>
   </div>
   <div class='ocr_carea' id='block_1_53' title="bbox 396 3997 1965 4070">
    <p class='ocr_par' dir='ltr' id='par_1_53' title="bbox 396 3997 1965 4070">
     <span class='ocr_line' id='line_1_53' title="bbox 396 3997 1965 4070; baseline 0.001 -20"><span class='ocrx_word' id='word_1_426' title='bbox 396 3997 721 4069; x_wconf 76' lang='grc' dir='ltr'>νήκασιγάρ</span> <span class='ocrx_word' id='word_1_427' title='bbox 742 4000 962 4069; x_wconf 75' lang='grc' dir='ltr'>τραχεῖς</span> <span class='ocrx_word' id='word_1_428' title='bbox 990 3999 1081 4051; x_wconf 73' lang='grc' dir='ltr'>καὶ</span> <span class='ocrx_word' id='word_1_429' title='bbox 1110 3997 1336 4070; x_wconf 80' lang='grc' dir='ltr'>ὲξήνιοι,</span> <span class='ocrx_word' id='word_1_430' title='bbox 1366 3998 1461 4053; x_wconf 69' lang='grc' dir='ltr'>καὶ</span> <span class='ocrx_word' id='word_1_431' title='bbox 1480 3998 1659 4065; x_wconf 82' lang='grc' dir='ltr'>ὀλίγου</span> <span class='ocrx_word' id='word_1_432' title='bbox 1689 3997 1965 4061; x_wconf 84' lang='grc' dir='ltr'>παντελῶς</span> 
     </span>
    </p>
   </div>
   <div class='ocr_carea' id='block_1_54' title="bbox 395 4081 1967 4160">
    <p class='ocr_par' dir='ltr' id='par_1_54' title="bbox 395 4081 1967 4160">
     <span class='ocr_line' id='line_1_54' title="bbox 395 4081 1967 4160; baseline -0.001 -18"><span class='ocrx_word' id='word_1_433' title='bbox 395 4088 675 4153; x_wconf 76' lang='grc' dir='ltr'>ἀξιοῦντες</span> <span class='ocrx_word' id='word_1_434' title='bbox 706 4088 862 4157; x_wconf 81' lang='grc' dir='ltr'>λόγου</span> <span class='ocrx_word' id='word_1_435' title='bbox 915 4088 983 4142; x_wconf 74' lang='grc' dir='ltr'>τὰ</span> <span class='ocrx_word' id='word_1_436' title='bbox 1028 4088 1305 4160; x_wconf 83' lang='grc' dir='ltr'>λυσιτελῆ.</span> <span class='ocrx_word' id='word_1_437' title='bbox 1340 4089 1436 4143; x_wconf 74' lang='grc' dir='ltr'>καὶ</span> <span class='ocrx_word' id='word_1_438' title='bbox 1464 4088 1532 4142; x_wconf 84' lang='grc' dir='ltr'><strong>δι’</strong></span> <span class='ocrx_word' id='word_1_439' title='bbox 1572 4081 1652 4142; x_wconf 79' lang='grc' dir='ltr'>ὧν</span> <span class='ocrx_word' id='word_1_440' title='bbox 1692 4088 1840 4152; x_wconf 63' lang='grc' dir='ltr'>εἰκὸς</span> <span class='ocrx_word' id='word_1_441' title='bbox 1873 4088 1967 4141; x_wconf 79' lang='grc' dir='ltr'>καὶ</span> 
     </span>
    </p>
   </div>
   <div class='ocr_carea' id='block_1_55' title="bbox 394 4175 1967 4250">
    <p class='ocr_par' dir='ltr' id='par_1_55' title="bbox 394 4175 1967 4250">
     <span class='ocr_line' id='line_1_55' title="bbox 394 4175 1967 4250; baseline 0.001 -21"><span class='ocrx_word' id='word_1_442' title='bbox 394 4176 511 4233; x_wconf 76' lang='grc' dir='ltr'>λίαν</span> <span class='ocrx_word' id='word_1_443' title='bbox 540 4179 781 4249; x_wconf 75' lang='grc' dir='ltr'>ἀμογητὶ</span> <span class='ocrx_word' id='word_1_444' title='bbox 822 4177 1101 4250; x_wconf 84' lang='grc' dir='ltr'>διαδρᾶναι</span> <span class='ocrx_word' id='word_1_445' title='bbox 1142 4178 1203 4233; x_wconf 81' lang='grc' dir='ltr'>τὸ</span> <span class='ocrx_word' id='word_1_446' title='bbox 1250 4177 1490 4241; x_wconf 78' lang='grc' dir='ltr'>ἀδικοῦν.</span> <span class='ocrx_word' id='word_1_447' title='bbox 1539 4175 1967 4249; x_wconf 73' lang='grc' dir='ltr'>Ἐπεφὼνει-μὶν</span> 
     </span>
    </p>
   </div>
   <div class='ocr_carea' id='block_1_56' title="bbox 2419 1634 3217 1706">
    <p class='ocr_par' dir='ltr' id='par_1_56' title="bbox 2419 1634 3217 1706">
     <span class='ocr_line' id='line_1_56' title="bbox 2419 1634 3217 1706; baseline -0.001 -16"><span class='ocrx_word' id='word_1_448' title='bbox 2419 1635 2496 1691; x_wconf 82' lang='lat' dir='ltr'><strong>De</strong></span> <span class='ocrx_word' id='word_1_449' title='bbox 2522 1634 2780 1692; x_wconf 75' lang='lat' dir='ltr'><strong>velamine</strong></span> <span class='ocrx_word' id='word_1_450' title='bbox 2808 1639 2861 1692; x_wconf 78' lang='lat' dir='ltr'><strong>in</strong></span> <span class='ocrx_word' id='word_1_451' title='bbox 2895 1637 3027 1706; x_wconf 76' lang='lat' dir='ltr'><strong>facie</strong></span> <span class='ocrx_word' id='word_1_452' title='bbox 3060 1635 3217 1690; x_wconf 74' lang='lat' dir='ltr'><strong>Hosis</strong></span> 
     </span>
    </p>
   </div>
   <div class='ocr_carea' id='block_1_57' title="bbox 2129 1819 3629 1893">
    <p class='ocr_par' dir='ltr' id='par_1_57' title="bbox 2129 1819 3629 1893">
     <span class='ocr_line' id='line_1_57' title="bbox 2129 1819 3629 1893; baseline 0.005 -26"><span class='ocrx_word' id='word_1_453' title='bbox 2129 1839 2146 1867; x_wconf 78' lang='grc' dir='ltr'><strong>ι</strong></span> <span class='ocrx_word' id='word_1_454' title='bbox 2168 1819 2405 1873; x_wconf 86' lang='lat' dir='ltr'><strong>Putasne</strong></span> <span class='ocrx_word' id='word_1_455' title='bbox 2431 1833 2553 1888; x_wconf 77' lang='lat' dir='ltr'><strong>qua:</strong></span> <span class='ocrx_word' id='word_1_456' title='bbox 2571 1819 2730 1891; x_wconf 81' lang='lat' dir='ltr'><strong>legis,</strong></span> <span class='ocrx_word' id='word_1_457' title='bbox 2761 1820 3154 1893; x_wconf 56' lang='lat' dir='ltr'><strong>intelligisi&#39;h</strong></span> <span class='ocrx_word' id='word_1_458' title='bbox 3181 1820 3496 1877; x_wconf 69' lang='lat' dir='ltr'><strong>Judzeorum</strong></span> <span class='ocrx_word' id='word_1_459' title='bbox 3527 1838 3629 1892; x_wconf 81' lang='lat' dir='ltr'><strong>po-</strong></span> 
     </span>
    </p>
   </div>
   <div class='ocr_carea' id='block_1_58' title="bbox 2012 1908 3628 1991">
    <p class='ocr_par' dir='ltr' id='par_1_58' title="bbox 2012 1908 3628 1991">
     <span class='ocr_line' id='line_1_58' title="bbox 2012 1908 3628 1991; baseline 0.002 -29"><span class='ocrx_word' id='word_1_460' title='bbox 2012 1978 2025 1991; x_wconf 38' lang='lat'>\</span> <span class='ocrx_word' id='word_1_461' title='bbox 2051 1908 2196 1977; x_wconf 86' lang='lat' dir='ltr'><strong>pulis</strong></span> <span class='ocrx_word' id='word_1_462' title='bbox 2229 1908 2621 1964; x_wconf 81' lang='lat' dir='ltr'><strong>convenienter</strong></span> <span class='ocrx_word' id='word_1_463' title='bbox 2645 1909 2753 1965; x_wconf 89' lang='lat' dir='ltr'><strong>dici</strong></span> <span class='ocrx_word' id='word_1_464' title='bbox 2786 1918 2987 1980; x_wconf 81' lang='lat' dir='ltr'><strong>potest,</strong></span> <span class='ocrx_word' id='word_1_465' title='bbox 3024 1908 3118 1980; x_wconf 89' lang='lat' dir='ltr'><strong>qui</strong></span> <span class='ocrx_word' id='word_1_466' title='bbox 3153 1925 3221 1965; x_wconf 92' lang='lat' dir='ltr'><strong>eo</strong></span> <span class='ocrx_word' id='word_1_467' title='bbox 3252 1911 3495 1981; x_wconf 84' lang='lat' dir='ltr'><strong>stuporis</strong></span> <span class='ocrx_word' id='word_1_468' title='bbox 3532 1926 3628 1966; x_wconf 88' lang='lat' dir='ltr'><strong>ve-</strong></span> 
     </span>
    </p>
   </div>
   <div class='ocr_carea' id='block_1_59' title="bbox 2050 1998 3630 2065">
    <p class='ocr_par' dir='ltr' id='par_1_59' title="bbox 2050 1998 3630 2065">
     <span class='ocr_line' id='line_1_59' title="bbox 2050 1998 3630 2065; baseline 0.004 -14"><span class='ocrx_word' id='word_1_469' title='bbox 2050 1998 2197 2054; x_wconf 89' lang='lat' dir='ltr'><strong>nisse</strong></span> <span class='ocrx_word' id='word_1_470' title='bbox 2229 2007 2557 2065; x_wconf 88' lang='lat' dir='ltr'><strong>cernuntur,</strong></span> <span class='ocrx_word' id='word_1_471' title='bbox 2590 2008 2652 2054; x_wconf 90' lang='lat' dir='ltr'><strong>ut</strong></span> <span class='ocrx_word' id='word_1_472' title='bbox 2678 2001 2944 2056; x_wconf 79' lang='lat' dir='ltr'><strong>excordes</strong></span> <span class='ocrx_word' id='word_1_473' title='bbox 2976 2000 3030 2055; x_wconf 88' lang='lat' dir='ltr'><strong>in</strong></span> <span class='ocrx_word' id='word_1_474' title='bbox 3069 2001 3241 2056; x_wconf 87' lang='lat' dir='ltr'><strong>sacris</strong></span> <span class='ocrx_word' id='word_1_475' title='bbox 3266 2001 3491 2056; x_wconf 84' lang='lat' dir='ltr'><strong>Litteris</strong></span> <span class='ocrx_word' id='word_1_476' title='bbox 3528 2017 3630 2057; x_wconf 82' lang='lat' dir='ltr'><strong>no-</strong></span> 
     </span>
    </p>
   </div>
   <div class='ocr_carea' id='block_1_60' title="bbox 2050 2088 3632 2162">
    <p class='ocr_par' dir='ltr' id='par_1_60' title="bbox 2050 2088 3632 2162">
     <span class='ocr_line' id='line_1_60' title="bbox 2050 2088 3632 2162; baseline 0.004 -20"><span class='ocrx_word' id='word_1_477' title='bbox 2050 2088 2352 2144; x_wconf 85' lang='lat' dir='ltr'><strong>minentur.</strong></span> <span class='ocrx_word' id='word_1_478' title='bbox 2390 2108 2409 2141; x_wconf 83' lang='grc' dir='ltr'><strong>ι</strong></span> <span class='ocrx_word' id='word_1_479' title='bbox 2454 2090 2597 2146; x_wconf 80' lang='lat' dir='ltr'><strong>Ecce</strong></span> <span class='ocrx_word' id='word_1_480' title='bbox 2628 2090 2798 2155; x_wconf 90' lang='lat' dir='ltr'><strong>enim,</strong></span> <span class='ocrx_word' id='word_1_481' title='bbox 2822 2091 3021 2161; x_wconf 92' lang='lat' dir='ltr'><strong>inquit,</strong></span> <span class='ocrx_word' id='word_1_482' title='bbox 3062 2093 3300 2162; x_wconf 89' lang='lat' dir='ltr'><strong>populus</strong></span> <span class='ocrx_word' id='word_1_483' title='bbox 3330 2094 3535 2147; x_wconf 87' lang='lat' dir='ltr'><strong>stultus</strong></span> <span class='ocrx_word' id='word_1_484' title='bbox 3574 2103 3632 2148; x_wconf 92' lang='lat' dir='ltr'><strong>ct</strong></span> 
     </span>
    </p>
   </div>
   <div class='ocr_carea' id='block_1_61' title="bbox 2050 2179 3633 2253">
    <p class='ocr_par' dir='ltr' id='par_1_61' title="bbox 2050 2179 3633 2253">
     <span class='ocr_line' id='line_1_61' title="bbox 2050 2179 3633 2253; baseline 0.001 -18"><span class='ocrx_word' id='word_1_485' title='bbox 2050 2195 2264 2236; x_wconf 80' lang='lat' dir='ltr'><strong>excors.</strong></span> <span class='ocrx_word' id='word_1_486' title='bbox 2304 2179 2459 2236; x_wconf 85' lang='lat' dir='ltr'><strong>Oculi</strong></span> <span class='ocrx_word' id='word_1_487' title='bbox 2503 2181 2671 2251; x_wconf 86' lang='lat' dir='ltr'><strong>ipsis,</strong></span> <span class='ocrx_word' id='word_1_488' title='bbox 2695 2190 2752 2238; x_wconf 92' lang='lat' dir='ltr'><strong>et</strong></span> <span class='ocrx_word' id='word_1_489' title='bbox 2780 2197 2889 2237; x_wconf 90' lang='lat' dir='ltr'><strong>non</strong></span> <span class='ocrx_word' id='word_1_490' title='bbox 2938 2183 3160 2249; x_wconf 87' lang='lat' dir='ltr'><strong>vident;</strong></span> <span class='ocrx_word' id='word_1_491' title='bbox 3201 2199 3363 2238; x_wconf 85' lang='lat' dir='ltr'><strong>aures</strong></span> <span class='ocrx_word' id='word_1_492' title='bbox 3395 2184 3548 2253; x_wconf 87' lang='lat' dir='ltr'><strong>ipsis,</strong></span> <span class='ocrx_word' id='word_1_493' title='bbox 3575 2193 3633 2240; x_wconf 84' lang='lat' dir='ltr'><strong>et</strong></span> 
     </span>
    </p>
   </div>
   <div class='ocr_carea' id='block_1_62' title="bbox 2049 2271 3633 2345">
    <p class='ocr_par' dir='ltr' id='par_1_62' title="bbox 2049 2271 3633 2345">
     <span class='ocr_line' id='line_1_62' title="bbox 2049 2271 3633 2345; baseline 0.002 -20"><span class='ocrx_word' id='word_1_494' title='bbox 2049 2287 2160 2326; x_wconf 87' lang='lat' dir='ltr'><strong>non</strong></span> <span class='ocrx_word' id='word_1_495' title='bbox 2184 2271 2414 2328; x_wconf 88' lang='lat' dir='ltr'><strong>audiunt</strong></span> <span class='ocrx_word' id='word_1_496' title='bbox 2433 2272 2501 2326; x_wconf 77' lang='lat'><strong>&quot;.</strong></span> <span class='ocrx_word' id='word_1_497' title='bbox 2543 2291 2561 2324; x_wconf 78' lang='grc' dir='ltr'><strong>ι</strong></span> <span class='ocrx_word' id='word_1_498' title='bbox 2595 2271 2751 2340; x_wconf 77' lang='lat' dir='ltr'><strong>Quod</strong></span> <span class='ocrx_word' id='word_1_499' title='bbox 2768 2282 2950 2329; x_wconf 83' lang='lat' dir='ltr'><strong>autem</strong></span> <span class='ocrx_word' id='word_1_500' title='bbox 2988 2274 3075 2330; x_wconf 78' lang='lat' dir='ltr'><strong>lex</strong></span> <span class='ocrx_word' id='word_1_501' title='bbox 3103 2273 3267 2329; x_wconf 77' lang='lat' dir='ltr'><strong>Mosis</strong></span> <span class='ocrx_word' id='word_1_502' title='bbox 3293 2289 3521 2345; x_wconf 85' lang='lat' dir='ltr'><strong>prorsus</strong></span> <span class='ocrx_word' id='word_1_503' title='bbox 3547 2274 3633 2345; x_wconf 55' lang='lat' dir='ltr'><strong>ip.-</strong></span> 
     </span>
    </p>
   </div>
   <div class='ocr_carea' id='block_1_63' title="bbox 2051 2361 3635 2434">
    <p class='ocr_par' dir='ltr' id='par_1_63' title="bbox 2051 2361 3635 2434">
     <span class='ocr_line' id='line_1_63' title="bbox 2051 2361 3635 2434; baseline 0.001 -18"><span class='ocrx_word' id='word_1_504' title='bbox 2051 2361 2129 2417; x_wconf 88' lang='lat' dir='ltr'><strong>sis</strong></span> <span class='ocrx_word' id='word_1_505' title='bbox 2162 2361 2328 2417; x_wconf 79' lang='lat' dir='ltr'><strong>fuerit</strong></span> <span class='ocrx_word' id='word_1_506' title='bbox 2371 2361 2583 2417; x_wconf 82' lang='lat' dir='ltr'><strong>inutilis</strong></span> <span class='ocrx_word' id='word_1_507' title='bbox 2621 2371 2848 2433; x_wconf 88' lang='lat' dir='ltr'><strong>propter</strong></span> <span class='ocrx_word' id='word_1_508' title='bbox 2879 2378 3000 2419; x_wconf 89' lang='lat' dir='ltr'><strong>eam</strong></span> <span class='ocrx_word' id='word_1_509' title='bbox 3031 2379 3154 2434; x_wconf 70' lang='lat' dir='ltr'><strong>qute</strong></span> <span class='ocrx_word' id='word_1_510' title='bbox 3191 2363 3273 2419; x_wconf 91' lang='lat' dir='ltr'><strong>eis</strong></span> <span class='ocrx_word' id='word_1_511' title='bbox 3327 2364 3471 2420; x_wconf 87' lang='lat' dir='ltr'><strong>inest</strong></span> <span class='ocrx_word' id='word_1_512' title='bbox 3496 2363 3635 2419; x_wconf 81' lang='lat' dir='ltr'><strong>insi-</strong></span> 
     </span>
    </p>
   </div>
   <div class='ocr_carea' id='block_1_64' title="bbox 2050 2452 3633 2524">
    <p class='ocr_par' dir='ltr' id='par_1_64' title="bbox 2050 2452 3633 2524">
     <span class='ocr_line' id='line_1_64' title="bbox 2050 2452 3633 2524; baseline 0.002 -18"><span class='ocrx_word' id='word_1_513' title='bbox 2050 2452 2273 2522; x_wconf 76' lang='lat' dir='ltr'><strong>pientite</strong></span> <span class='ocrx_word' id='word_1_514' title='bbox 2299 2452 2751 2523; x_wconf 80' lang='lat' dir='ltr'><strong>magnitudinem,</strong></span> <span class='ocrx_word' id='word_1_515' title='bbox 2780 2454 3066 2524; x_wconf 84' lang='lat' dir='ltr'><strong>ipsenobis</strong></span> <span class='ocrx_word' id='word_1_516' title='bbox 3087 2454 3342 2511; x_wconf 81' lang='lat' dir='ltr'><strong>Christus</strong></span> <span class='ocrx_word' id='word_1_517' title='bbox 3370 2456 3633 2520; x_wconf 84' lang='lat' dir='ltr'><strong>ostendit,</strong></span> 
     </span>
    </p>
   </div>
   <div class='ocr_carea' id='block_1_65' title="bbox 2050 2542 3637 2616">
    <p class='ocr_par' dir='ltr' id='par_1_65' title="bbox 2050 2542 3637 2616">
     <span class='ocr_line' id='line_1_65' title="bbox 2050 2542 3637 2616; baseline 0.003 -20"><span class='ocrx_word' id='word_1_518' title='bbox 2050 2542 2241 2598; x_wconf 89' lang='lat' dir='ltr'><strong>dicens</strong></span> <span class='ocrx_word' id='word_1_519' title='bbox 2272 2559 2285 2596; x_wconf 90' lang='lat'>:</span> <span class='ocrx_word' id='word_1_520' title='bbox 2341 2562 2360 2594; x_wconf 82' lang='grc' dir='ltr'><strong>ι</strong></span> <span class='ocrx_word' id='word_1_521' title='bbox 2396 2542 2726 2599; x_wconf 87' lang='lat' dir='ltr'><strong>Scrutamim</strong></span> <span class='ocrx_word' id='word_1_522' title='bbox 2764 2543 3113 2614; x_wconf 87' lang='lat' dir='ltr'><strong>Seripturas,</strong></span> <span class='ocrx_word' id='word_1_523' title='bbox 3140 2547 3267 2615; x_wconf 85' lang='lat' dir='ltr'><strong>quia</strong></span> <span class='ocrx_word' id='word_1_524' title='bbox 3299 2561 3396 2601; x_wconf 86' lang='lat' dir='ltr'><strong>vos</strong></span> <span class='ocrx_word' id='word_1_525' title='bbox 3429 2546 3637 2616; x_wconf 82' lang='lat' dir='ltr'><strong>putatis</strong></span> 
     </span>
    </p>
   </div>
   <div class='ocr_carea' id='block_1_66' title="bbox 2052 2631 3637 2705">
    <p class='ocr_par' dir='ltr' id='par_1_66' title="bbox 2052 2631 3637 2705">
     <span class='ocr_line' id='line_1_66' title="bbox 2052 2631 3637 2705; baseline 0.001 -20"><span class='ocrx_word' id='word_1_526' title='bbox 2052 2631 2109 2686; x_wconf 90' lang='lat' dir='ltr'><strong>in</strong></span> <span class='ocrx_word' id='word_1_527' title='bbox 2140 2632 2277 2703; x_wconf 88' lang='lat' dir='ltr'><strong>ipsis</strong></span> <span class='ocrx_word' id='word_1_528' title='bbox 2305 2634 2471 2688; x_wconf 85' lang='lat' dir='ltr'><strong>vitam</strong></span> <span class='ocrx_word' id='word_1_529' title='bbox 2519 2643 2783 2689; x_wconf 67' lang='lat' dir='ltr'><strong>aeternam</strong></span> <span class='ocrx_word' id='word_1_530' title='bbox 2828 2634 3159 2690; x_wconf 53' lang='lat' dir='ltr'><strong>habereuEt</strong></span> <span class='ocrx_word' id='word_1_531' title='bbox 3192 2635 3299 2689; x_wconf 78' lang='lat' dir='ltr'><strong>illae</strong></span> <span class='ocrx_word' id='word_1_532' title='bbox 3350 2644 3480 2690; x_wconf 92' lang='lat' dir='ltr'><strong>sunt</strong></span> <span class='ocrx_word' id='word_1_533' title='bbox 3513 2651 3637 2705; x_wconf 64' lang='lat' dir='ltr'><strong>qua!</strong></span> 
     </span>
    </p>
   </div>
   <div class='ocr_carea' id='block_1_67' title="bbox 2053 2723 3637 2794">
    <p class='ocr_par' dir='ltr' id='par_1_67' title="bbox 2053 2723 3637 2794">
     <span class='ocr_line' id='line_1_67' title="bbox 2053 2723 3637 2794; baseline 0.001 -16"><span class='ocrx_word' id='word_1_534' title='bbox 2053 2723 2426 2778; x_wconf 72' lang='lat' dir='ltr'><strong>testimonium</strong></span> <span class='ocrx_word' id='word_1_535' title='bbox 2451 2723 2746 2789; x_wconf 82' lang='lat' dir='ltr'><strong>perhibent</strong></span> <span class='ocrx_word' id='word_1_536' title='bbox 2779 2723 2849 2779; x_wconf 89' lang='lat' dir='ltr'><strong>de</strong></span> <span class='ocrx_word' id='word_1_537' title='bbox 2876 2739 2984 2778; x_wconf 90' lang='lat' dir='ltr'><strong>me.</strong></span> <span class='ocrx_word' id='word_1_538' title='bbox 3016 2723 3206 2794; x_wconf 84' lang='lat' dir='ltr'><strong>Neque</strong></span> <span class='ocrx_word' id='word_1_539' title='bbox 3229 2724 3395 2779; x_wconf 89' lang='lat' dir='ltr'><strong>vultis</strong></span> <span class='ocrx_word' id='word_1_540' title='bbox 3448 2725 3637 2779; x_wconf 88' lang='lat' dir='ltr'><strong>venire</strong></span> 
     </span>
    </p>
   </div>
   <div class='ocr_carea' id='block_1_68' title="bbox 2051 2808 3639 2876">
    <p class='ocr_par' dir='ltr' id='par_1_68' title="bbox 2051 2808 3639 2876">
     <span class='ocr_line' id='line_1_68' title="bbox 2051 2808 3639 2876; baseline 0.003 -11"><span class='ocrx_word' id='word_1_541' title='bbox 2051 2809 2120 2866; x_wconf 87' lang='lat' dir='ltr'><strong>ad</strong></span> <span class='ocrx_word' id='word_1_542' title='bbox 2148 2825 2257 2876; x_wconf 89' lang='lat' dir='ltr'><strong>me,</strong></span> <span class='ocrx_word' id='word_1_543' title='bbox 2287 2819 2350 2865; x_wconf 92' lang='lat' dir='ltr'><strong>ut</strong></span> <span class='ocrx_word' id='word_1_544' title='bbox 2384 2811 2632 2867; x_wconf 74' lang='lat' dir='ltr'><strong>habeatis</strong></span> <span class='ocrx_word' id='word_1_545' title='bbox 2657 2811 2825 2866; x_wconf 89' lang='lat' dir='ltr'><strong>vitam</strong></span> <span class='ocrx_word' id='word_1_546' title='bbox 2843 2813 2910 2866; x_wconf 77' lang='grc'><strong>⁷⁸.</strong></span> <span class='ocrx_word' id='word_1_547' title='bbox 2953 2831 2971 2864; x_wconf 78' lang='grc' dir='ltr'><strong>ι</strong></span> <span class='ocrx_word' id='word_1_548' title='bbox 3014 2808 3333 2870; x_wconf 67' lang='grc' dir='ltr'>Εκοωοιιιιιε</span> <span class='ocrx_word' id='word_1_549' title='bbox 3361 2814 3511 2870; x_wconf 85' lang='lat' dir='ltr'><strong>cnim</strong></span> <span class='ocrx_word' id='word_1_550' title='bbox 3549 2824 3639 2870; x_wconf 86' lang='lat' dir='ltr'><strong>est</strong></span> 
     </span>
    </p>
   </div>
   <div class='ocr_carea' id='block_1_69' title="bbox 2053 2900 3643 2974">
    <p class='ocr_par' dir='ltr' id='par_1_69' title="bbox 2053 2900 3643 2974">
     <span class='ocr_line' id='line_1_69' title="bbox 2053 2900 3643 2974; baseline 0.002 -18"><span class='ocrx_word' id='word_1_551' title='bbox 2053 2915 2122 2956; x_wconf 77' lang='lat' dir='ltr'><strong>ex</strong></span> <span class='ocrx_word' id='word_1_552' title='bbox 2152 2909 2310 2971; x_wconf 85' lang='lat' dir='ltr'><strong>parte</strong></span> <span class='ocrx_word' id='word_1_553' title='bbox 2343 2900 2533 2967; x_wconf 83' lang='lat' dir='ltr'><strong>Israel,</strong></span> <span class='ocrx_word' id='word_1_554' title='bbox 2554 2909 2612 2956; x_wconf 92' lang='lat' dir='ltr'><strong>et</strong></span> <span class='ocrx_word' id='word_1_555' title='bbox 2651 2901 3109 2958; x_wconf 87' lang='lat' dir='ltr'><strong>illuminationem</strong></span> <span class='ocrx_word' id='word_1_556' title='bbox 3132 2903 3362 2974; x_wconf 85' lang='lat' dir='ltr'><strong>spiritus</strong></span> <span class='ocrx_word' id='word_1_557' title='bbox 3396 2919 3505 2959; x_wconf 89' lang='lat' dir='ltr'><strong>non</strong></span> <span class='ocrx_word' id='word_1_558' title='bbox 3543 2904 3643 2959; x_wconf 85' lang='lat' dir='ltr'><strong>ha-</strong></span> 
     </span>
    </p>
   </div>
   <div class='ocr_carea' id='block_1_70' title="bbox 2063 2990 3641 3067">
    <p class='ocr_par' dir='ltr' id='par_1_70' title="bbox 2063 2990 3641 3067">
     <span class='ocr_line' id='line_1_70' title="bbox 2063 2990 3641 3067; baseline 0.004 -21"><span class='ocrx_word' id='word_1_559' title='bbox 2063 2990 2277 3065; x_wconf 79' lang='lat' dir='ltr'><strong>bentes,</strong></span> <span class='ocrx_word' id='word_1_560' title='bbox 2302 2992 2568 3049; x_wconf 87' lang='lat' dir='ltr'><strong>tardiores</strong></span> <span class='ocrx_word' id='word_1_561' title='bbox 2586 3003 2715 3049; x_wconf 89' lang='lat' dir='ltr'><strong>sunt</strong></span> <span class='ocrx_word' id='word_1_562' title='bbox 2736 2992 2806 3048; x_wconf 90' lang='lat' dir='ltr'><strong>ad</strong></span> <span class='ocrx_word' id='word_1_563' title='bbox 2839 2992 3641 3067; x_wconf 9' lang='lat' dir='ltr'><strong>credendum,rdillicillimeque</strong></span> 
     </span>
    </p>
   </div>
   <div class='ocr_carea' id='block_1_71' title="bbox 2077 3069 3640 3147">
    <p class='ocr_par' dir='ltr' id='par_1_71' title="bbox 2077 3069 3640 3147">
     <span class='ocr_line' id='line_1_71' title="bbox 2077 3069 3640 3147; baseline 0.005 -23"><span class='ocrx_word' id='word_1_564' title='bbox 2077 3069 2368 3128; x_wconf 81' lang='lat' dir='ltr'><strong>ﬂectuntur</strong></span> <span class='ocrx_word' id='word_1_565' title='bbox 2402 3085 2462 3126; x_wconf 94' lang='lat' dir='ltr'><strong>ut</strong></span> <span class='ocrx_word' id='word_1_566' title='bbox 2490 3075 2695 3144; x_wconf 79' lang='lat' dir='ltr'><strong>eligant</strong></span> <span class='ocrx_word' id='word_1_567' title='bbox 2723 3084 2778 3130; x_wconf 90' lang='lat' dir='ltr'><strong>et</strong></span> <span class='ocrx_word' id='word_1_568' title='bbox 2814 3077 3031 3145; x_wconf 84' lang='lat' dir='ltr'><strong>sapiant</strong></span> <span class='ocrx_word' id='word_1_569' title='bbox 3068 3094 3191 3147; x_wconf 62' lang='lat' dir='ltr'><strong>qua:</strong></span> <span class='ocrx_word' id='word_1_570' title='bbox 3225 3077 3541 3132; x_wconf 90' lang='lat' dir='ltr'><strong>conducunt</strong></span> <span class='ocrx_word' id='word_1_571' title='bbox 3571 3077 3640 3132; x_wconf 84' lang='lat' dir='ltr'><strong>ad</strong></span> 
     </span>
    </p>
   </div>
   <div class='ocr_carea' id='block_1_72' title="bbox 2076 3165 3640 3240">
    <p class='ocr_par' dir='ltr' id='par_1_72' title="bbox 2076 3165 3640 3240">
     <span class='ocr_line' id='line_1_72' title="bbox 2076 3165 3640 3240; baseline 0.003 -20"><span class='ocrx_word' id='word_1_572' title='bbox 2076 3165 2308 3221; x_wconf 81' lang='lat' dir='ltr'><strong>salutem</strong></span> <span class='ocrx_word' id='word_1_573' title='bbox 2337 3167 2406 3221; x_wconf 83' lang='lat'><strong>&quot;.</strong></span> <span class='ocrx_word' id='word_1_574' title='bbox 2435 3165 2706 3222; x_wconf 68' lang='lat' dir='ltr'><strong>Caeterum</strong></span> <span class='ocrx_word' id='word_1_575' title='bbox 2732 3169 2878 3223; x_wconf 87' lang='lat' dir='ltr'><strong>baud</strong></span> <span class='ocrx_word' id='word_1_576' title='bbox 2912 3169 3156 3240; x_wconf 81' lang='lat' dir='ltr'><strong>impune,</strong></span> <span class='ocrx_word' id='word_1_577' title='bbox 3218 3186 3341 3225; x_wconf 89' lang='lat' dir='ltr'><strong>cum</strong></span> <span class='ocrx_word' id='word_1_578' title='bbox 3373 3169 3541 3238; x_wconf 82' lang='lat' dir='ltr'><strong>aliqui</strong></span> <span class='ocrx_word' id='word_1_579' title='bbox 3588 3170 3640 3224; x_wconf 93' lang='lat' dir='ltr'><strong>id</strong></span> 
     </span>
    </p>
   </div>
   <div class='ocr_carea' id='block_1_73' title="bbox 2072 3259 3644 3333">
    <p class='ocr_par' dir='ltr' id='par_1_73' title="bbox 2072 3259 3644 3333">
     <span class='ocr_line' id='line_1_73' title="bbox 2072 3259 3644 3333; baseline 0.002 -19"><span class='ocrx_word' id='word_1_580' title='bbox 2072 3259 2220 3327; x_wconf 85' lang='lat' dir='ltr'><strong>quod</strong></span> <span class='ocrx_word' id='word_1_581' title='bbox 2241 3261 2373 3315; x_wconf 87' lang='lat' dir='ltr'><strong>utile</strong></span> <span class='ocrx_word' id='word_1_582' title='bbox 2396 3269 2481 3316; x_wconf 85' lang='lat' dir='ltr'><strong>est</strong></span> <span class='ocrx_word' id='word_1_583' title='bbox 2508 3262 2762 3331; x_wconf 87' lang='lat' dir='ltr'><strong>amplecti</strong></span> <span class='ocrx_word' id='word_1_584' title='bbox 2793 3262 3137 3329; x_wconf 88' lang='lat' dir='ltr'><strong>debuissent,</strong></span> <span class='ocrx_word' id='word_1_585' title='bbox 3191 3265 3258 3317; x_wconf 83' lang='lat' dir='ltr'><strong>ad</strong></span> <span class='ocrx_word' id='word_1_586' title='bbox 3290 3261 3644 3333; x_wconf 81' lang='lat' dir='ltr'><strong>incorrigibi-</strong></span> 
     </span>
    </p>
   </div>
   <div class='ocr_carea' id='block_1_74' title="bbox 2073 3350 3644 3419">
    <p class='ocr_par' dir='ltr' id='par_1_74' title="bbox 2073 3350 3644 3419">
     <span class='ocr_line' id='line_1_74' title="bbox 2073 3350 3644 3419; baseline -0.003 -13"><span class='ocrx_word' id='word_1_587' title='bbox 2073 3351 2178 3407; x_wconf 87' lang='lat' dir='ltr'><strong>lem</strong></span> <span class='ocrx_word' id='word_1_588' title='bbox 2212 3350 2653 3407; x_wconf 88' lang='lat' dir='ltr'><strong>incredulitatem</strong></span> <span class='ocrx_word' id='word_1_589' title='bbox 2687 3350 3137 3419; x_wconf 76' lang='lat' dir='ltr'><strong>declinaverunt;</strong></span> <span class='ocrx_word' id='word_1_590' title='bbox 3164 3363 3218 3408; x_wconf 86' lang='lat' dir='ltr'><strong>et</strong></span> <span class='ocrx_word' id='word_1_591' title='bbox 3271 3351 3644 3407; x_wconf 59' lang='lat' dir='ltr'><strong>habentesha-</strong></span> 
     </span>
    </p>
   </div>
   <div class='ocr_carea' id='block_1_75' title="bbox 2072 3445 3643 3517">
    <p class='ocr_par' dir='ltr' id='par_1_75' title="bbox 2072 3445 3643 3517">
     <span class='ocr_line' id='line_1_75' title="bbox 2072 3445 3643 3517; baseline 0.001 -16"><span class='ocrx_word' id='word_1_592' title='bbox 2072 3461 2198 3503; x_wconf 87' lang='lat' dir='ltr'><strong>men</strong></span> <span class='ocrx_word' id='word_1_593' title='bbox 2233 3447 2477 3511; x_wconf 71' lang='lat' dir='ltr'><strong>cmleste,</strong></span> <span class='ocrx_word' id='word_1_594' title='bbox 2514 3445 2690 3517; x_wconf 75' lang='lat' dir='ltr'><strong>magis</strong></span> <span class='ocrx_word' id='word_1_595' title='bbox 2717 3458 3043 3503; x_wconf 81' lang='lat' dir='ltr'><strong>amaverunt</strong></span> <span class='ocrx_word' id='word_1_596' title='bbox 3066 3447 3353 3504; x_wconf 87' lang='lat' dir='ltr'><strong>ambulare</strong></span> <span class='ocrx_word' id='word_1_597' title='bbox 3378 3447 3431 3502; x_wconf 90' lang='lat' dir='ltr'><strong>in</strong></span> <span class='ocrx_word' id='word_1_598' title='bbox 3483 3454 3643 3502; x_wconf 76' lang='lat' dir='ltr'><strong>nocte</strong></span> 
     </span>
    </p>
   </div>
   <div class='ocr_carea' id='block_1_76' title="bbox 2073 3535 3643 3611">
    <p class='ocr_par' dir='ltr' id='par_1_76' title="bbox 2073 3535 3643 3611">
     <span class='ocr_line' id='line_1_76' title="bbox 2073 3535 3643 3611; baseline -0.004 -14"><span class='ocrx_word' id='word_1_599' title='bbox 2073 3541 2199 3597; x_wconf 87' lang='lat' dir='ltr'><strong>etin</strong></span> <span class='ocrx_word' id='word_1_600' title='bbox 2257 3539 2499 3595; x_wconf 84' lang='lat' dir='ltr'><strong>tenebris</strong></span> <span class='ocrx_word' id='word_1_601' title='bbox 2539 3539 2607 3595; x_wconf 73' lang='grc' dir='ltr'><strong>τ’.</strong></span> <span class='ocrx_word' id='word_1_602' title='bbox 2649 3538 2808 3606; x_wconf 85' lang='lat' dir='ltr'><strong>Quod</strong></span> <span class='ocrx_word' id='word_1_603' title='bbox 2850 3549 2905 3596; x_wconf 90' lang='lat' dir='ltr'><strong>et</strong></span> <span class='ocrx_word' id='word_1_604' title='bbox 2955 3540 3222 3611; x_wconf 82' lang='lat' dir='ltr'><strong>propheta</strong></span> <span class='ocrx_word' id='word_1_605' title='bbox 3274 3535 3643 3595; x_wconf 87' lang='lat' dir='ltr'><strong>subindicavit</strong></span> 
     </span>
    </p>
   </div>
   <div class='ocr_carea' id='block_1_77' title="bbox 2074 3630 3644 3706">
    <p class='ocr_par' dir='ltr' id='par_1_77' title="bbox 2074 3630 3644 3706">
     <span class='ocr_line' id='line_1_77' title="bbox 2074 3630 3644 3706; baseline -0.002 -18"><span class='ocrx_word' id='word_1_606' title='bbox 2074 3633 2262 3689; x_wconf 87' lang='lat' dir='ltr'><strong>dicens</strong></span> <span class='ocrx_word' id='word_1_607' title='bbox 2289 3650 2303 3687; x_wconf 88' lang='lat'><strong>:</strong></span> <span class='ocrx_word' id='word_1_608' title='bbox 2327 3632 2492 3706; x_wconf 57' lang='lat'><strong>350</strong></span> <span class='ocrx_word' id='word_1_609' title='bbox 2522 3651 2541 3686; x_wconf 85' lang='grc' dir='ltr'><strong>ι</strong></span> <span class='ocrx_word' id='word_1_610' title='bbox 2574 3633 2711 3688; x_wconf 88' lang='lat' dir='ltr'><strong>Cum</strong></span> <span class='ocrx_word' id='word_1_611' title='bbox 2743 3640 3153 3700; x_wconf 80' lang='lat' dir='ltr'><strong>exspectassent</strong></span> <span class='ocrx_word' id='word_1_612' title='bbox 3181 3631 3379 3698; x_wconf 88' lang='lat' dir='ltr'><strong>lucem,</strong></span> <span class='ocrx_word' id='word_1_613' title='bbox 3408 3630 3644 3687; x_wconf 77' lang='lat' dir='ltr'><strong>tenebra:</strong></span> 
     </span>
    </p>
   </div>
   <div class='ocr_carea' id='block_1_78' title="bbox 2075 3724 3642 3795">
    <p class='ocr_par' dir='ltr' id='par_1_78' title="bbox 2075 3724 3642 3795">
     <span class='ocr_line' id='line_1_78' title="bbox 2075 3724 3642 3795; baseline -0.003 -14"><span class='ocrx_word' id='word_1_614' title='bbox 2075 3726 2155 3781; x_wconf 88' lang='lat' dir='ltr'><strong>eis</strong></span> <span class='ocrx_word' id='word_1_615' title='bbox 2187 3724 2345 3780; x_wconf 70' lang='lat' dir='ltr'><strong>factm</strong></span> <span class='ocrx_word' id='word_1_616' title='bbox 2379 3734 2529 3791; x_wconf 86' lang='lat' dir='ltr'><strong>sunt,</strong></span> <span class='ocrx_word' id='word_1_617' title='bbox 2561 3735 2942 3795; x_wconf 78' lang='lat' dir='ltr'><strong>exspectantes</strong></span> <span class='ocrx_word' id='word_1_618' title='bbox 2966 3724 3338 3795; x_wconf 83' lang='lat' dir='ltr'><strong>splendorem,</strong></span> <span class='ocrx_word' id='word_1_619' title='bbox 3391 3724 3445 3777; x_wconf 91' lang='lat' dir='ltr'><strong>in</strong></span> <span class='ocrx_word' id='word_1_620' title='bbox 3480 3731 3642 3777; x_wconf 89' lang='lat' dir='ltr'><strong>nocte</strong></span> 
     </span>
    </p>
   </div>
   <div class='ocr_carea' id='block_1_79' title="bbox 2071 3813 3641 3881">
    <p class='ocr_par' dir='ltr' id='par_1_79' title="bbox 2071 3813 3641 3881">
     <span class='ocr_line' id='line_1_79' title="bbox 2071 3813 3641 3881; baseline -0.004 -7"><span class='ocrx_word' id='word_1_621' title='bbox 2071 3818 2494 3875; x_wconf 77' lang='lat' dir='ltr'><strong>ambulaverunt</strong></span> <span class='ocrx_word' id='word_1_622' title='bbox 2521 3818 2587 3873; x_wconf 81' lang='grc'><strong>⁷⁸.</strong></span> <span class='ocrx_word' id='word_1_623' title='bbox 2628 3837 2647 3869; x_wconf 74' lang='grc' dir='ltr'><strong>ο</strong></span> <span class='ocrx_word' id='word_1_624' title='bbox 2681 3817 3110 3873; x_wconf 72' lang='lat' dir='ltr'><strong>Permansesunt</strong></span> <span class='ocrx_word' id='word_1_625' title='bbox 3147 3814 3295 3870; x_wconf 89' lang='lat' dir='ltr'><strong>enim</strong></span> <span class='ocrx_word' id='word_1_626' title='bbox 3328 3813 3452 3870; x_wconf 90' lang='lat' dir='ltr'><strong>duri</strong></span> <span class='ocrx_word' id='word_1_627' title='bbox 3478 3820 3641 3881; x_wconf 86' lang='lat' dir='ltr'><strong>atque</strong></span> 
     </span>
    </p>
   </div>
   <div class='ocr_carea' id='block_1_80' title="bbox 2071 3902 3639 3980">
    <p class='ocr_par' dir='ltr' id='par_1_80' title="bbox 2071 3902 3639 3980">
     <span class='ocr_line' id='line_1_80' title="bbox 2071 3902 3639 3980; baseline -0.007 -12"><span class='ocrx_word' id='word_1_628' title='bbox 2071 3911 2327 3976; x_wconf 83' lang='lat' dir='ltr'><strong>ell‘renes,</strong></span> <span class='ocrx_word' id='word_1_629' title='bbox 2353 3925 2531 3980; x_wconf 88' lang='lat' dir='ltr'><strong>neque</strong></span> <span class='ocrx_word' id='word_1_630' title='bbox 2568 3910 2736 3964; x_wconf 88' lang='lat' dir='ltr'><strong>ullam</strong></span> <span class='ocrx_word' id='word_1_631' title='bbox 2794 3909 3029 3964; x_wconf 83' lang='lat' dir='ltr'><strong>omnino</strong></span> <span class='ocrx_word' id='word_1_632' title='bbox 3069 3906 3318 3961; x_wconf 89' lang='lat' dir='ltr'><strong>utilitatis</strong></span> <span class='ocrx_word' id='word_1_633' title='bbox 3369 3902 3639 3959; x_wconf 87' lang='lat' dir='ltr'><strong>rationem</strong></span> 
     </span>
    </p>
   </div>
   <div class='ocr_carea' id='block_1_81' title="bbox 2074 3992 3640 4066">
    <p class='ocr_par' dir='ltr' id='par_1_81' title="bbox 2074 3992 3640 4066">
     <span class='ocr_line' id='line_1_81' title="bbox 2074 3992 3640 4066; baseline -0.005 -10"><span class='ocrx_word' id='word_1_634' title='bbox 2074 4001 2405 4064; x_wconf 84' lang='lat' dir='ltr'><strong>habuerunt,</strong></span> <span class='ocrx_word' id='word_1_635' title='bbox 2437 4008 2533 4054; x_wconf 85' lang='lat' dir='ltr'><strong>aut</strong></span> <span class='ocrx_word' id='word_1_636' title='bbox 2555 4012 2745 4053; x_wconf 86' lang='lat' dir='ltr'><strong>eorum</strong></span> <span class='ocrx_word' id='word_1_637' title='bbox 2771 4011 2869 4064; x_wconf 89' lang='lat' dir='ltr'><strong>per</strong></span> <span class='ocrx_word' id='word_1_638' title='bbox 2891 4012 3013 4066; x_wconf 62' lang='lat' dir='ltr'><strong>quae</strong></span> <span class='ocrx_word' id='word_1_639' title='bbox 3041 3995 3291 4052; x_wconf 87' lang='lat' dir='ltr'><strong>licuisset</strong></span> <span class='ocrx_word' id='word_1_640' title='bbox 3320 3993 3456 4066; x_wconf 84' lang='lat' dir='ltr'><strong>ipsis</strong></span> <span class='ocrx_word' id='word_1_641' title='bbox 3479 3992 3640 4049; x_wconf 80' lang='lat' dir='ltr'><strong>noxia</strong></span> 
     </span>
    </p>
   </div>
   <div class='ocr_carea' id='block_1_82' title="bbox 2072 4076 3640 4163">
    <p class='ocr_par' dir='ltr' id='par_1_82' title="bbox 2072 4076 3640 4163">
     <span class='ocr_line' id='line_1_82' title="bbox 2072 4076 3640 4163; baseline -0.007 -13"><span class='ocrx_word' id='word_1_642' title='bbox 2072 4093 2329 4163; x_wconf 59' lang='grc' dir='ltr'>εποδε-τε.</span> <span class='ocrx_word' id='word_1_643' title='bbox 2351 4088 2687 4147; x_wconf 84' lang='lat' dir='ltr'><strong>lnclamabat</strong></span> <span class='ocrx_word' id='word_1_644' title='bbox 2709 4088 2854 4145; x_wconf 88' lang='lat' dir='ltr'><strong>enim</strong></span> <span class='ocrx_word' id='word_1_645' title='bbox 2881 4087 3133 4146; x_wconf 87' lang='lat' dir='ltr'><strong>Christus</strong></span> <span class='ocrx_word' id='word_1_646' title='bbox 3169 4104 3186 4154; x_wconf 86' lang='lat'><strong>;</strong></span> <span class='ocrx_word' id='word_1_647' title='bbox 3215 4076 3234 4141; x_wconf 76' lang='grc' dir='ltr'><strong>ι</strong></span> <span class='ocrx_word' id='word_1_648' title='bbox 3268 4085 3382 4156; x_wconf 74' lang='lat' dir='ltr'><strong>Ego</strong></span> <span class='ocrx_word' id='word_1_649' title='bbox 3407 4100 3529 4141; x_wconf 90' lang='lat' dir='ltr'><strong>sum</strong></span> <span class='ocrx_word' id='word_1_650' title='bbox 3549 4082 3640 4139; x_wconf 78' lang='lat' dir='ltr'><strong>lux</strong></span> 
     </span>
    </p>
   </div>
   <div class='ocr_carea' id='block_1_83' title="bbox 2073 4177 3643 4246">
    <p class='ocr_par' dir='ltr' id='par_1_83' title="bbox 2073 4177 3643 4246">
     <span class='ocr_line' id='line_1_83' title="bbox 2073 4177 3643 4246; baseline -0.005 -5"><span class='ocrx_word' id='word_1_651' title='bbox 2073 4184 2264 4241; x_wconf 89' lang='lat' dir='ltr'><strong>mundi</strong></span> <span class='ocrx_word' id='word_1_652' title='bbox 2298 4183 2368 4239; x_wconf 80' lang='lat'><strong>&quot;.</strong></span> <span class='ocrx_word' id='word_1_653' title='bbox 2414 4200 2433 4235; x_wconf 74' lang='grc' dir='ltr'><strong>ι</strong></span> <span class='ocrx_word' id='word_1_654' title='bbox 2464 4182 2529 4238; x_wconf 81' lang='lat' dir='ltr'><strong>Et</strong></span> <span class='ocrx_word' id='word_1_655' title='bbox 2564 4199 2580 4236; x_wconf 92' lang='lat'><strong>:</strong></span> <span class='ocrx_word' id='word_1_656' title='bbox 2619 4200 2638 4235; x_wconf 83' lang='grc' dir='ltr'><strong>ι</strong></span> <span class='ocrx_word' id='word_1_657' title='bbox 2682 4181 2818 4236; x_wconf 85' lang='lat' dir='ltr'><strong>Dum</strong></span> <span class='ocrx_word' id='word_1_658' title='bbox 2874 4179 3048 4236; x_wconf 86' lang='lat' dir='ltr'><strong>lucem</strong></span> <span class='ocrx_word' id='word_1_659' title='bbox 3078 4179 3316 4246; x_wconf 82' lang='lat' dir='ltr'><strong>habetis,</strong></span> <span class='ocrx_word' id='word_1_660' title='bbox 3365 4177 3643 4234; x_wconf 84' lang='lat' dir='ltr'><strong>ambulate</strong></span> 
     </span>
    </p>
   </div>
   <div class='ocr_carea' id='block_1_84' title="bbox 390 4269 1960 4374">
    <p class='ocr_par' dir='ltr' id='par_1_84' title="bbox 390 4269 1960 4343">
     <span class='ocr_line' id='line_1_84' title="bbox 390 4269 1960 4343; baseline -0.003 -18"><span class='ocrx_word' id='word_1_661' title='bbox 390 4273 502 4343; x_wconf 70' lang='grc' dir='ltr'>γὰρ</span> <span class='ocrx_word' id='word_1_662' title='bbox 539 4272 569 4325; x_wconf 84' lang='grc' dir='ltr'>ὁ</span> <span class='ocrx_word' id='word_1_663' title='bbox 608 4269 875 4341; x_wconf 74' lang='grc' dir='ltr'>Χριστόςο</span> <span class='ocrx_word' id='word_1_664' title='bbox 912 4289 931 4321; x_wconf 81' lang='grc' dir='ltr'><strong>ι</strong></span> <span class='ocrx_word' id='word_1_665' title='bbox 979 4269 1119 4338; x_wconf 83' lang='grc' dir='ltr'><strong>Ἐγώ</strong></span> <span class='ocrx_word' id='word_1_666' title='bbox 1163 4271 1279 4341; x_wconf 86' lang='grc' dir='ltr'>εἰμι</span> <span class='ocrx_word' id='word_1_667' title='bbox 1324 4271 1387 4323; x_wconf 84' lang='grc' dir='ltr'>τὸ</span> <span class='ocrx_word' id='word_1_668' title='bbox 1416 4269 1531 4341; x_wconf 80' lang='grc' dir='ltr'><strong>φῶς</strong></span> <span class='ocrx_word' id='word_1_669' title='bbox 1560 4269 1654 4325; x_wconf 85' lang='grc' dir='ltr'><strong>τοῦ</strong></span> <span class='ocrx_word' id='word_1_670' title='bbox 1685 4269 1910 4336; x_wconf 82' lang='grc' dir='ltr'>κόσμου.</span> <span class='ocrx_word' id='word_1_671' title='bbox 1940 4287 1960 4321; x_wconf 75' lang='grc' dir='ltr'><strong>ι</strong></span> 
     </span>
    </p>
   </div>
   <div class='ocr_carea' id='block_1_85' title="bbox 2061 4269 3644 4374">
    <p class='ocr_par' dir='ltr' id='par_1_85' title="bbox 2075 4270 3644 4343">
     <span class='ocr_line' id='line_1_85' title="bbox 2075 4270 3644 4343; baseline -0.006 -10"><span class='ocrx_word' id='word_1_672' title='bbox 2075 4279 2130 4334; x_wconf 90' lang='lat' dir='ltr'><strong>in</strong></span> <span class='ocrx_word' id='word_1_673' title='bbox 2169 4279 2316 4343; x_wconf 88' lang='lat' dir='ltr'><strong>luce,</strong></span> <span class='ocrx_word' id='word_1_674' title='bbox 2344 4289 2414 4334; x_wconf 88' lang='lat' dir='ltr'><strong>ne</strong></span> <span class='ocrx_word' id='word_1_675' title='bbox 2470 4289 2570 4330; x_wconf 86' lang='lat' dir='ltr'><strong>vos</strong></span> <span class='ocrx_word' id='word_1_676' title='bbox 2631 4274 2867 4331; x_wconf 59' lang='lat' dir='ltr'><strong>tenebrat</strong></span> <span class='ocrx_word' id='word_1_677' title='bbox 2906 4272 3375 4342; x_wconf 88' lang='lat' dir='ltr'><strong>comprehendant</strong></span> <span class='ocrx_word' id='word_1_678' title='bbox 3399 4270 3467 4328; x_wconf 82' lang='lat'><strong>&#39;°.</strong></span> <span class='ocrx_word' id='word_1_679' title='bbox 3504 4289 3523 4324; x_wconf 77' lang='grc' dir='ltr'><strong>ι</strong></span> <span class='ocrx_word' id='word_1_680' title='bbox 3573 4270 3644 4325; x_wconf 77' lang='lat' dir='ltr'><strong>At</strong></span> 
     </span>
    </p>
   </div>
   <div class='ocr_carea' id='block_1_86' title="bbox 395 4356 1964 4434">
    <p class='ocr_par' dir='ltr' id='par_1_86' title="bbox 395 4356 1964 4434">
     <span class='ocr_line' id='line_1_86' title="bbox 395 4356 1964 4434; baseline -0.004 -14"><span class='ocrx_word' id='word_1_681' title='bbox 395 4368 529 4429; x_wconf 70' lang='grc' dir='ltr'>Καὶ,</span> <span class='ocrx_word' id='word_1_682' title='bbox 571 4384 590 4417; x_wconf 79' lang='grc' dir='ltr'><strong>ι</strong></span> <span class='ocrx_word' id='word_1_683' title='bbox 621 4365 769 4428; x_wconf 81' lang='grc' dir='ltr'>Ἕως</span> <span class='ocrx_word' id='word_1_684' title='bbox 808 4356 870 4418; x_wconf 79' lang='grc' dir='ltr'><strong>οῦ</strong></span> <span class='ocrx_word' id='word_1_685' title='bbox 899 4362 961 4417; x_wconf 83' lang='grc' dir='ltr'>τὸ</span> <span class='ocrx_word' id='word_1_686' title='bbox 1002 4362 1117 4429; x_wconf 78' lang='grc' dir='ltr'><strong>φῶς</strong></span> <span class='ocrx_word' id='word_1_687' title='bbox 1155 4362 1329 4433; x_wconf 74' lang='grc' dir='ltr'>ἔχετε,</span> <span class='ocrx_word' id='word_1_688' title='bbox 1383 4363 1732 4434; x_wconf 84' lang='grc' dir='ltr'>περιπατεῖτε</span> <span class='ocrx_word' id='word_1_689' title='bbox 1786 4363 1845 4415; x_wconf 77' lang='grc' dir='ltr'>ὲν</span> <span class='ocrx_word' id='word_1_690' title='bbox 1889 4359 1964 4433; x_wconf 79' lang='grc' dir='ltr'>τῷ</span> 
     </span>
    </p>
   </div>
   <div class='ocr_carea' id='block_1_87' title="bbox 394 4447 1966 4527">
    <p class='ocr_par' dir='ltr' id='par_1_87' title="bbox 394 4447 1966 4527">
     <span class='ocr_line' id='line_1_87' title="bbox 394 4447 1966 4527; baseline -0.002 -18"><span class='ocrx_word' id='word_1_691' title='bbox 394 4456 558 4526; x_wconf 68' lang='grc' dir='ltr'>φωτὶ,</span> <span class='ocrx_word' id='word_1_692' title='bbox 591 4454 681 4509; x_wconf 81' lang='grc' dir='ltr'><strong>ἴνα</strong></span> <span class='ocrx_word' id='word_1_693' title='bbox 706 4456 779 4527; x_wconf 85' lang='grc' dir='ltr'>μὴ</span> <span class='ocrx_word' id='word_1_694' title='bbox 818 4457 851 4524; x_wconf 79' lang='grc' dir='ltr'>ἡ</span> <span class='ocrx_word' id='word_1_695' title='bbox 879 4455 1067 4508; x_wconf 81' lang='grc' dir='ltr'>σκοτία</span> <span class='ocrx_word' id='word_1_696' title='bbox 1090 4454 1234 4526; x_wconf 76' lang='grc' dir='ltr'>ὑμᾶς</span> <span class='ocrx_word' id='word_1_697' title='bbox 1267 4453 1563 4524; x_wconf 73' lang='grc' dir='ltr'>καταλάϐῃ.</span> <span class='ocrx_word' id='word_1_698' title='bbox 1596 4474 1611 4503; x_wconf 77' lang='grc' dir='ltr'><strong>ι</strong></span> <span class='ocrx_word' id='word_1_699' title='bbox 1644 4454 1705 4507; x_wconf 88' lang='grc' dir='ltr'><strong>Οί</strong></span> <span class='ocrx_word' id='word_1_700' title='bbox 1735 4452 1792 4506; x_wconf 81' lang='grc' dir='ltr'>δὲ</span> <span class='ocrx_word' id='word_1_701' title='bbox 1825 4447 1966 4523; x_wconf 77' lang='grc' dir='ltr'>ἦσαν</span> 
     </span>
    </p>
   </div>
   <div class='ocr_carea' id='block_1_88' title="bbox 393 4544 1967 4618">
    <p class='ocr_par' dir='ltr' id='par_1_88' title="bbox 393 4544 1967 4618">
     <span class='ocr_line' id='line_1_88' title="bbox 393 4544 1967 4618; baseline 0.003 -22"><span class='ocrx_word' id='word_1_702' title='bbox 393 4550 451 4602; x_wconf 70' lang='grc' dir='ltr'>ὲν</span> <span class='ocrx_word' id='word_1_703' title='bbox 484 4548 588 4618; x_wconf 75' lang='grc' dir='ltr'>ἴσῳ</span> <span class='ocrx_word' id='word_1_704' title='bbox 616 4550 727 4610; x_wconf 87' lang='grc' dir='ltr'>τοῖς</span> <span class='ocrx_word' id='word_1_705' title='bbox 756 4548 858 4600; x_wconf 77' lang='grc' dir='ltr'>οὐκ</span> <span class='ocrx_word' id='word_1_706' title='bbox 900 4546 1086 4617; x_wconf 78' lang='grc' dir='ltr'>ἔχουσι</span> <span class='ocrx_word' id='word_1_707' title='bbox 1125 4544 1270 4609; x_wconf 89' lang='grc' dir='ltr'>νοῦν,</span> <span class='ocrx_word' id='word_1_708' title='bbox 1325 4544 1358 4615; x_wconf 80' lang='grc' dir='ltr'><strong>ἢ</strong></span> <span class='ocrx_word' id='word_1_709' title='bbox 1403 4545 1625 4617; x_wconf 73' lang='grc' dir='ltr'>φρένας.</span> <span class='ocrx_word' id='word_1_710' title='bbox 1681 4544 1967 4615; x_wconf 79' lang='grc' dir='ltr'>Τοιγάρτοι</span> 
     </span>
    </p>
   </div>
   <div class='ocr_carea' id='block_1_89' title="bbox 392 4634 1966 4708">
    <p class='ocr_par' dir='ltr' id='par_1_89' title="bbox 392 4634 1966 4708">
     <span class='ocr_line' id='line_1_89' title="bbox 392 4634 1966 4708; baseline -0.003 -15"><span class='ocrx_word' id='word_1_711' title='bbox 392 4638 493 4693; x_wconf 66' lang='grc' dir='ltr'>καὶ</span> <span class='ocrx_word' id='word_1_712' title='bbox 516 4637 936 4708; x_wconf 75' lang='grc' dir='ltr'>κατελήφθησαν</span> <span class='ocrx_word' id='word_1_713' title='bbox 964 4635 1070 4690; x_wconf 77' lang='grc' dir='ltr'><strong>ὑπὸ</strong></span> <span class='ocrx_word' id='word_1_714' title='bbox 1101 4635 1203 4705; x_wconf 79' lang='grc' dir='ltr'>τῆς</span> <span class='ocrx_word' id='word_1_715' title='bbox 1245 4635 1486 4698; x_wconf 84' lang='grc' dir='ltr'>σκοτίας,</span> <span class='ocrx_word' id='word_1_716' title='bbox 1512 4635 1608 4690; x_wconf 75' lang='grc' dir='ltr'>καὶ</span> <span class='ocrx_word' id='word_1_717' title='bbox 1632 4634 1966 4689; x_wconf 80' lang='grc' dir='ltr'>διατελοῦσιν</span> 
     </span>
    </p>
   </div>
   <div class='ocr_carea' id='block_1_90' title="bbox 393 4723 1962 4798">
    <p class='ocr_par' dir='ltr' id='par_1_90' title="bbox 393 4723 1962 4798">
     <span class='ocr_line' id='line_1_90' title="bbox 393 4723 1962 4798; baseline 0.008 -22"><span class='ocrx_word' id='word_1_718' title='bbox 393 4728 470 4791; x_wconf 70' lang='grc' dir='ltr'>ὡς</span> <span class='ocrx_word' id='word_1_719' title='bbox 521 4729 581 4782; x_wconf 80' lang='grc' dir='ltr'>ὲν</span> <span class='ocrx_word' id='word_1_720' title='bbox 624 4728 800 4790; x_wconf 70' lang='grc' dir='ltr'>νυκτὶ,</span> <span class='ocrx_word' id='word_1_721' title='bbox 846 4725 1102 4798; x_wconf 79' lang='grc' dir='ltr'>ἀμέτοχοι</span> <span class='ocrx_word' id='word_1_722' title='bbox 1134 4724 1409 4788; x_wconf 80' lang='grc' dir='ltr'>παντελῶς</span> <span class='ocrx_word' id='word_1_723' title='bbox 1438 4723 1536 4794; x_wconf 81' lang='grc' dir='ltr'>τῆς</span> <span class='ocrx_word' id='word_1_724' title='bbox 1581 4723 1729 4788; x_wconf 81' lang='grc' dir='ltr'>θείας</span> <span class='ocrx_word' id='word_1_725' title='bbox 1767 4723 1962 4793; x_wconf 76' lang='grc' dir='ltr'>αὐγῆς.</span> 
     </span>
    </p>
   </div>
   <div class='ocr_carea' id='block_1_91' title="bbox 393 4813 1971 4887">
    <p class='ocr_par' dir='ltr' id='par_1_91' title="bbox 393 4813 1971 4887">
     <span class='ocr_line' id='line_1_91' title="bbox 393 4813 1971 4887; baseline -0.004 -15"><span class='ocrx_word' id='word_1_726' title='bbox 393 4819 491 4872; x_wconf 68' lang='grc' dir='ltr'>καὶ</span> <span class='ocrx_word' id='word_1_727' title='bbox 522 4817 584 4872; x_wconf 79' lang='grc' dir='ltr'>τὸ</span> <span class='ocrx_word' id='word_1_728' title='bbox 627 4816 742 4887; x_wconf 68' lang='grc' dir='ltr'><strong>φῶς</strong></span> <span class='ocrx_word' id='word_1_729' title='bbox 777 4816 840 4870; x_wconf 79' lang='grc' dir='ltr'>τὸ</span> <span class='ocrx_word' id='word_1_730' title='bbox 878 4816 1021 4869; x_wconf 82' lang='grc' dir='ltr'>θεῖον</span> <span class='ocrx_word' id='word_1_731' title='bbox 1068 4815 1169 4868; x_wconf 79' lang='grc' dir='ltr'>οὐκ</span> <span class='ocrx_word' id='word_1_732' title='bbox 1210 4813 1454 4886; x_wconf 80' lang='grc' dir='ltr'>ἔχοντες·</span> <span class='ocrx_word' id='word_1_733' title='bbox 1488 4815 1549 4868; x_wconf 75' lang='grc' dir='ltr'>οὐ</span> <span class='ocrx_word' id='word_1_734' title='bbox 1597 4816 1809 4868; x_wconf 83' lang='grc' dir='ltr'>συνιᾶσι</span> <span class='ocrx_word' id='word_1_735' title='bbox 1862 4814 1971 4885; x_wconf 84' lang='grc' dir='ltr'><strong>γὰρ</strong></span> 
     </span>
    </p>
   </div>
   <div class='ocr_carea' id='block_1_92' title="bbox 395 4902 1971 4975">
    <p class='ocr_par' dir='ltr' id='par_1_92' title="bbox 395 4902 1971 4975">
     <span class='ocr_line' id='line_1_92' title="bbox 395 4902 1971 4975; baseline -0.003 -15"><span class='ocrx_word' id='word_1_736' title='bbox 395 4905 678 4969; x_wconf 79' lang='grc' dir='ltr'>παντελῶς</span> <span class='ocrx_word' id='word_1_737' title='bbox 725 4905 824 4975; x_wconf 78' lang='grc' dir='ltr'>τὴν</span> <span class='ocrx_word' id='word_1_738' title='bbox 859 4903 1212 4958; x_wconf 81' lang='grc' dir='ltr'>θεόπνευστον</span> <span class='ocrx_word' id='word_1_739' title='bbox 1253 4904 1291 4956; x_wconf 90' lang='grc' dir='ltr'><strong><em>Γ</em></strong></span> <span class='ocrx_word' id='word_1_740' title='bbox 1297 4904 1493 4974; x_wconf 66' lang='grc' dir='ltr'>ραφήν.</span> <span class='ocrx_word' id='word_1_741' title='bbox 1540 4903 1652 4955; x_wconf 72' lang='grc' dir='ltr'><strong>Καὶ</strong></span> <span class='ocrx_word' id='word_1_742' title='bbox 1684 4902 1770 4956; x_wconf 82' lang='grc' dir='ltr'><strong>διὰ</strong></span> <span class='ocrx_word' id='word_1_743' title='bbox 1813 4902 1971 4956; x_wconf 88' lang='grc' dir='ltr'>ποίαν</span> 
     </span>
    </p>
   </div>
   <div class='ocr_carea' id='block_1_93' title="bbox 392 4992 1969 5067">
    <p class='ocr_par' dir='ltr' id='par_1_93' title="bbox 392 4992 1969 5067">
     <span class='ocr_line' id='line_1_93' title="bbox 392 4992 1969 5067; baseline -0.004 -14"><span class='ocrx_word' id='word_1_744' title='bbox 392 4999 601 5060; x_wconf 77' lang='grc' dir='ltr'>αἰτίαν,</span> <span class='ocrx_word' id='word_1_745' title='bbox 648 4999 905 5067; x_wconf 77' lang='grc' dir='ltr'>σαφηνιεῖ</span> <span class='ocrx_word' id='word_1_746' title='bbox 933 4995 1107 5064; x_wconf 76' lang='grc' dir='ltr'>λέγων</span> <span class='ocrx_word' id='word_1_747' title='bbox 1155 4997 1287 5065; x_wconf 80' lang='grc' dir='ltr'>ἡμῖν</span> <span class='ocrx_word' id='word_1_748' title='bbox 1330 4997 1358 5048; x_wconf 85' lang='grc' dir='ltr'>ὁ</span> <span class='ocrx_word' id='word_1_749' title='bbox 1390 4992 1673 5058; x_wconf 79' lang='grc' dir='ltr'>θεσπέσιος</span> <span class='ocrx_word' id='word_1_750' title='bbox 1725 4993 1969 5058; x_wconf 82' lang='grc' dir='ltr'>Παῦλος’</span> 
     </span>
    </p>
   </div>
   <div class='ocr_carea' id='block_1_94' title="bbox 399 5084 1973 5160">
    <p class='ocr_par' dir='ltr' id='par_1_94' title="bbox 399 5084 1973 5160">
     <span class='ocr_line' id='line_1_94' title="bbox 399 5084 1973 5160; baseline -0.002 -18"><span class='ocrx_word' id='word_1_751' title='bbox 399 5110 417 5141; x_wconf 77' lang='grc' dir='ltr'><strong>ι</strong></span> <span class='ocrx_word' id='word_1_752' title='bbox 459 5090 627 5160; x_wconf 73' lang='grc' dir='ltr'>Ἄχρι</span> <span class='ocrx_word' id='word_1_753' title='bbox 654 5089 763 5159; x_wconf 79' lang='grc' dir='ltr'>γὰρ</span> <span class='ocrx_word' id='word_1_754' title='bbox 784 5088 883 5158; x_wconf 84' lang='grc' dir='ltr'>τῆς</span> <span class='ocrx_word' id='word_1_755' title='bbox 919 5088 1159 5159; x_wconf 84' lang='grc' dir='ltr'>σήμερον</span> <span class='ocrx_word' id='word_1_756' title='bbox 1193 5086 1405 5157; x_wconf 76' lang='grc' dir='ltr'>ἡμέρας</span> <span class='ocrx_word' id='word_1_757' title='bbox 1443 5084 1503 5138; x_wconf 77' lang='grc' dir='ltr'>τὸ</span> <span class='ocrx_word' id='word_1_758' title='bbox 1540 5085 1670 5140; x_wconf 71' lang='grc' dir='ltr'>αὐτὸ</span> <span class='ocrx_word' id='word_1_759' title='bbox 1710 5085 1973 5157; x_wconf 80' lang='grc' dir='ltr'>κάλυμμα</span> 
     </span>
    </p>
   </div>
   <div class='ocr_carea' id='block_1_95' title="bbox 394 5176 1971 5251">
    <p class='ocr_par' dir='ltr' id='par_1_95' title="bbox 394 5176 1971 5251">
     <span class='ocr_line' id='line_1_95' title="bbox 394 5176 1971 5251; baseline 0.014 -24"><span class='ocrx_word' id='word_1_760' title='bbox 394 5180 494 5236; x_wconf 67' lang='grc' dir='ltr'>επὶ</span> <span class='ocrx_word' id='word_1_761' title='bbox 532 5182 598 5251; x_wconf 80' lang='grc' dir='ltr'>τῇ</span> <span class='ocrx_word' id='word_1_762' title='bbox 639 5178 941 5248; x_wconf 82' lang='grc' dir='ltr'>ἀναγνώσει</span> <span class='ocrx_word' id='word_1_763' title='bbox 978 5179 1077 5249; x_wconf 81' lang='grc' dir='ltr'>τῆς</span> <span class='ocrx_word' id='word_1_764' title='bbox 1103 5177 1343 5241; x_wconf 81' lang='grc' dir='ltr'>Παλαιᾶς</span> <span class='ocrx_word' id='word_1_765' title='bbox 1380 5176 1654 5248; x_wconf 75' lang='grc' dir='ltr'>Διαθήκης</span> <span class='ocrx_word' id='word_1_766' title='bbox 1703 5176 1851 5245; x_wconf 79' lang='grc' dir='ltr'>μένει</span> <span class='ocrx_word' id='word_1_767' title='bbox 1897 5176 1971 5248; x_wconf 68' lang='grc' dir='ltr'><strong>μὴ</strong></span> 
     </span>
    </p>
   </div>
   <div class='ocr_carea' id='block_1_96' title="bbox 395 5266 1972 5343">
    <p class='ocr_par' dir='ltr' id='par_1_96' title="bbox 395 5266 1972 5343">
     <span class='ocr_line' id='line_1_96' title="bbox 395 5266 1972 5343; baseline -0.004 -17"><span class='ocrx_word' id='word_1_768' title='bbox 395 5271 917 5340; x_wconf 79' lang='grc' dir='ltr'>ἀνακαλυπτόμενον</span> <span class='ocrx_word' id='word_1_769' title='bbox 938 5308 961 5333; x_wconf 82' lang='grc'>,,</span> <span class='ocrx_word' id='word_1_770' title='bbox 984 5269 1067 5323; x_wconf 79' lang='grc' dir='ltr'>ὅτι</span> <span class='ocrx_word' id='word_1_771' title='bbox 1088 5270 1145 5321; x_wconf 78' lang='grc' dir='ltr'>ἐν</span> <span class='ocrx_word' id='word_1_772' title='bbox 1166 5266 1385 5339; x_wconf 82' lang='grc' dir='ltr'>Χριστῷ</span> <span class='ocrx_word' id='word_1_773' title='bbox 1419 5269 1793 5343; x_wconf 63' lang='grc' dir='ltr'><strong>καταργεῖταιτ</strong></span> <span class='ocrx_word' id='word_1_774' title='bbox 1833 5266 1972 5319; x_wconf 77' lang='grc' dir='ltr'>’Λλλ’</span> 
     </span>
    </p>
   </div>
   <div class='ocr_carea' id='block_1_97' title="bbox 397 5358 1972 5433">
    <p class='ocr_par' dir='ltr' id='par_1_97' title="bbox 397 5358 1972 5433">
     <span class='ocr_line' id='line_1_97' title="bbox 397 5358 1972 5433; baseline -0.005 -16"><span class='ocrx_word' id='word_1_775' title='bbox 397 5364 507 5426; x_wconf 77' lang='grc' dir='ltr'>ἓως</span> <span class='ocrx_word' id='word_1_776' title='bbox 542 5363 782 5433; x_wconf 84' lang='grc' dir='ltr'>σήμερον</span> <span class='ocrx_word' id='word_1_777' title='bbox 811 5362 974 5432; x_wconf 83' lang='grc' dir='ltr'>ήνίκα</span> <span class='ocrx_word' id='word_1_778' title='bbox 999 5358 1431 5428; x_wconf 84' lang='grc' dir='ltr'>ἀναγινώσκεται</span> <span class='ocrx_word' id='word_1_779' title='bbox 1453 5358 1679 5428; x_wconf 75' lang='grc' dir='ltr'>Μωσῆς,</span> <span class='ocrx_word' id='word_1_780' title='bbox 1709 5358 1972 5428; x_wconf 75' lang='grc' dir='ltr'>κάλυμμα</span> 
     </span>
    </p>
   </div>
   <div class='ocr_carea' id='block_1_98' title="bbox 400 5449 1971 5525">
    <p class='ocr_par' dir='ltr' id='par_1_98' title="bbox 400 5449 1971 5525">
     <span class='ocr_line' id='line_1_98' title="bbox 400 5449 1971 5525; baseline -0.003 -20"><span class='ocrx_word' id='word_1_781' title='bbox 400 5455 495 5507; x_wconf 67' lang='grc' dir='ltr'>επὶ</span> <span class='ocrx_word' id='word_1_782' title='bbox 532 5454 631 5525; x_wconf 82' lang='grc' dir='ltr'><strong>τήν</strong></span> <span class='ocrx_word' id='word_1_783' title='bbox 674 5452 902 5523; x_wconf 80' lang='grc' dir='ltr'>καρδίαν</span> <span class='ocrx_word' id='word_1_784' title='bbox 941 5451 1121 5505; x_wconf 80' lang='grc' dir='ltr'>αὐτῶν</span> <span class='ocrx_word' id='word_1_785' title='bbox 1160 5453 1354 5504; x_wconf 72' lang='grc' dir='ltr'>κεῖται.</span> <span class='ocrx_word' id='word_1_786' title='bbox 1409 5449 1599 5504; x_wconf 81' lang='grc' dir='ltr'>Ἡνίκα</span> <span class='ocrx_word' id='word_1_787' title='bbox 1648 5449 1693 5503; x_wconf 73' lang='grc' dir='ltr'>δ’</span> <span class='ocrx_word' id='word_1_788' title='bbox 1738 5450 1803 5503; x_wconf 79' lang='grc' dir='ltr'>ἂν</span> <span class='ocrx_word' id='word_1_789' title='bbox 1852 5449 1971 5501; x_wconf 80' lang='grc' dir='ltr'>ἐπι-</span> 
     </span>
    </p>
   </div>
   <div class='ocr_carea' id='block_1_99' title="bbox 478 5636 1040 5698">
    <p class='ocr_par' dir='ltr' id='par_1_99' title="bbox 478 5636 1040 5698">
     <span class='ocr_line' id='line_1_99' title="bbox 478 5636 1040 5698; baseline 0.004 -11"><span class='ocrx_word' id='word_1_790' title='bbox 478 5638 523 5667; x_wconf 73' lang='lat'><strong>”</strong></span> <span class='ocrx_word' id='word_1_791' title='bbox 562 5636 665 5690; x_wconf 80' lang='lat' dir='ltr'><strong>lsa.</strong></span> <span class='ocrx_word' id='word_1_792' title='bbox 696 5652 799 5694; x_wconf 65' lang='lat' dir='ltr'><strong>Lm,</strong></span> <span class='ocrx_word' id='word_1_793' title='bbox 840 5636 923 5698; x_wconf 80' lang='grc' dir='ltr'>Ιθ,</span> <span class='ocrx_word' id='word_1_794' title='bbox 961 5636 1040 5689; x_wconf 89' lang='lat' dir='ltr'><strong>ll.</strong></span> 
     </span>
    </p>
   </div>
   <div class='ocr_carea' id='block_1_100' title="bbox 405 5706 1151 5765">
    <p class='ocr_par' dir='ltr' id='par_1_100' title="bbox 405 5706 1151 5765">
     <span class='ocr_line' id='line_1_100' title="bbox 405 5706 1151 5765; baseline 0 -8"><span class='ocrx_word' id='word_1_795' title='bbox 405 5722 486 5765; x_wconf 82' lang='grc' dir='ltr'>ιιι.</span> <span class='ocrx_word' id='word_1_796' title='bbox 529 5708 605 5761; x_wconf 34' lang='lat' dir='ltr'><strong>l9.</strong></span> <span class='ocrx_word' id='word_1_797' title='bbox 720 5707 765 5736; x_wconf 71' lang='grc' dir='ltr'><strong>τ’</strong></span> <span class='ocrx_word' id='word_1_798' title='bbox 816 5707 915 5759; x_wconf 84' lang='lat' dir='ltr'><strong>lsa.</strong></span> <span class='ocrx_word' id='word_1_799' title='bbox 965 5722 1068 5761; x_wconf 72' lang='lat' dir='ltr'><strong>Lux.</strong></span> <span class='ocrx_word' id='word_1_800' title='bbox 1100 5706 1151 5760; x_wconf 80' lang='lat'><strong>9.</strong></span> 
     </span>
    </p>
   </div>
   <div class='ocr_carea' id='block_1_101' title="bbox 1118 5633 2201 5698">
    <p class='ocr_par' dir='ltr' id='par_1_101' title="bbox 1118 5633 2201 5698">
     <span class='ocr_line' id='line_1_101' title="bbox 1118 5633 2201 5698; baseline 0.001 -10"><span class='ocrx_word' id='word_1_801' title='bbox 1118 5635 1163 5666; x_wconf 82' lang='grc'>⁷³</span> <span class='ocrx_word' id='word_1_802' title='bbox 1194 5633 1310 5688; x_wconf 74' lang='lat' dir='ltr'><strong>Act.</strong></span> <span class='ocrx_word' id='word_1_803' title='bbox 1354 5650 1463 5695; x_wconf 83' lang='lat' dir='ltr'><strong>vm,</strong></span> <span class='ocrx_word' id='word_1_804' title='bbox 1499 5633 1586 5687; x_wconf 80' lang='lat'><strong>50.</strong></span> <span class='ocrx_word' id='word_1_805' title='bbox 1665 5633 1709 5663; x_wconf 72' lang='grc'>⁷⁸</span> <span class='ocrx_word' id='word_1_806' title='bbox 1756 5634 1956 5687; x_wconf 69' lang='lat' dir='ltr'><strong>Jovem.</strong></span> <span class='ocrx_word' id='word_1_807' title='bbox 2010 5652 2061 5698; x_wconf 88' lang='lat' dir='ltr'><strong>v,</strong></span> <span class='ocrx_word' id='word_1_808' title='bbox 2113 5635 2201 5689; x_wconf 72' lang='lat'><strong>2|.</strong></span> 
     </span>
    </p>
   </div>
   <div class='ocr_carea' id='block_1_102' title="bbox 1247 5702 2300 5767">
    <p class='ocr_par' dir='ltr' id='par_1_102' title="bbox 1247 5702 2300 5767">
     <span class='ocr_line' id='line_1_102' title="bbox 1247 5702 2300 5767; baseline 0.001 -9"><span class='ocrx_word' id='word_1_809' title='bbox 1247 5705 1291 5735; x_wconf 70' lang='grc'><strong>⁷⁵</strong></span> <span class='ocrx_word' id='word_1_810' title='bbox 1320 5702 1474 5758; x_wconf 79' lang='lat' dir='ltr'><strong>Joan.</strong></span> <span class='ocrx_word' id='word_1_811' title='bbox 1507 5720 1617 5767; x_wconf 82' lang='lat' dir='ltr'><strong>vm,</strong></span> <span class='ocrx_word' id='word_1_812' title='bbox 1665 5704 1744 5758; x_wconf 70' lang='lat' dir='ltr'><strong>l2.</strong></span> <span class='ocrx_word' id='word_1_813' title='bbox 1825 5704 1867 5733; x_wconf 76' lang='grc' dir='ltr'><strong>³ο</strong></span> <span class='ocrx_word' id='word_1_814' title='bbox 1903 5702 2057 5761; x_wconf 80' lang='lat' dir='ltr'><strong>Juan.</strong></span> <span class='ocrx_word' id='word_1_815' title='bbox 2090 5721 2183 5767; x_wconf 76' lang='lat' dir='ltr'><strong>xu.</strong></span> <span class='ocrx_word' id='word_1_816' title='bbox 2213 5707 2300 5760; x_wconf 73' lang='lat'><strong>55.</strong></span> 
     </span>
    </p>
   </div>
   <div class='ocr_carea' id='block_1_103' title="bbox 2072 4361 3641 4432">
    <p class='ocr_par' dir='ltr' id='par_1_103' title="bbox 2072 4361 3641 4432">
     <span class='ocr_line' id='line_1_103' title="bbox 2072 4361 3641 4432; baseline -0.005 -7"><span class='ocrx_word' id='word_1_817' title='bbox 2072 4385 2199 4428; x_wconf 83' lang='lat' dir='ltr'><strong>vero</strong></span> <span class='ocrx_word' id='word_1_818' title='bbox 2220 4369 2314 4430; x_wconf 79' lang='lat' dir='ltr'><strong>isti</strong></span> <span class='ocrx_word' id='word_1_819' title='bbox 2345 4384 2470 4426; x_wconf 75' lang='lat' dir='ltr'><strong>eum</strong></span> <span class='ocrx_word' id='word_1_820' title='bbox 2502 4367 2713 4424; x_wconf 89' lang='lat' dir='ltr'><strong>similes</strong></span> <span class='ocrx_word' id='word_1_821' title='bbox 2732 4372 2919 4422; x_wconf 87' lang='lat' dir='ltr'><strong>essent</strong></span> <span class='ocrx_word' id='word_1_822' title='bbox 2968 4363 3277 4420; x_wconf 82' lang='lat' dir='ltr'><strong>amentibus</strong></span> <span class='ocrx_word' id='word_1_823' title='bbox 3297 4378 3361 4418; x_wconf 88' lang='lat' dir='ltr'><strong>ac</strong></span> <span class='ocrx_word' id='word_1_824' title='bbox 3384 4361 3641 4432; x_wconf 87' lang='lat' dir='ltr'><strong>stupidis,</strong></span> 
     </span>
    </p>
   </div>
   <div class='ocr_carea' id='block_1_104' title="bbox 2072 4452 3644 4523">
    <p class='ocr_par' dir='ltr' id='par_1_104' title="bbox 2072 4452 3644 4523">
     <span class='ocr_line' id='line_1_104' title="bbox 2072 4452 3644 4523; baseline 0.001 -15"><span class='ocrx_word' id='word_1_825' title='bbox 2072 4452 2142 4508; x_wconf 89' lang='lat' dir='ltr'><strong>ab</strong></span> <span class='ocrx_word' id='word_1_826' title='bbox 2167 4452 2299 4523; x_wconf 86' lang='lat' dir='ltr'><strong>ipsis</strong></span> <span class='ocrx_word' id='word_1_827' title='bbox 2333 4452 2578 4509; x_wconf 87' lang='lat' dir='ltr'><strong>tenebris</strong></span> <span class='ocrx_word' id='word_1_828' title='bbox 2612 4452 2937 4522; x_wconf 85' lang='lat' dir='ltr'><strong>apprehensi</strong></span> <span class='ocrx_word' id='word_1_829' title='bbox 2970 4461 3132 4515; x_wconf 89' lang='lat' dir='ltr'><strong>sunt,</strong></span> <span class='ocrx_word' id='word_1_830' title='bbox 3184 4460 3240 4506; x_wconf 90' lang='lat' dir='ltr'><strong>et</strong></span> <span class='ocrx_word' id='word_1_831' title='bbox 3284 4462 3538 4522; x_wconf 87' lang='lat' dir='ltr'><strong>tanquam</strong></span> <span class='ocrx_word' id='word_1_832' title='bbox 3590 4456 3644 4509; x_wconf 93' lang='lat' dir='ltr'><strong>in</strong></span> 
     </span>
    </p>
   </div>
   <div class='ocr_carea' id='block_1_105' title="bbox 2071 4539 3647 4612">
    <p class='ocr_par' dir='ltr' id='par_1_105' title="bbox 2071 4539 3647 4612">
     <span class='ocr_line' id='line_1_105' title="bbox 2071 4539 3647 4612; baseline 0 -15"><span class='ocrx_word' id='word_1_833' title='bbox 2071 4553 2232 4599; x_wconf 87' lang='lat' dir='ltr'><strong>nocte</strong></span> <span class='ocrx_word' id='word_1_834' title='bbox 2253 4552 2553 4608; x_wconf 81' lang='lat' dir='ltr'><strong>versantes,</strong></span> <span class='ocrx_word' id='word_1_835' title='bbox 2578 4541 2729 4597; x_wconf 89' lang='lat' dir='ltr'><strong>nulla</strong></span> <span class='ocrx_word' id='word_1_836' title='bbox 2748 4556 2813 4597; x_wconf 74' lang='lat' dir='ltr'><strong>ex</strong></span> <span class='ocrx_word' id='word_1_837' title='bbox 2840 4550 2990 4611; x_wconf 86' lang='lat' dir='ltr'><strong>parte</strong></span> <span class='ocrx_word' id='word_1_838' title='bbox 3010 4539 3305 4611; x_wconf 85' lang='lat' dir='ltr'><strong>participes</strong></span> <span class='ocrx_word' id='word_1_839' title='bbox 3325 4552 3452 4597; x_wconf 88' lang='lat' dir='ltr'><strong>sunt</strong></span> <span class='ocrx_word' id='word_1_840' title='bbox 3469 4543 3647 4612; x_wconf 86' lang='lat' dir='ltr'><strong>splen-</strong></span> 
     </span>
    </p>
   </div>
   <div class='ocr_carea' id='block_1_106' title="bbox 2071 4632 3649 4699">
    <p class='ocr_par' dir='ltr' id='par_1_106' title="bbox 2071 4632 3649 4699">
     <span class='ocr_line' id='line_1_106' title="bbox 2071 4632 3649 4699; baseline 0 -10"><span class='ocrx_word' id='word_1_841' title='bbox 2071 4634 2224 4691; x_wconf 90' lang='lat' dir='ltr'><strong>doris</strong></span> <span class='ocrx_word' id='word_1_842' title='bbox 2255 4634 2447 4699; x_wconf 86' lang='lat' dir='ltr'><strong>divini,</strong></span> <span class='ocrx_word' id='word_1_843' title='bbox 2482 4648 2584 4689; x_wconf 91' lang='lat' dir='ltr'><strong>nec</strong></span> <span class='ocrx_word' id='word_1_844' title='bbox 2608 4633 2659 4688; x_wconf 90' lang='lat' dir='ltr'><strong>in</strong></span> <span class='ocrx_word' id='word_1_845' title='bbox 2683 4648 2742 4689; x_wconf 91' lang='lat' dir='ltr'><strong>se</strong></span> <span class='ocrx_word' id='word_1_846' title='bbox 2764 4632 3006 4687; x_wconf 88' lang='lat' dir='ltr'><strong>divinam</strong></span> <span class='ocrx_word' id='word_1_847' title='bbox 3030 4633 3206 4689; x_wconf 91' lang='lat' dir='ltr'><strong>lucem</strong></span> <span class='ocrx_word' id='word_1_848' title='bbox 3231 4632 3473 4689; x_wconf 90' lang='lat' dir='ltr'><strong>habent:</strong></span> <span class='ocrx_word' id='word_1_849' title='bbox 3500 4634 3649 4689; x_wconf 89' lang='lat' dir='ltr'><strong>nullo</strong></span> 
     </span>
    </p>
   </div>
   <div class='ocr_carea' id='block_1_107' title="bbox 2070 4724 3648 4796">
    <p class='ocr_par' dir='ltr' id='par_1_107' title="bbox 2070 4724 3648 4796">
     <span class='ocr_line' id='line_1_107' title="bbox 2070 4724 3648 4796; baseline -0.002 -14"><span class='ocrx_word' id='word_1_850' title='bbox 2070 4726 2219 4782; x_wconf 91' lang='lat' dir='ltr'><strong>enim</strong></span> <span class='ocrx_word' id='word_1_851' title='bbox 2242 4724 2406 4781; x_wconf 88' lang='lat' dir='ltr'><strong>modo</strong></span> <span class='ocrx_word' id='word_1_852' title='bbox 2428 4724 2764 4795; x_wconf 86' lang='lat' dir='ltr'><strong>Seripturam</strong></span> <span class='ocrx_word' id='word_1_853' title='bbox 2787 4724 3053 4781; x_wconf 91' lang='lat' dir='ltr'><strong>divinitus</strong></span> <span class='ocrx_word' id='word_1_854' title='bbox 3086 4724 3403 4796; x_wconf 84' lang='lat' dir='ltr'><strong>inspiratam</strong></span> <span class='ocrx_word' id='word_1_855' title='bbox 3442 4726 3648 4783; x_wconf 87' lang='lat' dir='ltr'><strong>intelli-</strong></span> 
     </span>
    </p>
   </div>
   <div class='ocr_carea' id='block_1_108' title="bbox 2066 4814 3646 4886">
    <p class='ocr_par' dir='ltr' id='par_1_108' title="bbox 2066 4814 3646 4886">
     <span class='ocr_line' id='line_1_108' title="bbox 2066 4814 3646 4886; baseline -0.001 -17"><span class='ocrx_word' id='word_1_856' title='bbox 2066 4824 2223 4886; x_wconf 80' lang='lat' dir='ltr'><strong>gunt.</strong></span> <span class='ocrx_word' id='word_1_857' title='bbox 2256 4816 2490 4872; x_wconf 86' lang='lat' dir='ltr'><strong>Causam</strong></span> <span class='ocrx_word' id='word_1_858' title='bbox 2513 4831 2646 4870; x_wconf 82' lang='lat' dir='ltr'><strong>vero</strong></span> <span class='ocrx_word' id='word_1_859' title='bbox 2673 4814 2867 4871; x_wconf 88' lang='lat' dir='ltr'><strong>beatus</strong></span> <span class='ocrx_word' id='word_1_860' title='bbox 2895 4815 3055 4871; x_wconf 84' lang='lat' dir='ltr'><strong>nobis</strong></span> <span class='ocrx_word' id='word_1_861' title='bbox 3072 4815 3275 4872; x_wconf 82' lang='lat' dir='ltr'><strong>Paulus</strong></span> <span class='ocrx_word' id='word_1_862' title='bbox 3309 4815 3646 4872; x_wconf 85' lang='lat' dir='ltr'><strong>declarabit:</strong></span> 
     </span>
    </p>
   </div>
   <div class='ocr_carea' id='block_1_109' title="bbox 2076 4901 3649 4973">
    <p class='ocr_par' dir='ltr' id='par_1_109' title="bbox 2076 4901 3649 4973">
     <span class='ocr_line' id='line_1_109' title="bbox 2076 4901 3649 4973; baseline 0.002 -19"><span class='ocrx_word' id='word_1_863' title='bbox 2076 4922 2099 4954; x_wconf 78' lang='grc' dir='ltr'><strong>ι</strong></span> <span class='ocrx_word' id='word_1_864' title='bbox 2134 4903 2318 4972; x_wconf 88' lang='lat' dir='ltr'><strong>Usque</strong></span> <span class='ocrx_word' id='word_1_865' title='bbox 2361 4901 2429 4958; x_wconf 84' lang='lat' dir='ltr'><strong>ad</strong></span> <span class='ocrx_word' id='word_1_866' title='bbox 2458 4902 2806 4967; x_wconf 90' lang='lat' dir='ltr'><strong>hodiernum,</strong></span> <span class='ocrx_word' id='word_1_867' title='bbox 2845 4903 3121 4973; x_wconf 88' lang='lat' dir='ltr'><strong>inquiens,</strong></span> <span class='ocrx_word' id='word_1_868' title='bbox 3173 4902 3342 4967; x_wconf 88' lang='lat' dir='ltr'><strong>diem,</strong></span> <span class='ocrx_word' id='word_1_869' title='bbox 3399 4903 3649 4957; x_wconf 74' lang='lat' dir='ltr'><strong>velamen</strong></span> 
     </span>
    </p>
   </div>
   <div class='ocr_carea' id='block_1_110' title="bbox 2070 4993 3648 5059">
    <p class='ocr_par' dir='ltr' id='par_1_110' title="bbox 2070 4993 3648 5059">
     <span class='ocr_line' id='line_1_110' title="bbox 2070 4993 3648 5059; baseline -0.001 -11"><span class='ocrx_word' id='word_1_870' title='bbox 2070 4995 2124 5049; x_wconf 90' lang='lat' dir='ltr'><strong>in</strong></span> <span class='ocrx_word' id='word_1_871' title='bbox 2149 4994 2383 5049; x_wconf 89' lang='lat' dir='ltr'><strong>lectione</strong></span> <span class='ocrx_word' id='word_1_872' title='bbox 2402 4994 2611 5049; x_wconf 84' lang='lat' dir='ltr'><strong>Veteris</strong></span> <span class='ocrx_word' id='word_1_873' title='bbox 2626 4993 2958 5051; x_wconf 86' lang='lat' dir='ltr'><strong>Testamenti</strong></span> <span class='ocrx_word' id='word_1_874' title='bbox 2978 5003 3161 5048; x_wconf 88' lang='lat' dir='ltr'><strong>manet</strong></span> <span class='ocrx_word' id='word_1_875' title='bbox 3192 5008 3299 5048; x_wconf 89' lang='lat' dir='ltr'><strong>non</strong></span> <span class='ocrx_word' id='word_1_876' title='bbox 3325 4994 3648 5059; x_wconf 75' lang='lat' dir='ltr'><strong>revelatum,</strong></span> 
     </span>
    </p>
   </div>
   <div class='ocr_carea' id='block_1_111' title="bbox 2068 5082 3648 5155">
    <p class='ocr_par' dir='ltr' id='par_1_111' title="bbox 2068 5082 3648 5155">
     <span class='ocr_line' id='line_1_111' title="bbox 2068 5082 3648 5155; baseline 0.001 -17"><span class='ocrx_word' id='word_1_877' title='bbox 2068 5085 2197 5155; x_wconf 89' lang='lat' dir='ltr'><strong>quia</strong></span> <span class='ocrx_word' id='word_1_878' title='bbox 2249 5082 2470 5140; x_wconf 89' lang='lat' dir='ltr'><strong>Christo</strong></span> <span class='ocrx_word' id='word_1_879' title='bbox 2519 5086 2789 5142; x_wconf 90' lang='lat' dir='ltr'><strong>aboletur.</strong></span> <span class='ocrx_word' id='word_1_880' title='bbox 2863 5086 2969 5142; x_wconf 82' lang='lat' dir='ltr'><strong>Sed</strong></span> <span class='ocrx_word' id='word_1_881' title='bbox 3006 5100 3179 5155; x_wconf 84' lang='lat' dir='ltr'><strong>usque</strong></span> <span class='ocrx_word' id='word_1_882' title='bbox 3220 5085 3275 5141; x_wconf 91' lang='lat' dir='ltr'><strong>in</strong></span> <span class='ocrx_word' id='word_1_883' title='bbox 3323 5086 3648 5141; x_wconf 85' lang='lat' dir='ltr'><strong>hodiernum</strong></span> 
     </span>
    </p>
   </div>
   <div class='ocr_carea' id='block_1_112' title="bbox 2078 5175 3651 5250">
    <p class='ocr_par' dir='ltr' id='par_1_112' title="bbox 2078 5175 3651 5250">
     <span class='ocr_line' id='line_1_112' title="bbox 2078 5175 3651 5250; baseline 0.003 -20"><span class='ocrx_word' id='word_1_884' title='bbox 2078 5175 2225 5230; x_wconf 90' lang='lat' dir='ltr'><strong>diem</strong></span> <span class='ocrx_word' id='word_1_885' title='bbox 2267 5176 2488 5245; x_wconf 87' lang='lat' dir='ltr'><strong>quando</strong></span> <span class='ocrx_word' id='word_1_886' title='bbox 2532 5177 2732 5250; x_wconf 80' lang='lat' dir='ltr'><strong>legitur</strong></span> <span class='ocrx_word' id='word_1_887' title='bbox 2763 5177 2966 5242; x_wconf 82' lang='lat' dir='ltr'><strong>Moses,</strong></span> <span class='ocrx_word' id='word_1_888' title='bbox 3012 5177 3258 5233; x_wconf 84' lang='lat' dir='ltr'><strong>velamen</strong></span> <span class='ocrx_word' id='word_1_889' title='bbox 3300 5177 3356 5233; x_wconf 89' lang='lat' dir='ltr'><strong>in</strong></span> <span class='ocrx_word' id='word_1_890' title='bbox 3388 5178 3651 5235; x_wconf 79' lang='lat' dir='ltr'><strong>cordibus</strong></span> 
     </span>
    </p>
   </div>
   <div class='ocr_carea' id='block_1_113' title="bbox 2078 5266 3649 5337">
    <p class='ocr_par' dir='ltr' id='par_1_113' title="bbox 2078 5266 3649 5337">
     <span class='ocr_line' id='line_1_113' title="bbox 2078 5266 3649 5337; baseline 0.004 -17"><span class='ocrx_word' id='word_1_891' title='bbox 2078 5266 2322 5337; x_wconf 87' lang='lat' dir='ltr'><strong>ipsorum</strong></span> <span class='ocrx_word' id='word_1_892' title='bbox 2350 5269 2587 5336; x_wconf 87' lang='lat' dir='ltr'><strong>positum</strong></span> <span class='ocrx_word' id='word_1_893' title='bbox 2626 5279 2731 5325; x_wconf 88' lang='lat' dir='ltr'><strong>est.</strong></span> <span class='ocrx_word' id='word_1_894' title='bbox 2768 5268 2903 5325; x_wconf 90' lang='lat' dir='ltr'><strong>Cum</strong></span> <span class='ocrx_word' id='word_1_895' title='bbox 2946 5279 3131 5324; x_wconf 90' lang='lat' dir='ltr'><strong>autem</strong></span> <span class='ocrx_word' id='word_1_896' title='bbox 3176 5285 3235 5326; x_wconf 89' lang='lat' dir='ltr'><strong>se</strong></span> <span class='ocrx_word' id='word_1_897' title='bbox 3280 5272 3649 5327; x_wconf 78' lang='lat' dir='ltr'><strong>converterint</strong></span> 
     </span>
    </p>
   </div>
   <div class='ocr_carea' id='block_1_114' title="bbox 2079 5354 3649 5434">
    <p class='ocr_par' dir='ltr' id='par_1_114' title="bbox 2079 5354 3649 5434">
     <span class='ocr_line' id='line_1_114' title="bbox 2079 5354 3649 5434; baseline 0.006 -24"><span class='ocrx_word' id='word_1_898' title='bbox 2079 5356 2144 5410; x_wconf 89' lang='lat' dir='ltr'><strong>ad</strong></span> <span class='ocrx_word' id='word_1_899' title='bbox 2168 5354 2467 5421; x_wconf 89' lang='lat' dir='ltr'><strong>Christum,</strong></span> <span class='ocrx_word' id='word_1_900' title='bbox 2495 5359 2715 5414; x_wconf 88' lang='lat' dir='ltr'><strong>tolletur</strong></span> <span class='ocrx_word' id='word_1_901' title='bbox 2748 5359 3015 5416; x_wconf 88' lang='lat' dir='ltr'><strong>velamen.</strong></span> <span class='ocrx_word' id='word_1_902' title='bbox 3050 5360 3313 5416; x_wconf 89' lang='lat' dir='ltr'><strong>Dominus</strong></span> <span class='ocrx_word' id='word_1_903' title='bbox 3331 5371 3513 5417; x_wconf 88' lang='lat' dir='ltr'><strong>autem</strong></span> <span class='ocrx_word' id='word_1_904' title='bbox 3541 5363 3649 5434; x_wconf 83' lang='lat' dir='ltr'><strong>spi-</strong></span> 
     </span>
    </p>
   </div>
   <div class='ocr_carea' id='block_1_115' title="bbox 2080 5446 3647 5522">
    <p class='ocr_par' dir='ltr' id='par_1_115' title="bbox 2080 5446 3647 5522">
     <span class='ocr_line' id='line_1_115' title="bbox 2080 5446 3647 5522; baseline 0.004 -20"><span class='ocrx_word' id='word_1_905' title='bbox 2080 5446 2220 5502; x_wconf 87' lang='lat' dir='ltr'><strong>ritus</strong></span> <span class='ocrx_word' id='word_1_906' title='bbox 2263 5458 2364 5502; x_wconf 90' lang='lat' dir='ltr'><strong>cst.</strong></span> <span class='ocrx_word' id='word_1_907' title='bbox 2398 5449 2496 5505; x_wconf 83' lang='lat' dir='ltr'><strong>Ubi</strong></span> <span class='ocrx_word' id='word_1_908' title='bbox 2530 5461 2712 5506; x_wconf 89' lang='lat' dir='ltr'><strong>autem</strong></span> <span class='ocrx_word' id='word_1_909' title='bbox 2753 5451 2981 5522; x_wconf 77' lang='lat' dir='ltr'><strong>Spiritus</strong></span> <span class='ocrx_word' id='word_1_910' title='bbox 3009 5451 3244 5514; x_wconf 88' lang='lat' dir='ltr'><strong>Domini,</strong></span> <span class='ocrx_word' id='word_1_911' title='bbox 3290 5452 3362 5506; x_wconf 72' lang='grc' dir='ltr'><strong>ἰιιί</strong></span> <span class='ocrx_word' id='word_1_912' title='bbox 3402 5464 3450 5508; x_wconf 82' lang='lat' dir='ltr'><strong>et</strong></span> <span class='ocrx_word' id='word_1_913' title='bbox 3481 5453 3647 5509; x_wconf 81' lang='lat' dir='ltr'><strong>Iihcr-</strong></span> 
     </span>
    </p>
   </div>
   <div class='ocr_carea' id='block_1_116' title="bbox 3422 5637 3646 5691">
    <p class='ocr_par' dir='ltr' id='par_1_116' title="bbox 3422 5637 3646 5691">
     <span class='ocr_line' id='line_1_116' title="bbox 3422 5637 3646 5691; baseline 0 0"><span class='ocrx_word' id='word_1_914' title='bbox 3422 5637 3466 5669; x_wconf 81' lang='grc'><strong>’⁷</strong></span> <span class='ocrx_word' id='word_1_915' title='bbox 3489 5637 3646 5691; x_wconf 75' lang='lat' dir='ltr'><strong>Joaa.</strong></span> 
     </span>
    </p>
   </div>
   <div class='ocr_carea' id='block_1_117' title="bbox 2279 5633 3345 5699">
    <p class='ocr_par' dir='ltr' id='par_1_117' title="bbox 2279 5633 3345 5699">
     <span class='ocr_line' id='line_1_117' title="bbox 2279 5633 3345 5699; baseline 0.001 -10"><span class='ocrx_word' id='word_1_916' title='bbox 2279 5638 2324 5668; x_wconf 78' lang='grc'>⁷⁸</span> <span class='ocrx_word' id='word_1_917' title='bbox 2378 5634 2532 5689; x_wconf 80' lang='lat' dir='ltr'><strong>Joan.</strong></span> <span class='ocrx_word' id='word_1_918' title='bbox 2589 5649 2640 5698; x_wconf 86' lang='lat' dir='ltr'><strong>v,</strong></span> <span class='ocrx_word' id='word_1_919' title='bbox 2692 5633 2791 5689; x_wconf 59' lang='grc' dir='ltr'><strong>ὅθί</strong></span> <span class='ocrx_word' id='word_1_920' title='bbox 2883 5633 2927 5664; x_wconf 81' lang='grc'><strong>⁷⁸</strong></span> <span class='ocrx_word' id='word_1_921' title='bbox 2970 5633 3126 5689; x_wconf 71' lang='lat' dir='ltr'><strong>llum.</strong></span> <span class='ocrx_word' id='word_1_922' title='bbox 3160 5652 3230 5699; x_wconf 73' lang='lat' dir='ltr'><strong>xl,</strong></span> <span class='ocrx_word' id='word_1_923' title='bbox 3294 5638 3345 5690; x_wconf 85' lang='lat'><strong>7.</strong></span> 
     </span>
    </p>
   </div>
  </div>
