4022 6198
388 306 494 367 35$

1407 307 1462 366 S.
1500 310 1776 367 CYRILLI
1813 311 2283 372 ALEXANDRINI
2318 314 2637 373 ARCHIEP.

3537 319 3641 377 536

391 439 474 484 tas
496 428 561 481 ⁸³.
599 444 616 475 ι
658 424 792 481 Vide
826 421 994 495 igitur
1028 438 1178 478 nunc
1208 424 1532 495 mysterium
1564 426 1670 483 hoc
1691 426 1856 483 etiam
1905 427 1960 483 in

2066 431 2274 504 στρέψῃ
2300 432 2441 504 πρὸς
2465 432 2690 504 Κύριον,
2722 431 3076 503 παραιρεῖται
3095 430 3157 486 τὸ
3187 431 3471 505 κάλυμμα.
3508 432 3565 490 ’0
3584 434 3640 490 δέ

388 516 560 573 sacris
597 523 655 570 et
690 515 974 569 veteribus
1006 513 1227 584 scriptis
1270 515 1595 586 praelucens.
1646 518 1738 573 Sic
1780 527 1963 575 autem

390 609 555 664 habet
593 626 605 661 :
650 628 669 656 σ
701 607 768 661 Ει
802 606 942 661 dixit
973 607 1241 662 Dominus
1269 608 1339 663 ad
1372 610 1559 668 Mosen
1595 629 1608 666 :
1647 612 1838 668 Scribe
1862 612 1962 667 tibi

387 701 556 755 verba
586 699 705 753 hare
739 717 752 751 :
784 698 871 753 his
893 700 1041 753 enim
1065 699 1251 755 verbis
1292 700 1488 757 faciam
1527 711 1706 759 tecum
1746 714 1802 760 et
1837 721 1963 761 cum

387 793 586 848 Israelc
625 799 1037 847 testamentum.
1074 793 1142 849 Et
1162 802 1283 850 erat
1317 795 1391 850 ibi
1420 796 1595 852 Moses
1633 812 1819 852 coram
1853 799 1962 855 Do-

387 886 539 941 mino
587 882 949 955 quadraginta
976 884 1172 941 diebus
1199 894 1255 941 et
1298 888 1657 959 quadraginta
1686 890 1959 946 noctibus.

386 976 590 1031 Panem
612 990 724 1029 non
747 976 1007 1039 comedit,
1033 992 1213 1047 neque
1242 994 1437 1048 aquam
1469 980 1630 1034 bibit.
1656 981 1723 1034 Et
1744 980 1965 1051 scripsit

387 1068 556 1124 verba
589 1067 707 1123 haec
753 1068 809 1123 in
872 1068 1075 1125 tabulis
1120 1073 1469 1137 testamenti,
1501 1072 1693 1129 decem
1729 1075 1959 1130 scilicet.

386 1159 524 1215 Cum
554 1167 738 1215 autem
766 1160 1127 1216 descenderet
1152 1161 1328 1219 Moses
1362 1162 1430 1218 de
1461 1170 1675 1229 monte,
1711 1164 1834 1219 duze
1879 1174 1963 1220 ta-

387 1251 531 1307 bulze
559 1262 720 1308 erant
745 1252 799 1307 in
843 1252 1101 1308 manibus
1131 1253 1322 1324 ipsius.
1378 1253 1484 1310 Sed
1523 1255 1864 1311 descendens
1894 1256 1965 1312 de

386 1352 572 1399 monte
618 1344 907 1415 ignorabat
932 1344 1081 1414 quod
1124 1346 1462 1415 gloriﬁcatus
1498 1347 1676 1403 fuerat
1710 1358 1964 1418 aspectus

386 1438 530 1492 cutis
557 1437 720 1493 faciei
759 1454 893 1504 suae,
919 1437 1141 1493 interim
1159 1438 1291 1493 dum
1312 1439 1644 1511 loquebatur
1666 1440 1767 1511 ipsi
1798 1441 1960 1497 Deus.

389 1531 644 1600 Viditque
659 1530 842 1585 Aaron
858 1536 916 1584 et
937 1544 1129 1585 omnes
1152 1530 1399 1587 seniores
1416 1532 1637 1587 lsraelis
1664 1532 1870 1586 Mosen.
1895 1533 1963 1587 Et

385 1632 504 1680 erat
528 1621 865 1694 glorificatus
907 1630 1165 1693 aspectus
1199 1624 1343 1680 cutis
1384 1624 1543 1680 faciei
1587 1626 1708 1694 ejus
1744 1642 1756 1678 :
1799 1633 1855 1680 et
1889 1624 1961 1679 ti-

385 1723 645 1771 muerunt
672 1714 1115 1785 appropinquare
1149 1715 1223 1770 ei.
1266 1716 1335 1770 Et
1367 1716 1584 1771 vocavit
1622 1731 1719 1771 eos
1762 1716 1960 1781 Moses,

384 1806 748 1875 conversique
783 1813 912 1860 sunt
942 1806 1011 1860 ad
1044 1821 1175 1862 eum
1206 1806 1389 1862 Aaron
1416 1817 1473 1863 et
1508 1822 1701 1863 omnes
1749 1808 1959 1878 prinei-
1992 1788 2035 1844 Β

385 1913 482 1968 pes
499 1896 810 1969 Synagogaa.
836 1898 904 1951 Et
930 1897 1150 1952 locutus
1165 1905 1250 1953 est
1287 1898 1397 1953 illis
1426 1899 1633 1964 Moses,
1681 1905 1738 1955 et
1770 1907 1964 1970 postea

384 1995 737 2045 accesserunt
762 1987 831 2045 ad
870 2003 999 2043 eum
1035 2004 1227 2044 omnes
1247 1988 1343 2045 filii
1376 1988 1614 2045 Israelis.
1641 1989 1709 2046 Et
1735 1990 1963 2045 manda-

385 2082 562 2137 viteis
586 2081 776 2136 dicens
800 2082 986 2135 omnia
1021 2097 1143 2152 qua:
1173 2081 1393 2136 locutus
1427 2090 1547 2136 erat
1589 2080 1856 2137 Dominus
1892 2081 1963 2137 ad

385 2169 566 2239 Ipsum
593 2169 648 2223 in
674 2176 860 2225 monte
886 2169 1056 2225 Sinai.
1084 2170 1153 2225 Et
1174 2177 1463 2241 postquam
1496 2172 1580 2225 eis
1601 2172 1751 2241 loqui
1777 2187 1961 2227 cessa-

274 2330 282 2337 .
384 2259 484 2323 vit,
518 2244 779 2330 imposuit
806 2260 1054 2315 velamen
1094 2260 1149 2315 in
1184 2259 1380 2315 faciem
1417 2276 1594 2316 suam.
1637 2260 1794 2333 351
1822 2260 1961 2317 Cum

383 2360 568 2410 autem
603 2352 986 2425 ingrederetur
1001 2352 1069 2408 ad
1104 2352 1419 2419 Dominum,
1452 2360 1514 2408 ut
1545 2353 1869 2423 loqueretur
1892 2353 1962 2408 ad

384 2462 535 2511 eum,
566 2447 856 2502 amovebat
879 2447 1130 2502 velamen
1160 2446 1338 2503 donec
1374 2447 1570 2503 exiret.
1604 2448 1674 2503 Et
1707 2463 1965 2519 egressus

386 2539 716 2611 loquebatur
751 2540 965 2596 cunctis
991 2540 1119 2596 filiis
1141 2541 1329 2607 Israel,
1370 2555 1434 2595 ea
1467 2555 1589 2611 qua:
1627 2549 1964 2611 praeceperat

386 2631 669 2688 Dominus.
701 2632 1079 2704 Videruntque
1102 2632 1197 2689 lilii
1224 2634 1389 2690 Israel
1414 2633 1561 2705 quod
1588 2633 1758 2689 facies
1796 2631 1964 2688 Mosis

385 2723 690 2794 glorificata
714 2732 882 2779 esset.
911 2726 981 2780 Et
1006 2725 1269 2796 imposuit
1298 2725 1478 2781 Moses
1509 2726 1760 2781 velamen
1796 2739 1965 2795 super

387 2814 585 2870 faciem
626 2831 803 2879 suam,
852 2815 1030 2871 donec
1075 2816 1461 2887 ingrederetur
1509 2815 1576 2871 ad
1626 2816 1963 2886 loquendum

386 2921 512 2959 cum
541 2922 608 2960 eo
631 2907 698 2961 κ’.
724 2926 741 2959 ι
775 2905 981 2961 Scribit
1013 2906 1236 2977 quidem
1253 2907 1419 2979 hujus
1439 2906 1685 2962 universi
1720 2906 1866 2961 Deus
1887 2906 1966 2962 le-

385 3014 507 3066 gem
534 2998 588 3053 in
618 2998 816 3054 tabulis
839 3000 1089 3069 lapideis.
1135 2998 1242 3055 Sed
1270 3004 1560 3069 postquam
1590 2998 1760 3054 facies
1779 2999 1960 3064 Mosis,

385 3088 480 3159 qui
506 3105 604 3159 per
634 3088 994 3159 quadraginta
1026 3088 1145 3144 dies
1176 3089 1250 3142 ibi
1284 3088 1568 3153 remansit,
1599 3095 1654 3143 et
1684 3087 1752 3142 ab
1788 3082 1966 3142 omni-
1995 3126 2037 3183 α

385 3178 493 3235 bus
527 3180 785 3233 humanis
824 3179 1113 3243 abstinuit,
1168 3177 1370 3234 divinae
1406 3180 1545 3235 lucis
1591 3179 1823 3250 appulsu
1872 3194 1963 3234 re-

387 3270 776 3341 splenduisset,
795 3270 1192 3339 obstupescunt
1220 3270 1327 3326 hoc
1359 3272 1673 3341 spectaculo
1697 3271 1859 3326 electi
1882 3270 1964 3326 Is-

389 3363 615 3427 raelita,
650 3376 713 3416 ac
736 3376 847 3432 prae
868 3360 989 3420 aliis
1017 3360 1218 3418 Aaron.
1251 3362 1595 3419 Recedeutes
1626 3370 1806 3418 autem
1827 3362 1961 3433 jam,

388 3465 444 3509 et
468 3468 588 3510 sese
618 3456 674 3511 in
690 3454 870 3525 fugam
906 3462 1186 3511 vertentes
1221 3456 1517 3511 revocabat
1552 3456 1748 3516 Moses,
1775 3454 1968 3525 loque-

388 3545 663 3616 baturque
692 3546 773 3602 sic
796 3544 920 3600 filiis
949 3545 1167 3601 Israells
1190 3547 1441 3602 velamen
1469 3546 1628 3600 faciei
1657 3560 1962 3615 apponens,

388 3637 735 3707 effusumque
775 3637 975 3693 divina:
1010 3638 1150 3693 lucis
1182 3637 1395 3691 radium
1446 3637 1562 3691 suis
1593 3635 1967 3691 adumbratio-

389 3729 554 3785 nibus
596 3728 839 3786 efficiens
888 3730 1065 3785 turbis
1093 3728 1435 3784 tolerandum
1467 3746 1480 3782 :
1527 3746 1546 3780 ι
1578 3727 1685 3782 Sed
1722 3728 1964 3799 quando,

387 3822 485 3886 ait,
506 3821 623 3876 ibat
654 3820 722 3877 ad
763 3822 958 3885 Deum,
1006 3819 1365 3875 amovehatur
1397 3819 1670 3875 velamen.
1708 3838 1726 3871 ι
1754 3820 1966 3876 Intelli-

2065 525 2269 595 Κύριος
2303 524 2365 579 τὸ
2395 523 2611 597 πνεῦμά
2645 527 2813 582 ἐστιν.
2858 518 2934 579 Οὗ
2968 525 3025 579 δὲ
3062 525 3126 579 τὸ
3154 524 3375 596 πνεῦμα
3411 526 3638 598 Κυρίου,

2064 620 2182 671 ἐκεῖ
2207 617 2507 687 ἐλευθερία.
2542 635 2560 669 ι
2596 615 2787 688 Ἀθρει
2819 615 2885 686 δὴ
2906 612 2999 671 οὖν
3027 616 3088 670 τὸ
3121 618 3423 689 μυστήριον
3449 619 3507 671 ἐν
3528 620 3640 682 τοῖς

2066 710 2233 780 ίεροῖς
2259 711 2353 763 καὶ
2394 707 2771 780 ἀρχαιοτέροις
2807 709 3272 781 προσαναλάμπον
3296 710 3638 781 γράμμασιν.

2069 799 2302 870 Ἔχειδέ
2331 798 2504 863 οὕτως
2525 814 2540 829 ⁸
2573 818 2592 851 ι
2634 798 2743 852 Kal
2774 795 2898 852 εἶπε
2956 798 3163 870 Κύριος
3207 802 3345 869 πρὸς
3396 800 3637 869 Μωσῆνο

2065 890 2288 962 Γράψον
2327 890 2541 961 σεαυτῷ
2576 891 2645 945 τὰ
2684 892 2901 962 ῥήματα
2927 890 3101 945 ταῦτα
3123 907 3136 921 ·
3168 891 3261 943 ἐπὶ
3290 889 3398 961 γάρ
3423 889 3533 943 τῶν
3554 890 3639 944 λύ·

2064 1000 2176 1052 γων
2202 982 2408 1036 τούτων
2434 982 2736 1054 τεθήσομαί
2766 1000 2846 1036 σοι
2871 982 3136 1053 διαθήκην
3162 981 3257 1036 καὶ
3283 981 3362 1052 τῷ
3405 980 3635 1053 Ἰσραήλ.

2064 1076 2174 1129 Kal
2222 1073 2291 1148 ἦν
2336 1078 2455 1130 ἐκεῖ
2502 1076 2708 1147 Μωσῆς
2758 1075 2935 1130 ἐνανττ
2981 1074 3187 1147 Κυρίου
3230 1074 3640 1144 τεσσαράκοντα

2063 1170 2275 1241 ἡμέρας
2320 1170 2413 1224 καὶ
2438 1169 2844 1242 τεσσαράκοντα
2858 1167 3079 1232 νύκτας.
3103 1168 3301 1238 ’Δρτον
3327 1167 3427 1220 οὐκ
3443 1165 3634 1237 ἔφαγε,

2064 1262 2157 1317 καὶ
2199 1261 2342 1334 ὕδωρ
2372 1262 2473 1315 οὐκ
2512 1261 2653 1317 ἔπιε.
2700 1262 2811 1315 Kal
2840 1259 3046 1332 ἔγραψε
3076 1259 3145 1313 τὰ
3193 1261 3416 1330 ῥήματα
3464 1258 3637 1313 ταῦτα

2064 1354 2155 1406 ἐπί
2183 1352 2293 1406 τῶν
2320 1352 2544 1406 πλακῶν
2570 1354 2670 1424 τῆς
2697 1351 2983 1424 διαθήκης,
3006 1351 3135 1415 τοὺς
3155 1351 3287 1405 δέκα
3305 1348 3516 1418 λόγους.
3549 1350 3638 1414 Ὠς

2064 1445 2120 1499 δὲ
2153 1445 2356 1518 κατέϐη
2395 1445 2601 1516 Μωσῆς
2628 1444 2736 1499 άπὸ
2755 1444 2851 1499 τοῦ
2879 1444 3063 1517 ὅρους,
3095 1445 3190 1498 καὶ
3223 1444 3280 1498 al
3308 1442 3401 1497 δύο
3430 1441 3637 1505 πλάκες

2064 1537 2159 1589 ἐπὶ
2187 1536 2297 1591 τῶν
2333 1536 2533 1608 χειρῶν
2566 1537 2765 1607 Μωσῆ.
2811 1535 3248 1596 Καταϐαίνοντος
3288 1533 3345 1587 δέ
3377 1532 3541 1587 αὐτοῦ
3572 1534 3638 1586 ἐκ

2061 1624 2157 1680 τοῦ
2187 1626 2368 1697 ὅρους,
2399 1626 2607 1697 Μωσῆς
2634 1626 2735 1679 ούκ
2755 1625 2871 1697 ᾔδει
2895 1625 2980 1678 ὅτι
3010 1624 3318 1691 δεδόξασται
3341 1625 3374 1695 ἡ
3402 1623 3525 1693 hinc
3542 1623 3636 1677 τοῦ

2063 1719 2272 1790 χρωτὸς
2323 1720 2420 1773 τοῦ
2467 1718 2760 1791 προσώπου
2815 1717 2982 1772 αὐτοῦ
3028 1719 3087 1770 ἐν
3125 1717 3205 1788 τῷ
3252 1717 3435 1771 λαλεῖν
3477 1716 3638 1770 αὑτὸν

2063 1811 2233 1882 αὐτῷ.
2262 1810 2374 1865 Kal
2400 1806 2543 1864 εἶδεν
2578 1808 2790 1882 ’Δαρὼν
2831 1808 2927 1862 καὶ
2964 1808 3165 1872 πάντες
3192 1810 3242 1861 oi
3278 1806 3637 1877 πρεσϐύτεροι

2076 1902 2293 1975 Ἰσραὴλ
2313 1903 2406 1957 τὸν
2432 1901 2657 1973 Μωτῆν.
2689 1901 2801 1956 Kal
2826 1897 2895 1973 ἦν
2924 1898 3285 1969 δεδοξασμένη
3315 1898 3350 1969 ἡ
3382 1898 3507 1967 ὄψις
3541 1894 3636 1950 τοῦ

2064 1993 2272 2065 χρωτὸς
2282 1991 2374 2046 τοῦ
2396 1989 2582 2063 προσώ
2590 2007 2689 2045 που
2704 1988 2868 2044 αὑτοῦ
2877 2028 2891 2053 ,
2907 1989 3000 2043 καὶ
3013 1986 3410 2061 mammam
3421 1982 3636 2053 ἐγγίσαι

2063 2084 2232 2156 αὐτῷ.
2278 2086 2391 2138 Kal
2430 2084 2686 2139 ἐκάλεσεν
2723 2083 2920 2147 αὐτοὺς
2957 2082 3182 2152 Μωσῆς,
3229 2080 3324 2134 καὶ
3371 2075 3638 2145 ἐπεστρά-

2064 2194 2243 2248 φησαν
2283 2176 2420 2247 πρὸς
2471 2175 2633 2230 αὐτὸν
2686 2173 2898 2247 Ἀαρὼν
2955 2174 3050 2229 καὶ
3094 2172 3294 2236 πάντες
3342 2172 3390 2225 οί
3438 2168 3637 2238 ἄρχονο

2062 2284 2153 2332 τες
2187 2270 2283 2339 τῆς
2310 2269 2665 2340 Συναγωγῆς.
2702 2268 2814 2321 Kal
2837 2267 3066 2335 ἐλάλησε
3096 2264 3233 2336 πρὸς
3275 2263 3468 2325 αὑτοῦ,
3508 2260 3632 2314 Μω-

2065 2361 2183 2430 σῆς,
2236 2359 2328 2413 καὶ
2382 2358 2521 2430 μετὰ
2558 2358 2734 2412 ταῦτα
2779 2355 3088 2429 προσῆλθον
3130 2353 3269 2425 πρὸς
3297 2352 3460 2407 αὐτὸν
3499 2351 3637 2406 πάν-

2061 2465 2153 2513 τες
2193 2450 2243 2503 οί
2278 2450 2383 2502 υἱοὶ
2446 2447 2683 2520 Ἰσραήλ.
2734 2447 2845 2501 Kal
2895 2446 3195 2501 ἐνετείλατο
3240 2445 3422 2509 αὐτοῖς
3466 2443 3639 2510 λέγων

2064 2541 2244 2595 πάντα
2269 2540 2369 2593 ὅσα
2416 2538 2647 2608 ἐλάλησε
2676 2539 2813 2610 πρὸς
2844 2535 3011 2591 αὑτὸν
3060 2535 3267 2607 Κύριος
3310 2538 3370 2589 ἐν
3409 2534 3489 2604 τῷ
3519 2533 3639 2605 ὄρει

2064 2631 2211 2702 Σινᾷ.
2255 2630 2367 2684 Kal
2411 2628 2600 2701 ἐπειδὴ
2654 2628 2969 2683 κατέπαυσε
3011 2625 3197 2680 λαλεῖν
3242 2626 3380 2698 πρὸς
3416 2625 3637 2688 αὐτοὺς,

2064 2721 2335 2794 ἐπέθηκεν
2414 2722 2508 2777 ἐπὶ
2589 2722 2652 2776 τὸ
2740 2719 3031 2793 πρόσωπον
3099 2717 3264 2775 αὑτοῦ
3351 2717 3637 2787 κάλυμμα.

2076 2815 2267 2870 Ἠνίκα
2302 2814 2346 2869 δ’
2388 2814 2454 2869 ἂν
2482 2814 2864 2887 εἰσεπορεύετο
2892 2813 3097 2883 Μωσῆς
3126 2811 3368 2866 ἐναντίον
3396 2809 3602 2880 Κυρίου
3621 2848 3637 2870 ,

2064 2904 2242 2959 λαλεῖν
2272 2904 2453 2977 αὐτῷ,
2486 2904 2738 2976 περιῄρει
2776 2903 2839 2957 τὸ
2869 2902 3155 2974 κάλυμμα,
3189 2901 3294 2964 ἐως
3336 2900 3431 2954 τοῦ
3468 2902 3638 2952 ἐκπο-

2068 2996 2337 3070 ρεύεσθαι.
2385 2998 2494 3051 Kal
2526 2996 2757 3064 ἐξελθὼν
2814 2995 2995 3049 ἐλάλει
3035 2997 3169 3049 πᾶσι
3211 2996 3324 3057 τοῖς
3362 2994 3497 3056 υἱοῖς
3539 2993 3643 3075 Ἰσ-

2074 3090 2230 3161 ραὴλ,
2260 3090 2360 3142 ὅσα
2394 3088 2695 3142 ἐνετείλατο
2742 3086 2891 3157 αὐτῷ
2920 3087 2949 3139 ὁ
3000 3086 3225 3159 Κύριος.
3264 3085 3372 3139 Kal
3415 3078 3556 3136 εἶδον
3589 3084 3640 3136 οι

2072 3182 2179 3236 υἱοὶ
2223 3180 2439 3254 Ἰσραὴλ
2482 3180 2545 3235 τὺ
2586 3179 2878 3250 πρόσωπον
2911 3178 3157 3239 Μωσέως
3187 3178 3269 3230 ὅτι
3305 3172 3638 3238 δεδόξασται.

2072 3274 2180 3329 Kal
2229 3272 2523 3344 περιέθηκε
2573 3271 2779 3342 Μωσῆς
2822 3270 3085 3339 κάλυμμα
3134 3268 3228 3321 ἐπὶ
3265 3266 3325 3320 τὸ
3353 3266 3643 3335 πρόσωπον

2071 3365 2257 3431 αὐτοῦ,
2285 3365 2390 3429 ἕως
2417 3362 2485 3417 ἂν
2526 3363 2745 3436 εἰσέλθῃ
2776 3362 3055 3416 συλλαλεῖν
3088 3358 3255 3430 αὐτῷ.
3292 3378 3311 3410 ι
3352 3355 3644 3425 Καταγράο

2071 3472 2162 3527 φει
2194 3456 2291 3527 μὲν
2320 3454 2429 3526 γάρ
2469 3457 2580 3518 τοῖς
2612 3456 2676 3507 ἐκ
2714 3454 2876 3507 λίθων
2918 3452 3127 3518 πυξίοις
3167 3452 3258 3505 τὸν
3286 3450 3449 3521 νόμον
3481 3451 3509 3502 ὁ
3536 3447 3643 3501 τῶν

2072 3550 2209 3605 ὅλων
2238 3548 2390 3612 Θεός.
2440 3546 2655 3618 Ἐπειδὴ
2677 3545 2733 3599 δὲ
2761 3549 2827 3617 τῇ
2856 3543 2949 3599 τοῦ
2982 3544 3128 3597 θείου
3158 3544 3336 3613 φωτὸς
3367 3539 3642 3612 προσϐολῇ

2073 3641 2440 3712 καηγλάῖστο
2457 3638 2642 3694 λοιπον
2659 3638 2719 3692 τὸ
2739 3636 2981 3701 Μωσέως
2999 3637 3313 3707 πρόσωπον,
3328 3635 3386 3686 ἐν
3407 3632 3645 3703 ἡμέραις

2070 3733 2479 3803 τεσσαράκοντα
2513 3728 2984 3803 προσεδρεύοντος,
3021 3728 3113 3781 καὶ
3144 3726 3255 3780 τῶν
3288 3724 3646 3796 ἀνθρωπίνων

2073 3825 2429 3897 ὴφειδηκότος
2460 3821 2657 3886 αὐτῶν,
2685 3820 2943 3889 ἀγνοοῦσι
2982 3819 3117 3889 προς
3145 3817 3243 3889 τὴν
3277 3816 3407 3871 θέαν
3438 3817 3488 3869 οί
3515 3815 3649 3869 and-

387 3913 541 3984 gisne
570 3928 682 3983 quo
721 3920 884 3983 pacto
921 3911 1236 3968 Judzeorum
1281 3912 1517 3983 ίηεεηίίε
1554 3912 1649 3967 hu
1672 3913 1837 3967 etiam
1881 3912 1967 3983 ip-

2071 3915 2252 3970 λεκτοι
2272 3916 2379 3969 τῶν
2399 3915 2458 3980 ἐξ
2491 3915 2725 3987 Ἰσραὴλ,
2744 3917 2839 3968 καὶ
2855 3914 2962 3986 πρό
2984 3930 3049 3983 γε
3075 3914 3186 3967 τῶν
3207 3913 3383 3968 ἄλλων
3413 3910 3642 3981 Ἀαρών.

387 4005 505 4063 sius
543 4006 681 4075 legis
707 4005 793 4071 sit.
811 4004 1217 4075 quodammodo
1264 4004 1874 4075 incomprehensibilis?
1908 4003 1967 4060 Si

2086 4005 2523 4075 Ἀποφοιτῶντας
2554 4005 2610 4059 δὲ
2638 4005 2738 4076 ἢδη
2776 4006 2870 4059 καὶ
2901 4006 2983 4068 είς
3018 4004 3194 4075 φυγὴν
3226 4001 3606 4074 τραπομένους
3626 4038 3643 4062 .

389 4105 571 4150 autem
603 4110 668 4149 ea
700 4111 824 4163 qua;
847 4095 1054 4164 scripta
1086 4104 1235 4161 sunt,
1276 4095 1639 4166 spiritualiter
1660 4096 1967 4166 intelligam-

2073 4097 2390 4170 ἐπιστρέφει
2438 4096 2675 4167 Μωσῆς,
2711 4096 3033 4165 προσελάλει
3072 4113 3131 4149 τε
3180 4093 3324 4148 οὕτω
3354 4095 3467 4156 τοῖς
3512 4094 3647 4157 υίοῖς

392 4194 501 4247 tur,
531 4184 666 4239 nihil
698 4183 848 4238 aliud
869 4184 1162 4255 refulgebit
1184 4201 1350 4255 quam
1384 4186 1589 4241 Christi
1619 4187 1965 4257 mysterium,

2086 4188 2304 4262 Ἰσραὴλ
2324 4231 2339 4255 ,
2373 4186 2747 4261 προκαθιστὰς
2775 4187 2869 4241 τοῦ
2925 4185 3218 4257 προσώπου
3252 4184 3315 4239 τὸ
3341 4184 3605 4253 κάλυμμα
3628 4222 3644 4245 ,

390 4274 637 4328 divinum
665 4273 798 4328 illud
829 4282 885 4330 et
899 4274 1265 4330 clarissimum
1295 4276 1482 4331 lumen
1508 4276 1823 4332 auditorum
1845 4292 1967 4333 eor-

2075 4285 2167 4340 καὶ
2202 4282 2298 4337 τοῦ
2328 4281 2472 4335 θείου
2499 4281 2678 4351 φωτὸς
2702 4279 2799 4351 τὴν
2833 4277 3279 4351 προσερχομένην
3311 4277 3507 4331 ἀκτῖνα
3534 4276 3647 4337 τοῖς

390 4364 554 4420 dibus
577 4365 902 4422 immittens.
940 4364 1219 4422 Cmterum
1258 4365 1522 4422 Israelita:
1559 4381 1672 4421 non
1713 4375 1967 4437 poterant

2075 4375 2521 4444 κατασκιάσμασι
2560 4371 2713 4443 μόλις
2731 4369 2973 4442 φορητὴν
2997 4372 3112 4433 τοῖς
3140 4368 3319 4439 ὄχλοις
3348 4365 3645 4421 ἀποτελῶν.

391 4464 557 4514 tanta:
587 4460 888 4530 majestatis
942 4458 1110 4514 verba
1161 4458 1375 4523 audire,
1417 4474 1597 4529 neque
1652 4459 1790 4515 citra
1821 4474 1967 4516 sum-

2081 4489 2100 4524 ι
2150 4468 2288 4522 Ἀλλ’
2322 4467 2505 4538 ἡνίκα,
2537 4466 2723 4536 φησὶν,
2763 4462 2935 4535 εἰσῄει
2962 4462 3099 4533 πρὸς
3126 4462 3218 4515 τὸν
3254 4460 3386 4515 Θεὸν
3406 4500 3421 4522 ,
3452 4472 3647 4529 περιῃο

393 4564 541 4603 mum
578 4549 824 4605 laborem
854 4550 1098 4623 mysterii
1122 4549 1470 4606 altitudinem
1507 4551 1792 4608 intellectu
1815 4566 1967 4607 com-

2070 4561 2215 4631 ρεῖτο
2248 4555 2310 4609 τδ
2348 4554 2633 4625 κάλυμμα.
2671 4573 2692 4605 ι
2728 4552 2897 4616 Σύνες
2933 4551 2989 4605 δὲ
3036 4546 3130 4605 οὗν
3159 4550 3308 4613 ὅπως
3345 4550 3468 4613 ταῖς
3518 4548 3648 4602 ’1ου-

392 4641 757 4711 prehendere.
776 4642 986 4698 Idcirco
1014 4642 1366 4707 Nicodemus,
1392 4659 1517 4700 cum
1551 4643 1793 4699 audisset
1812 4642 1967 4700 Chri-

2066 4648 2231 4702 δαίων
2273 4646 2533 4709 διανοίαις
2564 4644 2847 4717 ἀχὼρητόν
2881 4641 2997 4707 πῶς
3049 4643 3167 4695 ἐστι
3207 4642 3301 4695 καὶ
3345 4637 3511 4694 αὐτοῦ
3552 4635 3646 4690 τοῦ

392 4742 538 4788 stum
566 4733 633 4789 de
657 4733 931 4804 Spirituali
958 4734 1374 4806 regeneratione
1398 4734 1841 4801 concionantem,
1868 4734 1967 4790 fri-

2067 4740 2231 4811 νόμου
2290 4738 2351 4792 τὸ
2405 4737 2542 4808 φῶς.
2601 4737 2663 4789 Et
2707 4735 2763 4789 δὲ
2816 4736 2988 4788 νοοῖτο
3041 4730 3431 4803 πνευματικῶς
3474 4727 3543 4781 τὰ
3590 4728 3647 4778 ἐν

390 4830 515 4901 gide
540 4830 835 4885 admodum
868 4838 924 4886 et
955 4830 1244 4902 pueriliter
1289 4832 1475 4902 erupit
1511 4833 1569 4886 in
1607 4833 1725 4888 hare
1760 4832 1967 4887 verba:

2069 4830 2219 4902 αὐτῷ
2249 4827 2640 4901 γεγραμμένα·
2693 4824 3028 4899 ἀποστρέψει
3082 4823 3194 4896 γὰρ
3236 4824 3426 4892 ἕτερον
3472 4818 3645 4878 οὐδὲν,

399 4940 417 4969 ι
450 4918 735 4987 Quomodo
754 4928 935 4991 potest
954 4920 1119 4976 homo
1133 4922 1283 4977 nasci
1307 4937 1431 4977 cum
1445 4922 1556 4992 jam
1578 4922 1967 4977 consenuerit?

2075 4922 2110 4993 ἢ
2152 4923 2212 4976 τὸ
2240 4919 2334 4975 τοῦ
2361 4918 2596 4991 Χριστοῦ
2644 4920 2964 4989 μυστήριον,
2997 4915 3095 4971 καὶ
3135 4916 3256 4975 ταῖς
3288 4912 3396 4965 τῶν
3430 4911 3645 4982 ἀκροωο

391 5011 532 5068 Νυιη
564 5023 746 5083 potest
774 5013 830 5069 in
859 5021 1078 5069 uterum
1115 5013 1310 5069 matris
1345 5012 1528 5069 redire
1569 5021 1626 5068 et
1660 5012 1844 5069 denuo
1866 5028 1967 5067 na-

2080 5015 2255 5085 μένων
2294 5012 2544 5084 καρδίαις
2584 5009 2644 5064 τὸ
2678 5008 2820 5063 θεῖόν
2849 5026 2908 5062 τε
2958 5009 3052 5062 καὶ
3090 5004 3451 5060 διειδέστατον
3476 5001 3648 5069 ἐνίησι

387 5103 469 5159 sci
495 5103 580 5157 3'?
601 5124 619 5155 ι
652 5103 794 5171 Quin
817 5113 873 5160 et
896 5105 1159 5175 posthaec,
1188 5120 1311 5160 cum
1324 5103 1578 5160 Christus
1605 5104 1883 5169 suaderet,
1913 5104 1967 5159 id

2079 5106 2211 5176 φῶς.
2277 5104 2416 5157 Ἀλλ’
2454 5104 2555 5157 ούκ
2608 5103 2675 5157 ἂν
2725 5101 2836 5155 τῶν
2891 5098 3037 5155 οὕτω
3080 5096 3294 5152 eamth
3349 5090 3650 5164 ἀκροᾶσθαι

391 5196 540 5267 quod
576 5205 815 5252 mentem
866 5198 1244 5267 rationemque
1286 5206 1528 5253 nostram
1555 5196 1809 5262 excedit,
1864 5196 1967 5253 fide

2078 5196 2253 5265 λόγων
2282 5197 2332 5249 oi
2366 5194 2425 5261 ἐξ
2475 5193 2691 5267 Ἰσραὴλ
2714 5235 2729 5258 ,
2763 5193 2872 5247 οὐδ’
2905 5190 2973 5245 ἂν
3016 5190 3226 5243 συνεῖεν
3262 5184 3506 5257 ἀμογητὶ
3556 5180 3648 5235 τοῦ

388 5287 732 5359 apprehendi
780 5286 982 5343 debere
1006 5328 1020 5353 ,
1072 5287 1307 5343 addebat
1346 5306 1359 5342 :
1399 5308 1416 5339 ι
1455 5287 1744 5355 Quomodo
1793 5297 1967 5359 potest

2076 5286 2376 5357 μυστηρίου
2417 5285 2478 5337 τὸ
2531 5283 2711 5354 βάθος.
2750 5282 2862 5337 Kal
2907 5280 3012 5352 μὴν
3039 5281 3069 5335 ύ
3096 5278 3408 5347 Νικόδημος
3435 5275 3524 5328 ὅτε
3555 5272 3651 5341 τὴν

366 5378 500 5434 hoc
526 5376 751 5436 ﬁeri"?
780 5399 798 5433 ι
857 5395 1170 5451 quanquam
1217 5379 1309 5434 lex.
1358 5380 1591 5436 infinitis
1636 5379 1751 5435 fere
1788 5378 1967 5451 ﬁguris

2071 5376 2164 5431 διὰ
2215 5376 2527 5448 πνεύματος
2569 5374 2925 5445 ἀναγέννησιν
2970 5373 3212 5444 ἠκροᾶτο
3264 5368 3519 5438 λέγοντος
3557 5360 3648 5417 τοῦ

394 5470 969 5527 adumbraritChristi
995 5470 1340 5544 mysterium.
1376 5470 1648 5537 Quocirca
1686 5470 1857 5528 etiam
1889 5468 1967 5522 Ie-

2075 5468 2353 5541 Χριστοῦ,
2405 5465 2630 5539 ψυχρῶς
2674 5482 2734 5519 τε
2790 5466 2887 5520 καὶ
2931 5462 3179 5536 ὰδρανῶς
3224 5456 3646 5526 ἀναπεφώνηκι.

394 5562 479 5632 gis
501 5562 674 5632 ipsius
694 5564 880 5619 lumen
904 5564 1109 5621 Judmis
1146 5564 1704 5635 incomprehensibtle
1735 5571 1840 5627 est,
1892 5563 1967 5617 id.

2078 5560 2255 5630 λέγων
2281 5578 2294 5593 ⁸
2350 5579 2370 5612 ί
2433 5560 2556 5623 Πῶς
2610 5557 2830 5612 δύναται
2886 5557 3172 5626 ἄνθρωπος
3223 5547 3648 5619 ἁναγεννηθῆναι

467 5742 512 5771 ⁸⁸
543 5742 737 5801 “Cor.
769 5759 845 5807 ιιι,
885 5744 1071 5802 1647.
1151 5746 1196 5776 ⁸³
1247 5743 1416 5800 Exmi.
1474 5760 1650 5805 xxxu',
1710 5743 1899 5803 27-35.

2076 5743 2230 5800 Joan.
2258 5756 2338 5795 nr.
2369 5742 2417 5795 ί.
2492 5739 2537 5770 ⁸³
2578 5738 2715 5794 Ibid.
2747 5739 2800 5795 9.

1151 5746 1196 5776 "
1247 5743 1416 5800 Exmi,
1474 5760 1650 5805 xxxu',
1710 5743 1899 5803 27-35.
1982 5739 2030 5776 ”
2076 5742 2417 5800 JoaanJ.
