4022 6198
326 256 430 313 B37

1324 261 1850 322 GLAPIIYRORUM
1888 261 1958 319 IN
1997 262 2284 325 EXODUM
2324 267 2452 325 LIB.
2493 267 2562 324 ιιι

326 375 510 444 γέρων
553 374 666 446 div;
710 379 804 453 Μὴ
831 380 1055 437 δύναται
1085 383 1167 446 είς
1194 382 1293 453 τὴν
1322 382 1530 437 κοιλίαν
1558 382 1658 454 τῆς
1706 380 1908 453 μητρὸς

2014 398 2122 452 que
2145 398 2256 438 non
2290 383 2454 440 modo
2480 381 2733 448 inﬁrmis,
2770 390 2933 451 atque
2972 378 3303 451 promiscua:
3347 379 3601 435 multitu~

329 467 493 521 αὐτοῦ
527 468 778 542 δεύτερον
810 473 1075 528 εἰσελθεῖν
1105 475 1201 528 καὶ
1237 473 1567 545 γεννηθῆναι
1587 492 1603 538 ;
1626 472 1913 544 »Προσετί-

329 556 413 611 θει
451 560 511 615 δὲ
561 562 795 629 τούτοις,
833 565 1222 632 ἀνα-πείθοντος
1262 567 1423 622 αὐτὸν
1452 568 1547 621 τοῦ
1584 564 1822 636 Χριστοῦ
1852 565 1914 617 τὸ

328 650 530 720 κρῆναι
568 653 746 709 πίστει
768 660 934 729 τιμᾷν
965 658 1034 712 τὰ
1060 657 1202 731 ὑπὲρ
1225 656 1352 712 νοῦν
1384 658 1479 712 καὶ
1505 657 1695 725 λόγον’
1731 672 1749 707 ι
1789 654 1914 718 Πῶς

325 738 549 796 δύναται
598 744 769 800 ταῦτα
822 747 1114 815 γενέσθαις
1165 767 1185 801 ι
1242 748 1419 802 καίτοι
1469 745 1563 800 τοῦ
1614 744 1781 815 νόμου
1825 741 1913 796 διὰ

332 833 546 906 μυρίων
564 838 705 892 ὅσων
731 840 1029 910 σχημάτων
1059 838 1579 911 προαναγράφοντος
1610 836 1672 911 τδ
1709 835 1913 906 μυστή-

333 941 468 997 ριον.
515 929 722 983 Οὐκοῦν
768 931 1150 1003 ἀπαράδεκτον
1197 930 1472 994 Ἰουδαίοις
1521 930 1614 983 καὶ
1653 928 1784 982 αὐτὸ
1814 925 1911 980 τοῦ

327 1017 497 1087 νόμου
538 1020 675 1087 φῶς,
707 1022 803 1075 καὶ
837 1023 959 1094 οὐχὶ
1001 1022 1066 1094 δὴ
1124 1023 1306 1094 μόνοις
1354 1025 1467 1086 τοῖς
1513 1021 1770 1093 ἀδρανέσι
1817 1019 1912 1073 καὶ

326 1108 623 1176 ἀγελαίοις,
663 1112 798 1168 ἀλλά
829 1115 925 1168 καὶ
954 1116 1135 1179 αὐτοῖς
1169 1118 1283 1178 τοῖς
1330 1115 1651 1179 ἀπολέκτοις
1694 1113 1789 1167 καὶ
1834 1114 1911 1167 ie-

328 1202 466 1269 ροῖς-
513 1202 779 1273 Ἀκήκοας
810 1206 922 1277 γὰρ
950 1208 1033 1260 ὅτι
1072 1207 1171 1278 τὴν
1194 1207 1439 1272 Μωσέως
1463 1207 1803 1276 πεφόϐηνται
1828 1205 1912 1259 δό-

327 1289 428 1354 ξαν
469 1292 566 1346 σὺν
590 1298 700 1357 τοῖς
727 1297 1115 1369 πρεσϐυτέροις
1160 1296 1390 1371 Ἀαρών.
1435 1298 1633 1351 Ἐτίθει
1669 1297 1735 1369 δὴ
1767 1291 1911 1351 οῦνὸ

325 1382 540 1453 Μωσῆς
566 1387 852 1458 χρησίμως
878 1390 1084 1461 σφόδρα
1105 1390 1166 1443 τὸ
1192 1391 1474 1462 κάλυμμα.
1502 1391 1911 1461 Κατασκίασμα

325 1472 437 1542 γὰρ
464 1476 493 1528 ό
530 1476 694 1547 νόμος
729 1479 845 1549 ἔχει
866 1522 881 1544 ,
916 1481 978 1534 τὸ
1000 1483 1147 1552 παχὺ
1174 1481 1269 1536 τοῦ
1301 1483 1651 1554 γράμματος,
1685 1482 1781 1535 καὶ
1808 1481 1912 1551 τῆς

329 1566 572 1636 ἱστορίας
596 1569 658 1622 τὸ
686 1571 747 1623 οὐ
774 1572 980 1644 σφόδρα
999 1573 1283 1645 λαμπρόν.
1314 1574 1456 1627 Ἀλλ’
1485 1575 1544 1627 ὲν
1577 1572 1718 1643 ὄψει,
1751 1574 1907 1643 φησὶ.

326 1653 462 1707 Θεοῦ
490 1658 873 1730 εἰσερχόμενος
904 1665 933 1717 ὁ
960 1664 1166 1734 Μωσῆς
1195 1706 1209 1727 ,
1245 1664 1496 1736 περιῄρει
1521 1664 1582 1718 τὸ
1617 1665 1904 1736 κάλυμμα.

2016 472 2153 541 dini,
2178 475 2276 531 sed
2305 475 2474 531 etiam
2492 474 2686 531 electis
2711 482 2769 529 et
2787 471 3188 529 sacerdotibus.
3213 469 3430 532 Audisti
3454 470 3603 526 enim

2014 566 2162 635 quod
2193 567 2377 622 Aaron
2411 582 2520 622 una
2541 582 2667 622 cum
2698 565 3014 622 senioribus
3052 563 3306 619 exterriti
3341 560 3454 618 sint
3484 561 3603 618 Mo-

2012 659 2090 713 sis
2111 659 2301 729 gloria.
2338 659 2458 715 Non
2496 659 2595 714 abs
2633 674 2692 713 re
2726 657 2893 729 igitur
2934 656 3113 711 Moses
3145 654 3398 709 velamen
3440 652 3601 711 faciei

2012 749 2405 820 praetendebat.
2431 750 2566 805 Nam
2586 751 2675 805 lex
2698 750 2924 805 densam
2948 748 3185 803 habetin
3202 746 3387 801 littera
3404 744 3600 801 adum-

2013 840 2343 906 brationem,
2384 824 2868 911 narrationemtIue
2905 854 3018 894 non
3048 836 3345 893 admodum
3381 834 3600 905 perspi-

2013 943 2192 988 cuam.
2230 934 2301 988 At
2331 948 2469 987 vero
2502 932 2678 988 Moses
2730 931 2798 986 ad
2827 938 3109 1001 aspectum
3134 928 3231 983 Dei
3266 925 3597 997 procedens,

2013 1024 2241 1081 tollebat
2270 1024 2544 1080 velamen.
2571 1022 2734 1095 342
2776 1022 2891 1077 Hoc
2926 1029 3112 1076 autem
3152 1018 3495 1074 inveniemus
3540 1016 3599 1071 in

2011 1116 2427 1186 nobismetipsis
2453 1130 2647 1170 verum
2677 1128 2821 1169 esse.
2868 1111 3009 1179 Quia
3051 1126 3176 1164 cum
3218 1108 3473 1171 Christus
3494 1121 3599 1161 nos

2010 1208 2165 1265 ducit
2185 1209 2594 1279 quodammodo
2616 1208 2673 1262 in
2701 1206 2801 1262 Dei
2831 1220 2897 1260 ac
2922 1203 3102 1260 Patris
3131 1208 3414 1271 aspectum
3433 1240 3448 1265 ,
3479 1207 3594 1254 tum

2010 1298 2130 1356 sine
2155 1300 2671 1355 adumbrationibus
2700 1297 2866 1353 Mosis
2885 1296 3113 1367 gloriam
3149 1293 3481 1358 videbimus,
3516 1292 3597 1347 le-

2009 1406 2134 1462 gem
2185 1391 2450 1446 nimirum
2493 1389 2860 1462 spiritualiter
2887 1385 3277 1457 intelligentes.
3332 1402 3351 1435 ι
3394 1384 3595 1439 Trans-

2010 1490 2289 1538 mutamur
2324 1483 2472 1538 enim
2494 1481 2562 1538 de
2595 1480 2770 1553 gloria
2805 1480 2863 1534 in
2891 1478 3145 1550 gloriam,
3178 1496 3197 1529 ›
3237 1484 3298 1531 ιιι
3326 1474 3592 1545 scriptum

2009 1572 2172 1630 est“.
2208 1574 2380 1629 Nemo
2419 1589 2553 1628 vero
2592 1571 2933 1627 dubitaverit
2965 1570 3100 1645 quin
3129 1567 3335 1624 Christi
3384 1577 3591 1639 myste-

2010 1666 2154 1721 rium
2177 1668 2250 1723 sit
2286 1667 2345 1722 in
2391 1667 2599 1738 gloria,
2643 1680 2770 1722 cum
2796 1665 2995 1721 beatus
3033 1662 3237 1718 Paulus
3280 1670 3471 1732 aperte
3523 1656 3593 1713 de

327 1744 502 1800 Τοῦτό
541 1765 624 1802 τοι
654 1751 748 1804 καὶ
793 1753 880 1822 ιφ*
909 1754 1070 1824 ἡμῶν
1118 1735 1537 1828 αὐτῶνάληθὲς
1579 1735 1903 1830 εὑρήσομεν.

2011 1757 2194 1813 Veteri
2216 1766 2271 1813 et
2306 1735 2459 1813 Novo
2484 1757 2838 1812 Testamento
2867 1755 2942 1811 ita
2981 1753 3288 1808 exclamet:
3331 1769 3350 1801 ι
3390 1748 3445 1805 Si
3481 1748 3589 1802 mi-

340 1834 725 1908 Ἐνηνεγμένοι
755 1842 865 1914 γὰρ
892 1841 1084 1916 ὥσπερ
1108 1847 1167 1898 ὲν
1194 1845 1474 1917 προσώπῳ
1507 1846 1603 1902 τοῦ
1643 1847 1779 1902 Θεοῦ
1815 1849 1908 1904 καὶ

327 1923 562 1997 Πατρός,
591 1932 1055 2003 προσκομίζοντος
1095 1936 1245 2007 ἡμᾶς
1279 1936 1374 1991 τοῦ
1422 1938 1662 2010 Χριστοῦ
1688 1980 1704 2006 ,
1739 1957 1909 1994 κατα-

328 2019 682 2087 σκιασμάτων
698 2020 822 2092 δίχα
839 2021 937 2095 τὴν
961 2025 1205 2089 Μωσέως
1234 2025 1480 2098 ὀψόμεθα
1514 2029 1674 2095 δόξαν
1698 2072 1714 2097 ,
1746 2050 1910 2086 πνευ-

330 2108 574 2176 ματικῶς
602 2109 849 2175 νοοῦντες
871 2112 961 2166 τὸν
981 2114 1168 2185 νόμον.
1205 2133 1224 2166 ι
1254 2117 1772 2189 Μεταμορφούμεθα
1799 2121 1909 2193 γὰρ

326 2197 434 2252 ἀπὸ
447 2198 605 2269 δόξης
619 2202 701 2265 είς
727 2201 909 2268 δόξαν,
942 2222 961 2256 ι
995 2205 1140 2260 κατὰ
1159 2204 1218 2259 τὸ
1237 2209 1769 2280 γεγραμμένον.”οτι
1797 2211 1906 2286 γὰρ

327 2288 386 2340 ὲν
412 2288 540 2360 δόξῃ
555 2290 615 2342 τὸ
634 2291 871 2362 Χριστοῦ
892 2295 1212 2366 μυστήριον,
1233 2295 1348 2359 πῶς
1364 2296 1509 2351 ἐστιν
1522 2297 1904 2369 ἀμφιϐάλλειν,

325 2379 755 2453 διακεκραγότος
783 2383 879 2437 ὡδὶ
903 2385 997 2438 τοῦ
1022 2386 1293 2457 μακαρίου
1326 2387 1540 2441 Παύλου
1568 2389 1756 2459 σαφῶς
1780 2390 1907 2462 περί

326 2487 386 2525 τε
416 2471 519 2542 τῆς
558 2472 789 2543 Πρώτης
816 2475 910 2527 καὶ
946 2476 1214 2546 Δευτέρας
1240 2476 1535 2548 Διαθήκηςο
1574 2495 1593 2529 ι
1645 2480 1707 2532 El
1737 2479 1845 2551 γὰρ
1873 2482 1906 2553 ἡ

324 2562 571 2618 διακονία
598 2566 697 2635 τῆς
740 2566 1119 2638 κατακρίσεως
1151 2567 1278 2633 δόξα
1299 2606 1314 2630 ,
1346 2568 1528 2639 πολλῷ
1569 2569 1770 2638 μᾶλλον
1804 2588 1904 2624 πε-

331 2654 573 2724 ρισσεύει
604 2657 637 2726 ἡ
671 2656 917 2712 διακονία
942 2659 1040 2729 τῆς
1070 2657 1416 2729 δικαιοσύνης
1449 2662 1506 2713 ὲν
1535 2660 1684 2732 δόξη;
1716 2679 1733 2711 ι
1762 2662 1908 2715 Κατ-

327 2747 567 2818 ήργηται
599 2747 699 2820 μὲν
730 2748 842 2819 γὰρ
869 2750 901 2819 ἡ
951 2749 1046 2802 τοῦ
1079 2749 1247 2821 νόμου
1291 2749 1440 2815 σκιὰ,
1474 2751 1650 2804 καίτοι
1685 2754 1750 2822 τῇ
1781 2742 1905 2824 δόξῃ

325 2841 664 2910 τετιμημένη
692 2843 758 2911 τῇ
797 2839 886 2894 διὰ
914 2840 1175 2904 Μωσέως.
1207 2842 1375 2914 ἤγουν
1417 2845 1483 2913 τῇ
1525 2845 1583 2896 ἐν
1629 2842 1908 2914 προσώπῳ

327 2930 601 2994 Μωσέως.
632 2930 803 2985 Μὲνει
846 2932 903 2986 δὲ
949 2932 1224 2986 ἀσάλευτα
1262 2932 1332 2986 τὰ
1365 2932 1454 2988 διά
1490 2934 1731 3004 Χριστοῦ
1757 2975 1772 2997 ,
1807 2936 1906 2989 καλ⁵

2009 1850 2264 1907 nistratio
2307 1849 2679 1904 damnationis
2698 1854 2783 1903 est
2822 1847 2877 1900 in
2938 1843 3145 1915 gloria,
3193 1840 3368 1897 multo
3417 1838 3594 1909 magis

2008 1938 2318 1995 exuberans
2351 1937 2722 1993 ministerium
2763 1935 2997 2009 justitiaa
3021 1934 3075 1989 in
3103 1932 3275 2004 gloria
3297 1931 3361 1986 ⁸⁸.
3402 1949 3420 1982 ι
3448 1930 3596 1985 Eva-

2009 2038 2168 2086 cuata
2202 2030 2349 2085 enim
2393 2038 2480 2085 est
2524 2029 2663 2100 legis
2729 2028 2946 2092 umbra,
2994 2024 3211 2082 etiamsi
3245 2022 3418 2095 gloria
3457 2020 3594 2076 insi-

2008 2124 2156 2194 gnita
2180 2138 2277 2192 per
2304 2121 2509 2185 Mosen,
2536 2119 2651 2176 sive
2680 2135 2745 2175 ea
2773 2134 2894 2190 qua:
2926 2119 2983 2173 in
3020 2117 3159 2172 facie
3193 2115 3358 2171 Mosis
3385 2112 3581 2169 eluxit.

2008 2215 2079 2271 At
2113 2214 2315 2271 Christi
2360 2213 2530 2285 gloria
2576 2220 2764 2266 manet
2809 2211 3166 2274 inconcussa,
3200 2216 3258 2262 et
3294 2207 3434 2262 ditat
3488 2218 3591 2260 nos

2008 2308 2168 2380 longe
2194 2307 2422 2363 meliore
2451 2313 2507 2361 et
2539 2304 2712 2376 gloria
2735 2312 2793 2358 et
2818 2303 2989 2374 gratia
3015 2342 3029 2366 ,
3054 2316 3219 2372 quam
3239 2308 3324 2355 est
3353 2298 3506 2369 prior
3535 2306 3593 2353 et

2008 2396 2236 2467 antiqua
2268 2396 2462 2468 gloria.
2489 2394 2732 2450 Sublatis
2765 2393 2931 2464 igitur
2973 2393 3113 2463 legis
3152 2388 3589 2445 adumbrationi-

2008 2486 2113 2543 bus
2149 2507 2167 2538 ‹
2206 2488 2437 2558 gloriam
2491 2485 2710 2541 Domini
2748 2482 3178 2555 speculamur",
3212 2502 3231 2535 ι
3268 2483 3413 2537 sicut
3450 2479 3592 2536 scri-

2008 2588 2163 2651 ptum
2185 2587 2290 2635 est.
2317 2578 2587 2646 Quocnrca
2630 2576 2675 2632 si
2711 2576 3005 2631 audiamus
3028 2575 3084 2629 in
3114 2583 3244 2646 typo
3289 2579 3590 2628 mactatum

2008 2686 2232 2740 agnum,
2269 2670 2532 2724 continuo
2581 2666 2952 2737 intelligamus
2998 2664 3344 2736 mysterium.
3386 2676 3589 2731 cogno-

2008 2770 2225 2817 scentes
2246 2778 2467 2829 agnum,
2500 2760 2594 2830 qui
2622 2768 2848 2830 propter
2884 2772 2987 2812 nos
3021 2765 3077 2811 et
3108 2770 3209 2825 pro
3241 2753 3403 2808 nobis
3421 2752 3586 2807 obtu-

2007 2853 2072 2908 lit
2100 2853 2339 2922 seipsum
2370 2852 2425 2905 in
2474 2850 2701 2905 odorem
2730 2846 3042 2917 fragrantia
3069 2846 3180 2899 Deo
3204 2857 3270 2898 ac
3305 2841 3475 2898 Patri.
3519 2841 3588 2897 Et

2008 2958 2133 3000 cum
2172 2960 2190 2992 ι
2229 2942 2371 2997 cinis
2393 2940 2578 2995 vitula:
2620 2952 2879 3008 aspersus
2911 2935 3314 2991 contaminatos
3343 2930 3608 3012 sanctilli

328 3023 552 3097 πλουτεῖ
585 3023 803 3088 πάντως
832 3023 927 3096 τὴν
959 3026 1168 3094 ἀμείνω
1214 3025 1313 3094 τῆς
1342 3026 1707 3098 ἀρχαιοτέρας
1747 3024 1906 3091 δόξαν

2009 3042 2095 3091 cet
2117 3034 2184 3089 ad
2207 3032 2651 3089 emundationem
2676 3029 2856 3086 carnis
2873 3029 2922 3061 ”
2943 3069 2958 3094 ,
2987 3047 3006 3079 ι
3036 3027 3183 3082 haud
3207 3042 3367 3082 secus
3389 3026 3589 3081 iterum

327 3131 386 3167 τε
421 3116 520 3168 καὶ
550 3115 729 3187 χάριν.
765 3116 1195 3189 Περιηρημένων
1226 3117 1515 3188 τοιγαροῦν
1539 3119 1647 3171 τῶν
1668 3121 1725 3173 ὲν
1758 3119 1908 3191 νόμῳ

2009 3126 2210 3182 Christi
2252 3124 2697 3195 puriﬁcationem
2763 3121 3136 3192 intelligemus
3200 3134 3323 3189 quae
3375 3117 3437 3172 ﬁt
3488 3133 3590 3190 per

325 3209 849 3278 κατασκιασμάτων,
877 3228 894 3260 ι
925 3209 1021 3260 τίεν
1034 3208 1189 3272 δόξαν
1204 3208 1338 3262 Θεοῦ
1361 3209 1856 3281 κατοπτριζόμεθα,
1883 3228 1902 3261 ι

325 3299 470 3354 κατὰ
495 3299 558 3352 τὸ
579 3300 978 3372 γεγραμμένον.
1017 3302 1081 3354 Ei
1118 3300 1441 3372 ἀκούσωμεν
1487 3303 1546 3355 ὲν
1574 3302 1729 3374 τύπῳ
1770 3319 1909 3371 σφα-

330 3389 558 3459 ζόμενον
579 3391 669 3443 τὸν
695 3392 886 3462 ἀμνὸν,
906 3392 1108 3456 εὐθέως
1125 3392 1484 3464 γινώσκωμεν
1508 3394 1570 3447 τὸ
1591 3397 1905 3467 μυστήριον,

2006 3232 2201 3288 aquam
2226 3223 2281 3270 et
2313 3215 2588 3284 spiritum,
2625 3228 2810 3284 neque
2853 3212 3101 3267 carnales
3127 3220 3350 3266 nostras
3392 3208 3590 3265 sordes

2006 3309 2290 3380 abstergit,
2317 3307 2413 3363 sed
2444 3307 2761 3378 Spirituales
2784 3314 2841 3361 et
2875 3306 3072 3360 animae
3104 3304 3349 3361 maculas
3388 3303 3586 3359 abluit.

2007 3399 2194 3455 Sancti
2223 3399 2373 3454 enim
2411 3412 2602 3453 sumus
2646 3397 2702 3452 in
2743 3396 2985 3453 Christo.
3030 3395 3370 3467 Adjiciemus
3407 3404 3589 3451 autem

327 3481 687 3553 γνωρίζοντες
737 3483 929 3554 ἀμνὸν,
967 3484 1026 3548 ὃς
1057 3484 1125 3538 δι’
1154 3486 1302 3556 ἡμᾶς
1333 3486 1428 3539 καὶ
1456 3486 1596 3558 ὑπὲρ
1632 3486 1789 3559 ἡμῶν
1817 3489 1908 3542 ἀν-

2009 3491 2170 3547 etiam
2194 3491 2298 3545 hoc
2318 3505 2427 3544 non
2456 3488 2555 3543 abs
2583 3504 2663 3544 re.
2693 3488 2972 3544 Hactenus
2990 3488 3136 3542 enim
3156 3487 3395 3557 capitum
3418 3486 3590 3542 Exodi

329 3570 528 3642 έθηκεν
557 3574 750 3627 ἑαυτὸν
780 3577 859 3639 είς
881 3575 1057 3647 ὀσμὴν
1086 3576 1316 3640 εὐωδίας
1341 3578 1419 3649 τῷ
1440 3578 1560 3650 Θεῷ
1583 3579 1677 3633 καὶ
1708 3580 1905 3651 Πατρί.

331 3664 448 3720 Κᾶν
484 3682 504 3716 ι
548 3665 742 3731 σποδὸς
768 3666 1055 3739 δαμάλεως
1081 3669 1404 3739 ῥαντίζουσα
1426 3672 1554 3734 τοὺς
1583 3672 1910 3742 κεκοινωμέ-

2005 3581 2409 3637 enarrationem
2451 3579 2803 3651 digessimus,
2841 3594 2953 3633 non
2978 3577 3124 3648 quod
3156 3577 3223 3632 ad
3252 3592 3445 3633 eorum
3470 3591 3592 3647 qua

2006 3671 2266 3740 deinceps
2300 3678 2610 3739 sequuntur
2633 3667 3056 3739 explicationem
3087 3667 3370 3739 segniores
3393 3666 3588 3731 simus,

329 3774 453 3821 νους
502 3758 702 3830 ἀγιάζῃ
744 3759 883 3831 πρὸς
928 3759 1027 3831 τὴν
1056 3763 1156 3831 τῆς
1201 3762 1406 3833 σαρκὸς
1452 3762 1835 3836 καθαρότητα·
1882 3783 1902 3817 ι

2009 3761 2098 3818 sed
2111 3760 2257 3832 quod
2272 3761 2339 3815 iis
2353 3761 2531 3825 libris,
2550 3775 2688 3830 quos
2700 3759 2778 3813 De
2795 3759 3106 3813 adoratione
3120 3760 3173 3811 in
3188 3757 3378 3828 spiritu
3396 3766 3444 3810 et
3456 3757 3592 3811 veri-

330 3850 495 3903 πᾶλιν
515 3850 669 3903 οὐδὲν
695 3847 860 3925 ἧττον
886 3852 1170 3924 νοήσωμεν
1194 3851 1292 3925 τὴν
1320 3853 1409 3907 διὰ
1431 3855 1667 3926 Χριστοῦ
1696 3854 1907 3927 κάθαρ-

2009 3863 2116 3911 tate
2136 3851 2580 3922 conscripsimus,
2613 3857 2868 3905 accurate
2884 3848 3057 3904 sancti
3073 3846 3436 3902 Tabernaculi
3463 3860 3591 3900 con-

329 3956 447 4005 σιν,
486 3943 524 4014 ἦ
555 3943 624 3996 δι’
657 3942 851 4008 ὕδατός
894 3962 953 3998 τε
993 3945 1090 3998 καὶ
1130 3944 1440 4017 πνεύματος
1466 3987 1481 4011 ,
1515 3946 1576 4000 οὐ
1625 3946 1905 4018 σαρκικῶν

2009 3946 2354 4003 stitutionem
2392 3940 2934 4011 investigaverimus,
2977 3946 3034 3993 et
3068 3937 3279 4009 singula
3307 3937 3586 4007 prosecuti

329 4036 478 4107 ἡμᾶς
507 4035 922 4091 ἀπαλλάττουσα
952 4037 1172 4109 ῥύπων,
1211 4037 1347 4093 ἀλλὰ
1384 4038 1492 4092 τῶν
1529 4039 1587 4092 ὲν
1634 4038 1905 4109 πνεύματι

2009 4039 2184 4096 simus
2206 4049 2327 4106 quae
2361 4033 2416 4088 in
2454 4048 2521 4087 eo
2557 4039 2704 4096 sunt,
2737 4029 3176 4101 propitiatorium
3208 4069 3225 4095 ,
3264 4029 3508 4099 inquam,
3530 4036 3589 4084 et

330 4127 427 4181 καὶ
452 4126 599 4199 ψυχῇ
635 4128 927 4199 μολυσμῶν
957 4128 1049 4182 τὸν
1082 4128 1271 4200 μῶμον
1310 4129 1670 4183 ὲκπλύνουσα.
1716 4130 1906 4199 Ἠγιά-

2013 4144 2216 4193 arcam,
2243 4140 2509 4190 mensam,
2537 4140 2601 4180 ac
2623 4121 3012 4179 candelabrum
3033 4161 3048 4186 ,
3068 4122 3142 4176 ita
3174 4129 3234 4177 ut
3258 4119 3397 4174 nihil
3440 4119 3587 4190 quod

333 4219 509 4289 σμεθα
538 4219 649 4291 γὰρ
689 4220 748 4273 ἐν
775 4219 1016 4292 Χριστῷ.
1054 4222 1500 4293 Προσεποίσομεν
1529 4221 1584 4275 δὲ
1614 4221 1710 4274 καὶ
1744 4222 1904 4276 τοῦτο

2009 4217 2374 4278 deelaratione
2390 4231 2551 4288 egere
2566 4214 2866 4297 videretur,
2880 4212 3390 4269 omiserimus.Nam
3401 4211 3505 4267 hac
3519 4211 3588 4267 de

329 4310 635 4382 χρησίμως.
664 4310 842 4383 Μέχρι
866 4312 977 4384 γὰρ
1012 4312 1200 4365 τούτου
1228 4311 1338 4366 τῶν
1380 4314 1437 4367 ἐν
1478 4315 1544 4384 τῇ
1588 4312 1784 4386 Ἐξόδῳ
1813 4330 1905 4367 κε-

2011 4330 2071 4370 re
2109 4325 2291 4367 nonus
2303 4317 2358 4364 et
2378 4307 2627 4363 decimus
2642 4306 2784 4362 liber
2802 4305 2962 4360 nobis
2976 4312 3059 4359 est
3076 4312 3454 4373 consumptus.
3473 4303 3589 4359 Deo

332 4402 580 4471 φαλαίων
621 4402 723 4475 τὴν
759 4403 1036 4475 ἀφήγησιν
1076 4404 1409 4475 συμμετρεῖν
1454 4404 1794 4476 ἐγνώκαμεν,
1844 4406 1904 4460 οὐ

2011 4412 2193 4461 autem
2220 4409 2412 4457 nostro
2436 4401 2509 4456 sit
2531 4399 2702 4472 gloria
2728 4400 2783 4453 in
2806 4396 3000 4468 saacula
3022 4395 3369 4450 seculorum.
3387 4395 3587 4449 Amen.

330 4498 468 4568 πρὸς
508 4496 608 4567 τὴν
634 4498 746 4552 τῶν
789 4498 991 4567 ἑφεξῆς
1042 4498 1557 4570 καταναρκήσαντες
1596 4500 1916 4572 ἑρμηνείαν,
1957 4500 2072 4554 ἀλλ’
2141 4500 2223 4553 ὅτι
2290 4497 2417 4561 τοὺς
2457 4493 2593 4564 Περὶ
2628 4492 2735 4560 τῆς
2773 4492 2844 4546 ἐν
2887 4487 3178 4557 πνεύματί
3206 4503 3270 4540 τε
3308 4487 3403 4539 καί
3436 4487 3585 4552 ἀλη-

329 4589 455 4655 θείᾳ
493 4589 969 4656 προσκυνήσεως
996 4588 1331 4652 συντιθέντες
1350 4589 1560 4656 λόγους,
1591 4591 1712 4654 ταῖς
1737 4588 2109 4660 καθηκούσαις
2130 4586 2380 4661 ὲρεύναις
2449 4583 2902 4654 ὐποδεδλήκαμεν
2966 4579 3136 4650 αὑτήν
3165 4594 3224 4630 τε
3280 4577 3382 4647 τῆς
3423 4576 3585 4644 ἁγίας

333 4679 535 4747 σκηνῆς
563 4677 663 4748 τὴν
692 4679 1060 4751 κατασκευὴν,
1102 4679 1199 4732 καὶ
1244 4678 1451 4732 ἕκαστα
1488 4678 1596 4733 τῶν
1640 4681 1697 4732 ὲν
1748 4680 1885 4751 αὐτῇ
1928 4680 2217 4751 κειμένων,
2239 4676 2595 4748 ἀγιαστηρίου
2643 4691 2724 4739 τε,
2746 4670 2908 4743 φημὶ,
2930 4668 3020 4723 καὶ
3040 4668 3139 4739 τῆς
3167 4665 3424 4730 κιδωτοῦο
3452 4681 3585 4738 ’φίλ’

332 4773 499 4842 πέζης
520 4813 537 4837 ,
559 4772 672 4852 ,καὶ
699 4772 950 4846 λυχνίας,
993 4775 1067 4838 ὡς
1095 4774 1458 4829 ἐλλελοιπέναι
1490 4774 1668 4828 δοκεῖν
1694 4777 1760 4845 τῇ
1802 4774 1911 4829 τῶν
1948 4775 2265 4845 ἀναγκαίων
2296 4774 2570 4844 ἀφηγήσει
2602 4768 2783 4843 μηδὲν.
2817 4764 3279 4837 Δεδαπανήκαμεν
3339 4762 3447 4832 γὰρ
3504 4764 3587 4824 εἰς

329 4865 516 4919 τοῦτόν
548 4882 612 4935 γε
649 4865 870 4921 ἔννατον
896 4868 991 4921 καὶ
1046 4867 1274 4922 δέκατον
1317 4867 1496 4938 λόγον.
1567 4866 1688 4937 Θεῷ
1728 4866 1784 4919 δὲ
1815 4867 1975 4938 ἡμῶν
2011 4868 2138 4933 δόξα
2163 4869 2243 4930 είς
2273 4866 2472 4929 αἰῶνας
2508 4863 2618 4917 τῶν
2643 4859 2870 4916 αἰώνων.
2911 4855 3105 4926 Ἀμήν.

396 5034 442 5066 ⁸⁸
484 5037 526 5092 ll
553 5036 684 5094 Cor.
721 5054 797 5103 ιιι,
833 5038 916 5093 18.
984 5038 1030 5071 ⁸⁸
1053 5038 1191 5093 Ibid.
1229 5038 1283 5094 9.
1360 5036 1405 5068 "
1434 5037 1568 5093 Ibid.
1604 5037 1688 5093 18.
1763 5037 1810 5071 ⁸⁸
1856 5036 1908 5093 Ηι

2012 5076 2025 5090 .
2060 5035 2251 5101 11,15.
