4024 6198
348 292 454 350 539

1367 295 1426 351 ε.
1455 294 1732 352 CYillLLl
1766 293 2235 351 ALEXANDRINI
2274 294 2594 353 ARCHEEP.

371 486 3563 522 Μ

1160 652 1387 739 ΤΟΥ
1456 656 1601 753 ΕΝ
1662 654 2025 742 ΛΓΙΟΙΣ
2062 657 2492 744 ΠΑΤΡΟΣ
2553 657 2880 747 ΗΜΩΝ

1457 844 2496 982 ΚΥΡΙΛΛΟΥ

1409 1092 1974 1149 ΔΡΧῙΕΠΙΣΚΟῙΙΟΥ
2038 1094 2559 1151 ΔΛΕΞΔΝΔΡΕΙΔΣ

845 1255 1634 1383 ΓΑΑΦΥΡΩΝ
1690 1269 1933 1383 ΕΙΣ
1986 1266 2193 1383 ΤΟ
2255 1261 3091 1386 ΛΕΥΙΤΙΚΟΝ

1774 1512 2243 1601 ΒΙΒΛΙΟΝ.

1256 1863 1415 2020 S.
1459 1868 1632 2016 P.
1697 1865 1879 2015 N.
1938 1862 2717 2016 CYBILLI

1495 2126 1961 2187 numnum
1995 2123 2515 2214 meumptscort

784 2305 2001 2437 GLAPHYRORUM
2086 2307 2249 2431 IN
2331 2300 3217 2437 LEVITICUM

1828 2556 2161 2637 LIBER.

569 2873 730 2947 343
757 2871 909 2939 Quod
939 2870 1135 2928 Christi
1160 2875 1334 2945 passio
1366 2877 1432 2930 sit
1468 2874 1747 2930 salutaris.

443 2966 590 3023 Deus
642 2967 807 3037 hujus
854 2965 1097 3021 universi
1150 2982 1262 3023 non
1291 2968 1422 3024 fecit
1458 2976 1714 3031 mortem.
1762 2983 1944 3039 neque

376 3056 917 3113 delectaturiuteritu
933 3057 1236 3113 viventium
1253 3056 1323 3124 ⁸⁸,
1344 3058 1440 3114 sed
1456 3066 1650 3114 cuncta
1665 3059 1871 3113 creavit
1887 3065 1948 3113 ut

375 3154 580 3211 essent,
612 3154 668 3201 et
692 3146 961 3201 salutares
992 3155 1122 3202 sunt
1142 3149 1529 3218 generationes
1544 3147 1755 3203 mundi.
1795 3168 1813 3199 ι
1842 3148 1947 3204 Ne-

376 3250 484 3305 que
520 3242 606 3290 est
634 3234 939 3290 inferorum
966 3250 1197 3305 regnum
1248 3235 1305 3289 in
1346 3243 1518 3300 terra,
1554 3254 1572 3288 ι
1625 3235 1769 3288 sicut
1807 3235 1946 3290 scri-

378 3335 530 3395 ptum
566 3333 650 3380 est
669 3326 753 3379 ’°:
787 3344 807 3377 ι
836 3326 1044 3380 invidia
1069 3332 1252 3380 autem
1278 3325 1484 3380 diaboli
1518 3341 1669 3381 mors
1720 3325 1948 3382 intravit

379 3418 436 3472 in
465 3418 728 3472 mundum
747 3418 845 3471 ³⁸.»
876 3418 933 3472 ln
952 3418 1054 3472 hac
1080 3424 1261 3472 autem
1285 3418 1531 3472 oratione
1550 3433 1713 3487 perse
1736 3418 1950 3474 eluceat

378 3509 601 3564 veritas.
647 3508 836 3578 Neque
866 3508 1014 3562 enim
1040 3507 1268 3563 Creator
1312 3516 1421 3562 tam
1463 3508 1757 3579 gloriosam
1783 3518 1948 3580 atque

379 3598 757 3653 admirabilem
781 3604 1089 3653 creaturam
1112 3596 1346 3669 subjecit
1373 3598 1462 3664 iis,
1489 3613 1612 3668 qua:
1646 3598 1804 3657 facile
1828 3614 1951 3655 cor-

380 3690 555 3759 rumpi
580 3690 779 3753 solent,
805 3687 900 3743 sed
925 3702 1073 3743 mors
1091 3702 1161 3742 ex
1191 3688 1273 3744 ira
1292 3689 1567 3759 provenit,
1594 3705 1718 3745 cum
1736 3689 1950 3761 primus

378 3796 579 3852 parens
602 3781 772 3835 Adam
798 3781 1048 3851 neglecto
1082 3779 1269 3836 divino
1292 3790 1567 3853 przeccpto
1585 3783 1654 3839 ad
1689 3782 1948 3839 incredu-

380 3876 587 3931 litatem
614 3874 1156 3945 inobedientiamque
1180 3874 1496 3930 declinavit.
1554 3875 1782 3932 Sublata
1819 3893 1950 3933 vero

382 3982 575 4023 rursus
603 3974 731 4021 sunt
753 3982 852 4036 per
878 3966 1084 4022 Christi
1111 3965 1483 4022 obedientiam
1519 3969 1684 4025 unius
1712 3969 1953 4027 hominis

380 4058 597 4112 delicta.
648 4057 938 4113 Justiticati
986 4058 1133 4111 enim
1188 4074 1379 4114 sumus
1430 4059 1487 4114 in
1511 4057 1752 4117 Christo.
1783 4059 1953 4131 Cujus

380 4151 460 4203 rei
493 4149 648 4202 testis
673 4148 783 4201 erit
807 4148 1028 4202 divinus
1046 4149 1266 4215 Paulus,
1306 4151 1401 4219 qui
1424 4150 1496 4205 ita
1523 4152 1718 4207 scribit
1750 4171 1761 4206 :
1790 4152 1954 4225 3M

1973 2898 2022 2957 Α

2292 2870 2421 2925 Ὀτι
2449 2865 2705 2937 Χριστοῦ
2733 2865 2797 2920 τὸ
2822 2863 3032 2929 πάθος,
3062 2861 3378 2929 σωτήριον.

2119 2968 2189 3017 α’.
2241 2960 2304 3017 '0
2334 2960 2432 3031 μὲν
2461 2959 2571 3013 τῶν
2615 2958 2750 3011 ὅλων
2778 2955 2910 3034 Θεδς
2942 2954 3169 3008 θάνατον
3202 2952 3303 3005 οὐκ
3347 2951 3628 3022 ἐποίησεν,

2045 3051 2169 3106 οὐδὲ
2197 3050 2462 3120 τέρπεται
2486 3048 2572 3100 ἐπ’
2601 3045 2845 3116 ἀπωλείᾳ
2887 3042 3131 3108 ζώντων·
3168 3041 3281 3095 ἀλλ’
3304 3040 3492 3095 ἔκτισε
3528 3043 3629 3111 μὲν

2046 3143 2124 3207 είς
2153 3142 2213 3195 τὸ
2244 3136 2383 3194 εἶναι
2414 3138 2484 3191 τὰ
2513 3139 2687 3192 πάντα
2707 3178 2720 3201 ,
2750 3136 2846 3190 καὶ
2873 3136 3130 3207 σωτήριοι
3171 3134 3229 3186 αἱ
3257 3133 3505 3203 γενέσεις
3531 3131 3630 3188 τοῦ

2046 3233 2273 3303 κόσμου.
2303 3248 2321 3281 ι
2348 3229 2458 3285 Kal.
2469 3229 2569 3282 οὐκ
2593 3228 2738 3282 ἔστιν
2765 3227 2892 3299 ᾆδον
2917 3225 3185 3298 βασίλειον
3209 3224 3303 3279 ὲπὶ
3321 3225 3423 3296 τῆς
3434 3226 3568 3295 γῆς,
3604 3243 3625 3278 ο

2047 3322 2192 3376 καθὰ
2222 3321 2561 3392 γέγραπται·
2611 3339 2629 3371 ι
2668 3318 2846 3390 φθόνῳ
2876 3317 2934 3372 δὲ
2966 3317 3209 3370 διαϐόλου
3238 3316 3473 3380 Θάνατος
3513 3318 3630 3369 εἰσ-

2045 3414 2206 3487 ῆλθεν
2248 3416 2325 3478 είς
2354 3413 2444 3468 τὸν
2480 3414 2705 3483 κόσμον.
2746 3430 2766 3464 ι
2807 3412 2965 3481 Ἐχοι
3010 3410 3055 3464 δ’
3108 3410 3175 3464 ἂν
3200 3410 3288 3480 ἐφ’
3325 3409 3508 3479 ἑαυτῷ
3537 3411 3633 3462 καὶΙ

2050 3505 2198 3578 μάλα
2225 3505 2451 3567 εἰκότως
2490 3504 2551 3557 τὸ
2576 3503 2777 3575 ἀληθὲς
2812 3505 2841 3557 ὁ
2870 3502 3049 3570 λόγος.
3089 3499 3164 3555 υὺ
3198 3498 3308 3572 γὰρ
3348 3499 3417 3553 ἂν
3458 3499 3632 3562 οὕτως

2048 3597 2247 3650 εὐκλεᾶ
2273 3596 2368 3649 καὶ
2406 3593 2838 3666 ἁξιοθαύμαστον
2877 3596 2988 3657 τοῖς
3027 3591 3270 3655 εὐκόλως
3308 3589 3634 3661 φθείρεσθαι

2049 3688 2347 3757 πεφυκόσιν
2375 3686 2753 3756 ὲναπέθηκενὸ
2777 3683 3139 3757 Δημιουργδς,
3167 3683 3304 3738 ἀλλὰ
3330 3682 3635 3754 παρεισϐἐ-

2049 3780 2217 3851 ϐληκε
2254 3780 2351 3851 μὲν
2376 3780 2434 3846 ἐξ
2466 3779 2638 3850 ὀργῆς
2664 3777 2958 3843 ὀθάνατος,
2991 3778 3073 3831 ὅτι
3097 3776 3196 3848 τῆς
3219 3775 3367 3839 θείας
3382 3772 3634 3847 ἀλ[ο]γή-

2052 3889 2151 3937 σας
2211 3872 2431 3942 ἐντολῆς
2466 3871 2825 3925 ὰπονένευκεν
2857 3871 2937 3933 εἰς
2987 3868 3049 3923 τὸ
3109 3867 3335 3931 ἀπειθὲς
3374 3867 3471 3921 καὶ
3509 3867 3633 3920 δυσ-

2051 3967 2199 4038 ήνιον
2223 3967 2252 4019 ὁ
2292 3963 2594 4036 προπάτωρ
2636 3959 3145 4032 Ἀδάμ.’Λνῄρηται
3185 3958 3242 4012 δὲ
3277 3957 3491 4020 λοιπὸν,
3534 3956 3634 4011 καὶ

2053 4059 2116 4112 ἐκ
2166 4058 2332 4129 μέσου
2373 4058 2596 4127 γέγονεν
2638 4057 2694 4109 ὲν
2732 4052 2956 4126 Χριστῴ
2992 4053 3058 4107 δι’
3098 4052 3347 4118 ὑπακοῆς
3385 4050 3484 4104 τοῦ
3520 4051 3636 4115 ἐνὸς

2054 4151 2344 4224 ἀνθρώπου
2367 4150 2434 4206 τὰ
2453 4146 2621 4221 ὲγκλή
2631 4164 2798 4218 ματα.
2823 4146 3235 4219 Δεδικαιώμεθα
3250 4145 3360 4216 γὰρ
3381 4146 3441 4198 ὲν
3461 4144 3635 4217 αὐτῷ·

389 4255 408 4287 ι
463 4233 932 4298 Quemadmodum
980 4234 1128 4287 enim
1164 4250 1263 4305 per
1303 4237 1731 4294 iuobedientiam
1786 4241 1950 4295 unius

2055 4244 2150 4296 καὶ
2185 4244 2526 4315 μαρτυρήσει
2556 4241 2785 4313 γράφων
2806 4240 2834 4292 ὁ
2856 4238 3143 4303 θεσπέσιος
3172 4238 3383 4302 Παῦλος
3403 4254 3417 4266 ·
3453 4258 3471 4290 ι
3507 4239 3636 4290 Ὠσ-

383 4324 623 4380 lmminis
658 4330 975 4394 peccatores
997 4323 1277 4379 constituti
1303 4333 1430 4380 sunt
1459 4328 1646 4394 multi;
1677 4331 1750 4383 ita
1781 4338 1951 4401 etper

382 4416 749 4473 obedientiam
776 4413 938 4470 unius
966 4415 1349 4489 hominisjusti
1378 4416 1785 4473 constituentur
1810 4421 1952 4475 mul-

386 4512 424 4565 ti
459 4512 524 4562 θ’.
574 4530 591 4562 ι
644 4509 893 4565 Damnati
926 4508 1074 4564 enim
1109 4510 1165 4563 in
1211 4509 1305 4566 illo
1333 4524 1552 4565 eramus
1592 4510 1660 4565 ad
1693 4519 1948 4577 mortem,

384 4602 819 4658 misericordiam
857 4608 1041 4655 autem
1079 4602 1356 4657 consecuti
1414 4616 1604 4656 sumus
1658 4616 1757 4671 per
1794 4600 1952 4655 Chri-

385 4706 551 4758 stum,
583 4704 639 4747 ct
668 4694 736 4748 ad
760 4693 929 4746 vitam
972 4692 1214 4745 renovati
1246 4693 1485 4762 ;quippe
1515 4692 1611 4761 qui
1648 4691 1794 4747 Patri
1820 4692 1953 4747 obe-

384 4786 543 4841 diens
588 4783 661 4837 sit
710 4782 888 4837 factus
910 4796 1084 4850 usque
1107 4780 1175 4834 ad
1207 4792 1434 4837 mortem
1465 4783 1532 4847 ’³,
1590 4783 1950 4854 posueritquc

384 4875 621 4930 animam
671 4888 823 4927 suam
850 4886 951 4942 pro
980 4870 1138 4926 nobis
1164 4871 1208 4903 "
1234 4889 1249 4939 ;
1285 4873 1380 4928 «Et
1428 4873 1598 4930 livore
1631 4874 1750 4945 eius
1776 4876 1951 4931 sanati

385 4981 596 5030 sumus,
628 4983 646 5016 ι
672 4962 974 5018 secundum
996 4961 1308 5032 Scripturas
1329 4965 1395 5020 ".
1427 4964 1805 5022 Conveniebat
1854 4983 1952 5022 au-

386 5064 496 5111 tem
515 5062 693 5109 utnos
718 5055 772 5108 in
805 5054 1013 5109 Adamo
1040 5053 1183 5109 τα)θο
1237 5051 1552 5113 laborantes
1583 5068 1808 5129 peccato
1838 5058 1953 5114 clli-

386 5161 638 5202 reremur
666 5145 721 5198 in
743 5143 965 5201 Christo
989 5145 1307 5216 spiritualis,
1334 5156 1389 5203 et
1404 5149 1727 5204 suaveolens
1751 5151 1863 5205 Deo
1887 5165 1951 5205 ac

387 5237 559 5301 Patri,
596 5235 849 5306 bonaque
872 5245 928 5291 et
947 5248 1167 5308 accepta
1194 5238 1391 5307 hostia,
1439 5241 1706 5312 longeque
1756 5243 1952 5298 melior

389 5343 552 5399 quam
571 5336 701 5382 sunt
729 5328 1196 5400 umbratilcslegis
1233 5331 1449 5387 hostire.
1480 5332 1732 5391 Christus
1784 5335 1951 5407 igitur

388 5430 474 5476 est
493 5419 744 5490 primitizr
767 5426 984 5484 uostm,
1015 5423 1176 5478 nobis
1202 5424 1330 5480 fecit
1358 5434 1414 5481 et
1441 5425 1945 5494 instauravitviam,

391 5510 621 5564 sicutait
644 5509 700 5564 in
723 5508 863 5563 libro
901 5510 1239 5569 Psalmorum
1273 5516 1341 5571 ad
1370 5518 1581 5575 Patrem
1626 5520 1898 5575 caelestem
1930 5535 1943 5571 :

2054 4347 2161 4401 περ
2207 4331 2315 4401 γὰρ
2352 4332 2443 4385 διὰ
2469 4330 2754 4401 παρακοῆς
2785 4329 2874 4383 τοῦ
2905 4329 3022 4393 ἐνὸς
3056 4329 3344 4401 ἀνθρώπου
3371 4329 3636 4402 ἁμαρτω-

2052 4423 2131 4475 λοὶ
2165 4423 2573 4494 κατεστάθησαν
2602 4425 2652 4477 οἱ
2698 4420 2912 4484 πολλοὶ,
2946 4419 3091 4474 οὕτω
3124 4422 3217 4474 καὶ
3266 4421 3353 4475 διὰ
3394 4424 3495 4494 τῆς
3535 4421 3636 4472 ὐπ-

2052 4515 2219 4583 ακοῆς
2255 4514 2347 4566 τοῦ
2387 4514 2504 4577 ἑνὸς
2560 4513 2852 4585 ἀνθρώπου
2896 4513 3095 4566 δίκαιοι
3129 4511 3446 4583 κατασταθή
3462 4528 3636 4564 rw:th

2050 4608 2101 4659 οἱ
2139 4603 2340 4656 πολλοί.
2386 4623 2404 4655 ι
2457 4603 2981 4676 Καταδεδικάσμεθα
3012 4605 3123 4677 γὰρ
3157 4605 3215 4659 ὲν
3263 4602 3455 4674 ἐκείνῳ
3501 4603 3639 4671 πρὸς

2052 4695 2310 4749 θάνατον’
2347 4678 2625 4767 ἡλεήμεθα
2656 4695 2712 4750 δὲ
2738 4696 2825 4750 διὰ
2855 4695 3115 4768 Χριστοῦ,
3144 4696 3239 4749 καὶ
3267 4696 3640 4765 ἀνεκαινίσθηο

2055 4803 2154 4856 μεν
2192 4787 2270 4850 εἰς
2304 4786 2482 4858 ζωήν·
2511 4786 2701 4856 γέγονε
2728 4787 2834 4860 γὰρ
2868 4788 3105 4855 ὑπήκοος
3140 4787 3221 4859 τῷ
3259 4787 3437 4859 Πατρὶ
3475 4788 3640 4860 μέχρι

2052 4877 2308 4941 θανάτου,
2338 4879 2433 4933 καὶ
2464 4878 2675 4932 τέθεικε
2722 4878 2820 4951 τὴν
2857 4879 3035 4952 ψυχὴν
3067 4880 3205 4952 ὑπὲρ
3236 4880 3391 4951 ἡμῶν
3413 4898 3427 4910 ⁸
3462 4900 3480 4932 ι
3531 4883 3640 4936 Καὶ

2051 4969 2129 5041 τῷ
2163 4969 2389 5042 μώλωπι
2423 4969 2586 5025 αὐτοῦ
2620 4972 2782 5041 ἡμεῖς
2816 4969 3066 5040 ἰάθημεν,
3105 4989 3124 5023 ι
3162 4969 3302 5025 κατὰ
3345 4971 3447 5034 τὰς
3494 4972 3643 5042 Γρα-

2053 5063 2180 5131 φάς.
2215 5063 2351 5132 Φαίη
2394 5062 2437 5115 δ’
2472 5062 2539 5117 ἂν
2576 5062 2657 5116 ὅτι
2690 5062 2785 5115 καὶ
2816 5062 2914 5133 τὴν
2954 5062 3095 5116 κατὰ
3133 5063 3334 5133 κόσμον
3363 5064 3643 5133 ἁμαρτίαν

2053 5154 2505 5226 ἀῤῥωστήσαντες
2543 5154 2601 5206 ὲν
2638 5152 2832 5223 Ἀδὰμ.
2866 5153 3169 5225 γεγόναμεν
3203 5156 3258 5206 ὲν
3288 5153 3511 5224 Χριστῷ
3550 5153 3639 5207 Ou.

2054 5247 2145 5299 σία
2174 5246 2521 5316 πνευματικὴ
2544 5244 2639 5299 καὶ
2666 5244 2872 5315 εὐώδης
2898 5244 2974 5315 τῷ
3005 5244 3121 5315 Θεῷ
3150 5245 3245 5298 καὶ
3274 5244 3474 5314 Πατρὶ,
3500 5245 3648 5318 καλή

2051 5352 2112 5387 τε
2167 5336 2263 5389 καὶ
2300 5335 2740 5406 εὐπαρὰδεκτος,
2788 5335 2885 5387 καὶ
2926 5334 3027 5404 τῆς
3073 5338 3215 5392 κατὰ
3263 5334 3430 5405 νόμον
3484 5335 3647 5396 σκιᾶς

2056 5427 2189 5481 πολὺ
2221 5427 2339 5481 λίαν
2397 5429 2453 5481 ὲν
2489 5426 2789 5496 ἀμείνοσιν.
2839 5426 3089 5500 ’Δπαρχὴ
3116 5428 3173 5482 δὲ
3210 5428 3390 5500 ἡμῶν,
3436 5427 3467 5480 ὁ
3507 5428 3638 5497 X9:-

2057 5519 2201 5584 στος,
2248 5519 2341 5572 καὶ
2370 5518 2532 5580 αὐτὸς
2563 5520 2693 5589 ἡμῖν
2715 5518 3057 5573 ἁνεκαίνισεν
3087 5520 3184 5588 τὴν
3208 5519 3343 5572 ὁδόν·
3365 5515 3515 5571 οὕτω
3536 5517 3646 5585 γάρ

460 5619 505 5706 “_’
549 5624 927 5706 Ezechnwut.
971 5625 1060 5681 23.
1141 5631 1184 5663 νο
1218 5631 1341 5703 Sap.
1388 5651 1422 5699 ι,
1468 5635 1551 5689 Η.
1632 5635 1670 5665 ’ί
1703 5633 1825 5701 Sap.
1858 5632 1950 5699 11,5

2108 5635 2153 5666 θ’
2205 5635 2359 5688 Rom.
2383 5651 2436 5693 γ,
2481 5632 2564 5686 19.
2645 5632 2691 5665 ”
2714 5631 2948 5704 Philipp.
2990 5650 3048 5697 It,
3081 5633 3132 5688 8.
3210 5633 3255 5665 ”
3285 5632 3445 5688 Joan.
3477 5648 3529 5696 ι,
3563 5631 3648 5685 15.

396 5698 440 5729 ⁸³
471 5695 575 5748 Ῐδίὶ.
611 5711 721 5760 Lm,
748 5695 799 5750 5.

1620 5844 1823 5935 ί,

1536 5932 1605 5975 -ῙῙΑ
