4024 6198
336 243 427 298 Sil

1343 232 1859 292 σιΑΡιιιιιοιιυιι
1895 233 1964 289 ΙΝ
2005 233 2388 295 ιενιτιουιι
2424 238 2643 296 LIBER.

3479 250 3582 307 διε

334 356 434 412 τού
468 372 635 427 φησιν
682 357 710 408 6
759 352 924 407 Διϐὶδ
960 356 1017 407 ιν
1065 351 1233 423 βίϐλῳ
1269 350 1516 422 Ψαλμῶν
1550 349 1682 422 πρὸς
1729 350 1822 403 τὸν
1852 351 1910 419 ἐν

2018 370 2035 401 ι
2072 350 2413 408 Sacriﬁcium
2441 362 2499 409 et
2521 354 2854 411 oblationem
2879 355 3105 411 noluisti
3132 374 3148 411 :
3176 371 3378 429 corpus
3392 371 3576 418 autem

332 448 582 518 οὐρανοῖς
616 444 836 518 Πατέρα
863 444 954 497 καὶ
981 442 1117 496 Θεόν
1135 458 1148 472 ·
1186 459 1206 493 ι
1247 442 1448 495 Θυσίαν
1475 439 1570 494 καὶ
1592 439 1911 511 προσφορὰν

332 541 427 594 οὐκ
459 537 724 606 ὲθέλησας
751 553 765 566 ·
800 535 957 605 σῶμα
980 535 1039 590 δὲ
1080 533 1392 605 κατηρτίσω
1421 551 1530 604 μοι.
1578 531 1911 587 Ὀλοκαυτώ-

330 647 482 700 ματα
511 629 607 683 καὶ
638 629 765 700 περὶ
790 625 1068 698 ἁμαρτίας
1089 626 1190 678 οὐκ
1211 625 1536 695 ηὑδόκησας.
1564 625 1696 678 Τότε
1720 619 1872 678 εἷπον
1891 636 1908 653 ⁸

339 721 471 774 Ἰδοὺ
516 721 641 791 ἦκω
663 761 678 784 ,
712 719 807 774 τοῦ
849 722 1110 790 ποιῆσαι,
1156 719 1186 771 6
1212 717 1345 780 Θεὸς
1372 754 1388 779 ,
1423 716 1482 769 τὸ
1516 715 1731 786 θέλημά
1773 730 1865 769 σου
1892 754 1908 778 ,

327 812 666 885 ἠϐουλήθην.
713 831 733 865 ι
765 812 878 865 Καὶ
914 810 1078 866 ταυτὶ⁸
1122 810 1186 882 δὴ
1214 808 1376 864 πάλιν
1408 808 1587 874 ἔξεστι
1618 806 1911 879 καταθρεῖν

330 905 431 959 καὶ
461 907 526 958 ὲκ
557 902 665 957 τῶν
694 902 1100 974 γεγραμμένων
1129 903 1187 955 ὲν
1220 901 1298 971 τῷ
1324 898 1612 970 Λευῖτικῷ.
1658 900 1811 968 Ἔχει
1853 896 1912 950 δὲ

326 995 529 1059 οὑτως·
543 1013 562 1047 ι
585 994 711 1048 Ἐὰν
721 994 779 1048 δὲ
793 993 1109 1066 προσφέρῃς
1121 992 1312 1049 θυσίαν
1321 987 1915 1063 πρωτογεν[ν]ημάτων

326 1086 410 1156 τῷ
438 1085 630 1158 Κυρίῳ
648 1086 741 1139 νέα
761 1086 1120 1157 πεφρυγμένα
1147 1084 1306 1155 χίδρα
1338 1082 1558 1154 ἐρεικτά
1579 1081 1657 1153 τῷ
1686 1081 1877 1152 Κυρίῳ
1894 1120 1909 1147 ,

328 1182 433 1233 καὶ
474 1177 783 1248 προσοίσεις
808 1177 905 1248 τὴν
941 1176 1133 1231 θυσίαν
1158 1176 1267 1230 τῶν
1294 1173 1911 1246 πρωτογεν[ν]ημάτων,

327 1271 429 1323 καὶ
468 1271 718 1339 ἑπιχεεῖς
765 1269 852 1323 ἐπ’
899 1266 1068 1339 αὑτὴν
1109 1266 1319 1330 ἔλαιον,
1357 1267 1450 1320 καὶ
1495 1266 1778 1335 ἐπιθήσεις
1824 1264 1913 1317 ἐπ’

327 1360 503 1432 αὑτὴν
552 1359 792 1415 λίϐανον.
847 1358 1017 1412 Θυσία
1060 1357 1197 1413 ἐστί.
1248 1358 1359 1412 Καὶ
1403 1356 1605 1411 ἀνοίσει
1646 1356 1823 1425 ίερεὺς
1851 1354 1913 1408 τὺ

330 1451 683 1522 μνημόσυνον
710 1450 880 1520 αὐτῆς
908 1448 1019 1504 ἀπὸ
1035 1449 1144 1503 τῶν
1174 1448 1370 1521 χίδρων
1388 1448 1484 1502 σὺν
1516 1445 1594 1517 τῷ
1613 1444 1795 1516 ἐλαίῳ,
1817 1445 1913 1498 καὶ

328 1544 514 1598 πάντα
532 1542 623 1595 τὸν
647 1541 862 1595 λίϐανον
884 1541 1075 1613 αὐτῆς,
1104 1539 1383 1611 κάρπωμά
1407 1540 1523 1591 ἐστι
1551 1535 1630 1607 τῷ
1646 1534 1853 1606 Κυρίῳ.
1885 1552 1907 1586 ι

403 1636 470 1707 β’.
510 1635 777 1706 Ἐναργὴς
807 1629 903 1688 οὖν
933 1633 1058 1687 λίαν
1094 1634 1122 1686 6
1149 1631 1599 1702 toiypdppasoc
1626 1626 1780 1691 νοῦς,
1814 1626 1909 1681 καλ⁵

328 1729 432 1782 οὑκ
461 1727 527 1782 ἀν
557 1725 733 1780 δέοιτό
753 1742 914 1789 τινος,
945 1724 1197 1795 καθάπερ
1227 1716 1461 1792 ἐγῷμαι,
1487 1720 1649 1773 πόνου
1681 1718 1816 1790 πρός
1840 1734 1906 1786 γε

329 1820 392 1874 τὸ
441 1817 739 1875 δύνασθαι,
780 1815 946 1888 φημὶ,
983 1814 1223 1869 συνιέναι
1256 1812 1487 1876 λεπτῶς.
1549 1811 1696 1883 Πλὴν
1728 1810 1909 1863 ἐκεῖνο

330 1915 444 1987 ἐρῶ
468 1930 483 1942 '
524 1913 698 1984 Χίδρα
725 1911 944 1979 λέγεται
975 1910 1043 1964 τὰ
1088 1908 1147 1976 ἐξ
1174 1907 1417 1979 ὀσπρίων
1441 1905 1668 1976 ἄλευρα.
1715 1904 1806 1957 Ἐν
1846 1902 1904 1956 δέ

330 2024 393 2076 γε
420 2007 536 2069 τοῖς
563 2003 756 2066 τύποις
785 2002 848 2056 τὸ
871 1999 1109 2074 Χριστοῦ
1137 1999 1404 2070 λαμϐάνει
1434 1998 1756 2069 μυστήριον.
1797 1995 1910 2050 Καὶ

329 2098 482 2151 εστιν
514 2094 677 2158 αὑτὸς
699 2096 733 2165 ἡ
752 2092 1066 2163 ὑπὲρὴμῶν
1077 2090 1257 2154 θυσία,
1272 2091 1334 2144 τὸ
1358 2086 1910 2162 πρωτογένῐν]ηματδ

336 2186 722 2259 πνευματικὸν,
740 2184 1039 2249 τουτέστιν,
1062 2184 1097 2253 ἡ
1112 2182 1212 2251 τῆς
1231 2180 1645 2255 ἀνθρωπότητος
1661 2177 1907 2249 ἀπαρχὴν

328 2280 359 2331 6
388 2276 733 2350 πρωτότοκος
754 2276 819 2328 ὲκ
841 2271 1073 2345 νεκρῶν,
1101 2272 1132 2324 ὀ
1150 2270 1366 2341 πρῶτος
1389 2270 1469 2334 είς
1497 2266 1826 2340 ἀφθαρσίαν,
1851 2265 1913 2319 τὸ

328 2369 498 2423 οἱονεὶ
546 2366 876 2438 πρωτόλειον
901 2362 1011 2418 τῶν
1042 2361 1481 2432 κεκοιμημένων.
1534 2359 1623 2424 Ὠς
1655 2377 1675 2410 ι
1713 2357 1911 2421 κόκκος

335 2462 440 2531 μὲν
464 2459 560 2513 τοῦ
595 2460 745 2512 σίτου
786 2476 805 2509 ι
853 2454 1033 2509 πεσὼν
1072 2453 1166 2507 ἐπὶ
1201 2454 1300 2523 τὴν
1342 2452 1447 2522 γῆν
1471 2451 1569 2506 καὶ
1595 2447 1907 2513 ἀποθανὼν,

334 2552 607 2622 ἀστάχυος
630 2549 687 2602 δὲ
707 2548 862 2619 δίκην
887 2545 1174 2608 πολλοστὸς
1194 2542 1422 2613 ἀναφύς.
1450 2539 1622 2596 Τοῦτο
1643 2541 1753 2612 γάρ
1778 2541 1911 2611 ἡμῖν

335 2643 500 2706 αὐτὸς
524 2643 787 2711 ἀφηγεῖτο
808 2638 981 2707 λέγων
999 2654 1014 2668 ο
1040 2655 1058 2689 ι
1104 2637 1229 2690 Ἐὰν
1253 2635 1328 2707 μὴ
1351 2637 1380 2689 6
1405 2634 1607 2698 κόκκος
1626 2632 1721 2687 τοῦ
1762 2633 1911 2686 σίτου

336 2733 521 2789 πεσὼν
568 2734 648 2796 εἰς
695 2732 794 2801 τὴν
826 2731 932 2799 γῆν
976 2730 1223 2801 ἀποθάνῃ
1250 2769 1264 2791 ,
1302 2725 1465 2790 αὑτὸς
1512 2725 1674 2796 μόνος
1728 2724 1915 2795 μένει,

337 2828 433 2881 δᾶν
464 2826 523 2880 δὲ
554 2823 836 2895 ἀποθάνῃ,
879 2822 1044 2876 πολὺν
1087 2818 1297 2890 καρπὸν
1331 2818 1508 2889 φέρει.
1566 2835 1586 2870 ι
1621 2816 1767 2887 Πλὴν
1807 2817 1914 2870 ἀπ-

333 2919 550 2982 έθανεν,
580 2918 641 2970 οὑ
670 2915 737 2968 δι’
762 2914 972 2977 ὲαυτὶν,
1001 2911 1113 2966 ἀλλ’
1137 2915 1285 2983 ἡμῖν.
1309 2912 1384 2981 (1)
1419 2908 1555 2965 Ἀλλ’
1588 2910 1720 2981 ἡμῖν
1737 2910 1912 2979 ὑπεμο

2012 442 2280 514 adaptasti
2302 444 2456 500 mihi.
2482 445 2809 503 Holocansta
2829 456 2885 503 et
2909 463 3010 519 pro
3035 450 3275 519 peccatis
3299 466 3408 506 non
3438 469 3589 522 qua:-

2011 535 2208 591 sivisti.
2253 537 2410 593 Tunc
2444 537 2599 592 dixi:
2651 536 2792 595 Ecce
2816 540 2998 606 venio,
3058 547 3119 595 ut
3167 540 3387 607 faciam,
3417 542 3586 605 Deus.

2010 627 2348 683 voluntatem
2377 636 2550 694 tuam,
2574 630 2724 685 volui
2751 631 2819 684 θ’.
2859 649 2877 682 ι
2904 631 3108 686 Eadem
3134 632 3304 703 igitur
3333 635 3503 690 etiam
3530 637 3585 689 in

2011 716 2079 771 iis
2105 734 2227 788 qua
2250 719 2305 773 in
2322 719 2566 803 Levitico
2591 722 2794 792 scripta
2820 732 2969 787 sunt,
2999 724 3128 779 licet
3149 724 3316 779 nobis
3331 740 3583 781 cernere.

2012 807 2228 863 Habent
2256 821 2443 865 autem
2476 809 2554 865 ita
2581 830 2594 865 :
2626 831 2644 863 ι
2670 812 2727 873 Si
2754 812 3212 869 autemobtuleris
3255 815 3586 871 sacrificium

2010 899 2381 969 primitiarum
2402 910 2620 957 tuarum
2649 903 2881 959 Domino
2924 919 3067 959 nova
3096 904 3386 960 torrefacta
3441 906 3587 962 farra

2011 990 2345 1046 comminuta
2362 992 2614 1057 Domino,
2644 1001 2701 1048 et
2750 994 2984 1050 oﬁ‘erres
3027 994 3354 1051 sacriﬁcium
3394 997 3589 1066 primi-

2011 1081 2210 1137 tiarum
2261 1090 2500 1150 tuarum,
2535 1094 2593 1142 et
2639 1085 2891 1142 eﬁ'undes
2944 1104 3102 1158 supet
3160 1088 3339 1157 ipsum
3375 1089 3585 1155 oleum,

2009 1181 2066 1227 et
2099 1175 2347 1244 impones
2379 1191 2545 1246 super
2579 1172 2713 1232 illud
2774 1178 2918 1234 thus.
2981 1178 3327 1234 Sacriﬁcium
3370 1187 3476 1236 est.
3514 1182 3585 1237 Et

2010 1263 2207 1320 oﬁ‘eret
2230 1267 2486 1323 sacerdos
2538 1270 2862 1326 memoriale
2908 1272 3031 1342 ejus
3069 1271 3138 1326 de
3171 1271 3417 1328 farribus
3455 1289 3582 1329 cum

2010 1355 2152 1421 oleo,
2180 1365 2239 1439 et
2276 1373 2439 1443 omne
2498 1360 2628 1415 thus
2684 1362 2823 1433 ejus,
2854 1362 3033 1419 hostia
3076 1372 3160 1419 est
3189 1366 3422 1421 Domino
3451 1367 3518 1420 ⁸⁷.
3556 1385 3579 1418 ι

2081 1635 2140 1690 2.
2157 1635 2328 1692 Porro
2347 1638 2675 1708 perspicuus
2700 1634 2995 1693 admodum
3017 1647 3111 1709 est.
3127 1639 3326 1695 litterae
3360 1656 3577 1706 sensus,

2007 1740 2130 1791 nec,
2171 1726 2315 1782 sicut
2339 1742 2439 1798 ego
2475 1729 2736 1794 arbitror,
2766 1730 3001 1785 multum
3051 1730 3108 1785 in
3142 1731 3291 1786 illius
3330 1730 3586 1787 declara-

2007 1818 2157 1873 tione
2191 1818 2553 1874 laborandum
2574 1819 2763 1876 fuerit.
2790 1821 2905 1877 Hoc
2941 1829 3153 1877 tantum
3177 1822 3381 1887 dicam,
3429 1822 3581 1892 quod

2005 1895 2180 1980 Χίδρα
2198 1909 2453 1965 dicantur
2488 1910 2680 1967 farinae
2703 1927 2772 1967 ex
2799 1913 3191 1983 leguminibus.
3217 1913 3385 1984 Atqui
3415 1913 3472 1969 in
3490 1914 3585 1970 his

2008 2001 2151 2072 typis
2194 2001 2339 2071 capit
2395 2000 2599 2056 Christi
2627 2004 2967 2074 mysterium.
3012 2003 3136 2074 Ipse
3171 2005 3318 2059 enim
3358 2014 3442 2061 est
3477 2020 3585 2076 pro

2008 2091 2171 2147 nobis
2219 2092 2425 2147 oblatio
2445 2092 2749 2163 primarum
2772 2093 2991 2165 frugum
3026 2091 3315 2164 spiritalis,
3347 2096 3454 2152 hoc
3473 2106 3578 2161 est,

2007 2180 2263 2251 primitiae
2285 2181 2539 2239 humanae
2566 2195 2798 2248 naturae,
2822 2184 3226 2255 primogenitus
3250 2202 3281 2242 e
3326 2188 3580 2251 mortuis,

2009 2271 2223 2342 primus
2247 2272 2315 2327 ad
2346 2272 2839 2344 incorruptionem,
2881 2291 2948 2331 ac
2988 2278 3159 2332 veluti
3192 2278 3449 2349 primitim
3484 2295 3581 2334 eo-

2010 2376 2132 2416 rum
2153 2362 2246 2432 qui
2273 2363 2711 2419 obdormierunt.
2737 2365 2892 2421 llaud
2920 2381 3082 2422 secus
3103 2382 3269 2437 quam
3308 2387 3327 2420 ι
3353 2384 3585 2438 granum

2012 2453 2181 2510 tritici
2206 2473 2225 2505 ι
2257 2469 2382 2509 cum
2407 2455 2671 2511 ceciderit
2702 2456 2758 2510 in
2781 2465 3010 2522 terram,
3045 2465 3103 2513 et
3153 2467 3433 2513 mortuum
3466 2458 3587 2513 fue-

2013 2546 2104 2611 rit,
2131 2554 2296 2617 atque
2322 2547 2497 2603 instar
2528 2548 2692 2618 spicae
2721 2548 3011 2618 multiplex
3052 2549 3322 2604 exoritur.
3351 2550 3467 2605 Hoc
3499 2557 3584 2604 est

2011 2638 2157 2709 quod
2185 2639 2417 2708 ipsemet
2440 2640 2601 2694 nobis
2627 2649 2867 2704 enarrat,
2891 2640 3083 2696 dicens
3110 2659 3123 2695 :
3167 2661 3186 2692 ι
3214 2641 3329 2697 Nisi
3352 2657 3583 2713 granum

2014 2728 2182 2783 tritici
2204 2730 2510 2799 projectum
2536 2728 2592 2782 in
2614 2736 2819 2784 terram
2844 2730 3132 2796 moriatur,
3183 2731 3363 2801 ipsum
3404 2732 3584 2785 solum

2014 2819 2295 2885 manet;si
2322 2827 2506 2875 autem
2534 2819 3019 2885 fueritmortuum,
3060 2821 3295 2875 multum
3322 2822 3428 2877 fert
3468 2821 3585 2876 fru-

2014 2916 2163 2964 ctum
2202 2907 2269 2962 “.
2315 2929 2334 2960 ι
2360 2908 2629 2963 Caeterum
2663 2924 2774 2963 non
2815 2917 3040 2980 propter
3080 2925 3140 2965 se
3178 2918 3429 2965 mortuus
3473 2918 3582 2977 est,

332 3011 557 3079 φήνειεν
599 3005 828 3068 ἀστείως
878 3002 942 3055 τὸ
999 3003 1229 3074 γράμμα
1260 3002 1318 3056 τὸ
1341 3000 1579 3073 νομικόν.
1634 3018 1653 3052 ι
1706 3000 1769 3051 Εἰ
1805 2997 1911 3068 γὰρ

2017 2998 2112 3055 sed
2133 2998 2293 3054 nobis
2318 2998 2425 3054 hoc
2448 2998 2727 3069 praestitit.
2752 2999 2868 3055 Hoc
2905 3008 3089 3056 autem
3122 3000 3282 3055 valde
3303 3000 3583 3071 eleganter

335 3099 399 3170 δή
444 3114 531 3161 τις
572 3096 778 3156 ἕλοιτο,
823 3093 994 3165 φησὶ,
1053 3093 1381 3163 δωροφορεῖν
1440 3088 1632 3143 θυσίαν
1688 3104 1907 3158 πρωτο-

334 3187 740 3261 γεν[ν]ημάτων
783 3184 861 3255 τῷ
900 3183 1123 3254 Κυρίῳ,
1176 3182 1270 3235 νέα
1333 3180 1694 3251 πεφρυγμένα
1755 3178 1913 3249 χίδρα

336 3278 562 3349 ὲρεικτὰ
610 3274 689 3347 τῷ
734 3272 874 3344 Θεῷ.
918 3290 936 3324 ι
980 3274 1168 3343 Ἀθρει
1210 3270 1272 3340 δὴ
1320 3265 1435 3334 οὖν,
1468 3269 1617 3333 ὅπως
1666 3269 1731 3321 ὲκ
1776 3268 1912 3321 νέων

341 3371 485 3441 ἡμᾶς
530 3367 828 3440 προσάγειν
860 3362 1069 3436 καρπὸν
1103 3361 1400 3433 προτρέπει
1427 3360 1651 3428 Μωσῆς,
1713 3358 1830 3430 ἦτοι
1852 3357 1915 3412 τὸ

335 3461 576 3532 γράμμα
602 3457 663 3511 τὸ
686 3455 928 3526 νομικόν.
982 3453 1230 3524 ’Δπαρχὴ
1258 3451 1388 3522 γὰρ,
1421 3451 1496 3513 ὡς
1532 3450 1689 3519 ἔφην,
1711 3449 1810 3518 τῆς
1833 3449 1914 3511 είς

338 3551 632 3618 καινότητα
659 3545 802 3617 ζωῆς
842 3543 1239 3615 ἀνανεουμένης
1282 3541 1494 3611 φύσεως
1525 3539 1779 3611 Χριστὸς,
1819 3539 1915 3592 καὶ

338 3645 396 3696 ἐν
410 3640 564 3711 αὐτῷ
579 3638 768 3708 γέγονε
798 3637 867 3691 τὰ
881 3636 1057 3690 πάντα
1086 3634 1269 3689 καινά.
1284 3653 1303 3686 ι
1320 3632 1489 3702 Πλὴν,
1504 3630 1604 3685 οὑκ
1620 3627 1729 3702 [ἐκ]
1751 3629 1911 3700 μόνου

339 3734 709 3806 πῳσςέρεται
734 3730 880 3785 σίτου
902 3728 969 3782 τὰ
987 3729 1065 3790 είς
1089 3725 1298 3790 θυσίαν,
1324 3711 1459 3777 ἀλλά
1483 3723 1577 3777 καὶ
1597 3718 1657 3787 ἐξ
1674 3719 1914 3792 ὀσπρίων

338 3821 730 3895 κατερεικτῶν.
758 3820 967 3888 ’ὒνπερ
989 3816 1098 3887 γὰρ
1126 3817 1323 3888 τρόπον
1348 3817 1412 3868 ὲκ
1438 3812 1584 3867 σίτου
1613 3810 1911 3882 σεμίδαλιν,

338 3916 433 3970 καλ⁵
458 3915 561 3968 οὑκ
586 3911 749 3965 αὑτὸν
778 3910 907 3977 ὑγιᾶ
934 3907 1025 3961 τόν
1057 3907 1258 3961 κόκκον
1283 3902 1615 3961 ὀλοκαυτοῦν
1637 3901 1911 3956 διετύπουο

337 3999 483 4054 οὕτω
527 3997 757 4052 κάνθάδε
800 3996 999 4067 χρῆναι
1056 3994 1325 4048 ποιεῖσθαι
1378 3991 1731 4062 κατερεικτά,
1758 4006 1916 4044 τουτ-

340 4090 513 4151 έστιν,
554 4087 897 4160 ἀληλεσμένα
935 4084 1005 4138 τὰ
1042 4085 1102 4151 ἐξ
1138 4085 1380 4155 ὀσπρίων
1410 4081 1798 4155 προστέταχεν,
1828 4080 1915 4135 ἵνα

337 4180 403 4251 δὴ
424 4179 674 4250 φαίνοιτο
701 4180 767 4249 τῇ
795 4176 957 4247 θυσίᾳ
987 4175 1186 4247 προσὸν
1209 4175 1268 4228 τὸ
1283 4175 1444 4229 οἱονεὶ
1469 4173 1912 4245 ἐδώδιμον.Κατ-ι

338 4269 626 4340 ειθὶσμεθα
660 4269 789 4340 γὰρ,
820 4269 919 4339 οὑχ
952 4268 1081 4336 ὑγιᾶ
1105 4266 1196 4320 τὸν
1232 4268 1451 4330 κόκκον,
1479 4263 1916 4335 συντεθραυσμέ-

2009 3090 2173 3147 nobis
2206 3090 2529 3146 indicaverit
2556 3091 2741 3147 littera
2761 3091 2916 3161 legis.
2935 3092 3096 3163 345
3118 3093 3203 3147 Ait
3226 3093 3374 3146 enim
3409 3109 3422 3144 :
3478 3110 3496 3143 ι
3527 3090 3582 3146 Si

2011 3185 2136 3255 quis
2158 3183 2396 3239 voluerit
2426 3182 2630 3238 donum
2650 3181 2871 3246 oﬁerre,
2892 3183 3127 3237 hostiam
3146 3181 3448 3253 primarum
3472 3182 3578 3237 fru-

2011 3291 2139 3347 gum
2184 3274 2436 3339 Domino,
2462 3290 2640 3345 nuper
2671 3274 2960 3329 torrefacta
2986 3273 3128 3328 farra
3164 3272 3444 3328 confracta
3476 3274 3591 3327 Do-

2012 3367 2162 3422 mino
2186 3368 2256 3417 ”.
2281 3386 2300 3418 ι
2330 3366 2498 3422 Vides
2533 3366 2809 3436 quomodo
2832 3366 3027 3432 Moses,
3068 3365 3184 3420 sive
3221 3364 3403 3420 littera
3450 3364 3585 3435 legis

2010 3473 2080 3513 ex
2099 3459 2257 3514 novis
2280 3458 2533 3529 frugibus
2555 3473 2658 3513 nos
2685 3457 2886 3513 oﬁ‘errc
2910 3458 3101 3529 jubeat
3115 3458 3138 3512 ’ἒ
3153 3458 3287 3513 Nam
3307 3456 3583 3521 Christus,

2012 3559 2073 3607 ut
2095 3550 2229 3615 dixi,
2252 3558 2336 3605 est
2364 3550 2625 3620 primitiae
2654 3558 2867 3605 natura:
2890 3566 3011 3621 quae
3034 3550 3092 3605 in
3118 3550 3417 3605 novitatem
3461 3548 3583 3605 vita:

2014 3649 2351 3697 renovatur:
2384 3642 2633 3713 adeoque
2654 3643 2711 3697 in
2735 3643 2855 3712 ipso
2870 3657 3011 3697 nova
3033 3640 3174 3696 facta
3196 3639 3548 3696 suntomnia'
3569 3679 3582 3691 .

2012 3732 2133 3788 Non
2153 3740 2337 3787 autem
2370 3746 2439 3787 ex
2464 3733 2582 3788 solo
2611 3732 2795 3787 tritico
2824 3731 3133 3785 oﬁ‘eruntur
3156 3730 3299 3783 dona
3325 3729 3392 3783 ad
3414 3729 3581 3783 sacri-

2015 3823 2220 3888 ﬁcium,
2250 3822 2346 3878 sed
2370 3837 2437 3877 ex
2459 3822 2827 3893 leguminibus
2865 3821 3011 3875 mola
3031 3818 3347 3874 confractis.
3382 3817 3574 3884 Quem-

2012 3913 2307 3968 admodum
2346 3913 2493 3967 enim
2532 3911 2895 3981 similaginem
2935 3925 3003 3965 ex
3028 3909 3239 3974 tritico,
3264 3925 3372 3963 non
3398 3916 3581 3964 autem

2014 4000 2286 4071 integrum
2320 4014 2549 4070 granum
2584 3998 2640 4053 in
2669 3999 3054 4054 holocaustum
3076 3998 3278 4055 offerre
3306 3998 3395 4055 lex
3420 3998 3580 4070 jube-

2015 4091 2110 4147 bat
2152 4091 2260 4145 :ita
2297 4099 2353 4146 et
2373 4090 2466 4145 hic
2490 4090 2737 4161 praecipit
2759 4106 2879 4146 esse
2909 4090 3246 4159 faciendum,
3285 4102 3346 4147 ut
3375 4092 3581 4149 scilicet

2013 4182 2287 4255 legumina
2307 4181 2462 4253 prius
2497 4183 2639 4237 mola
2669 4181 3100 4248 contundantur,
3131 4184 3298 4254 idque
3344 4184 3470 4240 ideo
3525 4193 3581 4239 ut

2015 4273 2343 4330 sacriﬁcium
2387 4274 2632 4329 oblatum
2685 4274 2937 4329 videatur
2999 4274 3406 4345 quodammodo
3464 4276 3582 4330 esui

338 4379 429 4417 νον
467 4361 527 4415 δὲ
574 4360 770 4432 μᾶλλον
816 4358 1089 4412 ποιεῖσθαι
1125 4359 1353 4429 τροφήν.
1388 4355 1597 4412 Οὐκοῦν
1648 4374 1668 4408 ι
1705 4372 1911 4428 πρωτο-

2016 4375 2224 4436 aptum.
2253 4365 2443 4437 Neque
2465 4367 2612 4421 enim
2635 4366 3019 4421 consuevimus
3039 4367 3310 4436 integrum
3332 4383 3581 4435 granum,

339 4450 644 4525 γένίν]ημα
678 4452 844 4522 μὲν,ὀ
869 4451 1126 4523 Χριστὸς,
1166 4450 1260 4503 καὶ
1294 4448 1453 4503 θυσία
1473 4448 1549 4520 τῷ
1566 4447 1686 4518 Θεῷ
1714 4447 1853 4519 καλὴ
1890 4466 1910 4500 ι

339 4546 435 4599 καὶ
461 4545 838 4615 εὑοσμωτάτη,
884 4542 1274 4614 τροφιμωτὸηη
1304 4542 1361 4595 δὲ
1394 4541 1514 4595 λίαν
1542 4542 1637 4595 καὶ
1663 4542 1794 4612 ἡμῖν
1820 4541 1918 4595 αὑ-

337 4640 472 4700 τοῖς.
504 4656 525 4688 ι
558 4636 730 4700 Αὐτὸς
749 4636 859 4707 γάρ
888 4638 1034 4689 ἐστιν
1078 4636 1106 4688 6
1134 4634 1316 4705 ἄρτος,
1347 4635 1376 4687 6
1400 4633 1459 4700 ἐξ
1484 4632 1714 4705 οὐρανοῦ
1744 4651 1914 4688 κατα-

340 4727 462 4791 ϐὰς,
512 4728 610 4782 καὶ
652 4726 797 4798 ζωὴν
837 4726 916 4796 τῷ
955 4727 1145 4797 κόσμῳ
1195 4725 1397 4787 διδούς·
1435 4743 1455 4776 ι
1512 4725 1607 4778 καὶ
1636 4725 1915 4789 οἱονείπως

339 4822 471 4890 ⁴ἡμῖν
520 4818 725 4888 ἔδεσμα
761 4818 851 4872 τὸν
899 4818 1062 4871 αὑτὸν
1110 4817 1395 4889 παραθεὶς,
1450 4816 1697 4887 καθάπερ
1759 4815 1917 4887 σεμί-

339 4909 491 4964 δαλιν
518 4909 553 4980 ἦ
580 4908 793 4980 χίδραν.
840 4908 1186 4978 Ἐπιχέεσθαι
1224 4908 1282 4962 δὲ
1311 4911 1377 4979 τῇ
1409 4907 1568 4981 θυσίᾳ
1593 4908 1699 4962 δεῖν
1725 4909 1830 4978 ἔφη
1857 4908 1919 4962 τὸ

338 5001 541 5064 ἔλαιον,
566 4999 873 5055 καταπλάτ·
891 5000 1045 5054 εσθαι
1066 5000 1122 5054 δὲ
1143 4999 1312 5071 αὐτὴν
1331 5000 1426 5053 καὶ
1449 5000 1730 5070 λιϐανωτῷ
1753 5016 1919 5071 προσ-

339 5092 563 5162 τέταχεο
596 5090 690 5144 τοῦ
724 5091 822 5160 μὲν
869 5091 1047 5145 ἐλαίου
1078 5090 1137 5145 τὸ
1175 5091 1249 5154 ὡς
1278 5094 1335 5144 ὲν
1368 5092 1583 5160 πιότητι
1614 5092 1708 5145 καὶ
1738 5091 1917 5163 ἱλαρό-

339 5200 461 5253 τητι
506 5181 854 5252 συμϐολικῶς
901 5182 1289 5253 ὑποφαίνοντος
1309 5196 1326 5213 ⁵
1360 5182 1455 5236 τοῦ
1487 5183 1545 5237 δέ
1584 5199 1648 5253 γε
1668 5182 1909 5249 λιϐάνου,

335 5273 397 5327 τὸ
426 5275 571 5346 ἱερὸν
625 5275 718 5329 καὶ
751 5274 947 5337 εὑῶδες
996 5274 1224 5339 ἀστείως
1264 5278 1394 5347 ἡμῖν
1430 5275 1908 5346 ὑποσημαίνοντος.

335 5366 533 5436 Γέγονε
563 5366 661 5437 μὲν
702 5365 834 5437 γὰρ,
873 5365 951 5429 ὡς
977 5365 1131 5437 ἔφην,
1162 5367 1301 5439 ὑπὲρ
1342 5367 1499 5437 ἡμῶν
1527 5367 1684 5421 θυσία
1716 5368 1745 5419 6
1774 5368 1911 5437 Χρι-

339 5460 487 5522 στος,
504 5459 599 5513 καὶ
610 5458 687 5521 ὡς
696 5456 882 5529 ἀγρῶν
905 5458 1127 5531 ἀπαρχὴ
1142 5457 1539 5530 πρωτογενΜη
1547 5459 1730 5529 μάτων
1750 5474 1913 5510 πνευο

2012 4457 2108 4513 sed
2144 4466 2437 4514 contusum
2470 4457 2525 4511 in
2590 4456 2910 4511 alimentum
2961 4456 3581 4513 converterc.Christus

2012 4548 2180 4622 igitur
2198 4558 2282 4605 est
2321 4569 2339 4601 ι
2367 4547 2623 4619 primitiae
2650 4547 2889 4619 frugum,
2914 4547 3204 4618 hostiaque
3227 4547 3339 4603 Deo
3359 4551 3534 4619 grata’
3560 4569 3577 4600 ι

2011 4647 2067 4693 et
2098 4638 2560 4710 fragrantissima;
2603 4639 2712 4692 imo
2732 4654 2864 4692 vero
2893 4645 2948 4694 et
2968 4637 3129 4695 nobis
3167 4638 3305 4710 ipsis
3350 4639 3590 4696 maxime

2010 4731 2268 4787 convenit
2294 4732 2349 4785 in
2380 4731 2722 4786 alimentum.
2757 4750 2776 4778 ε
2807 4729 2947 4796 Quia
2984 4730 3100 4801 ipse
3139 4738 3224 4787 est
3270 4731 3429 4802 panis
3491 4732 3581 4800 qui

2014 4820 2082 4876 de
2099 4821 2237 4876 caelo
2267 4820 2552 4875 descendit
2611 4828 2669 4874 et
2698 4819 2792 4874 dat
2810 4820 2981 4874 vitam
3010 4819 3217 4874 mundo
3243 4821 3284 4883 ³,
3324 4839 3343 4871 ι
3372 4825 3430 4875 et
3451 4835 3579 4889 quo-

2012 4912 2304 4968 dammodo
2338 4912 2579 4981 seipsum
2630 4911 2793 4967 nobis
2831 4912 3058 4981 apponit
3097 4911 3389 4971 edendum.
3416 4913 3584 4969 veluti

2013 5003 2372 5071 similaginem
2399 5010 2494 5056 aut
2518 5002 2750 5057 farinam
2776 5002 3067 5072 quamdam
3091 5018 3159 5057 ex
3187 5003 3583 5071 leguminibus.

2013 5092 2185 5148 Porro
2227 5091 2282 5146 in
2326 5092 2652 5148 sacriﬁcium
2710 5094 2787 5148 ait
2814 5108 2935 5147 esse
2988 5092 3330 5148 fundendum
3377 5093 3582 5156 oleum,

2013 5191 2177 5254 atque
2211 5183 2265 5236 id
2291 5183 2448 5237 thure
2472 5183 2870 5254 aspergendum
2890 5185 3170 5255 prmcepit.
3195 5183 3389 5242 Oleum
3448 5185 3579 5254 ﬁgu-

2011 5282 2128 5329 rate
2150 5271 2421 5343 signiﬁcat
2442 5272 2498 5328 id
2528 5275 2675 5343 quod
2700 5275 2902 5343 pingue
2933 5283 3053 5331 est:
3090 5276 3216 5332 thus
3234 5284 3417 5330 autem
3448 5276 3580 5332 scite

2012 5364 2282 5435 signiﬁcat
2324 5364 2524 5419 bonam
2558 5364 2933 5435 fragrantiam.
2975 5366 3229 5421 Christus
3277 5365 3425 5420 enim
3484 5382 3581 5436 pro

2013 5457 2194 5518 nobis,
2223 5464 2282 5509 ut
2302 5456 2434 5519 dixi,
2463 5456 2640 5511 factus
2666 5464 2750 5512 est
2781 5456 2981 5524 hostia,
3030 5467 3087 5513 et
3115 5457 3285 5512 veluti
3327 5473 3580 5521 agrorum

394 5569 443 5601 ⁹⁶
460 5567 551 5621 Ps.
568 5581 754 5629 xxxix.
773 5564 827 5619 7.
851 5565 899 5598 ³⁷
918 5563 1048 5621 Lor.
1065 5581 1127 5632 ιι,
1148 5564 1236 5630 υ,
1261 5564 1348 5619 l5.
1374 5561 1589 5619 "Joan.
1609 5579 1709 5629 xu,
1732 5562 1822 5617 24.
1853 5564 1899 5595 "

2011 5580 2045 5617 ι.
2072 5579 2131 5628 ιι,
2155 5563 2241 5619 Η.
2287 5564 2303 5596 ⁸
2328 5560 2510 5619 llCor.
2532 5579 2584 5628 ν,
2618 5564 2699 5618 l7.
2742 5566 2763 5597 ³
2787 5564 2927 5621 Phil.
2953 5581 3026 5632 tv,
3050 5563 3134 5620 18.
3165 5564 3186 5598 ⁸
3210 5564 3361 5621 Joan.
3385 5578 3464 5626 vt,
3485 5563 3574 5619 50.

395 5654 1037 5737 (l)_Cndex_ll:urimantts
1071 5656 1374 5737 interserit,
1407 5657 1500 5709 καὶ
1533 5652 1689 5737 τοῦτο
1703 5652 1911 5737 ,δωροὺιξ

2011 5671 2061 5737 ος
2095 5655 2372 5737 μονονουχὶ
2403 5652 2495 5736 καὶ
2513 5651 2594 5737 ῶς
2629 5653 2958 5737 παράὶήμῶν
2992 5655 3130 5727 καλὴ
3160 5657 3248 5709 καὶ
3279 5653 3579 5726 ἀμώμητος

339 5724 433 5795 (αἱ,
455 5724 793 5796 εὐοσμοτάτη
821 5726 979 5781 θυσία
1010 5727 1468 5797 προσκεκόμισται
1506 5724 1581 5790 τῷ
1620 5724 1741 5797 Θεῷ
1772 5724 1861 5777 καὶ

1939 5724 2077 5793 ατρίθ
2124 5726 2216 5777 καὶ
2246 5725 2398 5778 τοῦτο
2430 5724 2578 5793 ἡμῖν,
2624 5741 2674 5778 κ.
2712 5740 2758 5780 τ.
2793 5724 2851 5786 λ,
