  <div class='ocr_page' id='page_1' title='image "/cluster/home/n/w/nwhite01/storage/ocr_20150623/69/hvd.32044073501983/277.png"; bbox 0 0 4022 6198; ppageno 0'>
   <div class='ocr_carea' id='block_1_1' title="bbox 411 293 517 350">
    <p class='ocr_par' dir='ltr' id='par_1_1' title="bbox 411 293 517 350">
     <span class='ocr_line' id='line_1_1' title="bbox 411 293 517 350; baseline 0 0"><span class='ocrx_word' id='word_1_1' title='bbox 411 293 517 350; x_wconf 60' lang='grc'><strong>813</strong></span> 
     </span>
    </p>
   </div>
   <div class='ocr_carea' id='block_1_2' title="bbox 1435 281 2890 343">
    <p class='ocr_par' dir='ltr' id='par_1_2' title="bbox 1435 281 2890 343">
     <span class='ocr_line' id='line_1_2' title="bbox 1435 281 2890 343; baseline 0.001 -1"><span class='ocrx_word' id='word_1_2' title='bbox 1435 286 1493 342; x_wconf 69' lang='grc' dir='ltr'>ὃ.</span> <span class='ocrx_word' id='word_1_3' title='bbox 1534 285 1809 342; x_wconf 72' lang='grc' dir='ltr'>οῖιιιιιι</span> <span class='ocrx_word' id='word_1_4' title='bbox 1847 281 2316 342; x_wconf 72' lang='lat' dir='ltr'><strong>ALEXANDRINI</strong></span> <span class='ocrx_word' id='word_1_5' title='bbox 2355 282 2656 339; x_wconf 77' lang='lat' dir='ltr'><strong>ARCHIEP</strong></span> <span class='ocrx_word' id='word_1_6' title='bbox 2844 332 2890 343; x_wconf 38' lang='grc' dir='ltr'><strong>κ</strong></span> 
     </span>
    </p>
   </div>
   <div class='ocr_carea' id='block_1_3' title="bbox 3567 277 3669 337">
    <p class='ocr_par' dir='ltr' id='par_1_3' title="bbox 3567 277 3669 337">
     <span class='ocr_line' id='line_1_3' title="bbox 3567 277 3669 337; baseline -0.069 0"><span class='ocrx_word' id='word_1_7' title='bbox 3567 277 3669 337; x_wconf 72' lang='grc' dir='ltr'><strong>ΒΗ</strong></span> 
     </span>
    </p>
   </div>
   <div class='ocr_carea' id='block_1_4' title="bbox 411 393 1998 480">
    <p class='ocr_par' dir='ltr' id='par_1_4' title="bbox 411 399 1988 480">
     <span class='ocr_line' id='line_1_4' title="bbox 411 399 1988 480; baseline -0.004 -19"><span class='ocrx_word' id='word_1_8' title='bbox 411 404 689 480; x_wconf 78' lang='lat' dir='ltr'><strong>primitiae,</strong></span> <span class='ocrx_word' id='word_1_9' title='bbox 729 403 986 459; x_wconf 82' lang='lat' dir='ltr'><strong>nimirum</strong></span> <span class='ocrx_word' id='word_1_10' title='bbox 1035 415 1224 472; x_wconf 79' lang='lat' dir='ltr'><strong>prima:</strong></span> <span class='ocrx_word' id='word_1_11' title='bbox 1269 400 1455 472; x_wconf 77' lang='lat' dir='ltr'><strong>fruges</strong></span> <span class='ocrx_word' id='word_1_12' title='bbox 1498 400 1793 471; x_wconf 77' lang='lat' dir='ltr'><strong>spiritales.</strong></span> <span class='ocrx_word' id='word_1_13' title='bbox 1832 399 1988 467; x_wconf 86' lang='lat' dir='ltr'><strong>Quod</strong></span> 
     </span>
    </p>
   </div>
   <div class='ocr_carea' id='block_1_5' title="bbox 2098 393 3670 480">
    <p class='ocr_par' dir='ltr' id='par_1_5' title="bbox 2098 393 3670 471">
     <span class='ocr_line' id='line_1_5' title="bbox 2098 393 3670 471; baseline -0.003 -18"><span class='ocrx_word' id='word_1_14' title='bbox 2098 399 2355 471; x_wconf 86' lang='grc' dir='ltr'>ματικῶν.</span> <span class='ocrx_word' id='word_1_15' title='bbox 2393 399 2518 451; x_wconf 81' lang='grc' dir='ltr'><strong>Ὀτι</strong></span> <span class='ocrx_word' id='word_1_16' title='bbox 2561 396 2618 450; x_wconf 83' lang='grc' dir='ltr'>δὲ</span> <span class='ocrx_word' id='word_1_17' title='bbox 2645 395 2742 450; x_wconf 70' lang='grc' dir='ltr'><strong>οὐκ</strong></span> <span class='ocrx_word' id='word_1_18' title='bbox 2773 395 2852 457; x_wconf 84' lang='grc' dir='ltr'><strong>είς</strong></span> <span class='ocrx_word' id='word_1_19' title='bbox 2893 393 3126 465; x_wconf 78' lang='grc' dir='ltr'>δάκρυον</span> <span class='ocrx_word' id='word_1_20' title='bbox 3157 394 3190 466; x_wconf 71' lang='grc' dir='ltr'>ἦ</span> <span class='ocrx_word' id='word_1_21' title='bbox 3216 411 3272 448; x_wconf 84' lang='grc' dir='ltr'><strong>τε</strong></span> <span class='ocrx_word' id='word_1_22' title='bbox 3307 394 3502 466; x_wconf 79' lang='grc' dir='ltr'>θρῆνος</span> <span class='ocrx_word' id='word_1_23' title='bbox 3525 397 3552 448; x_wconf 91' lang='lat'><strong>6</strong></span> <span class='ocrx_word' id='word_1_24' title='bbox 3580 395 3670 450; x_wconf 77' lang='grc' dir='ltr'>θάο</span> 
     </span>
    </p>
   </div>
   <div class='ocr_carea' id='block_1_6' title="bbox 415 491 1986 566">
    <p class='ocr_par' dir='ltr' id='par_1_6' title="bbox 415 491 1986 566">
     <span class='ocr_line' id='line_1_6' title="bbox 415 491 1986 566; baseline -0.004 -13"><span class='ocrx_word' id='word_1_25' title='bbox 415 508 598 554; x_wconf 87' lang='lat' dir='ltr'><strong>autem</strong></span> <span class='ocrx_word' id='word_1_26' title='bbox 630 496 800 566; x_wconf 88' lang='lat' dir='ltr'><strong>ipsius</strong></span> <span class='ocrx_word' id='word_1_27' title='bbox 826 510 973 548; x_wconf 91' lang='lat' dir='ltr'><strong>mors</strong></span> <span class='ocrx_word' id='word_1_28' title='bbox 996 509 1106 547; x_wconf 89' lang='lat' dir='ltr'><strong>non</strong></span> <span class='ocrx_word' id='word_1_29' title='bbox 1136 492 1302 547; x_wconf 84' lang='lat' dir='ltr'><strong>fuerit</strong></span> <span class='ocrx_word' id='word_1_30' title='bbox 1327 491 1576 547; x_wconf 83' lang='lat' dir='ltr'><strong>deﬂenda</strong></span> <span class='ocrx_word' id='word_1_31' title='bbox 1602 501 1696 546; x_wconf 88' lang='lat' dir='ltr'><strong>aut</strong></span> <span class='ocrx_word' id='word_1_32' title='bbox 1716 493 1986 558; x_wconf 88' lang='lat' dir='ltr'><strong>luctuosa,</strong></span> 
     </span>
    </p>
   </div>
   <div class='ocr_carea' id='block_1_7' title="bbox 417 584 1991 658">
    <p class='ocr_par' dir='ltr' id='par_1_7' title="bbox 417 584 1991 658">
     <span class='ocr_line' id='line_1_7' title="bbox 417 584 1991 658; baseline -0.004 -14"><span class='ocrx_word' id='word_1_33' title='bbox 417 589 512 645; x_wconf 79' lang='lat' dir='ltr'><strong>sed</strong></span> <span class='ocrx_word' id='word_1_34' title='bbox 531 592 713 658; x_wconf 77' lang='lat' dir='ltr'><strong>potius</strong></span> <span class='ocrx_word' id='word_1_35' title='bbox 737 588 923 642; x_wconf 90' lang='lat' dir='ltr'><strong>lletum</strong></span> <span class='ocrx_word' id='word_1_36' title='bbox 944 601 1008 640; x_wconf 90' lang='lat' dir='ltr'><strong>ac</strong></span> <span class='ocrx_word' id='word_1_37' title='bbox 1033 585 1209 640; x_wconf 90' lang='lat' dir='ltr'><strong>lutum</strong></span> <span class='ocrx_word' id='word_1_38' title='bbox 1230 601 1260 639; x_wconf 93' lang='lat' dir='ltr'><strong>e</strong></span> <span class='ocrx_word' id='word_1_39' title='bbox 1281 585 1462 639; x_wconf 89' lang='lat' dir='ltr'><strong>medio</strong></span> <span class='ocrx_word' id='word_1_40' title='bbox 1494 584 1802 648; x_wconf 87' lang='lat' dir='ltr'><strong>sustulerit,</strong></span> <span class='ocrx_word' id='word_1_41' title='bbox 1828 591 1991 652; x_wconf 88' lang='lat' dir='ltr'><strong>atque</strong></span> 
     </span>
    </p>
   </div>
   <div class='ocr_carea' id='block_1_8' title="bbox 412 676 1991 750">
    <p class='ocr_par' dir='ltr' id='par_1_8' title="bbox 412 676 1991 750">
     <span class='ocr_line' id='line_1_8' title="bbox 412 676 1991 750; baseline -0.005 -13"><span class='ocrx_word' id='word_1_42' title='bbox 412 695 471 737; x_wconf 78' lang='lat' dir='ltr'><strong>tu</strong></span> <span class='ocrx_word' id='word_1_43' title='bbox 511 695 663 750; x_wconf 92' lang='lat' dir='ltr'><strong>spem</strong></span> <span class='ocrx_word' id='word_1_44' title='bbox 686 679 1050 750; x_wconf 80' lang='lat' dir='ltr'><strong>gratissimam</strong></span> <span class='ocrx_word' id='word_1_45' title='bbox 1079 677 1389 740; x_wconf 83' lang='lat' dir='ltr'><strong>adduxerit,</strong></span> <span class='ocrx_word' id='word_1_46' title='bbox 1437 676 1646 730; x_wconf 86' lang='lat' dir='ltr'><strong>nemini</strong></span> <span class='ocrx_word' id='word_1_47' title='bbox 1692 691 1801 730; x_wconf 92' lang='lat' dir='ltr'><strong>non</strong></span> <span class='ocrx_word' id='word_1_48' title='bbox 1838 691 1991 729; x_wconf 89' lang='lat' dir='ltr'><strong>com-</strong></span> 
     </span>
    </p>
   </div>
   <div class='ocr_carea' id='block_1_9' title="bbox 414 769 1993 844">
    <p class='ocr_par' dir='ltr' id='par_1_9' title="bbox 414 769 1993 844">
     <span class='ocr_line' id='line_1_9' title="bbox 414 769 1993 844; baseline -0.003 -17"><span class='ocrx_word' id='word_1_49' title='bbox 414 783 631 844; x_wconf 85' lang='lat' dir='ltr'><strong>pertum</strong></span> <span class='ocrx_word' id='word_1_50' title='bbox 663 782 765 826; x_wconf 89' lang='lat' dir='ltr'><strong>est.</strong></span> <span class='ocrx_word' id='word_1_51' title='bbox 792 773 911 826; x_wconf 83' lang='lat' dir='ltr'><strong>Non</strong></span> <span class='ocrx_word' id='word_1_52' title='bbox 937 771 1086 826; x_wconf 89' lang='lat' dir='ltr'><strong>enim</strong></span> <span class='ocrx_word' id='word_1_53' title='bbox 1120 787 1150 824; x_wconf 91' lang='lat' dir='ltr'><strong>a</strong></span> <span class='ocrx_word' id='word_1_54' title='bbox 1192 771 1367 840; x_wconf 91' lang='lat' dir='ltr'><strong>portis</strong></span> <span class='ocrx_word' id='word_1_55' title='bbox 1420 769 1581 824; x_wconf 82' lang='lat' dir='ltr'><strong>inferi</strong></span> <span class='ocrx_word' id='word_1_56' title='bbox 1623 769 1859 824; x_wconf 82' lang='lat' dir='ltr'><strong>detineri</strong></span> <span class='ocrx_word' id='word_1_57' title='bbox 1895 784 1993 838; x_wconf 87' lang='lat' dir='ltr'><strong>po-</strong></span> 
     </span>
    </p>
   </div>
   <div class='ocr_carea' id='block_1_10' title="bbox 415 862 1991 932">
    <p class='ocr_par' dir='ltr' id='par_1_10' title="bbox 415 862 1991 932">
     <span class='ocr_line' id='line_1_10' title="bbox 415 862 1991 932; baseline -0.001 -14"><span class='ocrx_word' id='word_1_58' title='bbox 415 865 547 929; x_wconf 92' lang='lat' dir='ltr'><strong>tuit;</strong></span> <span class='ocrx_word' id='word_1_59' title='bbox 575 879 751 932; x_wconf 91' lang='lat' dir='ltr'><strong>neque</strong></span> <span class='ocrx_word' id='word_1_60' title='bbox 777 863 920 917; x_wconf 87' lang='lat' dir='ltr'><strong>inter</strong></span> <span class='ocrx_word' id='word_1_61' title='bbox 959 870 1206 917; x_wconf 89' lang='lat' dir='ltr'><strong>mortuos</strong></span> <span class='ocrx_word' id='word_1_62' title='bbox 1244 863 1566 932; x_wconf 86' lang='lat' dir='ltr'><strong>permansit,</strong></span> <span class='ocrx_word' id='word_1_63' title='bbox 1619 863 1836 917; x_wconf 86' lang='lat' dir='ltr'><strong>etiamsi</strong></span> <span class='ocrx_word' id='word_1_64' title='bbox 1890 862 1991 917; x_wconf 89' lang='lat' dir='ltr'><strong>ab-</strong></span> 
     </span>
    </p>
   </div>
   <div class='ocr_carea' id='block_1_11' title="bbox 415 953 1993 1025">
    <p class='ocr_par' dir='ltr' id='par_1_11' title="bbox 415 953 1993 1025">
     <span class='ocr_line' id='line_1_11' title="bbox 415 953 1993 1025; baseline -0.003 -13"><span class='ocrx_word' id='word_1_65' title='bbox 415 955 618 1025; x_wconf 86' lang='lat' dir='ltr'><strong>sorpsit</strong></span> <span class='ocrx_word' id='word_1_66' title='bbox 664 969 814 1008; x_wconf 90' lang='lat' dir='ltr'><strong>mors</strong></span> <span class='ocrx_word' id='word_1_67' title='bbox 860 962 1057 1024; x_wconf 90' lang='lat' dir='ltr'><strong>potens</strong></span> <span class='ocrx_word' id='word_1_68' title='bbox 1111 955 1266 1024; x_wconf 79' lang='lat' dir='ltr'><strong>juxta</strong></span> <span class='ocrx_word' id='word_1_69' title='bbox 1296 969 1487 1008; x_wconf 89' lang='lat' dir='ltr'><strong>vocem</strong></span> <span class='ocrx_word' id='word_1_70' title='bbox 1518 954 1802 1024; x_wconf 79' lang='lat' dir='ltr'><strong>prophetae</strong></span> <span class='ocrx_word' id='word_1_71' title='bbox 1825 953 1845 984; x_wconf 74' lang='grc'>⁸</span> <span class='ocrx_word' id='word_1_72' title='bbox 1874 971 1886 1007; x_wconf 92' lang='lat'><strong>:</strong></span> <span class='ocrx_word' id='word_1_73' title='bbox 1913 963 1993 1008; x_wconf 90' lang='lat' dir='ltr'><strong>ta-</strong></span> 
     </span>
    </p>
   </div>
   <div class='ocr_carea' id='block_1_12' title="bbox 414 1046 1993 1116">
    <p class='ocr_par' dir='ltr' id='par_1_12' title="bbox 414 1046 1993 1116">
     <span class='ocr_line' id='line_1_12' title="bbox 414 1046 1993 1116; baseline 0.001 -16"><span class='ocrx_word' id='word_1_74' title='bbox 414 1061 541 1102; x_wconf 79' lang='lat' dir='ltr'><strong>men</strong></span> <span class='ocrx_word' id='word_1_75' title='bbox 576 1061 796 1100; x_wconf 85' lang='lat' dir='ltr'><strong>rursum</strong></span> <span class='ocrx_word' id='word_1_76' title='bbox 840 1046 1066 1100; x_wconf 87' lang='lat' dir='ltr'><strong>abstulit</strong></span> <span class='ocrx_word' id='word_1_77' title='bbox 1111 1046 1256 1100; x_wconf 85' lang='lat' dir='ltr'><strong>Deus</strong></span> <span class='ocrx_word' id='word_1_78' title='bbox 1296 1061 1517 1099; x_wconf 90' lang='lat' dir='ltr'><strong>omnem</strong></span> <span class='ocrx_word' id='word_1_79' title='bbox 1576 1046 1875 1116; x_wconf 83' lang='lat' dir='ltr'><strong>lacrymam</strong></span> <span class='ocrx_word' id='word_1_80' title='bbox 1923 1046 1993 1101; x_wconf 87' lang='lat' dir='ltr'><strong>ab</strong></span> 
     </span>
    </p>
   </div>
   <div class='ocr_carea' id='block_1_13' title="bbox 415 1135 1995 1206">
    <p class='ocr_par' dir='ltr' id='par_1_13' title="bbox 415 1135 1995 1206">
     <span class='ocr_line' id='line_1_13' title="bbox 415 1135 1995 1206; baseline -0.001 -15"><span class='ocrx_word' id='word_1_81' title='bbox 415 1137 564 1192; x_wconf 89' lang='lat' dir='ltr'><strong>omni</strong></span> <span class='ocrx_word' id='word_1_82' title='bbox 588 1136 725 1191; x_wconf 77' lang='lat' dir='ltr'><strong>facie</strong></span> <span class='ocrx_word' id='word_1_83' title='bbox 745 1137 765 1168; x_wconf 84' lang='grc'><strong><em>⁵</em></strong></span> <span class='ocrx_word' id='word_1_84' title='bbox 792 1154 804 1189; x_wconf 89' lang='lat'><strong>:</strong></span> <span class='ocrx_word' id='word_1_85' title='bbox 829 1137 1184 1206; x_wconf 88' lang='lat' dir='ltr'><strong>opprobrium</strong></span> <span class='ocrx_word' id='word_1_86' title='bbox 1199 1137 1385 1205; x_wconf 87' lang='lat' dir='ltr'><strong>populi</strong></span> <span class='ocrx_word' id='word_1_87' title='bbox 1409 1135 1636 1190; x_wconf 86' lang='lat' dir='ltr'><strong>abstulit</strong></span> <span class='ocrx_word' id='word_1_88' title='bbox 1657 1137 1725 1190; x_wconf 90' lang='lat' dir='ltr'><strong>ab</strong></span> <span class='ocrx_word' id='word_1_89' title='bbox 1739 1136 1995 1190; x_wconf 86' lang='lat' dir='ltr'><strong>universa</strong></span> 
     </span>
    </p>
   </div>
   <div class='ocr_carea' id='block_1_14' title="bbox 418 1216 1991 1295">
    <p class='ocr_par' dir='ltr' id='par_1_14' title="bbox 418 1216 1991 1295">
     <span class='ocr_line' id='line_1_14' title="bbox 418 1216 1991 1295; baseline -0.002 -12"><span class='ocrx_word' id='word_1_90' title='bbox 418 1239 586 1284; x_wconf 88' lang='lat' dir='ltr'><strong>terra.</strong></span> <span class='ocrx_word' id='word_1_91' title='bbox 600 1227 918 1295; x_wconf 86' lang='lat' dir='ltr'><strong>Quomodo?</strong></span> <span class='ocrx_word' id='word_1_92' title='bbox 931 1228 1148 1282; x_wconf 80' lang='lat' dir='ltr'><strong>Revixit</strong></span> <span class='ocrx_word' id='word_1_93' title='bbox 1172 1228 1426 1283; x_wconf 92' lang='lat' dir='ltr'><strong>Christus</strong></span> <span class='ocrx_word' id='word_1_94' title='bbox 1441 1216 1623 1282; x_wconf 83' lang='lat' dir='ltr'><strong>morte</strong></span> <span class='ocrx_word' id='word_1_95' title='bbox 1651 1227 1991 1290; x_wconf 87' lang='lat' dir='ltr'><strong>conculcata,</strong></span> 
     </span>
    </p>
   </div>
   <div class='ocr_carea' id='block_1_15' title="bbox 418 1319 1991 1389">
    <p class='ocr_par' dir='ltr' id='par_1_15' title="bbox 418 1319 1991 1389">
     <span class='ocr_line' id='line_1_15' title="bbox 418 1319 1991 1389; baseline 0 -17"><span class='ocrx_word' id='word_1_96' title='bbox 418 1329 478 1374; x_wconf 92' lang='lat' dir='ltr'><strong>ut</strong></span> <span class='ocrx_word' id='word_1_97' title='bbox 508 1327 564 1373; x_wconf 90' lang='lat' dir='ltr'><strong>et</strong></span> <span class='ocrx_word' id='word_1_98' title='bbox 595 1335 693 1374; x_wconf 89' lang='lat' dir='ltr'><strong>nos</strong></span> <span class='ocrx_word' id='word_1_99' title='bbox 717 1320 977 1374; x_wconf 90' lang='lat' dir='ltr'><strong>liberaret</strong></span> <span class='ocrx_word' id='word_1_100' title='bbox 1009 1335 1042 1373; x_wconf 90' lang='lat' dir='ltr'><strong>a</strong></span> <span class='ocrx_word' id='word_1_101' title='bbox 1074 1319 1430 1389; x_wconf 88' lang='lat' dir='ltr'><strong>corruptione</strong></span> <span class='ocrx_word' id='word_1_102' title='bbox 1460 1320 1504 1383; x_wconf 78' lang='grc'>⁸,</span> <span class='ocrx_word' id='word_1_103' title='bbox 1551 1327 1608 1373; x_wconf 90' lang='lat' dir='ltr'><strong>et</strong></span> <span class='ocrx_word' id='word_1_104' title='bbox 1637 1319 1991 1387; x_wconf 85' lang='lat' dir='ltr'><strong>compressis,</strong></span> 
     </span>
    </p>
   </div>
   <div class='ocr_carea' id='block_1_16' title="bbox 417 1410 1996 1483">
    <p class='ocr_par' dir='ltr' id='par_1_16' title="bbox 417 1410 1996 1483">
     <span class='ocr_line' id='line_1_16' title="bbox 417 1410 1996 1483; baseline -0.001 -18"><span class='ocrx_word' id='word_1_105' title='bbox 417 1427 554 1481; x_wconf 87' lang='lat' dir='ltr'><strong>quas</strong></span> <span class='ocrx_word' id='word_1_106' title='bbox 578 1412 650 1466; x_wconf 90' lang='lat' dir='ltr'><strong>ob</strong></span> <span class='ocrx_word' id='word_1_107' title='bbox 671 1410 776 1466; x_wconf 92' lang='lat' dir='ltr'><strong>hoc</strong></span> <span class='ocrx_word' id='word_1_108' title='bbox 796 1411 1235 1474; x_wconf 76' lang='lat' dir='ltr'><strong>etl‘undebamus,</strong></span> <span class='ocrx_word' id='word_1_109' title='bbox 1271 1411 1549 1483; x_wconf 78' lang='lat' dir='ltr'><strong>lacrymis,</strong></span> <span class='ocrx_word' id='word_1_110' title='bbox 1588 1410 1996 1481; x_wconf 89' lang='lat' dir='ltr'><strong>quodammodo</strong></span> 
     </span>
    </p>
   </div>
   <div class='ocr_carea' id='block_1_17' title="bbox 417 1500 1994 1571">
    <p class='ocr_par' dir='ltr' id='par_1_17' title="bbox 417 1500 1994 1571">
     <span class='ocr_line' id='line_1_17' title="bbox 417 1500 1994 1571; baseline -0.001 -15"><span class='ocrx_word' id='word_1_111' title='bbox 417 1517 566 1557; x_wconf 85' lang='lat' dir='ltr'><strong>nunc</strong></span> <span class='ocrx_word' id='word_1_112' title='bbox 610 1501 905 1571; x_wconf 88' lang='lat' dir='ltr'><strong>persuadet</strong></span> <span class='ocrx_word' id='word_1_113' title='bbox 935 1511 995 1556; x_wconf 92' lang='lat' dir='ltr'><strong>ut</strong></span> <span class='ocrx_word' id='word_1_114' title='bbox 1050 1501 1343 1557; x_wconf 63' lang='lat' dir='ltr'><strong>laetabundi</strong></span> <span class='ocrx_word' id='word_1_115' title='bbox 1407 1503 1746 1557; x_wconf 90' lang='lat' dir='ltr'><strong>clamemus:</strong></span> <span class='ocrx_word' id='word_1_116' title='bbox 1787 1520 1805 1552; x_wconf 79' lang='grc' dir='ltr'><strong>ι</strong></span> <span class='ocrx_word' id='word_1_117' title='bbox 1849 1500 1994 1555; x_wconf 78' lang='lat' dir='ltr'><strong>Con-</strong></span> 
     </span>
    </p>
   </div>
   <div class='ocr_carea' id='block_1_18' title="bbox 417 1590 1993 1660">
    <p class='ocr_par' dir='ltr' id='par_1_18' title="bbox 417 1590 1993 1660">
     <span class='ocr_line' id='line_1_18' title="bbox 417 1590 1993 1660; baseline -0.001 -15"><span class='ocrx_word' id='word_1_118' title='bbox 417 1591 632 1645; x_wconf 85' lang='lat' dir='ltr'><strong>vertisti</strong></span> <span class='ocrx_word' id='word_1_119' title='bbox 655 1591 932 1660; x_wconf 80' lang='lat' dir='ltr'><strong>planctum</strong></span> <span class='ocrx_word' id='word_1_120' title='bbox 968 1606 1148 1645; x_wconf 91' lang='lat' dir='ltr'><strong>meum</strong></span> <span class='ocrx_word' id='word_1_121' title='bbox 1179 1592 1232 1645; x_wconf 90' lang='lat' dir='ltr'><strong>in</strong></span> <span class='ocrx_word' id='word_1_122' title='bbox 1257 1591 1515 1660; x_wconf 80' lang='lat' dir='ltr'><strong>gaudium</strong></span> <span class='ocrx_word' id='word_1_123' title='bbox 1558 1591 1730 1644; x_wconf 87' lang='lat' dir='ltr'><strong>mihi:</strong></span> <span class='ocrx_word' id='word_1_124' title='bbox 1778 1590 1993 1646; x_wconf 71' lang='lat' dir='ltr'><strong>consci~</strong></span> 
     </span>
    </p>
   </div>
   <div class='ocr_carea' id='block_1_19' title="bbox 2093 483 3674 560">
    <p class='ocr_par' dir='ltr' id='par_1_19' title="bbox 2093 483 3674 560">
     <span class='ocr_line' id='line_1_19' title="bbox 2093 483 3674 560; baseline -0.003 -17"><span class='ocrx_word' id='word_1_125' title='bbox 2093 507 2250 552; x_wconf 87' lang='grc' dir='ltr'>νατος</span> <span class='ocrx_word' id='word_1_126' title='bbox 2279 485 2347 560; x_wconf 83' lang='grc' dir='ltr'>ἦν</span> <span class='ocrx_word' id='word_1_127' title='bbox 2393 485 2560 557; x_wconf 73' lang='grc' dir='ltr'>αὐτῷ,</span> <span class='ocrx_word' id='word_1_128' title='bbox 2621 487 2707 538; x_wconf 76' lang='grc' dir='ltr'><strong>ἐπ’</strong></span> <span class='ocrx_word' id='word_1_129' title='bbox 2750 483 3030 555; x_wconf 78' lang='grc' dir='ltr'>ἀναιρέσει</span> <span class='ocrx_word' id='word_1_130' title='bbox 3078 483 3133 537; x_wconf 73' lang='grc' dir='ltr'>δὲ</span> <span class='ocrx_word' id='word_1_131' title='bbox 3181 483 3378 554; x_wconf 83' lang='grc' dir='ltr'>μᾶλλον</span> <span class='ocrx_word' id='word_1_132' title='bbox 3426 485 3674 557; x_wconf 76' lang='grc' dir='ltr'>δακρύων</span> 
     </span>
    </p>
   </div>
   <div class='ocr_carea' id='block_1_20' title="bbox 2093 574 3675 653">
    <p class='ocr_par' dir='ltr' id='par_1_20' title="bbox 2093 574 3675 653">
     <span class='ocr_line' id='line_1_20' title="bbox 2093 574 3675 653; baseline -0.007 -17"><span class='ocrx_word' id='word_1_133' title='bbox 2093 583 2187 636; x_wconf 74' lang='grc' dir='ltr'>καὶ</span> <span class='ocrx_word' id='word_1_134' title='bbox 2214 582 2428 653; x_wconf 78' lang='grc' dir='ltr'>Θρήνων</span> <span class='ocrx_word' id='word_1_135' title='bbox 2467 579 2561 633; x_wconf 77' lang='grc' dir='ltr'>καὶ</span> <span class='ocrx_word' id='word_1_136' title='bbox 2608 578 2694 629; x_wconf 80' lang='grc' dir='ltr'>ἐπ’</span> <span class='ocrx_word' id='word_1_137' title='bbox 2733 575 2908 629; x_wconf 78' lang='grc' dir='ltr'>ἑλπίδι</span> <span class='ocrx_word' id='word_1_138' title='bbox 2942 577 3006 646; x_wconf 80' lang='grc' dir='ltr'>τῇ</span> <span class='ocrx_word' id='word_1_139' title='bbox 3037 574 3155 627; x_wconf 85' lang='grc' dir='ltr'>λίαν</span> <span class='ocrx_word' id='word_1_140' title='bbox 3191 575 3520 648; x_wconf 79' lang='grc' dir='ltr'>ίλαρωτάτῃ,</span> <span class='ocrx_word' id='word_1_141' title='bbox 3558 577 3675 642; x_wconf 80' lang='grc' dir='ltr'><strong>πῶς</strong></span> 
     </span>
    </p>
   </div>
   <div class='ocr_carea' id='block_1_21' title="bbox 2094 666 3678 742">
    <p class='ocr_par' dir='ltr' id='par_1_21' title="bbox 2094 666 3678 742">
     <span class='ocr_line' id='line_1_21' title="bbox 2094 666 3678 742; baseline -0.004 -15"><span class='ocrx_word' id='word_1_142' title='bbox 2094 674 2161 727; x_wconf 83' lang='grc' dir='ltr'>ἂν</span> <span class='ocrx_word' id='word_1_143' title='bbox 2205 674 2236 742; x_wconf 78' lang='grc' dir='ltr'>ἢ</span> <span class='ocrx_word' id='word_1_144' title='bbox 2285 671 2450 725; x_wconf 87' lang='grc' dir='ltr'>πόθεν</span> <span class='ocrx_word' id='word_1_145' title='bbox 2483 668 2771 724; x_wconf 75' lang='grc' dir='ltr'>ἐνδοιάσειέ</span> <span class='ocrx_word' id='word_1_146' title='bbox 2821 683 2937 731; x_wconf 87' lang='grc' dir='ltr'>τις;</span> <span class='ocrx_word' id='word_1_147' title='bbox 2977 668 3051 720; x_wconf 80' lang='grc' dir='ltr'><strong>Οὐ</strong></span> <span class='ocrx_word' id='word_1_148' title='bbox 3075 666 3183 737; x_wconf 78' lang='grc' dir='ltr'><strong>γὰρ</strong></span> <span class='ocrx_word' id='word_1_149' title='bbox 3230 667 3419 736; x_wconf 82' lang='grc' dir='ltr'>γέγονε</span> <span class='ocrx_word' id='word_1_150' title='bbox 3452 669 3678 737; x_wconf 78' lang='grc' dir='ltr'><strong>κάτοχος</strong></span> 
     </span>
    </p>
   </div>
   <div class='ocr_carea' id='block_1_22' title="bbox 2093 758 3679 836">
    <p class='ocr_par' dir='ltr' id='par_1_22' title="bbox 2093 758 3679 836">
     <span class='ocr_line' id='line_1_22' title="bbox 2093 758 3679 836; baseline -0.003 -18"><span class='ocrx_word' id='word_1_151' title='bbox 2093 768 2214 828; x_wconf 88' lang='grc' dir='ltr'>ταῖς</span> <span class='ocrx_word' id='word_1_152' title='bbox 2261 765 2388 836; x_wconf 68' lang='grc' dir='ltr'>ᾅδου</span> <span class='ocrx_word' id='word_1_153' title='bbox 2427 762 2644 825; x_wconf 80' lang='grc' dir='ltr'><strong>πύλαις,</strong></span> <span class='ocrx_word' id='word_1_154' title='bbox 2693 760 2814 814; x_wconf 76' lang='grc' dir='ltr'>οὐδὲ</span> <span class='ocrx_word' id='word_1_155' title='bbox 2848 758 3126 830; x_wconf 79' lang='grc' dir='ltr'>μεμένηκε</span> <span class='ocrx_word' id='word_1_156' title='bbox 3173 760 3230 811; x_wconf 84' lang='grc' dir='ltr'>ἐν</span> <span class='ocrx_word' id='word_1_157' title='bbox 3281 763 3519 831; x_wconf 80' lang='grc' dir='ltr'>νεκροῖς.</span> <span class='ocrx_word' id='word_1_158' title='bbox 3562 760 3679 813; x_wconf 81' lang='grc' dir='ltr'>ἀλλ’</span> 
     </span>
    </p>
   </div>
   <div class='ocr_carea' id='block_1_23' title="bbox 2095 847 3684 922">
    <p class='ocr_par' dir='ltr' id='par_1_23' title="bbox 2095 847 3684 922">
     <span class='ocr_line' id='line_1_23' title="bbox 2095 847 3684 922; baseline -0.003 -14"><span class='ocrx_word' id='word_1_159' title='bbox 2095 857 2143 908; x_wconf 85' lang='grc' dir='ltr'><strong>εί</strong></span> <span class='ocrx_word' id='word_1_160' title='bbox 2170 856 2262 908; x_wconf 71' lang='grc' dir='ltr'><strong>καὶ</strong></span> <span class='ocrx_word' id='word_1_161' title='bbox 2286 854 2542 908; x_wconf 81' lang='grc' dir='ltr'><strong>κατέπιεν</strong></span> <span class='ocrx_word' id='word_1_162' title='bbox 2569 854 2598 905; x_wconf 97' lang='lat'><strong>6</strong></span> <span class='ocrx_word' id='word_1_163' title='bbox 2623 850 2851 913; x_wconf 83' lang='grc' dir='ltr'><strong>Θάνατος</strong></span> <span class='ocrx_word' id='word_1_164' title='bbox 2877 849 3123 920; x_wconf 78' lang='grc' dir='ltr'>ἰσχύσας,</span> <span class='ocrx_word' id='word_1_165' title='bbox 3145 848 3288 902; x_wconf 81' lang='grc' dir='ltr'>κατὰ</span> <span class='ocrx_word' id='word_1_166' title='bbox 3306 850 3405 920; x_wconf 81' lang='grc' dir='ltr'><strong>τὴν</strong></span> <span class='ocrx_word' id='word_1_167' title='bbox 3428 847 3523 902; x_wconf 83' lang='grc' dir='ltr'>τοῦ</span> <span class='ocrx_word' id='word_1_168' title='bbox 3545 867 3684 922; x_wconf 86' lang='grc' dir='ltr'>προ-</span> 
     </span>
    </p>
   </div>
   <div class='ocr_carea' id='block_1_24' title="bbox 2096 941 3681 1019">
    <p class='ocr_par' dir='ltr' id='par_1_24' title="bbox 2096 941 3681 1019">
     <span class='ocr_line' id='line_1_24' title="bbox 2096 941 3681 1019; baseline -0.004 -18"><span class='ocrx_word' id='word_1_169' title='bbox 2096 949 2266 1019; x_wconf 81' lang='grc' dir='ltr'>φήτου</span> <span class='ocrx_word' id='word_1_170' title='bbox 2291 948 2496 1018; x_wconf 80' lang='grc' dir='ltr'>φωνὴν,</span> <span class='ocrx_word' id='word_1_171' title='bbox 2518 945 2651 1001; x_wconf 80' lang='grc' dir='ltr'>ἀλλὰ</span> <span class='ocrx_word' id='word_1_172' title='bbox 2677 943 2841 998; x_wconf 85' lang='grc' dir='ltr'>πάλιν</span> <span class='ocrx_word' id='word_1_173' title='bbox 2866 943 3085 1012; x_wconf 77' lang='grc' dir='ltr'>ἀφεῖλεν</span> <span class='ocrx_word' id='word_1_174' title='bbox 3111 943 3138 995; x_wconf 89' lang='grc' dir='ltr'><strong>ό</strong></span> <span class='ocrx_word' id='word_1_175' title='bbox 3162 941 3296 1005; x_wconf 76' lang='grc' dir='ltr'>Θεὸς</span> <span class='ocrx_word' id='word_1_176' title='bbox 3319 942 3426 995; x_wconf 79' lang='grc' dir='ltr'>πᾶν</span> <span class='ocrx_word' id='word_1_177' title='bbox 3447 943 3681 1014; x_wconf 78' lang='grc' dir='ltr'>δάκρυον</span> 
     </span>
    </p>
   </div>
   <div class='ocr_carea' id='block_1_25' title="bbox 2095 1032 3682 1109">
    <p class='ocr_par' dir='ltr' id='par_1_25' title="bbox 2095 1032 3682 1109">
     <span class='ocr_line' id='line_1_25' title="bbox 2095 1032 3682 1109; baseline -0.003 -16"><span class='ocrx_word' id='word_1_178' title='bbox 2095 1039 2205 1094; x_wconf 84' lang='grc' dir='ltr'>ἀπὸ</span> <span class='ocrx_word' id='word_1_179' title='bbox 2236 1039 2436 1102; x_wconf 86' lang='grc' dir='ltr'>παντὸς</span> <span class='ocrx_word' id='word_1_180' title='bbox 2475 1035 2770 1109; x_wconf 80' lang='grc' dir='ltr'><strong>προσώπου</strong></span> <span class='ocrx_word' id='word_1_181' title='bbox 2791 1051 2805 1066; x_wconf 80' lang='grc' dir='ltr'><strong>ο</strong></span> <span class='ocrx_word' id='word_1_182' title='bbox 2839 1035 2900 1088; x_wconf 83' lang='grc' dir='ltr'><strong>τὸ</strong></span> <span class='ocrx_word' id='word_1_183' title='bbox 2935 1033 3137 1097; x_wconf 86' lang='grc' dir='ltr'>δνειδος</span> <span class='ocrx_word' id='word_1_184' title='bbox 3170 1033 3262 1087; x_wconf 77' lang='grc' dir='ltr'><strong>τοῦ</strong></span> <span class='ocrx_word' id='word_1_185' title='bbox 3291 1032 3423 1087; x_wconf 84' lang='grc' dir='ltr'>λαοῦ</span> <span class='ocrx_word' id='word_1_186' title='bbox 3457 1035 3682 1102; x_wconf 75' lang='grc' dir='ltr'><strong>ἀφεῖλεν</strong></span> 
     </span>
    </p>
   </div>
   <div class='ocr_carea' id='block_1_26' title="bbox 2095 1123 3686 1200">
    <p class='ocr_par' dir='ltr' id='par_1_26' title="bbox 2095 1123 3686 1200">
     <span class='ocr_line' id='line_1_26' title="bbox 2095 1123 3686 1200; baseline -0.004 -17"><span class='ocrx_word' id='word_1_187' title='bbox 2095 1131 2202 1184; x_wconf 76' lang='grc' dir='ltr'><strong>ἀπὸ</strong></span> <span class='ocrx_word' id='word_1_188' title='bbox 2247 1129 2429 1200; x_wconf 84' lang='grc' dir='ltr'>πάσης</span> <span class='ocrx_word' id='word_1_189' title='bbox 2478 1128 2575 1198; x_wconf 84' lang='grc' dir='ltr'><strong>τῆς</strong></span> <span class='ocrx_word' id='word_1_190' title='bbox 2608 1129 2731 1198; x_wconf 81' lang='grc' dir='ltr'>γῆς.</span> <span class='ocrx_word' id='word_1_191' title='bbox 2771 1126 2892 1189; x_wconf 84' lang='grc' dir='ltr'>Πῶς</span> <span class='ocrx_word' id='word_1_192' title='bbox 2931 1125 2963 1196; x_wconf 82' lang='grc' dir='ltr'>ἢ</span> <span class='ocrx_word' id='word_1_193' title='bbox 3011 1125 3134 1177; x_wconf 88' lang='grc' dir='ltr'>τίνα</span> <span class='ocrx_word' id='word_1_194' title='bbox 3164 1123 3404 1194; x_wconf 84' lang='grc' dir='ltr'>τρόπον;</span> <span class='ocrx_word' id='word_1_195' title='bbox 3457 1123 3686 1177; x_wconf 77' lang='grc' dir='ltr'>Ἀνεϐίω</span> 
     </span>
    </p>
   </div>
   <div class='ocr_carea' id='block_1_27' title="bbox 2095 1214 3683 1292">
    <p class='ocr_par' dir='ltr' id='par_1_27' title="bbox 2095 1214 3683 1292">
     <span class='ocr_line' id='line_1_27' title="bbox 2095 1214 3683 1292; baseline -0.006 -17"><span class='ocrx_word' id='word_1_196' title='bbox 2095 1223 2204 1292; x_wconf 80' lang='grc' dir='ltr'><strong>γάρ</strong></span> <span class='ocrx_word' id='word_1_197' title='bbox 2232 1224 2260 1275; x_wconf 90' lang='lat'><strong>6</strong></span> <span class='ocrx_word' id='word_1_198' title='bbox 2299 1220 2553 1290; x_wconf 80' lang='grc' dir='ltr'>Χριστὸς,</span> <span class='ocrx_word' id='word_1_199' title='bbox 2603 1220 2856 1290; x_wconf 78' lang='grc' dir='ltr'><strong>πατήσας</strong></span> <span class='ocrx_word' id='word_1_200' title='bbox 2878 1235 2939 1270; x_wconf 89' lang='grc' dir='ltr'><strong>τε</strong></span> <span class='ocrx_word' id='word_1_201' title='bbox 2991 1216 3245 1278; x_wconf 89' lang='grc' dir='ltr'>θάνατον,</span> <span class='ocrx_word' id='word_1_202' title='bbox 3294 1216 3383 1269; x_wconf 85' lang='grc' dir='ltr'><strong>ἴνα</strong></span> <span class='ocrx_word' id='word_1_203' title='bbox 3412 1214 3506 1269; x_wconf 69' lang='grc' dir='ltr'>καὶ</span> <span class='ocrx_word' id='word_1_204' title='bbox 3536 1217 3683 1288; x_wconf 74' lang='grc' dir='ltr'>ἡμᾶς</span> 
     </span>
    </p>
   </div>
   <div class='ocr_carea' id='block_1_28' title="bbox 2096 1303 3687 1384">
    <p class='ocr_par' dir='ltr' id='par_1_28' title="bbox 2096 1303 3687 1384">
     <span class='ocr_line' id='line_1_28' title="bbox 2096 1303 3687 1384; baseline -0.004 -18"><span class='ocrx_word' id='word_1_205' title='bbox 2096 1312 2374 1384; x_wconf 77' lang='grc' dir='ltr'><strong>ἀπαλλάξῃ</strong></span> <span class='ocrx_word' id='word_1_206' title='bbox 2406 1312 2630 1383; x_wconf 77' lang='grc' dir='ltr'>φθορᾶς,</span> <span class='ocrx_word' id='word_1_207' title='bbox 2667 1309 2760 1364; x_wconf 75' lang='grc' dir='ltr'><strong>καὶ</strong></span> <span class='ocrx_word' id='word_1_208' title='bbox 2799 1307 3149 1380; x_wconf 81' lang='grc' dir='ltr'>περιστείλας</span> <span class='ocrx_word' id='word_1_209' title='bbox 3181 1303 3240 1362; x_wconf 82' lang='grc' dir='ltr'>εὖ</span> <span class='ocrx_word' id='word_1_210' title='bbox 3282 1307 3426 1378; x_wconf 76' lang='grc' dir='ltr'>μάλα</span> <span class='ocrx_word' id='word_1_211' title='bbox 3466 1306 3560 1361; x_wconf 75' lang='grc' dir='ltr'>τὸν</span> <span class='ocrx_word' id='word_1_212' title='bbox 3591 1309 3687 1361; x_wconf 72' lang='grc' dir='ltr'><strong>ἐπὶ</strong></span> 
     </span>
    </p>
   </div>
   <div class='ocr_carea' id='block_1_29' title="bbox 2095 1400 3681 1477">
    <p class='ocr_par' dir='ltr' id='par_1_29' title="bbox 2095 1400 3681 1477">
     <span class='ocr_line' id='line_1_29' title="bbox 2095 1400 3681 1477; baseline -0.004 -17"><span class='ocrx_word' id='word_1_213' title='bbox 2095 1407 2272 1477; x_wconf 82' lang='grc' dir='ltr'>τούτῳ</span> <span class='ocrx_word' id='word_1_214' title='bbox 2319 1406 2538 1476; x_wconf 78' lang='grc' dir='ltr'>θρῆνον,</span> <span class='ocrx_word' id='word_1_215' title='bbox 2581 1403 2872 1474; x_wconf 80' lang='grc' dir='ltr'>χαίροντας</span> <span class='ocrx_word' id='word_1_216' title='bbox 2904 1402 3003 1473; x_wconf 71' lang='grc' dir='ltr'>ἤδη</span> <span class='ocrx_word' id='word_1_217' title='bbox 3039 1419 3155 1465; x_wconf 88' lang='grc' dir='ltr'><strong>πως</strong></span> <span class='ocrx_word' id='word_1_218' title='bbox 3201 1401 3472 1473; x_wconf 77' lang='grc' dir='ltr'>ἀναπείσῃ</span> <span class='ocrx_word' id='word_1_219' title='bbox 3520 1400 3681 1471; x_wconf 68' lang='grc' dir='ltr'>βοᾷνο</span> 
     </span>
    </p>
   </div>
   <div class='ocr_carea' id='block_1_30' title="bbox 2103 1491 3689 1569">
    <p class='ocr_par' dir='ltr' id='par_1_30' title="bbox 2103 1491 3689 1569">
     <span class='ocr_line' id='line_1_30' title="bbox 2103 1491 3689 1569; baseline -0.005 -18"><span class='ocrx_word' id='word_1_220' title='bbox 2103 1519 2122 1551; x_wconf 76' lang='grc' dir='ltr'><strong>ι</strong></span> <span class='ocrx_word' id='word_1_221' title='bbox 2169 1498 2474 1569; x_wconf 68' lang='grc' dir='ltr'>Ἔστρεψας</span> <span class='ocrx_word' id='word_1_222' title='bbox 2519 1497 2610 1550; x_wconf 85' lang='grc' dir='ltr'><strong>τὸν</strong></span> <span class='ocrx_word' id='word_1_223' title='bbox 2647 1495 2875 1550; x_wconf 87' lang='grc' dir='ltr'>κοπετόν</span> <span class='ocrx_word' id='word_1_224' title='bbox 2919 1510 3020 1564; x_wconf 86' lang='grc' dir='ltr'><strong>μου</strong></span> <span class='ocrx_word' id='word_1_225' title='bbox 3048 1495 3127 1557; x_wconf 87' lang='grc' dir='ltr'>εἰς</span> <span class='ocrx_word' id='word_1_226' title='bbox 3161 1493 3333 1563; x_wconf 75' lang='grc' dir='ltr'>χαρὰν</span> <span class='ocrx_word' id='word_1_227' title='bbox 3365 1493 3508 1564; x_wconf 79' lang='grc' dir='ltr'>ἐμοὶ,</span> <span class='ocrx_word' id='word_1_228' title='bbox 3538 1491 3689 1564; x_wconf 79' lang='grc' dir='ltr'>διέρ-</span> 
     </span>
    </p>
   </div>
   <div class='ocr_carea' id='block_1_31' title="bbox 2101 1583 3690 1662">
    <p class='ocr_par' dir='ltr' id='par_1_31' title="bbox 2101 1583 3690 1662">
     <span class='ocr_line' id='line_1_31' title="bbox 2101 1583 3690 1662; baseline -0.006 -18"><span class='ocrx_word' id='word_1_229' title='bbox 2101 1589 2270 1662; x_wconf 81' lang='grc' dir='ltr'>ρηξας</span> <span class='ocrx_word' id='word_1_230' title='bbox 2317 1589 2408 1643; x_wconf 75' lang='grc' dir='ltr'>τὸν</span> <span class='ocrx_word' id='word_1_231' title='bbox 2468 1590 2671 1642; x_wconf 82' lang='grc' dir='ltr'>σάκκον</span> <span class='ocrx_word' id='word_1_232' title='bbox 2740 1603 2878 1656; x_wconf 86' lang='grc' dir='ltr'>μου,</span> <span class='ocrx_word' id='word_1_233' title='bbox 2946 1585 3041 1639; x_wconf 78' lang='grc' dir='ltr'>καὶ</span> <span class='ocrx_word' id='word_1_234' title='bbox 3085 1583 3424 1656; x_wconf 73' lang='grc' dir='ltr'>περιέζωσάς</span> <span class='ocrx_word' id='word_1_235' title='bbox 3468 1601 3539 1654; x_wconf 83' lang='grc' dir='ltr'><strong>με</strong></span> <span class='ocrx_word' id='word_1_236' title='bbox 3597 1584 3690 1635; x_wconf 61' lang='grc' dir='ltr'><strong>εὑ.</strong></span> 
     </span>
    </p>
   </div>
   <div class='ocr_carea' id='block_1_32' title="bbox 419 1673 1998 1751">
    <p class='ocr_par' dir='ltr' id='par_1_32' title="bbox 419 1673 1998 1751">
     <span class='ocr_line' id='line_1_32' title="bbox 419 1673 1998 1751; baseline 0.002 -23"><span class='ocrx_word' id='word_1_237' title='bbox 419 1673 549 1730; x_wconf 90' lang='lat' dir='ltr'><strong>disti</strong></span> <span class='ocrx_word' id='word_1_238' title='bbox 581 1691 798 1731; x_wconf 86' lang='lat' dir='ltr'><strong>saccum</strong></span> <span class='ocrx_word' id='word_1_239' title='bbox 828 1693 1032 1742; x_wconf 90' lang='lat' dir='ltr'><strong>meum,</strong></span> <span class='ocrx_word' id='word_1_240' title='bbox 1057 1686 1114 1733; x_wconf 94' lang='lat' dir='ltr'><strong>et</strong></span> <span class='ocrx_word' id='word_1_241' title='bbox 1136 1679 1355 1733; x_wconf 85' lang='lat' dir='ltr'><strong>cinxisti</strong></span> <span class='ocrx_word' id='word_1_242' title='bbox 1377 1695 1462 1733; x_wconf 92' lang='lat' dir='ltr'><strong>me</strong></span> <span class='ocrx_word' id='word_1_243' title='bbox 1495 1679 1683 1733; x_wconf 67' lang='lat' dir='ltr'><strong>laetitia</strong></span> <span class='ocrx_word' id='word_1_244' title='bbox 1707 1680 1748 1732; x_wconf 82' lang='lat'><strong>&#39;.</strong></span> <span class='ocrx_word' id='word_1_245' title='bbox 1782 1698 1800 1731; x_wconf 71' lang='grc' dir='ltr'><strong>ι</strong></span> <span class='ocrx_word' id='word_1_246' title='bbox 1834 1679 1998 1751; x_wconf 67' lang='grc'><strong>346</strong></span> 
     </span>
    </p>
   </div>
   <div class='ocr_carea' id='block_1_33' title="bbox 2098 1673 3685 1751">
    <p class='ocr_par' dir='ltr' id='par_1_33' title="bbox 2102 1673 3685 1750">
     <span class='ocr_line' id='line_1_33' title="bbox 2102 1673 3685 1750; baseline -0.002 -18"><span class='ocrx_word' id='word_1_247' title='bbox 2102 1679 2398 1750; x_wconf 80' lang='grc' dir='ltr'>φροσύνην.</span> <span class='ocrx_word' id='word_1_248' title='bbox 2461 1697 2480 1730; x_wconf 72' lang='grc' dir='ltr'><strong>ι</strong></span> <span class='ocrx_word' id='word_1_249' title='bbox 2537 1676 2750 1732; x_wconf 81' lang='grc' dir='ltr'>Οὐκοῦν</span> <span class='ocrx_word' id='word_1_250' title='bbox 2803 1677 2917 1746; x_wconf 80' lang='grc' dir='ltr'>ἔχοι</span> <span class='ocrx_word' id='word_1_251' title='bbox 2959 1674 3026 1730; x_wconf 78' lang='grc' dir='ltr'><strong>ἂν</strong></span> <span class='ocrx_word' id='word_1_252' title='bbox 3083 1677 3308 1738; x_wconf 76' lang='grc' dir='ltr'><strong>εἰκότως</strong></span> <span class='ocrx_word' id='word_1_253' title='bbox 3361 1675 3422 1728; x_wconf 82' lang='grc' dir='ltr'><strong>τὸ</strong></span> <span class='ocrx_word' id='word_1_254' title='bbox 3467 1673 3685 1746; x_wconf 75' lang='grc' dir='ltr'>ίλαρδν,</span> 
     </span>
    </p>
   </div>
   <div class='ocr_carea' id='block_1_34' title="bbox 421 1744 1998 1842">
    <p class='ocr_par' dir='ltr' id='par_1_34' title="bbox 421 1744 1992 1842">
     <span class='ocr_line' id='line_1_34' title="bbox 421 1744 1992 1842; baseline 0.001 -16"><span class='ocrx_word' id='word_1_255' title='bbox 421 1772 614 1827; x_wconf 75' lang='lat' dir='ltr'><strong>Modus</strong></span> <span class='ocrx_word' id='word_1_256' title='bbox 645 1787 776 1842; x_wconf 85' lang='lat' dir='ltr'><strong>ergo</strong></span> <span class='ocrx_word' id='word_1_257' title='bbox 805 1772 969 1842; x_wconf 86' lang='lat' dir='ltr'><strong>hujus</strong></span> <span class='ocrx_word' id='word_1_258' title='bbox 992 1773 1246 1829; x_wconf 82' lang='lat' dir='ltr'><strong>sacriﬁcii</strong></span> <span class='ocrx_word' id='word_1_259' title='bbox 1277 1773 1474 1829; x_wconf 89' lang='lat' dir='ltr'><strong>merito</strong></span> <span class='ocrx_word' id='word_1_260' title='bbox 1522 1773 1690 1828; x_wconf 90' lang='lat' dir='ltr'><strong>habet</strong></span> <span class='ocrx_word' id='word_1_261' title='bbox 1732 1744 1876 1842; x_wconf 45' lang='lat' dir='ltr'><strong>speiv</strong></span> <span class='ocrx_word' id='word_1_262' title='bbox 1896 1744 1992 1828; x_wconf 64' lang='lat' dir='ltr'><strong>ad:</strong></span> 
     </span>
    </p>
   </div>
   <div class='ocr_carea' id='block_1_35' title="bbox 2098 1744 3689 1842">
    <p class='ocr_par' dir='ltr' id='par_1_35' title="bbox 2099 1744 3689 1842">
     <span class='ocr_line' id='line_1_35' title="bbox 2099 1744 3689 1842; baseline -0.001 -17"><span class='ocrx_word' id='word_1_263' title='bbox 2202 1744 2398 1835; x_wconf 74' lang='grc' dir='ltr'>ἑλπίδι,</span> <span class='ocrx_word' id='word_1_264' title='bbox 2449 1771 2550 1842; x_wconf 79' lang='grc' dir='ltr'>τῆς</span> <span class='ocrx_word' id='word_1_265' title='bbox 2598 1769 2790 1833; x_wconf 91' lang='grc' dir='ltr'>θυσίας</span> <span class='ocrx_word' id='word_1_266' title='bbox 2911 1768 3131 1839; x_wconf 86' lang='grc' dir='ltr'>τρόπος.</span> <span class='ocrx_word' id='word_1_267' title='bbox 3173 1769 3366 1822; x_wconf 88' lang='grc' dir='ltr'>Νοοῖτο</span> <span class='ocrx_word' id='word_1_268' title='bbox 3413 1767 3458 1822; x_wconf 78' lang='grc' dir='ltr'>δ’</span> <span class='ocrx_word' id='word_1_269' title='bbox 3495 1744 3689 1824; x_wconf 74' lang='grc' dir='ltr'>ἄνκαὶ</span> 
     </span>
    </p>
   </div>
   <div class='ocr_carea' id='block_1_36' title="bbox 418 1860 1998 1933">
    <p class='ocr_par' dir='ltr' id='par_1_36' title="bbox 418 1860 1998 1933">
     <span class='ocr_line' id='line_1_36' title="bbox 418 1860 1998 1933; baseline 0.001 -19"><span class='ocrx_word' id='word_1_270' title='bbox 418 1861 662 1930; x_wconf 82' lang='lat' dir='ltr'><strong>junctam</strong></span> <span class='ocrx_word' id='word_1_271' title='bbox 703 1860 1054 1916; x_wconf 84' lang='lat' dir='ltr'><strong>hilaritatem.</strong></span> <span class='ocrx_word' id='word_1_272' title='bbox 1087 1862 1273 1917; x_wconf 82' lang='lat' dir='ltr'><strong>Potest</strong></span> <span class='ocrx_word' id='word_1_273' title='bbox 1303 1871 1555 1918; x_wconf 84' lang='lat' dir='ltr'><strong>tamenet</strong></span> <span class='ocrx_word' id='word_1_274' title='bbox 1585 1863 1764 1932; x_wconf 80' lang='lat' dir='ltr'><strong>aliter,</strong></span> <span class='ocrx_word' id='word_1_275' title='bbox 1789 1863 1835 1916; x_wconf 89' lang='lat' dir='ltr'><strong>si</strong></span> <span class='ocrx_word' id='word_1_276' title='bbox 1873 1863 1998 1933; x_wconf 89' lang='lat' dir='ltr'><strong>quis</strong></span> 
     </span>
    </p>
   </div>
   <div class='ocr_carea' id='block_1_37' title="bbox 421 1952 1998 2024">
    <p class='ocr_par' dir='ltr' id='par_1_37' title="bbox 421 1952 1998 2024">
     <span class='ocr_line' id='line_1_37' title="bbox 421 1952 1998 2024; baseline 0.002 -19"><span class='ocrx_word' id='word_1_277' title='bbox 421 1952 572 2016; x_wconf 80' lang='lat' dir='ltr'><strong>velit,</strong></span> <span class='ocrx_word' id='word_1_278' title='bbox 600 1953 852 2024; x_wconf 83' lang='lat' dir='ltr'><strong>intelligi.</strong></span> <span class='ocrx_word' id='word_1_279' title='bbox 894 1954 1029 2008; x_wconf 88' lang='lat' dir='ltr'><strong>Nam</strong></span> <span class='ocrx_word' id='word_1_280' title='bbox 1060 1956 1493 2012; x_wconf 90' lang='lat' dir='ltr'><strong>misericordiam</strong></span> <span class='ocrx_word' id='word_1_281' title='bbox 1526 1958 1580 2010; x_wconf 91' lang='lat' dir='ltr'><strong>in</strong></span> <span class='ocrx_word' id='word_1_282' title='bbox 1620 1955 1841 2010; x_wconf 88' lang='lat' dir='ltr'><strong>Christo</strong></span> <span class='ocrx_word' id='word_1_283' title='bbox 1868 1971 1998 2010; x_wconf 87' lang='lat' dir='ltr'><strong>con-</strong></span> 
     </span>
    </p>
   </div>
   <div class='ocr_carea' id='block_1_38' title="bbox 421 2044 1998 2116">
    <p class='ocr_par' dir='ltr' id='par_1_38' title="bbox 421 2044 1998 2116">
     <span class='ocr_line' id='line_1_38' title="bbox 421 2044 1998 2116; baseline 0.003 -20"><span class='ocrx_word' id='word_1_284' title='bbox 421 2044 593 2097; x_wconf 83' lang='lat' dir='ltr'><strong>secuti</strong></span> <span class='ocrx_word' id='word_1_285' title='bbox 618 2059 828 2098; x_wconf 91' lang='lat' dir='ltr'><strong>sumus.</strong></span> <span class='ocrx_word' id='word_1_286' title='bbox 859 2044 1035 2116; x_wconf 83' lang='lat' dir='ltr'><strong>Atque</strong></span> <span class='ocrx_word' id='word_1_287' title='bbox 1068 2046 1122 2100; x_wconf 89' lang='lat' dir='ltr'><strong>id</strong></span> <span class='ocrx_word' id='word_1_288' title='bbox 1160 2055 1263 2110; x_wconf 92' lang='lat' dir='ltr'><strong>est,</strong></span> <span class='ocrx_word' id='word_1_289' title='bbox 1301 2055 1363 2101; x_wconf 90' lang='lat' dir='ltr'><strong>ut</strong></span> <span class='ocrx_word' id='word_1_290' title='bbox 1410 2047 1650 2101; x_wconf 87' lang='lat' dir='ltr'><strong>arbitror</strong></span> <span class='ocrx_word' id='word_1_291' title='bbox 1680 2065 1693 2100; x_wconf 93' lang='lat'><strong>:</strong></span> <span class='ocrx_word' id='word_1_292' title='bbox 1739 2065 1756 2098; x_wconf 81' lang='grc' dir='ltr'><strong>ι</strong></span> <span class='ocrx_word' id='word_1_293' title='bbox 1791 2047 1998 2116; x_wconf 85' lang='lat' dir='ltr'><strong>Impin-</strong></span> 
     </span>
    </p>
   </div>
   <div class='ocr_carea' id='block_1_39' title="bbox 420 2136 1998 2206">
    <p class='ocr_par' dir='ltr' id='par_1_39' title="bbox 420 2136 1998 2206">
     <span class='ocr_line' id='line_1_39' title="bbox 420 2136 1998 2206; baseline 0.004 -18"><span class='ocrx_word' id='word_1_294' title='bbox 420 2136 600 2206; x_wconf 74' lang='lat' dir='ltr'><strong>guasti</strong></span> <span class='ocrx_word' id='word_1_295' title='bbox 631 2136 686 2190; x_wconf 90' lang='lat' dir='ltr'><strong>in</strong></span> <span class='ocrx_word' id='word_1_296' title='bbox 712 2137 834 2190; x_wconf 91' lang='lat' dir='ltr'><strong>oleo</strong></span> <span class='ocrx_word' id='word_1_297' title='bbox 859 2145 1023 2206; x_wconf 89' lang='lat' dir='ltr'><strong>caput</strong></span> <span class='ocrx_word' id='word_1_298' title='bbox 1051 2153 1233 2192; x_wconf 92' lang='lat' dir='ltr'><strong>meum</strong></span> <span class='ocrx_word' id='word_1_299' title='bbox 1265 2136 1308 2192; x_wconf 79' lang='grc'><strong>⁸.</strong></span> <span class='ocrx_word' id='word_1_300' title='bbox 1345 2160 1362 2190; x_wconf 81' lang='grc' dir='ltr'><strong>ι</strong></span> <span class='ocrx_word' id='word_1_301' title='bbox 1398 2137 1552 2204; x_wconf 86' lang='lat' dir='ltr'><strong>Quod</strong></span> <span class='ocrx_word' id='word_1_302' title='bbox 1577 2147 1758 2194; x_wconf 90' lang='lat' dir='ltr'><strong>autem</strong></span> <span class='ocrx_word' id='word_1_303' title='bbox 1792 2138 1998 2194; x_wconf 87' lang='lat' dir='ltr'><strong>Christi</strong></span> 
     </span>
    </p>
   </div>
   <div class='ocr_carea' id='block_1_40' title="bbox 422 2227 1998 2298">
    <p class='ocr_par' dir='ltr' id='par_1_40' title="bbox 422 2227 1998 2298">
     <span class='ocr_line' id='line_1_40' title="bbox 422 2227 1998 2298; baseline 0.004 -19"><span class='ocrx_word' id='word_1_304' title='bbox 422 2240 571 2279; x_wconf 89' lang='lat' dir='ltr'><strong>mors</strong></span> <span class='ocrx_word' id='word_1_305' title='bbox 626 2241 736 2280; x_wconf 85' lang='lat' dir='ltr'><strong>non</strong></span> <span class='ocrx_word' id='word_1_306' title='bbox 764 2227 835 2280; x_wconf 91' lang='lat' dir='ltr'><strong>ob</strong></span> <span class='ocrx_word' id='word_1_307' title='bbox 883 2228 1093 2296; x_wconf 88' lang='lat' dir='ltr'><strong>aliquas</strong></span> <span class='ocrx_word' id='word_1_308' title='bbox 1149 2229 1330 2298; x_wconf 82' lang='lat' dir='ltr'><strong>justas</strong></span> <span class='ocrx_word' id='word_1_309' title='bbox 1353 2244 1567 2293; x_wconf 87' lang='lat' dir='ltr'><strong>causas,</strong></span> <span class='ocrx_word' id='word_1_310' title='bbox 1600 2245 1702 2284; x_wconf 90' lang='lat' dir='ltr'><strong>nec</strong></span> <span class='ocrx_word' id='word_1_311' title='bbox 1727 2230 1893 2285; x_wconf 90' lang='lat' dir='ltr'><strong>etiam</strong></span> <span class='ocrx_word' id='word_1_312' title='bbox 1927 2230 1998 2286; x_wconf 88' lang='lat' dir='ltr'><strong>ob</strong></span> 
     </span>
    </p>
   </div>
   <div class='ocr_carea' id='block_1_41' title="bbox 421 2318 1999 2391">
    <p class='ocr_par' dir='ltr' id='par_1_41' title="bbox 421 2318 1999 2391">
     <span class='ocr_line' id='line_1_41' title="bbox 421 2318 1999 2391; baseline 0.004 -21"><span class='ocrx_word' id='word_1_313' title='bbox 421 2325 645 2387; x_wconf 89' lang='lat' dir='ltr'><strong>peccata</strong></span> <span class='ocrx_word' id='word_1_314' title='bbox 694 2318 867 2388; x_wconf 90' lang='lat' dir='ltr'><strong>ipsius</strong></span> <span class='ocrx_word' id='word_1_315' title='bbox 918 2318 1106 2381; x_wconf 79' lang='lat' dir='ltr'><strong>fuerit,</strong></span> <span class='ocrx_word' id='word_1_316' title='bbox 1172 2321 1268 2374; x_wconf 89' lang='lat' dir='ltr'><strong>sed</strong></span> <span class='ocrx_word' id='word_1_317' title='bbox 1293 2320 1478 2389; x_wconf 89' lang='lat' dir='ltr'><strong>potius</strong></span> <span class='ocrx_word' id='word_1_318' title='bbox 1501 2322 1679 2376; x_wconf 89' lang='lat' dir='ltr'><strong>hostia</strong></span> <span class='ocrx_word' id='word_1_319' title='bbox 1707 2337 1807 2391; x_wconf 91' lang='lat' dir='ltr'><strong>pro</strong></span> <span class='ocrx_word' id='word_1_320' title='bbox 1837 2321 1999 2377; x_wconf 88' lang='lat' dir='ltr'><strong>nobis</strong></span> 
     </span>
    </p>
   </div>
   <div class='ocr_carea' id='block_1_42' title="bbox 421 2408 2001 2484">
    <p class='ocr_par' dir='ltr' id='par_1_42' title="bbox 421 2408 2001 2484">
     <span class='ocr_line' id='line_1_42' title="bbox 421 2408 2001 2484; baseline 0.005 -22"><span class='ocrx_word' id='word_1_321' title='bbox 421 2408 872 2479; x_wconf 64' lang='lat' dir='ltr'><strong>ﬂagrantissima,</strong></span> <span class='ocrx_word' id='word_1_322' title='bbox 901 2421 954 2465; x_wconf 90' lang='lat' dir='ltr'><strong>et</strong></span> <span class='ocrx_word' id='word_1_323' title='bbox 978 2411 1416 2482; x_wconf 85' lang='lat' dir='ltr'><strong>incorruptibilis</strong></span> <span class='ocrx_word' id='word_1_324' title='bbox 1442 2415 1667 2469; x_wconf 90' lang='lat' dir='ltr'><strong>omnino</strong></span> <span class='ocrx_word' id='word_1_325' title='bbox 1710 2414 2001 2484; x_wconf 88' lang='lat' dir='ltr'><strong>(adductus</strong></span> 
     </span>
    </p>
   </div>
   <div class='ocr_carea' id='block_1_43' title="bbox 419 2500 2000 2577">
    <p class='ocr_par' dir='ltr' id='par_1_43' title="bbox 419 2500 2000 2577">
     <span class='ocr_line' id='line_1_43' title="bbox 419 2500 2000 2577; baseline 0.005 -23"><span class='ocrx_word' id='word_1_326' title='bbox 419 2500 569 2554; x_wconf 87' lang='lat' dir='ltr'><strong>enim</strong></span> <span class='ocrx_word' id='word_1_327' title='bbox 613 2509 716 2565; x_wconf 92' lang='lat' dir='ltr'><strong>est,</strong></span> <span class='ocrx_word' id='word_1_328' title='bbox 746 2510 805 2554; x_wconf 91' lang='lat' dir='ltr'><strong>ut</strong></span> <span class='ocrx_word' id='word_1_329' title='bbox 837 2502 1082 2557; x_wconf 89' lang='lat' dir='ltr'><strong>aboleret</strong></span> <span class='ocrx_word' id='word_1_330' title='bbox 1133 2512 1452 2573; x_wconf 89' lang='lat' dir='ltr'><strong>peccatum,</strong></span> <span class='ocrx_word' id='word_1_331' title='bbox 1501 2515 1555 2560; x_wconf 86' lang='lat' dir='ltr'><strong>et</strong></span> <span class='ocrx_word' id='word_1_332' title='bbox 1599 2522 1719 2560; x_wconf 89' lang='lat' dir='ltr'><strong>eam</strong></span> <span class='ocrx_word' id='word_1_333' title='bbox 1766 2523 1888 2577; x_wconf 73' lang='lat' dir='ltr'><strong>qua:</strong></span> <span class='ocrx_word' id='word_1_334' title='bbox 1933 2524 2000 2562; x_wconf 80' lang='lat' dir='ltr'><strong>ex</strong></span> 
     </span>
    </p>
   </div>
   <div class='ocr_carea' id='block_1_44' title="bbox 421 2591 2000 2668">
    <p class='ocr_par' dir='ltr' id='par_1_44' title="bbox 421 2591 2000 2668">
     <span class='ocr_line' id='line_1_44' title="bbox 421 2591 2000 2668; baseline 0.006 -24"><span class='ocrx_word' id='word_1_335' title='bbox 421 2591 542 2662; x_wconf 81' lang='lat' dir='ltr'><strong>ipso</strong></span> <span class='ocrx_word' id='word_1_336' title='bbox 566 2601 623 2647; x_wconf 91' lang='lat' dir='ltr'><strong>et</strong></span> <span class='ocrx_word' id='word_1_337' title='bbox 641 2609 737 2663; x_wconf 90' lang='lat' dir='ltr'><strong>per</strong></span> <span class='ocrx_word' id='word_1_338' title='bbox 776 2594 954 2664; x_wconf 91' lang='lat' dir='ltr'><strong>ipsum</strong></span> <span class='ocrx_word' id='word_1_339' title='bbox 981 2597 1228 2666; x_wconf 79' lang='lat' dir='ltr'><strong>regnavit</strong></span> <span class='ocrx_word' id='word_1_340' title='bbox 1253 2597 1535 2666; x_wconf 89' lang='lat' dir='ltr'><strong>mortem),</strong></span> <span class='ocrx_word' id='word_1_341' title='bbox 1559 2614 1660 2668; x_wconf 91' lang='lat' dir='ltr'><strong>per</strong></span> <span class='ocrx_word' id='word_1_342' title='bbox 1689 2597 1818 2654; x_wconf 85' lang='lat' dir='ltr'><strong>thus</strong></span> <span class='ocrx_word' id='word_1_343' title='bbox 1865 2599 2000 2654; x_wconf 86' lang='lat' dir='ltr'><strong>lice-</strong></span> 
     </span>
    </p>
   </div>
   <div class='ocr_carea' id='block_1_45' title="bbox 422 2683 1999 2759">
    <p class='ocr_par' dir='ltr' id='par_1_45' title="bbox 422 2683 1999 2759">
     <span class='ocr_line' id='line_1_45' title="bbox 422 2683 1999 2759; baseline 0.004 -21"><span class='ocrx_word' id='word_1_344' title='bbox 422 2683 505 2738; x_wconf 86' lang='lat' dir='ltr'><strong>bit</strong></span> <span class='ocrx_word' id='word_1_345' title='bbox 529 2684 834 2756; x_wconf 85' lang='lat' dir='ltr'><strong>intelligere</strong></span> <span class='ocrx_word' id='word_1_346' title='bbox 869 2704 881 2738; x_wconf 92' lang='lat'><strong>:</strong></span> <span class='ocrx_word' id='word_1_347' title='bbox 913 2702 1036 2741; x_wconf 88' lang='lat' dir='ltr'><strong>nam</strong></span> <span class='ocrx_word' id='word_1_348' title='bbox 1061 2688 1273 2757; x_wconf 89' lang='lat' dir='ltr'><strong>primus</strong></span> <span class='ocrx_word' id='word_1_349' title='bbox 1297 2697 1454 2759; x_wconf 88' lang='lat' dir='ltr'><strong>pater</strong></span> <span class='ocrx_word' id='word_1_350' title='bbox 1494 2689 1666 2744; x_wconf 83' lang='lat' dir='ltr'><strong>Adam</strong></span> <span class='ocrx_word' id='word_1_351' title='bbox 1697 2690 1770 2744; x_wconf 83' lang='lat' dir='ltr'><strong>ob</strong></span> <span class='ocrx_word' id='word_1_352' title='bbox 1819 2699 1999 2745; x_wconf 82' lang='lat' dir='ltr'><strong>trans-</strong></span> 
     </span>
    </p>
   </div>
   <div class='ocr_carea' id='block_1_46' title="bbox 422 2776 2001 2846">
    <p class='ocr_par' dir='ltr' id='par_1_46' title="bbox 422 2776 2001 2846">
     <span class='ocr_line' id='line_1_46' title="bbox 422 2776 2001 2846; baseline 0.004 -17"><span class='ocrx_word' id='word_1_353' title='bbox 422 2776 733 2846; x_wconf 80' lang='lat' dir='ltr'><strong>gressiones</strong></span> <span class='ocrx_word' id='word_1_354' title='bbox 755 2777 908 2832; x_wconf 89' lang='lat' dir='ltr'><strong>initio</strong></span> <span class='ocrx_word' id='word_1_355' title='bbox 926 2778 1116 2843; x_wconf 81' lang='lat' dir='ltr'><strong>factas,</strong></span> <span class='ocrx_word' id='word_1_356' title='bbox 1135 2779 1542 2835; x_wconf 89' lang='lat' dir='ltr'><strong>meritissimam</strong></span> <span class='ocrx_word' id='word_1_357' title='bbox 1560 2780 2001 2836; x_wconf 89' lang='lat' dir='ltr'><strong>maledictionem</strong></span> 
     </span>
    </p>
   </div>
   <div class='ocr_carea' id='block_1_47' title="bbox 424 2867 2000 2942">
    <p class='ocr_par' dir='ltr' id='par_1_47' title="bbox 424 2867 2000 2942">
     <span class='ocr_line' id='line_1_47' title="bbox 424 2867 2000 2942; baseline 0.004 -21"><span class='ocrx_word' id='word_1_358' title='bbox 424 2867 569 2922; x_wconf 89' lang='lat' dir='ltr'><strong>tulit.</strong></span> <span class='ocrx_word' id='word_1_359' title='bbox 619 2869 981 2940; x_wconf 87' lang='lat' dir='ltr'><strong>Posteaquam</strong></span> <span class='ocrx_word' id='word_1_360' title='bbox 1033 2880 1216 2926; x_wconf 86' lang='lat' dir='ltr'><strong>autem</strong></span> <span class='ocrx_word' id='word_1_361' title='bbox 1240 2880 1469 2942; x_wconf 89' lang='lat' dir='ltr'><strong>peccato</strong></span> <span class='ocrx_word' id='word_1_362' title='bbox 1494 2888 1686 2928; x_wconf 79' lang='lat' dir='ltr'><strong>revera</strong></span> <span class='ocrx_word' id='word_1_363' title='bbox 1726 2873 1896 2928; x_wconf 83' lang='lat' dir='ltr'><strong>fetido</strong></span> <span class='ocrx_word' id='word_1_364' title='bbox 1919 2874 2000 2928; x_wconf 92' lang='lat' dir='ltr'><strong>la-</strong></span> 
     </span>
    </p>
   </div>
   <div class='ocr_carea' id='block_1_48' title="bbox 423 2957 2001 3032">
    <p class='ocr_par' dir='ltr' id='par_1_48' title="bbox 423 2957 2001 3032">
     <span class='ocr_line' id='line_1_48' title="bbox 423 2957 2001 3032; baseline 0.004 -20"><span class='ocrx_word' id='word_1_365' title='bbox 423 2957 660 3017; x_wconf 81' lang='lat' dir='ltr'><strong>boravit.</strong></span> <span class='ocrx_word' id='word_1_366' title='bbox 682 2962 807 3031; x_wconf 88' lang='lat' dir='ltr'><strong>jure</strong></span> <span class='ocrx_word' id='word_1_367' title='bbox 835 2962 1044 3032; x_wconf 91' lang='lat' dir='ltr'><strong>optimo</strong></span> <span class='ocrx_word' id='word_1_368' title='bbox 1067 2972 1244 3018; x_wconf 91' lang='lat' dir='ltr'><strong>morte</strong></span> <span class='ocrx_word' id='word_1_369' title='bbox 1265 2963 1557 3019; x_wconf 87' lang='lat' dir='ltr'><strong>damnatus</strong></span> <span class='ocrx_word' id='word_1_370' title='bbox 1578 2973 1680 3019; x_wconf 89' lang='lat' dir='ltr'><strong>est.</strong></span> <span class='ocrx_word' id='word_1_371' title='bbox 1699 2965 1847 3019; x_wconf 88' lang='lat' dir='ltr'><strong>Deus</strong></span> <span class='ocrx_word' id='word_1_372' title='bbox 1867 2979 2001 3019; x_wconf 86' lang='lat' dir='ltr'><strong>vero</strong></span> 
     </span>
    </p>
   </div>
   <div class='ocr_carea' id='block_1_49' title="bbox 2100 1855 3688 1932">
    <p class='ocr_par' dir='ltr' id='par_1_49' title="bbox 2100 1855 3688 1932">
     <span class='ocr_line' id='line_1_49' title="bbox 2100 1855 3688 1932; baseline -0.003 -18"><span class='ocrx_word' id='word_1_373' title='bbox 2100 1862 2184 1915; x_wconf 78' lang='grc' dir='ltr'><strong>ἑτέ</strong></span> <span class='ocrx_word' id='word_1_374' title='bbox 2197 1879 2323 1931; x_wconf 85' lang='grc' dir='ltr'>ρως,</span> <span class='ocrx_word' id='word_1_375' title='bbox 2355 1860 2512 1932; x_wconf 80' lang='grc' dir='ltr'>εἴπερ</span> <span class='ocrx_word' id='word_1_376' title='bbox 2545 1858 2717 1912; x_wconf 70' lang='grc' dir='ltr'>ἕλοιτό</span> <span class='ocrx_word' id='word_1_377' title='bbox 2747 1875 2849 1922; x_wconf 90' lang='grc' dir='ltr'>τις.</span> <span class='ocrx_word' id='word_1_378' title='bbox 2892 1856 3201 1928; x_wconf 76' lang='grc' dir='ltr'>Ἠλεήμεθα</span> <span class='ocrx_word' id='word_1_379' title='bbox 3220 1857 3329 1928; x_wconf 84' lang='grc' dir='ltr'><strong>γὰρ</strong></span> <span class='ocrx_word' id='word_1_380' title='bbox 3359 1859 3416 1910; x_wconf 79' lang='grc' dir='ltr'><strong>ὲν</strong></span> <span class='ocrx_word' id='word_1_381' title='bbox 3442 1855 3688 1929; x_wconf 77' lang='grc' dir='ltr'>Χριστῷ.</span> 
     </span>
    </p>
   </div>
   <div class='ocr_carea' id='block_1_50' title="bbox 2100 1946 3692 2020">
    <p class='ocr_par' dir='ltr' id='par_1_50' title="bbox 2100 1946 3692 2020">
     <span class='ocr_line' id='line_1_50' title="bbox 2100 1946 3692 2020; baseline -0.004 -14"><span class='ocrx_word' id='word_1_382' title='bbox 2100 1953 2208 2007; x_wconf 80' lang='grc' dir='ltr'><strong>Καὶ</strong></span> <span class='ocrx_word' id='word_1_383' title='bbox 2255 1951 2444 2014; x_wconf 70' lang='grc' dir='ltr'>τοῦτο,</span> <span class='ocrx_word' id='word_1_384' title='bbox 2487 1946 2664 2020; x_wconf 79' lang='grc' dir='ltr'>οἶμαι,</span> <span class='ocrx_word' id='word_1_385' title='bbox 2717 1951 2833 2002; x_wconf 73' lang='grc' dir='ltr'>ἐστὶ</span> <span class='ocrx_word' id='word_1_386' title='bbox 2865 1949 2966 2014; x_wconf 77' lang='grc' dir='ltr'><strong>τὸ,</strong></span> <span class='ocrx_word' id='word_1_387' title='bbox 3009 1967 3028 2000; x_wconf 74' lang='grc' dir='ltr'><strong>ι</strong></span> <span class='ocrx_word' id='word_1_388' title='bbox 3081 1948 3370 2012; x_wconf 82' lang='grc' dir='ltr'>Ἐλίπανας</span> <span class='ocrx_word' id='word_1_389' title='bbox 3416 1949 3476 2001; x_wconf 78' lang='grc' dir='ltr'>ὲν</span> <span class='ocrx_word' id='word_1_390' title='bbox 3521 1948 3692 2020; x_wconf 77' lang='grc' dir='ltr'>ἐλαίῳ</span> 
     </span>
    </p>
   </div>
   <div class='ocr_carea' id='block_1_51' title="bbox 2097 2041 3692 2115">
    <p class='ocr_par' dir='ltr' id='par_1_51' title="bbox 2097 2041 3692 2115">
     <span class='ocr_line' id='line_1_51' title="bbox 2097 2041 3692 2115; baseline -0.003 -17"><span class='ocrx_word' id='word_1_391' title='bbox 2097 2045 2196 2115; x_wconf 83' lang='grc' dir='ltr'>τὴν</span> <span class='ocrx_word' id='word_1_392' title='bbox 2247 2042 2486 2114; x_wconf 73' lang='grc' dir='ltr'>κεφαλήν</span> <span class='ocrx_word' id='word_1_393' title='bbox 2538 2061 2659 2114; x_wconf 86' lang='grc' dir='ltr'>μου.</span> <span class='ocrx_word' id='word_1_394' title='bbox 2698 2061 2718 2094; x_wconf 73' lang='grc' dir='ltr'><strong>ι</strong></span> <span class='ocrx_word' id='word_1_395' title='bbox 2757 2042 2881 2096; x_wconf 73' lang='grc' dir='ltr'>Ὀτι</span> <span class='ocrx_word' id='word_1_396' title='bbox 2928 2042 2986 2095; x_wconf 81' lang='grc' dir='ltr'>δὲ</span> <span class='ocrx_word' id='word_1_397' title='bbox 3021 2041 3121 2095; x_wconf 79' lang='grc' dir='ltr'><strong>οὐκ</strong></span> <span class='ocrx_word' id='word_1_398' title='bbox 3145 2041 3236 2094; x_wconf 71' lang='grc' dir='ltr'>ἐπί</span> <span class='ocrx_word' id='word_1_399' title='bbox 3266 2057 3407 2094; x_wconf 85' lang='grc' dir='ltr'>τισιν</span> <span class='ocrx_word' id='word_1_400' title='bbox 3445 2041 3692 2109; x_wconf 74' lang='grc' dir='ltr'>εὐλόγοις</span> 
     </span>
    </p>
   </div>
   <div class='ocr_carea' id='block_1_52' title="bbox 2099 2132 3690 2207">
    <p class='ocr_par' dir='ltr' id='par_1_52' title="bbox 2099 2132 3690 2207">
     <span class='ocr_line' id='line_1_52' title="bbox 2099 2132 3690 2207; baseline -0.003 -16"><span class='ocrx_word' id='word_1_401' title='bbox 2099 2137 2318 2203; x_wconf 76' lang='grc' dir='ltr'>αἰτίαις,</span> <span class='ocrx_word' id='word_1_402' title='bbox 2377 2134 3021 2207; x_wconf 72' lang='grc' dir='ltr'>ἣτοιπλημμελήμασιν,</span> <span class='ocrx_word' id='word_1_403' title='bbox 3057 2134 3086 2186; x_wconf 92' lang='lat'><strong>6</strong></span> <span class='ocrx_word' id='word_1_404' title='bbox 3140 2132 3380 2200; x_wconf 76' lang='grc' dir='ltr'>Χριστοῦ</span> <span class='ocrx_word' id='word_1_405' title='bbox 3432 2133 3690 2197; x_wconf 85' lang='grc' dir='ltr'>θάνατος,</span> 
     </span>
    </p>
   </div>
   <div class='ocr_carea' id='block_1_53' title="bbox 2098 2223 3691 2297">
    <p class='ocr_par' dir='ltr' id='par_1_53' title="bbox 2098 2223 3691 2297">
     <span class='ocr_line' id='line_1_53' title="bbox 2098 2223 3691 2297; baseline -0.001 -16"><span class='ocrx_word' id='word_1_406' title='bbox 2098 2227 2212 2282; x_wconf 86' lang='grc' dir='ltr'>ἀλλ’</span> <span class='ocrx_word' id='word_1_407' title='bbox 2242 2227 2603 2297; x_wconf 77' lang='grc' dir='ltr'>εὐσημωτάτη</span> <span class='ocrx_word' id='word_1_408' title='bbox 2625 2226 2745 2280; x_wconf 85' lang='grc' dir='ltr'>λίαν</span> <span class='ocrx_word' id='word_1_409' title='bbox 2773 2225 2868 2280; x_wconf 72' lang='grc' dir='ltr'><strong>καὶ</strong></span> <span class='ocrx_word' id='word_1_410' title='bbox 2898 2223 3203 2296; x_wconf 83' lang='grc' dir='ltr'><strong>ἀμώμητος</strong></span> <span class='ocrx_word' id='word_1_411' title='bbox 3237 2223 3513 2289; x_wconf 85' lang='grc' dir='ltr'>παντελῶς</span> <span class='ocrx_word' id='word_1_412' title='bbox 3543 2225 3691 2297; x_wconf 80' lang='grc' dir='ltr'>ὑπὲρ</span> 
     </span>
    </p>
   </div>
   <div class='ocr_carea' id='block_1_54' title="bbox 2098 2316 3693 2391">
    <p class='ocr_par' dir='ltr' id='par_1_54' title="bbox 2098 2316 3693 2391">
     <span class='ocr_line' id='line_1_54' title="bbox 2098 2316 3693 2391; baseline -0.003 -19"><span class='ocrx_word' id='word_1_413' title='bbox 2098 2320 2257 2391; x_wconf 78' lang='grc' dir='ltr'>ἡμῶν</span> <span class='ocrx_word' id='word_1_414' title='bbox 2300 2319 2460 2374; x_wconf 79' lang='grc' dir='ltr'>θυσία</span> <span class='ocrx_word' id='word_1_415' title='bbox 2497 2318 3004 2390; x_wconf 85' lang='grc' dir='ltr'>(προσκεκόμισται</span> <span class='ocrx_word' id='word_1_416' title='bbox 3045 2317 3174 2385; x_wconf 79' lang='grc' dir='ltr'>γὰρ,</span> <span class='ocrx_word' id='word_1_417' title='bbox 3223 2316 3310 2369; x_wconf 84' lang='grc' dir='ltr'><strong>ἵνα</strong></span> <span class='ocrx_word' id='word_1_418' title='bbox 3353 2317 3693 2388; x_wconf 72' lang='grc' dir='ltr'>καταργήσῃ</span> 
     </span>
    </p>
   </div>
   <div class='ocr_carea' id='block_1_55' title="bbox 2098 2404 3692 2484">
    <p class='ocr_par' dir='ltr' id='par_1_55' title="bbox 2098 2404 3692 2484">
     <span class='ocr_line' id='line_1_55' title="bbox 2098 2404 3692 2484; baseline -0.004 -18"><span class='ocrx_word' id='word_1_419' title='bbox 2098 2412 2197 2484; x_wconf 80' lang='grc' dir='ltr'><strong>τὴν</strong></span> <span class='ocrx_word' id='word_1_420' title='bbox 2221 2410 2513 2482; x_wconf 85' lang='grc' dir='ltr'>ἁμαρτίαν,</span> <span class='ocrx_word' id='word_1_421' title='bbox 2553 2411 2646 2463; x_wconf 82' lang='grc' dir='ltr'>καὶ</span> <span class='ocrx_word' id='word_1_422' title='bbox 2671 2409 2762 2462; x_wconf 75' lang='grc' dir='ltr'>τὸν</span> <span class='ocrx_word' id='word_1_423' title='bbox 2795 2409 2856 2473; x_wconf 78' lang='grc' dir='ltr'><strong>ἐξ</strong></span> <span class='ocrx_word' id='word_1_424' title='bbox 2885 2407 3054 2477; x_wconf 79' lang='grc' dir='ltr'>αὐτῆς</span> <span class='ocrx_word' id='word_1_425' title='bbox 3083 2424 3141 2460; x_wconf 86' lang='grc' dir='ltr'><strong>τε</strong></span> <span class='ocrx_word' id='word_1_426' title='bbox 3171 2405 3264 2461; x_wconf 72' lang='grc' dir='ltr'><strong>καὶ</strong></span> <span class='ocrx_word' id='word_1_427' title='bbox 3287 2405 3355 2459; x_wconf 81' lang='grc' dir='ltr'>δι’</span> <span class='ocrx_word' id='word_1_428' title='bbox 3393 2404 3561 2478; x_wconf 76' lang='grc' dir='ltr'>αὐτὴν</span> <span class='ocrx_word' id='word_1_429' title='bbox 3590 2404 3692 2459; x_wconf 64' lang='lat'><strong>0&amp;-</strong></span> 
     </span>
    </p>
   </div>
   <div class='ocr_carea' id='block_1_56' title="bbox 2100 2499 3698 2575">
    <p class='ocr_par' dir='ltr' id='par_1_56' title="bbox 2100 2499 3698 2575">
     <span class='ocr_line' id='line_1_56' title="bbox 2100 2499 3698 2575; baseline -0.006 -16"><span class='ocrx_word' id='word_1_430' title='bbox 2100 2507 2315 2575; x_wconf 89' lang='grc' dir='ltr'>νατον),</span> <span class='ocrx_word' id='word_1_431' title='bbox 2358 2503 2445 2556; x_wconf 75' lang='grc' dir='ltr'>διὰ</span> <span class='ocrx_word' id='word_1_432' title='bbox 2474 2501 2568 2557; x_wconf 80' lang='grc' dir='ltr'>τοῦ</span> <span class='ocrx_word' id='word_1_433' title='bbox 2606 2502 2825 2556; x_wconf 88' lang='grc' dir='ltr'>λιϐάνου</span> <span class='ocrx_word' id='word_1_434' title='bbox 2870 2502 3154 2570; x_wconf 79' lang='grc' dir='ltr'>συνήσεις’</span> <span class='ocrx_word' id='word_1_435' title='bbox 3208 2501 3238 2552; x_wconf 87' lang='lat'><strong>6</strong></span> <span class='ocrx_word' id='word_1_436' title='bbox 3279 2499 3376 2570; x_wconf 85' lang='grc' dir='ltr'>μὲν</span> <span class='ocrx_word' id='word_1_437' title='bbox 3408 2499 3517 2569; x_wconf 77' lang='grc' dir='ltr'><strong>γάρ</strong></span> <span class='ocrx_word' id='word_1_438' title='bbox 3551 2514 3698 2570; x_wconf 85' lang='grc' dir='ltr'>προ-</span> 
     </span>
    </p>
   </div>
   <div class='ocr_carea' id='block_1_57' title="bbox 2101 2587 3695 2667">
    <p class='ocr_par' dir='ltr' id='par_1_57' title="bbox 2101 2587 3695 2667">
     <span class='ocr_line' id='line_1_57' title="bbox 2101 2587 3695 2667; baseline -0.004 -17"><span class='ocrx_word' id='word_1_439' title='bbox 2101 2597 2293 2667; x_wconf 85' lang='grc' dir='ltr'>πάτωρ</span> <span class='ocrx_word' id='word_1_440' title='bbox 2354 2594 2525 2666; x_wconf 73' lang='grc' dir='ltr'>Ἀδάμ</span> <span class='ocrx_word' id='word_1_441' title='bbox 2562 2597 2679 2658; x_wconf 87' lang='grc' dir='ltr'>ταῖς</span> <span class='ocrx_word' id='word_1_442' title='bbox 2715 2595 2772 2647; x_wconf 83' lang='grc' dir='ltr'>ὲν</span> <span class='ocrx_word' id='word_1_443' title='bbox 2821 2595 2964 2664; x_wconf 80' lang='grc' dir='ltr'>ἀρχῇ</span> <span class='ocrx_word' id='word_1_444' title='bbox 3009 2591 3386 2661; x_wconf 85' lang='grc' dir='ltr'>παραϐάσεσιν</span> <span class='ocrx_word' id='word_1_445' title='bbox 3423 2587 3484 2644; x_wconf 80' lang='grc' dir='ltr'><strong>εὖ</strong></span> <span class='ocrx_word' id='word_1_446' title='bbox 3537 2589 3695 2660; x_wconf 75' lang='grc' dir='ltr'>μάλα</span> 
     </span>
    </p>
   </div>
   <div class='ocr_carea' id='block_1_58' title="bbox 2103 2681 3696 2758">
    <p class='ocr_par' dir='ltr' id='par_1_58' title="bbox 2103 2681 3696 2758">
     <span class='ocr_line' id='line_1_58' title="bbox 2103 2681 3696 2758; baseline -0.004 -18"><span class='ocrx_word' id='word_1_447' title='bbox 2103 2687 2560 2758; x_wconf 77' lang='grc' dir='ltr'>πρεπωδεστάτην</span> <span class='ocrx_word' id='word_1_448' title='bbox 2592 2684 2878 2755; x_wconf 76' lang='grc' dir='ltr'>ἐκομίζετο</span> <span class='ocrx_word' id='word_1_449' title='bbox 2905 2683 3000 2755; x_wconf 83' lang='grc' dir='ltr'>τὴν</span> <span class='ocrx_word' id='word_1_450' title='bbox 3040 2683 3202 2755; x_wconf 77' lang='grc' dir='ltr'>ἀράν.</span> <span class='ocrx_word' id='word_1_451' title='bbox 3255 2681 3474 2753; x_wconf 81' lang='grc' dir='ltr'>Ἐπειδὴ</span> <span class='ocrx_word' id='word_1_452' title='bbox 3504 2681 3561 2735; x_wconf 87' lang='grc' dir='ltr'>δὲ</span> <span class='ocrx_word' id='word_1_453' title='bbox 3585 2681 3696 2752; x_wconf 71' lang='grc' dir='ltr'><strong>τὴν</strong></span> 
     </span>
    </p>
   </div>
   <div class='ocr_carea' id='block_1_59' title="bbox 2101 2765 3695 2846">
    <p class='ocr_par' dir='ltr' id='par_1_59' title="bbox 2101 2765 3695 2846">
     <span class='ocr_line' id='line_1_59' title="bbox 2101 2765 3695 2846; baseline -0.007 -16"><span class='ocrx_word' id='word_1_454' title='bbox 2101 2777 2378 2846; x_wconf 84' lang='grc' dir='ltr'>κάκοσμον</span> <span class='ocrx_word' id='word_1_455' title='bbox 2411 2775 2624 2845; x_wconf 87' lang='grc' dir='ltr'>άληθῶς</span> <span class='ocrx_word' id='word_1_456' title='bbox 2657 2771 3123 2845; x_wconf 74' lang='grc' dir='ltr'>προηῤῥώστησεν</span> <span class='ocrx_word' id='word_1_457' title='bbox 3159 2769 3455 2840; x_wconf 83' lang='grc' dir='ltr'>ἁμαρτίαν,</span> <span class='ocrx_word' id='word_1_458' title='bbox 3486 2765 3695 2838; x_wconf 75' lang='grc' dir='ltr'>ταύτῃ-</span> 
     </span>
    </p>
   </div>
   <div class='ocr_carea' id='block_1_60' title="bbox 2100 2860 3694 2930">
    <p class='ocr_par' dir='ltr' id='par_1_60' title="bbox 2100 2860 3694 2930">
     <span class='ocr_line' id='line_1_60' title="bbox 2100 2860 3694 2930; baseline -0.005 -8"><span class='ocrx_word' id='word_1_459' title='bbox 2100 2885 2182 2922; x_wconf 85' lang='grc' dir='ltr'><strong>τοι</strong></span> <span class='ocrx_word' id='word_1_460' title='bbox 2216 2868 2310 2921; x_wconf 75' lang='grc' dir='ltr'><strong>καὶ</strong></span> <span class='ocrx_word' id='word_1_461' title='bbox 2341 2867 2568 2930; x_wconf 84' lang='grc' dir='ltr'>δικαίως</span> <span class='ocrx_word' id='word_1_462' title='bbox 2618 2863 3026 2928; x_wconf 78' lang='grc' dir='ltr'>κατεδικάζετο.</span> <span class='ocrx_word' id='word_1_463' title='bbox 3086 2863 3144 2916; x_wconf 86' lang='lat'><strong>&#39;0</strong></span> <span class='ocrx_word' id='word_1_464' title='bbox 3177 2862 3235 2916; x_wconf 78' lang='grc' dir='ltr'>δὲ</span> <span class='ocrx_word' id='word_1_465' title='bbox 3285 2877 3351 2929; x_wconf 83' lang='grc' dir='ltr'><strong>γε</strong></span> <span class='ocrx_word' id='word_1_466' title='bbox 3394 2861 3500 2913; x_wconf 87' lang='grc' dir='ltr'><strong>τῶν</strong></span> <span class='ocrx_word' id='word_1_467' title='bbox 3547 2860 3694 2914; x_wconf 84' lang='grc' dir='ltr'>ὅλων</span> 
     </span>
    </p>
   </div>
   <div class='ocr_carea' id='block_1_61' title="bbox 2102 2953 3697 3030">
    <p class='ocr_par' dir='ltr' id='par_1_61' title="bbox 2102 2953 3697 3030">
     <span class='ocr_line' id='line_1_61' title="bbox 2102 2953 3697 3030; baseline -0.005 -18"><span class='ocrx_word' id='word_1_468' title='bbox 2102 2961 2290 3030; x_wconf 75' lang='grc' dir='ltr'>Σωτὴρ</span> <span class='ocrx_word' id='word_1_469' title='bbox 2339 2958 2434 3012; x_wconf 83' lang='grc' dir='ltr'>καὶ</span> <span class='ocrx_word' id='word_1_470' title='bbox 2475 2958 2680 3029; x_wconf 83' lang='grc' dir='ltr'>Κύριος</span> <span class='ocrx_word' id='word_1_471' title='bbox 2703 2956 2788 3010; x_wconf 74' lang='grc' dir='ltr'><strong>ἐπ’</strong></span> <span class='ocrx_word' id='word_1_472' title='bbox 2826 2954 3003 3008; x_wconf 68' lang='grc' dir='ltr'>οὐδενὶ</span> <span class='ocrx_word' id='word_1_473' title='bbox 3032 2953 3138 3008; x_wconf 88' lang='grc' dir='ltr'><strong>τῶν</strong></span> <span class='ocrx_word' id='word_1_474' title='bbox 3165 2953 3381 3007; x_wconf 84' lang='grc' dir='ltr'>ἀτόπων</span> <span class='ocrx_word' id='word_1_475' title='bbox 3411 2966 3697 3020; x_wconf 79' lang='grc' dir='ltr'>κατεγνω-</span> 
     </span>
    </p>
   </div>
   <div class='ocr_carea' id='block_1_62' title="bbox 422 3043 1998 3132">
    <p class='ocr_par' dir='ltr' id='par_1_62' title="bbox 422 3053 1998 3111">
     <span class='ocr_line' id='line_1_62' title="bbox 422 3053 1998 3111; baseline 0.002 -6"><span class='ocrx_word' id='word_1_476' title='bbox 422 3067 486 3105; x_wconf 87' lang='lat' dir='ltr'><strong>uc</strong></span> <span class='ocrx_word' id='word_1_477' title='bbox 524 3053 790 3110; x_wconf 86' lang='lat' dir='ltr'><strong>Dominus</strong></span> <span class='ocrx_word' id='word_1_478' title='bbox 812 3055 984 3109; x_wconf 88' lang='lat' dir='ltr'><strong>totius</strong></span> <span class='ocrx_word' id='word_1_479' title='bbox 1013 3055 1257 3111; x_wconf 86' lang='lat' dir='ltr'><strong>universi</strong></span> <span class='ocrx_word' id='word_1_480' title='bbox 1292 3055 1364 3108; x_wconf 94' lang='lat' dir='ltr'><strong>ob</strong></span> <span class='ocrx_word' id='word_1_481' title='bbox 1388 3056 1598 3110; x_wconf 92' lang='lat' dir='ltr'><strong>nullum</strong></span> <span class='ocrx_word' id='word_1_482' title='bbox 1627 3055 1889 3109; x_wconf 90' lang='lat' dir='ltr'><strong>delictum</strong></span> <span class='ocrx_word' id='word_1_483' title='bbox 1915 3063 1998 3108; x_wconf 92' lang='lat' dir='ltr'><strong>est</strong></span> 
     </span>
    </p>
   </div>
   <div class='ocr_carea' id='block_1_63' title="bbox 2098 3043 3694 3132">
    <p class='ocr_par' dir='ltr' id='par_1_63' title="bbox 2103 3043 3694 3122">
     <span class='ocr_line' id='line_1_63' title="bbox 2103 3043 3694 3122; baseline -0.006 -18"><span class='ocrx_word' id='word_1_484' title='bbox 2103 3052 2296 3121; x_wconf 76' lang='grc' dir='ltr'>σμένος</span> <span class='ocrx_word' id='word_1_485' title='bbox 2321 3050 2401 3121; x_wconf 79' lang='grc' dir='ltr'>(ού</span> <span class='ocrx_word' id='word_1_486' title='bbox 2431 3050 2540 3122; x_wconf 78' lang='grc' dir='ltr'><strong>γὰρ</strong></span> <span class='ocrx_word' id='word_1_487' title='bbox 2577 3050 2832 3118; x_wconf 73' lang='grc' dir='ltr'>ἐποίησεν</span> <span class='ocrx_word' id='word_1_488' title='bbox 2858 3047 3175 3120; x_wconf 82' lang='grc' dir='ltr'>ἁμαρτίας),</span> <span class='ocrx_word' id='word_1_489' title='bbox 3199 3044 3337 3117; x_wconf 81' lang='grc' dir='ltr'>καλὴ</span> <span class='ocrx_word' id='word_1_490' title='bbox 3365 3045 3456 3099; x_wconf 74' lang='grc' dir='ltr'>καὶ</span> <span class='ocrx_word' id='word_1_491' title='bbox 3480 3043 3694 3116; x_wconf 66' lang='grc' dir='ltr'>εὐώδης</span> 
     </span>
    </p>
   </div>
   <div class='ocr_carea' id='block_1_64' title="bbox 423 3142 1999 3217">
    <p class='ocr_par' dir='ltr' id='par_1_64' title="bbox 423 3142 1999 3217">
     <span class='ocr_line' id='line_1_64' title="bbox 423 3142 1999 3217; baseline 0.001 -19"><span class='ocrx_word' id='word_1_492' title='bbox 423 3142 755 3198; x_wconf 88' lang='lat' dir='ltr'><strong>damnatus:</strong></span> <span class='ocrx_word' id='word_1_493' title='bbox 799 3144 930 3217; x_wconf 87' lang='lat' dir='ltr'><strong>[non</strong></span> <span class='ocrx_word' id='word_1_494' title='bbox 961 3147 1108 3200; x_wconf 87' lang='lat' dir='ltr'><strong>enim</strong></span> <span class='ocrx_word' id='word_1_495' title='bbox 1146 3155 1429 3214; x_wconf 89' lang='lat' dir='ltr'><strong>peccatum</strong></span> <span class='ocrx_word' id='word_1_496' title='bbox 1468 3145 1789 3216; x_wconf 85' lang='lat' dir='ltr'><strong>commisit.]</strong></span> <span class='ocrx_word' id='word_1_497' title='bbox 1834 3145 1999 3200; x_wconf 89' lang='lat' dir='ltr'><strong>Grata</strong></span> 
     </span>
    </p>
   </div>
   <div class='ocr_carea' id='block_1_65' title="bbox 423 3231 2001 3304">
    <p class='ocr_par' dir='ltr' id='par_1_65' title="bbox 423 3231 2001 3304">
     <span class='ocr_line' id='line_1_65' title="bbox 423 3231 2001 3304; baseline 0.004 -20"><span class='ocrx_word' id='word_1_498' title='bbox 423 3231 610 3300; x_wconf 86' lang='lat' dir='ltr'><strong>itaque</strong></span> <span class='ocrx_word' id='word_1_499' title='bbox 654 3241 709 3286; x_wconf 91' lang='lat' dir='ltr'><strong>et</strong></span> <span class='ocrx_word' id='word_1_500' title='bbox 735 3232 984 3304; x_wconf 78' lang='lat' dir='ltr'><strong>fragrans</strong></span> <span class='ocrx_word' id='word_1_501' title='bbox 1031 3233 1170 3287; x_wconf 82' lang='lat' dir='ltr'><strong>facta</strong></span> <span class='ocrx_word' id='word_1_502' title='bbox 1222 3241 1307 3287; x_wconf 90' lang='lat' dir='ltr'><strong>est</strong></span> <span class='ocrx_word' id='word_1_503' title='bbox 1363 3248 1464 3301; x_wconf 88' lang='lat' dir='ltr'><strong>pro</strong></span> <span class='ocrx_word' id='word_1_504' title='bbox 1510 3234 1670 3289; x_wconf 86' lang='lat' dir='ltr'><strong>nobis</strong></span> <span class='ocrx_word' id='word_1_505' title='bbox 1716 3235 1917 3300; x_wconf 88' lang='lat' dir='ltr'><strong>hostia,</strong></span> <span class='ocrx_word' id='word_1_506' title='bbox 1945 3245 2001 3291; x_wconf 90' lang='lat' dir='ltr'><strong>et</strong></span> 
     </span>
    </p>
   </div>
   <div class='ocr_carea' id='block_1_66' title="bbox 422 3321 1998 3396">
    <p class='ocr_par' dir='ltr' id='par_1_66' title="bbox 422 3321 1998 3396">
     <span class='ocr_line' id='line_1_66' title="bbox 422 3321 1998 3396; baseline 0.007 -25"><span class='ocrx_word' id='word_1_507' title='bbox 422 3321 825 3388; x_wconf 87' lang='lat' dir='ltr'><strong>quodammodo</strong></span> <span class='ocrx_word' id='word_1_508' title='bbox 863 3337 1125 3378; x_wconf 85' lang='lat' dir='ltr'><strong>novarum</strong></span> <span class='ocrx_word' id='word_1_509' title='bbox 1161 3324 1378 3394; x_wconf 81' lang='lat' dir='ltr'><strong>frugum</strong></span> <span class='ocrx_word' id='word_1_510' title='bbox 1408 3326 1685 3395; x_wconf 68' lang='lat' dir='ltr'><strong>primitite,</strong></span> <span class='ocrx_word' id='word_1_511' title='bbox 1727 3327 1893 3396; x_wconf 87' lang='lat' dir='ltr'><strong>idque</strong></span> <span class='ocrx_word' id='word_1_512' title='bbox 1941 3328 1998 3382; x_wconf 90' lang='lat' dir='ltr'><strong>in</strong></span> 
     </span>
    </p>
   </div>
   <div class='ocr_carea' id='block_1_67' title="bbox 423 3412 1996 3490">
    <p class='ocr_par' dir='ltr' id='par_1_67' title="bbox 423 3412 1996 3490">
     <span class='ocr_line' id='line_1_67' title="bbox 423 3412 1996 3490; baseline 0.008 -28"><span class='ocrx_word' id='word_1_513' title='bbox 423 3412 572 3464; x_wconf 90' lang='lat' dir='ltr'><strong>omni</strong></span> <span class='ocrx_word' id='word_1_514' title='bbox 619 3413 821 3480; x_wconf 89' lang='lat' dir='ltr'><strong>specie,</strong></span> <span class='ocrx_word' id='word_1_515' title='bbox 851 3413 976 3468; x_wconf 90' lang='lat' dir='ltr'><strong>dico</strong></span> <span class='ocrx_word' id='word_1_516' title='bbox 1006 3415 1091 3473; x_wconf 73' lang='lat' dir='ltr'><strong>.in</strong></span> <span class='ocrx_word' id='word_1_517' title='bbox 1127 3416 1309 3484; x_wconf 87' lang='lat' dir='ltr'><strong>specie</strong></span> <span class='ocrx_word' id='word_1_518' title='bbox 1335 3416 1501 3472; x_wconf 88' lang='lat' dir='ltr'><strong>tritici</strong></span> <span class='ocrx_word' id='word_1_519' title='bbox 1547 3425 1604 3472; x_wconf 91' lang='lat' dir='ltr'><strong>et</strong></span> <span class='ocrx_word' id='word_1_520' title='bbox 1635 3418 1996 3490; x_wconf 81' lang='lat' dir='ltr'><strong>leguminum.</strong></span> 
     </span>
    </p>
   </div>
   <div class='ocr_carea' id='block_1_68' title="bbox 423 3503 1999 3581">
    <p class='ocr_par' dir='ltr' id='par_1_68' title="bbox 423 3503 1999 3581">
     <span class='ocr_line' id='line_1_68' title="bbox 423 3503 1999 3581; baseline 0.004 -23"><span class='ocrx_word' id='word_1_521' title='bbox 423 3503 557 3558; x_wconf 75' lang='lat' dir='ltr'><strong>Nam</strong></span> <span class='ocrx_word' id='word_1_522' title='bbox 580 3519 680 3572; x_wconf 91' lang='lat' dir='ltr'><strong>pro</strong></span> <span class='ocrx_word' id='word_1_523' title='bbox 710 3503 997 3571; x_wconf 86' lang='lat' dir='ltr'><strong>universis,</strong></span> <span class='ocrx_word' id='word_1_524' title='bbox 1036 3508 1219 3575; x_wconf 89' lang='lat' dir='ltr'><strong>parvis</strong></span> <span class='ocrx_word' id='word_1_525' title='bbox 1249 3524 1404 3578; x_wconf 86' lang='lat' dir='ltr'><strong>aeque</strong></span> <span class='ocrx_word' id='word_1_526' title='bbox 1429 3524 1493 3564; x_wconf 88' lang='lat' dir='ltr'><strong>ac</strong></span> <span class='ocrx_word' id='word_1_527' title='bbox 1525 3510 1757 3581; x_wconf 83' lang='lat' dir='ltr'><strong>magnis,</strong></span> <span class='ocrx_word' id='word_1_528' title='bbox 1779 3526 1878 3581; x_wconf 91' lang='lat' dir='ltr'><strong>pro</strong></span> <span class='ocrx_word' id='word_1_529' title='bbox 1899 3511 1999 3565; x_wconf 86' lang='lat' dir='ltr'><strong>Ju-</strong></span> 
     </span>
    </p>
   </div>
   <div class='ocr_carea' id='block_1_69' title="bbox 425 3592 1998 3666">
    <p class='ocr_par' dir='ltr' id='par_1_69' title="bbox 425 3592 1998 3666">
     <span class='ocr_line' id='line_1_69' title="bbox 425 3592 1998 3666; baseline 0.004 -19"><span class='ocrx_word' id='word_1_530' title='bbox 425 3592 557 3647; x_wconf 65' lang='lat' dir='ltr'><strong>dazis</strong></span> <span class='ocrx_word' id='word_1_531' title='bbox 603 3595 756 3663; x_wconf 71' lang='lat' dir='ltr'><strong>juxta</strong></span> <span class='ocrx_word' id='word_1_532' title='bbox 806 3610 869 3650; x_wconf 91' lang='lat' dir='ltr'><strong>ac</strong></span> <span class='ocrx_word' id='word_1_533' title='bbox 906 3597 1162 3666; x_wconf 78' lang='lat' dir='ltr'><strong>gentibus</strong></span> <span class='ocrx_word' id='word_1_534' title='bbox 1217 3608 1471 3655; x_wconf 88' lang='lat' dir='ltr'><strong>mortuus</strong></span> <span class='ocrx_word' id='word_1_535' title='bbox 1501 3608 1602 3655; x_wconf 88' lang='lat' dir='ltr'><strong>est.</strong></span> <span class='ocrx_word' id='word_1_536' title='bbox 1654 3601 1801 3655; x_wconf 81' lang='lat' dir='ltr'><strong>Facti</strong></span> <span class='ocrx_word' id='word_1_537' title='bbox 1849 3602 1998 3655; x_wconf 91' lang='lat' dir='ltr'><strong>enim</strong></span> 
     </span>
    </p>
   </div>
   <div class='ocr_carea' id='block_1_70' title="bbox 428 3685 1996 3758">
    <p class='ocr_par' dir='ltr' id='par_1_70' title="bbox 428 3685 1996 3758">
     <span class='ocr_line' id='line_1_70' title="bbox 428 3685 1996 3758; baseline 0.006 -21"><span class='ocrx_word' id='word_1_538' title='bbox 428 3699 618 3738; x_wconf 86' lang='lat' dir='ltr'><strong>sumus</strong></span> <span class='ocrx_word' id='word_1_539' title='bbox 649 3685 702 3738; x_wconf 89' lang='lat' dir='ltr'><strong>in</strong></span> <span class='ocrx_word' id='word_1_540' title='bbox 732 3685 851 3755; x_wconf 89' lang='lat' dir='ltr'><strong>ipso</strong></span> <span class='ocrx_word' id='word_1_541' title='bbox 869 3696 920 3741; x_wconf 89' lang='lat' dir='ltr'><strong>et</strong></span> <span class='ocrx_word' id='word_1_542' title='bbox 945 3703 1042 3758; x_wconf 90' lang='lat' dir='ltr'><strong>per</strong></span> <span class='ocrx_word' id='word_1_543' title='bbox 1064 3689 1242 3758; x_wconf 91' lang='lat' dir='ltr'><strong>ipsum</strong></span> <span class='ocrx_word' id='word_1_544' title='bbox 1264 3691 1580 3745; x_wconf 90' lang='lat' dir='ltr'><strong>memoriale</strong></span> <span class='ocrx_word' id='word_1_545' title='bbox 1603 3691 1714 3746; x_wconf 92' lang='lat' dir='ltr'><strong>Deo</strong></span> <span class='ocrx_word' id='word_1_546' title='bbox 1737 3705 1800 3746; x_wconf 89' lang='lat' dir='ltr'><strong>ac</strong></span> <span class='ocrx_word' id='word_1_547' title='bbox 1827 3692 1996 3746; x_wconf 85' lang='lat' dir='ltr'><strong>Patri.</strong></span> 
     </span>
    </p>
   </div>
   <div class='ocr_carea' id='block_1_71' title="bbox 426 3775 2000 3851">
    <p class='ocr_par' dir='ltr' id='par_1_71' title="bbox 426 3775 2000 3851">
     <span class='ocr_line' id='line_1_71' title="bbox 426 3775 2000 3851; baseline 0.004 -21"><span class='ocrx_word' id='word_1_548' title='bbox 426 3775 658 3846; x_wconf 86' lang='lat' dir='ltr'><strong>ideoque</strong></span> <span class='ocrx_word' id='word_1_549' title='bbox 676 3777 754 3834; x_wconf 89' lang='lat' dir='ltr'><strong>ait</strong></span> <span class='ocrx_word' id='word_1_550' title='bbox 777 3778 956 3834; x_wconf 90' lang='lat' dir='ltr'><strong>littera</strong></span> <span class='ocrx_word' id='word_1_551' title='bbox 980 3779 1114 3851; x_wconf 81' lang='lat' dir='ltr'><strong>legis</strong></span> <span class='ocrx_word' id='word_1_552' title='bbox 1139 3799 1150 3834; x_wconf 92' lang='lat'>:</span> <span class='ocrx_word' id='word_1_553' title='bbox 1180 3801 1196 3831; x_wconf 88' lang='grc'><strong>‹</strong></span> <span class='ocrx_word' id='word_1_554' title='bbox 1217 3781 1284 3834; x_wconf 87' lang='grc' dir='ltr'>Ει</span> <span class='ocrx_word' id='word_1_555' title='bbox 1300 3781 1497 3836; x_wconf 75' lang='lat' dir='ltr'><strong>offeret</strong></span> <span class='ocrx_word' id='word_1_556' title='bbox 1522 3781 1782 3837; x_wconf 86' lang='lat' dir='ltr'><strong>sacerdos</strong></span> <span class='ocrx_word' id='word_1_557' title='bbox 1794 3797 2000 3837; x_wconf 82' lang='lat' dir='ltr'><strong>memo-</strong></span> 
     </span>
    </p>
   </div>
   <div class='ocr_carea' id='block_1_72' title="bbox 428 3868 1998 3944">
    <p class='ocr_par' dir='ltr' id='par_1_72' title="bbox 428 3868 1998 3944">
     <span class='ocr_line' id='line_1_72' title="bbox 428 3868 1998 3944; baseline 0.006 -22"><span class='ocrx_word' id='word_1_558' title='bbox 428 3868 561 3923; x_wconf 72' lang='lat' dir='ltr'><strong>riale</strong></span> <span class='ocrx_word' id='word_1_559' title='bbox 591 3869 763 3939; x_wconf 83' lang='lat' dir='ltr'><strong>ipsius</strong></span> <span class='ocrx_word' id='word_1_560' title='bbox 788 3871 855 3926; x_wconf 85' lang='lat' dir='ltr'><strong>de</strong></span> <span class='ocrx_word' id='word_1_561' title='bbox 873 3872 1064 3928; x_wconf 83' lang='lat' dir='ltr'><strong>farinis</strong></span> <span class='ocrx_word' id='word_1_562' title='bbox 1089 3874 1424 3944; x_wconf 80' lang='lat' dir='ltr'><strong>leguminum</strong></span> <span class='ocrx_word' id='word_1_563' title='bbox 1449 3891 1574 3930; x_wconf 92' lang='lat' dir='ltr'><strong>cum</strong></span> <span class='ocrx_word' id='word_1_564' title='bbox 1599 3875 1742 3940; x_wconf 78' lang='lat' dir='ltr'><strong>oleo,</strong></span> <span class='ocrx_word' id='word_1_565' title='bbox 1767 3885 1998 3934; x_wconf 89' lang='lat' dir='ltr'><strong>etomne</strong></span> 
     </span>
    </p>
   </div>
   <div class='ocr_carea' id='block_1_73' title="bbox 427 3959 2000 4030">
    <p class='ocr_par' dir='ltr' id='par_1_73' title="bbox 427 3959 2000 4030">
     <span class='ocr_line' id='line_1_73' title="bbox 427 3959 2000 4030; baseline 0.005 -17"><span class='ocrx_word' id='word_1_566' title='bbox 427 3959 556 4015; x_wconf 91' lang='lat' dir='ltr'><strong>thus</strong></span> <span class='ocrx_word' id='word_1_567' title='bbox 577 3961 766 4030; x_wconf 87' lang='lat' dir='ltr'><strong>ipsius.</strong></span> <span class='ocrx_word' id='word_1_568' title='bbox 793 3961 1009 4018; x_wconf 89' lang='lat' dir='ltr'><strong>Oblatio</strong></span> <span class='ocrx_word' id='word_1_569' title='bbox 1033 3974 1115 4019; x_wconf 90' lang='lat' dir='ltr'><strong>est</strong></span> <span class='ocrx_word' id='word_1_570' title='bbox 1133 3966 1418 4021; x_wconf 67' lang='lat' dir='ltr'><strong>Domino”.</strong></span> <span class='ocrx_word' id='word_1_571' title='bbox 1455 3986 1472 4018; x_wconf 76' lang='grc' dir='ltr'><strong>ι</strong></span> <span class='ocrx_word' id='word_1_572' title='bbox 1502 3965 1638 4022; x_wconf 90' lang='lat' dir='ltr'><strong>Cum</strong></span> <span class='ocrx_word' id='word_1_573' title='bbox 1660 3968 1807 4023; x_wconf 91' lang='lat' dir='ltr'><strong>enim</strong></span> <span class='ocrx_word' id='word_1_574' title='bbox 1827 3968 2000 4023; x_wconf 73' lang='lat' dir='ltr'><strong>otl‘en-</strong></span> 
     </span>
    </p>
   </div>
   <div class='ocr_carea' id='block_1_74' title="bbox 427 4053 1997 4130">
    <p class='ocr_par' dir='ltr' id='par_1_74' title="bbox 427 4053 1997 4130">
     <span class='ocr_line' id='line_1_74' title="bbox 427 4053 1997 4130; baseline 0.005 -22"><span class='ocrx_word' id='word_1_575' title='bbox 427 4053 672 4109; x_wconf 89' lang='lat' dir='ltr'><strong>derimus</strong></span> <span class='ocrx_word' id='word_1_576' title='bbox 697 4057 865 4110; x_wconf 92' lang='lat' dir='ltr'><strong>Deum</strong></span> <span class='ocrx_word' id='word_1_577' title='bbox 884 4073 982 4126; x_wconf 91' lang='lat' dir='ltr'><strong>per</strong></span> <span class='ocrx_word' id='word_1_578' title='bbox 1021 4059 1194 4113; x_wconf 89' lang='lat' dir='ltr'><strong>multa</strong></span> <span class='ocrx_word' id='word_1_579' title='bbox 1227 4067 1453 4130; x_wconf 90' lang='lat' dir='ltr'><strong>peccata</strong></span> <span class='ocrx_word' id='word_1_580' title='bbox 1484 4061 1551 4123; x_wconf 71' lang='lat'><strong>‘°,</strong></span> <span class='ocrx_word' id='word_1_581' title='bbox 1589 4060 1997 4130; x_wconf 90' lang='lat' dir='ltr'><strong>quodammodo</strong></span> 
     </span>
    </p>
   </div>
   <div class='ocr_carea' id='block_1_75' title="bbox 426 4145 1998 4221">
    <p class='ocr_par' dir='ltr' id='par_1_75' title="bbox 426 4145 1998 4221">
     <span class='ocr_line' id='line_1_75' title="bbox 426 4145 1998 4221; baseline 0.007 -25"><span class='ocrx_word' id='word_1_582' title='bbox 426 4157 494 4196; x_wconf 76' lang='lat' dir='ltr'><strong>ex</strong></span> <span class='ocrx_word' id='word_1_583' title='bbox 550 4145 725 4198; x_wconf 86' lang='lat' dir='ltr'><strong>oculis</strong></span> <span class='ocrx_word' id='word_1_584' title='bbox 770 4147 945 4215; x_wconf 86' lang='lat' dir='ltr'><strong>patris</strong></span> <span class='ocrx_word' id='word_1_585' title='bbox 1002 4148 1209 4204; x_wconf 81' lang='lat' dir='ltr'><strong>fuimus</strong></span> <span class='ocrx_word' id='word_1_586' title='bbox 1257 4150 1474 4204; x_wconf 91' lang='lat' dir='ltr'><strong>remoti.</strong></span> <span class='ocrx_word' id='word_1_587' title='bbox 1533 4151 1827 4221; x_wconf 87' lang='lat' dir='ltr'><strong>Postquam</strong></span> <span class='ocrx_word' id='word_1_588' title='bbox 1867 4167 1998 4207; x_wconf 88' lang='lat' dir='ltr'><strong>vero</strong></span> 
     </span>
    </p>
   </div>
   <div class='ocr_carea' id='block_1_76' title="bbox 425 4232 1998 4305">
    <p class='ocr_par' dir='ltr' id='par_1_76' title="bbox 425 4232 1998 4305">
     <span class='ocr_line' id='line_1_76' title="bbox 425 4232 1998 4305; baseline 0.006 -15"><span class='ocrx_word' id='word_1_589' title='bbox 425 4232 678 4290; x_wconf 87' lang='lat' dir='ltr'><strong>Christus</strong></span> <span class='ocrx_word' id='word_1_590' title='bbox 701 4251 799 4305; x_wconf 90' lang='lat' dir='ltr'><strong>pro</strong></span> <span class='ocrx_word' id='word_1_591' title='bbox 825 4237 984 4292; x_wconf 88' lang='lat' dir='ltr'><strong>nobis</strong></span> <span class='ocrx_word' id='word_1_592' title='bbox 1005 4239 1182 4293; x_wconf 81' lang='lat' dir='ltr'><strong>factus</strong></span> <span class='ocrx_word' id='word_1_593' title='bbox 1227 4250 1311 4295; x_wconf 86' lang='lat' dir='ltr'><strong>est</strong></span> <span class='ocrx_word' id='word_1_594' title='bbox 1340 4241 1540 4305; x_wconf 87' lang='lat' dir='ltr'><strong>hostia,</strong></span> <span class='ocrx_word' id='word_1_595' title='bbox 1595 4243 1860 4298; x_wconf 91' lang='lat' dir='ltr'><strong>Dominus</strong></span> <span class='ocrx_word' id='word_1_596' title='bbox 1908 4259 1998 4298; x_wconf 89' lang='lat' dir='ltr'><strong>re-</strong></span> 
     </span>
    </p>
   </div>
   <div class='ocr_carea' id='block_1_77' title="bbox 427 4326 1997 4405">
    <p class='ocr_par' dir='ltr' id='par_1_77' title="bbox 427 4326 1997 4405">
     <span class='ocr_line' id='line_1_77' title="bbox 427 4326 1997 4405; baseline 0.006 -23"><span class='ocrx_word' id='word_1_597' title='bbox 427 4326 686 4382; x_wconf 87' lang='lat' dir='ltr'><strong>cordatus</strong></span> <span class='ocrx_word' id='word_1_598' title='bbox 713 4330 886 4383; x_wconf 90' lang='lat' dir='ltr'><strong>nostri</strong></span> <span class='ocrx_word' id='word_1_599' title='bbox 916 4330 1576 4405; x_wconf 80' lang='lat' dir='ltr'><strong>benedixitnobis,juxta</strong></span> <span class='ocrx_word' id='word_1_600' title='bbox 1613 4335 1744 4388; x_wconf 92' lang='lat' dir='ltr'><strong>illud</strong></span> <span class='ocrx_word' id='word_1_601' title='bbox 1786 4353 1798 4388; x_wconf 88' lang='lat'><strong>:</strong></span> <span class='ocrx_word' id='word_1_602' title='bbox 1837 4355 1854 4384; x_wconf 80' lang='grc' dir='ltr'><strong>ι</strong></span> <span class='ocrx_word' id='word_1_603' title='bbox 1893 4335 1997 4391; x_wconf 80' lang='lat' dir='ltr'><strong>Be—</strong></span> 
     </span>
    </p>
   </div>
   <div class='ocr_carea' id='block_1_78' title="bbox 426 4413 2071 4495">
    <p class='ocr_par' dir='ltr' id='par_1_78' title="bbox 426 4413 2071 4495">
     <span class='ocr_line' id='line_1_78' title="bbox 426 4413 2071 4495; baseline 0.007 -24"><span class='ocrx_word' id='word_1_604' title='bbox 426 4417 633 4472; x_wconf 83' lang='lat' dir='ltr'><strong>nedixit</strong></span> <span class='ocrx_word' id='word_1_605' title='bbox 670 4421 926 4475; x_wconf 80' lang='lat' dir='ltr'><strong>omnibus</strong></span> <span class='ocrx_word' id='word_1_606' title='bbox 945 4422 1037 4491; x_wconf 92' lang='lat' dir='ltr'><strong>qui</strong></span> <span class='ocrx_word' id='word_1_607' title='bbox 1064 4421 1258 4477; x_wconf 90' lang='lat' dir='ltr'><strong>timent</strong></span> <span class='ocrx_word' id='word_1_608' title='bbox 1281 4423 1592 4488; x_wconf 90' lang='lat' dir='ltr'><strong>Dominum,</strong></span> <span class='ocrx_word' id='word_1_609' title='bbox 1615 4425 1837 4495; x_wconf 79' lang='lat' dir='ltr'><strong>pusillis</strong></span> <span class='ocrx_word' id='word_1_610' title='bbox 1868 4441 1995 4481; x_wconf 90' lang='lat' dir='ltr'><strong>cum</strong></span> <span class='ocrx_word' id='word_1_611' title='bbox 2029 4413 2071 4468; x_wconf 73' lang='grc' dir='ltr'><strong>ί)</strong></span> 
     </span>
    </p>
   </div>
   <div class='ocr_carea' id='block_1_79' title="bbox 426 4511 2000 4584">
    <p class='ocr_par' dir='ltr' id='par_1_79' title="bbox 426 4511 2000 4584">
     <span class='ocr_line' id='line_1_79' title="bbox 426 4511 2000 4584; baseline 0.004 -21"><span class='ocrx_word' id='word_1_612' title='bbox 426 4511 728 4580; x_wconf 86' lang='lat' dir='ltr'><strong>majoribus</strong></span> <span class='ocrx_word' id='word_1_613' title='bbox 751 4511 810 4566; x_wconf 90' lang='grc'>¹¹.</span> <span class='ocrx_word' id='word_1_614' title='bbox 849 4533 866 4562; x_wconf 75' lang='grc' dir='ltr'><strong>ι</strong></span> <span class='ocrx_word' id='word_1_615' title='bbox 895 4512 1050 4569; x_wconf 91' lang='lat' dir='ltr'><strong>Unde</strong></span> <span class='ocrx_word' id='word_1_616' title='bbox 1076 4513 1238 4568; x_wconf 88' lang='lat' dir='ltr'><strong>etiam</strong></span> <span class='ocrx_word' id='word_1_617' title='bbox 1273 4513 1418 4570; x_wconf 89' lang='lat' dir='ltr'><strong>docti</strong></span> <span class='ocrx_word' id='word_1_618' title='bbox 1462 4530 1654 4569; x_wconf 86' lang='lat' dir='ltr'><strong>sumus</strong></span> <span class='ocrx_word' id='word_1_619' title='bbox 1678 4516 1912 4584; x_wconf 91' lang='lat' dir='ltr'><strong>psallere</strong></span> <span class='ocrx_word' id='word_1_620' title='bbox 1943 4524 2000 4572; x_wconf 91' lang='lat' dir='ltr'><strong>ct</strong></span> 
     </span>
    </p>
   </div>
   <div class='ocr_carea' id='block_1_80' title="bbox 423 4600 1996 4676">
    <p class='ocr_par' dir='ltr' id='par_1_80' title="bbox 423 4600 1996 4676">
     <span class='ocr_line' id='line_1_80' title="bbox 423 4600 1996 4676; baseline 0.006 -24"><span class='ocrx_word' id='word_1_621' title='bbox 423 4600 612 4656; x_wconf 86' lang='lat' dir='ltr'><strong>dicere</strong></span> <span class='ocrx_word' id='word_1_622' title='bbox 646 4619 659 4654; x_wconf 88' lang='lat'><strong>:</strong></span> <span class='ocrx_word' id='word_1_623' title='bbox 695 4620 712 4651; x_wconf 81' lang='grc' dir='ltr'><strong>ι</strong></span> <span class='ocrx_word' id='word_1_624' title='bbox 749 4601 1024 4658; x_wconf 75' lang='lat' dir='ltr'><strong>Benedicti</strong></span> <span class='ocrx_word' id='word_1_625' title='bbox 1060 4620 1157 4659; x_wconf 86' lang='lat' dir='ltr'><strong>vos</strong></span> <span class='ocrx_word' id='word_1_626' title='bbox 1179 4621 1209 4658; x_wconf 91' lang='lat' dir='ltr'><strong>a</strong></span> <span class='ocrx_word' id='word_1_627' title='bbox 1238 4606 1473 4660; x_wconf 90' lang='lat' dir='ltr'><strong>Domino</strong></span> <span class='ocrx_word' id='word_1_628' title='bbox 1497 4607 1591 4676; x_wconf 89' lang='lat' dir='ltr'><strong>qui</strong></span> <span class='ocrx_word' id='word_1_629' title='bbox 1621 4607 1751 4662; x_wconf 83' lang='lat' dir='ltr'><strong>fecit</strong></span> <span class='ocrx_word' id='word_1_630' title='bbox 1797 4609 1996 4663; x_wconf 68' lang='lat' dir='ltr'><strong>cmlum</strong></span> 
     </span>
    </p>
   </div>
   <div class='ocr_carea' id='block_1_81' title="bbox 423 4693 1998 4756">
    <p class='ocr_par' dir='ltr' id='par_1_81' title="bbox 423 4693 1998 4756">
     <span class='ocr_line' id='line_1_81' title="bbox 423 4693 1998 4756; baseline 0.008 -12"><span class='ocrx_word' id='word_1_631' title='bbox 423 4700 479 4744; x_wconf 89' lang='lat' dir='ltr'><strong>et</strong></span> <span class='ocrx_word' id='word_1_632' title='bbox 511 4701 710 4746; x_wconf 82' lang='lat' dir='ltr'><strong>terram</strong></span> <span class='ocrx_word' id='word_1_633' title='bbox 737 4693 797 4747; x_wconf 77' lang='grc'><strong>¹¹.</strong></span> <span class='ocrx_word' id='word_1_634' title='bbox 832 4711 850 4744; x_wconf 74' lang='grc' dir='ltr'><strong>ι</strong></span> <span class='ocrx_word' id='word_1_635' title='bbox 885 4695 1054 4748; x_wconf 86' lang='lat' dir='ltr'><strong>Porro</strong></span> <span class='ocrx_word' id='word_1_636' title='bbox 1082 4695 1184 4749; x_wconf 89' lang='lat' dir='ltr'><strong>alia</strong></span> <span class='ocrx_word' id='word_1_637' title='bbox 1217 4697 1382 4752; x_wconf 90' lang='lat' dir='ltr'><strong>etiam</strong></span> <span class='ocrx_word' id='word_1_638' title='bbox 1415 4699 1630 4753; x_wconf 90' lang='lat' dir='ltr'><strong>ratione</strong></span> <span class='ocrx_word' id='word_1_639' title='bbox 1674 4699 1761 4753; x_wconf 76' lang='lat' dir='ltr'><strong>lex</strong></span> <span class='ocrx_word' id='word_1_640' title='bbox 1787 4699 1998 4756; x_wconf 83' lang='lat' dir='ltr'><strong>Christi</strong></span> 
     </span>
    </p>
   </div>
   <div class='ocr_carea' id='block_1_82' title="bbox 424 4784 2000 4859">
    <p class='ocr_par' dir='ltr' id='par_1_82' title="bbox 424 4784 2000 4859">
     <span class='ocr_line' id='line_1_82' title="bbox 424 4784 2000 4859; baseline 0.006 -21"><span class='ocrx_word' id='word_1_641' title='bbox 424 4784 755 4840; x_wconf 89' lang='lat' dir='ltr'><strong>oblationem</strong></span> <span class='ocrx_word' id='word_1_642' title='bbox 775 4786 1230 4855; x_wconf 89' lang='lat' dir='ltr'><strong>nobisdescribit,</strong></span> <span class='ocrx_word' id='word_1_643' title='bbox 1248 4790 1438 4846; x_wconf 89' lang='lat' dir='ltr'><strong>dicens</strong></span> <span class='ocrx_word' id='word_1_644' title='bbox 1465 4810 1477 4844; x_wconf 87' lang='lat'><strong>:</strong></span> <span class='ocrx_word' id='word_1_645' title='bbox 1505 4811 1524 4842; x_wconf 78' lang='grc' dir='ltr'><strong>ι</strong></span> <span class='ocrx_word' id='word_1_646' title='bbox 1551 4791 1706 4859; x_wconf 85' lang='lat' dir='ltr'><strong>Quod</strong></span> <span class='ocrx_word' id='word_1_647' title='bbox 1729 4793 1776 4847; x_wconf 88' lang='lat' dir='ltr'><strong>si</strong></span> <span class='ocrx_word' id='word_1_648' title='bbox 1793 4793 2000 4848; x_wconf 92' lang='lat' dir='ltr'><strong>donum</strong></span> 
     </span>
    </p>
   </div>
   <div class='ocr_carea' id='block_1_83' title="bbox 423 4874 1997 4954">
    <p class='ocr_par' dir='ltr' id='par_1_83' title="bbox 423 4874 1997 4954">
     <span class='ocr_line' id='line_1_83' title="bbox 423 4874 1997 4954; baseline 0.007 -24"><span class='ocrx_word' id='word_1_649' title='bbox 423 4875 543 4943; x_wconf 88' lang='lat' dir='ltr'><strong>ejus</strong></span> <span class='ocrx_word' id='word_1_650' title='bbox 568 4874 739 4931; x_wconf 83' lang='lat' dir='ltr'><strong>fuerit</strong></span> <span class='ocrx_word' id='word_1_651' title='bbox 770 4877 998 4933; x_wconf 91' lang='lat' dir='ltr'><strong>Domino</strong></span> <span class='ocrx_word' id='word_1_652' title='bbox 1050 4879 1228 4936; x_wconf 90' lang='lat' dir='ltr'><strong>hostia</strong></span> <span class='ocrx_word' id='word_1_653' title='bbox 1271 4883 1568 4937; x_wconf 87' lang='lat' dir='ltr'><strong>salutaris:</strong></span> <span class='ocrx_word' id='word_1_654' title='bbox 1614 4883 1882 4954; x_wconf 85' lang='lat' dir='ltr'><strong>siquidem</strong></span> <span class='ocrx_word' id='word_1_655' title='bbox 1930 4901 1997 4941; x_wconf 78' lang='lat' dir='ltr'><strong>ex</strong></span> 
     </span>
    </p>
   </div>
   <div class='ocr_carea' id='block_1_84' title="bbox 423 4966 1997 5039">
    <p class='ocr_par' dir='ltr' id='par_1_84' title="bbox 423 4966 1997 5039">
     <span class='ocr_line' id='line_1_84' title="bbox 423 4966 1997 5039; baseline 0.008 -19"><span class='ocrx_word' id='word_1_656' title='bbox 423 4966 603 5026; x_wconf 81' lang='lat' dir='ltr'><strong>bobus</strong></span> <span class='ocrx_word' id='word_1_657' title='bbox 623 4969 723 5039; x_wconf 90' lang='lat' dir='ltr'><strong>ipsi</strong></span> <span class='ocrx_word' id='word_1_658' title='bbox 756 4970 1019 5027; x_wconf 80' lang='lat' dir='ltr'><strong>obtulerit</strong></span> <span class='ocrx_word' id='word_1_659' title='bbox 1041 4989 1183 5039; x_wconf 89' lang='lat' dir='ltr'><strong>eam,</strong></span> <span class='ocrx_word' id='word_1_660' title='bbox 1208 4975 1322 5030; x_wconf 87' lang='lat' dir='ltr'><strong>sive</strong></span> <span class='ocrx_word' id='word_1_661' title='bbox 1357 4977 1660 5031; x_wconf 90' lang='lat' dir='ltr'><strong>masculum</strong></span> <span class='ocrx_word' id='word_1_662' title='bbox 1692 4977 1806 5032; x_wconf 89' lang='lat' dir='ltr'><strong>sive</strong></span> <span class='ocrx_word' id='word_1_663' title='bbox 1836 4977 1997 5032; x_wconf 80' lang='lat' dir='ltr'><strong>femi-</strong></span> 
     </span>
    </p>
   </div>
   <div class='ocr_carea' id='block_1_85' title="bbox 424 5061 1995 5138">
    <p class='ocr_par' dir='ltr' id='par_1_85' title="bbox 424 5061 1995 5138">
     <span class='ocr_line' id='line_1_85' title="bbox 424 5061 1995 5138; baseline 0.009 -25"><span class='ocrx_word' id='word_1_664' title='bbox 424 5076 572 5126; x_wconf 89' lang='lat' dir='ltr'><strong>nam,</strong></span> <span class='ocrx_word' id='word_1_665' title='bbox 601 5061 1010 5119; x_wconf 86' lang='lat' dir='ltr'><strong>immaculatum</strong></span> <span class='ocrx_word' id='word_1_666' title='bbox 1047 5065 1282 5138; x_wconf 87' lang='lat' dir='ltr'><strong>adducet</strong></span> <span class='ocrx_word' id='word_1_667' title='bbox 1317 5068 1494 5138; x_wconf 88' lang='lat' dir='ltr'><strong>ipsum</strong></span> <span class='ocrx_word' id='word_1_668' title='bbox 1534 5084 1715 5123; x_wconf 91' lang='lat' dir='ltr'><strong>coram</strong></span> <span class='ocrx_word' id='word_1_669' title='bbox 1744 5071 1995 5136; x_wconf 91' lang='lat' dir='ltr'><strong>Domino,</strong></span> 
     </span>
    </p>
   </div>
   <div class='ocr_carea' id='block_1_86' title="bbox 421 5155 1999 5228">
    <p class='ocr_par' dir='ltr' id='par_1_86' title="bbox 421 5155 1999 5228">
     <span class='ocr_line' id='line_1_86' title="bbox 421 5155 1999 5228; baseline 0.005 -20"><span class='ocrx_word' id='word_1_670' title='bbox 421 5163 478 5208; x_wconf 87' lang='lat' dir='ltr'><strong>et</strong></span> <span class='ocrx_word' id='word_1_671' title='bbox 527 5155 771 5224; x_wconf 88' lang='lat' dir='ltr'><strong>imponet</strong></span> <span class='ocrx_word' id='word_1_672' title='bbox 820 5173 1015 5213; x_wconf 90' lang='lat' dir='ltr'><strong>manus</strong></span> <span class='ocrx_word' id='word_1_673' title='bbox 1045 5173 1170 5214; x_wconf 92' lang='lat' dir='ltr'><strong>suas</strong></span> <span class='ocrx_word' id='word_1_674' title='bbox 1216 5174 1384 5227; x_wconf 91' lang='lat' dir='ltr'><strong>super</strong></span> <span class='ocrx_word' id='word_1_675' title='bbox 1415 5168 1581 5228; x_wconf 89' lang='lat' dir='ltr'><strong>caput</strong></span> <span class='ocrx_word' id='word_1_676' title='bbox 1633 5163 1900 5227; x_wconf 89' lang='lat' dir='ltr'><strong>muneris,</strong></span> <span class='ocrx_word' id='word_1_677' title='bbox 1943 5171 1999 5218; x_wconf 91' lang='lat' dir='ltr'><strong>et</strong></span> 
     </span>
    </p>
   </div>
   <div class='ocr_carea' id='block_1_87' title="bbox 425 5247 1999 5318">
    <p class='ocr_par' dir='ltr' id='par_1_87' title="bbox 425 5247 1999 5318">
     <span class='ocr_line' id='line_1_87' title="bbox 425 5247 1999 5318; baseline 0.005 -18"><span class='ocrx_word' id='word_1_678' title='bbox 425 5247 685 5302; x_wconf 89' lang='lat' dir='ltr'><strong>mactabit</strong></span> <span class='ocrx_word' id='word_1_679' title='bbox 714 5248 888 5318; x_wconf 89' lang='lat' dir='ltr'><strong>ipsum</strong></span> <span class='ocrx_word' id='word_1_680' title='bbox 921 5251 987 5305; x_wconf 88' lang='lat' dir='ltr'><strong>ad</strong></span> <span class='ocrx_word' id='word_1_681' title='bbox 1012 5249 1158 5305; x_wconf 78' lang='lat' dir='ltr'><strong>fores</strong></span> <span class='ocrx_word' id='word_1_682' title='bbox 1193 5250 1533 5305; x_wconf 87' lang='lat' dir='ltr'><strong>tabernaculi</strong></span> <span class='ocrx_word' id='word_1_683' title='bbox 1572 5253 1896 5308; x_wconf 89' lang='lat' dir='ltr'><strong>testimonii.</strong></span> <span class='ocrx_word' id='word_1_684' title='bbox 1931 5255 1999 5308; x_wconf 88' lang='lat' dir='ltr'><strong>Et</strong></span> 
     </span>
    </p>
   </div>
   <div class='ocr_carea' id='block_1_88' title="bbox 425 5338 1997 5413">
    <p class='ocr_par' dir='ltr' id='par_1_88' title="bbox 425 5338 1997 5413">
     <span class='ocr_line' id='line_1_88' title="bbox 425 5338 1997 5413; baseline 0.004 -21"><span class='ocrx_word' id='word_1_685' title='bbox 425 5338 520 5393; x_wconf 82' lang='lat' dir='ltr'><strong>ﬁlii</strong></span> <span class='ocrx_word' id='word_1_686' title='bbox 550 5340 732 5395; x_wconf 85' lang='lat' dir='ltr'><strong>Aaron</strong></span> <span class='ocrx_word' id='word_1_687' title='bbox 760 5341 1075 5397; x_wconf 85' lang='lat' dir='ltr'><strong>sacerdotes</strong></span> <span class='ocrx_word' id='word_1_688' title='bbox 1089 5342 1374 5398; x_wconf 72' lang='lat' dir='ltr'><strong>effundent</strong></span> <span class='ocrx_word' id='word_1_689' title='bbox 1399 5343 1721 5413; x_wconf 83' lang='lat' dir='ltr'><strong>sanguinem</strong></span> <span class='ocrx_word' id='word_1_690' title='bbox 1756 5345 1808 5398; x_wconf 93' lang='lat' dir='ltr'><strong>in</strong></span> <span class='ocrx_word' id='word_1_691' title='bbox 1827 5346 1997 5400; x_wconf 90' lang='lat' dir='ltr'><strong>altare</strong></span> 
     </span>
    </p>
   </div>
   <div class='ocr_carea' id='block_1_89' title="bbox 422 5431 1995 5490">
    <p class='ocr_par' dir='ltr' id='par_1_89' title="bbox 422 5431 1995 5490">
     <span class='ocr_line' id='line_1_89' title="bbox 422 5431 1995 5490; baseline 0.004 -7"><span class='ocrx_word' id='word_1_692' title='bbox 422 5431 565 5486; x_wconf 80' lang='lat' dir='ltr'><strong>circa</strong></span> <span class='ocrx_word' id='word_1_693' title='bbox 591 5432 927 5489; x_wconf 87' lang='lat' dir='ltr'><strong>holocausta.</strong></span> <span class='ocrx_word' id='word_1_694' title='bbox 959 5434 1025 5489; x_wconf 87' lang='lat' dir='ltr'><strong>Et</strong></span> <span class='ocrx_word' id='word_1_695' title='bbox 1049 5434 1322 5489; x_wconf 87' lang='lat' dir='ltr'><strong>adducent</strong></span> <span class='ocrx_word' id='word_1_696' title='bbox 1359 5433 1690 5489; x_wconf 82' lang='lat' dir='ltr'><strong>oblationem</strong></span> <span class='ocrx_word' id='word_1_697' title='bbox 1732 5435 1800 5490; x_wconf 89' lang='lat' dir='ltr'><strong>de</strong></span> <span class='ocrx_word' id='word_1_698' title='bbox 1831 5437 1995 5490; x_wconf 79' lang='lat' dir='ltr'><strong>sacri-</strong></span> 
     </span>
    </p>
   </div>
   <div class='ocr_carea' id='block_1_90' title="bbox 508 5643 3081 5714">
    <p class='ocr_par' dir='ltr' id='par_1_90' title="bbox 508 5643 3081 5714">
     <span class='ocr_line' id='line_1_90' title="bbox 508 5643 3081 5714; baseline 0.001 -16"><span class='ocrx_word' id='word_1_699' title='bbox 508 5643 667 5699; x_wconf 81' lang='lat' dir='ltr'><strong>‘Osce</strong></span> <span class='ocrx_word' id='word_1_700' title='bbox 717 5667 827 5706; x_wconf 77' lang='lat' dir='ltr'><strong>xm.</strong></span> <span class='ocrx_word' id='word_1_701' title='bbox 878 5651 935 5705; x_wconf 68' lang='lat' dir='ltr'><em>l6</em></span> <span class='ocrx_word' id='word_1_702' title='bbox 962 5669 974 5714; x_wconf 86' lang='lat'><strong>;</strong></span> <span class='ocrx_word' id='word_1_703' title='bbox 1004 5652 1170 5707; x_wconf 85' lang='lat' dir='ltr'><strong>lCor.</strong></span> <span class='ocrx_word' id='word_1_704' title='bbox 1204 5670 1286 5713; x_wconf 65' lang='lat' dir='ltr'><strong>xv,</strong></span> <span class='ocrx_word' id='word_1_705' title='bbox 1312 5656 1397 5710; x_wconf 65' lang='lat' dir='ltr'><strong>Si.</strong></span> <span class='ocrx_word' id='word_1_706' title='bbox 1467 5655 1485 5684; x_wconf 86' lang='lat'><strong>&#39;</strong></span> <span class='ocrx_word' id='word_1_707' title='bbox 1514 5653 1680 5714; x_wconf 84' lang='lat' dir='ltr'><strong>Apoc.</strong></span> <span class='ocrx_word' id='word_1_708' title='bbox 1706 5666 1799 5706; x_wconf 83' lang='lat' dir='ltr'><strong>vn,</strong></span> <span class='ocrx_word' id='word_1_709' title='bbox 1839 5648 1918 5701; x_wconf 87' lang='lat' dir='ltr'><strong>l7.</strong></span> <span class='ocrx_word' id='word_1_710' title='bbox 2001 5649 2019 5679; x_wconf 75' lang='grc'>⁸</span> <span class='ocrx_word' id='word_1_711' title='bbox 2059 5650 2216 5703; x_wconf 76' lang='lat' dir='ltr'><strong>Rom.</strong></span> <span class='ocrx_word' id='word_1_712' title='bbox 2265 5665 2376 5709; x_wconf 76' lang='lat' dir='ltr'><strong>vin,</strong></span> <span class='ocrx_word' id='word_1_713' title='bbox 2412 5648 2499 5702; x_wconf 68' lang='lat' dir='ltr'><strong>‘il.</strong></span> <span class='ocrx_word' id='word_1_714' title='bbox 2575 5650 2592 5679; x_wconf 84' lang='lat'><em>&quot;</em></span> <span class='ocrx_word' id='word_1_715' title='bbox 2629 5647 2767 5706; x_wconf 85' lang='lat' dir='ltr'><strong>Psal.</strong></span> <span class='ocrx_word' id='word_1_716' title='bbox 2802 5663 2946 5713; x_wconf 78' lang='lat' dir='ltr'><strong>xm,</strong></span> <span class='ocrx_word' id='word_1_717' title='bbox 2997 5646 3081 5700; x_wconf 69' lang='grc'><strong>12.</strong></span> 
     </span>
    </p>
   </div>
   <div class='ocr_carea' id='block_1_91' title="bbox 1482 5718 2440 5783">
    <p class='ocr_par' dir='ltr' id='par_1_91' title="bbox 1482 5718 2440 5783">
     <span class='ocr_line' id='line_1_91' title="bbox 1482 5718 2440 5783; baseline -0.005 -7"><span class='ocrx_word' id='word_1_718' title='bbox 1482 5726 1516 5753; x_wconf 86' lang='grc'><strong>¹¹</strong></span> <span class='ocrx_word' id='word_1_719' title='bbox 1550 5718 1689 5776; x_wconf 77' lang='lat' dir='ltr'><strong>l’sal.</strong></span> <span class='ocrx_word' id='word_1_720' title='bbox 1735 5735 1878 5783; x_wconf 82' lang='lat' dir='ltr'><strong>cxm,</strong></span> <span class='ocrx_word' id='word_1_721' title='bbox 1928 5719 2010 5772; x_wconf 73' lang='lat' dir='ltr'><strong>i5.</strong></span> <span class='ocrx_word' id='word_1_722' title='bbox 2091 5722 2139 5753; x_wconf 75' lang='lat'><strong>”-</strong></span> <span class='ocrx_word' id='word_1_723' title='bbox 2174 5718 2310 5773; x_wconf 83' lang='lat' dir='ltr'><strong>lbid.</strong></span> <span class='ocrx_word' id='word_1_724' title='bbox 2359 5719 2440 5773; x_wconf 74' lang='lat' dir='ltr'><strong>l5.</strong></span> 
     </span>
    </p>
   </div>
   <div class='ocr_carea' id='block_1_92' title="bbox 428 5703 1400 5787">
    <p class='ocr_par' dir='ltr' id='par_1_92' title="bbox 428 5703 1400 5787">
     <span class='ocr_line' id='line_1_92' title="bbox 428 5703 1400 5787; baseline 0.01 -19"><span class='ocrx_word' id='word_1_725' title='bbox 428 5703 448 5734; x_wconf 74' lang='grc'>⁹</span> <span class='ocrx_word' id='word_1_726' title='bbox 483 5714 657 5775; x_wconf 74' lang='lat' dir='ltr'><strong>Levit.</strong></span> <span class='ocrx_word' id='word_1_727' title='bbox 707 5735 765 5781; x_wconf 79' lang='grc' dir='ltr'><strong>ιι,</strong></span> <span class='ocrx_word' id='word_1_728' title='bbox 818 5703 929 5774; x_wconf 46' lang='grc' dir='ltr'><strong>ίὸί</strong></span> <span class='ocrx_word' id='word_1_729' title='bbox 964 5703 1023 5753; x_wconf 65' lang='grc' dir='ltr'>’ίδ</span> 
     </span>
    </p>
   </div>
   <div class='ocr_carea' id='block_1_93' title="bbox 2103 3135 3696 3215">
    <p class='ocr_par' dir='ltr' id='par_1_93' title="bbox 2103 3135 3696 3215">
     <span class='ocr_line' id='line_1_93' title="bbox 2103 3135 3696 3215; baseline -0.004 -20"><span class='ocrx_word' id='word_1_730' title='bbox 2103 3144 2325 3212; x_wconf 76' lang='grc' dir='ltr'>γέγονεν</span> <span class='ocrx_word' id='word_1_731' title='bbox 2373 3142 2512 3213; x_wconf 77' lang='grc' dir='ltr'>ὑπὲρ</span> <span class='ocrx_word' id='word_1_732' title='bbox 2540 3145 2572 3215; x_wconf 77' lang='grc' dir='ltr'>ἡ</span> <span class='ocrx_word' id='word_1_733' title='bbox 2584 3142 2700 3212; x_wconf 85' lang='grc' dir='ltr'><strong>μῶν</strong></span> <span class='ocrx_word' id='word_1_734' title='bbox 2727 3141 2907 3207; x_wconf 83' lang='grc' dir='ltr'>θυσία,</span> <span class='ocrx_word' id='word_1_735' title='bbox 2941 3139 3036 3192; x_wconf 73' lang='grc' dir='ltr'>καὶ</span> <span class='ocrx_word' id='word_1_736' title='bbox 3069 3139 3204 3192; x_wconf 81' lang='grc' dir='ltr'>νέων</span> <span class='ocrx_word' id='word_1_737' title='bbox 3240 3136 3426 3206; x_wconf 82' lang='grc' dir='ltr'>ὥσπερ</span> <span class='ocrx_word' id='word_1_738' title='bbox 3455 3135 3696 3206; x_wconf 82' lang='grc' dir='ltr'>καρπῶν</span> 
     </span>
    </p>
   </div>
   <div class='ocr_carea' id='block_1_94' title="bbox 2101 3225 3696 3304">
    <p class='ocr_par' dir='ltr' id='par_1_94' title="bbox 2101 3225 3696 3304">
     <span class='ocr_line' id='line_1_94' title="bbox 2101 3225 3696 3304; baseline -0.006 -16"><span class='ocrx_word' id='word_1_739' title='bbox 2101 3233 2343 3304; x_wconf 80' lang='grc' dir='ltr'>ἀπαρχὴ,</span> <span class='ocrx_word' id='word_1_740' title='bbox 2368 3235 2464 3289; x_wconf 67' lang='grc' dir='ltr'><strong>καὶ</strong></span> <span class='ocrx_word' id='word_1_741' title='bbox 2486 3235 2562 3297; x_wconf 87' lang='grc' dir='ltr'>ὼς</span> <span class='ocrx_word' id='word_1_742' title='bbox 2612 3235 2670 3286; x_wconf 80' lang='grc' dir='ltr'>ἐν</span> <span class='ocrx_word' id='word_1_743' title='bbox 2711 3234 2841 3287; x_wconf 85' lang='grc' dir='ltr'>εῖδει</span> <span class='ocrx_word' id='word_1_744' title='bbox 2872 3231 3058 3296; x_wconf 68' lang='grc' dir='ltr'>παντὶ,</span> <span class='ocrx_word' id='word_1_745' title='bbox 3099 3231 3231 3300; x_wconf 82' lang='grc' dir='ltr'>σίτῳ</span> <span class='ocrx_word' id='word_1_746' title='bbox 3265 3245 3347 3292; x_wconf 87' lang='grc' dir='ltr'><strong>τε,</strong></span> <span class='ocrx_word' id='word_1_747' title='bbox 3393 3225 3558 3298; x_wconf 76' lang='grc' dir='ltr'>φημὶ,</span> <span class='ocrx_word' id='word_1_748' title='bbox 3591 3226 3696 3285; x_wconf 79' lang='grc' dir='ltr'>καὶ</span> 
     </span>
    </p>
   </div>
   <div class='ocr_carea' id='block_1_95' title="bbox 2101 3315 3696 3397">
    <p class='ocr_par' dir='ltr' id='par_1_95' title="bbox 2101 3315 3696 3397">
     <span class='ocr_line' id='line_1_95' title="bbox 2101 3315 3696 3397; baseline -0.008 -17"><span class='ocrx_word' id='word_1_749' title='bbox 2101 3328 2366 3397; x_wconf 76' lang='grc' dir='ltr'>ὀσπρίοις.</span> <span class='ocrx_word' id='word_1_750' title='bbox 2428 3325 2692 3378; x_wconf 80' lang='grc' dir='ltr'>Ἀπέθανε</span> <span class='ocrx_word' id='word_1_751' title='bbox 2740 3324 2849 3394; x_wconf 85' lang='grc' dir='ltr'><strong>γὰρ</strong></span> <span class='ocrx_word' id='word_1_752' title='bbox 2901 3323 3042 3392; x_wconf 79' lang='grc' dir='ltr'>ὑπὲρ</span> <span class='ocrx_word' id='word_1_753' title='bbox 3077 3321 3294 3374; x_wconf 89' lang='grc' dir='ltr'>πάντων</span> <span class='ocrx_word' id='word_1_754' title='bbox 3339 3317 3550 3390; x_wconf 83' lang='grc' dir='ltr'>μικρῶν</span> <span class='ocrx_word' id='word_1_755' title='bbox 3591 3315 3696 3369; x_wconf 79' lang='grc' dir='ltr'>καὶ</span> 
     </span>
    </p>
   </div>
   <div class='ocr_carea' id='block_1_96' title="bbox 2105 3408 3692 3488">
    <p class='ocr_par' dir='ltr' id='par_1_96' title="bbox 2105 3408 3692 3488">
     <span class='ocr_line' id='line_1_96' title="bbox 2105 3408 3692 3488; baseline -0.006 -18"><span class='ocrx_word' id='word_1_756' title='bbox 2105 3417 2373 3488; x_wconf 80' lang='grc' dir='ltr'>μεγάλων,</span> <span class='ocrx_word' id='word_1_757' title='bbox 2403 3416 2572 3470; x_wconf 78' lang='grc' dir='ltr'>ἐθνῶν</span> <span class='ocrx_word' id='word_1_758' title='bbox 2596 3433 2653 3469; x_wconf 89' lang='grc' dir='ltr'><strong>τε</strong></span> <span class='ocrx_word' id='word_1_759' title='bbox 2685 3416 2780 3469; x_wconf 73' lang='grc' dir='ltr'>καὶ</span> <span class='ocrx_word' id='word_1_760' title='bbox 2823 3413 3108 3467; x_wconf 81' lang='grc' dir='ltr'>Ἰουδαίων.</span> <span class='ocrx_word' id='word_1_761' title='bbox 3138 3411 3445 3481; x_wconf 81' lang='grc' dir='ltr'>Γεγόναμεν</span> <span class='ocrx_word' id='word_1_762' title='bbox 3475 3408 3584 3480; x_wconf 81' lang='grc' dir='ltr'><strong>γάρ</strong></span> <span class='ocrx_word' id='word_1_763' title='bbox 3614 3408 3692 3462; x_wconf 82' lang='grc' dir='ltr'>δι’</span> 
     </span>
    </p>
   </div>
   <div class='ocr_carea' id='block_1_97' title="bbox 2101 3501 3690 3578">
    <p class='ocr_par' dir='ltr' id='par_1_97' title="bbox 2101 3501 3690 3578">
     <span class='ocr_line' id='line_1_97' title="bbox 2101 3501 3690 3578; baseline -0.004 -16"><span class='ocrx_word' id='word_1_764' title='bbox 2101 3509 2265 3563; x_wconf 75' lang='grc' dir='ltr'>αὐτοῦ</span> <span class='ocrx_word' id='word_1_765' title='bbox 2310 3510 2406 3563; x_wconf 72' lang='grc' dir='ltr'><strong>καὶ</strong></span> <span class='ocrx_word' id='word_1_766' title='bbox 2446 3511 2502 3562; x_wconf 82' lang='grc' dir='ltr'>ὲν</span> <span class='ocrx_word' id='word_1_767' title='bbox 2547 3507 2694 3578; x_wconf 82' lang='grc' dir='ltr'><strong>αὑτῷ</strong></span> <span class='ocrx_word' id='word_1_768' title='bbox 2739 3505 3080 3577; x_wconf 86' lang='grc' dir='ltr'>μνημόσυνον</span> <span class='ocrx_word' id='word_1_769' title='bbox 3105 3503 3180 3574; x_wconf 79' lang='grc' dir='ltr'>τῷ</span> <span class='ocrx_word' id='word_1_770' title='bbox 3209 3503 3328 3573; x_wconf 78' lang='grc' dir='ltr'>Θεῷ</span> <span class='ocrx_word' id='word_1_771' title='bbox 3357 3502 3451 3554; x_wconf 69' lang='grc' dir='ltr'><strong>καὶ</strong></span> <span class='ocrx_word' id='word_1_772' title='bbox 3483 3501 3690 3572; x_wconf 77' lang='grc' dir='ltr'>Πατρί.</span> 
     </span>
    </p>
   </div>
   <div class='ocr_carea' id='block_1_98' title="bbox 2101 3595 3693 3672">
    <p class='ocr_par' dir='ltr' id='par_1_98' title="bbox 2101 3595 3693 3672">
     <span class='ocr_line' id='line_1_98' title="bbox 2101 3595 3693 3672; baseline -0.005 -16"><span class='ocrx_word' id='word_1_773' title='bbox 2101 3602 2198 3656; x_wconf 87' lang='grc' dir='ltr'><strong>Διὰ</strong></span> <span class='ocrx_word' id='word_1_774' title='bbox 2222 3601 2378 3656; x_wconf 74' lang='grc' dir='ltr'>τοῦτό</span> <span class='ocrx_word' id='word_1_775' title='bbox 2401 3619 2535 3672; x_wconf 79' lang='grc' dir='ltr'>φησι</span> <span class='ocrx_word' id='word_1_776' title='bbox 2563 3601 2623 3653; x_wconf 77' lang='grc' dir='ltr'>τὺ</span> <span class='ocrx_word' id='word_1_777' title='bbox 2647 3601 2886 3671; x_wconf 86' lang='grc' dir='ltr'>Γράμμα</span> <span class='ocrx_word' id='word_1_778' title='bbox 2905 3599 2966 3651; x_wconf 82' lang='grc' dir='ltr'><strong>τὸ</strong></span> <span class='ocrx_word' id='word_1_779' title='bbox 2997 3595 3219 3668; x_wconf 84' lang='grc' dir='ltr'>νομικόν</span> <span class='ocrx_word' id='word_1_780' title='bbox 3238 3613 3252 3626; x_wconf 76' lang='grc'><strong><em>⁸</em></strong></span> <span class='ocrx_word' id='word_1_781' title='bbox 3289 3615 3307 3647; x_wconf 76' lang='grc' dir='ltr'><strong>ι</strong></span> <span class='ocrx_word' id='word_1_782' title='bbox 3341 3595 3452 3648; x_wconf 78' lang='grc' dir='ltr'>Καὶ</span> <span class='ocrx_word' id='word_1_783' title='bbox 3482 3595 3693 3648; x_wconf 75' lang='grc' dir='ltr'>ἀνοίσει</span> 
     </span>
    </p>
   </div>
   <div class='ocr_carea' id='block_1_99' title="bbox 2099 3689 3696 3767">
    <p class='ocr_par' dir='ltr' id='par_1_99' title="bbox 2099 3689 3696 3767">
     <span class='ocr_line' id='line_1_99' title="bbox 2099 3689 3696 3767; baseline -0.003 -18"><span class='ocrx_word' id='word_1_784' title='bbox 2099 3697 2128 3749; x_wconf 86' lang='grc' dir='ltr'>ὁ</span> <span class='ocrx_word' id='word_1_785' title='bbox 2157 3697 2336 3767; x_wconf 71' lang='grc' dir='ltr'>ἱερεὺς</span> <span class='ocrx_word' id='word_1_786' title='bbox 2377 3695 2436 3749; x_wconf 82' lang='grc' dir='ltr'><strong>τὸ</strong></span> <span class='ocrx_word' id='word_1_787' title='bbox 2467 3695 2806 3766; x_wconf 85' lang='grc' dir='ltr'>μνημόσυνον</span> <span class='ocrx_word' id='word_1_788' title='bbox 2841 3694 3012 3763; x_wconf 75' lang='grc' dir='ltr'>αὐτῆς</span> <span class='ocrx_word' id='word_1_789' title='bbox 3045 3692 3154 3745; x_wconf 73' lang='grc' dir='ltr'>ἀπὸ</span> <span class='ocrx_word' id='word_1_790' title='bbox 3203 3690 3313 3744; x_wconf 87' lang='grc' dir='ltr'><strong>τῶν</strong></span> <span class='ocrx_word' id='word_1_791' title='bbox 3359 3689 3556 3761; x_wconf 80' lang='grc' dir='ltr'>χίδρων</span> <span class='ocrx_word' id='word_1_792' title='bbox 3590 3689 3696 3744; x_wconf 70' lang='grc' dir='ltr'><strong>συν</strong></span> 
     </span>
    </p>
   </div>
   <div class='ocr_carea' id='block_1_100' title="bbox 2099 3783 3696 3857">
    <p class='ocr_par' dir='ltr' id='par_1_100' title="bbox 2099 3783 3696 3857">
     <span class='ocr_line' id='line_1_100' title="bbox 2099 3783 3696 3857; baseline -0.003 -17"><span class='ocrx_word' id='word_1_793' title='bbox 2099 3787 2175 3857; x_wconf 76' lang='grc' dir='ltr'>τῷ</span> <span class='ocrx_word' id='word_1_794' title='bbox 2205 3787 2387 3856; x_wconf 75' lang='grc' dir='ltr'>ἐλαίῳ,</span> <span class='ocrx_word' id='word_1_795' title='bbox 2417 3787 2510 3839; x_wconf 73' lang='grc' dir='ltr'><strong>καὶ</strong></span> <span class='ocrx_word' id='word_1_796' title='bbox 2557 3787 2733 3838; x_wconf 83' lang='grc' dir='ltr'>πάντα</span> <span class='ocrx_word' id='word_1_797' title='bbox 2764 3785 2854 3838; x_wconf 77' lang='grc' dir='ltr'>τὸν</span> <span class='ocrx_word' id='word_1_798' title='bbox 2886 3784 3105 3838; x_wconf 85' lang='grc' dir='ltr'>λίϐανον</span> <span class='ocrx_word' id='word_1_799' title='bbox 3142 3783 3332 3853; x_wconf 78' lang='grc' dir='ltr'>αὐτῆς.</span> <span class='ocrx_word' id='word_1_800' title='bbox 3387 3783 3696 3851; x_wconf 80' lang='grc' dir='ltr'>Κάρπωμα</span> 
     </span>
    </p>
   </div>
   <div class='ocr_carea' id='block_1_101' title="bbox 2099 3872 3696 3949">
    <p class='ocr_par' dir='ltr' id='par_1_101' title="bbox 2099 3872 3696 3949">
     <span class='ocr_line' id='line_1_101' title="bbox 2099 3872 3696 3949; baseline -0.003 -17"><span class='ocrx_word' id='word_1_801' title='bbox 2099 3879 2206 3949; x_wconf 85' lang='grc' dir='ltr'><strong>γάρ</strong></span> <span class='ocrx_word' id='word_1_802' title='bbox 2233 3881 2346 3932; x_wconf 78' lang='grc' dir='ltr'>ἐστι</span> <span class='ocrx_word' id='word_1_803' title='bbox 2390 3878 2465 3948; x_wconf 78' lang='grc' dir='ltr'><strong>τῷ</strong></span> <span class='ocrx_word' id='word_1_804' title='bbox 2487 3877 2726 3949; x_wconf 80' lang='grc' dir='ltr'>Κυρίῳ.»</span> <span class='ocrx_word' id='word_1_805' title='bbox 2752 3874 3315 3949; x_wconf 77' lang='grc' dir='ltr'>Προ[σ]κεκρουκότες</span> <span class='ocrx_word' id='word_1_806' title='bbox 3349 3872 3448 3944; x_wconf 77' lang='grc' dir='ltr'>μὲν</span> <span class='ocrx_word' id='word_1_807' title='bbox 3470 3872 3579 3945; x_wconf 78' lang='grc' dir='ltr'><strong>γὰρ</strong></span> <span class='ocrx_word' id='word_1_808' title='bbox 3601 3873 3696 3927; x_wconf 71' lang='grc' dir='ltr'>διὰ</span> 
     </span>
    </p>
   </div>
   <div class='ocr_carea' id='block_1_102' title="bbox 2100 3965 3697 4040">
    <p class='ocr_par' dir='ltr' id='par_1_102' title="bbox 2100 3965 3697 4040">
     <span class='ocr_line' id='line_1_102' title="bbox 2100 3965 3697 4040; baseline -0.006 -16"><span class='ocrx_word' id='word_1_809' title='bbox 2100 3970 2310 4024; x_wconf 88' lang='grc' dir='ltr'>πολλῶν</span> <span class='ocrx_word' id='word_1_810' title='bbox 2329 3969 2635 4040; x_wconf 85' lang='grc' dir='ltr'>ἁμαρτιῶν,</span> <span class='ocrx_word' id='word_1_811' title='bbox 2663 3970 2944 4040; x_wconf 77' lang='grc' dir='ltr'>μονονουχὶ</span> <span class='ocrx_word' id='word_1_812' title='bbox 2970 3969 3065 4022; x_wconf 77' lang='grc' dir='ltr'><strong>καὶ</strong></span> <span class='ocrx_word' id='word_1_813' title='bbox 3086 3967 3145 4032; x_wconf 78' lang='grc' dir='ltr'>ἐξ</span> <span class='ocrx_word' id='word_1_814' title='bbox 3164 3965 3430 4038; x_wconf 81' lang='grc' dir='ltr'>ὀμμάτων</span> <span class='ocrx_word' id='word_1_815' title='bbox 3459 3965 3697 4034; x_wconf 69' lang='grc' dir='ltr'>γεγενήο</span> 
     </span>
    </p>
   </div>
   <div class='ocr_carea' id='block_1_103' title="bbox 2102 4055 3694 4134">
    <p class='ocr_par' dir='ltr' id='par_1_103' title="bbox 2102 4055 3694 4134">
     <span class='ocr_line' id='line_1_103' title="bbox 2102 4055 3694 4134; baseline -0.004 -19"><span class='ocrx_word' id='word_1_816' title='bbox 2102 4062 2241 4134; x_wconf 85' lang='grc' dir='ltr'>μεθα</span> <span class='ocrx_word' id='word_1_817' title='bbox 2281 4061 2374 4115; x_wconf 83' lang='grc' dir='ltr'>τοῦ</span> <span class='ocrx_word' id='word_1_818' title='bbox 2427 4062 2666 4132; x_wconf 85' lang='grc' dir='ltr'>Πατρός.</span> <span class='ocrx_word' id='word_1_819' title='bbox 2725 4059 2946 4130; x_wconf 81' lang='grc' dir='ltr'>Ἐπειδὴ</span> <span class='ocrx_word' id='word_1_820' title='bbox 2991 4058 3050 4112; x_wconf 84' lang='grc' dir='ltr'>δὲ</span> <span class='ocrx_word' id='word_1_821' title='bbox 3098 4059 3323 4128; x_wconf 80' lang='grc' dir='ltr'>γέγονεν</span> <span class='ocrx_word' id='word_1_822' title='bbox 3357 4056 3496 4129; x_wconf 81' lang='grc' dir='ltr'>ὑπὲρ</span> <span class='ocrx_word' id='word_1_823' title='bbox 3528 4055 3694 4126; x_wconf 79' lang='grc' dir='ltr'>ἡμῶν</span> 
     </span>
    </p>
   </div>
   <div class='ocr_carea' id='block_1_104' title="bbox 2099 4147 3691 4224">
    <p class='ocr_par' dir='ltr' id='par_1_104' title="bbox 2099 4147 3691 4224">
     <span class='ocr_line' id='line_1_104' title="bbox 2099 4147 3691 4224; baseline -0.004 -17"><span class='ocrx_word' id='word_1_824' title='bbox 2099 4154 2255 4208; x_wconf 83' lang='grc' dir='ltr'>θυσία</span> <span class='ocrx_word' id='word_1_825' title='bbox 2280 4152 2534 4224; x_wconf 77' lang='grc' dir='ltr'>Χριστὸς,</span> <span class='ocrx_word' id='word_1_826' title='bbox 2559 4151 2805 4224; x_wconf 77' lang='grc' dir='ltr'>ἐμνήσθη</span> <span class='ocrx_word' id='word_1_827' title='bbox 2838 4151 3018 4222; x_wconf 74' lang='grc' dir='ltr'>ἡμῶν,</span> <span class='ocrx_word' id='word_1_828' title='bbox 3048 4151 3144 4204; x_wconf 79' lang='grc' dir='ltr'>καὶ</span> <span class='ocrx_word' id='word_1_829' title='bbox 3165 4149 3470 4218; x_wconf 77' lang='grc' dir='ltr'>ηὑλόγησεν</span> <span class='ocrx_word' id='word_1_830' title='bbox 3503 4147 3691 4218; x_wconf 73' lang='grc' dir='ltr'>ἡμᾶς’</span> 
     </span>
    </p>
   </div>
   <div class='ocr_carea' id='block_1_105' title="bbox 2105 4239 3694 4315">
    <p class='ocr_par' dir='ltr' id='par_1_105' title="bbox 2105 4239 3694 4315">
     <span class='ocr_line' id='line_1_105' title="bbox 2105 4239 3694 4315; baseline -0.005 -15"><span class='ocrx_word' id='word_1_831' title='bbox 2105 4268 2122 4300; x_wconf 79' lang='grc' dir='ltr'><strong>ι</strong></span> <span class='ocrx_word' id='word_1_832' title='bbox 2163 4247 2444 4315; x_wconf 80' lang='grc' dir='ltr'>Ηύλόγησε</span> <span class='ocrx_word' id='word_1_833' title='bbox 2480 4247 2608 4309; x_wconf 66' lang='grc' dir='ltr'>τοὺς</span> <span class='ocrx_word' id='word_1_834' title='bbox 2655 4245 3024 4315; x_wconf 80' lang='grc' dir='ltr'>φοϐουμένους</span> <span class='ocrx_word' id='word_1_835' title='bbox 3071 4242 3234 4296; x_wconf 78' lang='grc' dir='ltr'>αὐτὸν</span> <span class='ocrx_word' id='word_1_836' title='bbox 3280 4242 3410 4306; x_wconf 82' lang='grc' dir='ltr'>τοὺς</span> <span class='ocrx_word' id='word_1_837' title='bbox 3455 4239 3694 4312; x_wconf 77' lang='grc' dir='ltr'>μικροὺς</span> 
     </span>
    </p>
   </div>
   <div class='ocr_carea' id='block_1_106' title="bbox 2101 4328 3694 4408">
    <p class='ocr_par' dir='ltr' id='par_1_106' title="bbox 2101 4328 3694 4408">
     <span class='ocr_line' id='line_1_106' title="bbox 2101 4328 3694 4408; baseline -0.004 -17"><span class='ocrx_word' id='word_1_838' title='bbox 2101 4339 2237 4408; x_wconf 76' lang='grc' dir='ltr'>μετὰ</span> <span class='ocrx_word' id='word_1_839' title='bbox 2283 4338 2393 4390; x_wconf 87' lang='grc' dir='ltr'><strong>τῶν</strong></span> <span class='ocrx_word' id='word_1_840' title='bbox 2450 4337 2719 4408; x_wconf 85' lang='grc' dir='ltr'>μεγάλων.</span> <span class='ocrx_word' id='word_1_841' title='bbox 2762 4355 2780 4388; x_wconf 73' lang='grc' dir='ltr'><strong>ι</strong></span> <span class='ocrx_word' id='word_1_842' title='bbox 2839 4336 3130 4406; x_wconf 87' lang='grc' dir='ltr'>Τοιγάρτοι</span> <span class='ocrx_word' id='word_1_843' title='bbox 3187 4333 3282 4388; x_wconf 71' lang='grc' dir='ltr'>καὶ</span> <span class='ocrx_word' id='word_1_844' title='bbox 3329 4328 3694 4402; x_wconf 83' lang='grc' dir='ltr'>δεδιδάγμεθα</span> 
     </span>
    </p>
   </div>
   <div class='ocr_carea' id='block_1_107' title="bbox 2098 4423 3687 4499">
    <p class='ocr_par' dir='ltr' id='par_1_107' title="bbox 2098 4423 3687 4499">
     <span class='ocr_line' id='line_1_107' title="bbox 2098 4423 3687 4499; baseline -0.006 -17"><span class='ocrx_word' id='word_1_845' title='bbox 2098 4429 2319 4499; x_wconf 70' lang='grc' dir='ltr'>ψάλλειν</span> <span class='ocrx_word' id='word_1_846' title='bbox 2348 4429 2441 4482; x_wconf 71' lang='grc' dir='ltr'><strong>καὶ</strong></span> <span class='ocrx_word' id='word_1_847' title='bbox 2469 4429 2650 4496; x_wconf 81' lang='grc' dir='ltr'>λέγειν</span> <span class='ocrx_word' id='word_1_848' title='bbox 2671 4443 2684 4455; x_wconf 90' lang='grc'><strong>·</strong></span> <span class='ocrx_word' id='word_1_849' title='bbox 2727 4447 2744 4478; x_wconf 83' lang='grc' dir='ltr'><strong>ι</strong></span> <span class='ocrx_word' id='word_1_850' title='bbox 2784 4425 3154 4498; x_wconf 78' lang='grc' dir='ltr'>Εὑλογημένοι</span> <span class='ocrx_word' id='word_1_851' title='bbox 3185 4424 3263 4495; x_wconf 84' lang='grc' dir='ltr'><strong>τῷ</strong></span> <span class='ocrx_word' id='word_1_852' title='bbox 3290 4424 3480 4494; x_wconf 81' lang='grc' dir='ltr'>Κυρίῳ</span> <span class='ocrx_word' id='word_1_853' title='bbox 3502 4423 3687 4494; x_wconf 77' lang='grc' dir='ltr'>ἡμεῖς,</span> 
     </span>
    </p>
   </div>
   <div class='ocr_carea' id='block_1_108' title="bbox 2096 4514 3688 4592">
    <p class='ocr_par' dir='ltr' id='par_1_108' title="bbox 2096 4514 3688 4592">
     <span class='ocr_line' id='line_1_108' title="bbox 2096 4514 3688 4592; baseline -0.004 -18"><span class='ocrx_word' id='word_1_854' title='bbox 2096 4522 2173 4592; x_wconf 84' lang='grc' dir='ltr'><strong>τῷ</strong></span> <span class='ocrx_word' id='word_1_855' title='bbox 2219 4522 2501 4592; x_wconf 85' lang='grc' dir='ltr'>ποιήσαντι</span> <span class='ocrx_word' id='word_1_856' title='bbox 2544 4521 2634 4573; x_wconf 75' lang='grc' dir='ltr'><strong>τὸν</strong></span> <span class='ocrx_word' id='word_1_857' title='bbox 2685 4519 2910 4591; x_wconf 80' lang='grc' dir='ltr'>οὐρανὸν</span> <span class='ocrx_word' id='word_1_858' title='bbox 2945 4519 3039 4572; x_wconf 75' lang='grc' dir='ltr'>καὶ</span> <span class='ocrx_word' id='word_1_859' title='bbox 3068 4518 3169 4589; x_wconf 81' lang='grc' dir='ltr'>τὴν</span> <span class='ocrx_word' id='word_1_860' title='bbox 3196 4517 3320 4587; x_wconf 79' lang='grc' dir='ltr'>γῆν.</span> <span class='ocrx_word' id='word_1_861' title='bbox 3357 4537 3374 4567; x_wconf 76' lang='grc' dir='ltr'><strong>ι</strong></span> <span class='ocrx_word' id='word_1_862' title='bbox 3413 4516 3521 4570; x_wconf 70' lang='grc' dir='ltr'><strong>Καὶ</strong></span> <span class='ocrx_word' id='word_1_863' title='bbox 3561 4514 3688 4568; x_wconf 76' lang='grc' dir='ltr'>καθ’</span> 
     </span>
    </p>
   </div>
   <div class='ocr_carea' id='block_1_109' title="bbox 2096 4606 3691 4683">
    <p class='ocr_par' dir='ltr' id='par_1_109' title="bbox 2096 4606 3691 4683">
     <span class='ocr_line' id='line_1_109' title="bbox 2096 4606 3691 4683; baseline -0.004 -19"><span class='ocrx_word' id='word_1_864' title='bbox 2096 4614 2280 4683; x_wconf 72' lang='grc' dir='ltr'>ἕτερον</span> <span class='ocrx_word' id='word_1_865' title='bbox 2312 4613 2367 4665; x_wconf 83' lang='grc' dir='ltr'>δὲ</span> <span class='ocrx_word' id='word_1_866' title='bbox 2401 4611 2600 4682; x_wconf 86' lang='grc' dir='ltr'>τρόπον</span> <span class='ocrx_word' id='word_1_867' title='bbox 2637 4611 2735 4681; x_wconf 79' lang='grc' dir='ltr'>τὴν</span> <span class='ocrx_word' id='word_1_868' title='bbox 2768 4609 3006 4682; x_wconf 82' lang='grc' dir='ltr'>Χριστοῦ</span> <span class='ocrx_word' id='word_1_869' title='bbox 3047 4609 3238 4664; x_wconf 87' lang='grc' dir='ltr'>θυσίαν</span> <span class='ocrx_word' id='word_1_870' title='bbox 3284 4611 3417 4678; x_wconf 76' lang='grc' dir='ltr'>ἡμῖν</span> <span class='ocrx_word' id='word_1_871' title='bbox 3461 4608 3490 4659; x_wconf 87' lang='lat'><strong>6</strong></span> <span class='ocrx_word' id='word_1_872' title='bbox 3525 4606 3691 4676; x_wconf 83' lang='grc' dir='ltr'>νόμος</span> 
     </span>
    </p>
   </div>
   <div class='ocr_carea' id='block_1_110' title="bbox 2096 4699 3689 4776">
    <p class='ocr_par' dir='ltr' id='par_1_110' title="bbox 2096 4699 3689 4776">
     <span class='ocr_line' id='line_1_110' title="bbox 2096 4699 3689 4776; baseline -0.006 -18"><span class='ocrx_word' id='word_1_873' title='bbox 2096 4705 2367 4773; x_wconf 70' lang='grc' dir='ltr'>διασαφεῖ,</span> <span class='ocrx_word' id='word_1_874' title='bbox 2393 4703 2565 4773; x_wconf 86' lang='grc' dir='ltr'>λέγων</span> <span class='ocrx_word' id='word_1_875' title='bbox 2587 4721 2598 4734; x_wconf 80' lang='lat'><strong>-</strong></span> <span class='ocrx_word' id='word_1_876' title='bbox 2629 4722 2647 4754; x_wconf 83' lang='grc' dir='ltr'><strong>ι</strong></span> <span class='ocrx_word' id='word_1_877' title='bbox 2697 4703 2821 4757; x_wconf 83' lang='grc' dir='ltr'><strong>Ἐὰν</strong></span> <span class='ocrx_word' id='word_1_878' title='bbox 2847 4703 2902 4757; x_wconf 84' lang='grc' dir='ltr'>δὲ</span> <span class='ocrx_word' id='word_1_879' title='bbox 2923 4702 3083 4776; x_wconf 79' lang='grc' dir='ltr'>θυσία</span> <span class='ocrx_word' id='word_1_880' title='bbox 3111 4700 3404 4772; x_wconf 82' lang='grc' dir='ltr'>σωτηρίου,</span> <span class='ocrx_word' id='word_1_881' title='bbox 3432 4701 3494 4754; x_wconf 77' lang='grc' dir='ltr'><strong>τὸ</strong></span> <span class='ocrx_word' id='word_1_882' title='bbox 3514 4699 3689 4770; x_wconf 84' lang='grc' dir='ltr'>δῶρον</span> 
     </span>
    </p>
   </div>
   <div class='ocr_carea' id='block_1_111' title="bbox 2097 4792 3689 4868">
    <p class='ocr_par' dir='ltr' id='par_1_111' title="bbox 2097 4792 3689 4868">
     <span class='ocr_line' id='line_1_111' title="bbox 2097 4792 3689 4868; baseline -0.004 -16"><span class='ocrx_word' id='word_1_883' title='bbox 2097 4798 2262 4852; x_wconf 77' lang='grc' dir='ltr'>αὐτοῦ</span> <span class='ocrx_word' id='word_1_884' title='bbox 2309 4797 2388 4868; x_wconf 81' lang='grc' dir='ltr'>τῷ</span> <span class='ocrx_word' id='word_1_885' title='bbox 2421 4796 2639 4868; x_wconf 84' lang='grc' dir='ltr'>Κυρίῳ·</span> <span class='ocrx_word' id='word_1_886' title='bbox 2667 4797 2762 4850; x_wconf 80' lang='grc' dir='ltr'><strong>ἐὰν</strong></span> <span class='ocrx_word' id='word_1_887' title='bbox 2803 4796 2902 4867; x_wconf 82' lang='grc' dir='ltr'><strong>μὲν</strong></span> <span class='ocrx_word' id='word_1_888' title='bbox 2933 4796 2997 4848; x_wconf 82' lang='grc' dir='ltr'>ὲκ</span> <span class='ocrx_word' id='word_1_889' title='bbox 3027 4795 3136 4848; x_wconf 87' lang='grc' dir='ltr'><strong>τῶν</strong></span> <span class='ocrx_word' id='word_1_890' title='bbox 3176 4794 3315 4864; x_wconf 86' lang='grc' dir='ltr'>βοῶν</span> <span class='ocrx_word' id='word_1_891' title='bbox 3337 4792 3490 4864; x_wconf 80' lang='grc' dir='ltr'>αὐτῷ</span> <span class='ocrx_word' id='word_1_892' title='bbox 3520 4809 3689 4864; x_wconf 80' lang='grc' dir='ltr'>προσ-</span> 
     </span>
    </p>
   </div>
   <div class='ocr_carea' id='block_1_112' title="bbox 2095 4884 3685 4961">
    <p class='ocr_par' dir='ltr' id='par_1_112' title="bbox 2095 4884 3685 4961">
     <span class='ocr_line' id='line_1_112' title="bbox 2095 4884 3685 4961; baseline -0.003 -18"><span class='ocrx_word' id='word_1_893' title='bbox 2095 4890 2224 4961; x_wconf 82' lang='grc' dir='ltr'>άγῃ,</span> <span class='ocrx_word' id='word_1_894' title='bbox 2267 4889 2362 4942; x_wconf 82' lang='grc' dir='ltr'><strong>ἐάν</strong></span> <span class='ocrx_word' id='word_1_895' title='bbox 2389 4906 2448 4942; x_wconf 79' lang='grc' dir='ltr'><strong>τε</strong></span> <span class='ocrx_word' id='word_1_896' title='bbox 2489 4889 2687 4959; x_wconf 80' lang='grc' dir='ltr'>ἄρσεν,</span> <span class='ocrx_word' id='word_1_897' title='bbox 2729 4886 2825 4941; x_wconf 76' lang='grc' dir='ltr'><strong>ἐὰν</strong></span> <span class='ocrx_word' id='word_1_898' title='bbox 2853 4904 2910 4939; x_wconf 89' lang='grc' dir='ltr'><strong>τε</strong></span> <span class='ocrx_word' id='word_1_899' title='bbox 2960 4885 3115 4956; x_wconf 80' lang='grc' dir='ltr'>θῆλυ,</span> <span class='ocrx_word' id='word_1_900' title='bbox 3163 4887 3392 4956; x_wconf 76' lang='grc' dir='ltr'>ἄμωμον</span> <span class='ocrx_word' id='word_1_901' title='bbox 3423 4884 3685 4954; x_wconf 82' lang='grc' dir='ltr'>προσάξει</span> 
     </span>
    </p>
   </div>
   <div class='ocr_carea' id='block_1_113' title="bbox 2095 4975 3684 5051">
    <p class='ocr_par' dir='ltr' id='par_1_113' title="bbox 2095 4975 3684 5051">
     <span class='ocr_line' id='line_1_113' title="bbox 2095 4975 3684 5051; baseline -0.003 -18"><span class='ocrx_word' id='word_1_902' title='bbox 2095 4981 2225 5033; x_wconf 76' lang='grc' dir='ltr'>αὐτὸ</span> <span class='ocrx_word' id='word_1_903' title='bbox 2261 4979 2439 5032; x_wconf 82' lang='grc' dir='ltr'>ἔναντι</span> <span class='ocrx_word' id='word_1_904' title='bbox 2475 4978 2704 5051; x_wconf 82' lang='grc' dir='ltr'>Κυρίου,</span> <span class='ocrx_word' id='word_1_905' title='bbox 2736 4978 2833 5032; x_wconf 75' lang='grc' dir='ltr'>καὶ</span> <span class='ocrx_word' id='word_1_906' title='bbox 2869 4977 3117 5048; x_wconf 79' lang='grc' dir='ltr'>ἐπιθήσει</span> <span class='ocrx_word' id='word_1_907' title='bbox 3154 4977 3254 5041; x_wconf 82' lang='grc' dir='ltr'>τὰς</span> <span class='ocrx_word' id='word_1_908' title='bbox 3293 4979 3484 5048; x_wconf 89' lang='grc' dir='ltr'>χεῖρας</span> <span class='ocrx_word' id='word_1_909' title='bbox 3516 4975 3684 5029; x_wconf 80' lang='grc' dir='ltr'>αὑτοῦ</span> 
     </span>
    </p>
   </div>
   <div class='ocr_carea' id='block_1_114' title="bbox 2095 5066 3688 5142">
    <p class='ocr_par' dir='ltr' id='par_1_114' title="bbox 2095 5066 3688 5142">
     <span class='ocr_line' id='line_1_114' title="bbox 2095 5066 3688 5142; baseline -0.004 -18"><span class='ocrx_word' id='word_1_910' title='bbox 2095 5073 2188 5124; x_wconf 66' lang='grc' dir='ltr'><strong>ἐπὶ</strong></span> <span class='ocrx_word' id='word_1_911' title='bbox 2217 5071 2316 5142; x_wconf 78' lang='grc' dir='ltr'><strong>τὴν</strong></span> <span class='ocrx_word' id='word_1_912' title='bbox 2353 5069 2594 5140; x_wconf 73' lang='grc' dir='ltr'>κεφαλὴν</span> <span class='ocrx_word' id='word_1_913' title='bbox 2625 5069 2718 5124; x_wconf 72' lang='grc' dir='ltr'>τοῦ</span> <span class='ocrx_word' id='word_1_914' title='bbox 2761 5067 2955 5140; x_wconf 83' lang='grc' dir='ltr'>δώρου,</span> <span class='ocrx_word' id='word_1_915' title='bbox 2993 5069 3087 5122; x_wconf 58' lang='grc' dir='ltr'><strong>καί⁵</strong></span> <span class='ocrx_word' id='word_1_916' title='bbox 3113 5067 3306 5137; x_wconf 74' lang='grc' dir='ltr'>σφάξει</span> <span class='ocrx_word' id='word_1_917' title='bbox 3351 5066 3483 5120; x_wconf 76' lang='grc' dir='ltr'>αὐτὸ</span> <span class='ocrx_word' id='word_1_918' title='bbox 3531 5067 3688 5137; x_wconf 75' lang='grc' dir='ltr'>παρὰ</span> 
     </span>
    </p>
   </div>
   <div class='ocr_carea' id='block_1_115' title="bbox 2095 5157 3686 5231">
    <p class='ocr_par' dir='ltr' id='par_1_115' title="bbox 2095 5157 3686 5231">
     <span class='ocr_line' id='line_1_115' title="bbox 2095 5157 3686 5231; baseline -0.003 -17"><span class='ocrx_word' id='word_1_919' title='bbox 2095 5162 2190 5225; x_wconf 70' lang='grc' dir='ltr'><strong>τὰς</strong></span> <span class='ocrx_word' id='word_1_920' title='bbox 2221 5161 2389 5231; x_wconf 82' lang='grc' dir='ltr'>θύρας</span> <span class='ocrx_word' id='word_1_921' title='bbox 2412 5162 2510 5231; x_wconf 81' lang='grc' dir='ltr'>τῆς</span> <span class='ocrx_word' id='word_1_922' title='bbox 2541 5161 2747 5231; x_wconf 80' lang='grc' dir='ltr'>σκηνῆς</span> <span class='ocrx_word' id='word_1_923' title='bbox 2776 5159 2871 5214; x_wconf 86' lang='grc' dir='ltr'>τοῦ</span> <span class='ocrx_word' id='word_1_924' title='bbox 2897 5159 3218 5231; x_wconf 88' lang='grc' dir='ltr'>μαρτυρίου.</span> <span class='ocrx_word' id='word_1_925' title='bbox 3246 5161 3356 5214; x_wconf 83' lang='grc' dir='ltr'>Καὶ</span> <span class='ocrx_word' id='word_1_926' title='bbox 3382 5157 3686 5230; x_wconf 84' lang='grc' dir='ltr'>προσχεοῦ-</span> 
     </span>
    </p>
   </div>
   <div class='ocr_carea' id='block_1_116' title="bbox 2099 5247 3685 5324">
    <p class='ocr_par' dir='ltr' id='par_1_116' title="bbox 2099 5247 3685 5324">
     <span class='ocr_line' id='line_1_116' title="bbox 2099 5247 3685 5324; baseline -0.001 -17"><span class='ocrx_word' id='word_1_927' title='bbox 2099 5272 2181 5307; x_wconf 88' lang='grc' dir='ltr'><strong>σιν</strong></span> <span class='ocrx_word' id='word_1_928' title='bbox 2211 5257 2259 5307; x_wconf 81' lang='grc' dir='ltr'>οἱ</span> <span class='ocrx_word' id='word_1_929' title='bbox 2296 5255 2402 5307; x_wconf 72' lang='grc' dir='ltr'>υἱοὶ</span> <span class='ocrx_word' id='word_1_930' title='bbox 2428 5251 2642 5324; x_wconf 76' lang='grc' dir='ltr'>Ἀαρὼν</span> <span class='ocrx_word' id='word_1_931' title='bbox 2662 5256 2709 5307; x_wconf 79' lang='lat' dir='ltr'><strong>oi</strong></span> <span class='ocrx_word' id='word_1_932' title='bbox 2741 5255 2906 5323; x_wconf 79' lang='grc' dir='ltr'>ἱερεῖς</span> <span class='ocrx_word' id='word_1_933' title='bbox 2939 5253 2999 5306; x_wconf 80' lang='grc' dir='ltr'>τὸ</span> <span class='ocrx_word' id='word_1_934' title='bbox 3022 5247 3161 5323; x_wconf 73' lang='grc' dir='ltr'>αἷμα</span> <span class='ocrx_word' id='word_1_935' title='bbox 3180 5253 3274 5306; x_wconf 75' lang='grc' dir='ltr'><strong>ἐπὶ</strong></span> <span class='ocrx_word' id='word_1_936' title='bbox 3301 5253 3361 5306; x_wconf 85' lang='grc' dir='ltr'>τὸ</span> <span class='ocrx_word' id='word_1_937' title='bbox 3386 5252 3685 5320; x_wconf 74' lang='grc' dir='ltr'>Θυσιαοτήο</span> 
     </span>
    </p>
   </div>
   <div class='ocr_carea' id='block_1_117' title="bbox 2099 5342 3682 5416">
    <p class='ocr_par' dir='ltr' id='par_1_117' title="bbox 2099 5342 3682 5416">
     <span class='ocr_line' id='line_1_117' title="bbox 2099 5342 3682 5416; baseline -0.003 -18"><span class='ocrx_word' id='word_1_938' title='bbox 2099 5363 2230 5416; x_wconf 83' lang='grc' dir='ltr'>ριον.</span> <span class='ocrx_word' id='word_1_939' title='bbox 2271 5345 2378 5398; x_wconf 87' lang='grc' dir='ltr'><strong>τῶν</strong></span> <span class='ocrx_word' id='word_1_940' title='bbox 2404 5346 2872 5414; x_wconf 82' lang='grc' dir='ltr'>ὁλοκαυτωμάτων</span> <span class='ocrx_word' id='word_1_941' title='bbox 2919 5344 3125 5415; x_wconf 80' lang='grc' dir='ltr'>κύκλῳ.</span> <span class='ocrx_word' id='word_1_942' title='bbox 3172 5344 3284 5398; x_wconf 78' lang='grc' dir='ltr'>Καὶ</span> <span class='ocrx_word' id='word_1_943' title='bbox 3312 5342 3682 5415; x_wconf 68' lang='grc' dir='ltr'>προσάξουσιν</span> 
     </span>
    </p>
   </div>
   <div class='ocr_carea' id='block_1_118' title="bbox 2096 5431 3681 5507">
    <p class='ocr_par' dir='ltr' id='par_1_118' title="bbox 2096 5431 3681 5507">
     <span class='ocr_line' id='line_1_118' title="bbox 2096 5431 3681 5507; baseline -0.004 -17"><span class='ocrx_word' id='word_1_944' title='bbox 2096 5437 2204 5490; x_wconf 77' lang='grc' dir='ltr'>ἀπὸ</span> <span class='ocrx_word' id='word_1_945' title='bbox 2246 5438 2341 5507; x_wconf 77' lang='grc' dir='ltr'>τῆς</span> <span class='ocrx_word' id='word_1_946' title='bbox 2390 5437 2580 5500; x_wconf 83' lang='grc' dir='ltr'>θυσίας</span> <span class='ocrx_word' id='word_1_947' title='bbox 2617 5435 2709 5490; x_wconf 76' lang='grc' dir='ltr'>τοῦ</span> <span class='ocrx_word' id='word_1_948' title='bbox 2758 5436 3050 5507; x_wconf 88' lang='grc' dir='ltr'>σωτηρίου,</span> <span class='ocrx_word' id='word_1_949' title='bbox 3095 5437 3375 5506; x_wconf 86' lang='grc' dir='ltr'>κάρπωμα</span> <span class='ocrx_word' id='word_1_950' title='bbox 3405 5431 3681 5506; x_wconf 70' lang='grc' dir='ltr'>Κυρίῳτδ</span> 
     </span>
    </p>
   </div>
   <div class='ocr_carea' id='block_1_119' title="bbox 3197 5641 3680 5702">
    <p class='ocr_par' dir='ltr' id='par_1_119' title="bbox 3197 5641 3680 5702">
     <span class='ocr_line' id='line_1_119' title="bbox 3197 5641 3680 5702; baseline -0.01 -1"><span class='ocrx_word' id='word_1_951' title='bbox 3197 5641 3220 5676; x_wconf 87' lang='grc'><strong><em>⁸</em></strong></span> <span class='ocrx_word' id='word_1_952' title='bbox 3270 5645 3411 5699; x_wconf 78' lang='lat' dir='ltr'><strong>Psal.</strong></span> <span class='ocrx_word' id='word_1_953' title='bbox 3453 5659 3580 5702; x_wconf 75' lang='lat' dir='ltr'><strong>nn,</strong></span> <span class='ocrx_word' id='word_1_954' title='bbox 3620 5641 3680 5696; x_wconf 66' lang='grc' dir='ltr'><strong>ι.</strong></span> 
     </span>
    </p>
   </div>
  </div>
