4022 6198
418 221 524 278 ω

1409 221 1927 284 σωρηῖιιοιιυκ
1967 227 2036 283 ιΝ
2073 225 2444 285 ιεγιτιρωί
2487 227 2708 284 LIBER.

3555 245 3659 302 826

417 335 584 405 στέαρ
609 333 670 388 τδ
688 333 969 386 κατακαλύ
981 349 1112 386 πτον
1136 334 1232 405 τὴν
1254 334 1482 398 κοιλίαν.
1512 339 1604 392 καὶ
1627 341 1734 394 πᾶν
1751 341 1810 394 τὸ
1830 342 1985 414 στέαρ

2100 344 2225 401 licio
2246 347 2503 401 salutaris
2559 347 2808 412 Domino,
2862 357 2919 404 et
2945 349 3331 421 pinguedinem
3361 371 3480 427 qua
3530 367 3660 434 tegit

416 423 585 477 τδὲπὶ
601 425 699 491 τῆς
729 421 952 484 κοιλίας.
972 421 1066 474 καὶ
1088 424 1210 486 τούς
1235 423 1326 477 δύο
1351 429 1598 498 νεφροὺς,
1627 430 1724 484 καὶ
1749 431 1810 484 τὸ
1828 434 1992 505 στέαρ

417 515 477 569 τὸ
503 515 591 566 ἐπ’
638 513 819 567 αὐτῶν
861 513 924 566 τὸ
965 514 1058 567 ἐπὶ
1095 513 1206 567 τῶν
1240 516 1450 586 μηρῶν,
1483 519 1576 571 καὶ
1606 521 1696 574 τὸν
1722 521 1878 576 λοϐὸν
1903 523 1991 577 τὸν

419 605 512 659 ἐπὶ
535 603 628 658 τοῦ
659 606 868 673 ἥπατος
897 605 993 658 σὺν
1016 607 1129 670 τοῖς
1155 611 1372 679 νεφροῖς
1407 627 1471 662 πε
1483 611 1666 682 ριελεῖ.
1705 615 1814 668 Καὶ
1848 617 1992 669 ἀνοί-

419 711 604 749 σουσιν
624 694 762 747 αὐτὰ
782 697 827 748 οί
857 695 964 748 υίοὶ
979 696 1208 766 Ἀαρὼν,
1232 700 1277 750 οί
1305 700 1488 769 ίερεῖς,
1510 702 1602 754 ἐπὶ
1624 703 1684 757 τὸ
1710 703 1995 777 θυσιαστή-

423 803 556 857 ριον,
587 786 682 838 ἐπὶ
723 787 792 840 τὰ
839 787 1295 858 ὁλοκαυτώματα,
1331 791 1426 844 ἐπὶ
1463 793 1530 846 τά
1568 793 1700 860 ξύλα
1760 798 1854 850 ἐπὶ
1899 797 1990 851 τοῦ

419 875 610 946 πυρὸς.
662 877 940 946 κάρπωμα
983 877 1125 949 ὀσμὴ
1167 879 1392 944 εὐωδίας
1432 881 1510 952 τῷ
1559 884 1765 955 Κυρίῳ.
1807 906 1825 938 ι
1881 889 1991 941 Καὶ

417 967 540 1037 οὐχὶ
563 968 627 1037 δὴ
650 967 810 1038 μόνον
835 969 899 1020 ἐκ
931 967 1090 1038 βοῶν,
1132 969 1268 1034 ἀλλ’,
1295 972 1342 1022 εί
1371 970 1433 1042 δή
1461 989 1546 1036 τις
1571 972 1764 1040 ἕλοιτο,
1800 976 1895 1030 κα)⁴
1928 978 1992 1029 ἐκ

419 1060 706 1130 προϐάτων
753 1059 1099 1124 όλοκαυτοῦν,
1149 1060 1246 1114 εἴτ’
1296 1056 1391 1115 οὖν
1439 1061 1498 1130 ἐξ
1546 1065 1717 1132 αῐγῶν
1767 1066 1863 1138 τὴν
1897 1065 1990 1120 τοῦ

419 1149 686 1220 σωτηρίου
715 1150 978 1203 ποιεῖσθαι
1010 1151 1218 1215 θυσίαν,
1247 1151 1334 1205 διὰ
1359 1153 1467 1208 τῶν
1493 1155 1670 1208 αὐτῶν
1697 1158 1992 1227 ἐπράττετο

414 1240 652 1309 τρόπων,
667 1241 758 1292 καὶ
780 1235 859 1302 εἷς
877 1242 959 1308 ἐφ’
977 1240 1177 1294 ἅπασιν
1195 1237 1263 1312 ἢν
1281 1243 1378 1312 τῆς
1398 1246 1707 1316 ἱερουργίας
1726 1249 1754 1300 6
1769 1250 1986 1321 τρόπος.

416 1329 545 1384 Εἴτε
581 1331 646 1400 δὴ
674 1332 839 1400 ἄρσεν
872 1331 960 1400 εἴη
988 1333 1168 1401 τυχὸν,
1195 1333 1303 1386 εἴτε
1333 1334 1465 1406 θῆλυ
1499 1336 1559 1389 τὺ
1593 1337 1759 1408 θῦμα,
1799 1340 1989 1411 μώμου

411 1423 524 1476 δεῖν
551 1424 650 1493 ἔφη
688 1423 886 1486 παντὸς
909 1424 1249 1495 ἀπηλλάχθαι
1291 1427 1588 1490 παντελῶς.
1642 1429 1751 1482 Καὶ
1774 1431 1870 1502 τῆς
1897 1433 1989 1485 θυ-

416 1514 536 1577 σίας
563 1515 590 1567 ό
619 1513 796 1582 λόγος,
825 1515 910 1566 ἐπ’
940 1515 1100 1567 αὐτὸν
1131 1517 1194 1568 ἂν
1227 1516 1294 1570 ἴοι
1324 1517 1412 1572 τὸν
1428 1519 1790 1591 Ἐμμανουήλ.
1819 1523 1990 1587 Αὐτὸς

412 1604 525 1676 γάρ
551 1606 580 1657 6
610 1606 807 1676 μόσχος
837 1606 864 1658 6
895 1605 1155 1671 σιτευτὸς,
1185 1607 1244 1660 τὸ
1274 1609 1501 1680 ἄμωμον
1531 1612 1740 1683 ἱερεῖον,
1770 1615 1798 1667 6
1823 1615 1990 1687 αἴρων

2097 449 2369 501 ventrem,
2425 447 2589 508 atque
2613 454 2831 494 omnem
2880 441 3266 512 pinguedinem
3311 464 3433 518 quae
3478 462 3560 506 est
3606 455 3660 510 in

2095 537 2310 591 ventre,
2339 529 2500 601 347
2535 539 2590 585 et
2613 530 2752 585 duos
2786 546 2966 596 renes,
3011 543 3066 588 et
3102 536 3156 589 in
3207 537 3339 606 ipsis
3372 540 3660 611 pinguedi-

2095 635 2243 681 nem,
2267 636 2389 690 qure
2405 631 2487 676 est
2511 621 2565 675 in
2586 620 2908 686 femoribus,
2936 632 2992 678 et
3014 626 3302 681 reticulum
3320 630 3660 699 jccoriscum

2094 710 2430 764 renunculis.
2481 710 2549 764 Et
2595 711 2835 766 referent
2884 728 2948 767 ea
2992 713 3088 772 ﬁlii
3135 714 3312 771 Aaron
3351 720 3664 776 sacerdotes

2094 815 2260 870 super
2283 802 2453 856 altare
2480 802 2533 856 in
2564 803 2941 859 holocaustum
2969 807 3021 859 in
3051 806 3192 876 ligna
3227 824 3346 877 qua:
3381 810 3565 880 jacent
3605 813 3659 867 in

2095 891 2240 961 igne,
2285 892 2490 947 oblatio
2547 895 2731 949 suavis
2794 895 2981 950 odoris
3029 897 3344 952 Domino".
3406 919 3423 951 ι
3468 901 3659 971 Neque

2092 981 2240 1035 enim
2285 983 2462 1036 solum
2510 999 2575 1038 ex
2621 984 2819 1050 bobus,
2862 986 2958 1041 sed
2993 988 3186 1056 siquis
3243 989 3375 1044 velit
3403 991 3566 1046 etiam
3595 1009 3660 1048 ex

2093 1071 2291 1126 ovibus
2315 1073 2586 1130 adducere
2616 1075 3022 1141 holocaustum,
3049 1087 3144 1132 aut
3191 1095 3258 1134 ex
3283 1082 3466 1150 capris
3514 1083 3660 1140 ferre

2092 1164 2426 1219 oblationem
2455 1167 2727 1231 salutaris,
2780 1169 2970 1223 iisdem
3018 1171 3196 1227 modis
3251 1174 3658 1242 procedendum

2091 1257 2252 1311 estin
2302 1259 2576 1314 omnibus.
2612 1259 2738 1316 Sive
2786 1271 2968 1317 autem
3024 1279 3090 1318 ex
3124 1267 3386 1329 masculo,
3435 1267 3549 1322 sive
3593 1284 3658 1324 ex

2086 1346 2306 1403 femella
2330 1348 2495 1402 fuerit
2521 1349 2872 1415 sacrificium,
2910 1369 3174 1408 «necesse
3200 1364 3303 1417 est,
3345 1355 3542 1425 inquit,
3601 1366 3660 1412 ut

2091 1437 2240 1491 omni
2264 1439 2472 1493 macula
2505 1449 2706 1496 careat.
2743 1460 2760 1493 ι
2791 1444 2968 1512 Atque
2991 1444 3107 1499 haec
3139 1447 3278 1500 ratio
3299 1448 3555 1502 sacrificii
3590 1449 3656 1504 ad

2092 1531 2270 1600 ipsum
2309 1533 2997 1601 pertinetEmmanuelem.
3027 1537 3127 1592 llic
3155 1539 3301 1592 enim
3345 1548 3430 1594 est
3454 1540 3659 1596 vitulus

2089 1620 2367 1689 saginatus
2413 1629 2466 1676 et
2491 1623 2898 1680 immaculatum
2921 1627 3270 1692 sacrificium,
3320 1631 3513 1685 tollens
3537 1647 3658 1701 pec-

410 1697 513 1765 τὴν
537 1696 809 1767 ἁμαρτίαν
835 1697 927 1750 τοῦ
950 1699 1175 1768 κόσμου,
1203 1701 1295 1753 καὶ
1319 1701 1394 1765 ὡς
1411 1705 1468 1756 ὲν
1491 1703 1622 1758 εἴδει
1650 1685 1893 1778 χιμάρου
1919 1709 1985 1762 δι’

2090 1722 2273 1768 catum
2325 1715 2536 1780 mundi,
2577 1733 2640 1772 ac
2681 1718 2850 1772 veluti
2901 1734 3066 1789 caper
3103 1721 3392 1776 anniculus
3437 1733 3659 1792 propter

413 1788 563 1858 ἡμᾶς
618 1787 982 1857 σφαζόμενος·
1038 1787 1272 1860 χίμαρος
1320 1791 1428 1862 γὰρ
1473 1793 1610 1845 κατὰ
1654 1795 1818 1864 νόμον
1850 1796 1988 1868 ὑπὲρ

412 1876 686 1948 ἁμαρτίας
726 1877 1010 1946 ἐσφάζετο.
1045 1877 1189 1949 Πλὴν
1221 1881 1322 1951 δρα
1352 1883 1511 1936 πάλιν
1541 1885 1733 1954 ίσχνῶς
1764 1887 1864 1955 τῆς
1897 1889 1989 1940 θυ-

413 1971 537 2034 σίας
571 1971 661 2024 τὸν
688 1962 902 2042 τρόπον.
946 1972 1402 2042 Ἀκριϐολογεῖται
1433 1976 1529 2046 μὲν
1561 1977 1668 2048 γάρ
1695 1979 1755 2031 οὐ
1787 1981 1988 2053 σφόδρα

410 2064 477 2116 τὸ
529 2063 769 2134 Γράμμα
813 2063 874 2117 τὸ
913 2065 1136 2135 νομικὸν
1172 2067 1298 2138 περί
1344 2085 1400 2120 τε
1455 2068 1620 2140 ἄρσεν
1653 2070 1747 2124 καὶ
1777 2071 1930 2143 θῆλυ.
1963 2093 1980 2125 ι

411 2153 602 2208 Νοοῖτο
648 2157 691 2209 δ’
746 2156 813 2209 ἂν
847 2155 1008 2208 πάλιν
1058 2156 1132 2220 ὡς
1165 2159 1222 2211 ὲν
1268 2159 1468 2230 ἀμφοῖν
1515 2163 1542 2214 6
1585 2162 1836 2231 Χριστός,
1898 2164 1986 2217 Ἐν

409 2245 601 2317 ἄρσενι
633 2248 751 2317 μὲν,
791 2249 867 2311 ὡς
896 2250 1195 2321 ἡγούμενος
1225 2251 1340 2321 ἦτοι
1373 2251 1707 2323 καθηγητὴς.
1760 2255 1986 2326 Ἡγεμο-

409 2340 705 2410 νικώτερον
748 2339 858 2412 γάρ
907 2342 1133 2414 θατέρου
1179 2341 1241 2396 τὸ
1285 2343 1470 2412 ἄρσεν,
1511 2345 1568 2399 ὲν
1606 2344 1792 2416 θήλεσι
1823 2347 1878 2400 δὲ
1911 2348 1986 2412 ὡς

409 2432 652 2502 γεγονὼς
690 2435 794 2488 ὐπδ
825 2437 986 2506 νόμον
1017 2438 1110 2490 καὶ
1141 2436 1458 2508 ἡγούμενος.
1507 2438 1853 2505 ’Υπεξούσιον
1878 2441 1985 2514 γὰρ

407 2526 508 2578 καὶ
533 2528 590 2578 ἐν
616 2527 885 2598 δευτέροις
913 2528 998 2581 ἀεὶ
1022 2529 1082 2581 τὸ
1111 2529 1244 2592 Θῆλυ
1273 2529 1364 2582 τοῦ
1387 2531 1633 2600 ἄρρενος,
1663 2531 1819 2602 εῐπερ
1840 2532 1986 2586 ἐστὶν

407 2616 626 2686 ἀληθῶς
673 2618 732 2669 έν
788 2619 964 2688 μείοσι
1015 2620 1108 2672 καὶ
1157 2621 1215 2672 ὲν
1261 2620 1569 2686 ὐφιζάνοντι
1607 2621 1807 2692 μέτρῳ.
1841 2622 1986 2694 Πλὴν

408 2709 643 2778 ἄμωμον
685 2709 746 2761 τδ
787 2709 1252 2781 ἱερουργούμενον.
1287 2711 1535 2776 Τοιοῦτος
1565 2714 1622 2767 δὲ
1665 2716 1693 2766 ό
1729 2715 1982 2782 Χριστός.

409 2800 702 2872 Τοιγάρτοι
738 2801 1006 2870 ἔφασκεν
1040 2822 1058 2854 ι
1099 2805 1356 2874 Ἔρχεται
1391 2807 1419 2858 6
1443 2805 1625 2878 ἄρχων
1657 2805 1749 2859 τοῦ
1780 2807 1984 2878 κόσμου

405 2891 621 2955 τούτου,
669 2892 761 2945 καὶ
801 2893 857 2946 ὲν
908 2894 1029 2963 ἐμοὶ
1065 2894 1285 2964 εὑρήσει
1335 2894 1506 2950 οὐδέν.
1576 2913 1596 2948 ι
1650 2895 1758 2949 Καὶ
1801 2897 1984 2968 μέντοι

407 2983 548 3055 πρὸς
613 2983 896 3048 Ἰουδαίους
953 2985 1016 3039 τὸ
1061 2987 1294 3040 είσάπαν
1344 2985 1664 3057 ἀμώμητον,
1713 2988 1984 3054 ἀπόδειξιν

407 3076 646 3128 ἐποιεῖτο
688 3075 787 3146 τὴν
831 3075 984 3129 Θείαν
1031 3075 1195 3130 αὐτοῦ
1249 3075 1428 3144 φύσιν,
1475 3076 1676 3142 λέγων’
1721 3097 1739 3129 ι
1779 3077 1871 3141 Τίς
1924 3076 1982 3143 ἐξ

405 3163 565 3233 ὑμῶν
598 3164 802 3234 ἐλέγχει
838 3182 905 3234 με
937 3165 1064 3233 περὶ
1096 3163 1400 3234 ἁμαρτίας;
1439 3164 1501 3216 Εἰ
1532 3165 1785 3234 ἀλήθειαν
1816 3166 1979 3234 λέγω,

406 3255 459 3308 τί
490 3255 645 3324 ὑμεῖς
673 3257 733 3308 οὐ
762 3255 1048 3309 πιστεύετέ
1085 3273 1196 3325 μοις
1238 3274 1256 3307 ι
1299 3257 1563 3326 Ἀμωμον
1599 3252 1690 3309 οὖν
1722 3256 1894 3328 ταύτῃ
1923 3258 1984 3311 τὸ

409 3344 556 3414 ιερδν
587 3343 734 3410 θῦμά
758 3346 896 3399 ἐστι.
939 3346 1234 3413 Ἐσεράςετο
1263 3345 1359 3415 μὲν
1389 3344 1564 3399 ἔναντι
1595 3347 1797 3416 Κυρίου
1831 3348 1982 3418 παρὰ

405 3435 512 3498 τὰς
553 3434 721 3507 θύρας
775 3437 875 3506 τῆς
923 3438 1146 3508 σκηνῆς,
1194 3437 1640 3508 ἐπενηνεγμένων
1677 3439 1825 3510 αὐτῷ
1873 3440 1984 3493 τῶν

408 3527 608 3598 χειρῶν
629 3528 722 3582 τοῦ
749 3541 1083 3600 προσκεκομι
1093 3530 1266 3594 κότος.
1290 3525 1423 3584 Εἶτα
1441 3529 1534 3583 τοῦ
1561 3530 1787 3601 αἵματος
1805 3535 1869 3602 τῇ
1889 3533 1982 3586 τοῦ

408 3620 794 3694 θυσιαστηρίου
814 3623 966 3692 βάσει
985 3626 1404 3696 προσχεομὲνου,
1418 3624 1740 3679 ὁλοκαυτοῢν
1755 3625 1856 3695 ἔφη
1871 3626 1984 3681 δεῖν

407 3713 478 3766 τὰ
509 3715 771 3771 ὲντόσθια.
803 3716 1120 3787 Πέπρακται
1144 3717 1242 3788 μὲν
1267 3718 1377 3790 γὰρ
1400 3721 1454 3771 ὲν
1477 3717 1770 3786 ὀφθαλμοῖς
1795 3717 1982 3789 ὥσπερ

407 3803 505 3857 τοῦ
536 3804 670 3858 Θεοῦ
725 3805 820 3860 καὶ
863 3807 1073 3879 Πατρδς
1115 3810 1142 3862 ό
1174 3807 1268 3862 τοῦ
1324 3806 1455 3861 Υίοῦ
1516 3807 1784 3871 θάνατος,
1842 3808 1983 3876 ὑπὲρ

407 3894 512 3964 τῆς
544 3894 638 3948 τοῦ
675 3897 880 3967 κόσμου
907 3899 1054 3968 ζωῆς
1085 3898 1181 3969 τὴν
1210 3898 1402 3953 ἑαυτοῦ
1433 3898 1672 3962 τιθέντος
1694 3892 1891 3968 ψυχήν.
1921 3900 1982 3952 Ei

407 3987 520 4055 γάρ
546 3988 690 4042 ἐστιν
718 3989 921 4060 ἀληθὴς
949 3991 977 4042 6
999 3990 1200 4059 λέγων·
1237 4008 1256 4041 ι
1289 3991 1480 4062 Τίμιος
1512 3990 1751 4044 ἐναντίον
1778 3989 1982 4058 Κυρίου

405 4081 437 4133 6
487 4079 716 4146 θάνατος
757 4083 864 4135 τῶν
913 4083 1076 4136 όσίων
1120 4081 1312 4136 αὐτοῦ’
1352 4101 1370 4134 ι
1425 4082 1542 4145 πῶς
1582 4082 1681 4134 οὐκ
1716 4080 1781 4134 ἂν
1823 4079 1983 4133 αὐτὸν

408 4169 663 4236 ἀξιώσειε
692 4175 789 4242 τῆς
817 4173 949 4236 ἰδίας
979 4174 1282 4243 ἐπισκοπῆς
1309 4173 1396 4226 τὸν
1429 4171 1522 4226 τοῦ
1551 4171 1678 4224 Υίοῦ
1704 4170 1932 4224 θάνατον
1957 4173 1984 4224 6

405 4259 542 4322 Θεὸς
589 4261 682 4314 καὶ
727 4263 948 4334 Πατὴρ;
978 4263 1123 4333 Τιμᾷ
1155 4262 1260 4334 γὰρ
1295 4263 1511 4326 πάντως
1556 4262 1650 4316 καὶ
1694 4261 1983 4325 ἐποπτείας

2088 1819 2190 1858 nos
2213 1813 2296 1859 est
2325 1815 2620 1864 mactatus:
2647 1824 2809 1878 caper
2823 1810 2969 1865 enim
2992 1827 3090 1880 pro
3113 1824 3336 1881 peccato
3357 1813 3656 1870 secundum

2089 1895 2261 1964 legem
2278 1899 2636 1953 mactabatur.
2669 1899 2936 1958 Caeterum
2955 1903 3328 1958 animadverte
3350 1904 3439 1959 hic
3458 1904 3656 1958 iterum

2087 1984 2364 2039 subtiliter
2389 1988 2632 2057 mysterii
2672 1990 2961 2046 rationem.
2997 1990 3275 2062 Siquidem
3326 1993 3508 2048 littera
3525 1994 3658 2064 legis

2089 2074 2145 2128 in
2210 2076 2364 2130 nullo
2405 2079 2559 2146 ponit
2609 2078 2948 2145 discrimine,
3005 2102 3023 2133 ‹
3059 2084 3173 2138 sive
3242 2085 3518 2139 masculus
3557 2085 3655 2147 sit.

2087 2162 2201 2216 sive
2238 2162 2470 2218 femella.
2512 2185 2528 2216 ι
2563 2165 2621 2220 In
2647 2183 2758 2237 quo
2783 2185 3002 2223 rursum
3027 2171 3254 2242 intelligi
3285 2181 3484 2243 potest,
3511 2173 3656 2243 quod

2086 2254 2338 2310 Christus
2384 2257 2436 2310 in
2471 2259 2738 2314 ambobus
2766 2262 2852 2317 sit.
2880 2261 2938 2316 In
2978 2264 3216 2319 masculo
3237 2274 3659 2334 repraesentatur-

2091 2352 2349 2414 tanquam
2389 2345 2500 2400 dux
2528 2358 2584 2403 et
2616 2349 2892 2420 princeps,
2938 2356 3216 2410 masculus
3247 2357 3395 2411 enim
3425 2373 3657 2428 genero-

2088 2433 2201 2487 sior
2233 2442 2497 2504 estquam
2524 2435 2774 2505 femella;
2814 2440 2867 2494 in
2897 2440 3098 2497 femina
3137 2453 3340 2507 autem,
3387 2455 3658 2515 quatenus

2088 2521 2264 2578 factus
2289 2532 2374 2580 est
2409 2526 2511 2581 sub
2536 2527 2655 2599 lege
2677 2568 2691 2592 ,
2744 2546 3055 2601 quanquam
3089 2535 3223 2589 alias
3264 2536 3520 2606 princeps
3563 2539 3654 2592 sit.

2088 2615 2220 2671 Nam
2238 2616 2453 2673 femella
2478 2628 2562 2674 est
2587 2621 2832 2691 subjecta
2856 2631 2911 2677 et
2940 2625 3211 2680 secundas
3235 2635 3420 2695 partes
3461 2643 3491 2682 a
3537 2629 3655 2682 viro

2089 2707 2319 2772 obtinet,
2350 2709 2620 2778 siquidem
2647 2727 2836 2768 revera
2862 2713 3042 2768 minor
3067 2723 3229 2784 atque
3282 2716 3510 2771 inferior
3551 2727 3654 2773 est.

2087 2797 2357 2855 Caeterum
2384 2801 2792 2857 immaculatum
2816 2811 2899 2858 est
2922 2805 3272 2861 sacrificium.
3302 2807 3452 2862 Talis
3473 2817 3654 2863 autem

2087 2899 2172 2946 est
2214 2891 2484 2946 Christus.
2516 2893 2668 2948 Unde
2699 2894 2866 2948 etiam
2913 2895 3051 2950 dixit
3094 2914 3107 2952 :
3143 2917 3162 2950 ι
3199 2896 3361 2953 Venit
3399 2901 3655 2971 princeps

2089 2981 2253 3051 hujus
2283 2983 2496 3048 mundi,
2521 2985 2647 3039 etin
2676 3000 2761 3040 me
2786 3001 2895 3040 non
2916 2987 3161 3043 inveniet
3199 2990 3499 3060 quidquam
3525 2993 3586 3047 “.
3630 3013 3651 3045 ι

2087 3073 2200 3127 lmo
2222 3083 2277 3128 et
2297 3075 2441 3143 apud
2470 3075 2688 3131 Judaaos
2714 3092 2812 3146 per
2843 3077 2899 3131 id
2931 3078 3078 3147 quod
3113 3081 3169 3134 in
3203 3082 3519 3136 universum
3544 3099 3654 3139 ma-

2085 3167 2208 3219 cula
2244 3175 2475 3228 careret,
2505 3167 2745 3222 divinam
2771 3184 2925 3222 suam
2953 3178 3205 3226 naturam
3243 3173 3528 3229 manifeste
3557 3174 3654 3230 deo

2086 3257 2431 3319 monstravit,
2462 3257 2688 3313 dicens:
2723 3278 2741 3309 ι
2768 3258 2901 3326 Quis
2933 3276 2998 3315 ex
3026 3262 3184 3317 vobis
3238 3266 3417 3335 arguit
3453 3281 3540 3322 me
3586 3266 3655 3322 de

2083 3346 2345 3414 peccato?
2371 3345 2424 3400 Si
2452 3347 2738 3402 veritatem
2763 3348 2888 3404 dico
2913 3350 3091 3413 vobis,
3118 3368 3291 3421 quare
3338 3369 3448 3409 non
3473 3357 3652 3412 credi.

2085 3435 2155 3489 tis
2182 3435 2314 3490 mihi
2349 3437 2429 3489 ‘5?
2457 3457 2474 3488 ι
2513 3438 2720 3494 Idcirco
2743 3450 2990 3494 sanctum
3020 3443 3349 3498 sacriﬁcium
3387 3446 3653 3502 immacuo

2083 3527 2253 3581 latum
2277 3538 2379 3582 est.
2411 3529 2476 3583 Et
2501 3529 2843 3584 mactabatur
2864 3532 3086 3600 quidem
3119 3549 3304 3588 coram
3327 3536 3560 3591 Domino
3585 3538 3652 3592 ad

2087 3619 2286 3673 ostium
2331 3620 2689 3684 tabernaculi,
2727 3621 2997 3691 impositis
3041 3624 3142 3692 ipsi
3200 3627 3459 3682 manibus
3511 3628 3654 3686 illius

2084 3710 2441 3782 quiadduxit.
2471 3712 2680 3766 Deinde
2703 3713 2966 3782 sanguine
2995 3713 3117 3768 fuso
3145 3715 3211 3769 ad
3235 3717 3407 3770 basim
3438 3719 3652 3783 altaris,

2083 3802 2454 3858 comburenda
2479 3803 2555 3856 ait
2575 3802 2630 3856 in
2653 3802 3032 3858 holocaustum
3051 3803 3327 3858 intestina.
3357 3806 3490 3860 Nam
3505 3821 3652 3862 mors

2084 3893 2245 3956 Filio,
2269 3893 2363 3962 qui
2389 3907 2488 3961 pro
2513 3892 2701 3946 mundi
2741 3893 2850 3945 vita
2881 3907 3034 3946 suam
3061 3893 3232 3962 ipsius
3255 3895 3420 3948 vitam
3447 3895 3650 3964 posuit,

2083 3985 2309 4054 quasiin
2340 3983 2513 4038 oculis
2539 3983 2704 4038 Deiet
2727 3983 2904 4038 Patris
2929 3984 3076 4038 illata
3097 3992 3201 4038 est.
3228 3985 3392 4055 Atqui
3423 3987 3467 4041 si
3490 4003 3650 4043 verax

2083 4083 2169 4131 est
2191 4075 2285 4145 qui
2313 4075 2484 4130 dicit:
2518 4093 2536 4124 ι
2573 4074 2815 4130 Pretiosa
2843 4075 2897 4128 in
2927 4084 3226 4144 conspectu
3256 4078 3470 4132 Domini
3503 4094 3652 4136 mors

2085 4175 2399 4224 sanctorum
2420 4168 2540 4236 ejus
2567 4167 2632 4230 ¹⁶,
2667 4186 2686 4216 ι
2725 4181 2834 4236 quo
2859 4175 3016 4236 pacto
3046 4182 3155 4221 non
3197 4170 3422 4239 proprio
3450 4171 3652 4227 intuitu

2085 4257 2400 4329 dignabitur
2421 4257 2542 4311 Filii
2571 4267 2803 4312 mortem
2839 4257 3034 4312 Pater?
3055 4258 3114 4311 ln
3139 4259 3322 4327 pretio
3343 4260 3488 4314 enim
3531 4276 3651 4315 om-

405 4353 584 4417 ὰξιοῖ’
637 4355 1033 4425 ἀποστρέφεται
1065 4355 1120 4408 δὲ
1149 4355 1310 4409 πάλιν
1345 4355 1406 4408 τὸ
1448 4355 1697 4427 βδελυρὸν
1744 4355 1836 4408 καὶ
1876 4355 1982 4408 ἄπ-

2086 4351 2218 4405 ηἰηο
2246 4365 2364 4404 eam
2399 4349 2565 4403 habet
2591 4349 2738 4403 Deus
2759 4363 2821 4402 ac
2843 4348 3024 4410 Pater,
3045 4356 3101 4400 ct
3126 4357 3348 4416 aspectu
3372 4349 3650 4419 dignatur,

407 4445 738 4518 ηχθημένον.
765 4446 974 4500 Οὐκοῦν
1020 4447 1102 4500 ὅτι
1141 4446 1216 4518 μὴ
1243 4447 1441 4515 ἀκλεὴς
1468 4448 1496 4500 6
1531 4446 1776 4509 θάνατος,
1809 4462 1986 4516 παρα-

405 4533 634 4598 δείξειεν
663 4534 728 4586 ἂν
750 4535 909 4597 εὐθὺς
933 4575 948 4597 ,
975 4535 1037 4588 τὸ
1075 4537 1168 4588 καὶ
1200 4537 1360 4589 αὐτὸν
1385 4535 1660 4606 αὐτόπτην
1687 4536 1868 4605 λαχεῖν
1896 4534 1986 4588 τὸν

409 4625 654 4693 Πατέρα.
679 4625 816 4696 ῐΙαρ’
847 4626 1034 4687 αὐταῖς
1061 4625 1118 4678 δὲ
1143 4629 1261 4689 ταῖς
1289 4627 1456 4696 ἱεραῖς
1481 4626 1744 4692 ἐσφάζετο
1771 4624 1981 4696 θύραις.

421 4713 686 4768 Ἀπέθανε
737 4717 845 4786 γάρ
905 4717 934 4768 6
997 4715 1372 4786 Ἐμμανουὴλ,
1435 4717 1740 4786 ἀνευρύνων
1797 4715 1984 4784 ὥσπερ

405 4807 546 4874 ἡμῖν
582 4805 680 4876 τὴν
700 4808 776 4869 είς
803 4808 872 4861 τά
898 4808 1064 4876 ’Ἅγια
1080 4810 1185 4860 τῶν
1217 4810 1384 4874 ἁγίων
1422 4807 1728 4878 εἰσδρομὴν,
1755 4809 1850 4860 καὶ
1882 4807 1983 4877 τῆς

402 4895 523 4950 ἄνω
551 4898 646 4950 καὶ
672 4899 728 4953 ὲν
771 4899 1017 4969 οὐρανοῖς
1061 4898 1384 4970 Ἐκκλησίας
1410 4899 1658 4966 ἀνοιγνύς
1685 4897 1783 4960 τὰς
1815 4898 1984 4970 θύρας

401 4991 522 5049 τοῖς
575 4990 652 5052 είς
699 4990 862 5042 αὐτὸν
897 4989 1260 5044 πιστεύουσιν.
1313 4989 1679 5060 Κερδαίνομεν
1711 4989 1889 5042 τοίνυν
1928 4991 1984 5043 έν

401 5079 627 5148 θανάτῳ
660 5079 752 5133 τοῦ
784 5079 1023 5151 Χριστοῦ
1055 5081 1116 5133 τὸ
1155 5082 1248 5134 καὶ
1279 5082 1357 5143 είς
1389 5079 1553 5151 αὐτὴν
1585 5079 1774 5135 ἐλάσαι
1801 5081 1984 5134 λοιπὸν

400 5169 509 5239 τὴν
550 5169 718 5238 ἁγίων
753 5171 978 5242 σκηνὴν,
1002 5173 1067 5243 ῆν
1105 5171 1302 5243 ἔπηξεν
1332 5174 1359 5226 6
1392 5173 1611 5242 Κύριος,
1645 5173 1738 5226 καὶ
1767 5173 1868 5226 οὐκ
1896 5172 1986 5225 ἄν.

398 5258 648 5328 Θρωπος,
683 5260 784 5331 τὴν
820 5260 1140 5331 ἐπουράνιον
1179 5261 1550 5332 Ἰερουσαλὴμ,
1578 5261 1674 5331 τὴν
1717 5261 1828 5315 ἄνω
1855 5260 1985 5314 καλ-

395 5347 640 5414 λίπολιν,
685 5349 784 5419 τὴν
827 5349 936 5401 τῶν
972 5351 1139 5418 ἁγίων
1184 5350 1414 5421 μητέρα,
1461 5351 1556 5404 καὶ
1589 5350 1834 5418 ἀγγέλων
1865 5368 1986 5421 τρο-

398 5437 532 5506 φόν.
563 5438 687 5492 Ὀτι
709 5439 765 5492 δὲ
789 5439 944 5507 ἅγιος
968 5439 1119 5493 ἔσται
1149 5440 1244 5494 καὶ
1263 5441 1404 5512 ἱερὸς
1427 5442 1455 5494 ό
1477 5440 1712 5513 Χριστοῦ
1735 5441 1983 5507 θάνατος,

2080 4441 2426 4497 sicutcontra
2440 4439 2774 4494 exsecrabile
2795 4453 2858 4492 ac
2883 4439 3145 4508 rejectum
3160 4437 3324 4508 35,8
3342 4450 3649 4495 aversatur.

2079 4531 2235 4598 Quod
2261 4531 2426 4602 igitur
2449 4531 2568 4600 ejus
2588 4529 2923 4600 morsgloria
2956 4544 3065 4582 non
3094 4537 3296 4594 careat,
3334 4529 3387 4583 id
3440 4531 3538 4586 tibi
3567 4531 3649 4587 fac

2081 4622 2184 4678 cile
2219 4619 2704 4683 demonstraverit,
2747 4618 2895 4688 quod
2925 4619 3142 4674 Patrem
3167 4610 3345 4689 ipsum
3372 4620 3649 4691 inspecto-

2081 4730 2193 4768 rem
2219 4714 2498 4768 habuerit.
2534 4711 2871 4767 Mactabatur
2902 4719 3085 4765 autem
3109 4709 3177 4764 ad
3209 4727 3390 4767 sacras
3445 4722 3652 4782 portas.

2079 4806 2402 4861 Emmanuel
2432 4806 2578 4860 enim
2609 4820 2706 4858 sua
2743 4814 2919 4858 morte
2941 4803 3103 4858 nobis
3134 4803 3538 4872 quodammodo
3567 4805 3650 4860 la-

2081 4896 2228 4951 xavit
2279 4897 2585 4968 ingressum
2641 4894 2697 4948 in
2733 4893 2931 4948 Sancta
2974 4901 3310 4957 sanctorum,
3354 4902 3652 4964 portasque

2083 5001 2330 5056 superna:
2382 5001 2444 5040 ac
2483 4985 2724 5040 cmlestis
2774 4983 3032 5039 Ecclesiae
3073 4984 3289 5052 aperuit
3337 4983 3404 5038 iis
3448 4984 3543 5052 qui
3597 4985 3653 5040 in

2083 5077 2261 5145 ipsum
2296 5074 2546 5128 credunt.
2595 5072 2897 5128 Lucramur
2929 5071 3110 5139 itaque
3144 5071 3200 5124 in
3235 5080 3412 5126 morte
3441 5071 3655 5127 Christi

2085 5167 2388 5236 ingressum
2448 5164 2502 5218 in
2529 5164 2708 5233 ipsum
2743 5169 2989 5216 sanctum
3027 5160 3464 5226 tabernaculum,
3505 5161 3652 5232 quod

2083 5253 2352 5310 exstruxit
2379 5252 2661 5315 Dominus,
2684 5260 2740 5304 et
2768 5263 2874 5302 non
2901 5247 3084 5310 homo,
3131 5247 3408 5302 caelestem
3431 5248 3648 5302 Jerusa~

2082 5348 2212 5411 lem,
2258 5354 2313 5400 et
2359 5358 2650 5414 supernam
2703 5342 2849 5413 illam
2878 5337 3302 5393 amoenissimam
3351 5339 3654 5402 civitatem,

2083 5453 2204 5510 quae
2237 5445 2321 5492 est
2363 5444 2675 5489 sanctorum
2728 5439 2925 5494 mater,
2969 5436 3025 5484 et
3067 5429 3387 5502 angelorum
3443 5427 3651 5484 nutrix.

480 5623 525 5656 “
547 5623 723 5679 Levit.
760 5625 960 5690 Ἀκί-»5
1061 5625 1278 5680 “Joan.
1318 5642 1427 5691 ιη,
1489 5625 1574 5680 30.
1654 5627 1696 5660 "
1746 5627 1900 5683 Joan.
1949 5641 1985 5679 v

2104 5625 2190 5679 ιο.
2271 5623 2314 5654 ⁸⁸
2344 5619 2483 5678 Psal.
2521 5633 2640 5686 cxv,
2672 5617 2760 5674 15.
