4022 6198
441 269 543 324 667

1441 257 1498 312 S.
1538 254 1813 312 CYRILLI
1851 251 2320 309 ALEXANDRINI
2359 251 2675 308 ARCHIEP.

3602 257 3702 311 568

442 383 614 436 Porro
635 380 782 449 quod
799 379 1003 434 Christi
1025 392 1177 433 mors
1200 377 1272 431 sit
1298 384 1485 430 sancta
1510 391 1573 428 ac
1597 374 1859 443 pretiosa,
1885 370 2014 426 sub-

2126 371 2500 442 ὑπεμφήνειεν
2532 372 2597 425 ἂν
2641 371 2722 436 τὸ,
2746 369 2968 443 [thth
3004 375 3198 444 χρῆναι
3237 375 3588 444 προσκεῖσθαι
3617 379 3701 430 13'-

443 471 771 525 indicaverit
814 471 960 540 quod
1011 470 1148 525 dicit
1187 488 1204 520 ι
1242 467 1566 538 sanguinem
1590 465 1659 518 ad
1696 465 1868 518 altare
1892 463 2020 517 fun—

391 550 401 560 “
438 561 700 616 dendum.
735 563 948 616 »Ροιεει
967 572 1148 616 tamen
1164 561 1326 615 etiam
1356 559 1503 612 aliud
1530 557 1661 626 quid
1686 555 2018 626 significare,

439 668 658 723 nempe,
684 653 829 723 quod
845 655 1090 722 posuerit
1115 653 1353 707 animam
1378 666 1532 705 suam
1561 666 1660 719 pro
1684 649 1931 704 Ecclesia
1954 651 2015 702 ιτ.

438 745 572 798 Nam
605 764 622 794 ι
667 746 838 799 altare
873 764 890 794 ι
921 744 1054 798 illud
1083 752 1168 798 est
1188 743 1444 797 Ecclesia:
1475 752 1655 812 typus,
1703 741 1846 796 sicut
1891 756 2021 794 san-

438 837 559 906 guis
596 837 808 890 animae.
849 835 1202 890 Consecratio
1231 843 1414 888 autem
1442 833 1852 894 intestinorum,
1900 832 2022 900 pin-

437 928 693 998 guedinis
738 928 997 997 inquam,
1050 926 1256 997 jecoris
1315 935 1371 979 et
1419 940 1636 989 renum,
1707 924 2020 978 subindicat

437 1033 658 1072 rursum
681 1017 828 1086 quod
849 1017 1031 1070 omnia
1054 1017 1108 1070 in
1129 1015 1349 1071 Christo
1380 1014 1488 1069 sint
1518 1023 1726 1076 saneta,
1751 1014 2013 1083 pretiosa,

437 1109 752 1180 fragrantia.
781 1109 841 1162 lu
865 1109 1062 1178 bepate
1091 1110 1238 1162 enim
1267 1108 1635 1178 cupiditatum
1673 1108 1940 1177 cujusque
1962 1116 2018 1160 et

436 1199 781 1268 appetituum
803 1199 989 1254 sedem
1021 1207 1289 1263 statuunt,
1308 1199 1401 1268 qui
1423 1199 1618 1253 harum
1645 1213 1829 1252 rerum
1852 1197 2016 1266 periti

436 1297 584 1344 sunt.
613 1291 792 1344 Renes
815 1305 944 1345 vero
978 1290 1270 1344 discretiva
1299 1290 1556 1344 facultate
1596 1289 1811 1359 praediti
1865 1297 2012 1342 sunt.

437 1382 704 1450 Separant
731 1381 950 1436 enimid
977 1382 1122 1450 quod
1159 1382 1289 1434 utile
1316 1397 1380 1436 ac
1409 1381 1648 1434 salutare
1671 1389 1775 1444 est,
1827 1379 1897 1432 ab
1937 1380 2018 1432 in-

438 1475 560 1528 utili
587 1484 644 1530 et
688 1474 987 1544 superﬂuo.
1045 1475 1210 1543 Atqui
1249 1475 1353 1528 hoc
1399 1473 1636 1528 oliicium
1687 1479 1912 1543 praestat
1961 1471 2016 1525 in

436 1567 600 1622 nobis
632 1582 804 1620 mens.
850 1566 975 1620 Haec
999 1566 1169 1626 enim.
1201 1566 1364 1619 modo
1389 1574 1535 1620 recte
1577 1565 1875 1619 constituta
1922 1565 2013 1630 sit,

438 1659 620 1729 rejicit
651 1658 704 1712 id
736 1658 883 1728 quod
920 1673 1120 1712 nocere
1165 1659 1337 1723 solet;
1377 1658 1614 1713 admittit
1663 1665 1846 1710 autem
1888 1672 2016 1727 per-

2125 479 2242 531 γειν
2274 463 2350 534 τῷ
2377 463 2750 535 θυσιαστηρίῳ
2776 463 2837 516 τὸ
2865 458 3028 534 αἷμα.
3069 483 3086 516 ι
3122 465 3542 536 Κατααημήνειε
3570 468 3613 520 δ’
3641 468 3708 521 ἂν

2124 555 2217 607 καὶ
2249 555 2474 625 ἑτέρως,
2501 554 2587 606 ὅτι
2615 553 2829 607 τέθεικε
2863 553 2959 624 τὴν
2994 555 3183 608 ἑαυτοῦ
3216 555 3391 626 ψυχὴν
3430 558 3568 628 ὑπὲρ
3606 561 3705 631 τῆς

2134 644 2481 715 Ἐκκλησίας.
2509 645 2690 708 Τόπος
2721 645 2819 715 μὲν
2848 646 2964 717 γὰρ
2991 646 3090 716 τῆς
3127 647 3452 718 Ἐκκλησίας
3506 651 3566 702 τὸ
3613 649 3704 703 θυ-

2123 735 2458 804 σιαστήριον,
2508 733 2686 804 ψυχῆς
2710 735 2765 787 δὲ
2799 735 2862 787 τὸ
2887 731 3068 806 αἷμα.
3115 736 3177 788 Ἢ
3202 737 3258 789 δὲ
3285 737 3392 790 τῶν
3423 738 3705 794 ὲνδοσοίων

2121 827 2396 890 ἀνάθεσις,
2419 828 2538 897 ἦτοι
2569 827 2914 897 καθιέρωαις,
2953 829 3186 898 πιμελῆς
3213 830 3288 894 δὲ,
3317 829 3479 898 λέγω,
3499 833 3705 903 ἥπατός

2119 935 2180 972 τε
2225 920 2319 972 καὶ
2361 919 2596 990 νεφρῶν,
2644 920 2900 990 ὑποδηλοί
2927 921 3108 984 πάλιν,
3159 923 3242 974 ὅτι
3285 923 3378 975 καὶ
3424 924 3574 992 ἀγια,
3608 925 3706 978 καὶ

2123 1012 2263 1082 ἱερὰ,
2294 1013 2387 1064 καὶ
2418 1011 2592 1083 εὐώδη
2629 1014 2805 1066 πάντα
2827 1014 2893 1067 τὰ
2925 1015 2981 1066 ὲν
3009 1013 3250 1085 Χριστῷ.
3301 1016 3389 1068 Ἐν
3409 1017 3576 1086 ἥπατι
3606 1018 3706 1089 μὲν

2120 1103 2249 1175 γὰρ,
2274 1104 2374 1168 τάς
2419 1104 2502 1174 ἐφ’
2543 1105 2719 1158 ὁτιοῦν
2751 1105 3048 1176 ἐπιθυμίας
3076 1107 3194 1178 ἤτοι
3229 1107 3433 1178 ὀρέξεις
3463 1109 3707 1177 γίνεσθαί

2125 1213 2290 1265 φασιν
2321 1197 2370 1249 οί
2412 1195 2584 1250 ταῦτα
2635 1197 2807 1267 σοφοί.
2858 1198 3068 1269 Νεφρὸς
3114 1199 3169 1251 δὲ
3203 1199 3266 1270 δὴ
3299 1201 3480 1262 πάλιν,
3519 1201 3706 1271 μόριόν

2119 1289 2267 1340 ἐστιν
2313 1290 2370 1340 tv
2430 1287 2663 1356 σώματι,
2715 1289 3055 1361 διακριτικὴν
3090 1291 3211 1360 ἕχον
3252 1293 3351 1361 τὴν
3403 1293 3704 1362 ἐνέργειαν.

2131 1381 2444 1452 ’Λποκρίνει
2482 1383 2592 1454 γὰρ
2625 1382 2719 1436 τοῦ
2746 1384 3016 1454 χρησίμου
3045 1384 3105 1436 τὸ
3135 1385 3407 1455 περιττόν.
3441 1384 3707 1440 »Τοιοῦτον

2117 1473 2174 1526 δέ
2195 1491 2245 1526 τι
2266 1475 2357 1526 καὶ
2378 1476 2434 1526 ὲν
2458 1477 2588 1545 ἡμῖν
2613 1477 2796 1540 αὐτοῖς
2840 1479 2868 1530 6
2890 1477 3012 1540 νοῦς
3040 1477 3355 1548 ἐργάζεται.
3382 1479 3708 1550 Κιόδηλεύει

2121 1563 2218 1632 μὲν
2247 1565 2379 1634 γὰρ,
2409 1567 2566 1635 εἴπερ
2598 1567 2717 1619 ἐστὶ
2742 1568 2923 1636 σορὸς,
2946 1567 3005 1620 τὸ
3026 1569 3232 1622 ἀδικεῖν
3256 1571 3518 1639 πεφυκός⁹
3536 1588 3708 1642 προσ·

2121 1653 2258 1706 ίεται
2284 1654 2340 1707 δὲ
2365 1655 2455 1707 καὶ
2473 1654 2594 1708 λίαν
2623 1655 2872 1725 ἀσμένως
2908 1656 2970 1708 τὸ
3003 1655 3190 1709 τελοῦν
3215 1659 3294 1720 είς
3321 1657 3524 1727 ὄνησιν.
3554 1657 3707 1711 Td).-

437 1745 671 1800 libenter
703 1747 756 1800 id
784 1746 930 1816 quod
975 1748 1148 1817 juvat.
1180 1746 1332 1802 Unde
1355 1757 1411 1802 et
1445 1747 1640 1802 beatus
1683 1746 1853 1801 David
1894 1756 2014 1800 tan-

2119 1745 2277 1799 λειδέ
2307 1764 2411 1801 που
2452 1748 2548 1801 καὶ
2583 1749 2610 1800 6
2645 1749 2914 1819 μακάριος
2955 1748 3141 1812 Δαόὶδ,
3181 1749 3256 1813 ὠς
3298 1751 3362 1804 ὲκ
3411 1751 3708 1821 προσώπου

437 1852 600 1908 quam
649 1837 703 1891 in
726 1853 961 1907 persona
991 1836 1195 1892 Christi
1240 1837 1372 1892 alibi
1416 1837 1598 1907 psallit
1636 1854 1648 1889 :
1696 1855 1714 1886 ι
1762 1835 2013 1900 Domine,

435 1939 562 1985 ante
604 1937 655 1985 te
693 1946 855 1985 omne
887 1931 1223 1986 desiderium
1256 1946 1439 1986 meum
1476 1931 1540 1984 ¹⁸.
1588 1949 1605 1980 ι
1647 1930 1782 1983 [tem
1809 1967 1823 1992 ,
1861 1947 1880 1977 ι
1932 1928 2017 1981 Tu

437 2021 727 2090 possedisti
758 2037 918 2077 rencs
967 2037 1120 2076 meos
1152 2024 1214 2076 ".
1286 2041 1304 2074 ι
1347 2021 1503 2088 Quod
1529 2037 1660 2076 vero
1692 2020 2016 2074 Emmanuel

435 2113 620 2167 divina
667 2113 871 2170 virtute
909 2113 1148 2169 refertus
1196 2114 1289 2178 sit,
1325 2112 1790 2168 demonstraverit
1824 2126 2017 2166 rursus

437 2203 602 2269 veluti
640 2203 696 2256 in
720 2211 847 2274 typo
869 2204 983 2274 ipsa
1012 2203 1309 2273 pinguedo.
1330 2201 1806 2268 Quemadmodum
1865 2202 2015 2256 enim

435 2292 711 2362 pinguedo
769 2293 1015 2347 nascitur
1061 2294 1116 2347 in
1163 2292 1492 2347 animalibus
1521 2292 1662 2348 bene
1722 2292 1926 2347 habitis
1951 2309 2017 2348 ac

435 2385 607 2455 pastis
633 2403 645 2437 :
674 2385 768 2448 ita,
790 2385 1052 2448 arbitror,
1078 2385 1242 2439 etiam
1268 2384 1443 2438 virtus
1474 2393 1558 2440 est
1592 2385 1648 2438 in
1681 2393 1864 2439 mente
1893 2400 2015 2454 qua:

431 2475 646 2530 mlesti
671 2476 935 2531 alimento
960 2476 1223 2531 abundat.
1260 2475 1516 2532 Christus
1557 2477 1742 2546 itaque
1789 2484 2014 2530 sanctus

431 2575 488 2622 et
513 2567 898 2622 immaculatus
917 2576 1020 2633 est,
1054 2576 1110 2623 et
1137 2570 1343 2623 virtute
1368 2569 1699 2633 cumulatus,
1716 2567 2011 2638 pretiosus,

434 2659 686 2730 fragrans
721 2661 1096 2716 holocaustum
1124 2661 1488 2731 intelligibile,
1515 2676 1578 2714 ac
1597 2661 1766 2715 veluti
1791 2659 2013 2714 inomni

431 2752 616 2820 specie
639 2751 906 2816 oblatum,
948 2752 1002 2805 in
1026 2752 1200 2806 vitulo
1235 2752 1479 2821 inquam,
1537 2759 1593 2805 et
1637 2752 1808 2805 ariete
1848 2759 2013 2820 atque

435 2841 608 2894 hirco.
637 2840 824 2896 Hostia
846 2843 992 2896 enim
1028 2842 1286 2896 salutaris
1332 2856 1436 2911 pro
1466 2841 1628 2896 nobis
1677 2841 1854 2896 factus
1903 2849 2009 2905 est,

435 2930 694 3000 deditque
724 2932 1078 3001 semetipsum
1123 2929 1557 3000 redemptionem
1585 2944 1729 2983 unus
1765 2943 1866 2999 pro
1899 2942 2016 2981 om-

435 3021 619 3084 nibus,
655 3038 757 3092 per
810 3038 974 3092 quem
1019 3031 1076 3077 et
1129 3037 1254 3076 cum
1305 3037 1415 3093 quo
1458 3022 1530 3076 sit
1580 3021 1694 3074 Deo
1737 3035 1800 3074 ac
1863 3017 2010 3075 Patri

434 3112 603 3183 gloria
649 3127 776 3166 cum
803 3121 993 3166 sancto
1051 3111 1263 3182 Spiritu
1318 3111 1374 3164 in
1407 3111 1607 3166 secula
1661 3109 2006 3164 saeculorum.

434 3203 628 3258 Amen.

434 3311 594 3382 3&9
630 3309 782 3376 Quod
804 3327 896 3364 nos
929 3312 1158 3382 mysticae
1181 3312 1547 3367 benedictionis
1568 3313 1692 3383 facti
1711 3313 2011 3383 participes,

503 3383 716 3435 omnino
745 3397 808 3435 ac
835 3383 1042 3451 penitus
1071 3385 1243 3437 sancti
1277 3384 1540 3455 divinique
1567 3385 1729 3437 simus
1753 3383 1939 3453 futuri.

505 3567 685 3621 Divini
725 3567 1004 3637 discipuli,
1043 3566 1531 3623 Salvatorisnostri
1578 3566 1853 3637 mysteriis
1875 3566 2013 3620 insi-

433 3675 566 3730 gues
619 3659 811 3724 habiti,
862 3675 1043 3732 neque
1093 3660 1200 3714 sibi
1233 3668 1540 3728 rapuerunt
1582 3659 1870 3722 honorem,
1912 3673 2013 3712 ηε-

433 3767 539 3822 que
569 3752 778 3822 absque
819 3753 1108 3806 vocatione
1153 3765 1276 3804 sese
1315 3751 1683 3819 ingesserunt,
1711 3750 1805 3804 sed
1831 3751 2014 3820 potius

431 3844 631 3900 delecti
677 3853 806 3899 sunt
843 3843 910 3898 ad
941 3855 1145 3896 munus
1171 3839 1554 3910 apostolicum,
1583 3849 1638 3895 et
1667 3840 1926 3905 ordinati,
1954 3848 2016 3894 ut

434 3938 530 3990 toti
571 3934 692 3990 orbi
726 3949 880 3988 sacra
915 3930 1385 3993 administrarent,
1427 3944 1524 3999 per
1549 3930 1842 3985 salutarem
1875 3945 2016 3999 prae-

432 4027 786 4088 dicationem,
832 4025 938 4078 hoc
983 4031 1087 4086 est,
1132 4020 1338 4077 Christi
1363 4022 1738 4092 Evangelium.
1766 4023 2014 4076 lllustres

432 4118 580 4171 enim
603 4125 660 4168 et
684 4115 978 4183 praeclaros
1015 4114 1305 4168 constituit
1329 4129 1427 4168 eos
1451 4115 1741 4184 magistros
1773 4115 1886 4180 ille,
1917 4114 2014 4184 qui

434 4204 568 4272 ipsis
616 4203 797 4255 dixit:
848 4220 865 4251 ι
899 4202 1108 4255 Euntes
1149 4202 1343 4256 docete
1399 4217 1591 4256 omnes
1632 4215 1823 4274 gentes
1879 4205 1944 4258 '°.
1986 4223 2006 4256 ›

433 4290 854 4362 Promptissimo
894 4290 1077 4359 itaque
1118 4289 1303 4344 animo
1358 4290 1681 4346 obedientes
1714 4295 2014 4350 Dominicis

433 4385 742 4456 prteceptis,
773 4383 963 4438 orbem
987 4392 1258 4438 terrarum
1279 4383 1625 4439 illustrarunt
1649 4401 1663 4450 ;
1691 4385 2011 4456 magistrum

432 4479 658 4548 quidem
711 4477 856 4532 nacti
902 4477 1075 4531 Deum
1124 4492 1188 4530 ac
1236 4477 1454 4531 Patrem
1487 4478 1786 4541 caelestem,
1826 4478 2014 4547 gratiae

433 4570 729 4640 participes
745 4569 880 4645 alios
905 4568 1228 4623 effecerunt.
1255 4569 1434 4623 Probe
1456 4568 1604 4622 enim
1625 4569 2010 4637 meminerunt,

433 4669 494 4714 nt
540 4677 638 4730 par
685 4659 809 4724 fuit,
867 4659 1012 4713 illius
1064 4660 1211 4729 quod
1258 4658 1510 4714 Christus
1549 4661 1682 4730 ipsis
1730 4662 2009 4732 praecepit,

429 4753 672 4806 mandati
705 4770 717 4806 :
770 4771 786 4802 ι
818 4752 1002 4807 Gratis
1029 4752 1338 4821 accepistis,
1375 4751 1544 4822 gratis
1567 4752 1690 4808 date
1720 4754 1785 4806 “.
1816 4771 1835 4804 ι
1866 4751 2014 4807 Scri-

428 4842 513 4898 bit
559 4845 726 4914 igitur
772 4843 992 4897 divinus
1039 4843 1240 4897 Paulus
1262 4843 1360 4906 sic,
1393 4843 1786 4898 incarnationis
1805 4842 2010 4898 Christi

430 4935 752 5008 mysterium
795 4933 1114 4988 declarans:
1157 4953 1175 4983 ι
1205 4931 1361 4998 Quod
1405 4934 1553 4988 enim
1592 4942 1712 4988 erat
1759 4934 2011 5004 impossi-

431 5030 540 5086 bile
591 5031 726 5100 legis
768 5029 825 5082 in
872 5043 983 5099 quo
1029 5027 1413 5082 infirmabatur
1468 5043 1564 5098 per
1594 5044 1837 5091 carnem,
1865 5029 2012 5082 Deus

430 5124 599 5178 misso
619 5140 725 5177 suo
755 5123 894 5177 Filio
920 5123 973 5175 in
1002 5121 1419 5176 similitudinem
1449 5122 1636 5174 carnis
1670 5122 1903 5190 peccati,
1945 5121 2012 5176 de

431 5225 649 5286 peccato
701 5214 1086 5269 condemnavit
1136 5221 1421 5282 peccatum
1468 5213 1522 5266 in
1575 5229 1671 5266 sua
1720 5229 1905 5277 carne,
1953 5222 2015 5266 ut

424 5305 745 5377 justillcatio
790 5306 924 5376 legis
961 5305 1296 5374 impleretur
1346 5305 1400 5357 in
1449 5303 1626 5368 nobis,
1663 5303 1756 5373 qui
1787 5320 1897 5358 non
1932 5319 2016 5357 se-

429 5395 670 5449 cundum
720 5409 940 5449 carnem
980 5393 1345 5456 ambulamus,
1394 5392 1489 5447 sed
1519 5392 1822 5447 secundum
1848 5394 2014 5462 spiri-

430 5493 565 5544 tum.
622 5489 819 5542 Factus
877 5487 1024 5541 enim
1072 5492 1156 5540 est
1204 5500 1304 5555 pro
1342 5485 1501 5540 nobis
1545 5495 1832 5556 peccatum
1857 5485 2016 5540 Chri-

508 5690 548 5720 "
569 5689 772 5759 Ephes.
792 5689 946 5755 v,25.
1015 5691 1056 5724 ¹⁸
1086 5687 1550 5756 Psal.xx.\'vn,10.
1614 5689 1809 5744 "Psal.
1832 5706 2082 5758 cxxxvm,
2110 5692 2190 5745 ιδ.

2117 1838 2211 1894 τοῦ
2237 1840 2474 1912 Χριστοῦ
2497 1858 2510 1871 ο
2551 1859 2570 1892 ι
2621 1841 2894 1894 Ἐναντίον
2935 1858 3028 1894 σου
3055 1843 3205 1896 πᾶσα
3237 1845 3268 1913 ἡ
3298 1843 3558 1914 ἐπιθυμία
3600 1845 3706 1914 μού

2117 1933 2254 1986 ἐστι.
2299 1950 2316 1983 ι
2367 1933 2478 1985 Καὶ
2522 1933 2719 1986 πά)ιν’
2757 1953 2775 1986 ι
2816 1935 2939 1988 Ὅτι
2981 1935 3043 1989 σὺ
3076 1936 3290 2006 ἐκτήσω
3309 1934 3537 2006 νεφρούς
3565 1952 3706 2004 μου,

2117 2022 2311 2095 Κύριε.
2353 2043 2371 2076 ι
2405 2025 2528 2077 Ὀτι
2556 2025 2612 2078 δὲ
2643 2025 2738 2079 καὶ
2782 2026 2984 2097 ἀρετῆς
3016 2027 3319 2096 ἀνάμεστος
3348 2027 3449 2096 τῆς
3479 2026 3709 2096 θεοπρεο

2117 2115 2252 2178 ποῦς
2295 2118 2322 2169 ό
2372 2115 2742 2188 Ἐμμανουὴλ,
2782 2117 3158 2189 παραδείξειεν
3212 2118 3279 2173 ἂν
3324 2118 3400 2181 ὡς
3440 2120 3496 2171 ὲν
3547 2117 3709 2187 τύπῳ

2117 2211 2278 2264 πάλιν
2306 2211 2339 2281 ή
2371 2230 2387 2260 ι
2402 2209 2623 2280 πιμελή.
2641 2210 2883 2282 ι’Ὢσπερ
2910 2211 3019 2282 γὰρ
3040 2214 3094 2264 ὲν
3113 2213 3223 2273 τοῖς
3245 2213 3440 2279 ἄριστα
3465 2209 3702 2280 τεθραμ·

2119 2301 2301 2372 μένοις
2339 2300 2447 2354 τῶν
2475 2299 2628 2364 ζώων
2655 2303 2688 2372 ἡ
2717 2302 2920 2373 πιμελὴ
2953 2301 3188 2370 γίνεται·
3217 2302 3354 2354 κατά
3397 2299 3486 2354 τὸν
3515 2300 3704 2363 αὑτὸν,

2114 2385 2299 2460 οἶμαι,
2343 2391 2544 2462 τρόπον
2583 2391 2662 2454 είς
2701 2390 2825 2444 νοῦν
2867 2392 3034 2464 ἀρετὴ
3067 2391 3270 2462 τροφὴν
3299 2391 3488 2461 ἔχοντα
3515 2391 3611 2461 τὴν
3642 2391 3708 2456 ἐξ

2113 2480 2370 2552 οὐρανοῦ.
2399 2483 2588 2550 Ἀγιος
2607 2482 2672 2554 δὴ
2703 2478 2798 2536 οὖν
2831 2485 2925 2537 καὶ
2947 2483 3248 2553 ἀμώμητος
3273 2483 3301 2534 6
3324 2483 3576 2552 Χριστὸς,
3607 2484 3709 2535 καὶ

2115 2575 2313 2646 ἀρετῆς
2371 2574 2652 2646 ἔμπλεως,
2710 2576 2853 2647 ίερδς
2906 2577 3000 2628 καὶ
3046 2576 3288 2644 εὐώδης,
3341 2573 3709 2644 ὁλοκαύτωμα

2114 2667 2322 2737 νοητὸν,
2343 2668 2436 2720 καὶ
2457 2667 2531 2730 ὡς
2561 2668 2618 2718 tv
2634 2666 2764 2718 εἴδει
2789 2666 2951 2720 παντὶ
2972 2665 3490 2736 προσενηνεγμένον,
3515 2664 3712 2739 μόσχῳ

2113 2774 2192 2820 τε,
2227 2758 2390 2828 φημὶ,
2418 2758 2512 2812 κα)⁵
2542 2757 2681 2828 κριῷ
2704 2799 2718 2823 ,
2752 2758 2843 2810 καὶ
2867 2757 3000 2826 αἰγί.
3033 2757 3307 2827 Σωτήριος
3345 2755 3450 2826 γὰρ
3478 2755 3709 2822 γέγονεν

2115 2849 2254 2918 ὑπὲρ
2278 2851 2310 2919 ἡ
2319 2849 2434 2918 μῶν
2459 2847 2618 2902 θυσία
2643 2865 2721 2911 τε,
2747 2850 2840 2902 καὶ
2854 2848 3086 2901 δέδωκεν
3101 2848 3291 2901 ἑαυτὸν
3312 2847 3452 2915 ὑπὲρ
3480 2847 3706 2899 πάντων

2117 2933 2218 3002 εἷς,
2255 2940 2283 2991 6
2310 2938 2530 2991 πάντων
2562 2937 2834 3004 ἀντάξιος.
2866 2937 2944 2991 Δι’
2973 2934 3034 2994 οῦ
3072 2939 3168 2992 καὶ
3209 2938 3330 3008 μεθ’
3359 2931 3420 2991 οῦ
3459 2937 3536 3006 τῷ
3577 2935 3704 3006 Θεῷ

2115 3029 2210 3081 καὶ
2248 3028 2477 3100 Πατρὶή
2499 3027 2645 3094 δόξα,
2673 3029 2770 3082 σὺν
2804 3030 2943 3101 ἁγίῳ
2967 3029 3267 3102 Πνεῦματι,
3299 3031 3374 3093 είς
3406 3029 3532 3092 τοὺς
3565 3027 3706 3082 αἰῶ-

2113 3134 2212 3182 νας
2247 3117 2357 3172 τῶν
2395 3116 2626 3173 αίώνων.
2661 3119 2853 3189 ’Δμήν.

2114 3313 2242 3371 Ὀτι
2273 3316 2386 3385 τῆς
2411 3315 2712 3387 μυστικῆς
2747 3318 3030 3387 εὐλογίας
3073 3319 3142 3372 ἐν
3180 3319 3414 3388 μεθέξει
3455 3319 3703 3387 γεγονό-

2183 3404 2305 3454 τες,
2330 3389 2483 3458 ἅγιοι
2506 3388 2607 3442 καὶ
2636 3389 2778 3457 ἱεροὶ
2798 3388 2994 3457 πάντη
3017 3389 3114 3444 καί
3147 3388 3385 3456 πᾶντως
3411 3391 3700 3459 ἐσόμεθα.

2181 3562 2388 3633 Ταμίαι
2429 3563 2686 3632 γεγόνασι
2724 3564 2832 3618 τῶν
2859 3562 2954 3619 τοῦ
2995 3564 3244 3635 Σωτῆρος
3282 3563 3437 3635 ἡμῶν
3479 3579 3698 3634 μυστη-

2115 3659 2246 3730 ρίων
2273 3660 2322 3712 οἱ
2357 3657 2635 3712 θεσπέσιοι
2682 3659 2939 3730 μαθηταὶ,
2991 3658 3085 3712 καὶ
3127 3660 3224 3728 οὐχ
3271 3659 3481 3720 ἑαυτοῖς
3514 3655 3700 3728 ἀρπά-

2113 3751 2298 3816 ζοντες
2330 3749 2430 3821 τὴν
2455 3751 2654 3820 τιμὴν,
2694 3749 2820 3803 οὕτε
2856 3750 2962 3822 μὴν
3006 3749 3328 3820 αὐτόκλητοι
3357 3748 3507 3820 παρά
3534 3747 3703 3802 τοῦτο

2117 3843 2305 3906 εόντες·
2328 3842 2838 3914 προκεχειρισμένοι
2856 3843 2911 3895 6t
2938 3843 3138 3912 μᾶλλον
3155 3844 3233 3906 είς
3249 3839 3572 3910 ἀποστολὴν,
3598 3841 3701 3892 καὶ

2112 3937 2224 3998 τοῖς
2272 3935 2375 3988 ἀνά
2411 3935 2593 3988 πᾶσαν
2622 3934 2721 4004 τὴν
2779 3934 2870 3987 ὑπ’
2911 3934 3138 4005 οὐρανὸν
3170 3935 3472 4004 ἱερουργεῖν
3516 3935 3705 3985 ἔπιτε-

2113 4027 2373 4098 ταγμένοι
2391 4026 2452 4079 τὸ
2476 4026 2750 4096 σωτήριον
2767 4027 3052 4097 κήρυγμα,
3077 4026 3343 4090 τουτέστι,
3365 4025 3424 4078 τὸ
3449 4025 3701 4092 Εὐαγγέ-

2112 4116 2224 4172 λιον
2243 4123 2338 4176 τοῦ
2370 4116 2630 4188 Χριστοῦ.
2660 4118 2961 4189 Λαμπροῦς
2992 4118 3100 4188 γὰρ
3132 4117 3298 4170 ὲτίθει
3349 4117 3475 4179 τοὺς
3519 4132 3699 4184 μυστ-

2113 4207 2382 4275 αγωγοὺς,
2433 4205 2576 4260 οὕτω
2607 4206 2794 4274 ,λέγων
2813 4223 2826 4235 ·
2858 4225 2876 4257 ι
2906 4204 3270 4278 Πορευθέντες
3313 4203 3699 4276 μαθητεύσατε

2113 4299 2294 4353 πάντα
2329 4297 2397 4352 τὰ
2423 4297 2604 4370 ἔθνη.»
2625 4299 2879 4362 Εἷκοντες
2911 4297 2975 4369 δὴ
3015 4294 3131 4362 οὖν,
3167 4297 3264 4350 καί⁵
3306 4297 3450 4367 μάλα
3483 4295 3695 4366 προθύ-

2118 4411 2254 4464 μως,
2281 4395 2394 4456 τοῖς
2407 4395 2756 4456 Δεσποτικοῖς
2785 4393 3144 4462 θεσπίσμασι,
3164 4389 3563 4460 φωταγωγοῦσι
3597 4391 3700 4458 τὴν

2112 4485 2470 4554 οίκουμένην’
2520 4483 2813 4554 παιδευτὴν
2866 4483 2962 4554 μὲν
3007 4483 3264 4554 λαχόντες
3309 4482 3464 4535 αὐτοὶ
3505 4480 3600 4532 τὸν
3640 4483 3700 4532 ἐν

2109 4577 2356 4646 οὐρανοῖς
2380 4574 2600 4644 Πατέρα
2625 4577 2720 4628 καὶ
2749 4577 2902 4640 Θεὸν,
2935 4577 3228 4639 κοινωνοὺς
3259 4575 3316 4628 δὲ
3345 4575 3444 4644 τῆς
3470 4574 3699 4644 χάριτος

2110 4666 2496 4730 ἀποτελοῦντες
2537 4668 2781 4738 ἑτέρους.
2817 4668 3187 4740 Διεμέμνηντο
3212 4667 3341 4739 γὰρ,
3367 4665 3506 4721 κατὰ
3529 4666 3593 4718 τὸ
3621 4667 3701 4717 εί-

2110 4758 2225 4823 κὸς,
2261 4759 2340 4822 είς
2373 4756 2529 4810 τοῦτο
2552 4756 2780 4829 γνώμης
2806 4759 3004 4823 αὐτοὺς
3035 4759 3403 4829 ἁποφέροντος
3439 4756 3532 4810 τοῦ
3559 4758 3696 4827 Χρι-

2114 4847 2263 4913 στοῦ,
2317 4848 2566 4916 λέγοντος
2615 4848 2838 4916 σαφῶςο
2891 4849 3151 4921 «Δωρεάν
3193 4849 3438 4914 ὲλάἦετε,
3483 4846 3700 4917 δωρεὰν

2114 4939 2254 4992 δότε.
2287 4957 2306 4990 ι
2355 4938 2563 5008 Γράφει
2613 4939 2795 4992 τοίνυν
2836 4941 2865 4992 6
2912 4939 3202 5003 θεσπέσιος
3256 4937 3617 5004 Παῦλος,καὶ
3639 4937 3700 4988 τὲ

2118 5029 2253 5099 βαθὺ
2293 5029 2388 5099 τῆς
2422 5030 2559 5100 μετά
2597 5031 2796 5101 σαρκὸς
2824 5030 3132 5101 οἰκονομίας
3174 5027 3448 5098 διατρανοί
3475 5026 3699 5097 μυστὴ-

2115 5137 2247 5192 ριον,
2275 5119 2370 5171 ὡδί
2411 5136 2514 5172 που
2550 5119 2722 5188 λέγων
2745 5137 2758 5149 ·
2792 5139 2810 5170 ι
2834 5119 2907 5173 Τὸ
2942 5119 3048 5193 γὰρ
3081 5118 3341 5173 ἀδύνατον
3384 5115 3477 5170 τοῦ
3527 5117 3701 5182 νόμου

2112 5213 2172 5264 tv
2213 5204 2257 5278 ᾦ
2301 5208 2518 5279 ὴσθένει
2568 5211 2656 5264 διὰ
2697 5211 2800 5281 τῆς
2847 5212 3071 5283 σαρκὸς,
3117 5213 3146 5263 6
3190 5208 3323 5272 Θεὸς
3367 5206 3456 5260 τὸν
3499 5203 3701 5258 ἑαυτοῦ

2113 5305 2242 5358 Υίὸν
2289 5304 2515 5376 πέμψας
2558 5306 2616 5357 ὲν
2661 5304 2940 5375 ὁμοιότητι
2990 5303 3193 5374 σαρκὸς
3238 5299 3534 5371 ἁμαρτίας.
3571 5296 3700 5364 περὶ

2117 5394 2390 5466 ἁμαρτίας
2424 5395 2714 5464 κατέκρινε
2749 5395 2846 5464 τὴν
2879 5394 3154 5464 ἁμαρτίαν
3178 5395 3236 5445 tv
3269 5394 3334 5462 τῇ
3379 5386 3576 5460 σαρκί*
3612 5387 3713 5438 ἶνα

2114 5486 2176 5539 τὸ
2212 5485 2490 5558 δικαίωμα
2531 5486 2626 5540 τοῦ
2675 5486 2842 5558 νόμου
2879 5485 3142 5556 πληρωθῇ
3196 5484 3253 5535 tv
3304 5485 3455 5553 ἡμῖν,
3483 5480 3592 5541 τοῖς
3624 5479 3716 5549 μὴ

2271 5693 2314 5722 ’θ
2348 5693 2534 5748 .‘ilatth.
2589 5689 2780 5758 xxt'm,
2819 5691 2900 5746 l9.
2983 5691 3020 5720 “
3063 5688 3251 5743 Μεὶίιὶιι
3308 5706 3372 5752 Χ.
3409 5688 3461 5745 3-
