4022 6198
379 234 487 291 διο

1378 229 1901 289 ςιΑΡιιγιιοιιωι
1939 234 2007 289 l‘N
2048 235 2421 294 ιεγιτιοωι
2452 238 2675 295 LIBER.

3561 251 3665 307 55!)

381 345 522 401 κατὰ
543 346 725 416 σάρκα
753 344 1170 415 περιπατοῦσιν,
1194 344 1330 399 ἀλλὰ
1354 346 1498 400 κατὰ
1514 346 1751 418 πνεῦμα.
1781 348 1976 417 Γέγονε

2082 358 2221 416 stus,
2259 373 2277 405 3
2320 355 2468 410 sicut
2501 355 2770 425 scriptum
2801 361 2885 408 est
2964 394 2978 418 ,
3011 369 3136 409 cum
3170 364 3354 412 tamen
3374 361 3510 416 nulli
3532 380 3664 433 pec-

380 438 488 508 γάρ
506 437 647 507 ὑπὲρ
669 435 824 507 ἡμῶν
847 435 1094 507 ἁμαρτία
1114 437 1367 506 Χριστὸς,
1388 455 1407 487 3
1435 436 1621 502 καθὼς
1644 438 1974 508 γέγραπται,

379 531 473 584 καί
506 530 568 583 οὐ
593 529 766 600 δήπου
815 529 1036 591 πάντως
1080 527 1357 599 ἁμαρτξας
1401 527 1603 600 ἔνοχος.
1638 531 1712 584 Οὐ
1737 531 1844 603 γὰρ
1874 525 1977 585 ὦδε

380 625 568 693 ληρεῖν
600 620 909 692 εἰθίσμεθα,
945 620 1067 674 ἐπεὶ
1112 621 1187 692 μὴ
1224 615 1366 674 εἶδεν
1424 621 1563 685 ὅλως
1617 622 1679 675 τὸ
1722 622 1977 695 πλημμε-

379 715 515 779 λεῖν,
562 712 696 777 Θεὸς
726 713 803 766 ὢν
840 712 1024 782 φύσει,
1050 714 1146 766 καὶ
1180 715 1245 766 ἑκ
1282 712 1420 768 Θεοῦ
1452 712 1712 785 πεφηνὼς
1729 715 1824 769 τοῦ
1859 715 1975 769 Πα-

378 805 532 876 τρὸς,
565 804 752 876 ἐπειδὴ
799 804 856 858 δὲ
900 805 1096 873 γέγονε
1158 804 1309 875 θῦμα
1343 805 1484 877 ὑπὲρ
1519 805 1818 877 ἁμαρτίας.
1856 825 1876 858 ι
1902 806 1976 859 Τὸ

379 899 492 969 γάρ
530 898 721 969 Πάσχα
757 896 915 969 ⁴ἡμῶν
945 897 1086 968 ὑπὲρ
1112 896 1271 969 ἡμῶν
1300 898 1465 969 ἑτύθη
1491 899 1742 970 Χριστός.
1774 918 1793 951 3
1833 898 1975 952 Ταύ-

379 991 535 1062 τῃτοί
624 1006 806 1061 φαμεν
865 989 1120 1058 γενέσθαι
1197 989 1293 1043 καὶ
1366 990 1666 1061 ἁμαρτίαν.
1739 989 1972 1045 Τέθυται

378 1082 512 1153 γὰρ,
538 1081 615 1145 ὡς
653 1081 811 1152 ἔφην,
836 1081 924 1135 ἵνα
952 1079 1030 1151 τῷ
1076 1080 1190 1151 ἰδίῳ
1216 1079 1409 1151 αἵματι
1439 1081 1849 1152 κατακτήσηται
1874 1082 1972 1152 τὴν

379 1174 475 1226 ὑπ’
506 1173 752 1245 οὐρανόν.
794 1192 813 1225 ι
848 1160 1234 1244 Ἦγοράσμεθα
1281 1172 1390 1244 γάρ
1429 1173 1618 1244 τιμῆς,
1646 1191 1665 1225 3
1703 1172 1844 1226 κατὰ
1875 1174 1974 1238 τὰς

378 1264 629 1336 Γραφὰς,
659 1265 752 1317 καὶ
782 1262 882 1316 οὐκ
901 1264 1072 1333 ἐσμὲν
1102 1261 1334 1327 ἑαυτῶν,
1360 1262 1497 1317 ἀλλὰ
1514 1263 1610 1316 τοῦ
1642 1263 1783 1334 ὑπὲρ
1813 1263 1970 1335 ήμῶν

377 1356 666 1425 γεγονότος
691 1354 959 1426 ἁμαρτία,
992 1353 1081 1408 ἵνα
1124 1354 1233 1408 τῶν
1263 1356 1509 1426 ἀρχαίων
1539 1357 1688 1426 ἡμᾶς
1718 1355 1969 1410 ἀπαλλά-

380 1441 451 1514 ξῃ
492 1442 999 1513 πλημμελημάτων,
1034 1444 1129 1497 καὶ
1178 1443 1365 1513 ἁγίους
1411 1446 1664 1517 ἀποφήνῃ
1701 1444 1790 1498 διὰ
1845 1462 1973 1516 μετ-

377 1535 517 1604 οχῆς
545 1534 643 1603 τῆς
684 1534 846 1601 ἁγίας
876 1532 1041 1588 αὐτοῦ
1074 1535 1298 1607 σαρκὸς,
1322 1534 1478 1607 δῆλον
1501 1535 1556 1590 δὲ
1570 1538 1652 1590 ὃτι
1680 1535 1776 1590 καὶ
1807 1536 1973 1607 αἵμα-

375 1642 495 1690 τος.
528 1624 700 1678 Τοῦτό
734 1643 814 1679 τοι
861 1626 959 1681 καὶ
1009 1628 1039 1681 6
1085 1626 1374 1693 Θεσπέσιος
1412 1631 1546 1700 ἡμῖν
1597 1629 1970 1701 προανεφώνει

378 1717 575 1787 νόμοςο
608 1718 922 1789 γέγραπται
956 1717 1067 1789 γὰρ
1095 1718 1267 1783 οὕτως
1289 1722 1347 1773 ἑν
1374 1698 1750 1792 τῷγΔευῖτικῷ
1769 1738 1782 1751 ·
1816 1698 1969 1775 ιΚαὶ
2000 1698 2042 1753 Β

380 1807 614 1876 ἐλάλησε
653 1807 857 1879 Κύριος
906 1810 1043 1879 πρὸς
1092 1811 1321 1881 Μωσῆν,
1367 1810 1578 1879 λέγων·
1613 1810 1863 1883 Λὰλησον
1891 1810 1969 1884 τῷ

394 1896 610 1969 Ἀαρὼν
632 1898 729 1951 καὶ
760 1901 873 1963 τοῖς
912 1901 1049 1963 υἱοῖς
1095 1900 1284 1965 αὐτοῦ,
1312 1900 1487 1970 λέγων
1514 1917 1529 1932 ο
1556 1895 1724 1965 Οὗτος
1752 1904 1780 1955 6
1805 1901 1968 1972 νόμος

380 1990 484 2063 τῆς
522 1989 815 2060 ἁμαρτίας.
866 1990 956 2043 Ἐν
985 1989 1138 2060 τόπῳ
1166 1984 1228 2046 οὗ
1264 1991 1529 2061 σφάζουσι
1556 1990 1624 2045 τὰ
1657 1990 1966 2046 ὁλοκαυτώ-

384 2097 557 2151 ματα,
585 2081 849 2151 σφάξουσι
874 2082 965 2135 καὶ
993 2082 1056 2135 τὸ
1074 2081 1173 2152 τῆς
1203 2083 1478 2153 ἁμαρτίας
1522 2081 1704 2137 ἔναντι
1738 2084 1967 2154 Κυρίου.

382 2172 555 2241 Ἀγια
587 2173 757 2239 ἁγίων
789 2173 953 2227 ἑστιν.
1000 2174 1201 2244 Ἰερεὺς
1243 2176 1272 2228 6
1320 2174 1608 2246 ἀναφέρων
1635 2176 1826 2246 αὐτὴν,
1858 2176 1970 2230 ἑδε-

379 2280 474 2315 ται
508 2263 702 2334 αὐτὴν,
746 2263 803 2316 ἑν
848 2264 1000 2334 τόπῳ
1053 2265 1196 2335 ἁγίῳ
1229 2264 1591 2337 βρωθήσεται,
1621 2267 1679 2319 ἑν
1705 2268 1842 2338 αὐλῇ
1872 2268 1971 2339 τῆς

383 2354 593 2425 σκηνῆς
621 2352 715 2407 τοῦ
748 2356 1071 2427 μαρτυρίου.
1104 2356 1218 2420 Πᾶς
1246 2356 1275 2408 6
1306 2356 1613 2427 ἁπτόμενος
1638 2358 1748 2411 τῶν
1789 2359 1969 2429 κρεῶν

380 2444 579 2515 αὐτῆς,
617 2444 1032 2517 ἁγιασθησεται.
1075 2446 1163 2499 Ἐν
1190 2439 1234 2515 ᾧ
1281 2448 1348 2501 ἂν
1404 2448 1802 2521 ἑπιρῤαντισθῇ
1863 2449 1971 2502 ὰπδ

378 2535 480 2591 τοῦ
508 2538 742 2608 αἵματος
770 2539 939 2609 αὐτῆς
961 2538 1053 2591 ἐπὶ
1086 2538 1146 2592 τὸ
1177 2540 1412 2611 ἱμάτιον,
1450 2540 1479 2593 ὃ
1512 2540 1576 2594 ἂν
1603 2541 1862 2613 ῥαντισθῇ
1885 2539 1971 2596 ἐπ’

382 2628 541 2690 αὐτὸ,
576 2627 941 2699 πλυνθήσεται
971 2632 1030 2684 ἑν
1050 2629 1202 2701 τόπῳ
1227 2630 1387 2702 ἁγίῳ.
1420 2631 1532 2685 Καὶ
1563 2631 1755 2695 σκεῦος
1776 2632 1972 2703 ὀστρά-

380 2737 536 2774 κινον
563 2712 624 2772 οὗ
654 2720 749 2772 ἑὰν
780 2719 957 2791 ἑψηθῇ
983 2721 1039 2773 ἑν
1074 2718 1243 2791 αὐτῷ,
1298 2720 1718 2791 συντριϐήσεται
1739 2738 1751 2751 ·
1785 2720 1880 2773 ἑὰν
1913 2720 1971 2774 δὲ

386 2813 449 2864 ἑν
488 2810 672 2864 σκεύει
720 2810 906 2881 χαλκῷ
959 2811 1159 2883 ἑψηθῇ,
1190 2810 1435 2882 ἑκτρίψει
1471 2810 1621 2877 αὐτὸ,
1657 2811 1750 2865 καὶ
1778 2810 1971 2865 πλύσει

384 2902 562 2956 ὕδατι.
622 2902 740 2956 Πάν
790 2903 958 2974 ἄρσεν
1001 2904 1060 2955 ἑν
1110 2905 1221 2964 τυῖς
1256 2900 1464 2974 ἱερεῦσι
1512 2901 1747 2971 φάγεται
1806 2902 1967 2958 αὑτά.

383 2998 557 3067 Ἀγια
598 2995 772 3067 ἁγίων
814 2996 933 3051 ἑστὶ
975 2996 1054 3067 τῷ
1091 2996 1305 3067 Κυρίῳ.
1330 3015 1349 3047 3
1382 2994 1546 3058 Σύνες
1572 2994 1637 3067 δὴ
1680 2991 1772 3049 οὖν
1797 2997 1972 3068 ὅσπερ
1998 3028 2040 3086 c

378 3086 753 3142 καταθύεσθαι
808 3086 1021 3140 κελεύει
1071 3086 1171 3157 τὴν
1231 3086 1528 3158 ἁμαρτίαν,
1589 3087 1856 3153 τουτέστι,
1908 3087 1971 3162 τὸ

383 3179 526 3250 ὑπὲρ
571 3178 868 3253 ἁμαρτίας.
909 3177 1158 3249 Χίμαρος
1202 3177 1257 3230 δὲ
1287 3177 1397 3248 ἄρα
1424 3176 1581 3230 τοῦτο
1608 3173 1676 3248 ἦν
1701 3179 1781 3242 εἰς
1806 3177 1974 3233 τύπον

382 3271 648 3343 Χριστοῦ,
670 3270 764 3325 τοῦ
797 3270 866 3325 δι’
887 3271 1059 3342 ἡμᾶς,
1091 3271 1166 3334 ὡς
1195 3269 1354 3343 ἔφην,
1390 3270 1676 3340 γεγονότος
1699 3271 1970 3342 ἁμαρτία.

390 3363 754 3430 ιΛελόγισται
803 3362 911 3434 γὰρ
971 3363 1030 3416 ἑν
1081 3362 1324 3433 ἀνόμοις,
1356 3381 1375 3414 3
1426 3362 1521 3417 καὶ
1557 3361 1975 3433 συνεσταυρώθη

382 3453 636 3526 λῃσταῖς,
685 3451 1061 3525 κεχρημάτικέ
1114 3467 1174 3505 τε
1200 3451 1296 3506 καὶ
1324 3452 1453 3524 ἀρά.
1480 3450 1791 3521 Γέγραπται
1843 3450 1973 3524 γὰρ,

384 3547 467 3599 ὅτι
532 3566 552 3597 ι
582 3546 903 3617 Κατάρατος
958 3545 1067 3607 πᾶς
1108 3546 1137 3597 6
1188 3545 1540 3616 κρεμάμενος
1589 3545 1683 3598 ἐπὶ
1737 3544 1916 3612 ξύλου.
1949 3564 1969 3599 3

396 3634 561 3690 Ἀλλά
591 3636 686 3690 καί
716 3635 955 3706 καθῆκεν
988 3636 1180 3689 ἑαυτὸν
1208 3637 1265 3687 ἑν
1296 3633 1509 3698 τούτοις
1536 3634 1605 3689 δι’
1638 3637 1788 3706 ἡμᾶς
1828 3638 1977 3690 οἰκο-

384 3728 630 3799 νομικῶς
648 3744 665 3759 ’
696 3727 811 3783 ἀλλ’
841 3723 910 3801 ἦν
938 3745 999 3781 τε
1039 3728 1135 3782 καὶ
1171 3727 1324 3781 ἐστιν
1353 3729 1528 3797 ἅγιος,
1589 3729 1651 3782 οὐ
1678 3729 1820 3783 κατὰ
1850 3729 1978 3800 μέθ-

386 3819 500 3887 εξιν
527 3819 629 3873 τὴν
654 3818 730 3884 ὡς
777 3819 910 3893 παρ’
938 3819 1127 3892 ἑτέρου
1153 3817 1405 3891 καθάπερ
1432 3821 1612 3891 ἡμεῖς,
1644 3820 1891 3889 φυσικῶς
1917 3821 1976 3875 δὲ

389 3911 596 3982 μᾶλλον
632 3910 793 3973 αὐτὸς
833 3910 911 3974 ὡς
959 3910 1111 3974 Θεός.
1161 3911 1241 3964 Δι’
1292 3910 1455 3964 αὐτοῦ
1498 3910 1607 3981 γὰρ
1649 3912 1976 3984 πιστεύομεν

386 4003 489 4073 τὴν
520 4001 701 4055 κτίσιν
726 4002 1070 4070 ἁγιάζεσθαι,
1101 4002 1206 4057 κᾶν
1249 4002 1513 4072 ἀγγέλους
1546 4003 1839 4076 ὁνομάσῃς,
1872 4004 1976 4059 κᾶν

387 4093 452 4146 τὸ
481 4093 565 4169 ἔτι
606 4087 842 4165 προῦχον
882 4094 939 4146 ἑν
968 4093 1117 4165 δόξῃ,
1153 4091 1255 4147 κᾶν
1285 4092 1347 4146 τὺ
1380 4095 1770 4165 ὑπερκείμενόν
1793 4111 1854 4147 τε
1882 4093 1977 4148 καὶ

390 4186 676 4256 ἀνωτέρω,
710 4185 949 4256 Θρόνους
992 4184 1054 4239 τέ
1096 4202 1237 4255 φημι
1289 4186 1381 4239 καὶ
1430 4185 1650 4257 Ἀρχὰς,
1694 4185 1798 4239 κᾶν
1839 4184 1979 4239 αὑτά

391 4295 486 4349 μοι
520 4278 686 4349 λέγῃς
717 4278 786 4330 τὰ
815 4276 1099 4349 Σεραφίμο
1127 4276 1242 4330 ἀλλ’
1267 4278 1367 4330 οὐκ
1396 4276 1462 4331 ἂν
1482 4277 1681 4347 ἑτέρως
1702 4275 1978 4344 ἁγιάζοιτο

2079 451 2204 497 cato
2253 443 2423 500 fuerit
2457 447 2749 504 obnoxius.
2790 448 2980 518 Neque
3005 448 3154 504 enim
3181 451 3256 504 ita
3275 449 3510 510 delirare
3536 473 3667 512 con-

2077 534 2382 600 suevimus,
2425 545 2486 591 ut
2530 552 2658 592 eum
2694 538 2790 608 qui
2827 546 3022 607 suapte
3068 548 3265 594 natura
3301 549 3387 596 est
3419 542 3584 609 Deus,
3611 556 3669 603 et

2077 640 2145 679 ex
2180 626 2292 682 Deo
2327 628 2487 683 Patre
2520 629 2761 698 genitus,
2801 644 3030 699 peccare
3057 647 3404 694 censeamus,
3437 634 3532 688 sed
3574 651 3665 689 as-

2077 732 2397 775 severamus
2421 720 2572 790 quod
2602 720 2783 775 hostia
2816 719 2889 775 sit
2914 735 3014 790 pro
3036 730 3262 790 peccato
3282 722 3481 778 factus.
3521 745 3540 775 ι
3567 725 3668 780 Pa-

2075 810 2207 865 scha
2229 812 2377 866 enim
2405 828 2510 882 pro
2548 812 2710 867 nobis
2753 812 3068 880 immolatus
3101 821 3188 868 est
3233 812 3489 870 Christus
3519 817 3592 869 ηε
3638 837 3659 869 3

2074 902 2337 970 quocirca
2391 918 2521 957 eum
2577 922 2595 955 ι
2629 913 2915 974 peccatum
2945 903 3151 958 factum
3190 923 3209 955 3
3248 918 3369 959 esse
3405 904 3661 962 dicimus.

2073 992 2341 1049 Mactatus
2369 994 2518 1049 enim
2575 1003 2680 1061 est,
2715 1003 2776 1049 ut
2807 995 2941 1060 dixi,
3002 1004 3065 1050 ut
3118 1011 3219 1051 suo
3259 997 3483 1066 proprio
3535 1013 3662 1053 san-

2074 1084 2240 1154 guine
2298 1093 2473 1140 totum
2513 1086 2812 1142 redimeret
2875 1087 3163 1142 mundum.
3224 1087 3300 1142 Ita
3373 1089 3521 1142 enim
3587 1090 3665 1144 ait

2076 1172 2361 1245 Scriptura
2391 1193 2402 1228 :
2454 1195 2472 1226 ι
2502 1176 2687 1232 Pretio
2732 1176 2905 1247 empti
2942 1178 3077 1232 estis
3102 1178 3148 1209 "
3179 1195 3193 1231 :
3225 1197 3243 1229 3
3271 1194 3450 1248 neque
3474 1195 3665 1236 sumus

2074 1265 2310 1335 amplius
2336 1267 2512 1321 nostri
2548 1267 2713 1337 juris,
2740 1267 2839 1322 sed
2866 1267 3033 1332 illius,
3061 1268 3157 1337 qui
3178 1283 3281 1338 pro
3303 1268 3464 1322 nobis
3487 1269 3664 1325 factus

2071 1365 2157 1411 est
2195 1366 2519 1426 peccatum,
2567 1365 2629 1412 ut
2683 1373 2714 1411 a
2761 1357 3040 1427 prioribus
3084 1357 3325 1428 peccatis
3365 1357 3658 1422 liberaret,

2073 1454 2403 1516 sanctosque
2434 1463 2534 1518 per
2558 1459 2761 1504 sanctae
2798 1450 2981 1505 carnis
3008 1466 3120 1505 suae
3144 1458 3199 1504 et
3223 1449 3354 1505 item
3380 1451 3661 1521 sanguinis

2072 1536 2517 1592 communionem
2562 1538 2838 1593 redderet.
2875 1538 2991 1594 Hoc
3013 1538 3193 1608 ipsum
3224 1538 3406 1594 divina
3434 1540 3521 1594 lex
3555 1556 3660 1595 no-

2072 1628 2159 1683 bis
2207 1628 2651 1700 prazsigniﬁcavit
2680 1669 2695 1695 ,
2738 1629 2813 1684 ita
2851 1630 2999 1685 enim
3026 1630 3086 1685 in
3116 1631 3364 1686 Levitico
3391 1633 3658 1703 scriptum

2069 1726 2156 1775 est
2188 1737 2201 1773 :
2235 1739 2252 1771 ι
2281 1721 2524 1776 Locutus
2566 1729 2651 1777 est
2704 1722 2970 1777 Dominus
3014 1723 3082 1777 ad
3140 1723 3383 1795 Moysen,
3418 1724 3609 1780 dicens
3639 1745 3652 1779 :

2070 1812 2323 1882 Loquere
2368 1813 2549 1869 Aaron
2599 1822 2655 1869 et
2707 1813 2837 1868 ﬁliis
2879 1816 3022 1885 ejus,
3066 1814 3296 1871 dicens:
3330 1816 3439 1870 Ista
3464 1817 3658 1873 cstlex

2068 1903 2300 1973 peccati.
2330 1904 2392 1959 1n
2441 1905 2563 1959 loco
2600 1904 2695 1959 ubi
2743 1912 2983 1959 mactant
3033 1905 3413 1962 holocaustum
3470 1923 3655 1975 suum,

2069 1994 2395 2049 mactabunt
2430 1994 2595 2065 350
2618 2003 2675 2050 et
2701 1994 2936 2049 hostiam
2966 2012 3068 2066 pro
3091 2005 3317 2065 peccato
3342 2013 3527 2053 coram
3553 2000 3658 2055 Do-

2069 2085 2242 2140 mino.
2291 2085 2494 2141 Sancta
2522 2094 2839 2141 sanctorum
2873 2095 3022 2141 sunt.
3055 2086 3323 2143 Sacerdos
3355 2090 3451 2159 qui
3473 2090 3654 2151 oﬂ‘ert.

2070 2173 2244 2245 ipsam
2268 2177 2581 2240 manducat,
2607 2183 2665 2231 et
2692 2175 2746 2229 in
2778 2176 2901 2231 loco
2926 2186 3118 2234 sancto
3137 2179 3410 2245 comedet,
3437 2181 3493 2234 in
3516 2181 3657 2236 atrio

2071 2268 2413 2323 tabernaculi
2442 2268 2765 2324 testimonii.
2799 2268 3126 2340 Quicunque
3152 2270 3396 2341 attigerit
3434 2271 3503 2327 de
3532 2287 3654 2327 car-

2069 2359 2237 2414 nibus
2268 2360 2409 2430 ejus,
2438 2359 2894 2415 sanctiﬁcabitur.
2918 2360 2987 2415 Et
3006 2361 3445 2431 quandocunque
3465 2377 3655 2431 asper-

2073 2465 2195 2506 sum
2238 2450 2407 2505 fuerit
2454 2450 2522 2505 de
2564 2452 2830 2522 sanguine
2856 2452 3031 2522 ipsius
3052 2467 3219 2522 super
3243 2454 3653 2519 vestimentum;

2071 2542 2442 2612 quodcunque
2473 2557 2757 2612 aspersum
2797 2542 2988 2608 fuerit,
3029 2543 3085 2598 id
3129 2543 3405 2599 lavabitur
3445 2544 3655 2599 inloco

2070 2641 2283 2688 sancto.
2340 2634 2450 2690 Vas
2500 2640 2686 2688 autem
2734 2633 2792 2688 in
2836 2649 2947 2704 quo
2983 2641 3138 2688 cocta
3184 2641 3288 2700 est,
3331 2635 3496 2690 ﬁctile
3526 2651 3657 2690 con-

2070 2722 2341 2794 fringetur
2368 2741 2381 2777 :
2415 2722 2462 2777 si
2485 2737 2616 2778 vero
2640 2738 2795 2778 aeneo
2818 2739 2947 2779 vase
2971 2732 3125 2778 cocta
3147 2723 3334 2789 fuerit,
3363 2724 3655 2782 defricabit

2072 2811 2254 2882 ipsum
2301 2820 2357 2867 et
2386 2812 2571 2867 abluet
2595 2827 2757 2882 aqua.
2792 2811 2983 2868 Omnis
3007 2813 3286 2869 masculus
3305 2830 3372 2868 ex
3395 2816 3649 2871 sacerdo-

2073 2904 2224 2959 tibus
2244 2904 2362 2960 edit
2394 2905 2531 2974 ipsa.
2558 2903 2758 2959 Sancta
2780 2912 3093 2959 sanctorum
3117 2913 3247 2959 sunt
3275 2905 3506 2960 Domino
3528 2909 3593 2961 ".
3629 2928 3647 2958 3

2072 2992 2340 3063 lntelligis
2396 2992 2565 3064 igitur
2607 2991 2885 3063 quomodo
2928 2991 3121 3062 jubeat
3158 2992 3432 3048 immolari
3455 3009 3654 3064 pecca-

2073 3094 2213 3150 tum,
2252 3085 2358 3140 hoc
2384 3094 2491 3151 est,
2518 3085 2754 3141 hostiam
2801 3100 2904 3156 pro
2926 3086 3197 3156 peccato?
3226 3086 3403 3156 Caper
3430 3101 3562 3157 ergo
3608 3087 3657 3142 is

2073 3185 2193 3234 erat
2230 3176 2289 3231 in
2341 3183 2529 3249 typum
2570 3176 2795 3241 Christi,
2841 3175 2937 3247 qui
2971 3184 3201 3248 propter
3232 3192 3353 3242 nos,
3401 3186 3465 3232 ut
3516 3177 3652 3241 dixi,

2074 3268 2252 3324 factus
2285 3276 2371 3324 est
2398 3277 2707 3339 peccatum.
2763 3285 2783 3320 ι
2807 3268 2958 3323 Inter
3003 3268 3223 3338 iniquos
3257 3267 3405 3323 enim
3430 3276 3655 3339 reputa-

2076 3370 2166 3416 tus
2189 3360 2360 3426 est",
2398 3379 2417 3412 3
2444 3369 2504 3415 et
2529 3374 2643 3414 una
2679 3374 2806 3415 cum
2849 3359 3154 3414 latronibus
3202 3359 3517 3424 cruciﬁxus,
3556 3359 3655 3414 de-

2073 3453 2423 3522 claratusque
2479 3450 2806 3507 maledictus
2846 3449 2907 3504 in
2965 3449 3270 3521 Scriptura.
3327 3450 3420 3506 Ait
3467 3451 3654 3515 enim,

2084 3560 2103 3593 ι
2131 3540 2453 3597 Maledictus
2479 3540 2660 3597 omnis
2685 3540 2782 3611 qui
2809 3537 3015 3612 pendet
3060 3538 3118 3593 in
3168 3539 3318 3610 ligno
3352 3540 3417 3594 ⁸⁷.
3475 3559 3495 3591 3
3539 3540 3655 3595 Etsi

2076 3640 2259 3688 autem
2286 3632 2528 3704 seipsum
2550 3631 2626 3687 ita
2653 3629 2941 3686 demiserit
2968 3638 3195 3700 propter
3242 3644 3364 3695 nos,
3411 3636 3530 3684 erat
3569 3638 3654 3684 ta—

2075 3737 2205 3777 men
2251 3730 2417 3790 atque
2467 3729 2554 3777 est
2599 3727 2841 3785 sanctus,
2866 3728 2930 3775 et
2955 3717 3179 3788 quidem
3210 3733 3322 3772 non
3348 3718 3652 3773 secundum

2075 3812 2581 3885 participationem,
2621 3810 2794 3866 veluti
2819 3810 2890 3865 ab
2915 3808 3046 3874 alio,
3078 3808 3221 3863 sicut
3242 3823 3345 3862 nos
3368 3825 3384 3872 ;
3406 3807 3501 3863 sed
3523 3822 3653 3863 sua-

2075 3914 2169 3975 pte
2195 3913 2412 3967 natura,
2441 3913 2702 3972 tanquam
2736 3902 2902 3956 Deus.
2932 3900 3039 3955 Per
3080 3899 3261 3968 ipsum
3304 3898 3452 3952 enim
3488 3907 3542 3952 et
3582 3898 3653 3954 ab

2076 3993 2197 4065 ipso
2256 3993 2534 4047 credimus
2576 3990 2887 4045 universam
2937 3987 3270 4044 sanctiﬁcari
3318 3995 3649 4054 creaturam,

2076 4086 2244 4142 etiam
2284 4084 2435 4155 ipsos
2476 4082 2720 4154 angelos,
2749 4090 2844 4137 aut
2881 4081 2929 4138 si
2960 4081 3094 4153 quid
3130 4079 3508 4151 praestantiore
3532 4081 3653 4151 glo-

2077 4178 2161 4233 ria
2205 4177 2278 4233 sit
2320 4176 2631 4247 przeditum,
2672 4174 3116 4244 eminentiusque
3161 4188 3226 4228 ac
3255 4173 3510 4243 superius
3535 4173 3648 4228 sit:

2079 4275 2143 4323 ut
2179 4274 2309 4323 sunt
2351 4266 2559 4322 Throni
2580 4273 2637 4321 et
2670 4264 3041 4335 Principatus.
3066 4266 3180 4320 lmo
3202 4280 3337 4320 vero
3365 4265 3651 4321 licetmihi

387 4368 578 4433 ταυτὶ,
603 4368 743 4439 πλὴν
770 4368 852 4421 ὅτι
896 4364 1050 4439 παρὰ
1096 4365 1308 4437 Πατρδς
1348 4366 1414 4420 δι’
1448 4365 1577 4419 Υἱοῦ
1599 4367 1654 4419 ἑν
1677 4364 1974 4437 Πνεύματι.

2078 4358 2285 4413 dixeris
2328 4358 2478 4427 ipsos
2508 4354 2793 4424 Serapbim
2825 4371 2842 4421 ;
2873 4363 3056 4409 tamen
3075 4369 3187 4409 non
3222 4356 3385 4410 aliter
3405 4354 3648 4410 sanctiﬁ-

390 4459 607 4514 Οὐκοῦν
658 4458 762 4514 κᾶν
809 4459 1033 4529 γέγονεν
1078 4458 1345 4530 ἁμαρτία,
1383 4456 1691 4528 μεμένηκεν
1719 4457 1856 4527 ὅπερ
1883 4452 1972 4529 ἦν,

390 4554 697 4616 τουτέστιν,
729 4554 884 4622 ἅγιος
927 4551 1070 4606 κατὰ
1098 4550 1260 4622 φύσιν
1302 4549 1378 4613 ὡς
1408 4549 1561 4616 Θεὸς,
1600 4548 1694 4601 καὶ
1732 4567 1750 4599 ι
1773 4548 1875 4601 οὐκ
1911 4548 1976 4601 ἑκ

396 4646 602 4717 μέτρου
632 4644 817 4698 δίδωσι
853 4644 914 4699 τὸ
951 4642 1192 4715 Πνεῦμα,
1219 4661 1238 4694 3
1278 4640 1421 4695 κατὰ
1453 4639 1552 4710 τὴν
1590 4637 1837 4693 Ἰωάννου
1866 4655 1978 4706 φω-

392 4741 512 4809 νήν.
549 4720 676 4791 Ὅτι
721 4736 780 4791 δὲ
809 4736 903 4791 καὶ
949 4737 979 4791 6
1023 4735 1124 4805 τῆς
1161 4732 1364 4803 σαρκὸς
1410 4728 1574 4785 αὑτοῦ
1615 4730 1844 4792 θάνατος
1890 4728 1978 4781 ἐπ’

391 4831 675 4900 ἀναιρέσει
706 4829 806 4898 τῆς
841 4826 1040 4898 σαρκὸς
1063 4823 1325 4895 γεγονὼς,
1360 4822 1515 4892 ἆγιός
1547 4837 1606 4874 τε
1651 4820 1746 4874 καὶ
1773 4818 1976 4890 66661;-

390 4921 484 4984 λος
504 4916 593 4992 ἦν,
623 4920 719 4975 καὶ
766 4920 843 4982 ὡς
886 4921 945 4972 ὲν
982 4918 1136 4984 τάξει
1167 4916 1528 4987 θυμιαμάτων
1579 4912 1982 4984 εὐπαράδεκτος

392 5013 474 5081 τῷ
506 5011 626 5083 Θεῷ
658 5012 755 5065 καὶ¹
785 5012 979 5082 Πατρὶ,
1016 5009 1427 5081 διαμεμήνυκεν
1453 5004 1696 5075 ἐναργῶς
1736 5004 1765 5056 6
1796 5003 1978 5073 νόμος,

393 5106 598 5159 εἰπών’
640 5124 659 5156 ι
698 5104 791 5159 Ἐν
820 5103 970 5173 τόπῳ
1004 5097 1065 5157 οὗ
1104 5100 1370 5172 σφάζουσι
1416 5098 1485 5153 τὰ
1532 5093 1979 5165 ὁλοκαυτώματα,

396 5195 666 5266 σφάζουσι
717 5196 814 5249 καὶ
858 5196 921 5249 τὸ
975 5195 1105 5268 περὶ
1148 5192 1424 5265 ἁμαρτίας
1479 5189 1658 5243 ἔναντι
1699 5187 1972 5258 Κυρίου.»

408 5287 811 5351 Ὀλοκαύτωσις
844 5287 872 5339 6
898 5288 1151 5358 Χριστὸς,
1174 5285 1449 5340 τουτέστιν
1469 5282 1588 5345 ὅλος
1622 5279 1680 5345 ἑξ
1706 5279 1852 5344 ὅλου,
1881 5276 1978 5331 καὶ

393 5380 459 5433 οὐ
498 5379 763 5449 ιιερίκῶς,
798 5381 877 5443 ei;
912 5378 1087 5451 ὀσμὴν
1120 5376 1344 5440 autem;
1376 5372 1731 5443 ἀνακείμενος
1759 5367 1836 5439 τῷ
1857 5365 1975 5437 Θεῷ

2075 4458 2293 4515 cantur,
2320 4463 2484 4520 quam
2513 4464 2545 4503 a
2582 4447 2744 4501 Patre
2767 4461 2866 4516 per
2890 4446 3089 4501 Filium
3119 4446 3174 4500 in
3209 4446 3417 4515 Spiritu
3436 4454 3646 4500 sancto.

2077 4541 2421 4611 Quapropter
2457 4537 2674 4594 etiamsi
2716 4537 2894 4593 factus
2936 4536 3105 4592 fuerit
3129 4544 3436 4607 peccatum,
3466 4544 3649 4591 tamen

2078 4633 2225 4704 quod
2248 4639 2368 4688 erat
2387 4630 2705 4701 permansit,
2730 4628 2837 4685 hoc
2870 4637 2975 4695 est,
2998 4638 3192 4701 suapte
3217 4638 3411 4685 natura
3430 4636 3652 4683 sanctus

2079 4732 2338 4795 tanquam
2357 4723 2523 4788 Deus,
2553 4722 2642 4778 cui
2668 4731 2725 4778 et
2755 4722 2902 4778 Deus
2925 4722 3089 4778 Pater
3121 4742 3139 4775 ι
3169 4738 3279 4777 non
3307 4737 3375 4776 ex
3397 4735 3651 4776 mensura

2080 4817 2175 4872 (lat
2227 4814 2517 4886 Spiritum,
2547 4833 2565 4866 3
2623 4815 2780 4885 juxta
2815 4813 2952 4870 illud
3005 4814 3234 4870 Joannis
3275 4814 3530 4883 Baptista:
3581 4809 3647 4863 “.

2079 4905 2235 4974 Quod
2275 4915 2460 4962 autem
2508 4919 2656 4961 mors
2701 4906 2882 4960 carnis
2924 4905 3097 4975 ipsius
3140 4904 3207 4959 ad
3240 4902 3650 4959 demolitionem

2078 4996 2287 5067 peccati
2320 4995 2461 5050 facta
2495 5003 2684 5051 sancta
2705 4997 2778 5051 sit
2802 5012 2868 5051 ac
2892 4995 3118 5061 munda,
3142 5010 3207 5051 ac
3236 4995 3406 5050 veluti
3440 4993 3652 5049 suﬁitus

2078 5088 2191 5144 Deo
2219 5094 2497 5157 acceptus,
2528 5087 2814 5143 evidenter
2845 5085 3172 5158 signiﬁcavit
3192 5087 3281 5142 lex
3326 5084 3419 5140 ubi
3477 5085 3649 5140 dicit:

2090 5199 2109 5233 ‹
2136 5179 2195 5235 ln
2237 5179 2361 5233 loco
2405 5177 2501 5233 ubi
2535 5187 2777 5234 mactant
2797 5179 3200 5241 holocaustum,
3234 5177 3400 5233 etiam
3420 5177 3525 5232 hoc
3553 5190 3652 5245 pro

2080 5276 2307 5342 peccato
2338 5271 2655 5327 mactabunt
2675 5286 2857 5326 coram
2890 5269 3120 5325 Domino
3144 5270 3209 5324 ".
3243 5289 3262 5321 3
3290 5268 3543 5327 Christus
3569 5274 3647 5321 cst

2080 5361 2482 5428 holocaustum,
2521 5362 2624 5418 hoc
2660 5369 2763 5426 est,
2806 5369 2956 5416 totus
2984 5377 3052 5416 ex
3078 5369 3214 5423 toto,
3244 5376 3353 5414 non
3376 5376 3443 5417 ex
3476 5367 3648 5429 parte,

470 5590 516 5620 "
566 5586 848 5659 nonut",
879 5586 913 5638 5
937 5601 1107 5659 seqq.
1127 5586 1208 5659 _”
1242 5583 1293 5659 l_l
1321 5582 1450 5659 Cor.
1480 5598 1533 5641 γ,
1563 5580 1615 5633 7.
1647 5653 1674 5659 _
1695 5578 1740 5659 ξι
1770 5579 1789 5633 l
1818 5577 1953 5659 Δ(ξω-ι’.

2084 5571 2174 5625 Ξῖ).
2216 5572 2294 5659 αξξ
2326 5569 2497 5628 Lctil.
2532 5584 2612 5632 γι,
2647 5566 2835 5622 25-50.
2913 5569 2956 5599 ³*
2987 5566 3088 5620 Isa.
3127 5564 3367 5659 unite.
3410 5564 3648 5619 "'Dtut.

398 5672 582 5721 um,
614 5657 718 5711 2i}:
750 5656 925 5711 Galat.
974 5650 1067 5722 ιιὶξ
1096 5656 1176 5709 l3.
1257 5657 1298 5684 "
1329 5653 1486 5709 Σοου.
1523 5668 1611 5714 ιιι,
1647 5650 1735 5724 fit.

1818 5651 1861 5680 η
1898 5644 2075 5702 Levit.
2104 5659 2191 5709 vt,
2216 5640 2305 5695 25.
