4022 6198
1404 257 1461 311 8.
1496 255 1582 310 C1
1589 251 1771 309 BILLI
1811 242 2278 305 ALEXANDRINI
2309 241 2627 299 ARCHIEP.

399 386 630 442 oﬁ‘ertur
667 383 778 438 Deo
829 394 892 434 ac
917 377 1065 433 Patri
1091 375 1146 429 ln
1171 373 1399 429 odorem
1429 370 1736 426 suavitatis.
1765 365 1976 422 Idcirco

2103 363 2173 415 ιαὶ
2199 359 2677 431 Πατρί.Ταύτῃτοι
2723 355 2814 409 καὶ
2843 353 3055 426 ἀληθῶς
3080 353 3268 422 ’Δγιος
3289 351 3460 419 ἁγίων
3486 351 3654 404 ἐστίν.

399 479 564 535 etiam
606 489 796 530 revera
839 480 924 526 est
961 469 1196 524 Sanctus
1251 473 1587 522 sanctorum.
1640 461 1976 518 Sanctiﬁcati

401 569 547 624 enim
593 580 785 622 sumus
835 563 892 616 in
927 562 1046 630 ipso
1075 561 1160 625 ³ος
1195 559 1422 628 ipseque
1446 565 1697 610 nostrum
1723 554 1979 609 universa

402 655 718 728 lustiﬁcatio
758 661 861 715 est,
907 649 1079 720 magis
1104 663 1235 703 vero
1273 647 1439 702 etiam
1467 659 1830 716 supernorum
1867 643 1980 713 spi-

404 749 606 802 rituum
638 743 919 806 sanctilas,
953 742 1096 796 sicut
1127 742 1238 811 jam
1267 740 1400 794 dixi.
1423 740 1690 793 Praeterea
1745 755 1763 786 ι
1795 751 1980 790 sacer-

401 835 524 900 dos,
551 839 648 898 ait,
685 831 779 903 qui
807 832 970 887 oﬁ'ert
995 847 1138 895 eam,
1170 830 1420 885 comedet
1442 845 1561 884 eam
1591 829 1654 882 ³¹.
1689 847 1706 879 ι
1737 828 1835 882 Hic
1861 843 1983 881 rur-

402 943 499 984 sus
538 926 770 980 observa
794 923 952 994 quod
982 923 1037 977 in
1066 923 1324 976 omnibus
1351 921 1518 976 rebus
1558 919 1783 991 agendis
1805 919 1983 973 eccle-

405 1018 486 1072 sia
537 1016 710 1071 sacris
753 1024 810 1069 et
847 1015 1049 1069 divinis
1095 1012 1382 1084 pmceptis
1436 1011 1793 1082 gubernatur.
1832 1009 1986 1064 Illius

405 1111 572 1171 enim,
611 1108 706 1178 qui
736 1107 898 1162 oﬁ‘crt
922 1107 1178 1170 hostiam,
1204 1105 1342 1159 ﬁunt
1366 1120 1430 1158 ea
1456 1119 1578 1174 quae
1603 1118 1671 1157 ex
1697 1102 1814 1172 ipsa
1835 1109 1983 1155 sunt.

408 1201 570 1258 Novit
611 1207 794 1254 autem
841 1197 986 1268 quod
1023 1198 1148 1252 dico
1175 1195 1332 1267 351
1364 1195 1544 1249 omnis
1580 1193 1675 1263 qui
1702 1193 1912 1263 legibus
1933 1199 1988 1245 et

408 1291 680 1347 institutis
710 1289 968 1344 Ecclesiae
1000 1296 1084 1343 est
1137 1289 1432 1342 enutritus.
1468 1285 1626 1352 Quod
1656 1301 1788 1340 vero
1816 1286 1990 1340 eccle-

407 1382 488 1435 sia
536 1380 630 1434 Dei
679 1379 750 1433 sit
795 1380 948 1433 locus
990 1378 1192 1432 divinis
1222 1376 1506 1432 sacriﬁciis
1541 1375 1992 1430 convenientissi-

411 1486 553 1533 mus,
585 1470 840 1539 quodque
867 1471 922 1523 in
957 1470 1071 1539 ipsa
1103 1468 1309 1524 Christi
1338 1467 1657 1540 mysterium
1681 1467 1991 1522 necessario

411 1572 723 1635 peragatur,
781 1562 1122 1617 ostenderint
1171 1561 1312 1616 haud
1349 1561 1583 1616 obscure
1606 1575 1671 1614 ea
1701 1560 1767 1614 de
1790 1559 1992 1629 quibus

411 1655 545 1719 dixi,
595 1655 758 1710 modo
797 1655 922 1724 quis
945 1655 1188 1708 animum
1216 1653 1484 1719 advertat,
1524 1671 1540 1703 ι
1574 1653 1629 1706 in
1653 1653 1774 1708 loco
1802 1661 1990 1706 sancto

2093 449 2437 520 Ἦγιάσμεθα
2494 449 2604 520 γάρ
2649 448 2708 500 ἐν
2759 446 2928 516 αὐτῷ,
2961 448 3057 499 καὶ
3089 444 3250 507 αὐτὸς
3273 443 3480 513 ημῶνή
3513 443 3657 495 πᾶσα

2079 543 2381 604 δικαίωσις,
2407 540 2606 611 μᾶλλον
2638 538 2696 594 δὲ
2731 540 2826 592 καὶ
2859 537 3041 592 αὐτῶν
3062 535 3172 588 τῶν
3196 534 3308 589 ἀνω
3332 535 3659 603 πνευμάτων

2079 632 2368 702 ἁγιασμὸς,
2410 630 2663 699 καθάπερ
2694 629 2828 699 ἔφην
2875 629 3094 699 ἀρτίως.
3130 627 3298 698 Πλὴν,
3328 646 3346 677 ι
3368 626 3426 678 Ὅ
3459 625 3658 695 ίερεύς,

2083 723 2270 791 φησιν,
2332 723 2360 775 6
2397 721 2685 791 ἀναφέρων
2729 719 2917 790 αὐτὴν,
2952 718 3130 771 ἔδεται
3180 719 3370 775 αὐτὴν.
3400 735 3419 767 ι
3470 715 3662 787 Ἀθρει

2081 815 2145 886 δὴ
2176 815 2270 868 νῦν
2318 813 2481 868 πάλιν
2517 815 2598 868 ὅτι
2656 812 2794 884 πρὸς
2840 813 2948 866 πᾶν
2990 810 3169 864 ὁτιοῦν
3212 809 3320 862 τῶν
3349 807 3664 879 πρακτέων.

2085 909 2248 977 ἱεροῖς
2277 907 2370 959 καὶ
2394 905 2559 968 θείοις
2583 905 2616 974 ή
2649 903 2945 971 Ἐκκλησία
2975 902 3261 954 διοικεῖται
3287 899 3530 968 θεσμοῖς.
3557 896 3665 950 Τοῦ

2085 999 2193 1068 γὰρ
2224 997 2595 1068 προσάγοντος
2643 995 2741 1067 τὴν
2778 994 2988 1056 θυσίαν,
3021 993 3091 1046 τὰ
3131 993 3191 1056 ἐξ
3225 991 3394 1061 αὐτῆς
3433 989 3665 1058 γίνεται.

2087 1087 2210 1144 Οἵδε
2240 1091 2268 1143 ὃ
2295 1106 2460 1159 φημι,
2483 1089 2590 1151 πᾶς
2618 1086 2863 1140 ὁστισοῦν
2890 1089 2997 1149 τοῖς
3032 1086 3131 1155 τῆς
3171 1083 3495 1153 Ἐκκλησίας
3520 1084 3666 1133 ἐντε-

2087 1183 2402 1256 θραμμένος
2429 1182 2638 1251 νόμοις.
2671 1181 2794 1233 Ὀτι
2823 1179 2879 1232 δέ
2910 1179 3076 1242 τόπος
3101 1180 3219 1240 ταῖς
3250 1175 3427 1238 θείαις
3460 1177 3667 1243 ίερουρ·

2087 1278 2234 1345 γίαις
2263 1277 2292 1328 6
2324 1274 2566 1345 μάλιστα
2591 1273 2834 1344 πρέπων,
2865 1273 2897 1342 ἡ
2931 1269 3224 1340 Ἐκκλησία
3264 1268 3357 1322 τοῦ
3382 1267 3540 1328 Θεοῦ,
3577 1264 3669 1318 καὶ

2089 1370 2147 1421 ἐν
2177 1369 2314 1437 αὐτῇ
2355 1364 2669 1434 ἀναγκαίως
2717 1364 2779 1416 τὸ
2821 1361 3057 1430 Χριστοῦ
3091 1361 3321 1413 τελεῖται
3348 1360 3669 1430 μυστήριον,

2092 1456 2372 1520 ἐνδείξειεν
2427 1455 2494 1508 ἂν
2536 1455 2637 1507 οὐκ
2669 1452 3028 1522 ἁσυμφανῶς,
3085 1448 3538 1522 προσεπενεγκὼν
3588 1441 3672 1511 οἷς

2093 1548 2250 1617 ἔφην’
2290 1567 2309 1599 ι
2345 1547 2434 1600 Ἑν
2469 1547 2620 1618 τόπῳ
2674 1545 2814 1615 ἁγίῳ
2873 1543 3237 1616 βρωθήσεται,
3273 1544 3330 1594 ἐν
3376 1541 3512 1611 αὐλῇ
3571 1539 3673 1607 τῆς

2096 1639 2298 1710 σκηνῆς
2327 1637 2418 1691 τοῦ
2451 1635 2770 1708 μαρτυρίου.
2793 1655 2812 1686 ι
2860 1635 2998 1687 Ἀλλ’
3025 1631 3093 1705 ῆν
3126 1635 3243 1688 κατ’
3269 1633 3444 1685 ἐκεῖνο
3476 1629 3672 1702 καιροῦ

410 1740 608 1802 'edetur
631 1746 687 1799 in
713 1746 852 1800 atrio
887 1745 1231 1800 tabernaculi
1265 1745 1563 1800 testimonii
1587 1746 1655 1798 ³³.
1687 1764 1704 1797 ι
1744 1744 1849 1798 Sed
1875 1752 1993 1798 erat

2103 1732 2197 1803 μία
2235 1730 2332 1801 μὲν
2363 1727 2506 1782 κατά
2534 1730 2632 1797 τὴν
2663 1728 2868 1798 ἔρημον
2909 1726 3102 1797 σκηνὴ,
3146 1725 3238 1778 καὶ
3285 1720 3366 1786 εἷς
3391 1724 3506 1794 μετ’
3538 1722 3675 1775 ἐκεί-

415 1836 472 1891 ἱη
503 1847 751 1905 tempore
799 1836 892 1889 illo
928 1851 1099 1890 unum
1135 1836 1548 1892 tabernaculum
1570 1852 1668 1906 per
1690 1835 1991 1900 desertum,

399 1918 468 1982 "et
511 1934 636 1997 post
667 1927 773 1981 hoc
823 1927 990 1981 etiam
1039 1943 1210 1981 unum
1263 1928 1527 1997 templum
1584 1925 1992 1997 Hierosolymis,

413 2020 561 2092 quod
607 2027 664 2075 et
721 2019 978 2076 Salomon
1027 2020 1338 2075 aadilicavit.
1387 2019 1456 2074 Et
1495 2019 1716 2089 quidem
1765 2019 1997 2088 capitale

416 2111 747 2182 supplicium
798 2111 1140 2181 propositum
1179 2117 1300 2164 erat
1337 2109 1406 2166 iis
1458 2109 1551 2179 qui
1583 2117 1737 2163 extra
1766 2109 1872 2163 hoc
1912 2115 1996 2162 ta-

417 2203 777 2259 bernaculum
829 2201 1207 2256 immolabant.
1259 2201 1337 2254 Ita
1377 2199 1524 2254 enim
1561 2199 1638 2253 ait
1671 2198 1995 2268 Scriptura:

427 2314 448 2346 ‹
479 2295 653 2350 Homo
696 2308 763 2348 ex
811 2291 937 2347 ﬁliis
990 2291 1180 2356 Israel,
1231 2289 1326 2359 qui
1374 2289 1738 2343 immolaverit
1768 2287 2000 2342 vitulum

419 2397 516 2444 aut
559 2401 748 2451 ovem,
797 2392 892 2439 aut
921 2398 1138 2453 capram
1173 2381 1450 2436 incastris
1479 2398 1492 2432 :
1530 2381 1660 2434 item
1687 2380 1780 2450 qui
1804 2380 2000 2434 immo-

422 2480 553 2534 larit
581 2489 734 2534 extra
763 2485 961 2540 castra,
996 2490 1178 2544 neque
1217 2474 1322 2528 hoc
1352 2472 1419 2528 ad
1451 2482 1641 2543 portas
1666 2471 2003 2527 tabernaculi

425 2570 725 2626 testimonii
766 2568 1034 2630 attulerit,
1092 2565 1369 2620 utoﬂ'erat
1425 2580 1626 2619 munus
1675 2579 1860 2620 coram
1893 2565 2002 2619 Do-

2093 1841 2190 1893 νην
2224 1823 2252 1875 ό
2285 1820 2430 1885 ναὸς,
2461 1820 2518 1872 ὃν
2541 1821 2600 1871 ἐν
2636 1821 2748 1881 τοῖς
2781 1819 3171 1890 Ἰεροσολύμοις
3202 1819 3230 1869 6
3261 1813 3512 1886 Σολομὼν
3540 1813 3678 1868 ἐδεί-

2099 1931 2254 1984 ματο.
2292 1913 2401 1966 Καὶ
2449 1910 2675 1973 θάνατος
2702 1905 2769 1980 ἦν
2803 1913 2915 1973 τοῖς
2962 1909 3067 1974 ἔξω
3109 1909 3296 1962 θύουσι
3316 1908 3414 1977 τῆς
3442 1905 3676 1977 σκηνῆς.

2100 2008 2245 2077 Ἔφη
2275 2005 2384 2075 γὰρ
2433 2001 2574 2055 οῦτω
2617 2003 2677 2056 τὸ
2718 2003 2956 2072 Γράμμα
3003 2001 3064 2054 τὸ
3111 2001 3272 2072 ἱερόν.
3316 1999 3678 2068 «Ἀνθρωπος

2097 2095 2206 2149 τῶν
2240 2092 2372 2145 υίῶν
2404 2091 2642 2163 Ἰσραὴλ,
2685 2091 2742 2154 ὃς
2771 2091 2836 2144 ἂν
2869 2089 3046 2161 σφάξῃ
3079 2089 3276 2160 μόσχον
3313 2088 3346 2158 ἢ
3386 2087 3676 2158 πρόϐατον,

2099 2186 2131 2258 ἥ
2176 2183 2304 2255 αἶγα
2346 2187 2404 2238 ἐν
2443 2187 2508 2256 τῇ
2546 2183 2892 2255 παρεμϐολῇ,
2916 2184 3009 2236 καὶ
3035 2183 3091 2245 ὃς
3123 2181 3188 2236 ἂν
3239 2182 3418 2253 σφάξῃ
3455 2180 3557 2244 ἔξω
3577 2179 3681 2248 τῆς

2101 2275 2475 2348 παρεμϐολῆς,
2506 2276 2600 2327 καὶ
2624 2275 2714 2326 ἐπὶ
2739 2274 2836 2344 τὴν
2861 2270 3031 2344 θύραν
3057 2271 3156 2341 τῆς
3176 2271 3379 2340 σκηνῆς
3405 2269 3500 2322 τοῦ
3535 2285 3682 2338 μαρ-

2101 2367 2311 2437 τυρίου,
2342 2365 2416 2435 μὴ
2444 2365 2640 2434 ἐνέγκῃ
2673 2363 2826 2424 αὐτὸ,
2851 2361 2991 2414 ὥστε
3023 2360 3391 2431 προσενέγκαι
3414 2358 3585 2429 δῶρον
3605 2355 3684 2426 τῷ

2104 2457 2293 2526 Κυρίῳ
2320 2455 2579 2509 ἀπέναντι
2607 2453 2705 2522 τῆς
2743 2454 2949 2523 σκηνῆς
2987 2453 3219 2522 Κυρίου,
3249 2445 3388 2521 αἷμα
3429 2447 3685 2520 λογισθή-

2108 2566 2257 2604 σεται
2296 2548 2374 2619 τῷ
2426 2546 2718 2618 ἀνθρώπῳ,
2771 2547 2829 2609 ὃς
2857 2548 3034 2599 ἐκεῖνο
3066 2541 3206 2616 αἷμα
3237 2544 3447 2614 ἐξέχεεν
3466 2582 3481 2605 ,
3506 2541 3688 2606 ἐξολοο

2107 2641 2463 2716 θρευθήσεται
2507 2644 2540 2712 ἡ
2581 2641 2728 2712 ψυχὴ
2775 2640 2957 2709 ἐκείνη
3133 2638 3225 2692 τοῦ
3248 2637 3400 2691 λαοῦ.
3423 2656 3441 2688 ι
3476 2635 3688 2690 Οὐκοῦν

2108 2736 2366 2806 ἁνόμημα
2403 2733 2499 2786 καὶ
2539 2731 2861 2803 βεϐήλωσις,
2905 2731 3000 2783 καὶ
3029 2729 3134 2782 ὐπὸ
3176 2729 3331 2800 δίκην
3366 2730 3593 2799 αἵματος
3624 2727 3689 2781 τὸ

426 2847 575 2901 circo
627 2844 834 2915 peribit
878 2820 1061 2898 anima
1110 2843 1201 2897 illa
1234 2820 1301 2897 ex
1341 2843 1545 2912 populo
1578 2857 1678 2896 suo
1709 2841 1771 2895 ³³.
1815 2860 1831 2892 ι
1864 2841 2005 2911 Ergo

2109 2831 2221 2889 τοῖς
2240 2825 2476 2888 ἀνοσίοις
2505 2825 2802 2895 αἱρετικοῖς
2823 2821 3235 2887 συναυλίζεσθαι
3260 2822 3453 2890 φιλεῖν,
3476 2823 3567 2874 καὶ
3587 2820 3689 2892 τῆς

426 2943 616 2990 contra
628 2913 821 3006 legem
844 2940 948 2996 est,
973 2942 1028 2988 et
1059 2931 1370 3002 profanum,
1393 2937 1556 2999 atque
1589 2927 1727 2982 adeo
1753 2927 2004 2998 capitale,

2111 2919 2246 2990 πρὸς
2270 2916 2511 2978 ἐκείνους
2537 2915 2856 2987 ἀντέχεσθαι
2903 2915 3206 2978 κοινωνίας.
3237 2915 3380 2979 Ἐξω
3406 2915 3512 2986 γὰρ
3537 2913 3690 2970 0:300-

427 3023 475 3078 εἰ
509 3023 634 3094 quis
677 3038 802 3078 cum
847 3021 1032 3091 impiis
1060 3019 1334 3074 haereticis
1365 3017 1615 3072 habitare
1659 3021 2003 3075 consuescat,

2114 3027 2166 3062 σι
2196 3009 2292 3080 τῆς
2333 3008 2494 3076 ἁγίας
2525 3009 2751 3078 σκηνῆς,
2783 3007 2844 3060 τδ
2880 3008 3010 3078 περὶ
3040 3008 3140 3078 τῆς
3177 3008 3478 3080 ἁμαρτίας,
3504 3009 3606 3064 οὐκ
3629 3009 3692 3063 ἐν

427 3129 598 3185 seque
654 3113 900 3183 ipsorum
932 3111 1182 3166 societati
1205 3111 1518 3178 conjungat.
1549 3106 1761 3175 Quippe
1782 3105 1876 3174 qui
1909 3119 2005 3158 ex-

2112 3099 2299 3161 τόποις
2337 3098 2516 3164 ἁγίοις
2558 3097 2658 3168 τὴν
2705 3099 2854 3170 ἱερὰν
2882 3097 3096 3151 τελοῦσι
3119 3098 3328 3154 θυσίαν.
3366 3100 3482 3154 Μία
3515 3099 3622 3170 γάρ
3653 3101 3692 3170 ἡ

425 2664 597 2728 mino,
641 2677 824 2718 coram
880 2659 1235 2715 tabernaculo
1266 2657 1504 2724 Domini,
1530 2657 1754 2728 sanguis
1781 2666 2006 2727 reputa-

426 2756 577 2812 bitur
616 2753 824 2810 homini
877 2752 979 2817 illi,
1022 2751 1118 2822 qui
1157 2751 1477 2822 sanguinem
1504 2751 1659 2806 illum
1685 2749 1898 2805 eﬁ'udit.
1922 2748 2009 2803 ld-

431 3212 518 3258 tra
562 3203 980 3258 tabernaculum
1021 3209 1274 3254 sanctum
1309 3198 1593 3252 immolent
1637 3212 1738 3266 pro
1762 3203 2007 3266 peccato,

432 3309 536 3350 nec
574 3294 630 3348 in
667 3294 803 3348 locis
830 3293 1034 3346 sanctis
1059 3300 1307 3345 sanctum
1333 3288 1627 3344 conﬁciant
1656 3287 2008 3342 sacriﬁcium.

431 3384 548 3442 Una
589 3384 740 3438 enim
788 3391 873 3438 est
919 3382 1182 3445 Ecclesia,
1232 3381 1377 3435 sicut
1423 3387 1479 3434 et
1527 3379 1658 3434 olim
1705 3380 1809 3433 fuit
1843 3395 2012 3434 unum

435 3473 721 3542 templum,
760 3486 1039 3540 unumque
1080 3469 1496 3524 tabernaculum
1551 3469 1698 3538 quod
1753 3467 2015 3523 Ecclesia:

433 3565 759 3635 dignitatem
803 3563 960 3632 quasi
997 3562 1052 3616 in
1087 3561 1229 3632 typis
1268 3561 1728 3631 prmmonstravit.
1757 3560 2014 3614 lmmola-

436 3657 623 3712 bimus
661 3655 826 3727 igitur
854 3668 956 3710 nos
988 3668 1088 3723 pro
1113 3660 1341 3723 peccato
1380 3652 1434 3706 in
1469 3651 1610 3706 atrio
1639 3659 1848 3715 sancto,
1881 3650 2014 3706 ede-

437 3759 668 3814 musque
702 3744 770 3799 de
809 3743 1068 3798 carnibus
1095 3741 1326 3806 sanctis,
1368 3741 1475 3795 hoc
1511 3750 1615 3805 est,
1653 3741 1894 3811 mysticae
1921 3741 2019 3796 be-

437 3837 772 3893 nedictionis
820 3834 1116 3906 participes
1169 3834 1295 3889 facti
1345 3833 1830 3888 sanctiﬁcabimur.
1861 3834 2017 3901 Quod

439 3929 616 4000 ipsum
651 3937 885 3984 testatur
921 3927 1008 3981 lex
1040 3939 1168 3982 cum
1197 3925 1314 3980 ait:
1367 3943 1384 3976 ι
1421 3924 1746 3995 Quicunque
1778 3927 2022 3997 tetigerit

441 4021 510 4076 de
565 4021 828 4076 carnibus
878 4019 1053 4090 ipsius
1103 4017 1536 4073 sanctiﬁcabitur
1593 4017 1658 4071 “.
1696 4036 1715 4068 ι
1768 4016 1911 4084 Quin
1964 4025 2021 4072 et

443 4108 688 4178 aspersio
708 4108 988 4178 sanguinis
1010 4107 1077 4162 de
1104 4107 1211 4162 hoc
1235 4107 1504 4161 sacriﬁcio
1526 4108 1674 4177 paris
1696 4108 1918 4164 virtutis
1935 4119 2021 4164 est

445 4200 512 4254 ad
563 4199 847 4270 mysticam
897 4197 1357 4253 benedictionem.
1407 4200 1646 4254 Rursum
1698 4201 1845 4256 enim
1903 4202 2016 4256 ait:

453 4310 474 4342 ‹
498 4289 944 4359 Quandocunque
968 4303 1250 4358 aspersum
1271 4289 1438 4343 fuerit
1458 4289 1526 4344 de
1555 4292 1819 4360 sanguine
1849 4291 2020 4362 ipsius

2126 3190 2442 3261 Ἐκκλησία,
2505 3190 2652 3244 καθά
2708 3192 2804 3244 καὶ
2848 3193 2876 3245 ό
2925 3191 3097 3244 πάλαι
3143 3192 3290 3256 ναὸς,
3330 3192 3426 3264 μία
3450 3192 3508 3245 δὲ
3538 3193 3631 3248 καὶ
3657 3194 3696 3261 ἡ

2115 3283 2312 3354 σκηνὴ,
2341 3283 2440 3353 τῆς
2483 3283 2813 3354 Ἐκκλησίας
2857 3284 2918 3337 τὸ
2962 3285 3159 3349 κάλλος
3192 3285 3267 3350 ὡς
3299 3288 3358 3339 ἐν
3392 3286 3582 3349 τύποις
3611 3285 3696 3340 ἐτι

2116 3376 2619 3445 προαναφαίνουσα.
2649 3375 2898 3447 Θύσομεν
2927 3379 3107 3430 τοίνυν
3131 3380 3289 3448 ἡμεῖς
3313 3378 3374 3432 τὸ
3402 3379 3497 3448 τῆς
3521 3381 3696 3450 ἀμαρ-

2113 3468 2256 3532 τίας,
2287 3467 2361 3532 ὼς
2411 3469 2469 3520 ἐν
2504 3468 2640 3540 αὐλῇ
2693 3469 2847 3539 ἁγίᾳ,
2908 3469 3004 3523 καὶ
3053 3470 3338 3540 φαγόμεθα
3368 3471 3474 3523 τῶν
3523 3473 3698 3540 ἁγίων

2115 3558 2324 3630 κρεῶν,
2364 3559 2632 3623 τουτέστι,
2670 3558 2772 3629 τῆς
2815 3559 3085 3630 μυστικῆς
3153 3559 3404 3628 εὐλογίας
3453 3563 3511 3614 ἐν
3573 3561 3700 3632 p.53-

2116 3648 2226 3714 έξει
2246 3649 2530 3716 γεγονότες
2547 3648 3015 3720 ἀγιασθησόμεθα.
3035 3650 3144 3702 Καὶ
3167 3652 3507 3722 μαρτυρήσει
3521 3650 3698 3720 λέγων

2115 3741 2145 3792 6
2177 3740 2370 3810 νόμοςο
2408 3758 2427 3792 ι
2449 3740 2564 3801 Πᾶς
2593 3741 2622 3792 ὁ
2654 3740 2959 3811 ἁπτόμενος
2975 3741 3085 3793 τῶν
3116 3742 3292 3811 κρεῶν
3313 3743 3504 3812 αὐτῆς,
3535 3743 3701 3810 ἁγια-

2119 3830 2395 3902 σθὴσεται.
2427 3849 2446 3884 ι
2504 3830 2645 3884 Ἀλλ’
2675 3830 2823 3884 ἔστιν
2883 3832 3163 3905 ίσοσθενὴς
3197 3835 3276 3897 είς
3309 3835 3576 3906 μυστικὴν
3605 3835 3699 3888 εὐ-

2119 3922 2305 3993 λογίαν
2377 3923 2475 3976 καὶ
2530 3924 2560 3976 6
2592 3924 2904 3994 ⁷ραντισμδς
2953 3925 3043 3978 τοῦ
3093 3927 3321 3997 αἵματος
3349 3929 3448 4000 τῆς
3481 3928 3694 3991 θυσίας.

2125 4017 2268 4088 Ἔφη
2303 4016 2412 4089 γὰρ
2445 4017 2636 4072 πάλιν·
2673 4019 2823 4071 (Καὶ
2854 4011 2896 4086 ᾦ
2926 4017 2993 4072 ἂν
3027 4019 3419 4091 ἐπιρῤαντισθῇ
3451 4021 3558 4074 ἀπὸ
3601 4021 3697 4075 τοῦ

2120 4110 2350 4180 αἵματος
2391 4109 2582 4180 αὐτῆς,
2631 4111 2724 4163 ἐπὶ
2760 4111 2820 4163 τὸ
2870 4111 3084 4181 ἱμάτιον
3116 4113 3144 4164 ὃ
3173 4112 3266 4165 ἐάν
3305 4113 3562 4184 ραντισθῇ
3611 4115 3699 4168 ἐπ’

2121 4199 2290 4271 αὐτῷ,
2325 4199 2689 4270 πλυνθήσεται
2719 4203 2776 4254 ἐν
2803 4201 2952 4273 τόπῳ
2982 4203 3140 4272 ἁγίῳ.
3169 4222 3188 4254 ι
3226 4203 3336 4256 Καὶ
3356 4204 3408 4256 τί
3434 4205 3493 4256 τὸ
3520 4207 3700 4276 παρά-

2121 4292 2292 4358 δοξον,
2340 4294 2388 4344 εἰ
2419 4291 2479 4344 τὸ
2517 4291 2731 4359 λογικὸν
2765 4293 2978 4362 ἁγιάζει
3031 4295 3188 4359 ζῶον,
3224 4296 3366 4365 φημὶ
3393 4295 3457 4366 δὴ
3495 4297 3586 4349 τὸν
3613 4297 3700 4349 ἄνα

445 4399 613 4454 super
643 4383 1052 4447 vestimentum,
1097 4381 1461 4452 quodcunque
1505 4397 1787 4451 aspersum
1831 4383 2005 4439 fuerit.

2123 4385 2360 4454 θρωπον,
2389 4385 2476 4437 ὅτε
2515 4385 2609 4437 καὶ⁹
2654 4384 2795 4438 αὐτὰ
2831 4385 2898 4438 τά
2927 4385 3060 4458 πρὸς
3089 4387 3389 4459 ὑπουργίαν
3418 4387 3515 4459 την
3550 4388 3701 4459 ίερὰν

449 4477 502 4531 id
542 4475 812 4530 lavabitur
844 4474 900 4528 in
932 4475 1055 4529 loco
1077 4485 1268 4529 sancto
1301 4473 1368 4527 ³⁸.
1403 4493 1421 4524 ›
1449 4473 1516 4527 Et
1535 4473 1665 4543 quid
1691 4475 1889 4528 mirum
1914 4483 2017 4540 est,

452 4569 498 4622 si
532 4567 730 4622 animal
755 4567 964 4622 ratione
993 4566 1276 4636 praeditum
1294 4564 1685 4630 sanctiﬁcetur,
1714 4567 1899 4632 homo,
1935 4568 2022 4622 in-

451 4674 637 4728 quam,
685 4673 812 4712 cum
861 4668 918 4712 et
945 4657 1063 4727 ipsa
1093 4673 1218 4710 vasa
1251 4672 1370 4725 quae
1403 4656 1470 4710 ad
1496 4656 1860 4712 ministerium
1895 4673 2023 4712 san-

451 4759 602 4805 ctum
653 4748 900 4802 adhibita
949 4754 1099 4811 sunt,
1149 4747 1343 4801 eodem
1408 4756 1464 4802 et
1535 4748 1760 4818 quidem
1825 4765 2027 4805 conve-

451 4840 627 4895 nienti
660 4838 825 4894 modo
865 4835 1322 4892 sanctiﬁcentur?
1365 4837 1601 4907 Ideoque
1652 4854 1753 4894 nec
1779 4839 1833 4894 in
1865 4856 2024 4896 usum

450 4944 797 4984 communem
842 4936 1256 4991 convertuntur,
1293 4927 1387 4981 sed
1431 4928 1679 4996 quaedam
1725 4930 2026 4986 abluuntur

449 5036 518 5078 ex
565 5023 716 5092 ipsis,
755 5022 1001 5092 quaedam
1054 5019 1490 5089 confringuntur.
1547 5019 1678 5086 Quae
1723 5022 1869 5076 enim
1915 5025 2027 5079 Deo

452 5123 582 5168 sunt
603 5113 869 5178 dedicata,
894 5111 1168 5182 quomodo
1193 5112 1261 5165 ad
1288 5112 1556 5165 humanos
1578 5126 1711 5166 usus
1737 5113 2027 5168 traducan-

452 5205 594 5256 tur?
637 5203 790 5269 Quod
843 5213 1028 5256 autem
1085 5201 1398 5256 communio
1453 5202 1700 5256 carnium
1765 5205 2022 5261 sacriﬁcii

450 5291 611 5362 352
648 5292 719 5347 sit
768 5300 972 5356 sancta,
1001 5307 1106 5346 nec
1135 5292 1258 5346 aliis
1283 5292 1592 5355 conveniat,
1623 5294 1728 5349 nisi
1751 5297 1925 5351 solum
1955 5297 2024 5353 iis

450 5383 546 5451 qui
595 5399 896 5455 repugnare
941 5383 1117 5436 solent
1160 5382 1416 5451 peccatis,
1457 5382 1695 5454 fortique
1743 5387 1925 5441 animo
1953 5388 2022 5443 ad

451 5473 710 5530 virtutem
743 5473 1102 5540 contendunt,
1128 5473 1464 5544 signiﬁcatur
1485 5475 1573 5530 his
1596 5477 1818 5532 verbis:
1848 5498 1865 5529 ι
1894 5479 2022 5534 0m-

526 5651 569 5684 "
601 5650 774 5709 [ϐοΐ.
810 5669 847 5719 ι,
881 5655 934 5708 2.
1011 5658 1052 5689 "
1091 5659 1265 5714 Levit.
1300 5677 1370 5726 vt,
1407 5660 1493 5716 26.
1573 5663 1615 5693 ³⁸
1660 5662 1795 5716 Ibid.

2119 4476 2541 4547 παρειλημμένα
2569 4477 2676 4529 τῶν
2716 4478 2946 4541 σκευῶν,
2979 4478 3234 4549 ἡγιάζετο
3279 4477 3422 4532 κατὰ
3469 4480 3561 4533 τὸν
3604 4481 3700 4538 αὐτ
3738 4504 3740 4507 ·

2117 4569 2230 4630 τοῖς
2261 4583 2361 4618 που
2401 4565 2615 4628 πάντως
2643 4567 2922 4636 πρέποντα
2953 4568 3185 4637 τρόπον;
3217 4567 3478 4640 Tati-tnta:
3508 4570 3603 4621 καί
3621 4571 3702 4632 είς

2121 4657 2304 4730 κοινὴν
2331 4658 2391 4711 οὐ
2422 4657 2916 4729 παραλαμϐάνεται
2941 4659 3149 4730 χρείαν.
3186 4659 3286 4712 Διά
3309 4661 3468 4712 τοῦτο
3491 4660 3558 4712 τά
3601 4661 3702 4730 μὲν

2122 4749 2448 4803 ἐκπλύνεται
2476 4749 2582 4801 τῶν
2627 4750 2857 4812 σκευῶν,
2888 4751 2959 4804 τὰ
2993 4751 3049 4804 δὲ
3079 4750 3453 4823 συνθραῦεται.
3479 4752 3560 4805 Τὰ
3593 4752 3702 4823 γάρ

2124 4845 2239 4905 τοῖς
2295 4841 2460 4904 θείοις
2505 4841 3014 4913 λελειτουργηκότα,
3059 4843 3176 4906 πῶς
3216 4844 3280 4898 ἂν
3312 4844 3528 4898 καλοῖτο
3565 4845 3703 4915 πρὸς

2125 4933 2194 4985 τὰ
2228 4931 2576 5004 ἀνθρώπινας
2607 4931 2732 4985 Ὀτι
2772 4931 2829 4985 δέ
2868 4935 2984 4986 ἐστι
3028 4933 3138 4985 τῶν
3167 4934 3264 5004 τῆς
3302 4933 3494 4998 θυσίας
3525 4935 3704 5004 κρεῶν

2128 5023 2466 5094 ἀγιοπρεπὴς
2491 5024 2525 5094 ἡ
2559 5022 2909 5094 μέθεξις,καὶ
2936 5025 3034 5078 οὐκ
3063 5024 3128 5078 ἂν
3144 5026 3353 5096 ἑτέροις
3383 5026 3702 5096 ἁρμόσειεν.

2127 5113 2266 5184 πλὴν
2306 5115 2388 5166 ὅτι
2432 5114 2497 5184 δὴ
2547 5115 2728 5184 μόνοις
2779 5117 2890 5178 τοῖς
2945 5114 3043 5185 τῆς
3094 5115 3371 5185 ἁμαρτίας
3413 5115 3706 5168 καταθλεῖν

2128 5203 2344 5257 εἰωθόσι
2382 5203 2478 5257 καὶ⁸
2521 5203 2925 5275 ἀνδριζομένοις
2961 5208 3039 5270 είς
3083 5206 3304 5278 ἀρετὴν,
3362 5207 3702 5278 ὑπεσήμαινε

2128 5297 2301 5365 λέγων
2326 5312 2339 5327 ·
2379 5315 2396 5346 ι
2423 5297 2537 5352 Πᾶν
2568 5297 2733 5368 ἀρσεν
2771 5300 2827 5350 ἐν
2865 5301 2978 5362 τοῖς
3012 5299 3219 5369 ίερεῦσι
3268 5301 3498 5368 φάγεται
3541 5300 3700 5354 αὐτά.

2128 5390 2296 5457 ’Ἅγια
2337 5389 2508 5458 ἁγίων
2547 5391 2664 5442 ἐστὶ
2704 5389 2912 5462 Κυρίῳ.
2939 5409 2958 5441 ι
3003 5391 3126 5462 Ἆρ’
3163 5387 3288 5458 οὖν,
3321 5392 3441 5445 είπέ
3483 5409 3596 5464 μοι,
3647 5390 3700 5445 τὸ

2127 5480 2260 5553 θῆλυ
2286 5483 2445 5550 γένος
2477 5482 2766 5536 ἀποσοϐεῖν
2793 5485 2822 5537 6
2855 5484 3018 5554 νόμος
3046 5485 3144 5555 τῆς
3182 5485 3435 5554 εὐλογίας
3475 5485 3699 5558 προστέ-

1900 5666 1942 5696 ³³
1973 5665 2146 5720 Levit.
2184 5665 2269 5731 Π,
2297 5665 2349 5735 3,
2383 5665 2436 5722 4.
2513 5666 2555 5697 ³⁵
2583 5664 2753 5720 Exod.
2783 5683 2854 5730 γι,
2885 5663 2973 5720 27.
3053 5666 3098 5698 ³⁸
3136 5664 3273 5721 Ibid.
3301 5665 3410 5750 28._
