4024 6198
336 298 444 358 553

1333 294 1599 350 curm
1610 237 1864 351 nonan.
1888 265 1971 348 ut
1993 294 2366 349 LEVI'I'ICUM
2402 296 2626 350 causa.

3496 306 3602 358 D56

333 429 540 485 ταχεν;
591 413 653 466 οὐ
690 410 849 466 τοῦτό
902 428 1119 483 φαμεν
1148 413 1434 482 ἁγιάζεται
1474 415 1583 486 γὰρ
1625 416 1723 470 σὺν
1759 415 1912 487 ἡμῖν.

2023 414 2107 470 nis
2136 415 2411 470 masculus
2444 415 2588 469 inter
2625 412 2936 469 sacerdotes
2964 409 3205 467 comedit
3230 411 3367 466 lucc.
3403 413 3602 471 Sancta

349 506 493 560 Ἀλλ’
521 506 584 559 εν
607 503 799 568 τύποις
830 503 930 575 μὲν
955 504 1138 558 ἐκεῖνα
1169 504 1264 558 καὶ
1291 507 1491 570 σκιαῖς.
1521 507 1621 561 Διά
1640 507 1698 560 δέ
1728 523 1793 576 γε
1824 507 1919 563 τοῦ

336 592 633 668 ἀρσενικοῦ
682 592 781 647 καὶ
833 591 981 663 ίεροῦ
1032 591 1248 661 γένους,
1281 593 1659 665 ὑπεσήμαινεν
1706 594 1925 664 εὐφυῶς

336 687 465 750 τοὺς
516 687 578 739 ὲν
629 677 854 756 Χριστῷ
883 683 1094 755 νοητῶς
1144 683 1431 756 ἀνδρείους
1468 701 1529 738 τε
1570 685 1663 739 καὶ
1724 686 1924 756 ἱερούς.

339 776 678 849 Κεκλήμεθα
705 775 890 830 τοίνυν
910 776 992 839 είς
1039 774 1257 846 μέθεξιν
1287 774 1389 846 τῆς
1411 777 1800 848 εὐοσμωτάτης
1828 775 1926 831 θυ-

341 872 486 936 σίας,
520 870 597 934 ὡς
657 869 800 941 ἱερὸν
856 868 952 922 καὶ
1004 867 1344 922 «ἀπόδεκτον
1402 868 1580 938 γένος,
1636 868 1712 934 ὡς
1774 868 1929 934 ἔθνος

342 963 522 1030 ἅγιον,
556 962 634 1025 ὡς
663 960 930 1033 βασίλειον
965 959 1318 1033 ίεράτευμα,ι
1358 960 1633 1016 νεανίσκοι
1658 962 1752 1015 καὶ
1782 978 1927 1034 παρ-

337 1052 505 1116 θένοι,
548 1051 853 1126 πρεσϐύται
888 1050 1027 1121 μετὰ
1071 1050 1372 1123 νεωτέρων.
1413 1049 1505 1106 Ἐν
1551 1051 1657 1123 γὰρ
1709 1050 1929 1122 Χριστῷ

346 1143 551 1214 ³1ησοῦ,
585 1145 685 1197 οὐκ
722 1144 889 1214 ἄρσεν
914 1143 1010 1197 καὶ
1039 1142 1198 1214 θῆλυ,
1229 1142 1344 1198 ἀλλ’
1371 1143 1488 1210 ἑνὸς
1517 1144 1718 1209 πάντες
1738 1143 1926 1217 ἐσμὲν,

336 1234 416 1297 ὡς
461 1233 557 1288 τοῦ
615 1234 736 1298 ἑνὸς
793 1233 893 1305 μὲν
936 1233 1105 1306 ἄρτου
1138 1235 1481 1306 μετέχοντες,
1508 1253 1528 1289 ι
1564 1236 1706 1290 κατὰ
1748 1235 1813 1290 τὸ
1837 1251 1930 1305 γε-

335 1326 679 1396 γραμμένον.
713 1326 822 1381 Καὶ
847 1325 982 1398 φέρε
1012 1325 1079 1399 δὴ
1112 1326 1299 1382 λοιπὸν
1347 1327 1657 1391 ἀκλείστοις
1694 1328 1929 1398 στόμασι

336 1417 436 1470 καὶ
462 1416 863 1488 ἁκαταλήκτοις
888 1420 1097 1487 φωναῖς
1128 1418 1219 1473 τὸν
1251 1418 1360 1474 τῶν
1393 1419 1531 1473 ὅλων
1553 1418 1793 1475 Βασιλέα
1833 1420 1929 1474 καὶ

332 1509 633 1582 Λυτρωτήν
682 1509 1016 1579 δοξολογίαις
1068 1511 1564 1584 καταγεραίρωμεν
1588 1553 1603 1579 ,
1659 1511 1807 1583 φημὶ
1868 1510 1927 1565 δὲ

334 1599 592 1672 Χριστὸν,
643 1601 711 1656 δι’
733 1596 795 1658 οὗ
848 1602 943 1656 καὶ
982 1603 1101 1674 μεθ’
1127 1597 1190 1659 οὗ
1240 1603 1318 1674 τῷ
1367 1602 1487 1675 Θεῷ
1536 1605 1631 1659 καὶ
1689 1605 1926 1677 Πατρὶή

334 1692 468 1760 δόξα
505 1695 603 1747 σὺν
630 1693 774 1765 ἁγίῳ
802 1693 1087 1765 Πνεύματι
1127 1695 1209 1759 είς
1253 1696 1380 1761 τοὺς
1409 1693 1612 1760 αἰῶνας
1650 1696 1759 1750 τῶν
1797 1695 1928 1751 αἰώ-

336 1792 465 1839 νων.
496 1784 552 1837 ’Δ
563 1784 691 1856 μήν.

2026 515 2340 563 sanctorum
2372 508 2621 563 Domino
2662 507 2727 560 ³⁸.
2753 526 2771 559 ι
2804 506 2945 561 Num
2977 505 3164 577 igitur,
3197 503 3289 559 die
3318 503 3472 567 mihi,
3507 519 3602 574 ge~

2026 615 2132 656 nus
2152 598 2487 655 .l‘etnininum
2531 600 2619 655 lex
2668 615 2699 654 a
2750 598 3136 654 benedictione
3191 594 3365 651 arceri
3405 594 3604 666 jussit?

2025 690 2147 746 Non
2193 690 2300 746 hoc
2347 691 2628 748 dicimus:
2668 691 2957 747 nobiscum
3001 690 3148 745 enim
3205 686 3600 743 sanctiﬁcatur.

2028 781 2136 838 Sed
2160 782 2217 838 in
2242 783 2385 856 typis
2413 783 2508 838 illa
2534 791 2591 838 ct
2640 783 2855 838 umbris
2896 782 3119 837 ﬁebant.
3173 779 3309 848 Quia
3350 794 3449 849 per
3485 794 3603 832 ma»

2027 873 2239 927 oculum
2259 883 2315 928 et
2337 881 2587 928 sanctum
2606 887 2779 943 genus
2798 872 3080 943 eleganter
3103 869 3444 942 signiﬁcabat
3482 869 3605 925 illos

2026 961 2124 1032 qui
2178 967 2310 1017 au‘ut
2353 962 2409 1016 in
2460 962 2681 1019 Christo
2723 962 3084 1033 spirituaniter
3115 961 3288 1016 fortes
3324 968 3381 1015 et
3405 960 3601 1015 sancti.

2028 1050 2218 1108 Vocati
2246 1067 2378 1125 ergo
2412 1069 2604 1109 sumus
2631 1053 2687 1109 in
2738 1053 3125 1110 communione
3164 1050 3605 1123 ﬂagrantissimae

2030 1143 2348 1210 oblationis,
2367 1145 2539 1201 veluti
2570 1155 2818 1201 sanctum
2838 1154 2894 1201 et
2925 1165 2941 1197 ι
2964 1145 3198 1201 electum
3225 1158 3447 1215 genus,»
3480 1151 3605 1198 tan-

2028 1252 2193 1309 quam
2221 1256 2238 1287 ι
2258 1252 2391 1309 gens
2423 1245 2633 1303 sancta,
2664 1238 2919 1309 et;regale
2945 1237 3312 1293 sacerdotium
3331 1236 3396 1300 ",
3422 1254 3440 1287 ι
3469 1233 3602 1289 ado-
3680 1244 3689 1256 '

2029 1327 2301 1383 lescentes
2317 1338 2374 1384 et
2394 1329 2655 1401 virgines,
2676 1343 2835 1385 senes
2868 1344 2994 1383 cum
3018 1327 3334 1400 junioribus
3355 1326 3442 1380 ³⁷2
3465 1324 3604 1393 Quia

2026 1420 2084 1476 in
2130 1420 2351 1477 Christo
2396 1418 2525 1477 Iesu
2568 1437 2678 1478 non
2716 1431 2800 1477 est
2839 1421 3132 1486 masculus,
3166 1433 3347 1492 neque
3378 1417 3604 1483 femina,

2030 1512 2126 1568 sed
2154 1528 2324 1567 unum
2349 1528 2540 1569 omnes
2572 1530 2764 1569 sumus
2797 1523 3053 1585 tanquam
3104 1512 3198 1584 qui
3226 1513 3282 1567 in
3315 1526 3426 1567 uno
3465 1526 3606 1581 pane

2030 1604 2524 1671 communicemus,
2556 1623 2573 1658 ι
2606 1607 2749 1662 sicut
2774 1606 3036 1676 scriptum
3069 1614 3153 1660 est
3186 1603 3253 1658 ³⁸.
3283 1602 3441 1658 Nunc
3475 1616 3606 1672 ergo

2029 1704 2283 1767 superest
2304 1704 2366 1752 ut
2393 1707 2582 1769 aperto
2615 1713 2711 1754 ore
2747 1706 2804 1753 et
2830 1712 2964 1753 voce
3002 1694 3365 1753 inaccessibili
3400 1696 3605 1765 Regem

1961 1787 2003 1842 Β
2032 1787 2197 1861 hujus
2242 1789 2486 1845 universi
2525 1806 2589 1846 ac
2620 1790 3044 1859 Redemptorem
3081 1796 3330 1844 nostrum
3363 1784 3606 1841 celebre-

333 1890 484 1940 mus,
518 1875 884 1948 laudibusque
921 1878 1268 1945 extollamus,
1322 1876 1628 1946 Christum,
1670 1879 1917 1951 inquam,
1958 1896 2059 1953 per
2099 1881 2263 1953 quem
2316 1891 2372 1940 et
2413 1898 2537 1939 cum
2563 1898 2673 1955 quo
2700 1883 2770 1939 sit
2806 1883 2978 1955 gloria
3033 1884 3145 1939 Deo
3178 1896 3241 1937 ac
3302 1878 3450 1937 Patri
3477 1891 3604 1933 cum

336 1968 549 2040 Spiritu
574 1980 767 2028 sancto
805 1972 864 2028 in
892 1975 1090 2031 saecula
1115 1974 1461 2032 saeculorum.
1491 1977 1687 2032 Amen.

575 2084 715 2153 Περὶ
741 2082 851 2139 τοῦ
885 2086 1259 2157 καθαρισμοῦ
1284 2086 1395 2157 τῆς
1426 2086 1676 2157 λέπρας.

409 2172 806 2229 Βεδασίλευκεν
858 2177 1018 2248 ἡμῶν
1065 2179 1099 2248 ὴ
1141 2176 1406 2250 ἁμαρτία,
1446 2179 1540 2232 καὶ
1587 2176 1921 2250 κατεκράτη-

334 2281 430 2319 σεν
463 2265 572 2319 τῶν
622 2266 715 2320 ἐπὶ
769 2266 871 2338 τῆς
910 2267 1034 2339 γῆς,
1073 2269 1203 2324 ιδιά
1252 2286 1332 2322 τοι
1377 2269 1437 2323 τὸ
1497 2269 1774 2338 ἐγκεῖσθαι
1820 2268 1918 2341 τὴν

332 2357 576 2412 διάνοιαν
620 2357 717 2412 τοῦ
767 2360 1058 2431 ἀνθρώπου
1088 2360 1367 2433 ἐπιμελῶς
1392 2361 1483 2415 ἐπὶ
1511 2362 1581 2416 τὰ
1614 2361 1827 2434 πονηρὰ
1854 2361 1919 2414 ὲκ

333 2447 609 2519 νεότητος,
631 2466 651 2501 ι
692 2450 791 2504 καὶ
830 2450 1099 2521 ἁχαλίνως
1132 2451 1350 2506 ἑλέσθαι
1387 2452 1583 2505 παθεῖν
1608 2451 1708 2525 τὴν
1731 2454 1813 2516 εἰς
1845 2450 1918 2505 τὰ

258 2608 261 2609 ν
330 2540 555 2611 χείρονα
586 2541 779 2613 ῥοπὴν,
827 2543 1057 2611 ποιήσας
1112 2542 1170 2598 δὲ
1220 2545 1353 2616 παρ’
1392 2543 1546 2598 οὐδὲν
1593 2545 1696 2615 τῆς
1755 2545 1919 2598 ἐπιει-

338 2630 498 2693 κείας
528 2628 630 2699 τὴν
676 2628 854 2694 δόξαν.
891 2631 949 2684 '0
988 2630 1045 2685 δὲ
1083 2630 1215 2696 Θεὸς
1237 2652 1255 2684 ι
1279 2631 1532 2697 πλούσιος
1568 2632 1625 2686 ὲν
1656 2631 1796 2686 ὲλέει
1827 2633 1918 2686 καὶ

332 2719 662 2791 οἰκτιρμοῖς,
677 2739 697 2774 ι
717 2720 860 2776 καθὰ
873 2722 1205 2793 γέγραπται,
1226 2722 1343 2779 (διὰ
1355 2725 1453 2795 τὴν
1480 2724 1680 2797 πολλὴν
1697 2726 1916 2798 ἀγάπην

333 2811 525 2879 αὐτοῦ,
558 2811 626 2884 ἦν
656 2812 942 2883 ἠγάπησεν
989 2816 1158 2886 ἡμᾶς,
1190 2815 1285 2870 καὶ
1312 2815 1473 2880 ὄντας
1512 2818 1660 2887 ἡμᾶς
1690 2815 1917 2888 νεκροὺς

332 2905 448 2968 τοῖς
498 2903 911 2976 παραπτώμασι
951 2907 1382 2979 συνεζωοποίησε
1431 2908 1508 2979 τῷ
1549 2908 1790 2980 Χριστῷ,
1822 2910 1918 2964 καὶ

334 2994 653 3065 συνήγειρε,
687 2995 782 3049 καὶ
810 2994 1130 3049 συνεκάθισε
1182 2998 1297 3061 τοῖς
1350 2998 1712 3069 ἐπουρανίοις.
1741 3018 1760 3050 ι
1810 3000 1917 3053 Πε-

331 3086 723 3159 πλουτήκαμεν
785 3088 894 3160 γὰρ
943 3089 1000 3142 ὲν
1034 3087 1254 3160 Χριστῷ
1320 3088 1419 3161 τὴν
1465 3090 1669 3144 ἄνωθεν
1716 3090 1917 3162 ἡμερό-

329 3193 496 3248 τητα,
531 3178 625 3231 καὶ
672 3178 772 3251 τὴν
818 3179 991 3233 ἀκλεᾶ
1045 3180 1138 3233 καὶ
1189 3179 1587 3253 παμμόχθηρον
1646 3182 1917 3254 ἁμαρτίαν

330 3268 742 3339 ἀπενιψάμεθα,
776 3269 1101 3341 κεκλημένοι
1125 3270 1215 3325 διὰ
1243 3271 1342 3343 τῆς
1376 3271 1609 3337 πίστεως
1645 3275 1724 3340 είς
1762 3273 1918 3343 ἅγια-

2487 2085 2565 2141 De
2589 2085 2932 2143 inundatione
2957 2084 3137 2157 lcprcr.

2028 2162 2042 2177 ’
2100 2180 2150 2235 1.
2186 2178 2452 2251 Regnavit
2478 2176 2547 2234 de
2595 2178 2755 2233 nobis
2784 2185 3090 2248 peccatum,
3142 2186 3199 2231 et
3226 2177 3516 2248 imperium
3547 2179 3605 2237 in

2026 2271 2290 2328 mortales
2315 2270 2574 2337 obtinuit,
2612 2289 2629 2321 ι
2656 2285 2722 2326 eo
2750 2267 2895 2340 quod
2913 2266 3170 2340 cogitatio
3191 2266 3430 2323 hominis
3446 2268 3604 2325 valde

2031 2376 2205 2432 prona
2246 2370 2333 2416 est
2372 2359 2440 2415 ad
2474 2360 2618 2414 mala
2663 2358 2734 2413 ah
2776 2356 3143 2413 adolescentia
3177 2371 3274 2411 sua
3311 2357 3416 2423 ³ο.»
3439 2363 3603 2428 atque

2024 2452 2221 2509 ell‘reni
2247 2453 2455 2525 impetu
2480 2451 2548 2508 ad
2575 2451 2848 2507 deteriora
2865 2464 3109 2520 praeceps
3129 2447 3324 2515 fertur,
3348 2457 3403 2504 et
3429 2449 3606 2507 conti-

2023 2543 2227 2600 nentize
2276 2544 2507 2616 gloriam
2559 2540 2769 2597 nullius
2816 2541 2976 2611 plane
3023 2538 3172 2593 facit.
3225 2539 3371 2593 Deus
3417 2547 3603 2594 autem

2032 2656 2051 2689 ι
2086 2652 2213 2691 cum
2252 2635 2325 2693 sit
2353 2635 2507 2690 dives
2552 2634 2609 2689 in
2645 2631 3042 2697 misericordia,
3073 2649 3092 2683 ι
3145 2629 3289 2686 sicut
3335 2630 3603 2700 scriptum

2023 2737 2107 2784 est
2138 2728 2205 2795 ⁸ο,
2269 2736 2537 2801 ιρι-οριρι-
2575 2740 2825 2796 magnam
2874 2722 3224 2778 dilectionem
3274 2736 3449 2785 suam,
3494 2732 3602 2791 qua

2024 2820 2215 2877 dilexit
2237 2835 2361 2886 nos,
2381 2818 2549 2873 etiam
2590 2826 2704 2872 tum
2736 2815 2954 2887 quando
3003 2813 3208 2873 mortui
3243 2828 3464 2868 eramus
3501 2813 3601 2870 de-

2023 2911 2187 2978 lictis,
2215 2908 2615 2966 conviviﬁcavit
2637 2924 2738 2962 nos
2758 2907 2998 2972 Christo,
3023 2906 3294 2975 simulque
3318 2905 3599 2973 excitavit,

2023 3014 2081 3060 et
2111 2999 2327 3059 sederc‘
2353 3000 2482 3055 fecit
2504 2999 2560 3054 in
2587 2998 2924 3055 caelestibus.
2962 3016 2980 3048 ι
3013 2995 3306 3051 Consecuti
3333 2995 3479 3049 enim
3504 3010 3600 3050 su-

2024 3110 2147 3150 mus
2190 3093 2244 3150 in
2277 3091 2497 3162 Christo
2536 3103 2831 3160 supernam
2858 3086 3272 3158 benignitatem,
3313 3094 3368 3141 et
3398 3085 3603 3140 infame

2024 3194 2307 3259 peccatum
2349 3181 2644 3247 ahluimus,
2670 3178 2851 3235 vocati
2876 3194 2975 3249 per
3005 3177 3167 3233 fidem
3195 3178 3262 3233 ad
3290 3176 3600 3233 sanctiﬁca-

2024 3275 2250 3330 tionem.
2297 3273 2570 3327 Praeterea
2613 3269 2739 3325 vitae
2774 3275 2991 3323 aeternae
3044 3265 3171 3321 facti
3202 3266 3518 3337 participes,
3546 3273 3605 3321 et

332 3359 495 3430 σμόν.
532 3359 644 3413 Kal
688 3360 826 3432 πρός
863 3378 929 3431 γε
977 3362 1042 3435 δὴ
1075 3362 1287 3429 τούτοις
1331 3365 1427 3419 καὶ
1459 3366 1557 3437 τῆς
1602 3368 1683 3431 είς
1714 3367 1917 3433 αἰῶνας

2023 3366 2231 3437 accepti
2282 3364 2511 3428 erimus,
2558 3370 2615 3416 et
2652 3361 2951 3417 oﬂ‘eremur
2981 3358 3037 3413 in
3066 3356 3292 3413 odorem
3320 3357 3606 3414 suavitatis

332 3450 486 3521 ζωῆς
521 3453 808 3522 γεγονότες
852 3454 1089 3525 μέτοχοι,
1123 3455 1303 3510 δεκτοί
1340 3474 1401 3511 τε
1427 3457 1684 3526 ἐσόμεθα,
1716 3459 1811 3514 καὶ
1838 3461 1917 3525 εἰς

330 3541 514 3612 ὀσμὴν
571 3541 800 3606 εὐωδίας
840 3544 1244 3616 ἀνακεισόμεθα
1295 3544 1375 3617 τῷ
1419 3545 1541 3619 Θεῷ
1576 3548 1669 3601 καὶ
1718 3548 1913 3620 Πατρί.

333 3631 451 3684 Kal.
494 3632 605 3704 γάρ
647 3633 797 3687 ἐστιν
829 3634 1034 3707 ἀληθὴς
1060 3637 1088 3689 ὀ
1120 3635 1388 3708 μακάριος
1432 3638 1642 3702 Παῦλος
1668 3639 1918 3711 γράφων,

333 3722 419 3777 ὅτι
449 3723 689 3794 Χριστοῦ
714 3724 939 3779 (εὐωδία
959 3742 977 3777 ι
1007 3726 1271 3799 ἐσμὲν,τῷ
1298 3726 1437 3800 Θεῷ.
1459 3728 1582 3783 Ὀτι
1610 3729 1738 3803 γὰρ,
1756 3732 1805 3784 εί
1826 3729 1922 3785 καλ⁸

331 3815 738 3887 τετυράννηκεν
780 3814 938 3888 ἡμῶν
980 3820 1014 3890 ἠ
1046 3818 1289 3891 ἁμαρτία
1330 3820 1469 3875 κατὰ
1513 3822 1760 3894 καιροὺς,
1806 3821 1921 3877 ἀλλ’

334 3907 803 3979 ἀπεκρουσάμεθα
860 3908 959 3981 τὴν
1011 3908 1224 3981 κηλίδα,
1278 3908 1655 3984 διεσμήγμεθα
1706 3914 1796 3968 τὸν
1827 3913 1922 3986 ῥύ-

334 4014 441 4052 πον
469 3998 847 4072 κατελήξαμεν
887 4003 945 4056 ὲν
968 4003 1189 4075 Χριστῷ
1213 4002 1322 4057 τῶν
1350 4003 1594 4076 ἀρχαίων
1631 4006 1921 4078 ἀρρωστη-

338 4092 551 4163 μάτων,
587 4091 730 4164 ἱερὸς
755 4094 903 4165 ἡμᾶς
932 4093 1213 4150 ἀναπείσει
1263 4093 1440 4164 λόγος.
1471 4095 1783 4170 Γέγραπται
1812 4096 1923 4166 γὰρ

333 4182 515 4247 οὕτως
542 4185 603 4238 ὲν
649 4183 729 4255 τῷ
758 4185 1028 4257 Δευῖτικῷ
1051 4203 1063 4217 ·
1100 4205 1119 4238 ι
1151 4187 1262 4241 Καὶ
1290 4187 1518 4267 ἐλάλησε
1550 4186 1753 4260 Κύριος
1787 4188 1924 4260 πρὸς

332 4276 571 4347 Μωσῆν,
617 4274 792 4345 λέγων
817 4293 831 4307 ·
886 4269 1055 4343 Οὗτος
1106 4278 1135 4330 δ
1177 4278 1338 4351 νόμος
1377 4277 1473 4332 τοῦ
1520 4273 1813 4354 λεπροῦ,ᾖ
1856 4279 1923 4335 ἂν

333 4367 528 4440 ἡμέρᾳ
582 4367 918 4441 καθαρισθῇ·
978 4368 1073 4423 xal
1145 4369 1582 4442 προσαχθήσεται
1639 4370 1776 4442 πρὸς
1831 4369 1924 4426 τὸν

337 4457 515 4529 ἱερέα,
549 4459 642 4511 καὶ
667 4456 1005 4527 ἐξελεύσεται
1034 4461 1061 4514 ὁ
1090 4461 1267 4532 ἱερεὺς
1302 4460 1406 4528 ἔξω
1426 4462 1525 4533 τῆς
1551 4460 1920 4533 παρεμϐολῆς,

335 4552 434 4606 καὶ
460 4549 656 4621 ὄψεται
684 4553 712 4605 ὁ
742 4552 942 4622 ίερεὺς,
967 4551 1060 4606 καὶ
1085 4552 1193 4607 ἰδοὺ
1226 4553 1370 4607 {citat
1393 4555 1426 4624 ἡ
1456 4554 1567 4626 ἁφὴ
1588 4553 1691 4625 τῆς
1717 4553 1924 4626 λέπρας

332 4641 450 4697 ἀπὸ
477 4640 575 4695 τοῦ
607 4640 832 4714 λεπροῦ.
868 4643 979 4697 Kal.
1008 4643 1271 4715 προσάξει
1304 4645 1332 4697 ὁ
1364 4646 1564 4717 ἱερεὺς,
1596 4645 1689 4699 καὶ
1725 4645 1923 4717 λήψον-

2019 3458 2133 3514 Deo
2177 3473 2242 3513 ac
2289 3455 2457 3511 Patri.
2518 3451 2803 3523 Siquidem
2857 3466 3024 3508 verax
3052 3455 3136 3505 est
3176 3449 3371 3504 beatus
3400 3449 3606 3505 Paulus

2021 3549 2271 3605 scribens
2318 3546 2467 3618 quod
2519 3543 2724 3601 Christi
2782 3563 2800 3595 ι
2837 3541 3017 3597 bonus
3069 3541 3205 3596 odor
3239 3560 3256 3591 ι
3309 3555 3501 3597 sumus
3538 3541 3596 3596 in

2021 3640 2134 3697 Deo
2159 3640 2221 3694 δ’.
2247 3637 2403 3707 Quod
2425 3636 2596 3703 enim,
2624 3630 2727 3691 etsi
2750 3640 3037 3707 peccatum
3071 3632 3127 3689 in
3155 3648 3255 3687 nos
3276 3648 3428 3688 suam
3449 3646 3609 3687 excr-

2022 3733 2199 3790 euerit
2234 3729 2575 3805 tyrannidem
2615 3726 2684 3783 ad
2705 3735 2942 3796 tempus,
2975 3733 3159 3778 tamen
3184 3738 3250 3793 ex
3274 3723 3379 3777 hoc
3401 3720 3606 3792 probro

2021 3822 2429 3886 emerserimus,
2463 3818 2760 3887 sordcsque
2780 3814 3139 3876 abluerimus,
3179 3810 3339 3883 353
3371 3818 3534 3881 atque
3571 3825 3606 3865 ιι

2022 3912 2270 3985 pristinis
2316 3926 2414 3981 per
2461 3907 2741 3964 Christum
2787 3903 2964 3974 erepti
2998 3900 3225 3965 morbis,
3257 3916 3415 3955 sacra
3443 3900 3605 3955 nobis

2024 4000 2305 4072 Scriptura
2351 3995 2724 4070 persuadebit.
2780 3993 2872 4048 Sic
2920 3992 3069 4048 enim
3118 3989 3384 4061 scriptum
3431 3996 3515 4044 est
3544 3990 3603 4045 in

2022 4090 2267 4150 Levitico
2301 4108 2312 4144 :
2367 4108 2383 4139 ι
2422 4087 2489 4143 Et
2530 4087 2747 4141 locutus
2788 4090 2873 4139 est
2924 4082 3191 4137 Dominus
3235 4081 3304 4137 ad
3358 4081 3601 4153 Moysen,

2024 4186 2254 4242 dicens:
2297 4182 2423 4238 Haec
2462 4186 2548 4235 est
2582 4178 2674 4233 lex
2701 4176 2928 4248 leprosi,
2968 4188 3299 4247 quocunque
3322 4173 3412 4230 die
3442 4189 3604 4229 mun-

2024 4277 2186 4334 datus
2208 4275 2376 4331 luerit
2408 4290 2420 4328 :
2451 4281 2506 4327 et
2530 4269 2835 4327 adducetur
2864 4267 2933 4323 ad
2960 4264 3324 4332 sacerdotem,
3354 4274 3411 4321 et
3435 4265 3608 4321 exibit

2024 4368 2280 4427 sacerdos
2319 4375 2473 4424 extra
2519 4372 2718 4428 castra,
2754 4361 3073 4430 videbitque
3105 4360 3221 4432 ipse
3245 4360 3518 4425 sacerdos,
3549 4370 3607 4417 et

2024 4476 2152 4516 ecce
2207 4470 2432 4516 sanatur
2471 4457 2626 4528 plaga
2670 4453 2836 4523 leprae
2877 4467 2909 4507 a
2956 4451 3193 4520 leproso.
3230 4450 3299 4504 Et
3322 4450 3606 4521 praecipiet

2026 4552 2300 4616 sacerdos,
2360 4549 2699 4621 accipietque
2743 4546 2812 4601 de
2856 4543 3120 4599 mundato
3170 4542 3310 4598 duos
3357 4556 3605 4611 passeres

2025 4644 2181 4698 vivos
2222 4650 2278 4698 et
2315 4656 2506 4713 puros,
2552 4641 2715 4710 atq‘ue
2766 4638 2976 4709 lignum
3005 4634 3311 4699 ccdrinum,
3335 4642 3391 4689 et
3421 4633 3603 4688 cocci-

333 4748 429 4788 ται
461 4729 540 4804 τῷ
583 4732 1049 4805 κεκαθαρισμένῳ
1097 4734 1191 4787 δύο
1228 4732 1438 4805 ὀρνίθια
1479 4733 1657 4797 ζῶντα
1690 4734 1785 4787 καὶ
1818 4752 1918 4789 κα·

2023 4746 2156 4789 num
2204 4733 2695 4805 conglomeratum,
2747 4739 2803 4785 et
2840 4729 3158 4801 hyss0pnm.
3217 4725 3606 4796 Mandabitquc

337 4821 507 4894 θαρὰ,
543 4821 640 4875 καὶ
666 4821 820 4887 ξύλον
851 4822 1113 4894 κέδρινον,
1144 4823 1241 4877 xal.
1272 4822 1482 4879 κεκλωσ
1493 4824 1652 4894 μένον
1676 4824 1924 4880 κόκκινον

335 4914 437 4969 καὶ
467 4912 742 4969 ὕσσωπον.
771 4916 881 4969 Καὶ
906 4914 1166 4985 προσάξει
1199 4916 1227 4969 ὀ
1278 4916 1477 4987 ἱερεὺς,
1522 4914 1617 4969 καὶ
1662 4915 1923 4985 σφάξουσι

330 5005 450 5061 τῶν
473 5005 731 5077 ὁρνιθίων
761 5005 823 5060 τὸ
842 5005 920 5072 ἓν,
944 5007 1025 5070 είς
1046 5006 1266 5077 ἀγγεῖον
1293 5005 1632 5078 ὀστράκινον,
1655 5008 1741 5080 iga"
1769 5005 1922 5061 ὕδατι

334 5096 527 5161 ζῶντι.
566 5096 674 5150 Καὶ
703 5097 767 5167 ea
796 5096 1029 5169 ὀρνίθιον
1058 5095 1120 5149 τι
1147 5094 1255 5161 ζῶν
1287 5096 1517 5167 λήψεται
1546 5081 1698 5161 αὖτὸ,
1741 5097 1835 5151 καὶ
1864 5096 1924 5151 τι

333 5185 500 5251 ξύλον
526 5186 589 5240 το
617 5187 880 5259 κέδρινον,
916 5187 1013 5243 καὶ
1041 5185 1102 5240 τὸ
1140 5184 1374 5241 ἀλαστὺν
1412 5186 1681 5253 κόκκινον,
1708 5186 1802 5243 καὶ
1827 5187 1926 5259 τὴν

332 5277 620 5345 ὕσσωπον,
646 5280 741 5333 καὶ
774 5277 937 5350 eam
966 5277 1124 5344 αὐτὰ,
1151 5279 1244 5334 καὶ
1274 5277 1333 5331 τὺ
1358 5277 1591 5352 ὀρνίθιον
1619 5279 1678 5332 τὸ
1706 5278 1813 5344 ζῶν
1846 5279 1926 5343 είς

327 5368 401 5422 τὸ
428 5364 572 5440 αἷμα
598 5369 693 5423 τοῦ
723 5368 960 5441 δρνιθίου
984 5368 1080 5423 τοῦ
1113 5369 1410 5439 σφαγέντος
1438 5368 1525 5439 ἐφ’
1551 5367 1703 5425 ὕδατι
1739 5367 1922 5435 ζῶντι,

327 5458 437 5515 καὶ
463 5461 786 5533 περιρῤανεῖ
832 5461 925 5517 ἐπὶ
964 5460 1058 5515 τὸν
1102 5459 1505 5533 καθαρισθέντα
1542 5460 1653 5515 ἀπὸ
1698 5459 1798 5532 τῆς
1838 5459 1923 5515 λέ-

2021 4827 2279 4882 sacerdos
2312 4843 2326 4891 ;
2378 4833 2436 4879 et
2492 4822 2811 4879 ma’ctabunt
2861 4838 2929 4879 ex
2967 4819 3300 4892 passerculis
3337 4834 3506 4873 unum
3546 4816 3603 4871 in

2022 4933 2151 4973 vase
2202 4914 2354 4972 ﬁctili
2399 4916 2468 4973 ad
2509 4932 2707 4988 aquam
2752 4916 3050 4971 viventem.
3105 4915 3174 4969 Et
3226 4912 3455 4967 alteram
3485 4910 3604 4964 avi-

2022 5008 2203 5064 culam
2232 5024 2354 5078 quae
2374 5008 2515 5062 vivit
2567 5009 2822 5080 accipiet,
2856 5008 3175 5079 lignumque
3208 5002 3516 5087 ccdrinum,
3549 5010 3607 5057 et

2022 5099 2488 5170 conglomeratum
2538 5100 2821 5157 coccinum
2872 5107 2930 5153 ct
2978 5091 3295 5169 hyssopum,
3325 5094 3605 5166 tingetque

2025 5188 2144 5259 ipsa
2185 5198 2241 5245 et
2279 5191 2655 5260 passerculum
2701 5191 2977 5246 viventem
3020 5188 3076 5243 in
3120 5186 3440 5259 sanguinem
3487 5184 3604 5242 avis

2022 5286 2272 5336 mactata:
2307 5280 2375 5336 ad
2404 5294 2602 5353 aquam
2636 5282 2933 5345 viventem,
2959 5286 3319 5350 aspergetque
3350 5275 3405 5331 in
3438 5289 3603 5330 mun-

2019 5368 2208 5426 datum
2250 5386 2282 5427 a
2326 5372 2477 5443 lepra
2533 5372 2757 5445 septies,
2796 5379 2854 5428 et
2899 5371 3008 5427 erit
3044 5369 3301 5425 mundus.
3334 5367 3491 5425 Tunc
3514 5364 3603 5421 di-

2017 5461 2200 5517 mittet
2232 5462 2613 5533 passerculum
2661 5463 2720 5517 in
2763 5476 3039 5533 campum,
3088 5468 3145 5514 et
3187 5457 3373 5519 abluet
3426 5456 3474 5511 is
3506 5454 3602 5526 qui

326 5566 488 5625 πρας
509 5552 759 5617 ἑπτάκις,
790 5553 887 5607 καὶ
925 5553 1163 5625 καθαρὸς
1196 5553 1368 5609 ἔσται.
1413 5554 1525 5609 Καὶ
1572 5552 1920 5619 ἑξαποστελεῖ

2023 5554 2314 5611 mundatus
2334 5561 2419 5612 est
2441 5554 2768 5611 vestimenta
2790 5569 2910 5609 sua.
2933 5550 3219 5622 Radetque
3245 5565 3437 5606 omnes
3460 5548 3603 5620 pilos

403 5643 451 5675 ⁸⁸
484 5642 659 5718 Exod.
689 5644 883 5718 V529.
908 5714 922 5718 Δ
961 5644 1004 5677 ³⁷
1030 5645 1051 5701 1
1082 5646 1241 5718 Petri
1272 5661 1309 5701 ιι
1326 5686 1352 5718 ,Α
1378 5647 1434 5718 91
1442 5716 1457 5718 _
1502 5645 1573 5718 3"
1603 5647 1760 5718 Psal,
1780 5662 1922 5718 exn]

2040 5648 2126 5706 12.
2204 5649 2250 5683 ³⁸
2282 5647 2401 5707 Gal.
2448 5664 2542 5718 ιιι,
2582 5647 2689 5715 28;
2764 5647 2939 5706 lCor.
2978 5662 3047 5713 χ,
3093 5645 3179 5700 17.
3258 5643 3303 5678 ³⁹
3344 5642 3485 5701 Gen.
3513 5656 3602 5713 vt.

328 5712 407 5787 5;
439 5715 673 5779 vut,'25.
749 5715 797 5747 ⁸⁸
824 5714 1024 5785 Ephes.
1050 5731 1090 5782 ι,
1125 5715 1180 5781 4,
1209 5715 1262 5770 5.
1340 5716 1384 5748 ⁸⁸
1416 5716 1461 5772 ll
1489 5715 1616 5774 Cor.
1648 5732 1708 5783 ιι,
1739 5716 1827 5772 15.

663 5808 933 5871 Parnm"
980 5808 1095 5871 Ca.
1146 5807 1359 5872 LXIX.

3214 5801 3285 5867 18
