  <div class='ocr_page' id='page_1' title='image "/cluster/home/n/w/nwhite01/storage/ocr_20150623/69/hvd.32044073501983/283.png"; bbox 0 0 4052 6196; ppageno 0'>
   <div class='ocr_carea' id='block_1_1' title="bbox 382 279 498 335">
    <p class='ocr_par' dir='ltr' id='par_1_1' title="bbox 382 279 498 335">
     <span class='ocr_line' id='line_1_1' title="bbox 382 279 498 335; baseline -0.017 0"><span class='ocrx_word' id='word_1_1' title='bbox 382 279 498 335; x_wconf 70' lang='grc'><strong>’555</strong></span> 
     </span>
    </p>
   </div>
   <div class='ocr_carea' id='block_1_2' title="bbox 1415 259 2639 318">
    <p class='ocr_par' dir='ltr' id='par_1_2' title="bbox 1415 259 2639 318">
     <span class='ocr_line' id='line_1_2' title="bbox 1415 259 2639 318; baseline -0.003 0"><span class='ocrx_word' id='word_1_2' title='bbox 1415 263 1469 318; x_wconf 88' lang='lat' dir='ltr'><strong>S.</strong></span> <span class='ocrx_word' id='word_1_3' title='bbox 1511 261 1785 318; x_wconf 74' lang='lat' dir='ltr'><strong>CYRlLLl</strong></span> <span class='ocrx_word' id='word_1_4' title='bbox 1824 261 2291 316; x_wconf 72' lang='lat' dir='ltr'><strong>ALEXANDRINI</strong></span> <span class='ocrx_word' id='word_1_5' title='bbox 2326 259 2639 316; x_wconf 79' lang='lat' dir='ltr'><strong>ARClllEP.</strong></span> 
     </span>
    </p>
   </div>
   <div class='ocr_carea' id='block_1_3' title="bbox 3543 255 3645 314">
    <p class='ocr_par' dir='ltr' id='par_1_3' title="bbox 3543 255 3645 314">
     <span class='ocr_line' id='line_1_3' title="bbox 3543 255 3645 314; baseline 0 0"><span class='ocrx_word' id='word_1_6' title='bbox 3543 255 3645 314; x_wconf 78' lang='lat'><strong>556</strong></span> 
     </span>
    </p>
   </div>
   <div class='ocr_carea' id='block_1_4' title="bbox 388 371 1968 449">
    <p class='ocr_par' dir='ltr' id='par_1_4' title="bbox 388 373 1968 449">
     <span class='ocr_line' id='line_1_4' title="bbox 388 373 1968 449; baseline -0.011 -7"><span class='ocrx_word' id='word_1_7' title='bbox 388 401 539 449; x_wconf 72' lang='lat' dir='ltr'><strong>suos,</strong></span> <span class='ocrx_word' id='word_1_8' title='bbox 572 391 628 437; x_wconf 89' lang='lat' dir='ltr'><strong>et</strong></span> <span class='ocrx_word' id='word_1_9' title='bbox 653 379 920 437; x_wconf 65' lang='lat' dir='ltr'><strong>iurabitur</strong></span> <span class='ocrx_word' id='word_1_10' title='bbox 973 376 1028 431; x_wconf 92' lang='lat' dir='ltr'><strong>in</strong></span> <span class='ocrx_word' id='word_1_11' title='bbox 1059 388 1220 445; x_wconf 79' lang='lat' dir='ltr'><strong>aqua,</strong></span> <span class='ocrx_word' id='word_1_12' title='bbox 1255 373 1600 443; x_wconf 89' lang='lat' dir='ltr'><strong>mundusque</strong></span> <span class='ocrx_word' id='word_1_13' title='bbox 1638 373 1764 427; x_wconf 90' lang='lat' dir='ltr'><strong>erit.</strong></span> <span class='ocrx_word' id='word_1_14' title='bbox 1812 373 1968 428; x_wconf 85' lang='lat' dir='ltr'><strong>Post-</strong></span> 
     </span>
    </p>
   </div>
   <div class='ocr_carea' id='block_1_5' title="bbox 2071 371 3645 449">
    <p class='ocr_par' dir='ltr' id='par_1_5' title="bbox 2073 371 3645 445">
     <span class='ocr_line' id='line_1_5' title="bbox 2073 371 3645 445; baseline 0 -21"><span class='ocrx_word' id='word_1_15' title='bbox 2073 373 2132 426; x_wconf 76' lang='grc' dir='ltr'>τὸ</span> <span class='ocrx_word' id='word_1_16' title='bbox 2162 373 2391 445; x_wconf 73' lang='grc' dir='ltr'>ὀρνίθιον</span> <span class='ocrx_word' id='word_1_17' title='bbox 2431 375 2489 426; x_wconf 59' lang='grc' dir='ltr'><strong>τὶ</strong></span> <span class='ocrx_word' id='word_1_18' title='bbox 2519 373 2625 436; x_wconf 74' lang='grc' dir='ltr'>ζῶν</span> <span class='ocrx_word' id='word_1_19' title='bbox 2655 373 2732 434; x_wconf 78' lang='grc' dir='ltr'><strong>είς</strong></span> <span class='ocrx_word' id='word_1_20' title='bbox 2775 372 2836 424; x_wconf 71' lang='grc' dir='ltr'>τὸ</span> <span class='ocrx_word' id='word_1_21' title='bbox 2874 371 3074 436; x_wconf 76' lang='grc' dir='ltr'>πεδέον,</span> <span class='ocrx_word' id='word_1_22' title='bbox 3127 371 3220 424; x_wconf 82' lang='grc' dir='ltr'>καὶ</span> <span class='ocrx_word' id='word_1_23' title='bbox 3259 371 3447 424; x_wconf 78' lang='grc' dir='ltr'>πλυνεῖ</span> <span class='ocrx_word' id='word_1_24' title='bbox 3479 373 3508 424; x_wconf 85' lang='grc' dir='ltr'>ὁ</span> <span class='ocrx_word' id='word_1_25' title='bbox 3544 388 3645 425; x_wconf 78' lang='grc' dir='ltr'>κα-</span> 
     </span>
    </p>
   </div>
   <div class='ocr_carea' id='block_1_6' title="bbox 391 461 1970 544">
    <p class='ocr_par' dir='ltr' id='par_1_6' title="bbox 391 461 1970 544">
     <span class='ocr_line' id='line_1_6' title="bbox 391 461 1970 544; baseline -0.01 -13"><span class='ocrx_word' id='word_1_26' title='bbox 391 478 507 532; x_wconf 67' lang='lat' dir='ltr'><strong>haec</strong></span> <span class='ocrx_word' id='word_1_27' title='bbox 539 471 880 544; x_wconf 74' lang='lat' dir='ltr'><strong>ingredietur</strong></span> <span class='ocrx_word' id='word_1_28' title='bbox 903 475 1102 532; x_wconf 86' lang='lat' dir='ltr'><strong>castra,</strong></span> <span class='ocrx_word' id='word_1_29' title='bbox 1137 477 1192 523; x_wconf 87' lang='lat' dir='ltr'><strong>et</strong></span> <span class='ocrx_word' id='word_1_30' title='bbox 1225 464 1655 520; x_wconf 78' lang='lat' dir='ltr'><strong>commorabitur</strong></span> <span class='ocrx_word' id='word_1_31' title='bbox 1689 471 1843 517; x_wconf 80' lang='lat' dir='ltr'><strong>extra</strong></span> <span class='ocrx_word' id='word_1_32' title='bbox 1873 461 1970 516; x_wconf 89' lang='lat' dir='ltr'><strong>do-</strong></span> 
     </span>
    </p>
   </div>
   <div class='ocr_carea' id='block_1_7' title="bbox 391 555 1970 634">
    <p class='ocr_par' dir='ltr' id='par_1_7' title="bbox 391 555 1970 634">
     <span class='ocr_line' id='line_1_7' title="bbox 391 555 1970 634; baseline -0.009 -12"><span class='ocrx_word' id='word_1_33' title='bbox 391 582 542 622; x_wconf 87' lang='lat' dir='ltr'><strong>mum</strong></span> <span class='ocrx_word' id='word_1_34' title='bbox 568 581 723 620; x_wconf 88' lang='lat' dir='ltr'><strong>suam</strong></span> <span class='ocrx_word' id='word_1_35' title='bbox 749 570 958 634; x_wconf 91' lang='lat' dir='ltr'><strong>septem</strong></span> <span class='ocrx_word' id='word_1_36' title='bbox 979 560 1196 616; x_wconf 90' lang='lat' dir='ltr'><strong>diebus.</strong></span> <span class='ocrx_word' id='word_1_37' title='bbox 1222 559 1290 614; x_wconf 85' lang='lat' dir='ltr'><strong>Et</strong></span> <span class='ocrx_word' id='word_1_38' title='bbox 1311 558 1437 622; x_wconf 90' lang='lat' dir='ltr'><strong>erit,</strong></span> <span class='ocrx_word' id='word_1_39' title='bbox 1465 564 1525 612; x_wconf 88' lang='lat' dir='ltr'><strong>ut</strong></span> <span class='ocrx_word' id='word_1_40' title='bbox 1551 556 1606 610; x_wconf 89' lang='lat' dir='ltr'><strong>in</strong></span> <span class='ocrx_word' id='word_1_41' title='bbox 1625 556 1713 612; x_wconf 92' lang='lat' dir='ltr'><strong>die</strong></span> <span class='ocrx_word' id='word_1_42' title='bbox 1735 555 1970 626; x_wconf 90' lang='lat' dir='ltr'><strong>septimo</strong></span> 
     </span>
    </p>
   </div>
   <div class='ocr_carea' id='block_1_8' title="bbox 389 649 1966 722">
    <p class='ocr_par' dir='ltr' id='par_1_8' title="bbox 389 649 1966 722">
     <span class='ocr_line' id='line_1_8' title="bbox 389 649 1966 722; baseline -0.006 -10"><span class='ocrx_word' id='word_1_43' title='bbox 389 658 619 714; x_wconf 84' lang='lat' dir='ltr'><strong>abradat</strong></span> <span class='ocrx_word' id='word_1_44' title='bbox 639 670 834 712; x_wconf 85' lang='lat' dir='ltr'><strong>omnes</strong></span> <span class='ocrx_word' id='word_1_45' title='bbox 851 668 980 708; x_wconf 88' lang='lat' dir='ltr'><strong>suos</strong></span> <span class='ocrx_word' id='word_1_46' title='bbox 999 652 1242 722; x_wconf 84' lang='lat' dir='ltr'><strong>capillos,</strong></span> <span class='ocrx_word' id='word_1_47' title='bbox 1263 658 1425 720; x_wconf 90' lang='lat' dir='ltr'><strong>caput</strong></span> <span class='ocrx_word' id='word_1_48' title='bbox 1441 665 1622 714; x_wconf 89' lang='lat' dir='ltr'><strong>suum,</strong></span> <span class='ocrx_word' id='word_1_49' title='bbox 1643 658 1700 703; x_wconf 91' lang='lat' dir='ltr'><strong>et</strong></span> <span class='ocrx_word' id='word_1_50' title='bbox 1719 649 1966 712; x_wconf 83' lang='lat' dir='ltr'><strong>barbam,</strong></span> 
     </span>
    </p>
   </div>
   <div class='ocr_carea' id='block_1_9' title="bbox 393 740 1966 817">
    <p class='ocr_par' dir='ltr' id='par_1_9' title="bbox 393 740 1966 817">
     <span class='ocr_line' id='line_1_9' title="bbox 393 740 1966 817; baseline -0.005 -15"><span class='ocrx_word' id='word_1_51' title='bbox 393 747 796 817; x_wconf 83' lang='lat' dir='ltr'><strong>snperciliaque</strong></span> <span class='ocrx_word' id='word_1_52' title='bbox 825 762 838 809; x_wconf 92' lang='lat'><strong>;</strong></span> <span class='ocrx_word' id='word_1_53' title='bbox 868 744 1105 814; x_wconf 91' lang='lat' dir='ltr'><strong>denique</strong></span> <span class='ocrx_word' id='word_1_54' title='bbox 1129 751 1356 796; x_wconf 90' lang='lat' dir='ltr'><strong>cunctos</strong></span> <span class='ocrx_word' id='word_1_55' title='bbox 1384 741 1526 812; x_wconf 89' lang='lat' dir='ltr'><strong>pilos</strong></span> <span class='ocrx_word' id='word_1_56' title='bbox 1562 757 1690 796; x_wconf 91' lang='lat' dir='ltr'><strong>suos</strong></span> <span class='ocrx_word' id='word_1_57' title='bbox 1720 740 1966 804; x_wconf 88' lang='lat' dir='ltr'><strong>abradat,</strong></span> 
     </span>
    </p>
   </div>
   <div class='ocr_carea' id='block_1_10' title="bbox 391 832 1967 905">
    <p class='ocr_par' dir='ltr' id='par_1_10' title="bbox 391 832 1967 905">
     <span class='ocr_line' id='line_1_10' title="bbox 391 832 1967 905; baseline -0.003 -15"><span class='ocrx_word' id='word_1_58' title='bbox 391 837 686 905; x_wconf 83' lang='lat' dir='ltr'><strong>abluetque</strong></span> <span class='ocrx_word' id='word_1_59' title='bbox 738 834 1066 888; x_wconf 86' lang='lat' dir='ltr'><strong>vestimenta</strong></span> <span class='ocrx_word' id='word_1_60' title='bbox 1104 847 1222 896; x_wconf 87' lang='lat' dir='ltr'><strong>sua,</strong></span> <span class='ocrx_word' id='word_1_61' title='bbox 1251 841 1305 887; x_wconf 90' lang='lat' dir='ltr'><strong>et</strong></span> <span class='ocrx_word' id='word_1_62' title='bbox 1331 832 1534 888; x_wconf 78' lang='lat' dir='ltr'><strong>lavabit</strong></span> <span class='ocrx_word' id='word_1_63' title='bbox 1576 848 1775 902; x_wconf 89' lang='lat' dir='ltr'><strong>corpus</strong></span> <span class='ocrx_word' id='word_1_64' title='bbox 1805 847 1967 901; x_wconf 85' lang='lat' dir='ltr'><strong>aqua,</strong></span> 
     </span>
    </p>
   </div>
   <div class='ocr_carea' id='block_1_11' title="bbox 388 922 1970 992">
    <p class='ocr_par' dir='ltr' id='par_1_11' title="bbox 388 922 1970 992">
     <span class='ocr_line' id='line_1_11' title="bbox 388 922 1970 992; baseline -0.003 -11"><span class='ocrx_word' id='word_1_65' title='bbox 388 937 444 982; x_wconf 88' lang='lat' dir='ltr'><strong>et</strong></span> <span class='ocrx_word' id='word_1_66' title='bbox 493 927 732 982; x_wconf 87' lang='lat' dir='ltr'><strong>mundus</strong></span> <span class='ocrx_word' id='word_1_67' title='bbox 780 925 885 978; x_wconf 90' lang='lat' dir='ltr'><strong>erit</strong></span> <span class='ocrx_word' id='word_1_68' title='bbox 933 924 998 976; x_wconf 63' lang='grc' dir='ltr'>δ’.</span> <span class='ocrx_word' id='word_1_69' title='bbox 1042 943 1058 974; x_wconf 86' lang='grc'><strong>›</strong></span> <span class='ocrx_word' id='word_1_70' title='bbox 1105 923 1290 978; x_wconf 86' lang='lat' dir='ltr'><strong>Series</strong></span> <span class='ocrx_word' id='word_1_71' title='bbox 1322 937 1453 992; x_wconf 81' lang='lat' dir='ltr'><strong>ergo</strong></span> <span class='ocrx_word' id='word_1_72' title='bbox 1500 922 1743 976; x_wconf 73' lang='lat' dir='ltr'><strong>historia:</strong></span> <span class='ocrx_word' id='word_1_73' title='bbox 1789 937 1970 991; x_wconf 87' lang='lat' dir='ltr'><strong>perse</strong></span> 
     </span>
    </p>
   </div>
   <div class='ocr_carea' id='block_1_12' title="bbox 391 1013 1971 1085">
    <p class='ocr_par' dir='ltr' id='par_1_12' title="bbox 391 1013 1971 1085">
     <span class='ocr_line' id='line_1_12' title="bbox 391 1013 1971 1085; baseline -0.005 -10"><span class='ocrx_word' id='word_1_74' title='bbox 391 1019 678 1075; x_wconf 88' lang='lat' dir='ltr'><strong>manifesta</strong></span> <span class='ocrx_word' id='word_1_75' title='bbox 716 1025 800 1072; x_wconf 87' lang='lat' dir='ltr'><strong>est</strong></span> <span class='ocrx_word' id='word_1_76' title='bbox 830 1026 884 1071; x_wconf 93' lang='lat' dir='ltr'><strong>et</strong></span> <span class='ocrx_word' id='word_1_77' title='bbox 918 1016 1084 1081; x_wconf 89' lang='lat' dir='ltr'><strong>clara,</strong></span> <span class='ocrx_word' id='word_1_78' title='bbox 1127 1024 1290 1084; x_wconf 89' lang='lat' dir='ltr'><strong>atque</strong></span> <span class='ocrx_word' id='word_1_79' title='bbox 1326 1016 1371 1070; x_wconf 93' lang='lat' dir='ltr'><strong>si</strong></span> <span class='ocrx_word' id='word_1_80' title='bbox 1417 1015 1539 1085; x_wconf 84' lang='lat' dir='ltr'><strong>quis</strong></span> <span class='ocrx_word' id='word_1_81' title='bbox 1573 1013 1796 1084; x_wconf 88' lang='lat' dir='ltr'><strong>planum</strong></span> <span class='ocrx_word' id='word_1_82' title='bbox 1841 1014 1971 1068; x_wconf 87' lang='lat' dir='ltr'><strong>velit</strong></span> 
     </span>
    </p>
   </div>
   <div class='ocr_carea' id='block_1_13' title="bbox 385 1104 1970 1174">
    <p class='ocr_par' dir='ltr' id='par_1_13' title="bbox 385 1104 1970 1174">
     <span class='ocr_line' id='line_1_13' title="bbox 385 1104 1970 1174; baseline -0.005 -9"><span class='ocrx_word' id='word_1_83' title='bbox 385 1112 593 1174; x_wconf 78' lang='lat' dir='ltr'><strong>facere,</strong></span> <span class='ocrx_word' id='word_1_84' title='bbox 643 1124 754 1163; x_wconf 89' lang='lat' dir='ltr'><strong>non</strong></span> <span class='ocrx_word' id='word_1_85' title='bbox 803 1107 1036 1162; x_wconf 88' lang='lat' dir='ltr'><strong>multum</strong></span> <span class='ocrx_word' id='word_1_86' title='bbox 1083 1121 1148 1161; x_wconf 88' lang='lat' dir='ltr'><strong>ea</strong></span> <span class='ocrx_word' id='word_1_87' title='bbox 1181 1123 1269 1161; x_wconf 89' lang='lat' dir='ltr'><strong>res</strong></span> <span class='ocrx_word' id='word_1_88' title='bbox 1310 1107 1564 1160; x_wconf 83' lang='lat' dir='ltr'><strong>utilitatis</strong></span> <span class='ocrx_word' id='word_1_89' title='bbox 1611 1104 1824 1168; x_wconf 75' lang='lat' dir='ltr'><strong>aﬂ‘erat,</strong></span> <span class='ocrx_word' id='word_1_90' title='bbox 1863 1105 1970 1159; x_wconf 87' lang='lat' dir='ltr'><strong>nisi</strong></span> 
     </span>
    </p>
   </div>
   <div class='ocr_carea' id='block_1_14' title="bbox 392 1195 1970 1272">
    <p class='ocr_par' dir='ltr' id='par_1_14' title="bbox 392 1195 1970 1272">
     <span class='ocr_line' id='line_1_14' title="bbox 392 1195 1970 1272; baseline -0.004 -17"><span class='ocrx_word' id='word_1_91' title='bbox 392 1201 715 1272; x_wconf 80' lang='lat' dir='ltr'><strong>spiritaliter</strong></span> <span class='ocrx_word' id='word_1_92' title='bbox 748 1198 1105 1268; x_wconf 79' lang='lat' dir='ltr'><strong>intelligatur.</strong></span> <span class='ocrx_word' id='word_1_93' title='bbox 1135 1196 1246 1267; x_wconf 80' lang='lat' dir='ltr'><strong>Age</strong></span> <span class='ocrx_word' id='word_1_94' title='bbox 1281 1197 1445 1267; x_wconf 78' lang='lat' dir='ltr'><strong>igitur</strong></span> <span class='ocrx_word' id='word_1_95' title='bbox 1481 1196 1538 1250; x_wconf 88' lang='lat' dir='ltr'><strong>in</strong></span> <span class='ocrx_word' id='word_1_96' title='bbox 1576 1195 1819 1250; x_wconf 90' lang='lat' dir='ltr'><strong>medium</strong></span> <span class='ocrx_word' id='word_1_97' title='bbox 1841 1210 1970 1266; x_wconf 89' lang='lat' dir='ltr'><strong>pro-</strong></span> 
     </span>
    </p>
   </div>
   <div class='ocr_carea' id='block_1_15' title="bbox 380 1283 1969 1356">
    <p class='ocr_par' dir='ltr' id='par_1_15' title="bbox 380 1283 1969 1356">
     <span class='ocr_line' id='line_1_15' title="bbox 380 1283 1969 1356; baseline -0.001 -17"><span class='ocrx_word' id='word_1_98' title='bbox 380 1292 654 1353; x_wconf 84' lang='lat' dir='ltr'><strong>.feramus,</strong></span> <span class='ocrx_word' id='word_1_99' title='bbox 679 1287 1038 1342; x_wconf 79' lang='lat' dir='ltr'><strong>traducentes</strong></span> <span class='ocrx_word' id='word_1_100' title='bbox 1059 1286 1338 1356; x_wconf 78' lang='lat' dir='ltr'><strong>eleganter</strong></span> <span class='ocrx_word' id='word_1_101' title='bbox 1360 1285 1558 1340; x_wconf 66' lang='lat' dir='ltr'><strong>litterae</strong></span> <span class='ocrx_word' id='word_1_102' title='bbox 1597 1283 1969 1339; x_wconf 82' lang='lat' dir='ltr'><strong>inﬁrmitatem</strong></span> 
     </span>
    </p>
   </div>
   <div class='ocr_carea' id='block_1_16' title="bbox 394 1375 1971 1450">
    <p class='ocr_par' dir='ltr' id='par_1_16' title="bbox 394 1375 1971 1450">
     <span class='ocr_line' id='line_1_16' title="bbox 394 1375 1971 1450; baseline -0.004 -14"><span class='ocrx_word' id='word_1_103' title='bbox 394 1381 460 1436; x_wconf 84' lang='lat' dir='ltr'><strong>ad</strong></span> <span class='ocrx_word' id='word_1_104' title='bbox 502 1379 708 1436; x_wconf 89' lang='lat' dir='ltr'><strong>Christi</strong></span> <span class='ocrx_word' id='word_1_105' title='bbox 740 1379 1081 1450; x_wconf 81' lang='lat' dir='ltr'><strong>mysterium.</strong></span> <span class='ocrx_word' id='word_1_106' title='bbox 1113 1377 1293 1432; x_wconf 87' lang='lat' dir='ltr'><strong>Pauca</strong></span> <span class='ocrx_word' id='word_1_107' title='bbox 1340 1393 1472 1432; x_wconf 84' lang='lat' dir='ltr'><strong>vero</strong></span> <span class='ocrx_word' id='word_1_108' title='bbox 1511 1391 1578 1431; x_wconf 82' lang='lat' dir='ltr'><strong>ex</strong></span> <span class='ocrx_word' id='word_1_109' title='bbox 1627 1375 1714 1430; x_wconf 92' lang='lat' dir='ltr'><strong>his</strong></span> <span class='ocrx_word' id='word_1_110' title='bbox 1751 1391 1872 1445; x_wconf 67' lang='lat' dir='ltr'><strong>quae</strong></span> <span class='ocrx_word' id='word_1_111' title='bbox 1903 1375 1971 1430; x_wconf 92' lang='lat' dir='ltr'><strong>ad</strong></span> 
     </span>
    </p>
   </div>
   <div class='ocr_carea' id='block_1_17' title="bbox 395 1465 1972 1537">
    <p class='ocr_par' dir='ltr' id='par_1_17' title="bbox 395 1465 1972 1537">
     <span class='ocr_line' id='line_1_17' title="bbox 395 1465 1972 1537; baseline -0.006 -10"><span class='ocrx_word' id='word_1_112' title='bbox 395 1470 816 1527; x_wconf 87' lang='lat' dir='ltr'><strong>declarationem</strong></span> <span class='ocrx_word' id='word_1_113' title='bbox 847 1468 1157 1534; x_wconf 86' lang='lat' dir='ltr'><strong>necessaria</strong></span> <span class='ocrx_word' id='word_1_114' title='bbox 1188 1475 1370 1533; x_wconf 88' lang='lat' dir='ltr'><strong>erunt,</strong></span> <span class='ocrx_word' id='word_1_115' title='bbox 1417 1465 1787 1537; x_wconf 68' lang='lat' dir='ltr'><strong>prmfabimur.</strong></span> <span class='ocrx_word' id='word_1_116' title='bbox 1837 1465 1972 1519; x_wconf 87' lang='lat' dir='ltr'><strong>Nam</strong></span> 
     </span>
    </p>
   </div>
   <div class='ocr_carea' id='block_1_18' title="bbox 379 1557 1969 1635">
    <p class='ocr_par' dir='ltr' id='par_1_18' title="bbox 379 1557 1969 1635">
     <span class='ocr_line' id='line_1_18' title="bbox 379 1557 1969 1635; baseline -0.002 -21"><span class='ocrx_word' id='word_1_117' title='bbox 379 1564 547 1635; x_wconf 89' lang='lat' dir='ltr'><strong>.lepra</strong></span> <span class='ocrx_word' id='word_1_118' title='bbox 595 1570 678 1617; x_wconf 89' lang='lat' dir='ltr'><strong>est</strong></span> <span class='ocrx_word' id='word_1_119' title='bbox 712 1561 940 1616; x_wconf 87' lang='lat' dir='ltr'><strong>morbus</strong></span> <span class='ocrx_word' id='word_1_120' title='bbox 982 1559 1077 1630; x_wconf 90' lang='lat' dir='ltr'><strong>qui</strong></span> <span class='ocrx_word' id='word_1_121' title='bbox 1117 1568 1318 1630; x_wconf 84' lang='lat' dir='ltr'><strong>praeter</strong></span> <span class='ocrx_word' id='word_1_122' title='bbox 1350 1559 1690 1614; x_wconf 82' lang='lat' dir='ltr'><strong>voluntatem</strong></span> <span class='ocrx_word' id='word_1_123' title='bbox 1722 1557 1969 1628; x_wconf 90' lang='lat' dir='ltr'><strong>corpori-</strong></span> 
     </span>
    </p>
   </div>
   <div class='ocr_carea' id='block_1_19' title="bbox 393 1647 1972 1724">
    <p class='ocr_par' dir='ltr' id='par_1_19' title="bbox 393 1647 1972 1724">
     <span class='ocr_line' id='line_1_19' title="bbox 393 1647 1972 1724; baseline -0.006 -15"><span class='ocrx_word' id='word_1_124' title='bbox 393 1655 498 1709; x_wconf 90' lang='lat' dir='ltr'><strong>bus</strong></span> <span class='ocrx_word' id='word_1_125' title='bbox 541 1652 869 1724; x_wconf 89' lang='lat' dir='ltr'><strong>quibusdam</strong></span> <span class='ocrx_word' id='word_1_126' title='bbox 905 1650 1126 1706; x_wconf 91' lang='lat' dir='ltr'><strong>accidit.</strong></span> <span class='ocrx_word' id='word_1_127' title='bbox 1173 1649 1271 1704; x_wconf 88' lang='lat' dir='ltr'><strong>Est</strong></span> <span class='ocrx_word' id='word_1_128' title='bbox 1307 1659 1490 1704; x_wconf 90' lang='lat' dir='ltr'><strong>autem</strong></span> <span class='ocrx_word' id='word_1_129' title='bbox 1517 1649 1677 1718; x_wconf 85' lang='lat' dir='ltr'><strong>longe</strong></span> <span class='ocrx_word' id='word_1_130' title='bbox 1706 1647 1972 1703; x_wconf 89' lang='lat' dir='ltr'><strong>edacissi-</strong></span> 
     </span>
    </p>
   </div>
   <div class='ocr_carea' id='block_1_20' title="bbox 393 1741 1970 1812">
    <p class='ocr_par' dir='ltr' id='par_1_20' title="bbox 393 1741 1970 1812">
     <span class='ocr_line' id='line_1_20' title="bbox 393 1741 1970 1812; baseline -0.003 -14"><span class='ocrx_word' id='word_1_131' title='bbox 393 1761 537 1810; x_wconf 88' lang='lat' dir='ltr'><strong>mus,</strong></span> <span class='ocrx_word' id='word_1_132' title='bbox 586 1752 643 1800; x_wconf 88' lang='lat' dir='ltr'><strong>et</strong></span> <span class='ocrx_word' id='word_1_133' title='bbox 683 1758 902 1812; x_wconf 89' lang='lat' dir='ltr'><strong>semper</strong></span> <span class='ocrx_word' id='word_1_134' title='bbox 952 1741 1356 1812; x_wconf 89' lang='lat' dir='ltr'><strong>quodammodo</strong></span> <span class='ocrx_word' id='word_1_135' title='bbox 1385 1749 1720 1810; x_wconf 80' lang='lat' dir='ltr'><strong>propagatur</strong></span> <span class='ocrx_word' id='word_1_136' title='bbox 1760 1756 1857 1808; x_wconf 90' lang='lat' dir='ltr'><strong>per</strong></span> <span class='ocrx_word' id='word_1_137' title='bbox 1891 1755 1970 1805; x_wconf 90' lang='lat' dir='ltr'><strong>se,</strong></span> 
     </span>
    </p>
   </div>
   <div class='ocr_carea' id='block_1_21' title="bbox 386 1832 1972 1906">
    <p class='ocr_par' dir='ltr' id='par_1_21' title="bbox 386 1832 1972 1906">
     <span class='ocr_line' id='line_1_21' title="bbox 386 1832 1972 1906; baseline -0.003 -15"><span class='ocrx_word' id='word_1_138' title='bbox 386 1847 556 1906; x_wconf 78' lang='lat' dir='ltr'><strong>atque</strong></span> <span class='ocrx_word' id='word_1_139' title='bbox 604 1835 934 1906; x_wconf 82' lang='lat' dir='ltr'><strong>ingravescit</strong></span> <span class='ocrx_word' id='word_1_140' title='bbox 974 1835 1030 1887; x_wconf 91' lang='lat' dir='ltr'><strong>in</strong></span> <span class='ocrx_word' id='word_1_141' title='bbox 1055 1833 1318 1889; x_wconf 89' lang='lat' dir='ltr'><strong>membris</strong></span> <span class='ocrx_word' id='word_1_142' title='bbox 1346 1849 1468 1904; x_wconf 73' lang='lat' dir='ltr'><strong>qua:</strong></span> <span class='ocrx_word' id='word_1_143' title='bbox 1495 1841 1746 1903; x_wconf 89' lang='lat' dir='ltr'><strong>occupat.</strong></span> <span class='ocrx_word' id='word_1_144' title='bbox 1774 1832 1972 1886; x_wconf 78' lang='lat' dir='ltr'><strong>Malum</strong></span> 
     </span>
    </p>
   </div>
   <div class='ocr_carea' id='block_1_22' title="bbox 394 1925 1969 1998">
    <p class='ocr_par' dir='ltr' id='par_1_22' title="bbox 394 1925 1969 1998">
     <span class='ocr_line' id='line_1_22' title="bbox 394 1925 1969 1998; baseline -0.003 -17"><span class='ocrx_word' id='word_1_145' title='bbox 394 1943 620 1998; x_wconf 86' lang='lat' dir='ltr'><strong>prorsus</strong></span> <span class='ocrx_word' id='word_1_146' title='bbox 652 1926 975 1991; x_wconf 89' lang='lat' dir='ltr'><strong>incurabile,</strong></span> <span class='ocrx_word' id='word_1_147' title='bbox 1013 1926 1270 1997; x_wconf 88' lang='lat' dir='ltr'><strong>quodque</strong></span> <span class='ocrx_word' id='word_1_148' title='bbox 1297 1926 1636 1982; x_wconf 90' lang='lat' dir='ltr'><strong>medicorum</strong></span> <span class='ocrx_word' id='word_1_149' title='bbox 1662 1925 1969 1989; x_wconf 87' lang='lat' dir='ltr'><strong>scientiam,</strong></span> 
     </span>
    </p>
   </div>
   <div class='ocr_carea' id='block_1_23' title="bbox 389 2017 1970 2091">
    <p class='ocr_par' dir='ltr' id='par_1_23' title="bbox 389 2017 1970 2091">
     <span class='ocr_line' id='line_1_23' title="bbox 389 2017 1970 2091; baseline -0.003 -18"><span class='ocrx_word' id='word_1_150' title='bbox 389 2029 446 2073; x_wconf 85' lang='lat' dir='ltr'><strong>et</strong></span> <span class='ocrx_word' id='word_1_151' title='bbox 481 2035 544 2072; x_wconf 87' lang='lat' dir='ltr'><strong>ea</strong></span> <span class='ocrx_word' id='word_1_152' title='bbox 582 2034 703 2088; x_wconf 75' lang='lat' dir='ltr'><strong>quze</strong></span> <span class='ocrx_word' id='word_1_153' title='bbox 735 2019 804 2072; x_wconf 87' lang='lat' dir='ltr'><strong>ab</strong></span> <span class='ocrx_word' id='word_1_154' title='bbox 832 2018 998 2088; x_wconf 86' lang='lat' dir='ltr'><strong>hujus</strong></span> <span class='ocrx_word' id='word_1_155' title='bbox 1024 2017 1162 2072; x_wconf 89' lang='lat' dir='ltr'><strong>artis</strong></span> <span class='ocrx_word' id='word_1_156' title='bbox 1185 2018 1378 2087; x_wconf 89' lang='lat' dir='ltr'><strong>peritis</strong></span> <span class='ocrx_word' id='word_1_157' title='bbox 1415 2017 1753 2091; x_wconf 85' lang='lat' dir='ltr'><strong>adhibentur</strong></span> <span class='ocrx_word' id='word_1_158' title='bbox 1789 2031 1970 2070; x_wconf 88' lang='lat' dir='ltr'><strong>reme-</strong></span> 
     </span>
    </p>
   </div>
   <div class='ocr_carea' id='block_1_24' title="bbox 390 2107 1970 2181">
    <p class='ocr_par' dir='ltr' id='par_1_24' title="bbox 390 2107 1970 2181">
     <span class='ocr_line' id='line_1_24' title="bbox 390 2107 1970 2181; baseline -0.001 -18"><span class='ocrx_word' id='word_1_159' title='bbox 390 2111 502 2176; x_wconf 84' lang='lat' dir='ltr'><strong>dia,</strong></span> <span class='ocrx_word' id='word_1_160' title='bbox 550 2112 780 2181; x_wconf 86' lang='lat' dir='ltr'><strong>respuit,</strong></span> <span class='ocrx_word' id='word_1_161' title='bbox 826 2126 889 2164; x_wconf 91' lang='lat' dir='ltr'><strong>ae</strong></span> <span class='ocrx_word' id='word_1_162' title='bbox 923 2118 1037 2163; x_wconf 90' lang='lat' dir='ltr'><strong>tum</strong></span> <span class='ocrx_word' id='word_1_163' title='bbox 1065 2109 1284 2164; x_wconf 90' lang='lat' dir='ltr'><strong>demum</strong></span> <span class='ocrx_word' id='word_1_164' title='bbox 1311 2124 1452 2180; x_wconf 60' lang='lat' dir='ltr'><strong>aegre</strong></span> <span class='ocrx_word' id='word_1_165' title='bbox 1477 2107 1818 2178; x_wconf 79' lang='lat' dir='ltr'><strong>profligatur,</strong></span> <span class='ocrx_word' id='word_1_166' title='bbox 1845 2121 1970 2162; x_wconf 89' lang='lat' dir='ltr'><strong>cum</strong></span> 
     </span>
    </p>
   </div>
   <div class='ocr_carea' id='block_1_25' title="bbox 385 2199 1972 2273">
    <p class='ocr_par' dir='ltr' id='par_1_25' title="bbox 385 2199 1972 2273">
     <span class='ocr_line' id='line_1_25' title="bbox 385 2199 1972 2273; baseline -0.004 -15"><span class='ocrx_word' id='word_1_167' title='bbox 385 2213 586 2258; x_wconf 82' lang='lat' dir='ltr'><strong>natura</strong></span> <span class='ocrx_word' id='word_1_168' title='bbox 611 2201 1016 2273; x_wconf 88' lang='lat' dir='ltr'><strong>quodammodo</strong></span> <span class='ocrx_word' id='word_1_169' title='bbox 1043 2201 1306 2255; x_wconf 89' lang='lat' dir='ltr'><strong>adversus</strong></span> <span class='ocrx_word' id='word_1_170' title='bbox 1332 2200 1384 2254; x_wconf 92' lang='lat' dir='ltr'><strong>id</strong></span> <span class='ocrx_word' id='word_1_171' title='bbox 1409 2199 1661 2270; x_wconf 82' lang='lat' dir='ltr'><strong>insurgit,</strong></span> <span class='ocrx_word' id='word_1_172' title='bbox 1683 2199 1972 2253; x_wconf 89' lang='lat' dir='ltr'><strong>damnum-</strong></span> 
     </span>
    </p>
   </div>
   <div class='ocr_carea' id='block_1_26' title="bbox 384 2290 1971 2364">
    <p class='ocr_par' dir='ltr' id='par_1_26' title="bbox 384 2290 1971 2364">
     <span class='ocr_line' id='line_1_26' title="bbox 384 2290 1971 2364; baseline -0.002 -16"><span class='ocrx_word' id='word_1_173' title='bbox 384 2308 495 2364; x_wconf 84' lang='lat' dir='ltr'><strong>que</strong></span> <span class='ocrx_word' id='word_1_174' title='bbox 534 2309 566 2348; x_wconf 87' lang='lat' dir='ltr'><strong>a</strong></span> <span class='ocrx_word' id='word_1_175' title='bbox 599 2307 658 2348; x_wconf 92' lang='lat' dir='ltr'><strong>se</strong></span> <span class='ocrx_word' id='word_1_176' title='bbox 697 2292 936 2363; x_wconf 89' lang='lat' dir='ltr'><strong>repellit,</strong></span> <span class='ocrx_word' id='word_1_177' title='bbox 982 2291 1272 2362; x_wconf 77' lang='lat' dir='ltr'><strong>adjuvante</strong></span> <span class='ocrx_word' id='word_1_178' title='bbox 1308 2291 1440 2344; x_wconf 81' lang='lat' dir='ltr'><strong>Deo.</strong></span> <span class='ocrx_word' id='word_1_179' title='bbox 1472 2291 1642 2344; x_wconf 87' lang='lat' dir='ltr'><strong>Porro</strong></span> <span class='ocrx_word' id='word_1_180' title='bbox 1673 2291 1759 2345; x_wconf 77' lang='lat' dir='ltr'><strong>lex</strong></span> <span class='ocrx_word' id='word_1_181' title='bbox 1785 2290 1971 2361; x_wconf 39' lang='lat' dir='ltr'><strong>lepro:</strong></span> 
     </span>
    </p>
   </div>
   <div class='ocr_carea' id='block_1_27' title="bbox 383 2381 1968 2454">
    <p class='ocr_par' dir='ltr' id='par_1_27' title="bbox 383 2381 1968 2454">
     <span class='ocr_line' id='line_1_27' title="bbox 383 2381 1968 2454; baseline -0.003 -14"><span class='ocrx_word' id='word_1_182' title='bbox 383 2401 509 2440; x_wconf 80' lang='lat' dir='ltr'><strong>sum</strong></span> <span class='ocrx_word' id='word_1_183' title='bbox 565 2393 825 2454; x_wconf 89' lang='lat' dir='ltr'><strong>tanquam</strong></span> <span class='ocrx_word' id='word_1_184' title='bbox 881 2381 1224 2436; x_wconf 91' lang='lat' dir='ltr'><strong>immundum</strong></span> <span class='ocrx_word' id='word_1_185' title='bbox 1286 2399 1315 2436; x_wconf 92' lang='lat' dir='ltr'><strong>e</strong></span> <span class='ocrx_word' id='word_1_186' title='bbox 1378 2381 1572 2436; x_wconf 89' lang='lat' dir='ltr'><strong>castris</strong></span> <span class='ocrx_word' id='word_1_187' title='bbox 1639 2381 1968 2452; x_wconf 85' lang='lat' dir='ltr'><strong>ejiciendum</strong></span> 
     </span>
    </p>
   </div>
   <div class='ocr_carea' id='block_1_28' title="bbox 384 2473 1968 2550">
    <p class='ocr_par' dir='ltr' id='par_1_28' title="bbox 384 2473 1968 2550">
     <span class='ocr_line' id='line_1_28' title="bbox 384 2473 1968 2550; baseline 0 -19"><span class='ocrx_word' id='word_1_188' title='bbox 384 2477 549 2550; x_wconf 62' lang='lat'><strong>355.</strong></span> <span class='ocrx_word' id='word_1_189' title='bbox 569 2477 743 2549; x_wconf 84' lang='lat' dir='ltr'><strong>jubet.</strong></span> <span class='ocrx_word' id='word_1_190' title='bbox 773 2476 988 2532; x_wconf 89' lang='lat' dir='ltr'><strong>Dictum</strong></span> <span class='ocrx_word' id='word_1_191' title='bbox 1013 2476 1158 2530; x_wconf 91' lang='lat' dir='ltr'><strong>enim</strong></span> <span class='ocrx_word' id='word_1_192' title='bbox 1176 2485 1252 2530; x_wconf 89' lang='lat' dir='ltr'><strong>est</strong></span> <span class='ocrx_word' id='word_1_193' title='bbox 1281 2473 1410 2528; x_wconf 84' lang='lat' dir='ltr'><strong>alibi</strong></span> <span class='ocrx_word' id='word_1_194' title='bbox 1435 2491 1462 2528; x_wconf 89' lang='lat' dir='ltr'><strong>a</strong></span> <span class='ocrx_word' id='word_1_195' title='bbox 1488 2475 1598 2529; x_wconf 91' lang='lat' dir='ltr'><strong>Deo</strong></span> <span class='ocrx_word' id='word_1_196' title='bbox 1622 2475 1688 2529; x_wconf 89' lang='lat' dir='ltr'><strong>ad</strong></span> <span class='ocrx_word' id='word_1_197' title='bbox 1710 2475 1926 2547; x_wconf 71' lang='lat' dir='ltr'><strong>Moysen</strong></span> <span class='ocrx_word' id='word_1_198' title='bbox 1953 2494 1968 2531; x_wconf 84' lang='lat'><strong>:</strong></span> 
     </span>
    </p>
   </div>
   <div class='ocr_carea' id='block_1_29' title="bbox 395 2567 1966 2640">
    <p class='ocr_par' dir='ltr' id='par_1_29' title="bbox 395 2567 1966 2640">
     <span class='ocr_line' id='line_1_29' title="bbox 395 2567 1966 2640; baseline 0.001 -20"><span class='ocrx_word' id='word_1_199' title='bbox 395 2589 410 2620; x_wconf 80' lang='grc' dir='ltr'><strong>ι</strong></span> <span class='ocrx_word' id='word_1_200' title='bbox 439 2569 678 2640; x_wconf 71' lang='grc' dir='ltr'>Ρτωείρε</span> <span class='ocrx_word' id='word_1_201' title='bbox 718 2568 844 2624; x_wconf 82' lang='lat' dir='ltr'><strong>filiis</strong></span> <span class='ocrx_word' id='word_1_202' title='bbox 879 2568 1044 2623; x_wconf 87' lang='lat' dir='ltr'><strong>Israel</strong></span> <span class='ocrx_word' id='word_1_203' title='bbox 1070 2574 1130 2621; x_wconf 90' lang='lat' dir='ltr'><strong>ut</strong></span> <span class='ocrx_word' id='word_1_204' title='bbox 1156 2567 1399 2637; x_wconf 84' lang='lat' dir='ltr'><strong>relegent</strong></span> <span class='ocrx_word' id='word_1_205' title='bbox 1424 2583 1490 2621; x_wconf 76' lang='lat' dir='ltr'><strong>ex</strong></span> <span class='ocrx_word' id='word_1_206' title='bbox 1515 2567 1712 2622; x_wconf 87' lang='lat' dir='ltr'><strong>castris</strong></span> <span class='ocrx_word' id='word_1_207' title='bbox 1749 2582 1966 2622; x_wconf 90' lang='lat' dir='ltr'><strong>omnem</strong></span> 
     </span>
    </p>
   </div>
   <div class='ocr_carea' id='block_1_30' title="bbox 376 2659 1967 2734">
    <p class='ocr_par' dir='ltr' id='par_1_30' title="bbox 376 2659 1967 2734">
     <span class='ocr_line' id='line_1_30' title="bbox 376 2659 1967 2734; baseline -0.003 -16"><span class='ocrx_word' id='word_1_208' title='bbox 376 2663 686 2734; x_wconf 61' lang='lat' dir='ltr'><strong>leprosum,</strong></span> <span class='ocrx_word' id='word_1_209' title='bbox 732 2671 786 2718; x_wconf 92' lang='lat' dir='ltr'><strong>et</strong></span> <span class='ocrx_word' id='word_1_210' title='bbox 834 2677 1053 2717; x_wconf 89' lang='lat' dir='ltr'><strong>omnem</strong></span> <span class='ocrx_word' id='word_1_211' title='bbox 1082 2660 1176 2732; x_wconf 85' lang='lat' dir='ltr'><strong>qui</strong></span> <span class='ocrx_word' id='word_1_212' title='bbox 1230 2659 1434 2714; x_wconf 81' lang='lat' dir='ltr'><strong>ﬂuxum</strong></span> <span class='ocrx_word' id='word_1_213' title='bbox 1483 2660 1708 2714; x_wconf 90' lang='lat' dir='ltr'><strong>seminis</strong></span> <span class='ocrx_word' id='word_1_214' title='bbox 1741 2660 1967 2731; x_wconf 85' lang='lat' dir='ltr'><strong>patitur,</strong></span> 
     </span>
    </p>
   </div>
   <div class='ocr_carea' id='block_1_31' title="bbox 380 2751 1970 2826">
    <p class='ocr_par' dir='ltr' id='par_1_31' title="bbox 380 2751 1970 2826">
     <span class='ocr_line' id='line_1_31' title="bbox 380 2751 1970 2826; baseline -0.001 -16"><span class='ocrx_word' id='word_1_215' title='bbox 380 2771 717 2826; x_wconf 83' lang='lat' dir='ltr'><strong>omnemque</strong></span> <span class='ocrx_word' id='word_1_216' title='bbox 766 2754 1108 2809; x_wconf 89' lang='lat' dir='ltr'><strong>immundum</strong></span> <span class='ocrx_word' id='word_1_217' title='bbox 1167 2754 1223 2807; x_wconf 90' lang='lat' dir='ltr'><strong>in</strong></span> <span class='ocrx_word' id='word_1_218' title='bbox 1253 2752 1435 2808; x_wconf 87' lang='lat' dir='ltr'><strong>anima</strong></span> <span class='ocrx_word' id='word_1_219' title='bbox 1479 2751 1543 2807; x_wconf 73' lang='lat'><strong>&quot;.</strong></span> <span class='ocrx_word' id='word_1_220' title='bbox 1578 2772 1596 2804; x_wconf 78' lang='grc' dir='ltr'><strong>ι</strong></span> <span class='ocrx_word' id='word_1_221' title='bbox 1628 2752 1816 2823; x_wconf 80' lang='lat' dir='ltr'><strong>Neque</strong></span> <span class='ocrx_word' id='word_1_222' title='bbox 1840 2769 1970 2808; x_wconf 82' lang='lat' dir='ltr'><strong>vero</strong></span> 
     </span>
    </p>
   </div>
   <div class='ocr_carea' id='block_1_32' title="bbox 379 2842 1970 2916">
    <p class='ocr_par' dir='ltr' id='par_1_32' title="bbox 379 2842 1970 2916">
     <span class='ocr_line' id='line_1_32' title="bbox 379 2842 1970 2916; baseline -0.003 -15"><span class='ocrx_word' id='word_1_223' title='bbox 379 2846 620 2902; x_wconf 82' lang='lat' dir='ltr'><strong>dicimus</strong></span> <span class='ocrx_word' id='word_1_224' title='bbox 663 2845 810 2916; x_wconf 90' lang='lat' dir='ltr'><strong>quod</strong></span> <span class='ocrx_word' id='word_1_225' title='bbox 858 2845 1078 2900; x_wconf 88' lang='lat' dir='ltr'><strong>morbos</strong></span> <span class='ocrx_word' id='word_1_226' title='bbox 1123 2859 1413 2914; x_wconf 90' lang='lat' dir='ltr'><strong>corporum</strong></span> <span class='ocrx_word' id='word_1_227' title='bbox 1445 2843 1530 2898; x_wconf 77' lang='lat' dir='ltr'><strong>lex</strong></span> <span class='ocrx_word' id='word_1_228' title='bbox 1557 2843 1766 2914; x_wconf 89' lang='lat' dir='ltr'><strong>puniat.</strong></span> <span class='ocrx_word' id='word_1_229' title='bbox 1802 2842 1970 2898; x_wconf 75' lang='lat' dir='ltr'><strong>Valde</strong></span> 
     </span>
    </p>
   </div>
   <div class='ocr_carea' id='block_1_33' title="bbox 385 2934 1968 3008">
    <p class='ocr_par' dir='ltr' id='par_1_33' title="bbox 385 2934 1968 3008">
     <span class='ocr_line' id='line_1_33' title="bbox 385 2934 1968 3008; baseline -0.004 -14"><span class='ocrx_word' id='word_1_230' title='bbox 385 2939 532 2994; x_wconf 86' lang='lat' dir='ltr'><strong>enim</strong></span> <span class='ocrx_word' id='word_1_231' title='bbox 581 2937 880 2994; x_wconf 89' lang='lat' dir='ltr'><strong>absurdum</strong></span> <span class='ocrx_word' id='word_1_232' title='bbox 922 2946 1066 2992; x_wconf 87' lang='lat' dir='ltr'><strong>esset</strong></span> <span class='ocrx_word' id='word_1_233' title='bbox 1117 2935 1186 2990; x_wconf 90' lang='lat' dir='ltr'><strong>ab</strong></span> <span class='ocrx_word' id='word_1_234' title='bbox 1219 2936 1287 2990; x_wconf 87' lang='lat' dir='ltr'><strong>iis</strong></span> <span class='ocrx_word' id='word_1_235' title='bbox 1327 2934 1416 3006; x_wconf 92' lang='lat' dir='ltr'><strong>qui</strong></span> <span class='ocrx_word' id='word_1_236' title='bbox 1450 2944 1646 3005; x_wconf 81' lang='lat' dir='ltr'><strong>praeter</strong></span> <span class='ocrx_word' id='word_1_237' title='bbox 1669 2950 1833 3008; x_wconf 66' lang='lat' dir='ltr'><strong>suam</strong></span> <span class='ocrx_word' id='word_1_238' title='bbox 1871 2949 1968 2988; x_wconf 87' lang='lat' dir='ltr'><strong>vo-</strong></span> 
     </span>
    </p>
   </div>
   <div class='ocr_carea' id='block_1_34' title="bbox 383 3026 1964 3098">
    <p class='ocr_par' dir='ltr' id='par_1_34' title="bbox 383 3026 1964 3098">
     <span class='ocr_line' id='line_1_34' title="bbox 383 3026 1964 3098; baseline -0.004 -14"><span class='ocrx_word' id='word_1_239' title='bbox 383 3032 652 3087; x_wconf 88' lang='lat' dir='ltr'><strong>luntatem</strong></span> <span class='ocrx_word' id='word_1_240' title='bbox 723 3028 1112 3094; x_wconf 84' lang='lat' dir='ltr'><strong>infirmantur,</strong></span> <span class='ocrx_word' id='word_1_241' title='bbox 1160 3043 1283 3083; x_wconf 90' lang='lat' dir='ltr'><strong>eum</strong></span> <span class='ocrx_word' id='word_1_242' title='bbox 1336 3028 1508 3098; x_wconf 80' lang='lat' dir='ltr'><strong>magis</strong></span> <span class='ocrx_word' id='word_1_243' title='bbox 1557 3026 1964 3081; x_wconf 88' lang='lat' dir='ltr'><strong>miserationem</strong></span> 
     </span>
    </p>
   </div>
   <div class='ocr_carea' id='block_1_35' title="bbox 385 3115 1964 3190">
    <p class='ocr_par' dir='ltr' id='par_1_35' title="bbox 385 3115 1964 3190">
     <span class='ocr_line' id='line_1_35' title="bbox 385 3115 1964 3190; baseline -0.004 -16"><span class='ocrx_word' id='word_1_244' title='bbox 385 3129 725 3184; x_wconf 87' lang='lat' dir='ltr'><strong>mereantur,</strong></span> <span class='ocrx_word' id='word_1_245' title='bbox 777 3135 969 3190; x_wconf 78' lang='lat' dir='ltr'><strong>pmnas</strong></span> <span class='ocrx_word' id='word_1_246' title='bbox 1013 3119 1175 3188; x_wconf 79' lang='lat' dir='ltr'><strong>exigi.</strong></span> <span class='ocrx_word' id='word_1_247' title='bbox 1204 3118 1476 3174; x_wconf 62' lang='lat' dir='ltr'><strong>Caeterum</strong></span> <span class='ocrx_word' id='word_1_248' title='bbox 1508 3117 1623 3172; x_wconf 72' lang='lat' dir='ltr'><strong>ltzec</strong></span> <span class='ocrx_word' id='word_1_249' title='bbox 1647 3117 1881 3170; x_wconf 86' lang='lat' dir='ltr'><strong>Mosaiea</strong></span> <span class='ocrx_word' id='word_1_250' title='bbox 1910 3115 1964 3168; x_wconf 90' lang='lat' dir='ltr'><strong>in</strong></span> 
     </span>
    </p>
   </div>
   <div class='ocr_carea' id='block_1_36' title="bbox 387 3209 1968 3282">
    <p class='ocr_par' dir='ltr' id='par_1_36' title="bbox 387 3209 1968 3282">
     <span class='ocr_line' id='line_1_36' title="bbox 387 3209 1968 3282; baseline -0.001 -18"><span class='ocrx_word' id='word_1_251' title='bbox 387 3211 529 3282; x_wconf 75' lang='lat' dir='ltr'><strong>typis</strong></span> <span class='ocrx_word' id='word_1_252' title='bbox 576 3211 957 3274; x_wconf 85' lang='lat' dir='ltr'><strong>versabantur,</strong></span> <span class='ocrx_word' id='word_1_253' title='bbox 1009 3210 1294 3264; x_wconf 79' lang='lat' dir='ltr'><strong>veritatem</strong></span> <span class='ocrx_word' id='word_1_254' title='bbox 1333 3209 1712 3279; x_wconf 87' lang='lat' dir='ltr'><strong>parturientia.</strong></span> <span class='ocrx_word' id='word_1_255' title='bbox 1738 3209 1872 3262; x_wconf 85' lang='lat' dir='ltr'><strong>Nam</strong></span> <span class='ocrx_word' id='word_1_256' title='bbox 1908 3218 1968 3262; x_wconf 93' lang='lat' dir='ltr'><strong>ut</strong></span> 
     </span>
    </p>
   </div>
   <div class='ocr_carea' id='block_1_37' title="bbox 388 3301 1967 3372">
    <p class='ocr_par' dir='ltr' id='par_1_37' title="bbox 388 3301 1967 3372">
     <span class='ocr_line' id='line_1_37' title="bbox 388 3301 1967 3372; baseline -0.003 -14"><span class='ocrx_word' id='word_1_257' title='bbox 388 3305 542 3372; x_wconf 89' lang='lat' dir='ltr'><strong>lepra</strong></span> <span class='ocrx_word' id='word_1_258' title='bbox 590 3302 884 3356; x_wconf 75' lang='lat' dir='ltr'><strong>mortificat</strong></span> <span class='ocrx_word' id='word_1_259' title='bbox 929 3317 1173 3368; x_wconf 85' lang='lat' dir='ltr'><strong>carnem,</strong></span> <span class='ocrx_word' id='word_1_260' title='bbox 1199 3301 1279 3356; x_wconf 91' lang='lat' dir='ltr'><strong>sic</strong></span> <span class='ocrx_word' id='word_1_261' title='bbox 1306 3309 1362 3354; x_wconf 93' lang='lat' dir='ltr'><strong>et</strong></span> <span class='ocrx_word' id='word_1_262' title='bbox 1400 3309 1716 3370; x_wconf 87' lang='lat' dir='ltr'><strong>peccatum,</strong></span> <span class='ocrx_word' id='word_1_263' title='bbox 1747 3301 1967 3371; x_wconf 87' lang='lat' dir='ltr'><strong>quando</strong></span> 
     </span>
    </p>
   </div>
   <div class='ocr_carea' id='block_1_38' title="bbox 387 3389 1968 3462">
    <p class='ocr_par' dir='ltr' id='par_1_38' title="bbox 387 3389 1968 3462">
     <span class='ocr_line' id='line_1_38' title="bbox 387 3389 1968 3462; baseline 0.001 -17"><span class='ocrx_word' id='word_1_264' title='bbox 387 3390 624 3446; x_wconf 84' lang='lat' dir='ltr'><strong>animam</strong></span> <span class='ocrx_word' id='word_1_265' title='bbox 669 3390 878 3444; x_wconf 76' lang='lat' dir='ltr'><strong>invadit</strong></span> <span class='ocrx_word' id='word_1_266' title='bbox 920 3396 1268 3459; x_wconf 86' lang='lat' dir='ltr'><strong>mentemque</strong></span> <span class='ocrx_word' id='word_1_267' title='bbox 1297 3389 1594 3444; x_wconf 84' lang='lat' dir='ltr'><strong>humanam</strong></span> <span class='ocrx_word' id='word_1_268' title='bbox 1618 3401 1851 3462; x_wconf 84' lang='lat' dir='ltr'><strong>occupat</strong></span> <span class='ocrx_word' id='word_1_269' title='bbox 1870 3408 1968 3462; x_wconf 89' lang='lat' dir='ltr'><strong>per</strong></span> 
     </span>
    </p>
   </div>
   <div class='ocr_carea' id='block_1_39' title="bbox 384 3480 1968 3552">
    <p class='ocr_par' dir='ltr' id='par_1_39' title="bbox 384 3480 1968 3552">
     <span class='ocr_line' id='line_1_39' title="bbox 384 3480 1968 3552; baseline 0.002 -17"><span class='ocrx_word' id='word_1_270' title='bbox 384 3491 605 3537; x_wconf 87' lang='lat' dir='ltr'><strong>mortua</strong></span> <span class='ocrx_word' id='word_1_271' title='bbox 646 3497 834 3552; x_wconf 88' lang='lat' dir='ltr'><strong>opera,</strong></span> <span class='ocrx_word' id='word_1_272' title='bbox 887 3480 1175 3536; x_wconf 80' lang='lat' dir='ltr'><strong>confestim</strong></span> <span class='ocrx_word' id='word_1_273' title='bbox 1229 3497 1348 3535; x_wconf 90' lang='lat' dir='ltr'><strong>eam</strong></span> <span class='ocrx_word' id='word_1_274' title='bbox 1392 3481 1572 3536; x_wconf 85' lang='lat' dir='ltr'><strong>reddit</strong></span> <span class='ocrx_word' id='word_1_275' title='bbox 1607 3482 1857 3538; x_wconf 87' lang='lat' dir='ltr'><strong>inutilem</strong></span> <span class='ocrx_word' id='word_1_276' title='bbox 1904 3499 1968 3538; x_wconf 88' lang='lat' dir='ltr'><strong>ac</strong></span> 
     </span>
    </p>
   </div>
   <div class='ocr_carea' id='block_1_40' title="bbox 386 3573 1967 3646">
    <p class='ocr_par' dir='ltr' id='par_1_40' title="bbox 386 3573 1967 3646">
     <span class='ocr_line' id='line_1_40' title="bbox 386 3573 1967 3646; baseline -0.001 -17"><span class='ocrx_word' id='word_1_277' title='bbox 386 3574 657 3646; x_wconf 77' lang='lat' dir='ltr'><strong>frigidam.</strong></span> <span class='ocrx_word' id='word_1_278' title='bbox 697 3575 875 3644; x_wconf 85' lang='lat' dir='ltr'><strong>Opera</strong></span> <span class='ocrx_word' id='word_1_279' title='bbox 912 3581 1098 3628; x_wconf 87' lang='lat' dir='ltr'><strong>autem</strong></span> <span class='ocrx_word' id='word_1_280' title='bbox 1140 3581 1357 3627; x_wconf 91' lang='lat' dir='ltr'><strong>mortua</strong></span> <span class='ocrx_word' id='word_1_281' title='bbox 1382 3589 1517 3628; x_wconf 87' lang='lat' dir='ltr'><strong>voco</strong></span> <span class='ocrx_word' id='word_1_282' title='bbox 1546 3573 1650 3630; x_wconf 90' lang='lat' dir='ltr'><strong>ista</strong></span> <span class='ocrx_word' id='word_1_283' title='bbox 1677 3575 1892 3645; x_wconf 88' lang='lat' dir='ltr'><strong>impura</strong></span> <span class='ocrx_word' id='word_1_284' title='bbox 1913 3583 1967 3630; x_wconf 90' lang='lat' dir='ltr'><strong>et</strong></span> 
     </span>
    </p>
   </div>
   <div class='ocr_carea' id='block_1_41' title="bbox 388 3666 1962 3740">
    <p class='ocr_par' dir='ltr' id='par_1_41' title="bbox 388 3666 1962 3740">
     <span class='ocr_line' id='line_1_41' title="bbox 388 3666 1962 3740; baseline 0 -17"><span class='ocrx_word' id='word_1_285' title='bbox 388 3670 615 3740; x_wconf 85' lang='lat' dir='ltr'><strong>profana</strong></span> <span class='ocrx_word' id='word_1_286' title='bbox 665 3668 848 3724; x_wconf 89' lang='lat' dir='ltr'><strong>carnis</strong></span> <span class='ocrx_word' id='word_1_287' title='bbox 889 3666 1044 3732; x_wconf 82' lang='lat' dir='ltr'><strong>vitia,</strong></span> <span class='ocrx_word' id='word_1_288' title='bbox 1093 3667 1230 3722; x_wconf 86' lang='lat' dir='ltr'><strong>nihil</strong></span> <span class='ocrx_word' id='word_1_289' title='bbox 1290 3667 1398 3721; x_wconf 85' lang='lat' dir='ltr'><strong>nisi</strong></span> <span class='ocrx_word' id='word_1_290' title='bbox 1441 3674 1720 3722; x_wconf 89' lang='lat' dir='ltr'><strong>terrenum</strong></span> <span class='ocrx_word' id='word_1_291' title='bbox 1751 3684 1962 3740; x_wconf 87' lang='lat' dir='ltr'><strong>sapere.</strong></span> 
     </span>
    </p>
   </div>
   <div class='ocr_carea' id='block_1_42' title="bbox 388 3757 1969 3830">
    <p class='ocr_par' dir='ltr' id='par_1_42' title="bbox 388 3757 1969 3830">
     <span class='ocr_line' id='line_1_42' title="bbox 388 3757 1969 3830; baseline -0.001 -13"><span class='ocrx_word' id='word_1_292' title='bbox 388 3762 527 3818; x_wconf 79' lang='lat' dir='ltr'><strong>Hinc</strong></span> <span class='ocrx_word' id='word_1_293' title='bbox 562 3761 664 3816; x_wconf 90' lang='lat' dir='ltr'><strong>sub</strong></span> <span class='ocrx_word' id='word_1_294' title='bbox 706 3760 923 3829; x_wconf 77' lang='lat' dir='ltr'><strong>initium</strong></span> <span class='ocrx_word' id='word_1_295' title='bbox 964 3757 1205 3814; x_wconf 78' lang='lat' dir='ltr'><strong>diximus</strong></span> <span class='ocrx_word' id='word_1_296' title='bbox 1235 3758 1382 3830; x_wconf 89' lang='lat' dir='ltr'><strong>quod</strong></span> <span class='ocrx_word' id='word_1_297' title='bbox 1413 3773 1542 3824; x_wconf 89' lang='lat' dir='ltr'><strong>nos,</strong></span> <span class='ocrx_word' id='word_1_298' title='bbox 1574 3773 1699 3813; x_wconf 89' lang='lat' dir='ltr'><strong>eum</strong></span> <span class='ocrx_word' id='word_1_299' title='bbox 1722 3775 1969 3816; x_wconf 89' lang='lat' dir='ltr'><strong>essemus</strong></span> 
     </span>
    </p>
   </div>
   <div class='ocr_carea' id='block_1_43' title="bbox 386 3847 1968 3924">
    <p class='ocr_par' dir='ltr' id='par_1_43' title="bbox 386 3847 1968 3924">
     <span class='ocr_line' id='line_1_43' title="bbox 386 3847 1968 3924; baseline -0.004 -14"><span class='ocrx_word' id='word_1_300' title='bbox 386 3853 592 3910; x_wconf 89' lang='lat' dir='ltr'><strong>mortui</strong></span> <span class='ocrx_word' id='word_1_301' title='bbox 632 3867 743 3924; x_wconf 80' lang='lat' dir='ltr'><strong>per</strong></span> <span class='ocrx_word' id='word_1_302' title='bbox 791 3850 1011 3915; x_wconf 87' lang='lat' dir='ltr'><strong>delicta,</strong></span> <span class='ocrx_word' id='word_1_303' title='bbox 1064 3849 1210 3904; x_wconf 90' lang='lat' dir='ltr'><strong>Deus</strong></span> <span class='ocrx_word' id='word_1_304' title='bbox 1254 3849 1416 3903; x_wconf 89' lang='lat' dir='ltr'><strong>Pater</strong></span> <span class='ocrx_word' id='word_1_305' title='bbox 1459 3847 1755 3903; x_wconf 82' lang='lat' dir='ltr'><strong>viviﬁeavit</strong></span> <span class='ocrx_word' id='word_1_306' title='bbox 1776 3864 1876 3904; x_wconf 89' lang='lat' dir='ltr'><strong>nos</strong></span> <span class='ocrx_word' id='word_1_307' title='bbox 1911 3849 1968 3904; x_wconf 91' lang='lat' dir='ltr'><strong>in</strong></span> 
     </span>
    </p>
   </div>
   <div class='ocr_carea' id='block_1_44' title="bbox 387 3939 1967 4014">
    <p class='ocr_par' dir='ltr' id='par_1_44' title="bbox 387 3939 1967 4014">
     <span class='ocr_line' id='line_1_44' title="bbox 387 3939 1967 4014; baseline -0.003 -13"><span class='ocrx_word' id='word_1_308' title='bbox 387 3946 626 4006; x_wconf 87' lang='lat' dir='ltr'><strong>Christo.</strong></span> <span class='ocrx_word' id='word_1_309' title='bbox 673 3944 862 4014; x_wconf 84' lang='lat' dir='ltr'><strong>itaque</strong></span> <span class='ocrx_word' id='word_1_310' title='bbox 889 3958 988 4013; x_wconf 89' lang='lat' dir='ltr'><strong>per</strong></span> <span class='ocrx_word' id='word_1_311' title='bbox 1013 3956 1128 3996; x_wconf 90' lang='lat' dir='ltr'><strong>rem</strong></span> <span class='ocrx_word' id='word_1_312' title='bbox 1151 3939 1496 3996; x_wconf 79' lang='lat' dir='ltr'><strong>manifest</strong></span> <span class='ocrx_word' id='word_1_313' title='bbox 1519 3940 1606 3996; x_wconf 79' lang='lat' dir='ltr'><strong>lex</strong></span> <span class='ocrx_word' id='word_1_314' title='bbox 1628 3957 1730 3997; x_wconf 87' lang='lat' dir='ltr'><strong>nos</strong></span> <span class='ocrx_word' id='word_1_315' title='bbox 1749 3941 1815 3996; x_wconf 90' lang='lat' dir='ltr'><strong>ad</strong></span> <span class='ocrx_word' id='word_1_316' title='bbox 1839 3959 1967 3998; x_wconf 85' lang='lat' dir='ltr'><strong>sen-</strong></span> 
     </span>
    </p>
   </div>
   <div class='ocr_carea' id='block_1_45' title="bbox 384 4029 1968 4102">
    <p class='ocr_par' dir='ltr' id='par_1_45' title="bbox 384 4029 1968 4102">
     <span class='ocr_line' id='line_1_45' title="bbox 384 4029 1968 4102; baseline -0.003 -11"><span class='ocrx_word' id='word_1_317' title='bbox 384 4052 481 4092; x_wconf 70' lang='lat' dir='ltr'><strong>sus</strong></span> <span class='ocrx_word' id='word_1_318' title='bbox 504 4035 738 4090; x_wconf 86' lang='lat' dir='ltr'><strong>subtiles</strong></span> <span class='ocrx_word' id='word_1_319' title='bbox 763 4031 1005 4088; x_wconf 89' lang='lat' dir='ltr'><strong>deducit.</strong></span> <span class='ocrx_word' id='word_1_320' title='bbox 1043 4030 1207 4102; x_wconf 88' lang='lat' dir='ltr'><strong>Ejieit</strong></span> <span class='ocrx_word' id='word_1_321' title='bbox 1232 4030 1379 4086; x_wconf 88' lang='lat' dir='ltr'><strong>enim</strong></span> <span class='ocrx_word' id='word_1_322' title='bbox 1413 4045 1444 4085; x_wconf 90' lang='lat' dir='ltr'><strong>e</strong></span> <span class='ocrx_word' id='word_1_323' title='bbox 1484 4029 1678 4086; x_wconf 86' lang='lat' dir='ltr'><strong>castris</strong></span> <span class='ocrx_word' id='word_1_324' title='bbox 1705 4029 1968 4087; x_wconf 87' lang='lat' dir='ltr'><strong>infectum</strong></span> 
     </span>
    </p>
   </div>
   <div class='ocr_carea' id='block_1_46' title="bbox 387 4121 1968 4195">
    <p class='ocr_par' dir='ltr' id='par_1_46' title="bbox 387 4121 1968 4195">
     <span class='ocr_line' id='line_1_46' title="bbox 387 4121 1968 4195; baseline -0.003 -15"><span class='ocrx_word' id='word_1_325' title='bbox 387 4127 578 4195; x_wconf 88' lang='lat' dir='ltr'><strong>lepra:</strong></span> <span class='ocrx_word' id='word_1_326' title='bbox 611 4139 722 4194; x_wconf 91' lang='lat' dir='ltr'><strong>quo</strong></span> <span class='ocrx_word' id='word_1_327' title='bbox 766 4124 1001 4178; x_wconf 87' lang='lat' dir='ltr'><strong>latenter</strong></span> <span class='ocrx_word' id='word_1_328' title='bbox 1035 4122 1277 4176; x_wconf 88' lang='lat' dir='ltr'><strong>insinuat</strong></span> <span class='ocrx_word' id='word_1_329' title='bbox 1317 4121 1463 4192; x_wconf 91' lang='lat' dir='ltr'><strong>quod</strong></span> <span class='ocrx_word' id='word_1_330' title='bbox 1495 4136 1722 4176; x_wconf 90' lang='lat' dir='ltr'><strong>necesse</strong></span> <span class='ocrx_word' id='word_1_331' title='bbox 1768 4122 1839 4177; x_wconf 91' lang='lat' dir='ltr'><strong>sit</strong></span> <span class='ocrx_word' id='word_1_332' title='bbox 1863 4138 1968 4192; x_wconf 90' lang='lat' dir='ltr'><strong>per</strong></span> 
     </span>
    </p>
   </div>
   <div class='ocr_carea' id='block_1_47' title="bbox 389 4212 1966 4287">
    <p class='ocr_par' dir='ltr' id='par_1_47' title="bbox 389 4212 1966 4287">
     <span class='ocr_line' id='line_1_47' title="bbox 389 4212 1966 4287; baseline -0.001 -18"><span class='ocrx_word' id='word_1_333' title='bbox 389 4225 610 4287; x_wconf 83' lang='lat' dir='ltr'><strong>peccata</strong></span> <span class='ocrx_word' id='word_1_334' title='bbox 651 4222 917 4276; x_wconf 87' lang='lat' dir='ltr'><strong>mortuos,</strong></span> <span class='ocrx_word' id='word_1_335' title='bbox 947 4229 1011 4267; x_wconf 89' lang='lat' dir='ltr'><strong>ac</strong></span> <span class='ocrx_word' id='word_1_336' title='bbox 1034 4212 1439 4283; x_wconf 90' lang='lat' dir='ltr'><strong>quodammodo</strong></span> <span class='ocrx_word' id='word_1_337' title='bbox 1470 4212 1640 4266; x_wconf 91' lang='lat' dir='ltr'><strong>variis</strong></span> <span class='ocrx_word' id='word_1_338' title='bbox 1673 4214 1966 4282; x_wconf 85' lang='lat' dir='ltr'><strong>perturba-</strong></span> 
     </span>
    </p>
   </div>
   <div class='ocr_carea' id='block_1_48' title="bbox 390 4303 1968 4370">
    <p class='ocr_par' dir='ltr' id='par_1_48' title="bbox 390 4303 1968 4370">
     <span class='ocr_line' id='line_1_48' title="bbox 390 4303 1968 4370; baseline 0.001 -9"><span class='ocrx_word' id='word_1_339' title='bbox 390 4307 602 4362; x_wconf 86' lang='lat' dir='ltr'><strong>tionum</strong></span> <span class='ocrx_word' id='word_1_340' title='bbox 637 4305 779 4359; x_wconf 90' lang='lat' dir='ltr'><strong>notis</strong></span> <span class='ocrx_word' id='word_1_341' title='bbox 827 4304 1064 4359; x_wconf 92' lang='lat' dir='ltr'><strong>inustam</strong></span> <span class='ocrx_word' id='word_1_342' title='bbox 1110 4311 1346 4359; x_wconf 88' lang='lat' dir='ltr'><strong>mentem</strong></span> <span class='ocrx_word' id='word_1_343' title='bbox 1372 4303 1657 4370; x_wconf 88' lang='lat' dir='ltr'><strong>habentes,</strong></span> <span class='ocrx_word' id='word_1_344' title='bbox 1691 4321 1722 4360; x_wconf 90' lang='lat' dir='ltr'><strong>e</strong></span> <span class='ocrx_word' id='word_1_345' title='bbox 1748 4314 1968 4363; x_wconf 88' lang='lat' dir='ltr'><strong>saneto-</strong></span> 
     </span>
    </p>
   </div>
   <div class='ocr_carea' id='block_1_49' title="bbox 2072 462 3644 536">
    <p class='ocr_par' dir='ltr' id='par_1_49' title="bbox 2072 462 3644 536">
     <span class='ocr_line' id='line_1_49' title="bbox 2072 462 3644 536; baseline -0.003 -19"><span class='ocrx_word' id='word_1_346' title='bbox 2072 464 2348 536; x_wconf 72' lang='grc' dir='ltr'>θαρισθεὶς</span> <span class='ocrx_word' id='word_1_347' title='bbox 2399 467 2466 518; x_wconf 63' lang='grc' dir='ltr'>τὰ</span> <span class='ocrx_word' id='word_1_348' title='bbox 2521 465 2710 534; x_wconf 75' lang='grc' dir='ltr'>ἱμάτια</span> <span class='ocrx_word' id='word_1_349' title='bbox 2761 462 2948 517; x_wconf 79' lang='grc' dir='ltr'>αὑτοῦ.</span> <span class='ocrx_word' id='word_1_350' title='bbox 3007 463 3116 515; x_wconf 82' lang='lat' dir='ltr'><strong>Kal</strong></span> <span class='ocrx_word' id='word_1_351' title='bbox 3156 462 3516 535; x_wconf 75' lang='grc' dir='ltr'>ευρηθήσεται</span> <span class='ocrx_word' id='word_1_352' title='bbox 3551 464 3644 515; x_wconf 75' lang='grc' dir='ltr'>ἀπ’</span> 
     </span>
    </p>
   </div>
   <div class='ocr_carea' id='block_1_50' title="bbox 2070 553 3647 626">
    <p class='ocr_par' dir='ltr' id='par_1_50' title="bbox 2070 553 3647 626">
     <span class='ocr_line' id='line_1_50' title="bbox 2070 553 3647 626; baseline -0.003 -18"><span class='ocrx_word' id='word_1_353' title='bbox 2070 557 2234 610; x_wconf 75' lang='grc' dir='ltr'>αὑτοῦ</span> <span class='ocrx_word' id='word_1_354' title='bbox 2267 559 2444 610; x_wconf 77' lang='grc' dir='ltr'>πᾶσαν</span> <span class='ocrx_word' id='word_1_355' title='bbox 2489 556 2588 626; x_wconf 75' lang='grc' dir='ltr'><strong>τὴν</strong></span> <span class='ocrx_word' id='word_1_356' title='bbox 2627 554 2807 624; x_wconf 73' lang='grc' dir='ltr'>τρίχα,</span> <span class='ocrx_word' id='word_1_357' title='bbox 2843 555 2938 608; x_wconf 73' lang='grc' dir='ltr'>καὶ</span> <span class='ocrx_word' id='word_1_358' title='bbox 2983 554 3074 608; x_wconf 79' lang='grc' dir='ltr'>λού</span> <span class='ocrx_word' id='word_1_359' title='bbox 3088 572 3231 608; x_wconf 74' lang='grc' dir='ltr'>σεται</span> <span class='ocrx_word' id='word_1_360' title='bbox 3262 557 3319 607; x_wconf 81' lang='grc' dir='ltr'>ὲν</span> <span class='ocrx_word' id='word_1_361' title='bbox 3347 553 3517 616; x_wconf 72' lang='grc' dir='ltr'>ὕδατι,</span> <span class='ocrx_word' id='word_1_362' title='bbox 3554 557 3647 608; x_wconf 71' lang='grc' dir='ltr'>καὶ</span> 
     </span>
    </p>
   </div>
   <div class='ocr_carea' id='block_1_51' title="bbox 2072 648 3648 721">
    <p class='ocr_par' dir='ltr' id='par_1_51' title="bbox 2072 648 3648 721">
     <span class='ocr_line' id='line_1_51' title="bbox 2072 648 3648 721; baseline -0.002 -19"><span class='ocrx_word' id='word_1_363' title='bbox 2072 649 2555 721; x_wconf 75' lang='grc' dir='ltr'>καθαρισθήσεται.</span> <span class='ocrx_word' id='word_1_364' title='bbox 2600 649 2709 703; x_wconf 81' lang='lat' dir='ltr'><strong>Kal</strong></span> <span class='ocrx_word' id='word_1_365' title='bbox 2766 648 2907 719; x_wconf 81' lang='grc' dir='ltr'><strong>μετά</strong></span> <span class='ocrx_word' id='word_1_366' title='bbox 2949 648 3122 702; x_wconf 80' lang='grc' dir='ltr'>ταῦτα</span> <span class='ocrx_word' id='word_1_367' title='bbox 3174 648 3539 700; x_wconf 69' lang='grc' dir='ltr'><strong>εἰσελεύσεται</strong></span> <span class='ocrx_word' id='word_1_368' title='bbox 3567 651 3648 707; x_wconf 73' lang='grc' dir='ltr'>εἰς</span> 
     </span>
    </p>
   </div>
   <div class='ocr_carea' id='block_1_52' title="bbox 2071 740 3647 814">
    <p class='ocr_par' dir='ltr' id='par_1_52' title="bbox 2071 740 3647 814">
     <span class='ocr_line' id='line_1_52' title="bbox 2071 740 3647 814; baseline -0.003 -18"><span class='ocrx_word' id='word_1_369' title='bbox 2071 743 2167 814; x_wconf 87' lang='grc' dir='ltr'><strong>τὴν</strong></span> <span class='ocrx_word' id='word_1_370' title='bbox 2198 741 2570 813; x_wconf 78' lang='grc' dir='ltr'>παρεμϐολὴν,</span> <span class='ocrx_word' id='word_1_371' title='bbox 2603 743 2696 796; x_wconf 78' lang='grc' dir='ltr'>καὶ</span> <span class='ocrx_word' id='word_1_372' title='bbox 2727 741 2996 811; x_wconf 73' lang='grc' dir='ltr'><strong>διατρίψει</strong></span> <span class='ocrx_word' id='word_1_373' title='bbox 3040 741 3143 807; x_wconf 76' lang='grc' dir='ltr'>ἔξω</span> <span class='ocrx_word' id='word_1_374' title='bbox 3185 741 3278 793; x_wconf 88' lang='grc' dir='ltr'>τοῦ</span> <span class='ocrx_word' id='word_1_375' title='bbox 3307 741 3454 794; x_wconf 83' lang='grc' dir='ltr'>οίκου</span> <span class='ocrx_word' id='word_1_376' title='bbox 3480 740 3647 793; x_wconf 79' lang='grc' dir='ltr'>αὐτοῦ</span> 
     </span>
    </p>
   </div>
   <div class='ocr_carea' id='block_1_53' title="bbox 2071 831 3647 903">
    <p class='ocr_par' dir='ltr' id='par_1_53' title="bbox 2071 831 3647 903">
     <span class='ocr_line' id='line_1_53' title="bbox 2071 831 3647 903; baseline -0.003 -16"><span class='ocrx_word' id='word_1_377' title='bbox 2071 833 2209 887; x_wconf 72' lang='grc' dir='ltr'>ἑπτὰ</span> <span class='ocrx_word' id='word_1_378' title='bbox 2235 833 2468 903; x_wconf 79' lang='grc' dir='ltr'>ἡμέρας.</span> <span class='ocrx_word' id='word_1_379' title='bbox 2513 833 2621 885; x_wconf 79' lang='lat' dir='ltr'><strong>Kal</strong></span> <span class='ocrx_word' id='word_1_380' title='bbox 2663 832 2814 886; x_wconf 76' lang='grc' dir='ltr'>ἔσται</span> <span class='ocrx_word' id='word_1_381' title='bbox 2844 834 2908 902; x_wconf 85' lang='grc' dir='ltr'>τῇ</span> <span class='ocrx_word' id='word_1_382' title='bbox 2956 831 3138 902; x_wconf 79' lang='grc' dir='ltr'>ἡμέρᾳ</span> <span class='ocrx_word' id='word_1_383' title='bbox 3186 833 3251 901; x_wconf 75' lang='grc' dir='ltr'>τῇ</span> <span class='ocrx_word' id='word_1_384' title='bbox 3296 831 3516 902; x_wconf 79' lang='grc' dir='ltr'>ἑϐδόμῃ,</span> <span class='ocrx_word' id='word_1_385' title='bbox 3553 846 3647 884; x_wconf 86' lang='grc' dir='ltr'><strong>και</strong></span> 
     </span>
    </p>
   </div>
   <div class='ocr_carea' id='block_1_54' title="bbox 2072 921 3648 996">
    <p class='ocr_par' dir='ltr' id='par_1_54' title="bbox 2072 921 3648 996">
     <span class='ocr_line' id='line_1_54' title="bbox 2072 921 3648 996; baseline -0.004 -19"><span class='ocrx_word' id='word_1_386' title='bbox 2072 924 2435 996; x_wconf 74' lang='grc' dir='ltr'>ξυρηθήσεται</span> <span class='ocrx_word' id='word_1_387' title='bbox 2471 926 2650 977; x_wconf 78' lang='grc' dir='ltr'>πᾶσαν</span> <span class='ocrx_word' id='word_1_388' title='bbox 2694 924 2793 996; x_wconf 78' lang='grc' dir='ltr'>τὴν</span> <span class='ocrx_word' id='word_1_389' title='bbox 2828 924 2987 994; x_wconf 83' lang='grc' dir='ltr'>τρίχα</span> <span class='ocrx_word' id='word_1_390' title='bbox 3041 922 3228 984; x_wconf 79' lang='grc' dir='ltr'>αὑτοῦ,</span> <span class='ocrx_word' id='word_1_391' title='bbox 3271 921 3370 993; x_wconf 84' lang='grc' dir='ltr'>τὴν</span> <span class='ocrx_word' id='word_1_392' title='bbox 3407 921 3648 990; x_wconf 74' lang='grc' dir='ltr'>κεφαλὴν</span> 
     </span>
    </p>
   </div>
   <div class='ocr_carea' id='block_1_55' title="bbox 2069 1013 3650 1084">
    <p class='ocr_par' dir='ltr' id='par_1_55' title="bbox 2069 1013 3650 1084">
     <span class='ocr_line' id='line_1_55' title="bbox 2069 1013 3650 1084; baseline -0.006 -13"><span class='ocrx_word' id='word_1_393' title='bbox 2069 1016 2254 1080; x_wconf 76' lang='grc' dir='ltr'>αὑτοῦ,</span> <span class='ocrx_word' id='word_1_394' title='bbox 2288 1016 2382 1070; x_wconf 71' lang='grc' dir='ltr'>καὶ</span> <span class='ocrx_word' id='word_1_395' title='bbox 2411 1017 2501 1070; x_wconf 84' lang='grc' dir='ltr'><strong>τὸν</strong></span> <span class='ocrx_word' id='word_1_396' title='bbox 2539 1015 2796 1084; x_wconf 84' lang='grc' dir='ltr'>πώγωνα,</span> <span class='ocrx_word' id='word_1_397' title='bbox 2836 1017 2929 1068; x_wconf 74' lang='grc' dir='ltr'>καὶ</span> <span class='ocrx_word' id='word_1_398' title='bbox 2976 1013 3074 1078; x_wconf 77' lang='grc' dir='ltr'>τὰς</span> <span class='ocrx_word' id='word_1_399' title='bbox 3109 1013 3301 1084; x_wconf 80' lang='grc' dir='ltr'>ὀφρῦς,</span> <span class='ocrx_word' id='word_1_400' title='bbox 3332 1013 3424 1067; x_wconf 69' lang='grc' dir='ltr'><strong>καὶ</strong></span> <span class='ocrx_word' id='word_1_401' title='bbox 3469 1014 3650 1066; x_wconf 82' lang='grc' dir='ltr'>πᾶσαν</span> 
     </span>
    </p>
   </div>
   <div class='ocr_carea' id='block_1_56' title="bbox 2070 1105 3650 1180">
    <p class='ocr_par' dir='ltr' id='par_1_56' title="bbox 2070 1105 3650 1180">
     <span class='ocr_line' id='line_1_56' title="bbox 2070 1105 3650 1180; baseline -0.003 -18"><span class='ocrx_word' id='word_1_402' title='bbox 2070 1108 2166 1179; x_wconf 81' lang='grc' dir='ltr'>τὴν</span> <span class='ocrx_word' id='word_1_403' title='bbox 2199 1108 2359 1180; x_wconf 84' lang='grc' dir='ltr'>τρίχα</span> <span class='ocrx_word' id='word_1_404' title='bbox 2393 1107 2556 1162; x_wconf 78' lang='grc' dir='ltr'>αὑτοῦ</span> <span class='ocrx_word' id='word_1_405' title='bbox 2592 1108 2974 1179; x_wconf 80' lang='grc' dir='ltr'>ξυρηθήσεται,</span> <span class='ocrx_word' id='word_1_406' title='bbox 3015 1107 3108 1160; x_wconf 71' lang='grc' dir='ltr'><strong>κοιλ⁸</strong></span> <span class='ocrx_word' id='word_1_407' title='bbox 3142 1107 3330 1158; x_wconf 85' lang='grc' dir='ltr'>πλυνεῖ</span> <span class='ocrx_word' id='word_1_408' title='bbox 3360 1105 3429 1159; x_wconf 83' lang='grc' dir='ltr'><strong>τὰ</strong></span> <span class='ocrx_word' id='word_1_409' title='bbox 3458 1106 3650 1175; x_wconf 81' lang='grc' dir='ltr'>ίμάτια</span> 
     </span>
    </p>
   </div>
   <div class='ocr_carea' id='block_1_57' title="bbox 2071 1199 3651 1270">
    <p class='ocr_par' dir='ltr' id='par_1_57' title="bbox 2071 1199 3651 1270">
     <span class='ocr_line' id='line_1_57' title="bbox 2071 1199 3651 1270; baseline -0.002 -17"><span class='ocrx_word' id='word_1_410' title='bbox 2071 1202 2255 1266; x_wconf 84' lang='grc' dir='ltr'>αὑτοῦ,</span> <span class='ocrx_word' id='word_1_411' title='bbox 2290 1202 2382 1255; x_wconf 79' lang='grc' dir='ltr'><strong>καὶ</strong></span> <span class='ocrx_word' id='word_1_412' title='bbox 2423 1201 2670 1255; x_wconf 84' lang='grc' dir='ltr'>λούσεται</span> <span class='ocrx_word' id='word_1_413' title='bbox 2707 1201 2767 1254; x_wconf 83' lang='grc' dir='ltr'>τὸ</span> <span class='ocrx_word' id='word_1_414' title='bbox 2797 1201 2954 1270; x_wconf 89' lang='grc' dir='ltr'>σῶμα</span> <span class='ocrx_word' id='word_1_415' title='bbox 2987 1200 3178 1254; x_wconf 79' lang='grc' dir='ltr'>ἑαυτοῦ</span> <span class='ocrx_word' id='word_1_416' title='bbox 3210 1200 3381 1264; x_wconf 77' lang='grc' dir='ltr'>ὕδατι,</span> <span class='ocrx_word' id='word_1_417' title='bbox 3425 1199 3516 1252; x_wconf 77' lang='grc' dir='ltr'><strong>καὶ</strong></span> <span class='ocrx_word' id='word_1_418' title='bbox 3552 1217 3651 1251; x_wconf 86' lang='grc' dir='ltr'>κα-</span> 
     </span>
    </p>
   </div>
   <div class='ocr_carea' id='block_1_58' title="bbox 2072 1287 3653 1362">
    <p class='ocr_par' dir='ltr' id='par_1_58' title="bbox 2072 1287 3653 1362">
     <span class='ocr_line' id='line_1_58' title="bbox 2072 1287 3653 1362; baseline -0.003 -17"><span class='ocrx_word' id='word_1_419' title='bbox 2072 1292 2237 1362; x_wconf 85' lang='grc' dir='ltr'>θαρὸς</span> <span class='ocrx_word' id='word_1_420' title='bbox 2269 1291 2438 1345; x_wconf 75' lang='grc' dir='ltr'>ἔσται.</span> <span class='ocrx_word' id='word_1_421' title='bbox 2475 1311 2494 1343; x_wconf 79' lang='grc' dir='ltr'>ι</span> <span class='ocrx_word' id='word_1_422' title='bbox 2554 1293 2614 1344; x_wconf 89' lang='grc' dir='ltr'>Ὀ</span> <span class='ocrx_word' id='word_1_423' title='bbox 2653 1293 2748 1362; x_wconf 83' lang='grc' dir='ltr'><strong>μὲν</strong></span> <span class='ocrx_word' id='word_1_424' title='bbox 2778 1287 2871 1344; x_wconf 76' lang='grc' dir='ltr'><strong>οὖν</strong></span> <span class='ocrx_word' id='word_1_425' title='bbox 2905 1292 3002 1361; x_wconf 82' lang='grc' dir='ltr'>τῆς</span> <span class='ocrx_word' id='word_1_426' title='bbox 3040 1291 3276 1361; x_wconf 73' lang='grc' dir='ltr'><strong>ἱστορίας</strong></span> <span class='ocrx_word' id='word_1_427' title='bbox 3307 1289 3550 1360; x_wconf 78' lang='grc' dir='ltr'>ἐμφανὴς</span> <span class='ocrx_word' id='word_1_428' title='bbox 3585 1290 3653 1340; x_wconf 82' lang='grc' dir='ltr'>ἂν</span> 
     </span>
    </p>
   </div>
   <div class='ocr_carea' id='block_1_59' title="bbox 2071 1380 3650 1454">
    <p class='ocr_par' dir='ltr' id='par_1_59' title="bbox 2071 1380 3650 1454">
     <span class='ocr_line' id='line_1_59' title="bbox 2071 1380 3650 1454; baseline -0.004 -17"><span class='ocrx_word' id='word_1_429' title='bbox 2071 1386 2158 1454; x_wconf 70' lang='grc' dir='ltr'><strong>εἴη</strong></span> <span class='ocrx_word' id='word_1_430' title='bbox 2189 1383 2367 1452; x_wconf 85' lang='grc' dir='ltr'>λόγος,</span> <span class='ocrx_word' id='word_1_431' title='bbox 2399 1382 2500 1437; x_wconf 81' lang='grc' dir='ltr'><strong>κάν</strong></span> <span class='ocrx_word' id='word_1_432' title='bbox 2532 1384 2581 1435; x_wconf 79' lang='grc' dir='ltr'>εἰ</span> <span class='ocrx_word' id='word_1_433' title='bbox 2623 1384 2696 1453; x_wconf 85' lang='grc' dir='ltr'>μή</span> <span class='ocrx_word' id='word_1_434' title='bbox 2740 1400 2821 1446; x_wconf 88' lang='grc' dir='ltr'><strong>τις</strong></span> <span class='ocrx_word' id='word_1_435' title='bbox 2854 1382 3028 1436; x_wconf 81' lang='grc' dir='ltr'>ἓλοιτο</span> <span class='ocrx_word' id='word_1_436' title='bbox 3061 1381 3404 1452; x_wconf 84' lang='grc' dir='ltr'>διατρανοῦν,</span> <span class='ocrx_word' id='word_1_437' title='bbox 3440 1380 3549 1450; x_wconf 76' lang='grc' dir='ltr'>ἔχει</span> <span class='ocrx_word' id='word_1_438' title='bbox 3591 1380 3650 1432; x_wconf 62' lang='grc' dir='ltr'>δὲ</span> 
     </span>
    </p>
   </div>
   <div class='ocr_carea' id='block_1_60' title="bbox 2071 1471 3648 1544">
    <p class='ocr_par' dir='ltr' id='par_1_60' title="bbox 2071 1471 3648 1544">
     <span class='ocr_line' id='line_1_60' title="bbox 2071 1471 3648 1544; baseline -0.003 -15"><span class='ocrx_word' id='word_1_439' title='bbox 2071 1476 2223 1529; x_wconf 78' lang='grc' dir='ltr'>οὐδὲν</span> <span class='ocrx_word' id='word_1_440' title='bbox 2245 1475 2306 1529; x_wconf 72' lang='grc' dir='ltr'>τὸ</span> <span class='ocrx_word' id='word_1_441' title='bbox 2328 1474 2514 1528; x_wconf 86' lang='grc' dir='ltr'>τελοῦν</span> <span class='ocrx_word' id='word_1_442' title='bbox 2535 1476 2614 1537; x_wconf 84' lang='grc' dir='ltr'>εἰς</span> <span class='ocrx_word' id='word_1_443' title='bbox 2639 1475 2845 1544; x_wconf 73' lang='grc' dir='ltr'>ὄνησιν.</span> <span class='ocrx_word' id='word_1_444' title='bbox 2873 1476 2919 1527; x_wconf 84' lang='lat' dir='ltr'><strong>si</strong></span> <span class='ocrx_word' id='word_1_445' title='bbox 2955 1473 3027 1544; x_wconf 86' lang='grc' dir='ltr'>μὴ</span> <span class='ocrx_word' id='word_1_446' title='bbox 3053 1476 3220 1526; x_wconf 81' lang='grc' dir='ltr'>νοοῖτο</span> <span class='ocrx_word' id='word_1_447' title='bbox 3243 1471 3648 1543; x_wconf 79' lang='grc' dir='ltr'><strong>πνευματικῶς.</strong></span> 
     </span>
    </p>
   </div>
   <div class='ocr_carea' id='block_1_61' title="bbox 2074 1564 3653 1638">
    <p class='ocr_par' dir='ltr' id='par_1_61' title="bbox 2074 1564 3653 1638">
     <span class='ocr_line' id='line_1_61' title="bbox 2074 1564 3653 1638; baseline -0.002 -18"><span class='ocrx_word' id='word_1_448' title='bbox 2074 1565 2280 1620; x_wconf 77' lang='grc' dir='ltr'>Οὐκοῦν</span> <span class='ocrx_word' id='word_1_449' title='bbox 2307 1566 2437 1638; x_wconf 79' lang='grc' dir='ltr'>φέρε</span> <span class='ocrx_word' id='word_1_450' title='bbox 2467 1565 2714 1635; x_wconf 83' lang='grc' dir='ltr'>λέγωμεν</span> <span class='ocrx_word' id='word_1_451' title='bbox 2739 1584 2875 1636; x_wconf 87' lang='grc' dir='ltr'>μετα</span> <span class='ocrx_word' id='word_1_452' title='bbox 2887 1566 3206 1629; x_wconf 81' lang='grc' dir='ltr'><strong>πλάττοντες</strong></span> <span class='ocrx_word' id='word_1_453' title='bbox 3230 1566 3444 1634; x_wconf 74' lang='grc' dir='ltr'>εὐφυῶς</span> <span class='ocrx_word' id='word_1_454' title='bbox 3473 1565 3532 1618; x_wconf 77' lang='grc' dir='ltr'><strong>τὸ</strong></span> <span class='ocrx_word' id='word_1_455' title='bbox 3557 1564 3653 1617; x_wconf 81' lang='grc' dir='ltr'><strong>τοῦ</strong></span> 
     </span>
    </p>
   </div>
   <div class='ocr_carea' id='block_1_62' title="bbox 2073 1657 3650 1729">
    <p class='ocr_par' dir='ltr' id='par_1_62' title="bbox 2073 1657 3650 1729">
     <span class='ocr_line' id='line_1_62' title="bbox 2073 1657 3650 1729; baseline -0.001 -15"><span class='ocrx_word' id='word_1_456' title='bbox 2073 1659 2399 1729; x_wconf 79' lang='grc' dir='ltr'><strong>γράμματος</strong></span> <span class='ocrx_word' id='word_1_457' title='bbox 2441 1657 2666 1728; x_wconf 76' lang='grc' dir='ltr'><strong>ἀδρανὲς</strong></span> <span class='ocrx_word' id='word_1_458' title='bbox 2701 1659 2781 1722; x_wconf 79' lang='grc' dir='ltr'>εἰς</span> <span class='ocrx_word' id='word_1_459' title='bbox 2819 1659 2882 1711; x_wconf 86' lang='grc' dir='ltr'><strong>τὸ</strong></span> <span class='ocrx_word' id='word_1_460' title='bbox 2922 1658 3014 1711; x_wconf 86' lang='grc' dir='ltr'><strong>τοῦ</strong></span> <span class='ocrx_word' id='word_1_461' title='bbox 3054 1657 3291 1728; x_wconf 84' lang='grc' dir='ltr'>Χριστοῦ</span> <span class='ocrx_word' id='word_1_462' title='bbox 3329 1659 3650 1728; x_wconf 77' lang='grc' dir='ltr'>μυστήριον.</span> 
     </span>
    </p>
   </div>
   <div class='ocr_carea' id='block_1_63' title="bbox 2087 1750 3656 1820">
    <p class='ocr_par' dir='ltr' id='par_1_63' title="bbox 2087 1750 3656 1820">
     <span class='ocr_line' id='line_1_63' title="bbox 2087 1750 3656 1820; baseline -0.003 -15"><span class='ocrx_word' id='word_1_463' title='bbox 2087 1751 2268 1819; x_wconf 84' lang='grc' dir='ltr'>Ὀλίγα</span> <span class='ocrx_word' id='word_1_464' title='bbox 2299 1750 2356 1802; x_wconf 83' lang='grc' dir='ltr'>δὲ</span> <span class='ocrx_word' id='word_1_465' title='bbox 2385 1751 2522 1807; x_wconf 74' lang='grc' dir='ltr'>ἄττα</span> <span class='ocrx_word' id='word_1_466' title='bbox 2549 1750 2656 1803; x_wconf 88' lang='grc' dir='ltr'><strong>τῶν</strong></span> <span class='ocrx_word' id='word_1_467' title='bbox 2686 1751 3001 1818; x_wconf 71' lang='grc' dir='ltr'>ἀναγκαίων</span> <span class='ocrx_word' id='word_1_468' title='bbox 3047 1753 3126 1814; x_wconf 84' lang='grc' dir='ltr'>εἰς</span> <span class='ocrx_word' id='word_1_469' title='bbox 3156 1750 3482 1820; x_wconf 79' lang='grc' dir='ltr'>διασάφησιν</span> <span class='ocrx_word' id='word_1_470' title='bbox 3515 1767 3656 1820; x_wconf 77' lang='grc' dir='ltr'>χρη-</span> 
     </span>
    </p>
   </div>
   <div class='ocr_carea' id='block_1_64' title="bbox 2076 1839 3655 1912">
    <p class='ocr_par' dir='ltr' id='par_1_64' title="bbox 2076 1839 3655 1912">
     <span class='ocr_line' id='line_1_64' title="bbox 2076 1839 3655 1912; baseline -0.001 -19"><span class='ocrx_word' id='word_1_471' title='bbox 2076 1841 2250 1911; x_wconf 84' lang='grc' dir='ltr'>σίμως</span> <span class='ocrx_word' id='word_1_472' title='bbox 2295 1841 2426 1910; x_wconf 81' lang='grc' dir='ltr'>ἡμῖν</span> <span class='ocrx_word' id='word_1_473' title='bbox 2454 1841 2860 1912; x_wconf 82' lang='grc' dir='ltr'>προειρήσεται.</span> <span class='ocrx_word' id='word_1_474' title='bbox 2894 1841 3086 1906; x_wconf 85' lang='grc' dir='ltr'>Δέπρα</span> <span class='ocrx_word' id='word_1_475' title='bbox 3120 1841 3229 1911; x_wconf 82' lang='grc' dir='ltr'>γὰρ</span> <span class='ocrx_word' id='word_1_476' title='bbox 3255 1839 3549 1910; x_wconf 75' lang='grc' dir='ltr'>ἀϐούλητον</span> <span class='ocrx_word' id='word_1_477' title='bbox 3590 1841 3655 1892; x_wconf 79' lang='grc' dir='ltr'>τὸ</span> 
     </span>
    </p>
   </div>
   <div class='ocr_carea' id='block_1_65' title="bbox 2074 1931 3653 2003">
    <p class='ocr_par' dir='ltr' id='par_1_65' title="bbox 2074 1931 3653 2003">
     <span class='ocr_line' id='line_1_65' title="bbox 2074 1931 3653 2003; baseline -0.001 -18"><span class='ocrx_word' id='word_1_478' title='bbox 2074 1933 2244 1996; x_wconf 82' lang='grc' dir='ltr'>πάθος</span> <span class='ocrx_word' id='word_1_479' title='bbox 2269 1936 2379 1997; x_wconf 88' lang='grc' dir='ltr'>τοῖς</span> <span class='ocrx_word' id='word_1_480' title='bbox 2400 1950 2560 1986; x_wconf 88' lang='grc' dir='ltr'>τινων</span> <span class='ocrx_word' id='word_1_481' title='bbox 2589 1931 2970 2003; x_wconf 80' lang='grc' dir='ltr'>ὲπισυμὸαίνει</span> <span class='ocrx_word' id='word_1_482' title='bbox 3003 1931 3268 2002; x_wconf 83' lang='grc' dir='ltr'>σώμασιν.</span> <span class='ocrx_word' id='word_1_483' title='bbox 3305 1931 3459 1984; x_wconf 84' lang='grc' dir='ltr'>Ἔστι</span> <span class='ocrx_word' id='word_1_484' title='bbox 3487 1931 3545 1984; x_wconf 80' lang='grc' dir='ltr'>δὲ</span> <span class='ocrx_word' id='word_1_485' title='bbox 3567 1933 3653 1985; x_wconf 76' lang='grc' dir='ltr'><strong>ὅτι</strong></span> 
     </span>
    </p>
   </div>
   <div class='ocr_carea' id='block_1_66' title="bbox 2075 2021 3654 2096">
    <p class='ocr_par' dir='ltr' id='par_1_66' title="bbox 2075 2021 3654 2096">
     <span class='ocr_line' id='line_1_66' title="bbox 2075 2021 3654 2096; baseline -0.004 -17"><span class='ocrx_word' id='word_1_486' title='bbox 2075 2025 2310 2096; x_wconf 77' lang='grc' dir='ltr'>μάλιστα</span> <span class='ocrx_word' id='word_1_487' title='bbox 2341 2024 2516 2096; x_wconf 81' lang='grc' dir='ltr'>βὸρον,</span> <span class='ocrx_word' id='word_1_488' title='bbox 2568 2025 2663 2077; x_wconf 75' lang='grc' dir='ltr'>καὶ</span> <span class='ocrx_word' id='word_1_489' title='bbox 2697 2023 3096 2094; x_wconf 84' lang='grc' dir='ltr'>κατευρήσεταί</span> <span class='ocrx_word' id='word_1_490' title='bbox 3142 2039 3258 2084; x_wconf 88' lang='grc' dir='ltr'><strong>πως</strong></span> <span class='ocrx_word' id='word_1_491' title='bbox 3293 2023 3378 2075; x_wconf 76' lang='grc' dir='ltr'><strong>ἀεὶ</strong></span> <span class='ocrx_word' id='word_1_492' title='bbox 3421 2021 3556 2089; x_wconf 74' lang='grc' dir='ltr'>πρὸς</span> <span class='ocrx_word' id='word_1_493' title='bbox 3590 2021 3654 2073; x_wconf 75' lang='grc' dir='ltr'>τὸ</span> 
     </span>
    </p>
   </div>
   <div class='ocr_carea' id='block_1_67' title="bbox 2071 2109 3655 2186">
    <p class='ocr_par' dir='ltr' id='par_1_67' title="bbox 2071 2109 3655 2186">
     <span class='ocr_line' id='line_1_67' title="bbox 2071 2109 3655 2186; baseline -0.003 -18"><span class='ocrx_word' id='word_1_494' title='bbox 2071 2115 2219 2178; x_wconf 75' lang='grc' dir='ltr'>ἐντὸς</span> <span class='ocrx_word' id='word_1_495' title='bbox 2253 2114 2500 2186; x_wconf 77' lang='grc' dir='ltr'>μᾶλλονῆ</span> <span class='ocrx_word' id='word_1_496' title='bbox 2534 2117 2659 2185; x_wconf 64' lang='grc' dir='ltr'>πρὶν</span> <span class='ocrx_word' id='word_1_497' title='bbox 2685 2113 2794 2169; x_wconf 89' lang='grc' dir='ltr'><strong>τῶν</strong></span> <span class='ocrx_word' id='word_1_498' title='bbox 2819 2115 2875 2166; x_wconf 84' lang='grc' dir='ltr'>ὲν</span> <span class='ocrx_word' id='word_1_499' title='bbox 2909 2109 2990 2176; x_wconf 75' lang='grc' dir='ltr'><strong>οἷς</strong></span> <span class='ocrx_word' id='word_1_500' title='bbox 3019 2112 3083 2166; x_wconf 83' lang='grc' dir='ltr'><strong>ἂν</strong></span> <span class='ocrx_word' id='word_1_501' title='bbox 3114 2113 3322 2182; x_wconf 84' lang='grc' dir='ltr'>γένοιτο</span> <span class='ocrx_word' id='word_1_502' title='bbox 3352 2111 3655 2182; x_wconf 76' lang='grc' dir='ltr'>καταδράτο</span> 
     </span>
    </p>
   </div>
   <div class='ocr_carea' id='block_1_68' title="bbox 2070 2203 3649 2278">
    <p class='ocr_par' dir='ltr' id='par_1_68' title="bbox 2070 2203 3649 2278">
     <span class='ocr_line' id='line_1_68' title="bbox 2070 2203 3649 2278; baseline -0.003 -20"><span class='ocrx_word' id='word_1_503' title='bbox 2070 2205 2255 2259; x_wconf 89' lang='grc' dir='ltr'>τεσθαι</span> <span class='ocrx_word' id='word_1_504' title='bbox 2279 2205 2461 2278; x_wconf 83' lang='grc' dir='ltr'>μέρος.</span> <span class='ocrx_word' id='word_1_505' title='bbox 2487 2205 2890 2274; x_wconf 83' lang='grc' dir='ltr'>Δυσδιὰφυκτον</span> <span class='ocrx_word' id='word_1_506' title='bbox 2911 2204 2966 2257; x_wconf 79' lang='grc' dir='ltr'>δὲ</span> <span class='ocrx_word' id='word_1_507' title='bbox 2987 2204 3180 2275; x_wconf 79' lang='grc' dir='ltr'>κομιδῇ</span> <span class='ocrx_word' id='word_1_508' title='bbox 3207 2205 3266 2256; x_wconf 85' lang='grc' dir='ltr'><strong>τὸ</strong></span> <span class='ocrx_word' id='word_1_509' title='bbox 3287 2203 3649 2276; x_wconf 72' lang='grc' dir='ltr'>ἀρρώστημα,</span> 
     </span>
    </p>
   </div>
   <div class='ocr_carea' id='block_1_69' title="bbox 2071 2291 3651 2366">
    <p class='ocr_par' dir='ltr' id='par_1_69' title="bbox 2071 2291 3651 2366">
     <span class='ocr_line' id='line_1_69' title="bbox 2071 2291 3651 2366; baseline -0.003 -20"><span class='ocrx_word' id='word_1_510' title='bbox 2071 2293 2165 2346; x_wconf 70' lang='grc' dir='ltr'>καὶ</span> <span class='ocrx_word' id='word_1_511' title='bbox 2199 2294 2397 2366; x_wconf 72' lang='grc' dir='ltr'>ἰατρῶν</span> <span class='ocrx_word' id='word_1_512' title='bbox 2430 2293 2528 2365; x_wconf 79' lang='grc' dir='ltr'><strong>μὲν</strong></span> <span class='ocrx_word' id='word_1_513' title='bbox 2564 2295 2906 2365; x_wconf 73' lang='grc' dir='ltr'>ἐπιστήμης,</span> <span class='ocrx_word' id='word_1_514' title='bbox 2947 2295 3114 2363; x_wconf 73' lang='grc' dir='ltr'>ἠγουν</span> <span class='ocrx_word' id='word_1_515' title='bbox 3153 2294 3248 2364; x_wconf 79' lang='grc' dir='ltr'><strong>τῆς</strong></span> <span class='ocrx_word' id='word_1_516' title='bbox 3276 2293 3380 2346; x_wconf 88' lang='grc' dir='ltr'>ύπό</span> <span class='ocrx_word' id='word_1_517' title='bbox 3409 2309 3500 2346; x_wconf 89' lang='grc' dir='ltr'>του</span> <span class='ocrx_word' id='word_1_518' title='bbox 3539 2291 3651 2344; x_wconf 74' lang='grc' dir='ltr'>τῶι</span> 
     </span>
    </p>
   </div>
   <div class='ocr_carea' id='block_1_70' title="bbox 2073 2383 3652 2459">
    <p class='ocr_par' dir='ltr' id='par_1_70' title="bbox 2073 2383 3652 2459">
     <span class='ocr_line' id='line_1_70' title="bbox 2073 2383 3652 2459; baseline 0 -19"><span class='ocrx_word' id='word_1_519' title='bbox 2073 2386 2242 2442; x_wconf 85' lang='grc' dir='ltr'>ταῦτα</span> <span class='ocrx_word' id='word_1_520' title='bbox 2277 2383 2455 2458; x_wconf 81' lang='grc' dir='ltr'>σοφῶν</span> <span class='ocrx_word' id='word_1_521' title='bbox 2480 2388 2798 2458; x_wconf 74' lang='grc' dir='ltr'>ἐπικουρίας</span> <span class='ocrx_word' id='word_1_522' title='bbox 2830 2388 2929 2442; x_wconf 77' lang='grc' dir='ltr'>οὐκ</span> <span class='ocrx_word' id='word_1_523' title='bbox 2954 2388 3300 2459; x_wconf 78' lang='grc' dir='ltr'>ἀνεχόμενον,</span> <span class='ocrx_word' id='word_1_524' title='bbox 3329 2384 3652 2459; x_wconf 72' lang='grc' dir='ltr'><strong>ἀποχωροῦν</strong></span> 
     </span>
    </p>
   </div>
   <div class='ocr_carea' id='block_1_71' title="bbox 2070 2477 3651 2552">
    <p class='ocr_par' dir='ltr' id='par_1_71' title="bbox 2070 2477 3651 2552">
     <span class='ocr_line' id='line_1_71' title="bbox 2070 2477 3651 2552; baseline 0 -21"><span class='ocrx_word' id='word_1_525' title='bbox 2070 2479 2126 2532; x_wconf 76' lang='grc' dir='ltr'>δὲ</span> <span class='ocrx_word' id='word_1_526' title='bbox 2153 2479 2216 2550; x_wconf 75' lang='grc' dir='ltr'>δὴ</span> <span class='ocrx_word' id='word_1_527' title='bbox 2249 2479 2398 2550; x_wconf 73' lang='grc' dir='ltr'>μόλις</span> <span class='ocrx_word' id='word_1_528' title='bbox 2424 2479 2612 2552; x_wconf 82' lang='grc' dir='ltr'>ὥσπερ</span> <span class='ocrx_word' id='word_1_529' title='bbox 2636 2479 3089 2550; x_wconf 81' lang='grc' dir='ltr'>ἀντεγειρομένης</span> <span class='ocrx_word' id='word_1_530' title='bbox 3119 2477 3265 2550; x_wconf 76' lang='grc' dir='ltr'><strong>αὖτῷ</strong></span> <span class='ocrx_word' id='word_1_531' title='bbox 3285 2479 3382 2549; x_wconf 70' lang='grc' dir='ltr'><strong>τῆς</strong></span> <span class='ocrx_word' id='word_1_532' title='bbox 3412 2479 3651 2547; x_wconf 83' lang='grc' dir='ltr'>φύσεως,</span> 
     </span>
    </p>
   </div>
   <div class='ocr_carea' id='block_1_72' title="bbox 2071 2561 3652 2642">
    <p class='ocr_par' dir='ltr' id='par_1_72' title="bbox 2071 2561 3652 2642">
     <span class='ocr_line' id='line_1_72' title="bbox 2071 2561 3652 2642; baseline 0 -19"><span class='ocrx_word' id='word_1_533' title='bbox 2071 2572 2164 2624; x_wconf 73' lang='grc' dir='ltr'><strong>καὶ</strong></span> <span class='ocrx_word' id='word_1_534' title='bbox 2189 2572 2250 2625; x_wconf 81' lang='grc' dir='ltr'><strong>τὸ</strong></span> <span class='ocrx_word' id='word_1_535' title='bbox 2280 2561 2471 2641; x_wconf 71' lang='grc' dir='ltr'>βλάϐος</span> <span class='ocrx_word' id='word_1_536' title='bbox 2497 2571 2943 2642; x_wconf 83' lang='grc' dir='ltr'>ἀποκρουομένης</span> <span class='ocrx_word' id='word_1_537' title='bbox 2973 2570 3347 2641; x_wconf 72' lang='grc' dir='ltr'>ἐπαμύνοντος</span> <span class='ocrx_word' id='word_1_538' title='bbox 3368 2571 3460 2624; x_wconf 92' lang='grc' dir='ltr'><strong>τοῦ</strong></span> <span class='ocrx_word' id='word_1_539' title='bbox 3491 2569 3652 2624; x_wconf 84' lang='grc' dir='ltr'>Θεοῦ.</span> 
     </span>
    </p>
   </div>
   <div class='ocr_carea' id='block_1_73' title="bbox 2071 2655 3654 2734">
    <p class='ocr_par' dir='ltr' id='par_1_73' title="bbox 2071 2655 3654 2734">
     <span class='ocr_line' id='line_1_73' title="bbox 2071 2655 3654 2734; baseline 0 -20"><span class='ocrx_word' id='word_1_540' title='bbox 2071 2660 2217 2732; x_wconf 79' lang='grc' dir='ltr'><strong>Πλὴν</strong></span> <span class='ocrx_word' id='word_1_541' title='bbox 2251 2663 2279 2714; x_wconf 83' lang='grc' dir='ltr'>ὁ</span> <span class='ocrx_word' id='word_1_542' title='bbox 2309 2660 2470 2731; x_wconf 83' lang='grc' dir='ltr'>νόμος</span> <span class='ocrx_word' id='word_1_543' title='bbox 2505 2660 2579 2724; x_wconf 83' lang='grc' dir='ltr'><strong>ὡς</strong></span> <span class='ocrx_word' id='word_1_544' title='bbox 2609 2659 2916 2730; x_wconf 76' lang='grc' dir='ltr'>ἀκάθαρτον</span> <span class='ocrx_word' id='word_1_545' title='bbox 2956 2655 3044 2713; x_wconf 73' lang='grc' dir='ltr'>τὸν</span> <span class='ocrx_word' id='word_1_546' title='bbox 3083 2659 3279 2734; x_wconf 78' lang='grc' dir='ltr'>λεπρὸν</span> <span class='ocrx_word' id='word_1_547' title='bbox 3323 2660 3654 2730; x_wconf 75' lang='grc' dir='ltr'>ἀποπέμπεο</span> 
     </span>
    </p>
   </div>
   <div class='ocr_carea' id='block_1_74' title="bbox 2073 2749 3654 2822">
    <p class='ocr_par' dir='ltr' id='par_1_74' title="bbox 2073 2749 3654 2822">
     <span class='ocr_line' id='line_1_74' title="bbox 2073 2749 3654 2822; baseline -0.001 -18"><span class='ocrx_word' id='word_1_548' title='bbox 2073 2751 2195 2805; x_wconf 88' lang='grc' dir='ltr'>σθαι</span> <span class='ocrx_word' id='word_1_549' title='bbox 2215 2751 2324 2806; x_wconf 79' lang='grc' dir='ltr'>δεῖν</span> <span class='ocrx_word' id='word_1_550' title='bbox 2348 2750 2450 2822; x_wconf 70' lang='grc' dir='ltr'><strong>ἔφη</strong></span> <span class='ocrx_word' id='word_1_551' title='bbox 2478 2753 2574 2821; x_wconf 80' lang='grc' dir='ltr'><strong>τῆς</strong></span> <span class='ocrx_word' id='word_1_552' title='bbox 2597 2749 2967 2821; x_wconf 75' lang='grc' dir='ltr'>παρεμϐολῆς.</span> <span class='ocrx_word' id='word_1_553' title='bbox 2996 2749 3222 2821; x_wconf 75' lang='grc' dir='ltr'>Εἴρηται</span> <span class='ocrx_word' id='word_1_554' title='bbox 3249 2751 3356 2821; x_wconf 75' lang='grc' dir='ltr'><strong>γάρ</strong></span> <span class='ocrx_word' id='word_1_555' title='bbox 3383 2768 3481 2804; x_wconf 87' lang='grc' dir='ltr'>που</span> <span class='ocrx_word' id='word_1_556' title='bbox 3512 2751 3654 2821; x_wconf 68' lang='grc' dir='ltr'>πρὸς</span> 
     </span>
    </p>
   </div>
   <div class='ocr_carea' id='block_1_75' title="bbox 2069 2841 3652 2914">
    <p class='ocr_par' dir='ltr' id='par_1_75' title="bbox 2069 2841 3652 2914">
     <span class='ocr_line' id='line_1_75' title="bbox 2069 2841 3652 2914; baseline 0.001 -20"><span class='ocrx_word' id='word_1_557' title='bbox 2069 2842 2161 2895; x_wconf 67' lang='grc' dir='ltr'>τὸν</span> <span class='ocrx_word' id='word_1_558' title='bbox 2195 2843 2516 2913; x_wconf 76' lang='grc' dir='ltr'>ἱεροφάντην</span> <span class='ocrx_word' id='word_1_559' title='bbox 2545 2843 2750 2895; x_wconf 82' lang='grc' dir='ltr'>Μωσέα</span> <span class='ocrx_word' id='word_1_560' title='bbox 2777 2842 2926 2914; x_wconf 83' lang='grc' dir='ltr'><strong>παρᾶ</strong></span> <span class='ocrx_word' id='word_1_561' title='bbox 2957 2841 3048 2894; x_wconf 91' lang='grc' dir='ltr'><strong>τοῦ</strong></span> <span class='ocrx_word' id='word_1_562' title='bbox 3079 2841 3211 2895; x_wconf 86' lang='grc' dir='ltr'>Θεοῦ</span> <span class='ocrx_word' id='word_1_563' title='bbox 3249 2843 3652 2914; x_wconf 77' lang='grc' dir='ltr'>προστάξαντος</span> 
     </span>
    </p>
   </div>
   <div class='ocr_carea' id='block_1_76' title="bbox 2069 2933 3651 3006">
    <p class='ocr_par' dir='ltr' id='par_1_76' title="bbox 2069 2933 3651 3006">
     <span class='ocr_line' id='line_1_76' title="bbox 2069 2933 3651 3006; baseline 0.003 -19"><span class='ocrx_word' id='word_1_564' title='bbox 2069 2937 2180 2998; x_wconf 81' lang='grc' dir='ltr'>τοῖς</span> <span class='ocrx_word' id='word_1_565' title='bbox 2226 2936 2361 2998; x_wconf 82' lang='grc' dir='ltr'>υἱοῖς</span> <span class='ocrx_word' id='word_1_566' title='bbox 2404 2933 2640 3004; x_wconf 76' lang='grc' dir='ltr'>Ἰσραήλ·</span> <span class='ocrx_word' id='word_1_567' title='bbox 2701 2953 2717 2985; x_wconf 88' lang='grc' dir='ltr'><strong>ι</strong></span> <span class='ocrx_word' id='word_1_568' title='bbox 2770 2935 2879 2988; x_wconf 77' lang='grc' dir='ltr'>Καὶ</span> <span class='ocrx_word' id='word_1_569' title='bbox 2920 2935 3395 2990; x_wconf 77' lang='grc' dir='ltr'>ἀποστειλάτωσαν</span> <span class='ocrx_word' id='word_1_570' title='bbox 3439 2938 3502 2990; x_wconf 76' lang='grc' dir='ltr'>ἐκ</span> <span class='ocrx_word' id='word_1_571' title='bbox 3548 2937 3651 3006; x_wconf 77' lang='grc' dir='ltr'><strong>τῆς</strong></span> 
     </span>
    </p>
   </div>
   <div class='ocr_carea' id='block_1_77' title="bbox 2071 3025 3651 3101">
    <p class='ocr_par' dir='ltr' id='par_1_77' title="bbox 2071 3025 3651 3101">
     <span class='ocr_line' id='line_1_77' title="bbox 2071 3025 3651 3101; baseline 0.001 -22"><span class='ocrx_word' id='word_1_572' title='bbox 2071 3025 2425 3098; x_wconf 79' lang='grc' dir='ltr'>παρεμόολῆς</span> <span class='ocrx_word' id='word_1_573' title='bbox 2476 3026 2652 3080; x_wconf 79' lang='grc' dir='ltr'>πάντα</span> <span class='ocrx_word' id='word_1_574' title='bbox 2702 3025 2921 3096; x_wconf 78' lang='grc' dir='ltr'>λεπρὸν,</span> <span class='ocrx_word' id='word_1_575' title='bbox 2969 3027 3146 3081; x_wconf 82' lang='grc' dir='ltr'>πάντα</span> <span class='ocrx_word' id='word_1_576' title='bbox 3187 3029 3492 3101; x_wconf 78' lang='grc' dir='ltr'>γονορρυῆ,</span> <span class='ocrx_word' id='word_1_577' title='bbox 3552 3029 3651 3082; x_wconf 71' lang='grc' dir='ltr'><strong>καὶ</strong></span> 
     </span>
    </p>
   </div>
   <div class='ocr_carea' id='block_1_78' title="bbox 2070 3115 3652 3188">
    <p class='ocr_par' dir='ltr' id='par_1_78' title="bbox 2070 3115 3652 3188">
     <span class='ocr_line' id='line_1_78' title="bbox 2070 3115 3652 3188; baseline 0.001 -20"><span class='ocrx_word' id='word_1_578' title='bbox 2070 3116 2246 3169; x_wconf 81' lang='grc' dir='ltr'>πάντα</span> <span class='ocrx_word' id='word_1_579' title='bbox 2289 3115 2593 3186; x_wconf 79' lang='grc' dir='ltr'>ἀκάθαρτον</span> <span class='ocrx_word' id='word_1_580' title='bbox 2626 3117 2689 3187; x_wconf 82' lang='grc' dir='ltr'>τῇ</span> <span class='ocrx_word' id='word_1_581' title='bbox 2727 3115 2895 3186; x_wconf 73' lang='grc' dir='ltr'>ψυχῇ.</span> <span class='ocrx_word' id='word_1_582' title='bbox 2934 3136 2951 3168; x_wconf 77' lang='grc' dir='ltr'><strong>ι</strong></span> <span class='ocrx_word' id='word_1_583' title='bbox 2992 3119 3102 3171; x_wconf 67' lang='grc' dir='ltr'><strong>Καὶ</strong></span> <span class='ocrx_word' id='word_1_584' title='bbox 3140 3118 3199 3172; x_wconf 84' lang='grc' dir='ltr'>ού</span> <span class='ocrx_word' id='word_1_585' title='bbox 3239 3119 3302 3188; x_wconf 83' lang='grc' dir='ltr'>δή</span> <span class='ocrx_word' id='word_1_586' title='bbox 3332 3118 3432 3171; x_wconf 82' lang='grc' dir='ltr'><strong>πού</strong></span> <span class='ocrx_word' id='word_1_587' title='bbox 3471 3135 3652 3188; x_wconf 83' lang='grc' dir='ltr'>φαμεν</span> 
     </span>
    </p>
   </div>
   <div class='ocr_carea' id='block_1_79' title="bbox 2068 3205 3648 3279">
    <p class='ocr_par' dir='ltr' id='par_1_79' title="bbox 2068 3205 3648 3279">
     <span class='ocr_line' id='line_1_79' title="bbox 2068 3205 3648 3279; baseline 0.001 -19"><span class='ocrx_word' id='word_1_588' title='bbox 2068 3207 2150 3260; x_wconf 85' lang='grc' dir='ltr'>ὅτι</span> <span class='ocrx_word' id='word_1_589' title='bbox 2175 3208 2296 3270; x_wconf 89' lang='grc' dir='ltr'>ταῖς</span> <span class='ocrx_word' id='word_1_590' title='bbox 2332 3205 2440 3258; x_wconf 87' lang='grc' dir='ltr'><strong>τῶν</strong></span> <span class='ocrx_word' id='word_1_591' title='bbox 2473 3206 2740 3275; x_wconf 78' lang='grc' dir='ltr'>σωμάτων</span> <span class='ocrx_word' id='word_1_592' title='bbox 2775 3205 3109 3277; x_wconf 71' lang='grc' dir='ltr'>ἀρρωστίαις</span> <span class='ocrx_word' id='word_1_593' title='bbox 3139 3208 3167 3260; x_wconf 88' lang='grc' dir='ltr'><strong>ὁ</strong></span> <span class='ocrx_word' id='word_1_594' title='bbox 3199 3208 3360 3278; x_wconf 75' lang='grc' dir='ltr'>νόμος</span> <span class='ocrx_word' id='word_1_595' title='bbox 3396 3209 3648 3279; x_wconf 77' lang='grc' dir='ltr'>ἐπιτιμᾷ.</span> 
     </span>
    </p>
   </div>
   <div class='ocr_carea' id='block_1_80' title="bbox 2069 3296 3644 3371">
    <p class='ocr_par' dir='ltr' id='par_1_80' title="bbox 2069 3296 3644 3371">
     <span class='ocr_line' id='line_1_80' title="bbox 2069 3296 3644 3371; baseline 0.002 -19"><span class='ocrx_word' id='word_1_596' title='bbox 2069 3298 2280 3370; x_wconf 79' lang='grc' dir='ltr'>Κομιδῇ</span> <span class='ocrx_word' id='word_1_597' title='bbox 2310 3297 2416 3368; x_wconf 74' lang='grc' dir='ltr'>γὰρ</span> <span class='ocrx_word' id='word_1_598' title='bbox 2451 3296 2644 3368; x_wconf 73' lang='grc' dir='ltr'>εὔηθες</span> <span class='ocrx_word' id='word_1_599' title='bbox 2681 3298 2807 3362; x_wconf 80' lang='grc' dir='ltr'>τοῦς</span> <span class='ocrx_word' id='word_1_600' title='bbox 2839 3297 3149 3369; x_wconf 73' lang='grc' dir='ltr'>ἀϐουλήτως</span> <span class='ocrx_word' id='word_1_601' title='bbox 3193 3301 3644 3371; x_wconf 71' lang='grc' dir='ltr'>ὴῤῥωστηκὸτας,</span> 
     </span>
    </p>
   </div>
   <div class='ocr_carea' id='block_1_81' title="bbox 2070 3388 3648 3460">
    <p class='ocr_par' dir='ltr' id='par_1_81' title="bbox 2070 3388 3648 3460">
     <span class='ocr_line' id='line_1_81' title="bbox 2070 3388 3648 3460; baseline 0.003 -17"><span class='ocrx_word' id='word_1_602' title='bbox 2070 3389 2246 3443; x_wconf 87' lang='grc' dir='ltr'>καίτοι</span> <span class='ocrx_word' id='word_1_603' title='bbox 2271 3389 2470 3460; x_wconf 77' lang='grc' dir='ltr'>μᾶλλον</span> <span class='ocrx_word' id='word_1_604' title='bbox 2493 3388 2758 3443; x_wconf 79' lang='grc' dir='ltr'>ἐλεεῖσθαι</span> <span class='ocrx_word' id='word_1_605' title='bbox 2782 3389 2920 3452; x_wconf 80' lang='grc' dir='ltr'>δέον,</span> <span class='ocrx_word' id='word_1_606' title='bbox 2957 3389 3372 3460; x_wconf 86' lang='grc' dir='ltr'>προστεθεῖσθαι</span> <span class='ocrx_word' id='word_1_607' title='bbox 3393 3391 3449 3445; x_wconf 83' lang='grc' dir='ltr'><strong>δὲ</strong></span> <span class='ocrx_word' id='word_1_608' title='bbox 3472 3392 3648 3457; x_wconf 84' lang='grc' dir='ltr'>δίκας.</span> 
     </span>
    </p>
   </div>
   <div class='ocr_carea' id='block_1_82' title="bbox 2081 3477 3652 3553">
    <p class='ocr_par' dir='ltr' id='par_1_82' title="bbox 2081 3477 3652 3553">
     <span class='ocr_line' id='line_1_82' title="bbox 2081 3477 3652 3553; baseline 0.001 -18"><span class='ocrx_word' id='word_1_609' title='bbox 2081 3480 2220 3535; x_wconf 80' lang='grc' dir='ltr'><strong>Ἀλλ’</strong></span> <span class='ocrx_word' id='word_1_610' title='bbox 2257 3477 2324 3552; x_wconf 80' lang='grc' dir='ltr'><strong>ἦν</strong></span> <span class='ocrx_word' id='word_1_611' title='bbox 2357 3483 2415 3534; x_wconf 85' lang='grc' dir='ltr'>ὲν</span> <span class='ocrx_word' id='word_1_612' title='bbox 2458 3480 2650 3546; x_wconf 77' lang='grc' dir='ltr'>τύποις</span> <span class='ocrx_word' id='word_1_613' title='bbox 2695 3481 2762 3536; x_wconf 89' lang='grc' dir='ltr'><strong>τά</strong></span> <span class='ocrx_word' id='word_1_614' title='bbox 2808 3481 2898 3535; x_wconf 80' lang='grc' dir='ltr'><strong>διὰ</strong></span> <span class='ocrx_word' id='word_1_615' title='bbox 2944 3482 3037 3534; x_wconf 91' lang='grc' dir='ltr'>τοῦ</span> <span class='ocrx_word' id='word_1_616' title='bbox 3089 3483 3364 3553; x_wconf 84' lang='grc' dir='ltr'>πανσόφου</span> <span class='ocrx_word' id='word_1_617' title='bbox 3405 3485 3652 3547; x_wconf 76' lang='grc' dir='ltr'>Μωσέως</span> 
     </span>
    </p>
   </div>
   <div class='ocr_carea' id='block_1_83' title="bbox 2069 3571 3652 3648">
    <p class='ocr_par' dir='ltr' id='par_1_83' title="bbox 2069 3571 3652 3648">
     <span class='ocr_line' id='line_1_83' title="bbox 2069 3571 3652 3648; baseline 0.004 -24"><span class='ocrx_word' id='word_1_618' title='bbox 2069 3571 2324 3626; x_wconf 72' lang='grc' dir='ltr'>ὠδίνοντα</span> <span class='ocrx_word' id='word_1_619' title='bbox 2357 3572 2456 3644; x_wconf 74' lang='grc' dir='ltr'><strong>τὴν</strong></span> <span class='ocrx_word' id='word_1_620' title='bbox 2497 3573 2775 3644; x_wconf 83' lang='grc' dir='ltr'>ἀλήθειαν.</span> <span class='ocrx_word' id='word_1_621' title='bbox 2809 3575 3004 3644; x_wconf 85' lang='grc' dir='ltr'>Λέπρα</span> <span class='ocrx_word' id='word_1_622' title='bbox 3047 3575 3145 3645; x_wconf 82' lang='grc' dir='ltr'>μὲν</span> <span class='ocrx_word' id='word_1_623' title='bbox 3186 3575 3294 3647; x_wconf 74' lang='grc' dir='ltr'><strong>γὰρ</strong></span> <span class='ocrx_word' id='word_1_624' title='bbox 3331 3578 3516 3646; x_wconf 88' lang='grc' dir='ltr'>νεκροῖ</span> <span class='ocrx_word' id='word_1_625' title='bbox 3551 3577 3652 3648; x_wconf 74' lang='grc' dir='ltr'><strong>τὴν</strong></span> 
     </span>
    </p>
   </div>
   <div class='ocr_carea' id='block_1_84' title="bbox 2072 3659 3653 3735">
    <p class='ocr_par' dir='ltr' id='par_1_84' title="bbox 2072 3659 3653 3735">
     <span class='ocr_line' id='line_1_84' title="bbox 2072 3659 3653 3735; baseline 0.003 -20"><span class='ocrx_word' id='word_1_626' title='bbox 2072 3664 2270 3734; x_wconf 85' lang='grc' dir='ltr'>σάρκα,</span> <span class='ocrx_word' id='word_1_627' title='bbox 2309 3663 2556 3734; x_wconf 86' lang='grc' dir='ltr'>ἁμαρτία</span> <span class='ocrx_word' id='word_1_628' title='bbox 2580 3663 2636 3716; x_wconf 82' lang='grc' dir='ltr'>δὲ</span> <span class='ocrx_word' id='word_1_629' title='bbox 2671 3659 2740 3716; x_wconf 81' lang='grc' dir='ltr'>αὖ</span> <span class='ocrx_word' id='word_1_630' title='bbox 2766 3663 2966 3734; x_wconf 81' lang='grc' dir='ltr'>ψυχαῖς</span> <span class='ocrx_word' id='word_1_631' title='bbox 3013 3663 3413 3735; x_wconf 73' lang='grc' dir='ltr'>συμϐαίνουσα,</span> <span class='ocrx_word' id='word_1_632' title='bbox 3442 3665 3539 3718; x_wconf 78' lang='grc' dir='ltr'>καὶ</span> <span class='ocrx_word' id='word_1_633' title='bbox 3569 3667 3653 3731; x_wconf 77' lang='grc' dir='ltr'><strong>είς</strong></span> 
     </span>
    </p>
   </div>
   <div class='ocr_carea' id='block_1_85' title="bbox 2069 3753 3647 3829">
    <p class='ocr_par' dir='ltr' id='par_1_85' title="bbox 2069 3753 3647 3829">
     <span class='ocr_line' id='line_1_85' title="bbox 2069 3753 3647 3829; baseline 0.001 -21"><span class='ocrx_word' id='word_1_634' title='bbox 2069 3753 2194 3808; x_wconf 90' lang='grc' dir='ltr'>νοῦν</span> <span class='ocrx_word' id='word_1_635' title='bbox 2235 3755 2390 3826; x_wconf 74' lang='grc' dir='ltr'>εἴπερ</span> <span class='ocrx_word' id='word_1_636' title='bbox 2438 3753 2506 3808; x_wconf 73' lang='grc' dir='ltr'><strong>τοι</strong></span> <span class='ocrx_word' id='word_1_637' title='bbox 2551 3754 2639 3808; x_wconf 83' lang='grc' dir='ltr'><strong>τὸν</strong></span> <span class='ocrx_word' id='word_1_638' title='bbox 2683 3754 3024 3827; x_wconf 84' lang='grc' dir='ltr'>ἀνθρώπινον</span> <span class='ocrx_word' id='word_1_639' title='bbox 3066 3756 3155 3810; x_wconf 71' lang='grc' dir='ltr'><strong>διὰ</strong></span> <span class='ocrx_word' id='word_1_640' title='bbox 3191 3756 3400 3828; x_wconf 85' lang='grc' dir='ltr'>νεκρῶν</span> <span class='ocrx_word' id='word_1_641' title='bbox 3445 3756 3647 3829; x_wconf 75' lang='grc' dir='ltr'>ἔργων’</span> 
     </span>
    </p>
   </div>
   <div class='ocr_carea' id='block_1_86' title="bbox 2068 3842 3648 3916">
    <p class='ocr_par' dir='ltr' id='par_1_86' title="bbox 2068 3842 3648 3916">
     <span class='ocr_line' id='line_1_86' title="bbox 2068 3842 3648 3916; baseline 0.004 -21"><span class='ocrx_word' id='word_1_642' title='bbox 2068 3842 2256 3896; x_wconf 90' lang='grc' dir='ltr'>τοῦτον</span> <span class='ocrx_word' id='word_1_643' title='bbox 2285 3843 2499 3916; x_wconf 71' lang='grc' dir='ltr'>ἀχρεῖον</span> <span class='ocrx_word' id='word_1_644' title='bbox 2527 3860 2586 3896; x_wconf 93' lang='grc' dir='ltr'><strong>τε</strong></span> <span class='ocrx_word' id='word_1_645' title='bbox 2618 3843 2781 3908; x_wconf 76' lang='grc' dir='ltr'>εὐθὺς</span> <span class='ocrx_word' id='word_1_646' title='bbox 2824 3846 2920 3899; x_wconf 77' lang='grc' dir='ltr'>καὶ</span> <span class='ocrx_word' id='word_1_647' title='bbox 2957 3845 3343 3916; x_wconf 79' lang='grc' dir='ltr'>ἀπεψυγμένον</span> <span class='ocrx_word' id='word_1_648' title='bbox 3371 3846 3648 3902; x_wconf 76' lang='grc' dir='ltr'>ἀποτελεῖ.</span> 
     </span>
    </p>
   </div>
   <div class='ocr_carea' id='block_1_87' title="bbox 2073 3931 3652 4010">
    <p class='ocr_par' dir='ltr' id='par_1_87' title="bbox 2073 3931 3652 4010">
     <span class='ocr_line' id='line_1_87' title="bbox 2073 3931 3652 4010; baseline 0.003 -22"><span class='ocrx_word' id='word_1_649' title='bbox 2073 3933 2253 4004; x_wconf 86' lang='grc' dir='ltr'>Ἔργα</span> <span class='ocrx_word' id='word_1_650' title='bbox 2283 3934 2340 3988; x_wconf 79' lang='grc' dir='ltr'>δὲ</span> <span class='ocrx_word' id='word_1_651' title='bbox 2372 3931 2508 3988; x_wconf 74' lang='grc' dir='ltr'>εἷναί</span> <span class='ocrx_word' id='word_1_652' title='bbox 2539 3952 2718 4007; x_wconf 86' lang='grc' dir='ltr'>φαμεν</span> <span class='ocrx_word' id='word_1_653' title='bbox 2748 3935 2816 3989; x_wconf 83' lang='grc' dir='ltr'>τὰ</span> <span class='ocrx_word' id='word_1_654' title='bbox 2846 3937 3016 4009; x_wconf 85' lang='grc' dir='ltr'>νεκρά</span> <span class='ocrx_word' id='word_1_655' title='bbox 3046 3937 3146 4008; x_wconf 85' lang='grc' dir='ltr'>τῆς</span> <span class='ocrx_word' id='word_1_656' title='bbox 3173 3937 3376 4009; x_wconf 79' lang='grc' dir='ltr'>σαρκὸς</span> <span class='ocrx_word' id='word_1_657' title='bbox 3404 3937 3652 4010; x_wconf 81' lang='grc' dir='ltr'>δηλονότι</span> 
     </span>
    </p>
   </div>
   <div class='ocr_carea' id='block_1_88' title="bbox 2068 4022 3652 4099">
    <p class='ocr_par' dir='ltr' id='par_1_88' title="bbox 2068 4022 3652 4099">
     <span class='ocr_line' id='line_1_88' title="bbox 2068 4022 3652 4099; baseline 0.002 -23"><span class='ocrx_word' id='word_1_658' title='bbox 2068 4022 2138 4076; x_wconf 84' lang='grc' dir='ltr'>τὰ</span> <span class='ocrx_word' id='word_1_659' title='bbox 2173 4023 2390 4094; x_wconf 85' lang='grc' dir='ltr'>μυσαρά</span> <span class='ocrx_word' id='word_1_660' title='bbox 2423 4024 2516 4078; x_wconf 70' lang='grc' dir='ltr'><strong>καὶ</strong></span> <span class='ocrx_word' id='word_1_661' title='bbox 2543 4023 2746 4095; x_wconf 79' lang='grc' dir='ltr'><strong>βέϐηλα</strong></span> <span class='ocrx_word' id='word_1_662' title='bbox 2777 4025 2946 4096; x_wconf 82' lang='grc' dir='ltr'>πάθη,</span> <span class='ocrx_word' id='word_1_663' title='bbox 2984 4025 3162 4080; x_wconf 75' lang='grc' dir='ltr'>καὶτὸ</span> <span class='ocrx_word' id='word_1_664' title='bbox 3185 4029 3404 4099; x_wconf 85' lang='grc' dir='ltr'>φρονεῖν</span> <span class='ocrx_word' id='word_1_665' title='bbox 3431 4027 3652 4084; x_wconf 71' lang='grc' dir='ltr'>ἑλέσθαι</span> 
     </span>
    </p>
   </div>
   <div class='ocr_carea' id='block_1_89' title="bbox 2067 4114 3652 4190">
    <p class='ocr_par' dir='ltr' id='par_1_89' title="bbox 2067 4114 3652 4190">
     <span class='ocr_line' id='line_1_89' title="bbox 2067 4114 3652 4190; baseline 0.003 -22"><span class='ocrx_word' id='word_1_666' title='bbox 2067 4114 2138 4168; x_wconf 73' lang='grc' dir='ltr'>τὰ</span> <span class='ocrx_word' id='word_1_667' title='bbox 2170 4115 2261 4169; x_wconf 72' lang='grc' dir='ltr'><strong>ἐπὶ</strong></span> <span class='ocrx_word' id='word_1_668' title='bbox 2287 4115 2386 4186; x_wconf 82' lang='grc' dir='ltr'>τῆς</span> <span class='ocrx_word' id='word_1_669' title='bbox 2406 4115 2531 4186; x_wconf 82' lang='grc' dir='ltr'>γῆς.</span> <span class='ocrx_word' id='word_1_670' title='bbox 2554 4115 2821 4188; x_wconf 80' lang='grc' dir='ltr'>Ταύτῃτοι</span> <span class='ocrx_word' id='word_1_671' title='bbox 2845 4119 2936 4171; x_wconf 75' lang='grc' dir='ltr'>καὶ</span> <span class='ocrx_word' id='word_1_672' title='bbox 2958 4121 3014 4172; x_wconf 87' lang='grc' dir='ltr'>ὲν</span> <span class='ocrx_word' id='word_1_673' title='bbox 3038 4119 3234 4190; x_wconf 83' lang='grc' dir='ltr'>ἀρχαῖς</span> <span class='ocrx_word' id='word_1_674' title='bbox 3263 4119 3542 4189; x_wconf 75' lang='grc' dir='ltr'>ἐλέγομεν,</span> <span class='ocrx_word' id='word_1_675' title='bbox 3567 4118 3652 4172; x_wconf 84' lang='grc' dir='ltr'><strong>ὃτι</strong></span> 
     </span>
    </p>
   </div>
   <div class='ocr_carea' id='block_1_90' title="bbox 2069 4208 3652 4281">
    <p class='ocr_par' dir='ltr' id='par_1_90' title="bbox 2069 4208 3652 4281">
     <span class='ocr_line' id='line_1_90' title="bbox 2069 4208 3652 4281; baseline 0.003 -22"><span class='ocrx_word' id='word_1_676' title='bbox 2069 4209 2296 4279; x_wconf 83' lang='grc' dir='ltr'>νεκροὺς</span> <span class='ocrx_word' id='word_1_677' title='bbox 2321 4209 2466 4279; x_wconf 74' lang='grc' dir='ltr'>ἡμᾶς</span> <span class='ocrx_word' id='word_1_678' title='bbox 2495 4208 2654 4272; x_wconf 75' lang='grc' dir='ltr'>ὄντας</span> <span class='ocrx_word' id='word_1_679' title='bbox 2681 4212 2792 4272; x_wconf 87' lang='grc' dir='ltr'>τοῖς</span> <span class='ocrx_word' id='word_1_680' title='bbox 2821 4211 3286 4281; x_wconf 84' lang='grc' dir='ltr'>παραπτώμασιν,</span> <span class='ocrx_word' id='word_1_681' title='bbox 3323 4213 3351 4265; x_wconf 83' lang='grc' dir='ltr'><strong>ὁ</strong></span> <span class='ocrx_word' id='word_1_682' title='bbox 3388 4209 3522 4274; x_wconf 77' lang='grc' dir='ltr'>Θεὸς</span> <span class='ocrx_word' id='word_1_683' title='bbox 3558 4211 3652 4264; x_wconf 76' lang='grc' dir='ltr'>καὶ</span> 
     </span>
    </p>
   </div>
   <div class='ocr_carea' id='block_1_91' title="bbox 2071 4297 3650 4372">
    <p class='ocr_par' dir='ltr' id='par_1_91' title="bbox 2071 4297 3650 4372">
     <span class='ocr_line' id='line_1_91' title="bbox 2071 4297 3650 4372; baseline 0.003 -21"><span class='ocrx_word' id='word_1_684' title='bbox 2071 4298 2259 4370; x_wconf 79' lang='grc' dir='ltr'>Πατὴρ</span> <span class='ocrx_word' id='word_1_685' title='bbox 2292 4297 2720 4370; x_wconf 79' lang='grc' dir='ltr'>συνεζωοποίησε</span> <span class='ocrx_word' id='word_1_686' title='bbox 2748 4299 2827 4370; x_wconf 80' lang='grc' dir='ltr'>τῷ</span> <span class='ocrx_word' id='word_1_687' title='bbox 2853 4300 3093 4372; x_wconf 82' lang='grc' dir='ltr'>Χριστῷ.</span> <span class='ocrx_word' id='word_1_688' title='bbox 3120 4299 3326 4354; x_wconf 76' lang='grc' dir='ltr'>Οὐκοῦν</span> <span class='ocrx_word' id='word_1_689' title='bbox 3356 4300 3442 4354; x_wconf 75' lang='grc' dir='ltr'>διὰ</span> <span class='ocrx_word' id='word_1_690' title='bbox 3471 4301 3650 4371; x_wconf 74' lang='grc' dir='ltr'>πράγο</span> 
     </span>
    </p>
   </div>
   <div class='ocr_carea' id='block_1_92' title="bbox 391 4389 1968 4468">
    <p class='ocr_par' dir='ltr' id='par_1_92' title="bbox 391 4393 1968 4468">
     <span class='ocr_line' id='line_1_92' title="bbox 391 4393 1968 4468; baseline -0.001 -19"><span class='ocrx_word' id='word_1_691' title='bbox 391 4411 514 4449; x_wconf 88' lang='lat' dir='ltr'><strong>rum</strong></span> <span class='ocrx_word' id='word_1_692' title='bbox 559 4411 720 4468; x_wconf 79' lang='lat' dir='ltr'><strong>grege</strong></span> <span class='ocrx_word' id='word_1_693' title='bbox 763 4394 1070 4458; x_wconf 87' lang='lat' dir='ltr'><strong>discedere,</strong></span> <span class='ocrx_word' id='word_1_694' title='bbox 1109 4393 1378 4465; x_wconf 84' lang='lat' dir='ltr'><strong>longeque</strong></span> <span class='ocrx_word' id='word_1_695' title='bbox 1418 4410 1447 4448; x_wconf 89' lang='lat' dir='ltr'><strong>a</strong></span> <span class='ocrx_word' id='word_1_696' title='bbox 1487 4393 1834 4449; x_wconf 89' lang='lat' dir='ltr'><strong>sacerdotum</strong></span> <span class='ocrx_word' id='word_1_697' title='bbox 1867 4411 1968 4448; x_wconf 92' lang='lat' dir='ltr'><strong>nu-</strong></span> 
     </span>
    </p>
   </div>
   <div class='ocr_carea' id='block_1_93' title="bbox 2071 4389 3653 4468">
    <p class='ocr_par' dir='ltr' id='par_1_93' title="bbox 2077 4389 3653 4463">
     <span class='ocr_line' id='line_1_93' title="bbox 2077 4389 3653 4463; baseline 0.001 -20"><span class='ocrx_word' id='word_1_698' title='bbox 2077 4407 2243 4460; x_wconf 91' lang='grc' dir='ltr'>ματος</span> <span class='ocrx_word' id='word_1_699' title='bbox 2278 4389 2577 4460; x_wconf 80' lang='grc' dir='ltr'>ἐμφανοῦς,</span> <span class='ocrx_word' id='word_1_700' title='bbox 2633 4392 2712 4454; x_wconf 88' lang='grc' dir='ltr'><strong>είς</strong></span> <span class='ocrx_word' id='word_1_701' title='bbox 2741 4391 2950 4456; x_wconf 74' lang='grc' dir='ltr'>ἑννοίας</span> <span class='ocrx_word' id='word_1_702' title='bbox 2990 4393 3136 4462; x_wconf 78' lang='grc' dir='ltr'>ἡμᾶς</span> <span class='ocrx_word' id='word_1_703' title='bbox 3157 4394 3186 4445; x_wconf 81' lang='grc' dir='ltr'>ὁ</span> <span class='ocrx_word' id='word_1_704' title='bbox 3223 4392 3379 4461; x_wconf 81' lang='grc' dir='ltr'>λόγος</span> <span class='ocrx_word' id='word_1_705' title='bbox 3414 4393 3653 4463; x_wconf 81' lang='grc' dir='ltr'>ἀποτορ-</span> 
     </span>
    </p>
   </div>
   <div class='ocr_carea' id='block_1_94' title="bbox 391 4484 1974 4558">
    <p class='ocr_par' dir='ltr' id='par_1_94' title="bbox 391 4484 1974 4558">
     <span class='ocr_line' id='line_1_94' title="bbox 391 4484 1974 4558; baseline -0.001 -16"><span class='ocrx_word' id='word_1_706' title='bbox 391 4502 545 4542; x_wconf 79' lang='lat' dir='ltr'><strong>tuero</strong></span> <span class='ocrx_word' id='word_1_707' title='bbox 598 4486 808 4543; x_wconf 84' lang='lat' dir='ltr'><strong>abesse.</strong></span> <span class='ocrx_word' id='word_1_708' title='bbox 868 4486 987 4540; x_wconf 87' lang='lat' dir='ltr'><strong>Non</strong></span> <span class='ocrx_word' id='word_1_709' title='bbox 1017 4485 1162 4539; x_wconf 87' lang='lat' dir='ltr'><strong>enim</strong></span> <span class='ocrx_word' id='word_1_710' title='bbox 1209 4484 1630 4556; x_wconf 84' lang='lat' dir='ltr'><strong>eongregabitur</strong></span> <span class='ocrx_word' id='word_1_711' title='bbox 1657 4501 1781 4540; x_wconf 88' lang='lat' dir='ltr'><strong>cum</strong></span> <span class='ocrx_word' id='word_1_712' title='bbox 1808 4486 1974 4558; x_wconf 87' lang='lat' dir='ltr'><strong>justis</strong></span> 
     </span>
    </p>
   </div>
   <div class='ocr_carea' id='block_1_95' title="bbox 393 4575 1970 4649">
    <p class='ocr_par' dir='ltr' id='par_1_95' title="bbox 393 4575 1970 4649">
     <span class='ocr_line' id='line_1_95' title="bbox 393 4575 1970 4649; baseline 0.001 -18"><span class='ocrx_word' id='word_1_713' title='bbox 393 4577 684 4648; x_wconf 81' lang='lat' dir='ltr'><strong>malignus,</strong></span> <span class='ocrx_word' id='word_1_714' title='bbox 733 4593 910 4647; x_wconf 84' lang='lat' dir='ltr'><strong>neque</strong></span> <span class='ocrx_word' id='word_1_715' title='bbox 959 4575 1218 4632; x_wconf 88' lang='lat' dir='ltr'><strong>sordidus</strong></span> <span class='ocrx_word' id='word_1_716' title='bbox 1261 4591 1383 4630; x_wconf 90' lang='lat' dir='ltr'><strong>eum</strong></span> <span class='ocrx_word' id='word_1_717' title='bbox 1435 4576 1697 4643; x_wconf 88' lang='lat' dir='ltr'><strong>mundis;</strong></span> <span class='ocrx_word' id='word_1_718' title='bbox 1739 4587 1833 4633; x_wconf 89' lang='lat' dir='ltr'><strong>aut</strong></span> <span class='ocrx_word' id='word_1_719' title='bbox 1877 4579 1970 4649; x_wconf 89' lang='lat' dir='ltr'><strong>qui</strong></span> 
     </span>
    </p>
   </div>
   <div class='ocr_carea' id='block_1_96' title="bbox 394 4667 1968 4738">
    <p class='ocr_par' dir='ltr' id='par_1_96' title="bbox 394 4667 1968 4738">
     <span class='ocr_line' id='line_1_96' title="bbox 394 4667 1968 4738; baseline 0.003 -18"><span class='ocrx_word' id='word_1_720' title='bbox 394 4669 557 4722; x_wconf 82' lang='lat' dir='ltr'><strong>habet</strong></span> <span class='ocrx_word' id='word_1_721' title='bbox 597 4668 863 4722; x_wconf 85' lang='lat' dir='ltr'><strong>maculam</strong></span> <span class='ocrx_word' id='word_1_722' title='bbox 899 4667 1119 4738; x_wconf 84' lang='lat' dir='ltr'><strong>peccati</strong></span> <span class='ocrx_word' id='word_1_723' title='bbox 1156 4668 1427 4722; x_wconf 81' lang='lat' dir='ltr'><strong>tenaciter</strong></span> <span class='ocrx_word' id='word_1_724' title='bbox 1459 4669 1561 4724; x_wconf 92' lang='lat' dir='ltr'><strong>sibi</strong></span> <span class='ocrx_word' id='word_1_725' title='bbox 1589 4669 1968 4735; x_wconf 67' lang='lat' dir='ltr'><strong>inhaerentem,</strong></span> 
     </span>
    </p>
   </div>
   <div class='ocr_carea' id='block_1_97' title="bbox 391 4757 1969 4825">
    <p class='ocr_par' dir='ltr' id='par_1_97' title="bbox 391 4757 1969 4825">
     <span class='ocr_line' id='line_1_97' title="bbox 391 4757 1969 4825; baseline 0.003 -13"><span class='ocrx_word' id='word_1_726' title='bbox 391 4775 514 4813; x_wconf 79' lang='lat' dir='ltr'><strong>eum</strong></span> <span class='ocrx_word' id='word_1_727' title='bbox 567 4757 938 4812; x_wconf 85' lang='lat' dir='ltr'><strong>sanetifieatis.</strong></span> <span class='ocrx_word' id='word_1_728' title='bbox 998 4778 1014 4808; x_wconf 83' lang='grc' dir='ltr'>ι</span> <span class='ocrx_word' id='word_1_729' title='bbox 1045 4759 1175 4825; x_wconf 77' lang='lat' dir='ltr'><strong>Quae</strong></span> <span class='ocrx_word' id='word_1_730' title='bbox 1233 4760 1380 4814; x_wconf 90' lang='lat' dir='ltr'><strong>enim</strong></span> <span class='ocrx_word' id='word_1_731' title='bbox 1433 4769 1518 4815; x_wconf 89' lang='lat' dir='ltr'><strong>est</strong></span> <span class='ocrx_word' id='word_1_732' title='bbox 1571 4761 1806 4815; x_wconf 86' lang='lat' dir='ltr'><strong>societas</strong></span> <span class='ocrx_word' id='word_1_733' title='bbox 1863 4761 1969 4817; x_wconf 91' lang='lat' dir='ltr'><strong>luci</strong></span> 
     </span>
    </p>
   </div>
   <div class='ocr_carea' id='block_1_98' title="bbox 390 4851 1958 4923">
    <p class='ocr_par' dir='ltr' id='par_1_98' title="bbox 390 4851 1958 4923">
     <span class='ocr_line' id='line_1_98' title="bbox 390 4851 1958 4923; baseline 0 -17"><span class='ocrx_word' id='word_1_734' title='bbox 390 4869 514 4908; x_wconf 85' lang='lat' dir='ltr'><strong>eum</strong></span> <span class='ocrx_word' id='word_1_735' title='bbox 537 4851 820 4906; x_wconf 88' lang='lat' dir='ltr'><strong>tenebris?</strong></span> <span class='ocrx_word' id='word_1_736' title='bbox 844 4861 938 4906; x_wconf 87' lang='lat' dir='ltr'><strong>aut</strong></span> <span class='ocrx_word' id='word_1_737' title='bbox 962 4868 1083 4922; x_wconf 67' lang='lat' dir='ltr'><strong>qua:</strong></span> <span class='ocrx_word' id='word_1_738' title='bbox 1101 4868 1229 4923; x_wconf 85' lang='lat' dir='ltr'><strong>pars</strong></span> <span class='ocrx_word' id='word_1_739' title='bbox 1260 4852 1403 4908; x_wconf 84' lang='lat' dir='ltr'><strong>fideli</strong></span> <span class='ocrx_word' id='word_1_740' title='bbox 1435 4869 1560 4909; x_wconf 87' lang='lat' dir='ltr'><strong>eum</strong></span> <span class='ocrx_word' id='word_1_741' title='bbox 1586 4853 1792 4908; x_wconf 74' lang='lat' dir='ltr'><strong>infideli</strong></span> <span class='ocrx_word' id='word_1_742' title='bbox 1817 4853 1859 4885; x_wconf 78' lang='lat'>“</span> <span class='ocrx_word' id='word_1_743' title='bbox 1888 4855 1910 4907; x_wconf 89' lang='lat'><strong>?</strong></span> <span class='ocrx_word' id='word_1_744' title='bbox 1941 4874 1958 4906; x_wconf 75' lang='grc' dir='ltr'>ι</span> 
     </span>
    </p>
   </div>
   <div class='ocr_carea' id='block_1_99' title="bbox 389 4942 1966 5014">
    <p class='ocr_par' dir='ltr' id='par_1_99' title="bbox 389 4942 1966 5014">
     <span class='ocr_line' id='line_1_99' title="bbox 389 4942 1966 5014; baseline 0.002 -16"><span class='ocrx_word' id='word_1_745' title='bbox 389 4943 542 5012; x_wconf 75' lang='lat' dir='ltr'><strong>Quod</strong></span> <span class='ocrx_word' id='word_1_746' title='bbox 583 4951 766 4998; x_wconf 88' lang='lat' dir='ltr'><strong>autem</strong></span> <span class='ocrx_word' id='word_1_747' title='bbox 809 4943 873 4998; x_wconf 89' lang='lat' dir='ltr'><strong>iis</strong></span> <span class='ocrx_word' id='word_1_748' title='bbox 902 4942 996 5014; x_wconf 90' lang='lat' dir='ltr'><strong>qui</strong></span> <span class='ocrx_word' id='word_1_749' title='bbox 1033 4943 1118 5013; x_wconf 90' lang='lat' dir='ltr'><strong>pie</strong></span> <span class='ocrx_word' id='word_1_750' title='bbox 1146 4943 1330 4997; x_wconf 81' lang='lat' dir='ltr'><strong>vivere</strong></span> <span class='ocrx_word' id='word_1_751' title='bbox 1362 4943 1550 4997; x_wconf 73' lang='lat' dir='ltr'><strong>volunt</strong></span> <span class='ocrx_word' id='word_1_752' title='bbox 1592 4945 1966 5002; x_wconf 86' lang='lat' dir='ltr'><strong>necessarium</strong></span> 
     </span>
    </p>
   </div>
   <div class='ocr_carea' id='block_1_100' title="bbox 387 5032 1961 5104">
    <p class='ocr_par' dir='ltr' id='par_1_100' title="bbox 387 5032 1961 5104">
     <span class='ocr_line' id='line_1_100' title="bbox 387 5032 1961 5104; baseline -0.002 -14"><span class='ocrx_word' id='word_1_753' title='bbox 387 5037 459 5090; x_wconf 77' lang='lat' dir='ltr'><strong>sit</strong></span> <span class='ocrx_word' id='word_1_754' title='bbox 497 5035 562 5089; x_wconf 85' lang='lat' dir='ltr'><strong>ad</strong></span> <span class='ocrx_word' id='word_1_755' title='bbox 595 5034 919 5104; x_wconf 87' lang='lat' dir='ltr'><strong>profectum,</strong></span> <span class='ocrx_word' id='word_1_756' title='bbox 947 5041 1008 5087; x_wconf 92' lang='lat' dir='ltr'><strong>ut</strong></span> <span class='ocrx_word' id='word_1_757' title='bbox 1040 5049 1254 5089; x_wconf 87' lang='lat' dir='ltr'><strong>summo</strong></span> <span class='ocrx_word' id='word_1_758' title='bbox 1285 5032 1466 5088; x_wconf 84' lang='lat' dir='ltr'><strong>studio</strong></span> <span class='ocrx_word' id='word_1_759' title='bbox 1497 5033 1668 5088; x_wconf 88' lang='lat' dir='ltr'><strong>malos</strong></span> <span class='ocrx_word' id='word_1_760' title='bbox 1699 5034 1961 5099; x_wconf 79' lang='lat' dir='ltr'><strong>devitent,</strong></span> 
     </span>
    </p>
   </div>
   <div class='ocr_carea' id='block_1_101' title="bbox 389 5124 1977 5196">
    <p class='ocr_par' dir='ltr' id='par_1_101' title="bbox 389 5124 1977 5196">
     <span class='ocr_line' id='line_1_101' title="bbox 389 5124 1977 5196; baseline 0.001 -16"><span class='ocrx_word' id='word_1_761' title='bbox 389 5141 580 5181; x_wconf 89' lang='lat' dir='ltr'><strong>rursus</strong></span> <span class='ocrx_word' id='word_1_762' title='bbox 631 5125 790 5180; x_wconf 86' lang='lat' dir='ltr'><strong>nobis</strong></span> <span class='ocrx_word' id='word_1_763' title='bbox 839 5125 1122 5196; x_wconf 88' lang='lat' dir='ltr'><strong>Scriptura</strong></span> <span class='ocrx_word' id='word_1_764' title='bbox 1151 5125 1415 5180; x_wconf 84' lang='lat' dir='ltr'><strong>divinitus</strong></span> <span class='ocrx_word' id='word_1_765' title='bbox 1449 5124 1710 5194; x_wconf 88' lang='lat' dir='ltr'><strong>inspirata</strong></span> <span class='ocrx_word' id='word_1_766' title='bbox 1739 5142 1977 5196; x_wconf 87' lang='lat' dir='ltr'><strong>persua--</strong></span> 
     </span>
    </p>
   </div>
   <div class='ocr_carea' id='block_1_102' title="bbox 389 5215 1966 5284">
    <p class='ocr_par' dir='ltr' id='par_1_102' title="bbox 389 5215 1966 5284">
     <span class='ocr_line' id='line_1_102' title="bbox 389 5215 1966 5284; baseline 0.001 -14"><span class='ocrx_word' id='word_1_767' title='bbox 389 5216 559 5272; x_wconf 85' lang='lat' dir='ltr'><strong>debit.</strong></span> <span class='ocrx_word' id='word_1_768' title='bbox 597 5215 686 5271; x_wconf 83' lang='lat' dir='ltr'><strong>Ait</strong></span> <span class='ocrx_word' id='word_1_769' title='bbox 713 5217 861 5271; x_wconf 89' lang='lat' dir='ltr'><strong>enim</strong></span> <span class='ocrx_word' id='word_1_770' title='bbox 887 5217 1017 5270; x_wconf 90' lang='lat' dir='ltr'><strong>alibi</strong></span> <span class='ocrx_word' id='word_1_771' title='bbox 1046 5217 1207 5281; x_wconf 87' lang='lat' dir='ltr'><strong>Deus,</strong></span> <span class='ocrx_word' id='word_1_772' title='bbox 1239 5215 1305 5268; x_wconf 89' lang='lat' dir='ltr'><strong>ad</strong></span> <span class='ocrx_word' id='word_1_773' title='bbox 1330 5229 1425 5270; x_wconf 91' lang='lat' dir='ltr'><strong>eos</strong></span> <span class='ocrx_word' id='word_1_774' title='bbox 1453 5229 1591 5284; x_wconf 91' lang='lat' dir='ltr'><strong>quos</strong></span> <span class='ocrx_word' id='word_1_775' title='bbox 1621 5216 1818 5271; x_wconf 89' lang='lat' dir='ltr'><strong>charos</strong></span> <span class='ocrx_word' id='word_1_776' title='bbox 1868 5218 1966 5272; x_wconf 76' lang='lat' dir='ltr'><strong>lia-</strong></span> 
     </span>
    </p>
   </div>
   <div class='ocr_carea' id='block_1_103' title="bbox 390 5305 1972 5378">
    <p class='ocr_par' dir='ltr' id='par_1_103' title="bbox 390 5305 1972 5378">
     <span class='ocr_line' id='line_1_103' title="bbox 390 5305 1972 5378; baseline 0 -15"><span class='ocrx_word' id='word_1_777' title='bbox 390 5311 522 5365; x_wconf 89' lang='lat' dir='ltr'><strong>bet:</strong></span> <span class='ocrx_word' id='word_1_778' title='bbox 572 5328 589 5360; x_wconf 85' lang='grc' dir='ltr'><strong>ι</strong></span> <span class='ocrx_word' id='word_1_779' title='bbox 617 5308 793 5372; x_wconf 81' lang='lat' dir='ltr'><strong>Exite,</strong></span> <span class='ocrx_word' id='word_1_780' title='bbox 827 5308 972 5365; x_wconf 77' lang='lat' dir='ltr'><strong>exite</strong></span> <span class='ocrx_word' id='word_1_781' title='bbox 1000 5307 1068 5361; x_wconf 90' lang='lat' dir='ltr'><strong>de</strong></span> <span class='ocrx_word' id='word_1_782' title='bbox 1105 5305 1287 5360; x_wconf 88' lang='lat' dir='ltr'><strong>medio</strong></span> <span class='ocrx_word' id='word_1_783' title='bbox 1334 5306 1598 5375; x_wconf 89' lang='lat' dir='ltr'><strong>ipsorum,</strong></span> <span class='ocrx_word' id='word_1_784' title='bbox 1644 5316 1700 5360; x_wconf 91' lang='lat' dir='ltr'><strong>et</strong></span> <span class='ocrx_word' id='word_1_785' title='bbox 1751 5323 1972 5378; x_wconf 88' lang='lat' dir='ltr'><strong>separa-</strong></span> 
     </span>
    </p>
   </div>
   <div class='ocr_carea' id='block_1_104' title="bbox 392 5395 1971 5470">
    <p class='ocr_par' dir='ltr' id='par_1_104' title="bbox 392 5395 1971 5470">
     <span class='ocr_line' id='line_1_104' title="bbox 392 5395 1971 5470; baseline -0.001 -16"><span class='ocrx_word' id='word_1_786' title='bbox 392 5401 545 5465; x_wconf 90' lang='lat' dir='ltr'><strong>mini,</strong></span> <span class='ocrx_word' id='word_1_787' title='bbox 575 5398 669 5470; x_wconf 88' lang='lat' dir='ltr'><strong>qui</strong></span> <span class='ocrx_word' id='word_1_788' title='bbox 688 5399 844 5455; x_wconf 83' lang='lat' dir='ltr'><strong>fertis</strong></span> <span class='ocrx_word' id='word_1_789' title='bbox 867 5413 995 5453; x_wconf 88' lang='lat' dir='ltr'><strong>vasa</strong></span> <span class='ocrx_word' id='word_1_790' title='bbox 1016 5396 1231 5451; x_wconf 89' lang='lat' dir='ltr'><strong>Domini</strong></span> <span class='ocrx_word' id='word_1_791' title='bbox 1263 5395 1329 5449; x_wconf 71' lang='grc'><strong>⁸³.</strong></span> <span class='ocrx_word' id='word_1_792' title='bbox 1363 5415 1381 5446; x_wconf 70' lang='grc' dir='ltr'>ι</span> <span class='ocrx_word' id='word_1_793' title='bbox 1411 5395 1581 5449; x_wconf 83' lang='lat' dir='ltr'><strong>Porro</strong></span> <span class='ocrx_word' id='word_1_794' title='bbox 1606 5411 1732 5451; x_wconf 84' lang='lat' dir='ltr'><strong>vasa</strong></span> <span class='ocrx_word' id='word_1_795' title='bbox 1757 5398 1971 5452; x_wconf 86' lang='lat' dir='ltr'><strong>Domini</strong></span> 
     </span>
    </p>
   </div>
   <div class='ocr_carea' id='block_1_105' title="bbox 393 5487 1971 5562">
    <p class='ocr_par' dir='ltr' id='par_1_105' title="bbox 393 5487 1971 5562">
     <span class='ocr_line' id='line_1_105' title="bbox 393 5487 1971 5562; baseline -0.001 -17"><span class='ocrx_word' id='word_1_796' title='bbox 393 5491 619 5562; x_wconf 80' lang='lat' dir='ltr'><strong>intelligi</strong></span> <span class='ocrx_word' id='word_1_797' title='bbox 652 5499 881 5562; x_wconf 84' lang='lat' dir='ltr'><strong>possunt</strong></span> <span class='ocrx_word' id='word_1_798' title='bbox 921 5490 1025 5545; x_wconf 78' lang='lat' dir='ltr'><strong>illa:</strong></span> <span class='ocrx_word' id='word_1_799' title='bbox 1064 5487 1428 5542; x_wconf 87' lang='lat' dir='ltr'><strong>multiformes</strong></span> <span class='ocrx_word' id='word_1_800' title='bbox 1464 5488 1713 5543; x_wconf 81' lang='lat' dir='ltr'><strong>virtutes.</strong></span> <span class='ocrx_word' id='word_1_801' title='bbox 1752 5489 1888 5553; x_wconf 78' lang='lat' dir='ltr'><strong>Hinc</strong></span> <span class='ocrx_word' id='word_1_802' title='bbox 1917 5501 1971 5546; x_wconf 87' lang='lat' dir='ltr'><strong>et</strong></span> 
     </span>
    </p>
   </div>
   <div class='ocr_carea' id='block_1_106' title="bbox 2073 4481 3655 4558">
    <p class='ocr_par' dir='ltr' id='par_1_106' title="bbox 2073 4481 3655 4558">
     <span class='ocr_line' id='line_1_106' title="bbox 2073 4481 3655 4558; baseline 0.004 -24"><span class='ocrx_word' id='word_1_803' title='bbox 2073 4481 2218 4534; x_wconf 88' lang='grc' dir='ltr'>νεύει</span> <span class='ocrx_word' id='word_1_804' title='bbox 2252 4481 2471 4545; x_wconf 86' lang='grc' dir='ltr'>λεπτάς.</span> <span class='ocrx_word' id='word_1_805' title='bbox 2525 4483 2830 4554; x_wconf 82' lang='grc' dir='ltr'>Ἐκπέμπει</span> <span class='ocrx_word' id='word_1_806' title='bbox 2861 4485 2968 4556; x_wconf 82' lang='grc' dir='ltr'><strong>γὰρ</strong></span> <span class='ocrx_word' id='word_1_807' title='bbox 3004 4486 3104 4554; x_wconf 82' lang='grc' dir='ltr'><strong>τῆς</strong></span> <span class='ocrx_word' id='word_1_808' title='bbox 3143 4486 3496 4558; x_wconf 78' lang='grc' dir='ltr'>παρεμϐολῆς</span> <span class='ocrx_word' id='word_1_809' title='bbox 3525 4488 3655 4548; x_wconf 71' lang='grc' dir='ltr'>τοὺς</span> 
     </span>
    </p>
   </div>
   <div class='ocr_carea' id='block_1_107' title="bbox 2073 4573 3654 4647">
    <p class='ocr_par' dir='ltr' id='par_1_107' title="bbox 2073 4573 3654 4647">
     <span class='ocr_line' id='line_1_107' title="bbox 2073 4573 3654 4647; baseline 0.005 -22"><span class='ocrx_word' id='word_1_810' title='bbox 2073 4573 2547 4646; x_wconf 73' lang='grc' dir='ltr'>λελεπρωμένουςο</span> <span class='ocrx_word' id='word_1_811' title='bbox 2593 4577 3006 4647; x_wconf 78' lang='grc' dir='ltr'>αἰνιγματωδῶς</span> <span class='ocrx_word' id='word_1_812' title='bbox 3043 4579 3356 4647; x_wconf 79' lang='grc' dir='ltr'>ὑποφαίνων</span> <span class='ocrx_word' id='word_1_813' title='bbox 3402 4580 3483 4633; x_wconf 88' lang='grc' dir='ltr'><strong>ὃτι</strong></span> <span class='ocrx_word' id='word_1_814' title='bbox 3526 4581 3654 4644; x_wconf 82' lang='grc' dir='ltr'>τοὺς</span> 
     </span>
    </p>
   </div>
   <div class='ocr_carea' id='block_1_108' title="bbox 2072 4667 3654 4743">
    <p class='ocr_par' dir='ltr' id='par_1_108' title="bbox 2072 4667 3654 4743">
     <span class='ocr_line' id='line_1_108' title="bbox 2072 4667 3654 4743; baseline 0.001 -23"><span class='ocrx_word' id='word_1_815' title='bbox 2072 4669 2136 4738; x_wconf 78' lang='grc' dir='ltr'>τῇ</span> <span class='ocrx_word' id='word_1_816' title='bbox 2168 4667 2410 4739; x_wconf 78' lang='grc' dir='ltr'>ἁμαρτίᾳ</span> <span class='ocrx_word' id='word_1_817' title='bbox 2441 4669 2901 4741; x_wconf 81' lang='grc' dir='ltr'>νενεκρωμένους,</span> <span class='ocrx_word' id='word_1_818' title='bbox 2941 4673 3222 4743; x_wconf 78' lang='grc' dir='ltr'>μονονουχὶ</span> <span class='ocrx_word' id='word_1_819' title='bbox 3259 4671 3314 4725; x_wconf 76' lang='grc' dir='ltr'><strong>δὲ</strong></span> <span class='ocrx_word' id='word_1_820' title='bbox 3345 4673 3438 4726; x_wconf 82' lang='grc' dir='ltr'>καὶ</span> <span class='ocrx_word' id='word_1_821' title='bbox 3469 4672 3654 4724; x_wconf 73' lang='lat' dir='ltr'><strong>1:0er-</strong></span> 
     </span>
    </p>
   </div>
   <div class='ocr_carea' id='block_1_109' title="bbox 2071 4755 3654 4830">
    <p class='ocr_par' dir='ltr' id='par_1_109' title="bbox 2071 4755 3654 4830">
     <span class='ocr_line' id='line_1_109' title="bbox 2071 4755 3654 4830; baseline 0.004 -22"><span class='ocrx_word' id='word_1_822' title='bbox 2071 4755 2184 4818; x_wconf 87' lang='grc' dir='ltr'>λοις</span> <span class='ocrx_word' id='word_1_823' title='bbox 2225 4755 2421 4810; x_wconf 84' lang='grc' dir='ltr'>πάθεσι</span> <span class='ocrx_word' id='word_1_824' title='bbox 2468 4759 2891 4829; x_wconf 78' lang='grc' dir='ltr'>κατεστιγμένον</span> <span class='ocrx_word' id='word_1_825' title='bbox 2929 4761 3150 4830; x_wconf 82' lang='grc' dir='ltr'>ἔχοντας</span> <span class='ocrx_word' id='word_1_826' title='bbox 3193 4761 3338 4826; x_wconf 82' lang='grc' dir='ltr'>νοῦν,</span> <span class='ocrx_word' id='word_1_827' title='bbox 3381 4763 3474 4814; x_wconf 79' lang='grc' dir='ltr'><strong>καὶ</strong></span> <span class='ocrx_word' id='word_1_828' title='bbox 3515 4761 3654 4815; x_wconf 79' lang='grc' dir='ltr'>πολὺ</span> 
     </span>
    </p>
   </div>
   <div class='ocr_carea' id='block_1_110' title="bbox 2075 4846 3656 4920">
    <p class='ocr_par' dir='ltr' id='par_1_110' title="bbox 2075 4846 3656 4920">
     <span class='ocr_line' id='line_1_110' title="bbox 2075 4846 3656 4920; baseline 0.005 -22"><span class='ocrx_word' id='word_1_829' title='bbox 2075 4846 2364 4910; x_wconf 82' lang='grc' dir='ltr'>νοσοῦντας</span> <span class='ocrx_word' id='word_1_830' title='bbox 2390 4847 2465 4911; x_wconf 87' lang='grc' dir='ltr'><strong>ὠς</strong></span> <span class='ocrx_word' id='word_1_831' title='bbox 2487 4849 2543 4902; x_wconf 78' lang='grc' dir='ltr'>ἐν</span> <span class='ocrx_word' id='word_1_832' title='bbox 2569 4867 2631 4917; x_wconf 91' lang='grc' dir='ltr'><strong>γε</strong></span> <span class='ocrx_word' id='word_1_833' title='bbox 2653 4851 2717 4920; x_wconf 86' lang='grc' dir='ltr'>δὴ</span> <span class='ocrx_word' id='word_1_834' title='bbox 2743 4851 2926 4920; x_wconf 84' lang='grc' dir='ltr'>σφίσιν</span> <span class='ocrx_word' id='word_1_835' title='bbox 2947 4853 3132 4916; x_wconf 76' lang='grc' dir='ltr'>αὐτοῖς</span> <span class='ocrx_word' id='word_1_836' title='bbox 3152 4853 3212 4906; x_wconf 79' lang='grc' dir='ltr'><strong>τὸ</strong></span> <span class='ocrx_word' id='word_1_837' title='bbox 3235 4853 3490 4917; x_wconf 81' lang='grc' dir='ltr'>ἀκαλλὲς,</span> <span class='ocrx_word' id='word_1_838' title='bbox 3517 4857 3656 4906; x_wconf 51' lang='grc' dir='ltr'>ἀπο.</span> 
     </span>
    </p>
   </div>
   <div class='ocr_carea' id='block_1_111' title="bbox 2075 4941 3653 5012">
    <p class='ocr_par' dir='ltr' id='par_1_111' title="bbox 2075 4941 3653 5012">
     <span class='ocr_line' id='line_1_111' title="bbox 2075 4941 3653 5012; baseline 0.004 -22"><span class='ocrx_word' id='word_1_839' title='bbox 2075 4942 2270 5010; x_wconf 87' lang='grc' dir='ltr'>χωρεῖν</span> <span class='ocrx_word' id='word_1_840' title='bbox 2296 4942 2508 5012; x_wconf 81' lang='grc' dir='ltr'>ἀνάγκη</span> <span class='ocrx_word' id='word_1_841' title='bbox 2537 4941 2636 5011; x_wconf 77' lang='grc' dir='ltr'><strong>τῆς</strong></span> <span class='ocrx_word' id='word_1_842' title='bbox 2667 4942 2776 4995; x_wconf 90' lang='grc' dir='ltr'><strong>τῶν</strong></span> <span class='ocrx_word' id='word_1_843' title='bbox 2804 4944 2974 5012; x_wconf 83' lang='grc' dir='ltr'>ἁγίων</span> <span class='ocrx_word' id='word_1_844' title='bbox 3005 4943 3261 5012; x_wconf 72' lang='grc' dir='ltr'>πληθύος,</span> <span class='ocrx_word' id='word_1_845' title='bbox 3291 4946 3386 4999; x_wconf 83' lang='grc' dir='ltr'>καί</span> <span class='ocrx_word' id='word_1_846' title='bbox 3409 4946 3513 5010; x_wconf 78' lang='grc' dir='ltr'><strong>ἔξω</strong></span> <span class='ocrx_word' id='word_1_847' title='bbox 3549 4961 3653 4997; x_wconf 86' lang='grc' dir='ltr'><strong>που</strong></span> 
     </span>
    </p>
   </div>
   <div class='ocr_carea' id='block_1_112' title="bbox 2075 5030 3653 5107">
    <p class='ocr_par' dir='ltr' id='par_1_112' title="bbox 2075 5030 3653 5107">
     <span class='ocr_line' id='line_1_112' title="bbox 2075 5030 3653 5107; baseline 0.003 -24"><span class='ocrx_word' id='word_1_848' title='bbox 2075 5030 2336 5102; x_wconf 82' lang='grc' dir='ltr'>φέρεσθαι</span> <span class='ocrx_word' id='word_1_849' title='bbox 2371 5033 2478 5085; x_wconf 91' lang='grc' dir='ltr'><strong>τῶν</strong></span> <span class='ocrx_word' id='word_1_850' title='bbox 2520 5035 2678 5104; x_wconf 81' lang='grc' dir='ltr'>ἱερῶν</span> <span class='ocrx_word' id='word_1_851' title='bbox 2718 5035 3057 5104; x_wconf 83' lang='grc' dir='ltr'>καταλόγων.</span> <span class='ocrx_word' id='word_1_852' title='bbox 3112 5037 3653 5107; x_wconf 84' lang='grc' dir='ltr'>Συναγελασθήσεται</span> 
     </span>
    </p>
   </div>
   <div class='ocr_carea' id='block_1_113' title="bbox 2073 5122 3655 5203">
    <p class='ocr_par' dir='ltr' id='par_1_113' title="bbox 2073 5122 3655 5203">
     <span class='ocr_line' id='line_1_113' title="bbox 2073 5122 3655 5203; baseline 0.011 -29"><span class='ocrx_word' id='word_1_853' title='bbox 2073 5122 2181 5194; x_wconf 79' lang='grc' dir='ltr'><strong>γὰρ</strong></span> <span class='ocrx_word' id='word_1_854' title='bbox 2215 5123 2466 5194; x_wconf 75' lang='grc' dir='ltr'>οὐδαμῶς</span> <span class='ocrx_word' id='word_1_855' title='bbox 2497 5128 2608 5189; x_wconf 81' lang='grc' dir='ltr'>τοῖς</span> <span class='ocrx_word' id='word_1_856' title='bbox 2633 5126 2860 5193; x_wconf 85' lang='grc' dir='ltr'>δικαίοις</span> <span class='ocrx_word' id='word_1_857' title='bbox 2897 5132 2926 5183; x_wconf 86' lang='grc' dir='ltr'>ὁ</span> <span class='ocrx_word' id='word_1_858' title='bbox 2959 5131 3194 5203; x_wconf 79' lang='grc' dir='ltr'>πονηρὸς</span> <span class='ocrx_word' id='word_1_859' title='bbox 3214 5174 3229 5195; x_wconf 91' lang='grc'><strong>,</strong></span> <span class='ocrx_word' id='word_1_860' title='bbox 3259 5134 3371 5194; x_wconf 87' lang='grc' dir='ltr'>τοῖς</span> <span class='ocrx_word' id='word_1_861' title='bbox 3399 5128 3655 5200; x_wconf 72' lang='grc' dir='ltr'><strong>βεϐήλοις</strong></span> 
     </span>
    </p>
   </div>
   <div class='ocr_carea' id='block_1_114' title="bbox 2072 5214 3655 5293">
    <p class='ocr_par' dir='ltr' id='par_1_114' title="bbox 2072 5214 3655 5293">
     <span class='ocr_line' id='line_1_114' title="bbox 2072 5214 3655 5293; baseline 0.003 -25"><span class='ocrx_word' id='word_1_862' title='bbox 2072 5217 2104 5271; x_wconf 81' lang='grc' dir='ltr'><strong>ὁ.</strong></span> <span class='ocrx_word' id='word_1_863' title='bbox 2131 5214 2337 5284; x_wconf 80' lang='grc' dir='ltr'>ῥυπῶν,</span> <span class='ocrx_word' id='word_1_864' title='bbox 2359 5215 2482 5268; x_wconf 72' lang='grc' dir='ltr'>οὗτε</span> <span class='ocrx_word' id='word_1_865' title='bbox 2531 5217 2636 5288; x_wconf 79' lang='grc' dir='ltr'>μὴν</span> <span class='ocrx_word' id='word_1_866' title='bbox 2663 5219 2912 5273; x_wconf 81' lang='grc' dir='ltr'>συνέσται</span> <span class='ocrx_word' id='word_1_867' title='bbox 2941 5222 3054 5285; x_wconf 88' lang='grc' dir='ltr'>τοῖς</span> <span class='ocrx_word' id='word_1_868' title='bbox 3083 5222 3433 5293; x_wconf 78' lang='grc' dir='ltr'>ἡγιασμένοις</span> <span class='ocrx_word' id='word_1_869' title='bbox 3455 5223 3484 5274; x_wconf 86' lang='grc' dir='ltr'><strong>ὁ</strong></span> <span class='ocrx_word' id='word_1_870' title='bbox 3525 5222 3655 5273; x_wconf 75' lang='grc' dir='ltr'>δυσ-</span> 
     </span>
    </p>
   </div>
   <div class='ocr_carea' id='block_1_115' title="bbox 2072 5306 3655 5386">
    <p class='ocr_par' dir='ltr' id='par_1_115' title="bbox 2072 5306 3655 5386">
     <span class='ocr_line' id='line_1_115' title="bbox 2072 5306 3655 5386; baseline 0.003 -25"><span class='ocrx_word' id='word_1_871' title='bbox 2072 5307 2368 5361; x_wconf 83' lang='grc' dir='ltr'>απόνιπτον</span> <span class='ocrx_word' id='word_1_872' title='bbox 2400 5306 2536 5377; x_wconf 80' lang='grc' dir='ltr'>ἔχων</span> <span class='ocrx_word' id='word_1_873' title='bbox 2569 5308 2668 5379; x_wconf 80' lang='grc' dir='ltr'>τῆς</span> <span class='ocrx_word' id='word_1_874' title='bbox 2706 5310 2980 5384; x_wconf 84' lang='grc' dir='ltr'>ἁμαρτίας</span> <span class='ocrx_word' id='word_1_875' title='bbox 3024 5313 3114 5367; x_wconf 83' lang='grc' dir='ltr'><strong>τὸν</strong></span> <span class='ocrx_word' id='word_1_876' title='bbox 3151 5314 3446 5386; x_wconf 76' lang='grc' dir='ltr'>μολυσμύν.</span> <span class='ocrx_word' id='word_1_877' title='bbox 3485 5333 3503 5365; x_wconf 84' lang='grc' dir='ltr'><strong>ι</strong></span> <span class='ocrx_word' id='word_1_878' title='bbox 3555 5315 3655 5376; x_wconf 82' lang='grc' dir='ltr'><strong>Τίς</strong></span> 
     </span>
    </p>
   </div>
   <div class='ocr_carea' id='block_1_116' title="bbox 2070 5397 3653 5476">
    <p class='ocr_par' dir='ltr' id='par_1_116' title="bbox 2070 5397 3653 5476">
     <span class='ocr_line' id='line_1_116' title="bbox 2070 5397 3653 5476; baseline 0.004 -24"><span class='ocrx_word' id='word_1_879' title='bbox 2070 5399 2177 5470; x_wconf 76' lang='grc' dir='ltr'><strong>γὰρ</strong></span> <span class='ocrx_word' id='word_1_880' title='bbox 2205 5397 2459 5452; x_wconf 84' lang='grc' dir='ltr'>κοινωνία</span> <span class='ocrx_word' id='word_1_881' title='bbox 2478 5441 2492 5463; x_wconf 89' lang='grc'><strong>,</strong></span> <span class='ocrx_word' id='word_1_882' title='bbox 2526 5401 2659 5470; x_wconf 74' lang='grc' dir='ltr'>φησὶ</span> <span class='ocrx_word' id='word_1_883' title='bbox 2678 5441 2692 5465; x_wconf 96' lang='grc'><strong>,</strong></span> <span class='ocrx_word' id='word_1_884' title='bbox 2727 5402 2866 5471; x_wconf 78' lang='grc' dir='ltr'>φωτὶ</span> <span class='ocrx_word' id='word_1_885' title='bbox 2903 5403 3038 5474; x_wconf 82' lang='grc' dir='ltr'>πρὸς</span> <span class='ocrx_word' id='word_1_886' title='bbox 3088 5407 3298 5474; x_wconf 81' lang='grc' dir='ltr'>σκότος,</span> <span class='ocrx_word' id='word_1_887' title='bbox 3327 5407 3462 5476; x_wconf 83' lang='grc' dir='ltr'>ἦτίς</span> <span class='ocrx_word' id='word_1_888' title='bbox 3490 5409 3653 5476; x_wconf 78' lang='grc' dir='ltr'>μερὶς</span> 
     </span>
    </p>
   </div>
   <div class='ocr_carea' id='block_1_117' title="bbox 2071 5488 3653 5570">
    <p class='ocr_par' dir='ltr' id='par_1_117' title="bbox 2071 5488 3653 5570">
     <span class='ocr_line' id='line_1_117' title="bbox 2071 5488 3653 5570; baseline 0.008 -30"><span class='ocrx_word' id='word_1_889' title='bbox 2071 5488 2246 5559; x_wconf 80' lang='grc' dir='ltr'>πιστῷ</span> <span class='ocrx_word' id='word_1_890' title='bbox 2276 5491 2411 5559; x_wconf 79' lang='grc' dir='ltr'><strong>μετὰ</strong></span> <span class='ocrx_word' id='word_1_891' title='bbox 2442 5491 2708 5558; x_wconf 71' lang='grc' dir='ltr'>ἀπίστου,</span> <span class='ocrx_word' id='word_1_892' title='bbox 2752 5513 2769 5544; x_wconf 75' lang='grc' dir='ltr'>ι</span> <span class='ocrx_word' id='word_1_893' title='bbox 2805 5493 2923 5547; x_wconf 88' lang='grc' dir='ltr'>Ὅτι</span> <span class='ocrx_word' id='word_1_894' title='bbox 2962 5495 3015 5550; x_wconf 76' lang='grc' dir='ltr'>δὲ</span> <span class='ocrx_word' id='word_1_895' title='bbox 3059 5500 3169 5562; x_wconf 92' lang='grc' dir='ltr'>τοῖς</span> <span class='ocrx_word' id='word_1_896' title='bbox 3194 5497 3369 5570; x_wconf 82' lang='grc' dir='ltr'>ὀρθῶς</span> <span class='ocrx_word' id='word_1_897' title='bbox 3407 5497 3653 5552; x_wconf 73' lang='grc' dir='ltr'>ἐθέλουσι</span> 
     </span>
    </p>
   </div>
   <div class='ocr_carea' id='block_1_118' title="bbox 449 5667 2684 5744">
    <p class='ocr_par' dir='ltr' id='par_1_118' title="bbox 449 5667 2684 5744">
     <span class='ocr_line' id='line_1_118' title="bbox 449 5667 2684 5744; baseline 0.005 -22"><span class='ocrx_word' id='word_1_898' title='bbox 449 5668 506 5702; x_wconf 68' lang='grc'><strong>³⁵⁸</strong></span> <span class='ocrx_word' id='word_1_899' title='bbox 531 5667 711 5723; x_wconf 81' lang='lat' dir='ltr'><strong>Levit.</strong></span> <span class='ocrx_word' id='word_1_900' title='bbox 755 5683 860 5735; x_wconf 62' lang='lat' dir='ltr'><strong>xxv,</strong></span> <span class='ocrx_word' id='word_1_901' title='bbox 897 5671 1009 5726; x_wconf 83' lang='lat' dir='ltr'><strong>l—9.</strong></span> <span class='ocrx_word' id='word_1_902' title='bbox 1089 5671 1132 5703; x_wconf 69' lang='grc'><strong>⁸³</strong></span> <span class='ocrx_word' id='word_1_903' title='bbox 1165 5671 1326 5725; x_wconf 80' lang='lat' dir='ltr'><strong>Num.</strong></span> <span class='ocrx_word' id='word_1_904' title='bbox 1367 5685 1418 5735; x_wconf 92' lang='lat' dir='ltr'><strong>v,</strong></span> <span class='ocrx_word' id='word_1_905' title='bbox 1457 5670 1511 5738; x_wconf 75' lang='lat'><strong>2,</strong></span> <span class='ocrx_word' id='word_1_906' title='bbox 1543 5672 1594 5725; x_wconf 78' lang='lat'><strong>5.</strong></span> <span class='ocrx_word' id='word_1_907' title='bbox 1677 5672 1787 5726; x_wconf 76' lang='lat' dir='ltr'><strong>“ll</strong></span> <span class='ocrx_word' id='word_1_908' title='bbox 1815 5671 1940 5726; x_wconf 85' lang='lat' dir='ltr'><strong>Cor.</strong></span> <span class='ocrx_word' id='word_1_909' title='bbox 1977 5687 2048 5736; x_wconf 68' lang='grc' dir='ltr'>γι,</span> <span class='ocrx_word' id='word_1_910' title='bbox 2089 5672 2166 5725; x_wconf 58' lang='lat' dir='ltr'><strong>ll.</strong></span> <span class='ocrx_word' id='word_1_911' title='bbox 2249 5675 2288 5706; x_wconf 78' lang='lat'><strong>“</strong></span> <span class='ocrx_word' id='word_1_912' title='bbox 2324 5674 2423 5729; x_wconf 84' lang='lat' dir='ltr'><strong>lsa.</strong></span> <span class='ocrx_word' id='word_1_913' title='bbox 2466 5694 2552 5744; x_wconf 83' lang='grc' dir='ltr'>ιιι,</span> <span class='ocrx_word' id='word_1_914' title='bbox 2603 5679 2684 5734; x_wconf 84' lang='lat' dir='ltr'><strong>ll.</strong></span> 
     </span>
    </p>
   </div>
  </div>
