4052 6196
419 264 523 322 557

1376 264 1893 322 GLAPHYRORUM
1930 260 1997 319 IN
2038 263 2411 320 LEVITICUM
2448 264 2670 321 LIBER.

3565 268 3673 325 658

420 377 592 447 βιοῦν,
620 377 918 445 ἀναγκαῖον
938 376 1018 440 είς
1049 376 1235 447 ὄνησιν
1261 377 1321 431 τὸ
1351 379 1652 451 ἁποφοιτᾷν
1680 377 1998 447 ἐπείγεσθαι

2104 375 2528 432 divinusPaulus
2548 396 2560 431 :
2588 397 2605 428 ι
2624 377 2857 443 lnduite,
2875 378 2971 444 ait,
2990 393 3143 434 arma
3161 379 3258 434 Dei
3279 380 3534 438 universa
3549 383 3612 438 ".
3644 404 3664 436 ι

418 466 705 540 πονηρῶν
749 466 890 539 αὐτὴ
931 467 1094 526 πάλιν
1131 470 1280 539 ημᾶς
1325 472 1360 538 ὴ
1401 470 1757 535 θεόπνευστος
1807 471 1846 522 Γ
1853 471 1996 541 ραφὴ

416 561 722 615 ἀναπείσει.
756 561 901 631 Ἔφη
936 560 1046 631 γάρ
1075 576 1179 614 που
1214 561 1243 613 ό
1278 560 1411 624 Θεὸς
1439 565 1553 627 τοῖς
1577 562 1769 616 ἑαυτοῦ
1798 563 1998 633 γνωρί-

419 668 563 723 μοις’
614 671 636 705 ι
699 653 1009 721 Ἐξέλθατε,
1059 653 1305 719 ὲξέλθετε
1354 656 1418 707 ἐκ
1460 653 1625 724 μέσου
1663 654 1864 721 αὐτῶν,
1906 654 1999 708 καὶ

416 742 751 814 ἀφορίσθητε
777 783 794 809 ,
850 746 900 797 οί
951 744 1209 815 φέροντες
1250 744 1319 798 τὰ
1359 744 1526 815 σκεύη
1559 744 1655 799 τοῦ
1710 746 1934 817 Κυρίου.
1975 766 1994 799 ι

419 834 596 906 Σκεύη
643 835 702 888 δὲ
737 836 944 906 Κυρίου
983 834 1225 906 νοηθεῖεν
1257 834 1344 901 ἂν,
1376 838 1432 889 αἱ
1458 836 1756 901 πολυειδεῖς
1785 836 1998 908 ἀρεταί.

418 927 689 998 Ταύτῃτοι
740 927 836 980 καὶ
865 928 894 980 6
933 926 1220 990 θεσπέσιος
1248 926 1489 993 Παῦλος·
1556 946 1576 980 ι
1637 929 1958 984 Ἐνδύσασθε
1982 973 1997 995 ,

419 1019 604 1087 φησιν,
626 1017 725 1085 τὴν
750 1016 1054 1072 πανοπλίαν
1078 1018 1172 1071 τοῦ
1202 1017 1361 1075 Θεοῦ.
1390 1038 1410 1074 ι
1438 1019 1647 1074 οὐκοῦν
1677 1021 1752 1085 ὡς
1770 1024 1826 1075 ὲν
1846 1021 2002 1094 τύπῳ

417 1108 526 1163 τῶν
580 1108 822 1180 λεπρῶν,
865 1109 958 1164 τὸν
991 1110 1387 1182 ἠρῤωστηκότα
1436 1112 1536 1183 τὴν
1587 1114 1861 1187 ἁμαρτίαν
1908 1121 2002 1169 καὶ

423 1203 832 1275 μεμολυσμένον
855 1203 1088 1276 πληθύος
1106 1204 1208 1273 τῆς
1228 1204 1338 1258 τῶν
1361 1207 1533 1275 ἁγίων
1552 1208 1818 1262 ἀποσοϐεῖ
1839 1209 1997 1275 Θεός.

433 1296 571 1350 Ἀλλ’
606 1291 677 1367 ἦν
711 1296 775 1368 δή
814 1294 917 1350 πού
947 1314 1067 1349 τινα
1113 1297 1207 1350 καὶ
1248 1298 1454 1367 σφόδρα
1492 1299 1640 1363 εἰκὸς
1675 1300 1784 1353 τῶν
1819 1302 2004 1375 ὴρρω-

421 1384 697 1455 στηκότων
716 1382 1138 1455 ἀποκρούεσθαι,
1169 1382 1231 1436 τὸ
1256 1384 1449 1448 πάθος.
1469 1386 1865 1458 Καταλήγομεν
1896 1387 2003 1461 γάρ

419 1475 480 1541 ἐξ
507 1475 793 1547 ἁμαρτιῶν
834 1475 945 1529 ἔσθ’
973 1477 1063 1529 ὅτε
1114 1475 1465 1547 μεθιστάντες
1510 1478 1602 1532 τὸν
1652 1478 1774 1532 νοῦν
1811 1479 1903 1533 ἐπὶ
1943 1481 2003 1535 τὸ

419 1565 550 1636 δρᾷν
580 1564 797 1619 ἑλέσθαι
825 1564 919 1618 καὶ
958 1568 1175 1636 φρονεῖν
1202 1566 1271 1619 τὰ
1299 1565 1507 1637 ἀμείνω
1557 1567 1650 1621 καὶ
1688 1568 2005 1639 πρεπωδέσ-

419 1670 572 1725 τερα.
603 1654 668 1706 Τί
697 1647 792 1707 οὖν
818 1654 847 1706 6
875 1652 1066 1724 νόμος;
1102 1648 1252 1724 ’Δρα
1279 1655 1391 1717 τοῖς
1423 1652 1665 1706 ἐθέλουσι
1702 1656 2000 1725 μετανοεῖν,

2100 466 2280 533 Quare
2307 469 2453 524 Deus
2472 485 2571 539 per
2599 470 2876 540 leprosum
2904 479 3164 542 tanquam
3204 472 3261 526 in
3287 479 3416 543 typo
3436 474 3674 542 peccatis
3707 462 3726 480 κ

2100 558 2439 614 laborantem
2503 568 2560 614 et
2611 561 3041 616 contaminatum
3090 578 3120 616 a
3170 571 3479 618 sanctorum
3529 572 3673 620 emta

2101 659 2271 704 arcet.
2295 647 2564 705 Caeterum
2598 666 2696 722 par
2717 661 2857 717 erat,
2885 654 3181 709 nonnullos
3199 669 3266 708 ex
3301 654 3421 709 istis
3447 655 3543 725 qui
3572 655 3677 711 hoc

2101 739 2297 794 morbo
2329 742 2578 811 corrupti
2605 751 2785 807 erant,
2814 744 3014 800 iterum
3055 745 3280 799 liberari
3314 753 3477 817 atque
3509 747 3674 802 resti-

2102 832 2203 886 tui.
2259 831 2542 903 Siquidem
2590 844 2646 890 et
2697 852 2797 891 nos
2847 852 3126 893 cessamus
3172 853 3420 908 peccare,
3456 839 3675 909 quando

2101 932 2342 978 mentem
2376 939 2444 980 eo
2480 926 2880 992 transierimus,
2916 938 2978 983 ut
3018 929 3252 984 velimus
3281 929 3458 986 facere
3484 938 3542 985 et
3591 946 3678 986 sa-

2102 1031 2233 1086 pere
2258 1031 2381 1087 qua:
2413 1028 2545 1074 sunt
2568 1019 2796 1074 meliora
2819 1030 2876 1076 et
2922 1021 3268 1091 optabiliora.
3292 1021 3457 1091 :Quid
3509 1021 3678 1094 igitur

2102 1106 2248 1162 lex?
2291 1107 2452 1179 355
2512 1109 2835 1166 Veientibus
2887 1112 3213 1184 resipiscere
3271 1129 3381 1168 non
3436 1115 3679 1171 ostendit

2100 1198 2246 1254 .viam
2276 1200 2299 1252 ?
2328 1215 2507 1271 neque
2548 1202 2723 1272 aperit
2770 1211 2957 1274 portas
2993 1204 3224 1260 salutis?
3257 1206 3337 1260 Ne
3361 1207 3467 1261 hoc
3494 1206 3676 1278 suspi-
3750 1200 3783 1217 ”

2103 1307 2277 1347 care:
2338 1310 2357 1343 ι
2392 1293 2664 1365 benignus
2706 1297 2853 1351 enim
2905 1304 2962 1352 et
3014 1313 3204 1354 amans
3250 1298 3535 1354 hominum
3592 1311 3678 1357 est

2102 1384 2369 1440 Dominus
2392 1386 2456 1439 ⁸⁷.
2490 1406 2507 1438 ι
2537 1387 2647 1443 Sed
2678 1389 2861 1458 potius
2889 1390 3017 1445 audi
3047 1391 3335 1448 manifeste
3363 1393 3675 1450 dicentem:

2112 1471 2577 1543 «Convertimini,
2606 1477 2701 1531 tilii
2753 1488 3153 1546 convertentes,
3206 1487 3262 1534 et
3302 1481 3418 1552 ipse
3470 1482 3678 1538 curabo

2105 1567 2464 1624 contritiones
2488 1580 2700 1625 vestras
2717 1571 2779 1624 ".
2803 1589 2824 1620 ι
2847 1571 2976 1626 Item
2994 1586 3094 1641 per
3118 1587 3307 1627 vocem
3338 1573 3673 1629 Ezechielis:

2112 1677 2132 1711 ‹
2160 1659 2579 1726 Convertimini,
2630 1669 2686 1717 et
2734 1659 2962 1718 avertite
2982 1677 3078 1717 vos
3098 1663 3169 1718 ab
3195 1664 3451 1720 omnibus
3479 1664 3681 1735 iniqui-

419 1747 479 1800 οὐ
518 1744 895 1800 καταδεικνύει
925 1745 1023 1816 τὴν
1057 1745 1208 1812 όδόν;
1240 1746 1341 1800 οὐκ
1372 1744 1650 1814 ἀνοίγνυσι
1691 1746 1788 1816 τῆς
1821 1763 1996 1819 σωτη-

2104 1750 2308 1806 tatibus
2346 1753 2563 1817 vestris,
2609 1754 2807 1810 domus
2840 1754 3042 1820 Israel;
3080 1764 3209 1811 tunc
3234 1771 3344 1810 non
3374 1756 3540 1811 luetis
3561 1730 3681 1826 pq:-

423 1837 545 1910 ρίας
568 1836 668 1907 τὴν
702 1836 910 1909 πύλην;
940 1835 1032 1909 Μὴ
1059 1836 1216 1891 τοῦτο
1245 1836 1538 1909 ὑπολάϐῃς.
1574 1854 1591 1889 ι
1638 1835 1862 1906 Ἀγαθὸς
1890 1837 1997 1909 γὰρ

422 1930 516 1984 καὶ
536 1929 917 2000 φιλάνθρωπος
937 1931 965 1983 6
986 1929 1282 1999 Δεσπότης.
1305 1946 1325 1980 ι
1360 1928 1557 1982 Ἀκουε
1577 1928 1830 1997 λέγοντος
1849 1929 2001 1999 ἐναρ-

424 2019 537 2088 γῶς
562 2035 575 2050 ο
627 2038 646 2071 ι
683 2019 1090 2092 Ἐπιστράφητε
1118 2018 1622 2089 οἱὲπιστρέφοντες,
1656 2019 1750 2072 καὶ
1782 2019 2000 2089 ἰάσομαι

420 2111 491 2165 τὰ
520 2111 904 2184 συντρίμματα
933 2111 1108 2184 ὑμῶν.
1141 2131 1160 2164 ι
1190 2113 1300 2166 Καὶ
1327 2112 1434 2183 μὴν
1460 2112 1554 2166 καὶ
1582 2109 1671 2164 διὰ
1697 2110 1881 2181 φωνῆς
1917 2112 2004 2164 Ἰε-

422 2200 634 2274 ζεχιήλ·
673 2221 692 2254 ι
740 2202 1143 2277 Ἑπιστράιρητε
1174 2202 1269 2257 καὶ
1300 2201 1676 2273 ἀποστρέψατε
1716 2203 1780 2256 ὲκ
1813 2202 2001 2256 πασῶν

421 2293 531 2347 τῶν
567 2293 807 2364 ἀνομιῶν
836 2293 1010 2364 ὑμῶν,
1045 2289 1190 2357 οἶκος
1219 2292 1312 2347 τοῦ
1356 2284 1714 2365 Ἰσραὴλ,’καῖ
1735 2294 1837 2347 οὐκ
1861 2292 2003 2347 ἔσον-

2102 1857 2231 1896 nam
2272 1843 2559 1914 injustitiae
2602 1845 2665 1900 ⁸ο.
2705 1864 2722 1897 ›
2763 1844 2950 1912 Qualis
2994 1846 3162 1917 igitur
3199 1853 3284 1901 est
3325 1844 3414 1900 via
3446 1846 3680 1901 salutis?

2104 1931 2307 2003 Ecquis
2341 1933 2540 1990 liberat
2576 1950 2672 1991 eos
2706 1936 2801 2006 qui
2838 1944 3223 2007 peccaverunt,
3263 1936 3559 2007 quominus
3587 1953 3679 1992 ra-

2100 2025 2325 2094 piantur
2348 2025 2416 2080 ad
2443 2027 2818 2097 supplicium?
2850 2027 2986 2094 Quis
3008 2028 3139 2083 item
3175 2028 3401 2084 redimit
3420 2038 3475 2084 et
3497 2039 3683 2084 servat

2099 2129 2201 2170 nos
2247 2114 2490 2186 perfecte
2515 2118 2538 2170 ’ἔ
2570 2119 2837 2173 Dominus
2874 2127 3065 2175 noster
3096 2120 3257 2175 Jesus
3285 2119 3556 2185 Christus,
3585 2120 3682 2191 qui

2100 2205 2254 2261 dedit
2296 2208 2536 2279 seipsum
2576 2224 2677 2280 pro
2717 2210 2976 2265 omnibus
3004 2210 3239 2281 pretium
3265 2211 3682 2282 redemptionis,

2101 2305 2157 2352 et
2183 2314 2286 2354 nos
2316 2299 2542 2370 proprio
2562 2302 2827 2372 sanguine
2854 2299 3234 2357 sanctiﬁcavit.

423 2400 515 2438 ται
546 2385 670 2452 ὑμῖν
702 2387 782 2449 είς
810 2384 1032 2439 κόλασιν
1058 2384 1291 2450 ἀδικίας.
1328 2403 1348 2436 ι
1384 2384 1519 2438 Ποία
1545 2384 1719 2439 τοίνυν
1750 2384 1868 2439 ἑστι
1894 2385 1997 2455 τῆς
2033 2391 2305 2462 σωτηρίας
2335 2393 2368 2463 ἡ
2397 2393 2549 2457 ὸδός;
2582 2392 2676 2457 Τίς
2705 2395 2733 2446 6
2758 2392 3120 2447 ἀπαλλάσσων
3178 2394 3304 2458 τοὺς
3367 2395 3685 2468 ἡμαρτηκό-

422 2491 520 2538 τας
550 2474 644 2528 τοῦ
680 2475 1006 2541 κολάζεσθαι
1026 2475 1169 2542 δεῖν;
1194 2475 1290 2540 Τίς
1313 2477 1341 2530 6
1366 2474 1727 2547 λυτρούμενος
1749 2477 1842 2530 καὶ
1870 2477 2165 2543 ἀνασώζων
2192 2483 2461 2550 εὐκόλως;
2504 2484 2563 2539 '0
2625 2484 2828 2555 Κύριος
2877 2486 2910 2556 ἡ
2922 2482 3037 2555 μῶν
3076 2485 3283 2555 Ἰησοῦς
3343 2487 3372 2540 6
3425 2486 3683 2559 Χριστὸς,

422 2570 454 2621 6
480 2567 604 2632 δοὺς
636 2567 826 2621 ἑαυτὸν
857 2568 1175 2640 ἀντίλυτρον
1202 2567 1343 2639 ὑπὲρ
1371 2568 1608 2632 πάντων,
1638 2568 1732 2622 καὶ
1761 2567 2004 2637 ἁγιάζων
2041 2572 2188 2643 ἡμᾶς
2224 2574 2302 2646 τῷ
2337 2576 2452 2647 ίδῖῳ
2484 2577 2695 2647 αἵματι.

496 2658 563 2730 β’.
600 2658 789 2730 ’Δθρει
803 2658 858 2712 δέ
882 2675 971 2730 μοι
992 2659 1154 2714 πάλιν
1175 2658 1251 2723 ὡς
1265 2660 1322 2712 ὲν
1343 2661 1523 2723 σκιαῖς
1544 2659 1624 2712 ἔτι
1640 2661 1752 2722 τοῖς
1773 2659 1832 2713 ἐν
1854 2659 2004 2731 νόμῳ

423 2752 867 2824 γεγραμμένοις,
913 2753 976 2806 τὸ
1012 2754 1328 2825 μυστήριον.
1362 2754 1800 2826 Προσεκομίζετο
1838 2755 1947 2827 γὰρ
1974 2757 2005 2809 6

424 2844 623 2916 λεπρὸς
656 2845 761 2910 ἔξω
789 2845 1034 2914 γεγονότι
1066 2846 1162 2916 τῆς
1190 2846 1396 2918 πύλης,
1428 2845 1507 2917 τῷ
1550 2845 1694 2900 κατά
1722 2846 1882 2917 νόμον
1925 2849 2002 2908 ιε,-

428 2937 730 3009 ρατεύοντι.
765 2938 1178 3001 Διανενευκότος
1208 2938 1265 2991 δὲ
1307 2937 1494 3010 ῶσπερ
1525 2937 1618 2991 ἐπὶ
1652 2937 1747 2991 τοῦ
1798 2936 2004 3001 πάθους

422 3027 489 3082 τὸ
512 3027 757 3099 ἄμεινον,
786 3026 883 3080 καὶ
911 3027 994 3080 ὅτι
1031 3026 1298 3080 παύσεται
1330 3025 1537 3092 λοιπὸν,
1576 3029 1669 3080 καὶ
1708 3026 2002 3097 καταλήξει

426 3119 878 3190 ὑπεμφαίνοντος,
913 3117 1243 3189 ἐπληροῦντο
1270 3117 1339 3172 τὰ
1375 3119 1454 3181 είς
1479 3117 1835 3190 καθαρισμὸν,
1861 3118 2003 3172 κατὰ

424 3230 492 3283 γε
527 3212 592 3265 τὸ
619 3211 890 3285 νομοθέτῃ
915 3209 1125 3264 δοκοῦν.
1167 3228 1187 3262 ι
1248 3209 1527 3281 Ὀρνιθίων
1562 3209 1659 3280 μὲν
1689 3209 1799 3283 γὰρ
1829 3209 2002 3263 καθα-

430 3304 541 3375 ρῶν
572 3301 910 3373 ἐλαμϐάνετο
935 3301 1067 3366 δυάς
1085 3319 1101 3333 ·
1133 3300 1286 3367 ξύλον
1316 3300 1373 3354 δὲ
1399 3300 1641 3373 κέδρινον
1666 3303 1762 3355 καὶ
1794 3302 2002 3356 κεκλω·

428 3396 627 3465 σμένον
658 3394 932 3458 κόκκινον,
964 3413 984 3446 ι
1011 3393 1087 3455 ὡς
1111 3396 1170 3447 ἐν
1195 3393 1324 3447 εῖδει
1348 3393 1633 3464 σπαρτίου,
1660 3393 1754 3446 καὶ
1780 3394 1887 3464 μὴν
1911 3394 2006 3447 καὶ

426 3484 706 3551 ὕσσωπον,
743 3486 878 3549 πόας
914 3486 970 3538 δὲ
1012 3480 1154 3549 εἶδος
1191 3484 1491 3539 καὶτοῦτο.
1522 3480 1657 3538 Εἶτα
1696 3485 1757 3538 τὸ
1803 3485 1899 3555 μὲν
1947 3483 2006 3538 ἓν

426 3578 541 3633 τῶν
569 3576 822 3650 ὀρνιθίων
837 3578 922 3648 ἐφ’
943 3576 1095 3631 ὕδατι
1119 3577 1511 3648 κατεσφὰζετο,
1531 3576 1756 3649 θάτερόν
1781 3593 1844 3646 γε
1875 3577 2006 3649 μὴν,

426 3668 565 3740 ὁμοῦ
597 3670 708 3731 τοῖς
736 3667 940 3739 ἀρτίως
970 3669 1102 3738 ἡμῖν
1130 3666 1474 3738 είρημένοις,
1512 3665 1805 3737 βαπτισθὲν
1833 3667 1890 3719 ὲν
1929 3665 2006 3737 τῷ

430 3760 588 3824 ὕδατι
610 3800 625 3824 ,
656 3760 750 3813 καὶ
781 3760 879 3831 μέν
918 3776 1001 3813 τοι
1033 3758 1128 3812 τοῦ
1158 3757 1453 3821 τεθνεῶτος
1477 3758 1702 3828 αἵματι,
1743 3756 2009 3821 πεπονθὸς

429 3852 608 3916 οὗδὲν,
643 3853 823 3906 ἀνεῖτο
854 3851 1059 3906 λοιπόν.
1091 3845 1224 3904 Εἶτα
1250 3850 1340 3905 τὸν
1367 3850 1763 3922 ὴρῤωστηκότα
1794 3848 1892 3922 τὴν
1918 3848 2008 3902 λέ-

428 3965 602 4021 πραν,
636 3947 867 4012 ἑπτάκις
903 3945 982 4019 τῷ
1018 3946 1172 4000 ὕδατι
1216 3943 1551 4018 ἑπιρραίνων
1581 3944 1611 3995 6
1658 3940 1868 4013 ἱερεὺς,
1901 3938 2009 3992 τῶν

425 4045 500 4097 ex
530 4041 694 4112 νόμου
722 4037 1196 4112 κατηγορημάτων
1224 4035 1507 4107 ἐλεύθερον
1537 4031 1806 4087 ἀπετέλει.
1836 4032 2011 4100 Προσο

427 4130 665 4203 ιξυρᾶτο
691 4130 749 4185 δὲ
775 4130 875 4199 τὴν
896 4128 1081 4199 τρίχα,
1106 4127 1200 4181 καὶ
1225 4124 1424 4179 είσέθει
1446 4122 1633 4177 λοιπὸν
1661 4119 2010 4189 ἀνεγκλήτως

428 4222 514 4285 εις
549 4220 646 4292 τὴν
679 4217 1053 4292 παρεμϐολὴν,
1088 4217 1184 4271 καὶ
1211 4217 1292 4278 είς
1317 4214 1408 4268 τὸν
1444 4212 1570 4267 ῐδιον
1599 4207 1768 4275 οἷκον,
1799 4207 2011 4279 ἡμέρας

424 4311 537 4378 ἔξω
572 4309 829 4383 μεμηνὼς
857 4308 1016 4363 ἑπτὰ.
1041 4309 1104 4361 Οί
1143 4307 1253 4379 γὰρ
1285 4304 1454 4359 πάλαι
1480 4303 1579 4374 τὴν
1608 4302 1705 4372 τῆς
1736 4298 2010 4371 ἁμαρτίας

2177 2666 2232 2722 2.
2266 2666 2374 2723 Sed
2409 2668 2500 2723 hic
2529 2668 2732 2723 iterum
2784 2668 2919 2723 mihi
2973 2669 3207 2725 observa
3262 2669 3319 2723 in
3367 2669 3436 2724 iis
3466 2685 3588 2741 quae
3627 2672 3687 2727 in

2107 2755 2225 2827 lege
2263 2757 2465 2828 scripta
2490 2766 2637 2824 sunt,
2667 2759 2836 2814 veluti
2866 2760 2922 2813 in
2937 2759 3150 2814 umbris
3178 2758 3521 2830 mysterium.
3549 2760 3686 2817 Nam

2107 2849 2376 2906 sacerdoti
2395 2851 2771 2907 adducebatur
2797 2853 3046 2922 leprosus
3071 2852 3164 2923 qui
3186 2853 3490 2909 secundum
3511 2855 3687 2928 legem

2105 2949 2225 2997 erat
2273 2951 2427 2997 extra
2461 2951 2667 3014 portas,
2704 2944 2868 3015 idque
2908 2952 3025 2999 tum
3077 2944 3296 3014 quando
3327 2946 3554 3002 morbus
3587 2948 3689 3003 de-

2106 3031 2345 3086 clinabat
2373 3033 2429 3087 in
2458 3032 2677 3097 melius,
2707 3041 2764 3088 et
2787 3033 3010 3105 jamjam
3041 3040 3376 3100 cessaturus,
3415 3034 3689 3108 ﬁnemque

2103 3122 2395 3179 habiturus
2423 3124 2714 3180 videbatur
2747 3141 2760 3177 ε
2794 3132 2929 3190 tum,
2961 3123 3202 3195 inquam,
3258 3125 3693 3184 conﬁciebantur

2102 3232 2225 3287 qua:
2250 3215 2525 3272 faciebant
2548 3216 2616 3271 ad
2630 3216 3094 3287 puriﬁcationem.
3123 3225 3292 3287 prout
3323 3233 3355 3272 a
3380 3219 3690 3290 legislatorc

2105 3313 2308 3361 statuta
2346 3314 2525 3360 erant.
2567 3324 2585 3356 ι
2620 3304 3011 3376 Accipiebatur
3045 3305 3191 3360 enim
3218 3320 3321 3375 par
3358 3306 3690 3361 mundorum

2105 3410 2411 3468 passerum,
2460 3405 2517 3452 et
2543 3396 2749 3469 lignum
2781 3396 3089 3461 cedrinum,
3121 3395 3517 3466 coccinumque
3555 3410 3692 3455 con-

2106 3487 2464 3557 glomeratum
2496 3486 2543 3519 '°
2575 3505 2594 3538 ι
2625 3486 2681 3541 in
2701 3501 2911 3541 morem
2944 3485 3200 3552 funiculi,
3232 3500 3336 3541 nec
3360 3501 3470 3540 non
3497 3486 3693 3558 hysso-

2107 3592 2231 3647 pus,
2263 3593 2385 3647 qute
2417 3585 2503 3632 est
2534 3592 2709 3649 genus
2743 3577 2949 3632 herbae.
2973 3576 3184 3632 Deinde
3211 3592 3356 3631 unus
3375 3593 3443 3632 ex
3471 3591 3692 3647 passer-

2108 3668 2250 3722 culis
2298 3667 2367 3723 ad
2397 3683 2593 3738 aquam
2618 3669 2800 3724 vivam
2850 3667 3217 3731 mactabatur,
3243 3674 3300 3722 et
3340 3668 3497 3733 alter,
3527 3667 3690 3722 sicuti

2108 3757 2273 3812 modo
2302 3773 2332 3811 a
2376 3757 2539 3812 nobis
2572 3758 2780 3813 dictum
2826 3765 2930 3821 est,
2965 3758 3168 3813 tinctus
3207 3757 3262 3810 in
3305 3771 3500 3825 aquam
3527 3763 3584 3812 et
3636 3756 3692 3810 in

2108 3850 2429 3920 sanguinem
2482 3849 2684 3914 occisi,
2749 3856 2940 3918 postea
3009 3848 3223 3917 integer
3287 3846 3689 3901 dimittebatur.

2109 3941 2318 3996 Deinde
2343 3940 2601 3996 sacerdos
2623 3955 2748 3994 cum
2783 3938 2988 4008 septies
3033 3952 3173 4006 aqua
3200 3935 3525 4006 aspersisset
3564 3952 3694 3992 eum

2109 4027 2204 4097 qui
2226 4027 2575 4082 laboraverat
2607 4026 2781 4096 lepra,
2823 4041 2854 4080 a
2906 4025 3065 4096 legali
3108 4024 3523 4095 inquinamento
3548 4025 3696 4081 libe-

2112 4133 2233 4173 rum
2285 4117 2616 4174 declarabat.
2666 4117 2976 4173 Abradebat
3009 4124 3191 4171 autem
3229 4116 3392 4187 pilos,
3424 4124 3481 4172 et
3509 4116 3693 4189 ingre-

2110 4207 2365 4263 diebatur
2389 4206 2650 4278 deinceps
2672 4208 2945 4279 inculpate
2979 4208 3034 4262 in
3055 4214 3250 4273 castra,
3297 4215 3461 4278 atque
3486 4208 3540 4264 in
3569 4223 3696 4280 pro-

2111 4298 2258 4368 prias
2288 4297 2459 4365 aedes,
2488 4311 2614 4352 cum
2645 4306 2826 4353 tamen
2861 4308 3020 4353 antea
3053 4313 3152 4368 per
3181 4306 3388 4369 septem
3419 4299 3539 4354 dies
3560 4298 3696 4354 foris

424 4402 819 4473 περιφέροντες
856 4401 1144 4471 νέκρωσιν,
1178 4399 1283 4452 ικαὶ
1310 4395 1579 4451 πολυειδεῖ
1606 4392 1794 4448 παθῶν
1823 4391 2003 4463 ἀγριό-

2112 4385 2421 4440 mansisset.
2452 4385 2586 4440 Nam
2616 4400 2718 4440 nos
2762 4384 2895 4443 olim
2927 4384 3132 4453 peccati
3173 4384 3695 4440 circumferebamus

422 4507 555 4560 τητι
574 4472 1061 4561 κατεσπιλωμένοι,
1087 4489 1182 4541 καὶ
1204 4487 1411 4557 λέπραν
1439 4482 1627 4556 ῶσπερ
1658 4480 2003 4554 ὴρῥωστινριό⁴

2113 4476 2523 4540 mortalitatem,
2550 4483 2713 4545 atque
2741 4473 3061 4529 multiformi
3088 4472 3405 4526 morborum
3440 4472 3694 4527 vastitate

424 4599 525 4647 τες
544 4582 648 4654 τὴν
673 4582 890 4652 νοητήν
927 4577 1322 4651 πεπλανήμεθα
1344 4576 1454 4647 γὰρ
1485 4578 1553 4648 τῇ
1578 4573 1752 4628 κτίσει
1780 4571 2003 4644 λατρεύ-

2111 4589 2331 4629 eramus
2354 4569 2728 4634 contaminati,
2770 4584 2834 4624 ac
2863 4568 3031 4624 veluti
3058 4563 3288 4637 spiritali
3310 4565 3695 4620 laborabamns

427 4690 629 4736 σαντες
648 4713 663 4735 ,
701 4669 1222 4743 προσκεκομίσμεθα
1264 4668 1341 4738 τῷ
1368 4666 1487 4738 Θεῷ
1526 4667 1663 4738 ἱερεῖ
1689 4663 1767 4735 τῷ
1793 4664 2003 4735 μεγάλῳ

2112 4665 2264 4735 lepra
2302 4683 2315 4718 :
2362 4662 2669 4718 erravimus
2697 4660 2845 4715 enim
2880 4659 3087 4715 cultum
3126 4656 3397 4713 creaturis
3423 4654 3692 4712 exhiben-

424 4764 525 4818 καὶ
554 4762 687 4833 ὁσίῳ
724 4761 817 4816 καὶ
839 4761 1050 4830 ἀκὰκῳ,
1081 4758 1222 4812 κατά
1254 4756 1352 4829 τὴν
1375 4754 1468 4809 τοῦ
1498 4754 1768 4826 μακαρίου
1793 4752 2003 4807 Παύλου

2115 4764 2229 4820 tes;
2261 4755 2357 4810 sed
2381 4769 2530 4809 nunc
2549 4752 2772 4808 adducti
2801 4766 2993 4807 sumus
3019 4748 3088 4805 ad
3114 4748 3414 4815 Christum,
3434 4760 3693 4817 magnum

423 4855 637 4924 φωνήν.
674 4848 1201 4925 Προσκεκομίσμεθα
1228 4847 1288 4902 δε
1317 4846 1469 4920 παρά
1496 4844 1590 4900 τοῦ
1610 4844 1743 4898 Θεοῦ
1773 4846 1869 4899 καὶ
1898 4845 2003 4898 Πα-

2113 4847 2269 4901 illum
2308 4846 2647 4903 sacerdotem
2704 4853 2761 4900 et
2810 4852 3054 4898 sanetum
3104 4852 3269 4913 atque
3318 4842 3688 4901 innocentem,

419 4940 573 5014 τρός.
614 4943 759 5014 Ἔφη
791 4940 899 5013 γάρ
923 4956 1026 4993 που
1058 4938 1292 5010 Χριστὸς
1314 4939 1427 5000 τοῖς
1470 4933 1744 4998 Ἰουδαίοις
1769 4934 2003 5005 προσλα-

2108 4938 2261 5008 juxta
2290 4952 2479 4992 vocem
2518 4937 2663 4991 beati
2712 4937 2863 4990 Pauli
2905 4937 2972 4990 ⁸¹.
3005 4934 3239 4990 Adducti
3283 4947 3413 4988 vero
3447 4944 3693 4987 sumusa

422 5031 557 5085 λῶν·
591 5050 611 5085 ι
640 5031 732 5103 Μὴ
762 5029 1097 5101 γογγύζεσθε
1128 5030 1246 5083 κατ’
1270 5027 1534 5098 ἀλλήλων.
1564 5026 1753 5091 Οὐδεὶς
1784 5025 2003 5081 δύναται

2111 5028 2224 5083 Deo
2246 5035 2303 5082 et
2324 5028 2506 5082 Patre.
2532 5027 2787 5083 Christus
2813 5027 2961 5082 enim
2991 5025 3120 5080 alibi
3142 5022 3361 5079 Iudaeos
3380 5022 3688 5092 alloquens.

423 5121 601 5176 ἐλθεῖν
632 5121 770 5195 πρὸς
800 5122 888 5193 μὶ,
917 5120 1013 5175 ὲὰν
1038 5119 1115 5192 μὴ
1140 5120 1169 5173 ὸ
1199 5119 1386 5190 Πατὴρ
1405 5120 1434 5172 6
1457 5116 1680 5189 πέμψας
1706 5134 1773 5189 με
1800 5118 2002 5190 ἑλκύσῃ

2109 5119 2223 5174 ait:
2260 5138 2279 5170 ι
2315 5119 2496 5175 Nolite
2529 5119 2585 5174 in
2612 5119 2849 5175 invicem
2900 5129 3266 5172 murmurare.
3314 5114 3487 5169 Nemo
3508 5120 3690 5182 potest

422 5214 612 5269 αὐτόν.
660 5233 680 5266 ι
722 5212 1088 5287 Προσκομίζει
1116 5212 1227 5284 γάρ
1268 5212 1298 5264 6
1329 5210 1462 5275 Θεὸς
1506 5211 1602 5265 καὶ
1641 5209 1828 5281 Πατὴρ
1876 5209 2002 5272 τοὺς

2107 5207 2297 5264 venire
2350 5208 2420 5264 ad
2462 5223 2572 5272 me,
2618 5208 2725 5263 nisi
2765 5209 2946 5271 Pater,
2985 5207 3078 5276 qui
3123 5204 3276 5259 misit
3310 5219 3418 5266 me,
3458 5202 3689 5258 traxerit

424 5306 856 5378 ὴρρωοπηκότας
881 5306 960 5370 ῶς
994 5304 1102 5377 ίδίᾳ
1126 5303 1350 5375 δυνάμει
1375 5300 1455 5372 τῷ
1491 5300 1625 5371 Υίῷ.
1655 5301 2003 5374 Παραγέγονε

2107 5315 2235 5355 eum
2267 5301 2333 5353 ι’.
2365 5319 2385 5351 ι
2421 5300 2558 5355 Nam
2589 5299 2733 5354 Deus
2758 5306 2815 5353 et
2840 5299 3001 5353 Pater
3038 5295 3260 5353 adducit
3304 5295 3547 5351 inﬁmos
3587 5308 3689 5363 per

422 5396 539 5466 γὰρ
559 5395 743 5450 ίᾶσθαι
760 5397 887 5460 τοὺς
904 5395 1394 5467 συντετριμμένους
1411 5393 1509 5466 τὴν
1528 5392 1776 5465 καρδίαν,
1796 5392 2003 5459 ἀνοῖξαι

2111 5404 2270 5445 suum
2298 5389 2497 5445 Filium
2527 5398 2784 5459 tanquam
2818 5388 3095 5459 propriam
3129 5381 3453 5458 potentiam.
3475 5383 3691 5453 Quippe

418 5487 740 5559 ὀφθαλμοὺς
780 5488 1019 5559 τυφλῶν.
1088 5488 1213 5541 Ἑάν
1254 5486 1440 5541 λοιπὸν
1481 5486 1543 5539 τὸ
1579 5485 1773 5540 ἁναλκί
1816 5502 1873 5539 τε
1910 5484 2003 5537 καὶ

2112 5482 2207 5552 qui
2247 5481 2462 5537 venerit
2510 5481 2579 5536 ad
2606 5479 2878 5536 sanandos
2923 5479 3186 5534 contritas
3219 5477 3407 5543 corde,
3439 5472 3605 5548 350
3632 5481 3692 5529 et

498 5604 547 5635 "
575 5601 619 5658 E
658 5603 777 5657 hes.
811 5618 885 5666 vr,
917 5601 975 5655 Η
1079 5601 1121 5632 ⁸⁷
1146 5600 1262 5655 .loel
1326 5617 1381 5668 η,
1413 5601 1499 5655 13.
1576 5600 1622 5633 ⁸⁸
1649 5600 1852 5656 Jerem.
1887 5614 1964 5665 ιιι,
1994 5599 2003 5652 1

498 5690 539 5728 ι.
744 5672 787 5705 ⁸²
820 5670 1223 5728 Joan.|v.18.

2162 5597 2205 5631 δ’
2237 5595 2436 5652 Ezech.
2474 5608 2662 5658 xxxm,
2695 5592 2782 5646 il.
2861 5594 2905 5625 ‘°
2941 5591 3116 5648 Levit.
3155 5607 3273 5660 xxv,
3304 5592 3359 5647 ι.
3434 5592 3478 5626 ¹¹
3515 5590 3685 5650 llebr.

417 5689 539 5743 νιι,
572 5686 663 5729 zu.
744 5686 787 5705 ’τ
820 5686 982 5735 toan,
1023 5686 1095 5738 Iv,
1126 5686 1223 5725 ιδ.

550 5746 583 5764 ‘D
