4052 6196
371 233 474 289 539

1393 228 1458 281 'S.
1498 225 1770 282 CYRILLI
1807 227 2272 283 ALEXANDRINI
2313 226 2628 284 ARCHIEP.
2717 239 2722 244 '

3510 231 3610 285 560

370 346 558 404 oculos
590 357 855 398 caecorum
880 339 1222 411 aperiendus,
1257 351 1316 394 ut
1353 339 1627 394 infirmum
1647 347 1810 409 atque
1840 340 1938 394 im-

2040 343 2265 414 ἀδρανὲς
2313 343 2392 404 είς
2427 358 2490 410 γε
2522 341 2583 393 τὸ
2626 338 2821 410 χρῆναι
2863 337 3104 410 πληροῦν
3134 339 3200 394 τὰ
3241 341 3361 412 Θεῷ
3391 341 3609 418 θυμήρη

372 439 563 495 hecille
586 436 919 498 ahdicantcs,
941 433 1168 503 posthac
1189 442 1510 503 praestemus
1530 449 1650 502 qua:
1667 433 1778 486 Deo
1790 440 1939 502 grata

372 538 519 593 sunt,
549 528 955 594 habeamusque
993 539 1088 577 cor
1130 538 1320 578 amans
1355 538 1606 592 operum;
1629 530 1685 578 et
1707 523 1940 577 actioni-

374 619 476 672 bus
499 616 762 671 virtutum
808 612 1149 666 tenacissime
1171 611 1333 680 allixi,
1371 613 1617 682 gloriosa:
1657 623 1819 682 atque
1841 613 1941 667 ad~

374 707 609 762 mirabili
627 706 752 758 vita:
775 719 996 773 operam
1029 703 1244 769 demus,
1262 713 1725 775 agnoscentesque
1749 719 1940 760 verum

371 815 434 853 ac
462 804 653 866 suapte
683 803 879 848 natura
933 793 1286 848 exsistentem
1330 793 1643 859 Dominum,
1693 793 1772 848 sic
1813 809 1940 848 cum

374 889 652 944 Psalmista
669 886 946 942 dicamus:
973 885 1256 950 «Benedic,
1281 886 1458 940 anima
1472 885 1938 951 mea,Dominum,

372 981 464 1051 qui
491 979 820 1050 propitiatur
859 976 1118 1032 omnibus
1154 976 1536 1046 iniquitatibus
1560 978 1688 1042 tuis,
1727 978 1821 1046 qui
1852 993 1940 1031 sa-

373 1081 465 1127 nat
487 1086 679 1128 omnes
707 1070 1050 1124 infirmitates
1075 1077 1214 1134 tuas,
1242 1069 1334 1138 qui
1367 1069 1588 1124 redimit
1615 1068 1682 1122 de
1714 1066 1940 1121 interitu

374 1167 538 1219 vitam
567 1173 734 1227 tuam,
763 1162 854 1231 qui
883 1171 1108 1217 coronat
1139 1170 1191 1216 te
1213 1161 1267 1215 in
1299 1160 1670 1216 misericordia
1699 1167 1754 1214 et
1779 1158 1941 1213 inise-

376 1255 680 1311 rationibus
703 1255 766 1306 ⁵³.
803 1274 819 1304 ι
853 1253 1094 1308 Observa
1128 1260 1308 1306 autem
1341 1251 1616 1321 quomodo
1637 1251 1786 1320 lepra
1808 1249 1942 1304 alie-

368 1358 496 1403 ctus
530 1345 852 1400 ostendatur
878 1344 1149 1398 sacerdoti
1197 1351 1350 1398 extra
1399 1350 1610 1412 portam
1638 1341 1940 1404 exsistenti,

368 1449 425 1493 ct
458 1436 770 1507 longissime
805 1451 835 1488 a
858 1434 1071 1488 castris.
1105 1433 1384 1504 Siquidem
1428 1433 1494 1486 ad
1534 1448 1634 1486 nos
1665 1430 1819 1502 quasi
1845 1447 1942 1485 ex-

373 1531 558 1600 pulsos
601 1535 764 1596 atque
811 1535 965 1581 extra
1016 1534 1258 1580 sanctam
1307 1525 1582 1579 civitatem
1635 1531 1941 1585 manentes.

364 1618 690 1681 Ecclesiam,
710 1618 952 1686 inquam,
967 1615 1086 1678 Dei,
1111 1615 1523 1669 similitudinem
1542 1613 1710 1667 nostri
1739 1611 1945 1666 habens

357 1710 599 1765 accessit
647 1685 918 1769 Christus,
961 1721 1196 1776 cumque
1234 1707 1528 1768 visitasset,
1570 1703 1804 1758 mundos
1847 1718 1944 1772 per
1975 1685 2015 1739 Β

371 1808 619 1853 sanctum
668 1797 1020 1866 baptismum,
1051 1806 1105 1851 et
1152 1811 1250 1866 per
1280 1811 1481 1865 corpus
1528 1809 1686 1848 suum
1739 1792 1940 1848 clIecit.

358 1887 686 1942 immolatus
711 1892 794 1939 est
840 1900 939 1955 pro
968 1885 1146 1949 nobis,
1177 1883 1475 1953 salutisque
1519 1882 1819 1938 remedium
1851 1897 1944 1937 os-

372 1992 576 2044 tensus,
608 1994 675 2033 eo
689 1977 834 2048 quod
867 1977 980 2046 ipse
1001 1984 1230 2032 mortem
1257 1975 1310 2030 in
1340 1976 1488 2045 ligno
1518 1990 1617 2044 pro
1641 1973 1799 2026 nobis
1827 1988 1946 2027 sus-

372 2074 552 2128 tinuit.
589 2073 646 2126 ld
675 2071 820 2125 enim
851 2077 935 2124 est
976 2068 1119 2138 quod
1149 2068 1202 2120 in
1231 2066 1399 2121 sacris
1443 2065 1666 2120 Litteris
1698 2064 1946 2134 przeligu-

371 2175 542 2222 ratur.
574 2183 591 2216 ι
613 2164 745 2218 Nam
769 2163 891 2216 duae
907 2161 1130 2216 avicula:
1147 2158 1364 2213 munda:
1391 2177 1409 2210 ι
1433 2158 1797 2227 accipiuntur,
1824 2171 1945 2226 qua!

371 2271 530 2331 typus
573 2265 729 2312 erant
775 2254 979 2311 Christi
1027 2253 1250 2322 superni
1301 2261 1466 2322 atque
1511 2251 1766 2306 cmlestis.
1807 2248 1944 2316 Quia

356 2352 486 2408 .avis
514 2351 621 2405 alte
663 2349 826 2403 volat.
880 2344 1170 2401 Descendit
1192 2352 1374 2398 autem
1401 2343 1468 2398 ad
1505 2358 1605 2398 nos
1632 2357 1661 2396 e
1691 2341 1946 2410 supernis

369 2449 426 2494 et
453 2455 483 2494 e
507 2438 660 2494 caelis
683 2435 1024 2491 Emmanuel.
1050 2434 1129 2489 lta
1149 2432 1296 2487 enim
1325 2433 1401 2488 ait
1429 2450 1441 2485 :
1479 2451 1496 2484 ι
1541 2431 1734 2485 Νυιιιιε
1758 2445 1945 2484 ascen-

369 2532 450 2585 dit
477 2531 530 2584 in
557 2531 754 2585 cmlum
788 2527 892 2582 nisi
919 2525 1011 2596 qui
1044 2525 1328 2579 descendit
1349 2525 1416 2580 de
1447 2525 1606 2587 cmlo,
1639 2522 1810 2578 Filius
1840 2521 1942 2576 ho-

367 2621 622 2676 minis“.
663 2640 680 2670 »
718 2617 920 2674 Scribit
963 2624 1146 2672 autem
1195 2617 1342 2672 idem
1393 2615 1614 2670 divinus
1657 2615 1940 2670 Joannes:

375 2735 391 2764 ι
425 2713 526 2780 Qui
558 2727 589 2766 e
619 2710 871 2781 supernis
896 2708 1068 2774 venit,
1104 2723 1270 2778 super
1289 2709 1472 2764 omnia
1498 2717 1581 2763 est
1607 2707 1676 2761 ⁵⁸.
1716 2725 1734 2758 ι
1769 2707 1944 2761 Porro

367 2821 496 2860 aves
547 2811 675 2858 sunt
704 2801 938 2856 mundat.
970 2800 1105 2855 Vere
1147 2800 1292 2854 enim
1328 2799 1566 2854 mundus
1591 2806 1673 2853 est
1699 2807 1755 2852 ct
1784 2797 1943 2852 inno-

353 2910 495 2949 cens
520 2894 802 2958 Dominus,
837 2900 1024 2962 utpote
1059 2891 1151 2962 qui
1177 2892 1386 2946 nesciat
1413 2899 1718 2961 peccatum.
1754 2890 1943 2960 Neque

360 3001 497 3041 ivero
541 2986 646 3040 hoc
696 2985 932 3039 dicimus
959 2992 1019 3038 ut
1067 2984 1207 3038 duos
1248 2983 1619 3053 intelligamus
1673 2981 1939 3046 Christos,
1967 3011 2010 3072 ο

348 3079 466 3135 etsi
499 3078 609 3133 duo
637 3077 842 3132 fuerint
870 3075 1186 3146 passerculi.
1219 3075 1549 3129 Prudentem
1577 3083 1756 3128 autem
1781 3072 1942 3128 nobis

361 3177 419 3226 et
441 3169 799 3226 necessariam
831 3166 946 3220 lucc
983 3163 1158 3218 oratio
1199 3164 1502 3218 introducit
1537 3161 1940 3216 consideratio-

354 3275 512 3313 .nem.
552 3256 874 3325 Unigenitus
929 3252 1077 3306 enim
1125 3266 1249 3305 cum
1296 3259 1489 3320 suapte
1549 3260 1743 3306 natura
1796 3251 1942 3305 Deus

359 3360 529 3414 esset,
587 3346 820 3418 gestavit
847 3359 1069 3398 carnem
1093 3358 1160 3397 ex
1189 3342 1347 3396 beata
1388 3341 1556 3396 Maria
1581 3342 1824 3412 Virgine,
1876 3357 1942 3397 ac

363 3437 767 3510 quodammodo
824 3450 855 3489 e
908 3433 1126 3489 duobus
1163 3433 1498 3502 compositus
1534 3444 1638 3498 est,
1676 3433 1939 3488 nimirum

362 3549 428 3587 ex
467 3539 663 3585 natura
701 3542 955 3597 suprema
997 3536 1052 3582 et
1079 3527 1438 3590 humanitate,
1490 3526 1840 3581 ineﬂ‘ahilitcr
1883 3535 1940 3582 et

362 3639 526 3694 supra
550 3630 798 3676 nostrum
827 3627 1066 3690 captum.
1108 3619 1306 3675 Verum
1337 3619 1600 3674 Dominus
1634 3628 1820 3673 noster
1845 3619 1938 3675 Je-

360 3730 454 3770 sus
482 3714 734 3770 Christus
759 3721 842 3766 est
865 3726 971 3765 una
1006 3725 1254 3780 persona.
1287 3711 1430 3780 Ergo
1461 3709 1763 3778 Scriptura,
1800 3710 1941 3764 hanc

360 3814 681 3862 naturarum
699 3803 959 3857 unionem
977 3801 1352 3865 considerans,
1377 3800 1514 3854 duas
1530 3799 1584 3853 in
1606 3799 1937 3855 sacriﬁcium

358 3897 612 3953 adhibuit
643 3894 904 3950 aviculas.
929 3892 1274 3963 Quapropter
1300 3893 1384 3948 lex
1423 3907 1547 3946 cum
1584 3890 1937 3945 multifariam

357 3989 628 4060 signiticet
656 3987 862 4044 Christi
888 3987 1230 4058 mysterium,
1255 3984 1634 4056 accipiendum
1667 3984 1742 4038 ait
1773 3984 1936 4040 etiam

364 4103 383 4132 ι
421 4081 715 4136 .eedrinum
757 4079 998 4150 lignum;
1038 4097 1056 4130 ι
1093 4077 1242 4147 quod
1273 4077 1417 4132 idem
1447 4091 1577 4131 sane
1616 4085 1775 4147 typus
1817 4091 1939 4132 esse

357 4177 534 4241 potest
571 4176 774 4238 sanctae
795 4168 966 4236 ipsius
989 4167 1190 4231 carnis,
1211 4167 1372 4238 357
1390 4183 1510 4236 quae
1539 4183 1650 4222 non
1677 4167 1940 4222 sustinuit

355 4262 788 4332 corruptionem.
822 4259 936 4315 Hoc
954 4258 1102 4314 enim
1123 4258 1328 4328 lignum
1345 4259 1624 4328 putredini
1636 4259 1937 4315 obnoxium

2042 434 2488 502 παραιτούμενοι,
2518 429 2945 502 φιλεργεστάτην
2985 429 3196 500 ἔχωμεν
3223 431 3322 501 τὴν
3361 433 3606 503 καρδίαν,

2041 522 2270 574 καὶτῶν
2302 523 2400 592 τῆς
2435 519 2736 583 ἐπιεικείας
2778 520 2954 589 ἔργων
2996 520 3164 590 ἀπρὶξ
3202 522 3473 591 ἡμμένοι,
3510 526 3612 593 τὴν

2041 612 2239 666 εὐκλεᾶ
2259 613 2353 666 καὶ
2386 611 2818 682 ἀξιοθαύμαστον
2843 611 3286 683 ἐπιτηδεύσωμεν
3315 614 3609 678 πολιτείαν,

2041 705 2130 759 τὸν
2169 707 2330 774 φύσει
2366 723 2422 760 τε
2457 706 2550 759 καὶ
2575 701 2794 774 ἀληθῶς
2832 704 3110 774 Δεσπότην
3139 706 3608 773 ἐπιγινώσκοντες,

2041 796 2186 850 οὕτω
2239 797 2504 866 λέγωμεν,
2552 796 2692 850 κατά
2736 795 2834 866 τὴν
2887 794 2979 848 τοῦ
3032 795 3341 862 Ψάλλοντος
3394 799 3608 866 φωνήν·

2049 907 2066 938 ι
2100 887 2340 956 Εὑλόγει,
2369 889 2402 958 ἡ
2436 887 2577 958 ψυχή
2606 903 2705 957 μου
2734 887 2825 941 τὸν
2854 886 3075 958 Κύριον,
3117 887 3206 939 τὸν
3237 887 3613 942 εὑιλατεύοντα

2044 977 2240 1039 πάσαις
2266 979 2385 1040 ταῖς
2409 976 2659 1047 ἀνομίαις
2685 994 2776 1030 σου
2795 1017 2809 1041 ,
2845 977 2935 1030 τὸν
2964 976 3192 1047 ἰώμενον
3215 979 3393 1042 πάσας
3424 980 3615 1043 νόσους

2045 1085 2161 1133 σου,
2196 1067 2286 1121 τὸν
2322 1068 2683 1139 λυτρούμενον
2722 1071 2788 1122 ἐκ
2824 1068 3027 1138 φθορᾶς
3065 1069 3166 1139 τὴν
3196 1069 3342 1139 ζωήν
3372 1087 3488 1134 σου,
3521 1071 3617 1125 τὸν

2046 1160 2409 1229 στεφανοῦντὰ
2439 1177 2496 1213 σε
2532 1162 2588 1212 ἐν
2621 1160 2759 1212 ἐλέει
2792 1161 2886 1214 καὶ
2916 1163 3237 1232 οἰκτιρμοῐς.
3271 1181 3288 1214 ι
3336 1164 3616 1234 Ἐπιτήρει

2043 1252 2100 1306 δέ
2127 1253 2274 1315 ὅπως
2306 1251 2409 1316 ἐξω
2447 1252 2688 1320 γεγονότι
2716 1254 2816 1322 τῆς
2845 1251 3018 1322 πύλης
3049 1253 3125 1322 τῷ
3165 1254 3328 1323 ἱερεῖ,
3349 1253 3442 1307 καὶ
3473 1256 3610 1308 ἀπο-

2043 1344 2190 1399 τάτω
2208 1345 2304 1414 τῆς
2333 1344 2704 1414 παρεμϐολῆς,
2733 1347 2762 1397 6
2782 1345 2878 1413 τὴν
2902 1344 3110 1414 λέπραν
3138 1345 3418 1410 πεπονθὼς
3444 1349 3614 1400 cicaro—

2049 1435 2284 1506 μίζεται.
2330 1435 2770 1506 Ἐξερῤιμμένοις
2811 1435 2919 1505 γὰρ
2952 1435 3142 1504 ὥσπερ
3175 1437 3328 1505 ἡμῖν,
3376 1439 3472 1490 καὶ
3515 1440 3614 1491 πό-

2044 1527 2178 1592 λεως
2204 1530 2301 1598 τῆς
2332 1528 2491 1596 ἁγίας
2517 1527 2611 1580 καὶ
2639 1528 2787 1598 ίερᾶς
2806 1527 2922 1601 ,ἔξω
2953 1544 3054 1580 που
3085 1531 3437 1598 μεμενηκόσι,
3469 1532 3614 1600 φημὶ

2044 1620 2100 1674 δέ
2132 1619 2228 1690 τῆς
2275 1618 2599 1690 Ἐκκλησίας
2639 1618 2732 1670 τοῦ
2767 1617 2934 1679 Θεοῦ,
2980 1618 3077 1689 τὴν
3125 1616 3249 1672 καθ’
3288 1619 3433 1688 ἡμᾶς
3475 1619 3614 1689 ἔχων

2045 1712 2302 1782 ὁμοίωσιν
2329 1710 2684 1780 ἐπεφοίτησεν
2707 1710 2733 1762 ὀ
2755 1708 3006 1780 Χριστός.
3047 1709 3511 1780 Ἐπισκεψάμενος
3530 1713 3610 1773 ὀέ.

2046 1801 2290 1871 ἀπέφηνε
2316 1800 2586 1870 καθαροὺς
2610 1800 2696 1853 διὰ
2721 1798 2814 1853 τοῦ
2839 1801 2990 1868 ἁγίου
3021 1799 3396 1870 βαπτίσματός
3423 1818 3480 1853 τε
3517 1805 3618 1856 καὶ

2043 1891 2139 1944 τοῦ
2191 1890 2439 1961 σώματος
2485 1888 2668 1944 αὑτοῦ.
2716 1889 2946 1943 Τέθυται
2993 1890 3099 1962 γάρ
3143 1891 3283 1962 ὑπὲρ
3308 1891 3485 1962 ἡμῶν,
3521 1896 3614 1946 καὶ

2047 1985 2310 2053 σωτήριον
2343 1983 2474 2052 ἡμῖν
2523 1980 2804 2050 ἀνεδείχθη
2844 1981 3151 2052 φάρμακον,
3204 1982 3266 2034 τὸ
3308 1983 3404 2036 καὶ
3451 1983 3613 2037 αὑτὸν

2041 2073 2186 2144 ὑπὲρ
2217 2073 2375 2144 ἡμῶν
2397 2073 2724 2143 ἀνασχέσθαι
2746 2071 2937 2125 παθεῖν
2959 2072 3049 2125 τὸν
3071 2073 3163 2124 ἐπὶ
3183 2072 3338 2139 ξύλου
3362 2073 3610 2126 θάνατον.

2045 2163 2207 2217 Τουτὶ
2237 2163 2346 2232 γὰρ
2374 2165 2505 2232 ἡμῖν
2541 2164 2598 2215 ἐν
2628 2164 2739 2226 τοῖς
2780 2163 2944 2233 ἱεροῖς
2973 2164 3394 2232 ἐσκιαγραφεῖτο
3423 2165 3612 2236 Γράμ-

2048 2271 2228 2324 μασιν.
2273 2273 2290 2305 ι
2321 2253 2422 2308 Δύο
2450 2253 2558 2324 γὰρ
2586 2253 2796 2323 ὀρνίθια
2822 2253 3034 2323 καθαρά
3067 2272 3084 2305 ι
3117 2251 3475 2323 λαμϐάνεται.
3509 2257 3615 2308 Τύ-

2040 2363 2145 2409 πος
2174 2345 2231 2400 δὲ
2258 2341 2325 2416 ἦν
2353 2345 2460 2416 ἄρα
2490 2345 2585 2398 καὶ
2612 2344 2770 2397 τοῦτο
2797 2343 3032 2416 Χριστοῦ
3069 2343 3163 2396 τοῦ
3193 2344 3394 2397 ἀνωθεν
3434 2345 3526 2397 καὶ
3554 2346 3613 2410 ἐξ

2045 2435 2294 2508 οὐρανοῦ.
2347 2436 2664 2507 ’Λεροπετές
2708 2435 2817 2506 γὰρ
2859 2437 2919 2488 τὸ
2953 2434 3205 2506 ὀρνίθιον.
3255 2435 3612 2506 Καταὸέὸηκε

2043 2531 2100 2584 δὲ
2127 2531 2265 2601 πρὸς
2302 2531 2449 2601 ἡμᾶς
2481 2528 2685 2582 ἄνωθέν
2725 2545 2783 2581 τε
2813 2528 2905 2580 καὶ
2945 2526 3003 2592 ἐξ
3047 2529 3290 2599 οὐρανῶν
3328 2530 3356 2581 6
3400 2529 3614 2598 Ἐμμα-

2045 2622 2229 2692 νουήλ.
2280 2621 2435 2676 Οὕτω
2465 2620 2574 2691 γάρ
2618 2619 2718 2673 που
2769 2636 2951 2690 φησιν·
2997 2639 3016 2670 ι
3058 2620 3248 2682 Οὐδεὶς
3279 2620 3614 2691 ἀναϐέϐηκεν

2044 2715 2124 2776 είς
2157 2713 2247 2766 τὸν
2279 2713 2522 2783 οὐρανὸν,
2555 2713 2604 2764 εἰ
2637 2711 2712 2782 μὴ
2744 2712 2770 2764 6
2803 2713 2867 2764 ἐκ
2903 2711 2993 2764 τοῦ
3023 2711 3254 2779 οὐρανοῦ
3286 2713 3548 2776 καταϐὰς,
3583 2714 3614 2765 6

2047 2805 2172 2866 Υἱὸς
2201 2801 2293 2856 τοῦ
2341 2801 2498 2856 Θεοῦ.
2535 2821 2556 2854 ι
2594 2802 2799 2874 Γράφει
2841 2801 2897 2856 δέ
2931 2803 3023 2856 κα)⁵
3055 2803 3084 2854 ὀ
3121 2803 3281 2870 σοφὸς
3325 2803 3611 2875 Ἰωάννηςο

2053 2913 2071 2946 ι
2119 2896 2176 2948 ’0
2213 2893 2420 2948 ἀνωθεν
2452 2894 2743 2965 ἐρχόμενος
2775 2894 2958 2947 ἐπάνω
2989 2894 3207 2948 πάντων
3248 2894 3384 2947 ἐστί.
3428 2913 3445 2945 ι
3495 2897 3614 2949 Κα-

2047 2985 2188 3056 θαρὰ
2213 2985 2270 3038 δὲ
2299 2985 2365 3038 τὰ
2409 2985 2640 3058 ὀρνίθια.
2673 2986 2782 3041 Καὶ⁵
2812 2986 2919 3058 γάρ
2954 2988 3099 3040 ἐστιν
3132 2986 3344 3058 ἀληθῶς
3377 2989 3616 3058 καθαρὸς

2044 3077 2139 3130 καὶ
2179 3075 2442 3146 ἁϐέϐηλος
2480 3076 2508 3128 ὀ
2541 3076 2779 3147 Κύριος,
2813 3078 2914 3130 οὐκ
2959 3077 3114 3141 εἰδὼς
3160 3079 3454 3150 ἁμαρτίαν.
3505 3081 3616 3133 Καὶ

2041 3165 2155 3220 οΰτι
2185 3167 2286 3218 πού
2313 3183 2512 3236 φαμεν,
2531 3168 2607 3231 ὡς
2635 3167 2727 3221 δύο
2755 3167 2981 3238 νοοῦμεν
3009 3170 3296 3239 Χριστοὺς,
3323 3171 3424 3223 κᾶν
3447 3172 3495 3224 εί
3521 3172 3616 3225 δύο

2040 3255 2278 3323 λέγοιντο
2327 3255 2552 3326 ὀρνίθια.
2602 3257 2778 3327 Σοφὴν
2821 3258 2877 3309 δὲ
2927 3259 3020 3310 καί
3053 3259 3353 3327 ἀναγκαίαν
3393 3264 3421 3312 6
3458 3261 3616 3328 λόγος

2037 3352 2170 3420 ⁴ἡμῖν
2204 3349 2500 3418 εἰσκομίζει
2530 3350 2628 3420 τὴν
2651 3349 2902 3419 θεωρίαν.
2931 3349 3063 3413 Θεὸς
3097 3351 3202 3420 γὰρ
3229 3351 3304 3403 ὢν
3338 3353 3477 3406 κατὰ
3507 3353 3612 3421 φύε-

2042 3457 2124 3492 σιν
2154 3441 2181 3492 ὀ
2215 3439 2544 3509 Μονογενὴς,
2584 3439 2680 3510 τὴν
2707 3441 2806 3509 τῆς
2833 3441 2992 3509 ἁγίας
3021 3442 3298 3512 Παρθένου
3330 3447 3614 3516 πεφόρηκε

2041 3529 2240 3600 σάρκα,
2286 3529 2379 3581 καὶ
2409 3528 2710 3582 συντίθεται
2747 3530 2844 3599 μὲν
2883 3529 3070 3602 ὥσπερ
3108 3533 3171 3584 ἐκ
3199 3532 3363 3598 δυοῖν,
3397 3535 3615 3602 φύσεως

2039 3620 2182 3688 λέγω
2225 3621 2322 3690 τῆς
2372 3620 2632 3674 ἀνωτάτω
2680 3621 2774 3674 καὶ
2829 3621 3249 3694 ἀνθρωπότητος
3287 3626 3616 3698 άπορῥήτως

2039 3711 2134 3764 καὶ
2171 3710 2307 3781 ὑπὲρ
2345 3711 2487 3765 νοῦν.
2535 3710 2680 3782 Πλὴν
2730 3707 2810 3775 εἷς
2851 3713 3053 3784 Κύριος
3107 3714 3309 3784 Ἰησοῦς
3355 3718 3608 3788 Χριστός.

2037 3803 2243 3874 Θεωρεῖ
2269 3802 2313 3855 δ’
2354 3797 2445 3856 οὖν
2476 3805 2503 3856 6
2529 3803 2685 3871 λόγος
2709 3805 2807 3873 τὴν
2834 3807 2897 3858 ἐκ
2923 3805 3066 3858 δυοῖν
3096 3807 3176 3869 είς
3212 3807 3272 3859 ’ἐν
3297 3824 3350 3860 τι
3389 3809 3613 3879 συνδρο-

2042 3896 2169 3964 μήν.
2210 3894 2313 3947 Δύο
2337 3889 2429 3947 οὖν
2462 3893 2718 3966 ταύτῃτοι
2760 3895 2829 3950 τὰ
2870 3896 3080 3967 ὀρνίθια
3121 3899 3400 3970 σημαίνων
3445 3901 3614 3953 πολυ-

2037 3986 2253 4056 τρόπως
2288 3985 2353 4056 δὴ
2382 3987 2410 4038 ὀ
2441 3987 2602 4060 νόμος
2637 3988 2696 4041 τὸ
2731 3989 2970 4058 Χριστοῦ
3013 3992 3334 4062 μυστήριον,
3363 3992 3472 4044 δεῖν
3505 3994 3612 4064 εφη

2039 4075 2560 4146 παραλαμϐάνεσθαι
2587 4077 2682 4130 καὶ
2729 4095 2748 4127 ι
2784 4079 3022 4149 κέδρινον
3071 4079 3246 4143 ξύλονο
3281 4102 3300 4132 ι
3337 4084 3506 4146 τύπος
3565 4085 3610 4136 δ’

2039 4167 2107 4221 ἂν
2153 4168 2239 4237 είη
2285 4169 2380 4222 καὶ
2420 4168 2537 4222 τόδε
2584 4169 2682 4239 τῆς
2713 4169 2876 4237 ἁγίας
2910 4171 3075 4224 αὑτοῦ
3108 4173 3343 4241 σαρκὸς,
3388 4174 3490 4227 οὐκ
3515 4176 3612 4228 άν-

2039 4259 2305 4330 εχομένης
2339 4260 2526 4313 παθεῖν
2563 4259 2660 4331 τὴν
2699 4260 3068 4332 καταφθοράν.
3105 4264 3384 4334 Ἀσηπτον
3403 4265 3512 4337 γὰρ
3550 4267 3612 4320 τδ

357 4369 466 4409 non
490 4361 593 4409 est.
627 4354 800 4408 Porro
845 4350 1116 4422 hyssopus
1146 4348 1455 4420 designabit
1483 4350 1722 4421 Spiritus
1757 4351 1931 4406 sancti

2040 4345 2211 4412 ξύλον.
2246 4346 2537 4411 Ὕσσωπός
2566 4365 2629 4416 γε
2660 4347 2767 4418 μὴν
2795 4344 2903 4403 εἷεν
2934 4350 3000 4404 ἂν
3034 4352 3114 4413 είς
3143 4351 3310 4405 τύπον
3330 4353 3425 4406 τοῦ
3453 4355 3610 4424 ἁγίου

354 4443 672 4510 efﬁcaciam,
697 4459 797 4514 per
817 4456 982 4512 quam
1017 4439 1210 4510 spiritu
1241 4440 1516 4497 ferventes
1555 4441 1826 4498 efﬁcimur
1863 4443 1930 4508 ⁸⁸,

356 4536 700 4590 immunditia
725 4535 780 4588 in
819 4531 1095 4587 intestinis
1135 4531 1290 4601 quasi
1315 4534 1553 4588 resoluta
1579 4541 1634 4588 et
1672 4533 1930 4589 arefacta.

354 4627 632 4698 Hyssopus
659 4625 806 4679 enim
859 4624 1029 4680 herba
1071 4633 1264 4678 natura
1291 4635 1375 4679 est
1407 4623 1584 4679 calida
1627 4631 1684 4678 et
1716 4633 1840 4693 apta
1865 4623 1934 4678 ad

353 4716 694 4789 purgandam
732 4715 1150 4786 phlegmaticam
1182 4723 1238 4770 et
1286 4715 1540 4785 frigidam
1572 4715 1627 4770 in
1660 4715 1936 4770 intestinis

354 4809 638 4863 collectam
677 4807 1100 4862 immunditiam.
1121 4806 1378 4862 Christus
1401 4815 1585 4862 autem
1623 4823 1723 4876 per
1748 4806 1920 4877 Spiri-

356 4908 464 4965 tus,
493 4909 554 4955 ut
579 4899 712 4965 dixi,
741 4899 1113 4969 operationem
1153 4900 1350 4956 liberat
1378 4915 1479 4955 nos
1511 4916 1540 4955 a
1572 4899 1783 4956 morbis
1829 4900 1924 4970 qui

352 4991 533 5048 adhuc
571 4992 743 5046 latent
764 4991 820 5046 in
846 4999 1050 5046 mente.
1090 4990 1361 5046 Caeterum
1404 4991 1508 5045 hoc
1533 4991 1716 5047 herbae
1753 5005 1924 5060 genus

351 5089 497 5136 recte
525 5081 818 5137 admodum
847 5096 987 5151 aqua
1019 5080 1140 5134 viva
1182 5080 1472 5149 excipitur.
1491 5079 1753 5148 Baptizati
1777 5080 1924 5134 enim

351 5189 542 5228 sumus
579 5191 596 5222 ι
634 5174 689 5227 in
721 5173 930 5243 Spiritu
961 5181 1150 5227 sancto
1184 5181 1248 5226 et‘
1269 5172 1413 5241 igne,
1449 5189 1466 5221 ›
1496 5171 1638 5224 sicut
1665 5171 1930 5241 scriptum

349 5273 436 5320 cst
464 5265 529 5316 ⁸⁷.
559 5263 666 5318 Sed
711 5264 882 5318 herba
929 5263 1067 5328 haec,
1109 5270 1171 5316 ut
1199 5262 1332 5326 dixi,
1364 5269 1448 5316 est
1479 5261 1669 5316 calida:
1695 5271 1927 5327 natura,

349 5363 511 5424 atque
541 5355 652 5410 vim
697 5354 926 5423 spiritus
955 5353 1314 5407 demonstrat.
1359 5370 1377 5402 ι
1414 5350 1713 5406 Coccinum
1743 5361 1929 5408 autem

351 5447 814 5517 conglomeratum
849 5465 867 5497 ι
902 5459 1095 5500 rursus
1127 5443 1181 5498 in
1217 5441 1400 5514 se'ipso
1422 5443 1662 5499 declarat
1707 5443 1931 5500 modum

2033 4441 2350 4510 Πνεύματος
2375 4440 2511 4503 ζέων
2543 4439 2640 4511 τὴν
2679 4441 2978 4512 ἐνέργειαν,
3017 4443 3084 4496 δι’
3129 4439 3197 4516 ἦς
3226 4446 3304 4515 τῷ
3338 4446 3613 4517 πνεύματι

2034 4532 2244 4596 ζέοντες
2268 4531 2676 4601 ἀποτελούμεθα
2700 4532 2798 4603 τὴν
2827 4536 2884 4586 ἐν
2913 4535 3241 4606 σπλάγχνοις
3267 4537 3612 4610 ἀκαθαρσίαν

2033 4625 2192 4676 οἱονεί
2221 4639 2337 4686 πως
2364 4624 2773 4693 ἐκτετηγμένοι.
2805 4625 2918 4679 Πόα
2953 4627 3113 4697 γάρὴ
3147 4628 3397 4692 ὖσσωπος
3429 4631 3608 4701 θερμὴ

2033 4731 2094 4767 τε
2123 4717 2187 4785 τῇ
2221 4713 2396 4782 φύσει,
2422 4714 2516 4768 καὶ
2536 4713 2857 4786 διασμήχειν
2886 4718 2974 4772 οἵα
3001 4736 3060 4770 τε
3079 4720 3176 4790 τὴν
3195 4721 3253 4773 ἐν
3278 4721 3612 4792 σπλάγχνοις

2035 4803 2439 4875 συνηνεγμένην
2469 4805 2830 4878 φλεγματώδη
2865 4809 2957 4861 καὶ
2993 4809 3209 4881 ψυχράν
3240 4812 3606 4884 ἀκαθαρσίαν.

2031 4893 2385 4948 ’Λπαλλάττει
2411 4896 2466 4949 δέ
2514 4898 2694 4967 ἡμᾶς,
2728 4897 2804 4962 ὡς
2846 4898 3002 4969 ἐφην,
3051 4903 3116 4972 τῇ
3161 4901 3258 4955 τοῦ
3301 4903 3610 4974 πνεύματος

2031 4985 2280 5058 ἐνεργείᾳ
2325 4987 2596 5058 Χριστὸς,
2630 4989 2739 5043 τῶν
2783 4990 2862 5054 είς
2895 4990 3020 5052 νοῦν
3063 4992 3171 5046 ἔσω
3209 4996 3609 5065 κεκρυμμένων

2034 5079 2246 5133 παθῶν.
2274 5074 2348 5132 Εὖ
2369 5079 2424 5131 δὲ
2446 5079 2508 5151 δὴ
2531 5081 2652 5134 λίαν
2677 5082 2762 5150 ἐφ’
2783 5082 2931 5136 ὕδατι
2952 5083 3116 5148 ζῶντι
3145 5085 3238 5138 καὶ
3259 5085 3319 5138 τὸ
3345 5086 3445 5156 τῆς
3472 5087 3610 5148 πόας

2030 5171 2170 5235 εἶδος
2194 5171 2702 5242 παραλαμϐάνεται.
2727 5174 3148 5247 Βεϐαπτίσμιθα
3169 5177 3277 5250 γὰρ
3306 5198 3327 5226 σ
3356 5181 3414 5230 ἐν
3437 5177 3610 5232 Πνεῦ-

2034 5279 2164 5333 ματι
2191 5262 2331 5331 ἁγίῳ
2361 5263 2454 5316 καὶ
2483 5264 2638 5335 πυρὶ,
2677 5283 2696 5316 ι
2732 5267 2872 5320 κατά
2897 5267 2958 5321 τὸ
2985 5269 3386 5338 γεγραμμένον.
3414 5268 3607 5339 Θερμὴ

2029 5351 2109 5417 δὲ,
2149 5352 2225 5414 ὡς
2268 5351 2425 5423 ἔφην,
2471 5353 2504 5424 ἡ
2551 5354 2659 5408 πόα
2680 5395 2694 5420 ,
2725 5355 2944 5428 καὶτῆς
2976 5357 3072 5410 τοῦ
3109 5357 3419 5426 πνεύματος
3449 5357 3609 5426 {vep-

2031 5443 2186 5510 γείας
2234 5443 2627 5516 παραδεκτική.
2679 5447 2754 5500 T6
2799 5446 2856 5500 δέ
2907 5447 3284 5518 κεκλωσμένον
3328 5447 3602 5513 κόκκινον,

427 5621 476 5653 ⁸³
524 5623 667 5677 Psal.
693 5639 783 5690 cn,
815 5623 930 5677 1-4.
1008 5624 1053 5658 ⁸⁸
1085 5623 1240 5679 Joan.
1274 5637 1352 5687 ιιι,
1391 5619 1474 5674 15.
1553 5622 1598 5654 ⁸⁸
1633 5621 1790 5688 ihid.,
1827 5623 1914 5678 5!.

2071 5628 2228 5682 Rom.
2277 5645 2369 5696 xu,
2400 5629 2484 5684 11.
2563 5631 2606 5663 ⁸⁷
2637 5630 2827 5686 Matth.
2867 5648 2944 5698 tu,
2994 5631 3094 5700 ll;
3127 5630 3262 5689 Luc.
3291 5643 3372 5700 ut,
3404 5629 3495 5686 16.
