4060 6192
332 364 433 421 5ῧὶ

1350 358 1871 420 σιΑΡιιγιιοκωί
1909 363 1976 418 IN
2012 362 2386 420 LEVITICUM
2426 362 2647 420 LIBER.

3489 364 3520 419 ι’
3527 370 3594 418 ti:

331 481 466 537 αὐτὸ
491 482 556 553 δὴ
587 479 749 535 πάλιν
777 480 864 549 ἐφ’
886 478 1064 549 ἐαυτῷ
1090 478 1180 531 τὸν
1206 477 1302 548 τῆς
1325 478 1787 552 ἐνανθρωπήσεως
1815 476 1910 533 τοῦ

2018 479 2412 536 incarnationis
2438 479 2734 550 Unigeniti.
2763 477 2999 533 Verbum
3013 475 3161 531 enim
3191 489 3327 529 eum
3343 473 3413 529 sit
3428 475 3590 542 Deus,

330 571 673 642 Μονογενοῦς
741 570 1073 640 ὐπεμφαίνει
1139 571 1358 642 τρόπον.
1435 572 1747 627 Πέπλεκται
1804 570 1915 643 7&9

330 665 524 735 ὥσπερ
551 663 717 733 σαρκὶ
748 662 842 717 καὶ
874 661 1067 731 αἵματι
1099 660 1232 725 Θεὸς
1276 659 1354 715 ὢν
1392 662 1422 716 6
1454 662 1645 731 Λόγος.
1679 661 1917 732 Ἐξεικο-

330 757 437 810 νιεῖ
458 754 516 807 δὲ
552 756 582 808 ό
611 752 833 817 κόκκος,
866 747 1008 823 αἷμά
1049 768 1110 805 τε
1142 752 1239 806 καὶ
1273 753 1469 823 σάρκα.
1515 751 1913 826 Τοιουτόχρωος

331 845 444 914 γὰρ
467 844 665 914 ὁρᾶται
698 844 795 897 καὶ
820 841 996 897 ἔσται.
1038 841 1310 911 Σφάζεται
1349 844 1531 899 τοίνυν
1576 844 1640 899 τὸ
1681 844 1919 917 ὀρνίθιον

330 938 418 1007 ἐφ’
440 935 595 989 ὕδατι
617 934 782 1000 ζῶντι
802 935 861 987 ἐν
885 925 933 1002 ᾧ
952 933 1015 988 τὸ
1034 934 1401 1007 περιλειφθὲν,
1428 936 1566 1008 ὁμοῦ
1594 939 1705 1002 τοῖς
1732 937 1913 1000 ἄλλοις

333 1028 654 1097 βαπτίζεται
672 1067 688 1092 ,
727 1026 822 1080 καὶ
848 1026 1035 1080 λοιπὸν
1061 1026 1272 1081 ἀνεῖται
1303 1027 1572 1093 πεπονθὸς
1600 1028 1774 1096 οὐδὲν,
1812 1047 1913 1084 κα-

331 1118 512 1189 θάπερ
535 1118 638 1189 ἠδη
666 1119 948 1188 προεῖπον.
976 1117 1209 1172 Τέθυται
1234 1118 1344 1190 7&9
1376 1119 1517 1191 ὑπὲρ
1540 1119 1697 1191 ἡμῶν
1721 1121 1751 1175 ό
1776 1122 1909 1193 Χρι-

332 1208 481 1270 στός
504 1206 617 1261 ἀλλ’
640 1202 710 1277 ἦν
729 1209 759 1261 ὁ
789 1206 955 1270 αὐτὸς
979 1207 1071 1260 καὶ
1100 1208 1157 1261 ἐν
1187 1206 1423 1279 θανάτῳ,
1453 1209 1547 1263 καὶ
1577 1210 1718 1279 ὑπὲρ
1749 1209 1913 1266 θάνα-

328 1315 448 1356 τον.
479 1317 499 1351 ι
534 1298 882 1369 Ἐθανατώθη
916 1298 1016 1369 μὲν
1044 1299 1155 1370 7&9
1179 1298 1343 1369 σαρκὶ
1361 1340 1376 1366 ,
1409 1300 1553 1353 κατά
1573 1301 1636 1354 τὸ
1663 1318 1911 1372 γεγραμ-

332 1388 520 1460 μένον,
555 1387 893 1459 ἐζωοποιήθη
919 1388 976 1442 δὲ
1004 1388 1297 1460 πνεύματι,
1328 1407 1348 1441 ›
1379 1391 1439 1445 ἐν
1462 1384 1507 1459 ᾧ
1545 1409 1566 1444 t
1593 1393 1689 1446 καὶ
1715 1396 1827 1457 τοῖς
1852 1395 1911 1448 ἐν

330 1479 547 1552 φυλακῇ
567 1479 897 1550 ἀπιθήσασί
925 1496 1054 1533 ποτε
1075 1479 1385 1551 πνεύμασιν
1410 1482 1698 1555 πορευθεὶς
1729 1503 1748 1537 ι
1783 1487 1911 1556 ἐκή-

331 1573 512 1644 ρυξεν.
548 1569 624 1645 ’ξι
660 1574 761 1644 μὲν
789 1571 899 1643 γὰρ
942 1576 1141 1628 νοεῖται
1190 1576 1284 1629 καὶ
1324 1574 1548 1644 γέγονεν
1584 1577 1869 1650 ἄνθρωπος
1892 1619 1906 1639 ,

328 1666 539 1736 ὑπέστη
575 1666 667 1719 τὸν
699 1666 928 1720 θάνατον
947 1682 962 1697 ·
1073 1666 1129 1720 δέ
1164 1668 1313 1722 ἐστιν
1340 1667 1557 1740 ἀληθῶς
1584 1668 1695 1741 ζωή
1723 1687 1781 1723 τε
1816 1672 1911 1724 καὶ

327 1759 393 1810 ἐκ
418 1757 590 1828 ζωῆς,
622 1756 855 1812 θανάτου
888 1758 1154 1829 κρείττων
1182 1760 1450 1828 ἐφαίνετο.
1479 1757 1686 1815 υύκοῦν
1716 1761 1799 1824 είς
1817 1761 1910 1814 τὸν

2016 570 2313 626 involvitur
2342 570 2495 626 carni
2527 578 2584 625 et
2612 568 2882 639 sanguini.
2918 567 3129 622 Coccus
3151 582 3284 621 vero
3298 580 3519 621 carnem
3538 575 3596 620 et

2014 659 2337 730 sanguinem
2369 665 2750 730 repraesentat.
2785 657 2935 712 Talis
2955 656 3103 712 enim
3133 656 3317 711 colore
3346 663 3593 725 apparet,

2013 758 2070 807 et
2109 760 2213 808 est.
2244 752 2486 823 Ideoque
2524 750 2737 806 avicula
2776 757 3046 805 mactatur
3071 748 3128 803 in
3155 762 3296 817 aqua
3336 746 3592 810 ferventi,

2015 843 2071 899 in
2093 859 2234 914 aqua
2260 844 2400 899 alter
2416 858 2606 914 passer
2633 857 2741 897 una
2764 855 2890 896 cum
2914 840 3037 896 aliis
3059 838 3309 910 tingitur,
3332 845 3390 893 et
3407 845 3595 906 postea

2013 936 2335 1001 dimittitur,
2356 935 2510 991 nullo
2550 935 2694 991 malo
2717 933 2966 998 aﬂectus,
2997 931 3461 1003 quemadmodum
3498 945 3597 985 an-

2013 1037 2101 1084 tea
2127 1026 2261 1082 dixi.
2291 1025 2705 1097 Siquidem-pro
2721 1027 2884 1081 nobis
2903 1032 3173 1082 mactatus
3196 1034 3280 1079 est
3295 1024 3551 1081 Christus
3575 1042 3591 1078 :

2012 1134 2205 1174 verum
2230 1118 2375 1175 idem
2399 1128 2520 1177 erat
2558 1119 2612 1173 in
2649 1127 2823 1174 morte
2849 1126 2905 1173 et
2928 1133 3090 1188 supra
3123 1125 3375 1172 mortem.
3405 1134 3426 1167 ι
3456 1116 3598 1172 Mor-

2015 1209 2253 1266 tiﬁeatus
2273 1209 2421 1266 enim
2452 1218 2538 1265 est
2561 1224 2748 1274 carne,
2788 1209 2933 1264 sicut
2959 1209 3226 1278 scriptum
3253 1217 3357 1273 est,
3378 1197 3435 1262 et
3455 1206 3594 1263 vivi-

2014 1302 2208 1358 ﬁcatus
2231 1303 2426 1373 spiritu
2454 1319 2467 1356 :
2513 1321 2531 1355 ι
2565 1317 2664 1372 per
2684 1317 2847 1373 quem
2886 1301 3166 1372 profectus
3188 1300 3352 1355 etiam
3380 1319 3398 1351 ‹
3430 1300 3596 1370 spiri~

2014 1393 2163 1448 tibus
2199 1394 2255 1447 in
2296 1408 2519 1449 carcere
2567 1393 2903 1464 praedicavit,
2948 1393 3042 1462 qui
3085 1392 3215 1446 olim
3258 1392 3482 1446 fuerunt
3509 1391 3595 1453 in-

2011 1483 2333 1538 obedientes
2377 1484 2445 1537 ⁸⁸.
2477 1502 2495 1535 ι
2553 1483 2837 1550 Quatenus
2891 1483 3041 1538 enim
3078 1482 3400 1551 intelligitur
3429 1488 3488 1536 et
3513 1482 3596 1535 fa-

2012 1584 2135 1631 ctus
2157 1586 2241 1631 est
2276 1577 2461 1641 homo,
2503 1576 2767 1632 sustinuit
2802 1583 3035 1631 mortem
3076 1592 3089 1627 :
3118 1582 3391 1644 quatenus
3413 1580 3596 1628 autem

2012 1683 2140 1724 vere
2173 1669 2285 1723 vita
2312 1676 2417 1733 est,
2447 1676 2504 1723 et
2535 1683 2601 1722 ex
2647 1666 2780 1731 vita,
2834 1672 3010 1720 morte
3054 1673 3283 1736 apparet
3321 1663 3597 1734 superior.

2011 1747 2356 1830 Quapr0pler
2401 1760 2750 1830 passerculus
2793 1757 2953 1813 vivus
2986 1755 3043 1810 in
3092 1764 3331 1810 mortem
3376 1754 3599 1809 mactati

326 1847 423 1902 τοῦ
456 1848 753 1912 τεθνεῶτος
791 1848 1039 1915 θάνατον,
1072 1850 1131 1903 τὸ
1175 1850 1409 1920 ὀρνίθιον
1447 1851 1507 1905 τὸ
1538 1850 1648 1916 ζῶν
1682 1851 1909 1906 ἐϐαπτί-

2015 1849 2362 1906 abluebatur.
2392 1850 2513 1919 Quo
2538 1865 2670 1907 sane
2700 1850 2786 1905 lex
2829 1848 3057 1919 ﬁgurate
3097 1846 3371 1917 signiﬁcat
3426 1846 3597 1917 quod,

329 1938 473 2003 ζετο.
503 1938 611 1992 Τοῦ
641 1937 810 2010 νόμου
834 1940 1334 2009 κατασημαίνοντος
1363 1939 1801 2011 αἰνιγματωδῶς,
1828 1942 1910 1996 ὅτι

331 2034 423 2089 καί
447 2051 530 2088 τοι
552 2032 693 2088 κατά
714 2033 878 2103 φύσιν
897 2033 1008 2106 ζωὴ
1035 2035 1129 2088 καὶ
1149 2036 1213 2088 ἐκ
1234 2034 1378 2107 ζωῆς
1402 2021 1659 2107 ὑπάρχων
1678 2036 1909 2105 όΛόγος,

330 2125 428 2196 τῆς
460 2125 594 2190 ίδίας
628 2126 831 2198 σαρκὸς
864 2125 1163 2181 οἰκειοῦται
1191 2127 1285 2181 τὸν
1314 2126 1562 2183 θάνατον.
1593 2130 1669 2183 Οὐ
1707 2127 1816 2202 γὰρ
1842 2125 1911 2202 ἦν

330 2206 591 2289 ἀλλοτρία
614 2217 779 2271 αὐτοῦ
804 2219 836 2289 ἡ
861 2217 1231 2289 ἀναληφθεῖσα
1258 2218 1416 2292 σὰρξ,
1444 2218 1557 2274 ἀλλ’
1589 2220 1695 2275 ίδία
1722 2219 1910 2279 αὐτοῦ.

330 2308 797 2381 Καπρῤαμμένος
824 2309 882 2363 δὲ
902 2312 935 2363 ὁ
958 2309 1159 2380 λεπρὸς
1184 2310 1413 2374 ἑπτάκις
1437 2311 1514 2384 τῷ
1537 2311 1687 2366 ῦδατι
1716 2312 1824 2366 τῶν
1852 2316 1913 2366 ἐκ

328 2398 423 2452 τοῦ
456 2397 786 2468 λεπροῦσθαι
804 2399 990 2453 λοιπὸν
1016 2400 1359 2471 αίτιαμάτων
1385 2400 1777 2473 ἀπηλλάττετο.
1804 2404 1913 2459 Κα-

328 2492 532 2562 θαροὺς
558 2491 637 2556 δὲ,
678 2493 754 2557 ὡς
785 2492 948 2563 ἔφην,
977 2493 1073 2547 καὶ
1111 2494 1262 2564 ἡμᾶς
1306 2494 1597 2563 ἀποφαίνει
1638 2494 1871 2567 Χριστὸς
1896 2535 1911 2561 ,

326 2582 418 2637 διὰ
438 2582 535 2637 τοῦ
567 2584 719 2652 άγίου
745 2584 1118 2655 βαπτίσματος
1148 2586 1294 2656 ἡμᾶς
1322 2585 1583 2654 ἁγιάζων.
1607 2586 1777 2641 Τοῦτο
1805 2587 1915 2658 γὰρ

327 2670 483 2745 οἶμαι
511 2674 708 2746 δηλοῦν
735 2676 797 2729 τὸ
826 2675 1075 2740 ἑπτάκις.
1105 2675 1262 2730 υῦτω
1290 2694 1349 2731 τε
1383 2678 1561 2743 συνεὶς
1589 2681 1618 2732 ὁ
1647 2678 1915 2749 μακάριος

328 2768 432 2839 εφη
468 2768 699 2832 Παῦλος·
742 2788 760 2821 ι
796 2763 870 2822 Oi}
896 2769 953 2822 δέ
990 2768 1310 2823 ἐπλεόνασεν
1356 2772 1388 2841 ἡ
1434 2768 1708 2841 ἁμαρτία,
1742 2772 1913 2842 ὑπερ-

331 2860 720 2931 επερίσσευσεν
750 2863 781 2931 ἠ
834 2861 1015 2932 χάρις.
1070 2880 1090 2914 ι
1127 2861 1338 2915 Οὐκοῦν
1375 2863 1436 2916 τὸ
1470 2862 1784 2933 ἁμφιλαφές
1813 2862 1915 2933 τῆς

331 2951 552 3023 χάριτος
586 2952 680 3005 καὶ
717 2952 779 3005 τὸ
816 2953 981 3006 οἱονεί
1004 2970 1120 3015 πως
1163 2952 1385 3017 τελείως
1426 2953 1548 3025 ἔχον
1592 2954 1672 3018 είς
1703 2954 1913 3008 ἀποκά-

330 3042 547 3115 θαρσιν,
600 3043 689 3097 διὰ
736 3044 830 3098 τοῦ
880 3043 1110 3109 ἑπτάκις
1179 3044 1525 3116 σημαίνεται.
1586 3047 1916 3120 Κατερῤαμ-

335 3133 496 3204 μένος
535 3132 593 3186 δὲ
642 3132 920 3204 ὁλεπρὸς,
962 3133 1183 3204 ἐξύρετο
1236 3134 1336 3204 τὴν
1382 3134 1562 3207 τρίχα.
1627 3135 1913 3208 Κεκαθαρ·

337 3195 492 3293 μένοι
551 3224 662 3294 γάρ
720 3195 818 3278 διὰ.
855 3195 949 3279 τοῦ
1003 3195 1166 3294 ἀγίου
1204 3195 1602 3296 βαπτίσματος,
1625 3228 1790 3282 οἱονεὶ
1822 3195 1914 3281 καὶ
1942 3195 1984 3251 c

333 3315 405 3369 τὰ
435 3316 642 3388 σαρκὸς
687 3316 1072 3388 βλαστήματα,
1119 3317 1382 3381 τουτέστι,
1415 3318 1514 3382 τὰς
1555 3319 1613 3371 ἐν
1659 3320 1793 3389 ἡμῖν
1825 3320 1919 3373 καί

333 3408 611 3478 ἐμφύτους
650 3408 843 3478 ἡδονάς
875 3408 951 3472 ὡς
978 3410 1034 3461 ἐν
1075 3408 1206 3462 εἴδει
1232 3406 1433 3479 τριχῶν
1459 3409 1755 3479 νοουμένας
1781 3409 1917 3480 ὁμοῦ

334 3496 442 3558 τοῖς
472 3493 681 3565 ἑτέροις
705 3494 1038 3565 πταίσμασιν
1064 3494 1454 3566 ἀποτιθέμεθα,
1480 3495 1751 3551 καὶτοῦτο
1784 3500 1918 3568 ἡμῖν

334 3583 685 3655 ἐνεργοῦντος
717 3584 978 3657 Χριστοῦ.
1015 3586 1187 3655 Λόγος
1214 3586 1323 3657 γάρ
1349 3587 1496 3641 ἐστιν
1522 3587 1685 3650 αὐτὸς
1717 3587 1827 3651 ζῶν
1857 3606 1917 3641 τε

335 3676 429 3728 καὶ
475 3676 713 3746 ἐναργὴς
758 3676 852 3729 καὶ
905 3677 1217 3747 τομώτατος
1262 3678 1572 3749 ἀποκείρων
1619 3679 1915 3751 ἁμαρτίας,

336 3769 428 3821 καὶ
460 3769 561 3853 τῆς
590 3770 654 3822 ἐκ
685 3769 874 3822 παθῶν
900 3770 1245 3842 ἀκαθαρσίας
1273 3770 1629 3826 ἀπαλλάττων
1648 3772 1738 3826 τὸν
1769 3772 1916 3827 νοῦν.

347 3859 712 3933 Ἒξυρημένος
738 3863 801 3933 δὴ
823 3860 917 3917 οὖν
945 3866 973 3918 ὁ
1001 3863 1220 3935 λεπρὸς,
1244 3863 1473 3919 είσέλθει
1505 3864 1689 3919 λοιπὸν
1716 3867 1795 3932 είς
1819 3867 1917 3940 τὴν

337 3952 723 4025 παρεμ6ολήν⁶
758 3952 911 4007 οὔπω
955 3971 1018 4022 γε
1071 3955 1179 4025 μὴν
1216 3957 1311 4009 καὶ
1336 3955 1414 4019 εἰς
1453 3954 1549 4010 τὸν
1592 3956 1722 4011 ἴδιον
1745 3951 1914 4012 οῐκον.

333 4042 755 4115 Κεκαθαρμένοι
771 4044 899 4115 γὰρ,
923 4046 999 4108 ὡς
1019 4045 1566 4117 ἔφην,συναπτόμεοα
1592 4050 1703 4109 τοῖς
1719 4048 1915 4116 ἀγίοις,

2010 1942 2117 1997 etsi
2140 1941 2381 1997 Verbum
2405 1952 2599 2012 suapte
2628 1950 2824 1997 natura
2845 1940 2956 1995 vita
2989 1940 3061 1994 sit
3084 1948 3138 1993 et
3160 1955 3228 1994 ex
3254 1939 3385 2004 vita,
3417 1946 3600 1997 tamen

2013 2049 2128 2090 sua:
2154 2034 2305 2090 carni
2325 2035 2601 2106 propriam
2622 2034 2752 2090 fecit
2780 2043 3037 2090 mortem.
3055 2034 3191 2089 Nam
3221 2046 3351 2086 caro
3380 2046 3503 2101 quae
3530 2030 3605 2087 al!

2014 2129 2134 2198 ipso
2155 2136 2435 2198 assumpta
2450 2135 2553 2193 est,
2580 2142 2691 2181 non
2720 2138 2839 2181 erat
2860 2127 3110 2193 alterius,
3150 2126 3246 2181 sed
3274 2124 3446 2196 ipsius
3477 2140 3604 2193 pro-

2014 2218 2153 2288 pria.
2194 2217 2464 2274 Caeterum
2518 2218 2771 2288 leprostts
2827 2217 3031 2288 septies
3078 2231 3339 2288 aspersus
3388 2230 3529 2286 aqua
3568 2231 3601 2270 ει

2014 2311 2182 2380 lepra:
2230 2309 2365 2365 vitio
2400 2309 2661 2380 deinceps
2711 2309 3118 2365 absolvebatur.
3144 2307 3399 2364 Christus
3432 2306 3601 2361 etiam

2014 2419 2116 2459 nos
2147 2403 2383 2458 mundos
2408 2401 2612 2466 reddit,
2645 2418 2746 2474 per
2768 2410 3019 2457 sanctum
3039 2400 3372 2470 baptismum
3395 2397 3601 2453 all‘atlm

2016 2511 2117 2550 nos
2147 2494 2516 2550 sanetillea’ns.
2545 2494 2603 2550 ld
2638 2494 2785 2550 enim
2834 2493 3077 2548 arbitror
3100 2492 3469 2563 septenarium
3494 2506 3601 2544 nu-

2016 2599 2229 2640 merum
2252 2585 2582 2656 signilicare.
2611 2583 2791 2654 Atque
2820 2584 2895 2638 ita
2929 2583 3122 2638 beatus
3159 2582 3360 2636 Paulus
3395 2580 3603 2634 intelli-

2015 2693 2150 2749 gens
2196 2677 2274 2731 ait
2322 2694 2335 2730 :
2390 2696 2407 2727 ι
2446 2677 2550 2732 Ubi
2610 2675 2911 2730 abundavit
2961 2682 3268 2745 peccatum,
3308 2672 3385 2727 ibi
3427 2672 3603 2740 magis

2015 2766 2283 2823 exuberat
2310 2765 2485 2837 gratia
2515 2765 2583 2819 ⁸⁸.
2609 2784 2628 2817 ι
2664 2764 3033 2831 Quamobrem
3057 2757 3364 2832 amplitudo
3391 2760 3600 2830 gratim,

2016 2870 2073 2916 et
2098 2860 2204 2916 hoc
2225 2859 2371 2930 quod
2410 2858 2577 2929 quasi
2605 2858 2910 2928 perfectum
2935 2863 3020 2911 est
3046 2855 3114 2910 ad
3132 2852 3601 2915 emundationem,

2018 2968 2120 3024 per
2143 2950 2518 3024 septenarium
2563 2947 2923 3021 signiﬁcatur.
2952 2948 3193 3018 Leproso
3229 2954 3415 3001 autem
3437 2960 3601 2999 mun-

2019 3046 2150 3103 dato
2172 3044 2584 3102 abradehautur
2604 3043 2723 3114 pili.
2748 3041 2915 3114 358
2939 3040 3078 3108 Quia
3104 3048 3160 3095 et
3196 3053 3318 3103 nos,
3346 3053 3445 3109 per
3470 3052 3600 3093 san-

2021 3146 2171 3193 ctum
2202 3135 2533 3206 baptismum
2568 3132 2818 3189 mundati
2852 3147 2884 3187 a
2911 3132 3094 3187 carnis
3122 3138 3326 3201 segete,
3358 3129 3463 3184 hoc
3494 3136 3598 3191 est,

2019 3242 2050 3281 a
2079 3225 2458 3296 voluptatibus
2482 3223 2647 3279 nobis
2676 3222 2857 3277 insitis
2879 3236 3001 3293 quae
3024 3236 3122 3291 per
3144 3219 3286 3290 pilos
3313 3218 3603 3289 designan-

2020 3325 2140 3381 tur,
2180 3331 2291 3371 una
2324 3330 2450 3371 cum
2494 3312 2711 3370 caeteris
2744 3312 2964 3368 delictis
2994 3326 3388 3376 exoneramur;
3436 3310 3605 3380 idque

2020 3408 2077 3463 in
2107 3408 2270 3464 nobis
2292 3405 2565 3462 eﬂieiente
2583 3403 2825 3460 Christo.
2856 3403 3098 3459 Verbum
3126 3401 3275 3457 enim
3311 3401 3490 3471 ipsum
3517 3408 3605 3454 est

2018 3498 2203 3554 vivum
2226 3505 2284 3554 et
2314 3496 2527 3561 elﬁcax,
2552 3504 2717 3565 atque
2739 3492 3119 3549 acutissimum
3141 3490 3209 3546 ad
3233 3488 3627 3545 abscindendae

2019 3599 2273 3663 peccata,
2302 3599 2359 3647 et
2387 3590 2455 3645 ad
2485 3588 2826 3645 liberandam
2860 3593 3102 3641 mentem
3145 3584 3215 3640 ab
3249 3580 3602 3638 inmunditia

2019 3698 2143 3755 qua:
2172 3698 2241 3739 ex
2277 3682 2475 3738 morbo
2500 3678 2711 3751 peccati
2741 3677 2959 3734 exsistit
3004 3675 3071 3728 “.
3110 3674 3391 3745 Leprosus
3435 3673 3604 3742 igitur

2010 3790 2177 3831 rasus
2201 3773 2258 3829 in
2294 3780 2473 3829 castra
2494 3771 2716 3827 demum
2743 3784 2866 3826 sese
2901 3765 3250 3830 conferebat;
3276 3780 3378 3819 nec
3417 3772 3600 3817 tamen

2020 3867 2286 3924 continuo
2309 3865 2364 3919 in
2388 3879 2543 3920 suam
2564 3862 2787 3918 domum
2816 3856 3287 3915 intromittebatur
3312 3872 3326 3908 :
3348 3869 3472 3908 nam
3500 3867 3603 3906 nos

2019 3959 2259 4032 purgati,
2312 3967 2376 4013 ut
2425 3956 2559 4019 dixi,
2593 3952 2978 4025 eonjungimur
3009 3946 3234 4012 sanctis,
3271 3954 3334 4000 ut
3371 3943 3601 4014 posthac

2017 4069 2142 4111 eum
2174 4062 2364 4107 sancto
2413 4065 2477 4105 ac
2505 4047 2694 4104 divino
2723 4058 2922 4117 genere
2948 4056 3264 4104 versemur;
3310 4047 3474 4106 atque
3518 4034 3599 4089 sic

334 4134 771 4205 συνδιαιτώμεθα
822 4136 1026 4203 ⁸λοιπὸν
1087 4137 1164 4206 τῷ
1217 4135 1348 4209 όσίρ
1411 4138 1501 4192 καὶ
1562 4138 1693 4209 ίερῷ
1730 4137 1912 4206 γένει’

2021 4143 2363 4216 ingredimur
2413 4139 2636 4211 quidem
2686 4137 2913 4193 domum
2956 4134 3076 4199 Dei,
3124 4130 3219 4187 sed
3265 4129 3507 4185 nondum
3541 4127 3599 4183 in

331 4226 547 4297 είσιμέν
574 4243 633 4279 τε
657 4226 801 4281 οῦτω
828 4228 922 4281 καὶ
947 4229 1005 4280 ἐν
1029 4226 1162 4299 οἴκῳ
1179 4228 1336 4294 Θεοῦ,
1363 4228 1500 4299 πλὴν
1521 4226 1676 4282 οὔπω
1706 4230 1785 4292 είς
1817 4228 1915 4293 τὰς

2018 4235 2333 4291 mansiones
2358 4223 2644 4303 supernas.
2676 4229 2790 4285 Hoc
2830 4225 2979 4283 enim
3011 4225 3215 4281 donum
3257 4227 3599 4277 reservatum

330 4319 446 4372 ἄνω
482 4317 670 4388 μονάς.
705 4318 1013 4389 Τετήρηται
1058 4319 1168 4390 γὰρ
1199 4321 1278 4383 είς
1322 4318 1495 4373 αίῶνα
1530 4319 1620 4372 τὸν
1651 4319 1915 4389 μέλλοντα

2016 4337 2101 4383 est
2136 4325 2194 4380 in
2223 4323 2357 4380 illud
2402 4320 2662 4378 saeculum
2695 4316 2842 4389 quod
2884 4323 3009 4386 post
3030 4313 3174 4369 hanc
3205 4311 3377 4367 vitam
3417 4316 3601 4363 manet

332 4412 446 4475 τοῖς
478 4409 653 4478 ἀγίοις
682 4410 742 4463 τὸ
768 4410 959 4482 δῶρον.
995 4409 1261 4482 Ταύτῃτοι
1300 4411 1393 4463 καὶ
1425 4410 1694 4464 είσελάσει
1718 4412 1798 4473 ei;
1816 4412 1914 4483 τὴν

2016 4423 2254 4474 sanctos.
2277 4414 2516 4484 Ideoque
2543 4412 2843 4467 mundatus
2870 4403 3265 4461 admittebatur
3296 4402 3351 4454 in
3394 4407 3596 4459 castra,

333 4501 690 4572 παρεμϐολὴν
712 4503 741 4554 ὁ
773 4501 1199 4586 κεκαθαρμένος,
1217 4502 1355 4555 ἐπτά
1376 4501 1661 4573 διατρίψας
1682 4503 1914 4573 ἡμέρας,

2018 4510 2072 4563 in
2097 4509 2301 4578 quibus
2331 4520 2457 4561 eum
2488 4504 2689 4574 egisset
2720 4507 2929 4570 septem
2953 4495 3093 4559 dies,
3125 4495 3181 4548 in
3202 4506 3356 4547 suam
3379 4488 3599 4543 tandem

334 4594 429 4648 καὶ
456 4594 541 4656 εἰς
568 4592 658 4646 τὸν
687 4592 817 4646 ίδιον
847 4589 995 4647 οἷκον
1024 4593 1253 4648 είσέλθει
1281 4593 1485 4649 λοιπόν.
1520 4596 1676 4650 Μετὰ
1702 4597 1811 4667 γάρ
1832 4614 1913 4649 τοι

2019 4616 2077 4656 se
2114 4597 2417 4669 recipiebat
2450 4595 2699 4650 domum.
2739 4588 2876 4656 Quia
2899 4596 2956 4643 et
2978 4601 3079 4641 nos
3114 4591 3238 4656 post
3273 4587 3597 4653 praesentem

333 4686 425 4738 τὸν
447 4685 623 4738 αίῶνα
649 4684 742 4737 τὸν
774 4685 1099 4756 ἐνεστηκότα
1123 4686 1222 4755 τὴν
1257 4684 1345 4739 διά
1374 4685 1611 4758 Χριστοῦ
1646 4688 1914 4757 κάθαρσιν

2024 4690 2212 4754 vitam,
2242 4688 2289 4743 si
2326 4702 2425 4758 per
2447 4683 2730 4741 Christum
2754 4679 3059 4735 habeamus
3087 4672 3522 4734 mundatienem,
3543 4669 3600 4725 in

334 4777 575 4846 ἔχοντες,
602 4776 696 4829 καὶ
716 4777 774 4829 ἐν
806 4778 926 4839 ταῖς
962 4776 1075 4830 ἄνω
1111 4780 1300 4847 μοναῖς
1330 4776 1707 4847 καταλύσομεν
1734 4792 1746 4805 ·
1780 4778 1914 4831 ἐκα-

2021 4781 2278 4853 supernis
2299 4775 2600 4834 habitaturi
2628 4787 2821 4830 sumus
2859 4769 3257 4831 mansionibus,
3290 4764 3602 4835 singulique

337 4868 461 4930 στός
484 4883 544 4919 τε
574 4866 683 4919 τῶν
715 4867 1082 4938 ήγιασμένων,
1107 4868 1358 4941 καθάπερ
1383 4870 1464 4933 εἰς
1491 4869 1621 4923 [διον
1653 4865 1799 4922 οἷκον
1823 4870 1915 4923 τὸν

2020 4873 2194 4928 sancti
2226 4872 2280 4926 in
2313 4868 2686 4925 haereditatem
2709 4864 2813 4921 sibi
2843 4862 3185 4921 attributam,
3209 4856 3365 4928 quasi
3391 4856 3445 4909 in
3470 4869 3600 4923 pro~

337 4956 848 5030 ἐκνεμηθησόμενον
874 4958 1026 5029 αὐτῷ
1059 4960 1353 5014 καταλύσει
1381 4960 1602 5032 κλῆρον.
1645 4961 1719 5014 Οὐ
1753 4977 1915 5015 κατα-

2016 4965 2193 5034 priam
2242 4962 2493 5026 domum,
2522 4967 2650 5015 sunt
2707 4953 3090 5026 immigraturi.
3147 4944 3599 5016 Quandoquidem

337 5050 490 5103 λύσει
530 5050 641 5121 γάρ
684 5049 999 5121 παραυτίκα
1047 5053 1160 5116 τοῖς
1202 5052 1592 5106 πεπιστευκόσι
1634 5053 1701 5105 τὰ
1744 5051 1915 5121 γέρα·

2019 5052 2128 5107 illis
2145 5050 2240 5121 qui
2256 5048 2633 5111 crediderunt,
2669 5061 2781 5099 non
2819 5042 3068 5113 protinus
3091 5037 3446 5093 conferuntur
3467 5050 3601 5103 prae-

338 5143 454 5197 ἀλλ*
484 5144 573 5196 ἐπ’
605 5142 788 5197 ἐλπίσι
823 5144 924 5213 μὲν
974 5143 1203 5212 ἀγαθαῖς
1259 5146 1292 5217 ἠ
1346 5145 1565 5217 κλῆσις,
1603 5146 1697 5199 καὶ
1742 5147 1771 5199 ὁ
1824 5143 1915 5199 τοῦ

2020 5141 2162 5198 mia:
2191 5139 2286 5196 sed
2321 5139 2566 5209 ipsorum
2589 5134 2803 5191 voeatio
2836 5141 2921 5188 est
2948 5130 3051 5185 sub
3078 5143 3173 5198 spe
3201 5127 3341 5181 bona
3362 5131 3418 5178 et
3438 5122 3602 5176 arrlta

340 5233 653 5305 πνεύματος
684 5233 963 5305 ἀρραϐὼν.
1022 5215 1352 5308 ’Δναλάμψει
1507 5239 1541 5310 ή
1586 5237 1747 5309 χάρις
1782 5235 1915 5291 κατά

2021 5232 2267 5302 spiritus.
2309 5229 2423 5285 Suo
2448 5237 2632 5284 autem
2660 5234 2906 5294 tempore
2943 5220 3222 5289 continget
3242 5225 3300 5271 et
3327 5215 3605 5270 elucescet

340 5324 550 5408 καιρόν,
584 5322 677 5377 καὶ
712 5323 812 5394 τῆς
850 5322 1063 5388 ἐλπίδος
1100 5324 1163 5379 τὸ
1204 5305 1378 5396 πέρας
1408 5327 1465 5379 ἐν
1494 5305 1736 5399 κρίάτῷ,
1763 5324 1831 5382 διῖ
1860 5317 1915 5379 οῦ

2028 5323 2111 5379 eis
2134 5321 2327 5394 gratia,
2354 5335 2476 5391 qum
2504 5319 2676 5388 ipsius
2719 5313 2834 5385 spei
2867 5310 2991 5367 linis
3018 5317 3102 5364 est
3148 5309 3202 5362 in
3236 5305 3476 5368 Christo,
3503 5317 3603 5372 per

342 5417 436 5467 καὶ
486 5398 606 5485 μεθ’
647 5408 711 5469 οὗ
757 5413 836 5484 τῷ
871 5414 992 5487 Θεῷ
1035 5416 1129 5470 καὶ
1175 5416 1351 5487 Πατρὶ
1413 5397 1605 5487 ήδόξα
1654 5416 1751 5469 σὺν
1780 5415 1915 5487 ἁγίῳ

2029 5428 2191 5485 quem
2209 5422 2266 5467 et
2302 5426 2426 5467 eum
2464 5424 2576 5481 quo
2604 5407 2673 5463 sit
2710 5406 2820 5459 Deo
2848 5412 2906 5458 et
2930 5399 3076 5457 Patri
3108 5397 3278 5469 gloria
3311 5410 3434 5451 cum
3479 5410 3604 5449 sar.-

346 5507 640 5578 Πνεύματι,
667 5508 748 5572 είς
777 5508 902 5571 τοὺς
936 5506 1134 5572 αἰῶνας
1164 5507 1274 5561 τῶν
1303 5507 1535 5564 αἰώνων.
1586 5507 1775 5577 ’Λμὴν.

2028 5514 2116 5560 ctu
2140 5503 2368 5575 Spiritu,
2402 5501 2457 5556 in
2492 5497 2688 5554 sarcula
2711 5492 3053 5549 saeculorum.
3074 5490 3265 5544 Amen.

413 5693 457 5723 ⁸⁸
489 5690 509 5746 ι
540 5691 687 5746 Petr.
722 5706 799 5756 tn,
834 5691 915 5758 l8,
950 5693 1031 5748 li).

1112 5694 1155 5724 ⁸³
1200 5693 1357 5747 Rom.
1392 5709 1443 5757 v,
1486 5691 1571 5745 20.
1655 5693 1696 5722 (θ
1726 5690 1892 5746 llebr.
1940 5706 2012 5755 tv,
2053 5688 2130 5741 L3.
