4052 6196
413 338 517 396 563

470 449 550 505 De
570 449 878 506 Judaeum
895 449 1198 522 Synagoga,
1219 456 1273 503 ut
1287 452 1616 505 contumacia
1640 453 1708 506 sit
1737 451 1909 522 lapsa.

480 633 531 688 ι.
559 632 733 701 Quam
761 632 1002 689 Iudaicae
1024 648 1245 689 marcor
1272 633 1464 705 ingens
1494 634 1791 706 Synagogaa
1811 644 1869 691 et
1895 594 2009 690 in-v

407 727 658 793 ﬁdelitas,
689 742 963 798 quamque
981 726 1150 783 fuerit
1190 728 1527 793 refraetaria,
1553 728 1813 785 ostendit
1842 728 1976 784 olim

408 819 550 874 Deus
575 818 690 887 ipse
710 818 1022 875 Ezechielis
1042 834 1176 874 voce
1194 819 1275 875 sic
1301 836 1434 874 usus
1463 838 1476 874 :
1516 838 1536 871 ι
1552 818 1754 875 Omnes
1780 819 1979 877 domus

402 906 568 963 lsrael
597 908 927 965 contentiosi
950 915 1078 963 sunt
1105 917 1163 964 et
1194 908 1317 964 duri
1352 909 1518 964 corde
1548 909 1616 962 ει.
1640 927 1659 960 ι
1689 908 1809 979 Ipse
1837 909 1977 965 adeo

404 1000 680 1065 Servatur,
718 1009 779 1055 ut
822 1015 945 1070 qua:
976 1001 1208 1057 salutem
1237 1010 1607 1067 aversaretnr,
1660 1009 1718 1058 et
1760 1002 1978 1057 iunctos

403 1088 509 1159 ipsi
544 1104 728 1145 mores
759 1090 1013 1145 sinistros
1056 1091 1383 1161 increparet,
1413 1091 1490 1145 ait
1522 1108 1536 1143 :
1597 1109 1615 1143 ι
1647 1091 1972 1155 Jerusalem,

400 1178 727 1245 Jerusalem,
776 1196 898 1249 qua:
943 1180 1149 1236 occidis
1188 1181 1504 1251 prophetas,
1534 1189 1592 1236 et
1628 1181 1839 1252 lapidas
1880 1197 1976 1237 eos

401 1268 497 1338 qui
519 1269 589 1323 ad
617 1271 669 1325 te
696 1270 994 1326 mittuntur
1025 1288 1040 1324 :
1069 1271 1286 1340 quoties
1311 1272 1459 1327 volui
1481 1287 1813 1343 congregare
1834 1271 1977 1327 ﬁlios

401 1370 545 1426 tuos,
601 1362 1062 1432 quemadmodum
1115 1364 1232 1417 avis
1266 1363 1454 1419 nidum
1505 1379 1664 1419 suum
1710 1364 1812 1419 sub
1836 1377 1975 1434 pen-

401 1453 489 1509 nis
527 1471 541 1507 :
579 1453 676 1509 sed
709 1454 983 1509 noluistis.
1022 1454 1165 1510 Ecce
1210 1455 1538 1525 relinquitur
1586 1456 1743 1510 vobis
1779 1456 1977 1512 domus

402 1553 584 1601 vestra
626 1545 691 1600 ".
750 1565 770 1599 ι
834 1546 1228 1603 Universorum
1291 1557 1476 1603 autem
1533 1549 1680 1602 Deus
1739 1548 1975 1603 liberare

400 1634 565 1707 359
603 1637 746 1692 hanc
770 1637 1249 1708 congregationem
1302 1638 1451 1693 mille
1491 1638 1747 1693 studebat
1776 1639 1972 1694 modis.

401 1728 472 1780 At
503 1726 607 1797 ipsi
630 1726 790 1782 valde
817 1727 1124 1784 refractarii
1152 1727 1387 1784 eﬂ‘renes
1404 1737 1533 1784 sunt
1553 1728 1775 1794 redditi,
1799 1738 1857 1785 et
1879 1746 1976 1800 pu-

1434 338 1492 395 s.
1530 339 1808 396 cmeu
1845 338 2317 397 nummum
2355 309 2684 399 sucum».

2859 287 3030 301 ’,σου-σο·-

3552 348 3657 406 866

2010 459 2056 514 Α
2084 452 2222 520 Περὶ
2245 452 2355 522 τῆς
2379 453 2497 507 τῶν
2552 452 2856 530 ’ζουδτξιφν
2890 456 3274 530 ἕρηαγωγιίς.
3304 459 3396 514 ὅτι
3424 460 3653 530 συνέϐη

2426 521 2640 578 πεσεῖν
2669 522 2865 592 αὐτὴν
2892 523 2962 590 ἐξ
2988 521 3311 596 ὼὲειθείὰς.

2152 640 2222 687 α’.
2282 634 2392 705 Τῆς
2462 634 2729 691 Ἰουδαίων
2783 636 3108 708 Συναγωγῆς
3157 639 3220 693 τὸ
3285 641 3654 714 κατεσκληκος

2082 723 2244 792 ἄγαν,
2299 725 2393 778 καὶ
2435 725 2534 796 μιν
2588 743 2672 780 τοι
2722 727 2786 780 τὸ
2827 727 3051 792 ἀπειθὲς
3086 728 3180 783 καὶ
3212 729 3529 801 δυσάγωγον
3555 732 3649 787 τοῦ

2082 816 2307 887 τρόπου,
2351 817 2589 893 φανερὸν
2632 818 2801 872 ἐτίθει
2854 819 2950 873 καὶ
2979 819 3146 874 πάλαι
3179 820 3314 884 Θεὸς
3355 822 3443 877 διὰ
3471 825 3652 894 φωνῆς

2096 908 2373 979 Ἰεζεχιὴλ,
2414 907 2556 961 οὕτω
2598 908 2791 977 λέγων,
2833 909 2917 963 ὅτι
2958 929 2977 962 ι
3022 910 3138 974 Πᾶς
3168 911 3198 963 6
3222 909 3371 976 οἰκος
3413 914 3650 985 Ἰσραὴλ,

2082 999 2377 1068 φιλόνεικοι
2421 1002 2528 1054 εἰσι
2570 1001 2664 1055 καὶ
2694 1000 3131 1072 σκληροκάρδιοι.
3171 1022 3191 1055 ι
3236 1003 3524 1075 Τοιγάρτοι
3554 1008 3651 1060 καὶ

2082 1091 2239 1154 αὐτὸς
2264 1091 2293 1143 6
2320 1091 2530 1162 Σωτὴρ.
2560 1091 2636 1154 ὡς
2673 1091 2736 1146 τδ
2759 1092 3025 1157 σώζεσθαι
3051 1097 3522 1166 παραιτουμένην,
3556 1098 3653 1149 καὶ

2080 1180 2178 1249 τὴν
2212 1178 2438 1233 ἐνοῦσαν
2455 1181 2593 1251 αὐτῇ
2628 1182 2922 1251 σκαιότητα
2946 1185 3258 1255 κατῃτιᾶτο,
3285 1183 3488 1253 λέγων·
3520 1205 3540 1237 ι
3564 1185 3654 1239 Ἰεο

2070 1270 2383 1341 ρουσαλὴμ,
2429 1271 2784 1343 Ἰερουσαλὴμ
2809 1274 2843 1343 ὴ
2867 1273 3239 1328 άποκτενοῦσα
3267 1277 3391 1339 τοὺς
3434 1278 3650 1347 προφή-

2078 1378 2196 1425 τας,
2241 1361 2336 1416 καὶ
2375 1361 2722 1417 λιθοϐολοῦσα
2756 1364 2882 1427 τοὺς
2921 1363 3357 1436 ἀπεσταλμένους
3385 1368 3520 1438 πρὸς
3548 1368 3651 1421 αύ-

2078 1454 2176 1524 τήν
2198 1469 2211 1483 ·
2260 1451 2494 1515 ποσάκις
2523 1451 2764 1523 ἠθέλησα
2788 1454 3206 1523 ἐπισυναγαγεῖν
3230 1455 3297 1508 τά
3321 1455 3490 1511 τέκνα
3530 1474 3649 1516 σου.

2077 1541 2136 1595 ὃν
2181 1542 2382 1614 τρόπον
2422 1542 2744 1611 ἐπισυνάγει
2792 1542 2940 1613 ὅρνις
2978 1542 3046 1596 τὰ
3088 1544 3275 1598 νοσσία
3329 1546 3496 1617 αὐτῆς
3543 1547 3651 1602 ὑπὸ

2077 1632 2177 1697 τάς
2222 1632 2540 1704 πτέρυγας·
2591 1633 2684 1687 καὶ
2722 1634 2823 1687 οὐκ
2868 1633 3190 1704 ἠθελήσατε.
3252 1635 3380 1689 Ἰδοὺ
3430 1637 3649 1706 ἀφίεται

2077 1724 2206 1794 ὑμῖν
2235 1724 2264 1776 6
2288 1719 2456 1787 οἶκος.
2492 1743 2509 1776 ι
2542 1723 2601 1776 Ὀ
2626 1724 2726 1795 μὲν
2753 1723 2861 1795 γάρ
2893 1724 3002 1778 τῶν
3028 1725 3162 1780 ὅλων
3190 1724 3322 1790 Θεὸς
3348 1727 3648 1792 ἀνασώζειν

401 1818 592 1873 dorem
611 1833 911 1888 supernum
944 1828 1321 1888 aspernantes,
1352 1818 1614 1890 gravibus
1648 1828 1705 1873 et
1728 1818 1970 1874 inconsi-

2078 1814 2240 1888 αὐτὴν
2271 1816 2362 1869 διὰ
2404 1815 2613 1887 μυρίων
2640 1816 2781 1870 ὅσων
2810 1816 2972 1886 ἤθελε
3002 1816 3240 1888 τρόπων.
3283 1820 3345 1872 Οἰ
3375 1818 3431 1872 δὲ
3462 1819 3650 1875 πολλοὶ

401 1907 609 1963 deratis
647 1908 1195 1979 tergiversationibus
1237 1910 1296 1963 in
1348 1909 1633 1965 interitum
1669 1924 1734 1964 ac
1782 1908 1970 1980 perni-

401 2001 542 2057 ciem
572 2000 913 2058 ferebantur.
952 2002 1153 2073 Legem
1199 2002 1367 2073 igitur
1398 2017 1497 2072 per
1518 2002 1706 2058 Mosen
1757 2001 1970 2068 statuit,

400 2108 510 2161 qua
531 2092 659 2149 duci
690 2101 840 2149 recte
862 2104 1118 2164 possent,
1149 2110 1215 2150 ac
1247 2095 1471 2150 virtutis
1507 2094 1684 2149 imbui
1718 2093 1969 2158 scicntia,

403 2184 754 2256 veritatisque
780 2187 1146 2258 cognitionem
1180 2187 1465 2258 acquirere
1491 2204 1504 2240 :
1538 2187 1739 2245 dehinc
1760 2194 1975 2242 sancto-

403 2292 526 2331 rum
573 2277 969 2349 prophetarum
1020 2281 1276 2336 vaticinia
1337 2281 1636 2337 identidem
1693 2281 1973 2336 fructuose

401 2369 608 2426 eisdem
640 2370 915 2437 adhibuit,
938 2373 1105 2428 utalii
1132 2374 1297 2430 etiam
1335 2381 1693 2445 suppeterent
1732 2373 1973 2428 honesta:

402 2459 527 2514 vitae
561 2459 750 2526 duces,
775 2461 872 2531 qui
911 2462 1188 2518 celebrem
1212 2473 1442 2520 nossent
1481 2464 1782 2520 informare
1822 2478 1970 2519 rem-

404 2550 705 2621 publicam,
740 2561 799 2609 et
836 2553 1081 2625 legitime
1109 2555 1298 2621 vitam,
1333 2568 1390 2611 et
1422 2555 1490 2611 ad
1527 2555 1762 2626 quodvis
1794 2553 1972 2609 admi-

401 2644 635 2700 randum
680 2656 1030 2717 componant.
1089 2646 1330 2704 Accendi
1374 2648 1561 2718 itaque
1619 2663 1718 2718 par
1755 2652 1876 2702 erat
1903 2642 1973 2700 ad

401 2737 606 2807 gratias
631 2755 846 2795 summo
867 2740 979 2795 Deo
1004 2742 1244 2812 agendas
1260 2782 1275 2807 ,
1304 2741 1655 2810 libenterque
1674 2736 1975 2794 accedendi

402 2830 669 2901 magistri,
730 2832 882 2888 omni
917 2848 1014 2889 eos
1067 2833 1287 2890 honore"
1305 2832 1629 2899 alliciendo;
1679 2830 1879 2886 deinde
1914 2838 1978 2883 ut

402 2920 560 2976 valde
587 2923 751 2978 etiam
774 2933 1025 2995 prompte
1054 2924 1201 2995 ipsos
1220 2924 1290 2981 ad
1305 2926 1533 2981 meliora
1561 2924 1896 2987 traduceret,
1916 2928 1974 2976 et

404 3028 538 3069 voce
566 3014 882 3071 honestiore
909 3027 1272 3086 caperentur;
1317 3017 1443 3072 duri
1481 3024 1665 3072 tamen
1697 3024 1755 3069 et
1787 3013 1971 3083 pervi-

404 3117 564 3157 caees
600 3116 749 3169 sunt,
792 3105 1104 3161 laborantes
1149 3107 1315 3160 etiam
1347 3106 1586 3175 graviori
1637 3103 1830 3157 morbo
1873 3100 1972 3155 dc—

2080 1906 2199 1961 λίαν
2231 1908 2647 1972 ἀπονενευκότες,
2684 1909 2765 1973 εἰς
2804 1907 2866 1963 τὸ
2901 1909 3134 1981 ἐξήνιον,
3181 1912 3278 1965 καὶ
3312 1912 3524 1981 φειδοῦς
3548 1914 3649 1983 τῆς

2074 1999 2280 2055 ἄνωθεν
2299 2000 2683 2072 ἀλογήσαντες,
2708 2000 2913 2064 δειναῖς
2937 2003 3032 2055 καὶ
3073 2003 3508 2068 ἀκατασκέπτοις
3541 2005 3649 2057 άπ-

2074 2090 2332 2161 εφέροντο
2354 2093 2582 2162 τροπαῖς
2604 2092 2683 2155 εἰς
2710 2089 2929 2161 ὄλεθρον
2953 2092 3043 2145 καὶ
3055 2092 3344 2145 ἀπώλειαν.
3366 2094 3474 2147 Kal
3490 2091 3649 2150 τοῦτο

2074 2179 2437 2251 νομοθετήσας
2455 2178 2541 2233 διὰ
2574 2178 2816 2244 Μωσέως
2844 2179 2913 2233 τὰ
2936 2179 3002 2233 δι’
3027 2173 3099 2233 ὧν
3122 2177 3191 2252 ἦν
3211 2180 3467 2235 δύνασθαι
3492 2183 3649 2237 παιδ-

2074 2270 2405 2339 αγωγεῖσθαι
2464 2269 2645 2335 καλῶς
2692 2270 2831 2342 πρὸς
2880 2272 3087 2343 εἴδησιν
3136 2272 3359 2343 ἀρετῆς,
3406 2274 3498 2326 καὶ
3545 2273 3646 2343 τῆς

2075 2359 2330 2431 ἀληθείας
2352 2360 2450 2431 τὴν
2474 2360 2674 2429 γνῶσιν
2700 2361 3116 2432 ἀποκερδαίνειν
3140 2357 3199 2415 εὖ
3226 2363 3394 2433 μάλα,
3423 2362 3517 2416 xal
3548 2363 3648 2426 τάς

2073 2450 2181 2504 τῶν
2202 2450 2372 2519 άγίων
2393 2450 2687 2523 προφητῶν
2704 2450 2997 2516 ἀναδείξεις
3014 2450 3150 2505 κατά
3164 2454 3386 2523 καιροὺς
3415 2453 3651 2506 ἐποιεῖτο

2075 2542 2380 2615 χρησίμως,
2440 2543 2527 2597 ῐνα
2579 2542 2753 2613 ἔχοιεν
2804 2542 2898 2596 καὶ
2947 2543 3163 2614 ἐτέρους
3212 2542 3319 2596 τῶν
3350 2543 3649 2597 καλλίστων

2075 2634 2390 2705 εἰσηγητάς,
2424 2633 2889 2706 καταῤῥυθμίζειν
2917 2633 3124 2697 εἰδότας
3153 2636 3231 2698 εἰς
3263 2634 3461 2688 εὐκλεά
3494 2634 3650 2687 πολι-

2075 2723 2227 2777 τείαν
2264 2725 2344 2787 εἰς
2389 2724 2769 2794 ὲννομωτάτην
2805 2724 2971 2794 ζωὴν,
3023 2724 3118 2777 καὶ
3153 2724 3290 2796 πρὸς
3332 2726 3440 2778 πᾶν
3471 2723 3650 2778 ὁτιοῦν

2075 2814 2183 2867 τῶν
2215 2812 2697 2885 τεθαυμασμένων.
2742 2811 2902 2866 Ἀλλά
2937 2813 3053 2867 δέον
3098 2813 3357 2867 ἀνάπτειν
3390 2813 3456 2867 τὰ
3489 2830 3649 2885 χαρι⁹

2083 2903 2282 2974 στήρια
2305 2902 2382 2973 τῷ
2406 2902 2512 2955 τῶν
2541 2901 2676 2955 ὅλων
2703 2900 2840 2972 Θεῷ,
2877 2900 2971 2954 καὶ
2998 2900 3317 2972 προσίεσθαι
3348 2901 3445 2973 μὲν
3477 2901 3652 2973 ἀσμέ-

2081 3010 2186 3056 νως
2235 2994 2361 3056 τοὺς
2414 2992 2830 3061 παιδαγωγοὺς,
2889 2992 3055 3064 τιμῆς
3112 2993 3168 3048 δὲ
3218 2993 3398 3064 πάσης
3453 2994 3655 3057 αὐτοὺς

2083 3083 2285 3150 ἀξιοῦν,
2322 3083 2788 3155 μεταπλάττεσθαι
2818 3085 2873 3139 δὲ
2910 3084 3096 3155 ὥσπερ
3140 3085 3232 3138 καὶ
3275 3085 3419 3153 μάλα
3449 3084 3654 3157 προθύ-

404 3194 662 3263 prehensi
683 3203 831 3251 sunt.
860 3196 1098 3252 Proinde
1120 3196 1284 3251 simul
1321 3163 1629 3265 pcrierunt,
1673 3201 1731 3249 et
1766 3192 1835 3248 de
1883 3190 1976 3246 his

2084 3195 2198 3248 μως
2241 3176 2378 3250 πρὸς
2412 3176 2483 3230 τὰ
2519 3177 2750 3245 ἀμείνω,
2794 3178 2885 3230 καὶ
2920 3180 3069 3249 φωνῇ
3095 3177 3310 3232 ἑλέσθαι
3341 3180 3407 3249 τῇ
3434 3194 3655 3250 πρεπω-

406 3282 672 3340 Jeremias
712 3285 981 3354 propheta
1027 3284 1405 3355 pronuntiavit
1439 3301 1453 3338 :
1507 3304 1527 3336 ι
1552 3285 1758 3340 Domus
1807 3281 1977 3338 Israel

407 3371 640 3438 cecidit,
675 3382 732 3429 et
774 3391 885 3430 non
909 3387 997 3433 est
1035 3376 1131 3444 qui
1158 3376 1450 3432 resuscitet
1481 3391 1602 3431 eam
1625 3374 1693 3428 “.
1725 3393 1744 3425 ›
1783 3373 1979 3429 Consi-

406 3461 541 3517 dera
570 3463 706 3518 mihi
752 3479 868 3518 rem
908 3464 1111 3531 denuo,
1145 3474 1202 3520 et
1236 3483 1335 3536 per
1373 3466 1537 3522 Mosis
1585 3467 1852 3537 scriptum
1881 3465 1979 3521 ob-

410 3554 627 3609 scurius
661 3570 783 3611 esse
806 3556 1142 3626 praedictam.
1179 3557 1269 3613 Sic
1294 3559 1441 3613 enim
1471 3558 1564 3613 ille
1596 3558 1651 3612 in
1684 3557 1930 3613 Levitico
1961 3574 1974 3610 :

417 3663 437 3695 ι
469 3645 541 3700 Ει
570 3644 788 3702 locutus
821 3655 907 3703 est
937 3648 1204 3704 Dominus
1231 3648 1301 3703 ad
1325 3649 1511 3704 Mosen
1543 3656 1602 3704 et
1630 3650 1847 3712 Aaron,
1890 3647 1976 3702 di-

409 3751 543 3793 cens
584 3736 759 3794 :Cum
793 3738 1023 3810 ingressi
1062 3739 1280 3796 fueritis
1306 3740 1365 3795 in
1398 3748 1604 3795 terram
1635 3738 1999 3803 Chananzeo-,

408 3842 552 3893 rum,
580 3843 745 3898 quam
778 3845 880 3901 ego
902 3828 973 3885 do
988 3829 1148 3893 vobis
1174 3829 1234 3884 in
1257 3828 1682 3901 possessionem,
1727 3837 1785 3882 et
1834 3827 1978 3881 dabo

407 3927 615 3976 tactum
655 3920 819 3992 lepra:
851 3922 907 3977 in
954 3922 1212 3980 domibus
1234 3931 1395 3978 terra;
1442 3938 1474 3977 a
1507 3921 1666 3977 vobis
1692 3934 1975 3991 possessa.

406 4009 477 4067 Et
506 4012 689 4068 veniet
718 4015 876 4084 cujus
923 4024 1008 4068 est
1041 4014 1213 4084 ipsius
1259 4013 1456 4070 domus
1477 4054 1493 4080 ,
1528 4022 1586 4069 et
1631 4010 1980 4067 annuntiabit

408 4101 681 4156 sacerdoti
729 4102 964 4157 dicens:
1008 4102 1175 4169 Quasi
1214 4111 1390 4158 tactus
1436 4105 1586 4161 visus
1625 4111 1709 4158 est
1739 4102 1875 4158 mihi
1922 4102 1978 4157 in

408 4190 593 4247 domo.
622 4191 690 4247 Et
714 4192 993 4262 praecipiet
1024 4193 1281 4248 sacerdos
1304 4195 1448 4247 vasis
1472 4208 1705 4248 vacuare
1731 4193 1974 4252 domum.

409 4288 703 4351 antequam
734 4280 1013 4352 ingressus
1045 4280 1302 4337 sacerdos
1328 4290 1533 4336 tactum
1558 4281 1763 4344 videat,
1784 4292 1840 4337 et
1868 4299 1978 4337 non

409 4369 543 4425 ﬁant
585 4370 868 4427 immunda
920 4384 1263 4442 quaecunque
1310 4372 1518 4427 fuerint
1561 4372 1617 4426 in
1681 4373 1865 4428 domo.
1912 4373 1980 4427 Et

2076 3268 2309 3341 δεστέρα
2332 3283 2344 3296 ’
2383 3268 2607 3341 σκληροί
2650 3286 2707 3322 τε
2744 3269 2837 3322 καὶ
2872 3268 3125 3337 ἄτεγκτοι
3152 3270 3245 3323 καὶ
3284 3269 3354 3323 τά
3381 3268 3459 3321 ἔτι
3483 3269 3655 3339 χείρω

2078 3359 2357 3424 νοσοῦντες
2388 3360 2688 3431 ἡλίσκοντο.
2727 3360 3016 3432 Τοιγάρτοι
3057 3361 3153 3414 καὶ
3193 3360 3529 3425 διολώλασιν,
3558 3359 3658 3413 καὶ

2078 3454 2365 3516 ὲπάύτοίς
2397 3455 2425 3507 6
2463 3455 2748 3524 προφήτης
2791 3454 3057 3524 Ἱερεμίας
3083 3446 3186 3506 ὧδέ
3209 3470 3392 3525 φησιν·
3436 3471 3455 3502 ι
3493 3447 3655 3515 Οἶκος

2090 3544 2308 3616 Ἰσραὴλ
2334 3544 2549 3611 ἔπεσεν,
2573 3544 2672 3598 οὐκ
2704 3544 2852 3600 ἔστιν
2875 3546 3184 3617 ἀναστήσας
3207 3545 3389 3599 αὐτόν.
3417 3562 3439 3596 ο
3462 3544 3657 3615 ’Δθρει

2076 3637 2134 3691 δέ
2182 3655 2269 3708 μοι
2309 3638 2369 3691 τὸ
2409 3637 2597 3709 χρῆμα
2623 3636 2805 3703 πάλιν,
2828 3636 2921 3691 καὶ
2947 3637 3035 3690 διά
3069 3636 3175 3689 τῶν
3206 3636 3448 3697 Μωσέως
3472 3650 3659 3705 γραμ-

2081 3729 2266 3799 μάτων
2289 3727 2700 3801 αἰνιγματωδῶς
2748 3729 3112 3800 φωνούμενον.
3148 3728 3303 3797 Ἔχει
3334 3726 3443 3797 γὰρ
3482 3726 3658 3789 οὕτως

2077 3821 2136 3872 ὲν
2165 3818 2243 3888 τῷ
2268 3816 2555 3887 Λευιτικῷ·
2590 3836 2610 3869 ‹
2649 3818 2763 3871 Kal
2791 3816 3019 3887 ὲλάλησε
3048 3816 3250 3886 Κύριος
3280 3816 3415 3885 πρὸς
3447 3813 3660 3884 Μωσῆν

2079 3910 2174 3964 καὶ
2222 3907 2453 3983 Ἀαρὼν,
2497 3909 2708 3977 λέγων’
2754 3908 2840 3972 Ὡς
2891 3909 2958 3960 ἂν
2999 3906 3275 3977 εἰσέλθητε
3316 3908 3394 3971 εἰς
3423 3906 3521 3978 τὴν
3549 3909 3657 3976 γῆν

2076 4001 2186 4055 τῶν
2233 4001 2573 4065 Χαναναίων,
2607 4000 2674 4072 ἢν
2705 3998 2817 4068 ἐγὼ
2843 3999 3034 4070 δίδωμι
3072 4000 3199 4070 ὑμῖν
3225 3999 3283 4053 ὲν
3313 3998 3519 4069 κλήρῳ,
3559 3997 3661 4051 καὶ

2076 4090 2231 4146 δώσω
2269 4093 2411 4162 ἁφὴν
2444 4092 2651 4165 λέπρας
2691 4093 2749 4145 ὲν
2779 4094 2897 4155 ταῖς
2925 4089 3123 4152 οἰκίαις
3150 4090 3246 4161 τῆς
3287 4089 3389 4160 γῆς
3423 4089 3522 4158 τῆς
3557 4090 3657 4155 ἑγ-

2078 4186 2281 4256 κτήτου
2313 4186 2461 4256 ὑμῖν.
2485 4186 2592 4238 Kal
2617 4183 2737 4255 ἥξει
2759 4183 2903 4247 τινος
2932 4182 3096 4236 αὑτοῦ
3122 4184 3155 4252 ὴ
3185 4182 3352 4243 οἰκία,
3369 4183 3462 4235 καὶ
3487 4181 3655 4250 ἀναγο

2078 4278 2226 4344 γελεί
2266 4275 2343 4345 τῷ
2390 4278 2521 4347 ἱερεῖ
2552 4274 2725 4344 λέγων
2752 4292 2765 4306 ·
2800 4276 3010 4345 ’Ὠσπερ
3042 4273 3152 4345 ἁφὴ
3198 4272 3434 4345 ἑὼραταί
3470 4290 3557 4341 μοι
3598 4274 3660 4324 ὲν

2078 4370 2144 4439 τῇ
2189 4366 2357 4437 οἰκίᾳ.
2391 4368 2500 4421 Kal
2532 4366 2823 4439 προστάξει
2858 4368 2887 4420 6
2927 4367 3107 4437 ἱερεὺς
3151 4364 3524 4418 ἀποσκευάσαι
3556 4364 3661 4434 τὴν

407 4470 535 4531 post
585 4462 703 4518 inec
751 4462 1092 4535 ingredietur
1144 4465 1400 4519 sacerdos
1437 4464 1506 4518 ad
1545 4464 1975 4537 cognoscendam

2081 4459 2258 4514 οἰκίαν
2302 4458 2409 4529 πρὸ
2441 4457 2533 4511 τοῦ
2572 4457 2834 4511 εἰσελθεῖν
2861 4458 2951 4512 τὸν
2997 4458 3145 4529 ἱερέα
3193 4457 3318 4510 ἰδεῖν
3357 4458 3453 4527 τὴν
3484 4456 3661 4526 ἁφὴν,

409 4555 667 4622 domum;
695 4567 750 4620 et
781 4556 1013 4626 aspiciet
1036 4556 1294 4611 sacerdos
1316 4565 1542 4611 tactum.
1563 4557 1631 4612 Et
1652 4572 1779 4613 cccc
1804 4566 1982 4613 tactus

408 4648 467 4703 in
489 4648 791 4717 parietibus
815 4648 1034 4712 domus,
1064 4648 1328 4704 cavitat'es
1348 4648 1673 4713 viridantes,
1704 4651 1789 4704 vel
1817 4651 1981 4706 rube-

323 4763 329 4791 '2
409 4749 661 4804 scen-tes,
700 4748 757 4796 ct
804 4748 1058 4812 aspectus
1096 4741 1215 4811 ejus
1263 4741 1526 4796 humilior
1554 4742 1878 4812 parietibus.
1914 4743 1983 4798 Et

409 4848 664 4903 egressus
686 4833 943 4890 sacerdos
962 4849 993 4888 e
1030 4832 1195 4888 domo
1230 4833 1299 4888 ad
1320 4834 1523 4888 ostium
1544 4833 1758 4898 domus,
1795 4849 1981 4905 segre-

409 4923 561 4996 gabit
600 4910 858 4980 sacerdos
890 4924 1112 4980 domum
1154 4934 1362 4995 septem
1389 4924 1525 4979 dies.
1563 4925 1631 4979 Et
1664 4925 1867 4980 redibit
1890 4941 1980 4981 sa-

410 5014 606 5069 cerdos
628 5014 718 5070 die
765 5015 1018 5085 septimo,
1082 5023 1139 5070 et
1186 5014 1415 5084 aspiciet
1457 5014 1680 5093 domum
1717 5033 1729 5068 :
1769 5024 1824 5070 et
1854 5031 1981 5070 ecce

410 5105 646 5161 diffusus
668 5113 753 5161 cst
781 5113 960 5161 tactus
986 5107 1043 5160 in
1069 5105 1375 5175 parietibus
1413 5104 1612 5159 domus
1648 5123 1661 5158 :
1702 5112 1759 5161 et
1790 5106 1982 5176 prmci-

409 5194 526 5264 piet
548 5193 826 5259 sacerdos,
859 5200 917 5248 et
941 5202 1141 5248 eruent
1159 5192 1371 5262 lapides
1402 5193 1458 5246 in
1478 5192 1681 5262 quibus
1703 5203 1788 5248 est
1804 5194 1976 5265 lepra,

411 5294 470 5339 et
499 5282 723 5354 cjicient
757 5298 854 5338 eos
899 5292 1055 5338 extra
1106 5282 1389 5337 civitatem
1430 5284 1486 5338 in
1516 5284 1698 5339 locum
1738 5285 1979 5339 immun-

411 5375 563 5429 dum.
594 5374 664 5430 Et
685 5374 909 5429 domum
932 5375 1215 5429 radentah
1247 5374 1396 5429 intus
1429 5374 1484 5428 in
1512 5374 1771 5440 circuitu,
1810 5383 1867 5431 et
1898 5376 1982 5430 ef-

413 5464 642 5521 fundent
667 5465 948 5535 pulverem
994 5480 1181 5525 rasum
1216 5474 1370 5519 extra
1402 5464 1680 5519 civitatem
1711 5464 1768 5519 in
1805 5464 1985 5519 locum

415 5553 778 5613 immundum.
812 5558 879 5612 Et
901 5565 1120 5613 sument
1148 5556 1286 5610 alios
1311 5555 1523 5626 lapides
1544 5556 1706 5626 360
1735 5571 1909 5621 rasos,
1933 5564 1988 5610 et

487 5734 526 5761 *λ’
579 5732 776 5786 Ezech.
831 5748 906 5799 ιιι,
966 5734 1015 5786 7.

2085 4550 2180 4603 καὶ
2211 4550 2271 4602 οὐ
2299 4549 2373 4620 μὴ
2400 4548 2684 4620 ἀκάθαρτα
2713 4550 2964 4617 γενέσθαι
2992 4552 3167 4604 πάντα
3192 4551 3292 4603 ὅσα
3318 4550 3413 4603 ἐὰν
3506 4549 3566 4601 ὲν
3589 4553 3661 4621 τῇ

2081 4643 2248 4715 οἰκία.
2285 4643 2394 4697 Kal
2446 4641 2583 4713 μετὰ
2624 4641 2798 4695 ταῦτα
2839 4641 3204 4696 εἰσελεύσεται
3229 4642 3258 4694 6
3288 4642 3463 4712 ἱερεὺς
3492 4657 3664 4694 κατα-

2085 4736 2278 4808 μαθεῖν
2329 4736 2426 4807 τὴν
2482 4734 2681 4800 οἰκίαν,
2719 4736 2813 4787 καὶ
2858 4734 3045 4803 ὄψεται
3094 4735 3122 4787 6
3155 4734 3333 4804 ἱερεὺς
3363 4733 3459 4803 τὴν
3491 4732 3662 4802 ἁφήν.

2081 4831 2193 4883 Kal
2228 4828 2336 4882 ἰδοῦ
2373 4829 2407 4899 ἡ
2435 4827 2546 4898 ἁφὴ
2572 4829 2630 4880 ὲν
2659 4828 2770 4890 τοῖς
2795 4828 2993 4896 τοίχοις
3036 4824 3134 4895 τῆς
3177 4823 3375 4888 οἰκίας,
3408 4822 3664 4887 κοιλάδας

2080 4920 2451 4993 χλωριζούσας
2483 4919 2516 4990 ἢ
2549 4918 2905 4991 πυριζούσας,
2934 4918 3028 4972 καὶ
3055 4917 3175 4987 δψις
3204 4915 3368 4971 αὐτοῦ
3396 4905 3666 4969 ταπεινο-

2079 5012 2213 5083 τέρα
2236 5011 2343 5065 τῶν
2378 5010 2594 5081 τοίχων.
2626 5010 2736 5063 Kal
2766 5008 2995 5075 ἐξελθὼν
3017 5010 3045 5062 6
3077 5010 3252 5079 ἱερεὺς
3280 5010 3344 5061 ὲκ
3364 5008 3463 5077 τῆς
3485 5007 3666 5071 οἰκίας

2080 5105 2174 5158 ἐπὶ
2218 5105 2317 5173 τὴν
2364 5102 2535 5173 θύραν
2579 5102 2682 5172 τῆς
2714 5103 2911 5166 οἰκίας,
2945 5101 3162 5170 ἀφοριεί
3194 5103 3221 5153 6
3250 5101 3426 5170 ἱερεὺς
3452 5101 3550 5169 τὴν
3587 5101 3667 5151 οἰ-

2082 5196 2206 5248 κίαν
2233 5194 2371 5248 ὲπτά
2397 5194 2628 5265 ἡμέρας.
2659 5193 2769 5247 Kal
2801 5192 2959 5246 πάλιν
2986 5190 3105 5261 ἥξει
3124 5193 3151 5244 6
3177 5191 3352 5261 ἱερεὺς
3385 5192 3451 5260 τῇ
3480 5187 3668 5259 ἡμέρᾳ

2081 5288 2147 5356 τῇ
2179 5285 2401 5357 ἐϐδόμῃ,
2447 5285 2541 5338 καὶ
2571 5284 2763 5354 ὄψεται
2798 5284 2896 5353 τὴν
2919 5282 3125 5335 οἰκίαν”
3158 5282 3251 5335 καὶ
3291 5280 3399 5333 ἰδοὺ
3440 5278 3666 5353 διεχύθη

2090 5377 2123 5445 ἡ
2150 5374 2264 5445 ἁφὴ
2296 5376 2351 5427 ὲν
2389 5376 2502 5437 τοῖς
2549 5374 2749 5444 τοίχοις
2784 5372 2883 5441 τῆς
2925 5372 3122 5436 οἰκίας,
3166 5371 3257 5424 καὶ
3306 5368 3603 5440 προστάξει
3636 5368 3668 5419 6

2098 5466 2296 5535 ἱερεὺς,
2333 5466 2424 5518 καὶ
2449 5464 2688 5529 ὲξελοῦσι
2710 5466 2832 5527 τοὺς
2856 5464 3034 5526 λίθους
3066 5465 3123 5516 ἐν
3155 5456 3235 5525 οἷς
3277 5463 3424 5515 ἐστιν
3457 5462 3489 5530 ἡ
3524 5461 3665 5530 άφή⁶

2095 5557 2189 5609 καὶ
2235 5556 2551 5611 ἐκϐαλοῦσιν
2590 5556 2783 5619 αὐτοὺς
2832 5554 2934 5621 ἔξω
2967 5554 3063 5624 τῆς
3107 5552 3342 5617 πόλεως,
3386 5552 3460 5613 εἰς
3499 5550 3674 5604 τόπον

1095 5733 1137 5763 ⁸⁸
1188 5732 1374 5787 .‘dntth.
1426 5748 1577 5797 um,
1613 5730 1703 5798 '57,
1745 5730 1832 5786 38.
1913 5730 2111 5799 "lino,
2148 5730 2317 5785 Amos
2352 5749 2403 5798 v,
2441 5733 2485 5787 l.

4020 4826 4021 4893 ι

4014 5184 4015 5253 ι

4010 5404 4011 5493 ἰ

4006 5498 4009 5613 ἰ

4004 5616 4007 5733 ἰ
