4052 6196
371 293 474 354 1367

1367 287 1422 345 S.
1463 283 1736 345 CYRILLI
1773 285 2246 346 ALEXANDRINI
2284 286 2603 347 ARCHIEP.

3521 292 3628 352 568

369 428 476 466 cra:
509 411 724 464 littera:
759 421 1134 478 smpenumero
1164 404 1365 474 leprosi
1403 404 1694 474 imaginem
1735 419 1940 474 repra-

2051 422 2222 476 χουσι.
2241 406 2352 476 Τῆς
2376 405 2632 477 τοιαύτης
2653 405 2936 478 τοιγαροῦν
2962 405 3019 460 ἓν
3037 407 3169 478 ἡμῖν
3194 407 3489 480 γενομένης
3513 411 3624 467 ἔσθ’

369 508 614 565 sentant;
661 514 896 568 cumque
935 499 1202 569 cujusque
1236 512 1417 554 mores
1457 497 1607 552 velut
1648 496 1702 550 in
1757 495 1942 552 tabula

370 595 651 664 Scriptura
677 591 951 655 ostendat,
972 606 1264 660 personam
1306 590 1471 645 unius
1503 603 1697 644 eorum
1720 603 1944 644 sumens

372 687 426 738 in
457 685 701 740 medium
741 683 922 738 all‘ert.
947 681 1085 737 Cum
1115 698 1246 737 vero
1276 682 1589 753 bujusmodi
1609 690 1809 737 statum
1827 681 1943 736 sive

369 773 572 842 gentis,
600 771 714 825 sive
739 770 912 832 urbis,
940 784 1036 824 seu
1063 769 1302 840 denique
1335 769 1576 840 regionis
1606 769 1725 823 vult
1747 784 1944 838 reprae-

371 873 612 925 sentare,
641 871 772 916 tunc
789 861 986 916 domus
1015 861 1245 917 formam
1277 861 1582 931 proferens,
1615 861 1761 926 quod
1788 875 1942 915 com-

368 956 636 1023 plectatur
649 953 1228 1008 omnesbabitantcsin
1244 967 1329 1018 ea,
1353 953 1404 1008 in
1422 953 1539 1023 ipso
1557 953 1701 1008 clare
1720 953 1945 1007 exhibet

369 1044 743 1098 multitudinis
775 1059 1024 1099 numero.
1061 1044 1250 1114 Itaque
1286 1045 1557 1114 leprosum
1585 1043 1807 1098 domum
1847 1058 1941 1098 seu

367 1137 630 1191 familiam
657 1137 826 1191 semel
866 1136 1115 1200 audiens,
1155 1145 1326 1191 totam
1363 1137 1447 1192 fac
1479 1136 1815 1208 Synagogam
1846 1135 1943 1192 Ju-

369 1229 612 1283 dreorum
632 1228 923 1298 intelligas,
943 1228 1060 1282 suis
1092 1228 1353 1283 nimirum
1385 1229 1537 1283 vitiis
1565 1242 1628 1282 ac
1659 1225 1948 1296 perturba-

373 1319 616 1375 tionibus
639 1329 980 1389 corruptam,
1013 1335 1243 1390 quaeque
1262 1320 1528 1375 divinitus
1557 1321 1636 1375 illi
1665 1336 1695 1374 a
1726 1318 1947 1372 vatibus

369 1418 527 1466 erant
557 1411 816 1480 prmdicta
843 1426 952 1466 non
985 1412 1281 1466 admodum
1313 1419 1622 1474 curantem,
1657 1409 1752 1464 sed
1775 1409 1842 1464 ad
1881 1424 1945 1462 ea

371 1504 558 1573 potius
584 1518 642 1558 se
667 1503 1023 1558 inclinantem
1055 1520 1177 1572 quae
1203 1504 1467 1574 voluptati
1493 1512 1677 1559 essent
1705 1502 1760 1555 in
1777 1517 1946 1571 agen—

369 1596 460 1661 do,
487 1612 649 1666 quam
680 1612 802 1666 qua:
827 1595 1048 1651 virtutis
1069 1605 1124 1650 et
1149 1596 1450 1650 honestatis
1474 1595 1700 1649 formam
1722 1592 1946 1662 prafer-

368 1699 511 1743 rent.
537 1688 630 1743 Ait
648 1703 780 1742 vero
813 1687 1087 1743 sacerdoti
1128 1687 1470 1751 annuntiari,
1506 1693 1565 1740 ut
1599 1686 1764 1754 lepra:
1790 1684 1945 1754 plaga

2043 501 2133 554 ὅτε
2172 500 2582 566 καταστάσεως,
2617 499 2712 554 καὶ
2739 499 2847 553 τῶν
2870 501 2971 554 ὅσα
2997 501 3123 572 περὶ
3153 499 3251 570 τὴν
3279 499 3626 573 ἀνθρωπίνην

2044 591 2156 656 ἕξιν
2190 608 2250 646 τε
2271 592 2367 646 καὶ
2397 591 2714 664 προαίρεσιν
2746 590 2996 659 γενέσθαι
3037 591 3200 660 φιλεῖ,
3227 591 3320 646 τὸν
3351 591 3627 666 λελεπρω·

2047 685 2208 756 μένον
2237 686 2423 740 εἰκόνα
2453 687 2597 739 ποιεῖ
2627 685 2886 748 πολλάκις
2926 685 2959 756 ἡ
2995 683 3116 738 θεία
3153 684 3344 756 Γραφή
3365 701 3380 716 ·
3412 685 3507 738 καὶ
3535 685 3624 740 ὅτε

2050 775 2150 847 μὲν
2197 776 2291 832 τὸν
2324 777 2556 831 ἑκάστου
2605 778 2827 849 τρόπον,
2859 777 3122 848 καθάπερ.
3144 777 3203 828 έν
3233 776 3422 829 πίνακι
3451 794 3627 832 κατα-

2043 869 2303 936 δείκνυσι,
2337 870 2628 941 πρόσωπον
2655 869 2772 932 ἑνὸς
2805 869 2972 924 αὐτοῦ
3003 869 3356 940 λαμϐάνουσα
3392 869 3645 941 παρατί-¹

2047 961 2205 1030 θησιν
2239 961 2322 1024 εἰς
2346 961 2531 1032 μέσον.
2567 962 2700 1014 Ὅτε
2728 961 2785 1014 δὲ
2806 961 2900 1014 καὶ
2926 959 3261 1014 κατάστασίν
3295 975 3416 1014 τινα
3449 959 3628 1013 τοιαύ-

2043 1068 2165 1123 την,
2194 1051 2226 1122 ἢ
2263 1050 2471 1115 ἔθνους,
2505 1048 2846 1122 ἢπόλεως,ἧ
2878 1049 3063 1122 χώρας
3101 1050 3464 1122 ύπεμφαίνειν
3498 1048 3624 1119 βού-

2045 1144 2216 1210 λεται,
2251 1143 2372 1197 τότε
2420 1144 2518 1214 τῆς
2557 1143 2735 1206 οἰκίας
2762 1143 3174 1214 παρεισάγουσα
3207 1145 3413 1214 σχῆμα,
3443 1141 3530 1196 διὰ
3563 1142 3625 1195 τὸ

2045 1230 2186 1290 εἶναι
2217 1234 2562 1307 περιεκτικδν
2587 1235 2696 1288 τῶν
2733 1233 3026 1288 οἰκούντων
3050 1234 3108 1286 ἐν
3138 1234 3298 1304 αὐτῇ,
3329 1233 3622 1301 πληθυντι-

2047 1326 2148 1398 κὴν
2181 1329 2417 1380 ποιεῖται
2448 1325 2546 1395 τὴν
2578 1325 2830 1396 δήλωσιν.
2857 1324 3088 1395 Νοήσεις
3120 1323 3298 1376 τοίνυν
3329 1322 3508 1376 οἰκίαν
3533 1322 3624 1374 λεο-

2045 1417 2401 1489 λεπρωμένην
2433 1415 2665 1477 ἀκούων,
2696 1416 2824 1485 ὅλην
2849 1414 3204 1484 εἰσάπαξδτὴν
3220 1413 3326 1466 τῶν
3359 1412 3625 1466 Ἰουδαίων

2045 1509 2373 1579 Συναγωγὴν
2417 1511 2528 1572 τοῖς
2563 1507 2713 1570 ἰδίοις
2740 1505 2980 1577 δηλονότι
3017 1504 3468 1576 κατεφθαρμένην
3519 1505 3626 1556 πάι

2047 1602 2186 1664 θεσι,
2223 1599 2459 1654 καὶτῶν
2512 1599 2609 1668 μὲν
2657 1597 2840 1651 θεόθεν
2889 1598 3024 1668 αὐτῇ
3074 1596 3625 1668 κεχρησμῳδημένων

2047 1691 2108 1746 ού
2144 1692 2352 1763 σφόδρα
2407 1689 2815 1762 φροντίζουσαν,
2854 1689 3248 1742 ἀποκλίνουσαν
3289 1689 3344 1742 δέ
3381 1707 3497 1752 πως
3546 1691 3625 1754 εἰς

367 1780 516 1835 domi
536 1781 772 1852 alicujus
790 1788 1070 1844 cernatur,
1097 1788 1155 1835 et
1174 1794 1446 1850 nusquam
1472 1779 1709 1833 dicimus
1728 1776 1946 1846 legisla-

2051 1786 2111 1839 τὸ
2157 1758 2252 1839 καὶ
2282 1758 2559 1837 δύνασθαι
2609 1781 2742 1853 δρᾷν
2787 1781 2932 1851 ἅπερ
2963 1776 3031 1851 ἦν
3058 1782 3241 1844 αὐτοῖς
3271 1781 3408 1852 πρὸς
3437 1780 3628 1851 ἡδονὴν

368 1873 778 1944 toremjubere,
805 1874 1028 1928 domum
1050 1874 1288 1943 aliquam
1316 1882 1664 1928 accusantem
1695 1870 1763 1925 ad
1780 1869 1950 1923 alium

367 1964 452 2020 ire
478 1964 818 2020 sacerdotem
856 1963 1363 2035 :_qucmadmodum
1409 1963 1454 2016 si
1493 1961 1618 2031 quis
1651 1960 1837 2030 potius
1880 1959 1950 2014 ab

365 2057 533 2112 obvio
559 2057 774 2112 medico
803 2058 984 2127 exigat
1016 2057 1320 2126 potionem.
1349 2056 1643 2124 Postquam
1690 2067 1824 2108 vero
1863 2051 1944 2106 le-

369 2161 466 2217 pra
505 2157 719 2218 captam
743 2148 1058 2203 Iudaeorum
1079 2147 1559 2217 congregationem
1604 2143 1943 2208 censuimus,

365 2254 486 2309 age,
522 2239 648 2309 quis
677 2239 770 2294 hic
797 2238 1130 2294 denuntians
1151 2239 1360 2308 lepram
1389 2238 1481 2303 sit,
1505 2245 1560 2292 et
1582 2236 1707 2306 quis
1729 2249 1947 2290 rursum

368 2329 664 2396 sacerdos,
711 2331 935 2394 ordine,
984 2341 1250 2400 quantum
1304 2329 1467 2393 licet,
1512 2329 1944 2384 consideremus.

368 2421 606 2476 Prodeat
630 2437 758 2493 ergo
783 2421 1162 2477 denuntiantis
1185 2421 1438 2477 morbum
1464 2434 1718 2490 persona,
1744 2417 1947 2474 chorus

368 2511 762 2581 prophetarum
778 2553 792 2576 ,
827 2512 921 2582 qui
952 2511 1119 2567 etiam
1142 2525 1358 2566 summo
1380 2510 1628 2566 omnium
1652 2508 1945 2572 sacerdoti,

368 2611 796 2673 nostrorumque
817 2603 1125 2660 animorum
1151 2602 1430 2672 prmfecto,
1460 2601 1566 2658 hoc
1590 2609 1676 2660 est
1701 2599 1946 2661 Christo,

367 2693 763 2749 denuntiarunt
796 2713 809 2749 :
837 2703 1004 2765 atque
1031 2695 1088 2749 in
1120 2693 1432 2750 Iudaeorum
1458 2692 1702 2748 dementi
1737 2691 1947 2746 insania

364 2786 484 2856 ejus
531 2784 964 2841 incarnationem
988 2785 1378 2856 praedicarunt,
1407 2783 1607 2840 invecti
1643 2784 1699 2838 in
1732 2796 1947 2838 morum

368 2875 706 2946 impietatem
732 2884 788 2931 et
807 2877 1200 2948 corruptelam,
1225 2893 1338 2932 non
1368 2877 1497 2934 odio
1524 2884 1581 2933 et
1612 2876 1786 2930 livore
1818 2889 1948 2944 erga

365 2984 460 3024 eos
476 2969 719 3034 adducti,
761 2969 856 3025 sed
874 2970 1185 3026 reverentia
1206 2971 1336 3027 victi
1360 2985 1490 3041 erga
1512 2968 1758 3023 omnium
1788 2965 1950 3037 largi-

368 3070 544 3115 torem
571 3078 584 3114 :
608 3059 935 3117 conﬁtentes
956 3061 1145 3116 adbaac
1165 3075 1291 3116 cum
1325 3059 1581 3130 lacrymis
1608 3057 1828 3113 illorum
1853 3057 1948 3111 de—
1974 3091 2016 3148 C

366 3151 517 3217 licta,
548 3161 604 3208 et
637 3151 798 3207 simul
832 3153 979 3220 ipsos
1005 3152 1297 3208 hortando.
1337 3150 1500 3223 362
1528 3149 1726 3219 Accipe
1764 3149 1948 3218 itaque

367 3243 684 3300 Iudaeorum
729 3257 945 3305 mores,
979 3241 1299 3310 lepramque
1339 3239 1736 3308 deplorantem,
1777 3247 1833 3292 et
1877 3239 1948 3293 ab

368 3331 504 3402 ipsis
557 3329 833 3384 morsibus
881 3328 1038 3382 valde
1073 3328 1306 3396 petitum
1350 3326 1570 3380 beatum
1623 3327 1948 3396 prophetam

367 3419 697 3482 Jeremiam;
733 3419 812 3474 sic
841 3420 987 3474 enim
1012 3418 1287 3488 precando
1317 3418 1394 3474 ait
1423 3435 1436 3472 :
1483 3418 1740 3473 «Peccata
1763 3425 1950 3472 nostra

369 3512 697 3567 restiterunt
726 3509 906 3574 nobis,
949 3510 1199 3564 Domine.
1238 3509 1344 3565 Fac
1384 3509 1544 3565 nobis
1578 3518 1803 3579 propter
1846 3523 1948 3562 no-

369 3616 500 3658 men
545 3610 724 3665 tuum,
757 3599 887 3670 quia
917 3600 1088 3654 multa
1133 3607 1261 3654 sunt
1291 3608 1517 3669 peccata
1543 3608 1733 3654 nostra
1761 3615 1950 3654 coram

370 3702 448 3749 te.
476 3692 602 3747 Tibi
635 3691 1002 3763 peccavimus.
1038 3691 1388 3761 Exspectatio
1413 3690 1581 3746 lsrael
1608 3731 1622 3756 ,
1671 3691 1902 3746 Domine
1931 3707 1944 3744 :

369 3796 427 3843 et
451 3785 686 3842 salvabis
718 3785 775 3841 in
820 3794 1068 3856 tempore
1104 3786 1396 3841 malorum.
1451 3785 1634 3854 Quare
1672 3785 1852 3842 factus
1889 3801 1952 3842 es

372 3876 516 3932 sicut
545 3875 754 3932 advena
785 3876 841 3931 in
883 3885 1051 3942 terra,
1097 3885 1153 3932 et
1190 3877 1347 3947 quasi
1375 3876 1632 3947 indigena
1670 3877 1952 3932 divertens

371 3967 430 4022 in
478 3966 876 4024 diversorium?
913 3966 1171 4037 Nunquid
1209 3967 1322 4023 eris
1375 3968 1533 4039 quasi
1594 3968 1760 4023 homo
1818 3968 1950 4022 dor-

371 4058 571 4124 miens,
595 4059 682 4113 vel
705 4057 862 4129 quasi
895 4057 977 4112 vir
1001 4058 1096 4128 qui
1136 4059 1348 4116 salvare
1377 4060 1660 4130 nequeat?
1708 4059 1782 4113 Et
1800 4067 1857 4114 tu
1894 4059 1951 4114 in

371 4149 532 4204 nobis
554 4165 635 4214 es,
684 4149 946 4212 Domine,
999 4158 1056 4204 et
1095 4166 1298 4206 nomen
1326 4159 1479 4206 tuum
1515 4151 1827 4206 invocatum
1869 4160 1954 4208 est

371 4251 541 4306 super
588 4253 709 4302 nos,
768 4252 838 4292 ne
893 4237 1238 4294 obliviscaris
1290 4241 1548 4294 nostri“.
1587 4260 1604 4292 ι
1661 4242 1730 4296 Ει
1772 4241 1948 4297 alibi:

381 4349 400 4380 ‹
436 4328 528 4386 Va:
557 4328 691 4384 mihi
736 4329 918 4384 anima
949 4347 962 4384 :
1004 4331 1134 4400 quia
1160 4331 1325 4400 periit
1347 4332 1471 4401 pius
1486 4333 1554 4388 de
1571 4341 1736 4396 terra,
1761 4341 1818 4388 et
1839 4348 1949 4389 non

2055 1873 2274 1945 μᾶλλον,
2304 1874 2338 1944 ἢ
2369 1874 2514 1944 άπερ
2555 1871 2777 1942 ἔμελλον
2803 1870 3106 1936 ἀποδείξειν
3153 1870 3385 1940 ἀγαθήν.
3424 1873 3624 1938 Ἀναγ-

2051 1966 2224 2034 γείλαι
2261 1965 2317 2020 δέ
2351 1983 2402 2018 τι
2432 1963 2510 2034 τῷ
2546 1964 2682 2034 ἱερεῖ
2707 1963 2899 2031 λέγων,
2934 1961 3250 2033 ῶσπεράφὴ
3280 1961 3483 2032 λέπρας
3499 1963 3629 2031 695--

2049 2071 2140 2110 ται
2185 2057 2245 2109 ὲν
2281 2057 2348 2126 τῇ
2377 2053 2546 2123 οἰκίᾳ,
2573 2054 2666 2106 καὶ
2693 2051 2814 2106 οὐδέ
2836 2051 2936 2105 πού
2965 2068 3146 2121 φαμεν
3171 2051 3628 2121 κατηγορήσαντά

2050 2166 2170 2202 τινα
2197 2149 2296 2218 τῆς
2340 2147 2518 2210 οἰκίας
2550 2146 2650 2216 τῆς
2681 2143 2874 2198 ἑαυτοῦ
2915 2144 3048 2198 ἱέναι
3081 2143 3214 2214 πρὸς
3245 2142 3332 2195 τὸν
3360 2143 3509 2213 ἱερέα
3535 2141 3628 2194 τὸν

2050 2239 2352 2309 νομοθέτην
2406 2239 2615 2302 εἰπεῖν,
2655 2235 2844 2307 ῶσπερ
2887 2235 2943 2288 δὲ
2997 2235 3196 2306 μᾶλλον
3236 2234 3293 2302 ἐξ
3337 2233 3522 2302 ἰατροῦ
3548 2233 3626 2303 τῷ

2053 2327 2424 2399 πμὸεὸηκότι
2466 2328 2760 2399 φάρμακον
2786 2323 3158 2398 ἐξαιτήσονται.
3207 2324 3422 2384 Ἐπειδὴ
3451 2324 3506 2377 δὲ
3534 2323 3625 2376 λε-

2050 2418 2366 2488 λεπρῶσθαι
2413 2419 2730 2489 δεδώκαμεν
2761 2417 2861 2489 τὴν
2907 2417 3018 2472 τῶν
3075 2416 3340 2472 Ἰουδαίων
3379 2417 3630 2484 Συναγω-

2049 2510 2174 2581 γὴν,
2202 2511 2333 2583 φέρε
2360 2511 2444 2575 τίς
2471 2513 2500 2565 6
2536 2509 2883 2580 ἀναγγέλλων
2913 2509 2972 2563 τὸ
2994 2509 3162 2572 πάθος
3197 2509 3342 2575 ﬁeri;
3372 2509 3454 2572 τίς
3485 2509 3528 2560 δ’
3557 2503 3628 2562 αὖ

2050 2601 2211 2656 πάλιν
2235 2604 2263 2655 6
2296 2601 2494 2673 ἱερεὺς,
2517 2600 2594 2664 ώς
2623 2601 2703 2654 ἔνι
2745 2599 2926 2664 καλῶς
2953 2599 3338 2670 θεωρήσωμεν.
3375 2599 3626 2670 Περικεί-

2051 2695 2162 2748 σθω
2212 2693 2276 2766 δὴ
2322 2689 2414 2748 οὖν
2461 2693 2522 2746 τὸ
2554 2693 2646 2747 τοῦ
2699 2692 3119 2762 ἀναγγέλλοντος
3167 2691 3478 2762 πρόσωπον,
3519 2689 3628 2744 τῶν

2051 2782 2218 2852 ἁγίων
2238 2783 2531 2854 προφητῶν
2553 2784 2580 2836 6
2598 2782 2778 2853 χορὸς,
2795 2787 2848 2841 oi
2872 2781 2964 2836 καί
2991 2779 3303 2850 ὲξήγγειλον
3317 2779 3395 2850 τῷ
3412 2780 3630 2834 πάντων

2048 2875 2297 2946 ἀρχιερεῖ
2323 2873 2415 2927 καὶ
2430 2872 2709 2946 προστάτῃ
2723 2873 2831 2926 τῶν
2851 2872 3130 2943 ἡμετέρων
3141 2871 3350 2942 ψυχῶν,
3378 2871 3629 2926 τουτέστι

2050 2963 2291 3036 Χριστῷ,
2318 2966 2412 3018 καὶ
2454 2963 2560 3035 πρὸ
2590 2963 2690 3034 τῆς
2727 2964 3188 3035 ὲνανθρωπήσεως
3228 2963 3328 3033 τῆς
3361 2961 3630 3017 Ἰουδαίων

2051 3054 2307 3118 ἀπονοίας
2327 3055 2394 3108 τὰ
2418 3054 2586 3125 πάθη,
2610 3056 2701 3108 καὶ
2713 3055 2809 3118 τὴν
2824 3055 2930 3108 τῶν
2949 3056 3164 3126 τρόπων
3191 3055 3513 3124 ἀνοσιότητα
3533 3045 3629 3109 καὶ

2051 3147 2400 3218 καταφθορὰν
2425 3145 2486 3200 ού
2524 3149 2672 3219 μίσει
2696 3149 2789 3202 καὶ
2819 3147 3084 3219 ἀπεχθείᾳ
3104 3147 3239 3219 πρὸς
3264 3147 3506 3211 ἐκείνους
3533 3165 3631 3201 πο-

2053 3239 2170 3302 θὲν,
2212 3237 2326 3292 ἀλλ’
2349 3239 2488 3294 αἰδοῖ
2508 3242 2572 3310 τῇ
2603 3240 2731 3309 περί
2761 3239 2854 3292 τὸν
2874 3239 3170 3309 εὐεργέτην
3194 3239 3505 3309 νικώμενοι,
3536 3239 3632 3294 καὶ

2051 3329 2532 3400 συνομολογοῦντες
2557 3331 2654 3400 μὲν
2679 3331 2780 3384 οὐκ
2810 3331 3071 3403 ἀδακρυτὶ
3119 3330 3185 3383 τὰ
3210 3330 3428 3384 ἐκείνων
3449 3330 3556 3400 πλη
3567 3349 3634 3400 μα

2054 3421 2190 3491 μελή
2201 3421 2638 3492 ματα,ὲλεεῖσθαι
2652 3421 2696 3473 δ’
2715 3420 2966 3492 οῦνὸμως
2978 3421 3386 3492 παρακαλοῦντε
3397 3440 3419 3485 ς
3435 3422 3627 3489 αὐτήν.

2051 3513 2159 3566 Καί
2189 3529 2280 3583 μοι
2307 3512 2466 3566 πάλιν
2495 3513 2575 3576 εἰς
2608 3513 2764 3566 τοῦτο
2785 3513 2939 3583 δέχου
2976 3513 3174 3584 τρόπον
3213 3513 3334 3565 τινὰ
3362 3513 3460 3583 τὴν
3498 3513 3633 3565 ’1ου-

2051 3604 2218 3658 δαίων
2244 3602 2548 3674 οἰμώζοντα
2587 3604 2818 3676 λέπραν,
2853 3605 2946 3658 καὶ
2971 3603 3057 3657 ἐπ’
3088 3604 3223 3674 αὐτῇ
3255 3604 3375 3657 λίαν
3396 3603 3630 3657 καταδα-

2052 3695 2330 3766 κνώμενον
2357 3695 2448 3749 τὸν
2493 3696 2762 3766 μακάριον
2796 3696 3082 3767 προφήτην
3127 3695 3396 3766 Ἰερεμίαν
3416 3736 3430 3760 ,
3461 3694 3528 3746 δι’
3555 3687 3633 3746 ὧν

2052 3785 2195 3841 οὕτω
2246 3786 2411 3858 φησιν
2460 3788 2927 3859 προσευχόμενος·
2980 3806 2999 3839 ι
3049 3787 3116 3840 Αἰ
3165 3787 3432 3858 ἁμαρτίαι
3473 3786 3633 3857 ἡμῶν

2051 3880 2385 3950 ἀντέστησαν
2432 3881 2596 3950 ἡμῖν,
2631 3879 2826 3950 Κύριε.
2865 3879 3096 3948 Ποίησον
3130 3880 3262 3950 ἡμῖν
3305 3879 3492 3933 ἕνεκεν
3535 3877 3630 3932 τοῦ

2053 3970 2352 4042 ὀνόματος,
2405 3970 2488 4024 ὅτι
2540 3970 2735 4024 πολλαὶ
2782 3971 2838 4024 αἰ
2875 3967 3142 4042 ἁμαρτίαι
3189 3970 3346 4041 ήμῶν
3387 3970 3630 4022 ἐναντίον

2056 4077 2172 4113 σου.
2208 4061 2300 4114 Σοὶ
2324 4060 2662 4131 ἡμάρτομεν.
2712 4059 2989 4132 ’Υπομονὴ
3034 4060 3267 4131 Ἰσραὴλ,
3297 4060 3468 4131 Κύριε
3489 4101 3503 4125 ,
3537 4061 3633 4113 καὶ

2057 4148 2250 4213 σώσεις
2289 4151 2344 4203 ὲν
2369 4149 2548 4221 καιρῷ
2579 4149 2788 4205 κακῶν.
2819 4151 2934 4204 Ἵνα
2971 4149 3023 4203 τί
3050 4149 3310 4221 ὲγενήθης
3335 4151 3467 4204 ὡσεὶ
3497 4152 3632 4222 πάρ-

2053 4258 2200 4306 οικος
2229 4243 2324 4295 ἐπὶ
2355 4243 2453 4313 τῆς
2495 4243 2632 4312 γῆς,
2681 4243 2776 4297 καὶ
2818 4243 2892 4306 ώς
2931 4241 3208 4312 αὐτόχθων
3252 4242 3514 4296 ἐκκλίνων
3552 4245 3632 4307 εἰς

2055 4333 2364 4404 κατάλυμα;
2398 4333 2490 4404 Μὴ
2520 4333 2618 4407 ἔσῃ
2645 4334 2721 4398 ὡς
2767 4333 3052 4404 ἄνθρωπος
3081 4333 3284 4396 ύπνῶν,
3312 4333 3344 4404 ἢ
3377 4333 3453 4397 ὡς
3489 4335 3631 4406 ἀνὴρ

372 4424 460 4473 est
485 4417 541 4473 in
574 4418 894 4474 hominibus
925 4418 1021 4489 qui
1050 4419 1310 4491 corrigat.
1353 4419 1558 4476 Omnes
1582 4421 1635 4474 in
1657 4421 1948 4492 sanguines

2061 4425 2136 4498 μὴ
2161 4426 2456 4496 δυνάμενος
2487 4425 2714 4494 σώζειν;
2741 4427 2850 4481 Kal.
2881 4428 2945 4481 σὺ
2977 4429 3033 4481 ὲν
3063 4428 3194 4498 ἡμῖν
3223 4424 3290 4492 εἰ,
3318 4427 3509 4499 Κύριε,
3535 4429 3631 4482 καὶ

373 4507 688 4574 iudicantur
724 4525 736 4561 :
772 4507 1151 4580 unusquisque
1185 4509 1494 4580 proximum
1519 4525 1679 4565 suum
1715 4511 1949 4566 tribula—

373 4599 522 4653 tione
547 4599 792 4654 tribulat.
821 4600 880 4655 In
913 4602 1116 4655 malum
1146 4616 1342 4655 manus
1367 4617 1494 4656 suas
1523 4603 1944 4672 prmparant'h

377 4689 436 4742 In
454 4689 654 4744 talibus
680 4691 886 4745 etenim
909 4693 1303 4762 prophetarum
1334 4693 1586 4748 lamentis
1620 4693 1836 4749 lsraelis
1876 4695 1952 4749 le-

372 4795 529 4850 pram
570 4781 847 4852 deplorari
899 4784 1176 4840 audimus.
1224 4785 1444 4840 Mandat
1491 4798 1642 4842 certe
1693 4786 1951 4843 sacerdos

371 4874 598 4928 domum
633 4876 794 4931 talem
837 4877 1154 4932 instaurari.
1180 4877 1544 4932 Formidanda
1571 4879 1719 4932 enim
1745 4879 1840 4934 Dei
1867 4887 1953 4934 est

374 4967 781 5023 animadversio
810 4967 866 5023 in
891 4978 1079 5025 nostra
1116 4969 1370 5025 crimina.
1397 4969 1541 5025 Reos
1582 4971 1727 5025 enim
1765 4970 1951 5041 puniri

373 5073 472 5127 par
503 5069 606 5115 est.
636 5059 698 5116 In
722 5061 925 5132 quibus
949 5063 1193 5133 profecto
1213 5063 1370 5118 malis
1401 5062 1705 5133 imperatur
1740 5065 1950 5134 ample-

374 5149 572 5204 ctenda
635 5153 928 5222 purgatio,
993 5167 1100 5222 qua
1162 5153 1498 5224 benignitate
1547 5153 1812 5223 przeditus
1865 5163 1952 5209 est

373 5236 540 5306 Deus,
566 5241 1006 5314 detergendaque
1048 5245 1202 5315 lepra
1247 5245 1488 5299 immissa
1521 5262 1534 5297 :
1568 5255 1623 5298 et
1654 5245 1733 5300 sic
1755 5246 1951 5301 evitari

373 5346 534 5402 posse
558 5335 894 5404 speculantis
916 5336 1012 5392 Dei
1030 5337 1300 5408 justitiam
1330 5354 1342 5390 :
1371 5346 1432 5390 ut
1458 5337 1534 5391 illi
1560 5337 1708 5392 dicto
1731 5350 1949 5408 pareat:

383 5444 400 5473 ι
431 5425 578 5482 Lava
604 5443 635 5482 a
665 5429 874 5484 malitia
903 5444 1000 5484 cor
1013 5438 1192 5494 tuum,
1211 5429 1536 5492 Jerusalem,
1571 5438 1632 5484 ut
1661 5431 1809 5484 salva
1833 5430 1948 5485 ﬁas.

378 5511 672 5586 Usquequo
694 5519 1002 5575 subsistunt
1027 5520 1082 5574 in
1116 5529 1168 5574 te
1191 5520 1550 5591 cogitationes
1570 5521 1818 5578 laborum
1837 5531 1953 5575 tuo-

438 5634 483 5665 ⁶⁶
515 5633 714 5689 Jcrem.
749 5649 864 5696 xw,
902 5633 1020 5688 7-9.
1092 5633 1135 5665 ”
1177 5633 1336 5689 Mich.
1381 5650 1476 5694 vn,
1524 5633 1639 5685 1-5.

2058 4517 2120 4572 τὸ
2146 4517 2317 4588 ὄνομά
2354 4534 2448 4571 σου
2487 4517 2842 4589 ἐπικέκληται
2871 4517 2956 4587 ἐφ’
2997 4521 3165 4590 ἡμᾶς,
3212 4519 3286 4591 μὴ
3314 4518 3567 4589 ὲπιλάθῃ.
3606 4539 3625 4572 ι

2060 4608 2169 4662 Καὶ
2189 4608 2371 4661 πάλιν’
2409 4627 2427 4659 ι
2458 4607 2622 4679 Οίμοι
2665 4607 2832 4679 ψυχὴ,
2861 4609 2944 4662 ὅτι
2963 4609 3241 4663 ἀπόλωλεν
3269 4608 3499 4679 εὐλαϐὴς
3520 4607 3631 4662 ἀπὸ

2057 4700 2158 4770 τῆς
2186 4700 2291 4770 γῆς
2313 4740 2328 4764 ,
2361 4699 2456 4754 καὶ
2494 4700 2776 4771 κατορθῶν
2812 4701 2871 4754 ἐν
2901 4701 3210 4772 ἀνθρώποις
3244 4702 3340 4772 οὺχ
3373 4703 3626 4773 ὑπάρχει.

2058 4791 2265 4855 Πάντες
2306 4793 2384 4854 είς
2419 4791 2628 4863 αἵματα
2657 4792 2989 4857 δικάζονται,
3023 4792 3250 4857 ἕκαστος
3278 4793 3369 4846 τὸν
3404 4794 3631 4862 πλησίον

2057 4881 2221 4935 αὑτοῦ
2254 4881 2594 4936 ὲκθλίϐουσιν
2617 4882 2862 4954 ἐκθλιϐῇ.
2895 4883 3015 4937 Ἐπί
3038 4883 3098 4938 τὸ
3119 4883 3285 4938 κακὸν
3321 4883 3417 4948 τάς
3442 4886 3630 4954 χεῖρας

2058 4973 2240 5027 αὐτῶν
2269 4972 2668 5045 ἑτοιμάζουσιν.
2703 4993 2721 5026 ι
2779 4976 2867 5028 Ἐν
2905 4973 3014 5044 γὰρ
3056 4977 3165 5039 τοῖς
3192 4975 3452 5040 τοιούτοις
3493 4976 3630 5048 θρη-

2058 5065 2262 5136 νήμασι
2296 5065 2403 5119 τῶν
2433 5067 2726 5138 προφητῶν
2747 5105 2762 5130 ,
2785 5066 2884 5138 τὴν
2911 5066 3039 5138 περὶ
3067 5065 3160 5120 τοῦ
3190 5067 3499 5138 λεπρῶσθαι
3536 5070 3630 5123 τὸν

2070 5156 2286 5227 Ἰσραὴλ
2315 5158 2691 5228 παραγγελίαν
2738 5157 3170 5230 παραδεξόμεθα.
3201 5158 3534 5229 Προστάττει
3563 5175 3626 5227 γε

2047 5247 2154 5318 μὴν
2187 5248 2215 5300 6
2245 5245 2424 5318 ίερεῦς
2473 5245 2846 5300 ἀποσκευάσαι
2904 5245 3002 5314 τὴν
3033 5242 3210 5297 οἰκίαν
3251 5244 3348 5312 (l).
3379 5244 3628 5312 Φοϐερω-

2043 5339 2178 5409 τάτη
2211 5339 2309 5408 μὲν
2328 5339 2436 5408 γὰρ
2458 5339 2490 5408 ἡ
2511 5336 2604 5390 ἐπὶ
2618 5339 2728 5400 τοῖς
2743 5337 2850 5406 πλη
2859 5336 3174 5406 μμελήμασι
3199 5337 3311 5399 τοῖς
3339 5335 3627 5406 ἡμετέροις

2052 5427 2324 5500 ὲπισκοπὴ
2364 5429 2460 5482 τοῦ
2489 5428 2624 5483 Θεοῦ
2653 5429 2881 5497 γίνεται.
2932 5427 3273 5491 Κολάζεσθαι
3309 5429 3364 5482 δὲ
3412 5429 3638 5503 ἀνάγκη

2053 5522 2177 5585 τοὺς
2203 5522 2418 5592 ἐνόχους
2447 5518 2726 5589 δντας,οἶς
2742 5521 2806 5577 ἂν
2835 5521 2935 5592 ἠδη
2971 5524 3161 5587 κακοῖς
3189 5521 3277 5576 sta
3315 5519 3475 5575 τοῦτο
3501 5517 3628 5590 φιλ-

436 5727 515 5794 (l)
549 5725 728 5782 Codex
758 5725 1072 5782 llarlaeanus
1095 5726 1262 5792 addit,
1300 5726 1400 5795 πρὸ
1430 5725 1517 5780 τοῦ
1549 5721 1850 5777 εἰσελθόντα
1886 5722 1948 5776 ῐδε

2051 5722 2136 5793 τὴν
2166 5720 2358 5776 οἰκίαν.
