4060 6192
316 312 331 353 ς
356 275 465 332 sca

1329 268 1848 333 GLAPHYBOBUI
1885 274 1955 332 IN
1996 270 2370 333 LEVITICUII
2408 269 2631 331 LIBER.

3500 274 3607 332 570

359 386 647 458 ἅνθρωπος
691 386 799 450 ὢν,
862 384 1231 458 παραγγέλλει
1295 390 1669 463 καθαρισμοὺς
1711 393 1932 466 ἀγαπᾷν

2040 392 2255 450 mm“?
2291 414 2310 448 ,
2342 392 2618 449 Labor-um
2657 398 2842 446 autem
2892 387 3254 460 cogitationes
3299 388 3611 461 intelligunt

357 478 454 532 καὶ
480 477 580 550 τὴν
602 477 986 549 ὲπισκήψασαν
1013 478 1168 533 νόσον
1195 472 1695 545 ἀποσκευάζεσθαι.
1712 481 1935 553 φθάνειν

359 587 419 623 τε
468 568 614 623 οὕτω
659 570 762 638 τὴν
795 572 861 623 ὲκ
907 572 1008 642 τῆς
1044 571 1383 642 ἐπισκέψεως
1424 573 1615 645 δίκην,
1651 574 1729 640 ὡς
1762 577 1821 628 έν
1853 574 1932 645 τῷ

332 656 382 710 ἰ
429 658 767 715 Ἀπόπλυνον
822 659 932 715 ἀπὸ
973 660 1174 725 κακίας
1189 661 1288 733 τὴν
1326 663 1553 734 καρδίαν
1582 680 1698 731 σου,
1738 663 1933 737 Ἰερου-

359 748 544 820 σαλὴμ
565 789 580 813 ,
622 749 710 804 ἴνα
760 749 959 823 σωθῇς.
998 751 1143 816 Ἕως
1188 751 1316 806 πότε
1360 753 1698 825 ὑπάρχουσιν
1741 756 1801 808 ὲν
1850 754 1935 809 σοὶ

2038 486 2290 543 nonnulli
2316 493 2488 550 recte,
2509 484 2597 541 vel
2631 481 2858 537 omnino
2885 480 2957 536 de
2991 480 3062 536 iis
3096 480 3397 546 laboribus,
3435 497 3609 551 quan-

2038 572 2113 630 do
2138 573 2213 628 ob
2253 572 2453 629 delicta
2489 585 2664 643 pm
2695 570 3031 627 inferuntur.
3058 569 3160 626 Hic
3205 570 3390 641 itaque
3426 572 3611 626 oonsi-

2026 664 2172 729 _dera
2211 664 2555 721 sacerdotem
2604 663 2972 733 imperantem
3023 661 3226 732 depelli
3268 678 3492 728 causas,
3539 662 3613 719 ob

2039 769 2180 824 quas
2199 755 2346 826 juste
2368 753 2645 825 intelligas
2666 753 2724 807 in
2753 765 2946 824 pinnas
2972 750 3213 821 aliquem
3236 752 3517 808 incidisse.

357 842 700 914 διαλογισμοὶ
746 843 927 899 πόνων
978 860 1104 911 σου;
1159 863 1180 897 ι
1232 846 1420 901 Πόνων
1477 845 1536 901 δδ
1584 847 1924 920 διαλογισμοί
1999 860 2146 911 τινες
2181 846 2249 902 ἂν
2290 847 2479 901 νοοῖντ’
2530 845 2598 899 ἂν
2669 844 2914 910 εἰκότως,
2953 844 2988 915 ἢ
3030 845 3228 901 tacetve:
3265 842 3331 914 δὴ
3387 843 3609 909 πάντως

357 935 426 988 δι’
454 930 531 993 ὧν
558 938 638 1001 είς
666 936 864 1001 πόνους
896 938 988 991 καὶ
1018 936 1117 1003 τὰς
1141 938 1233 992 ἐπὶ
1264 942 1385 1004 ταῖς
1430 940 1831 1012 πλημμελείαις
1887 939 2043 1009 δίκας
2072 938 2447 1009 εἰσελθόμιθα.
2466 936 2610 1009 Ὀρα
2626 936 2807 993 τοίνυν
2856 938 2915 989 ὲν
2982 933 3194 998 τούτοις
3257 934 3615 989 διατάττοντα

358 1029 450 1084 τὶν
482 1027 635 1101 ἰερᾶα
668 1030 1249 1102 προαποσκευάζεσθαι
1278 1033 1377 1099 τάς
1410 1034 1610 1102 αἰτίας,
1674 1036 1759 1105 ἐφ’
1792 1029 1881 1101 αἶς
1941 1036 2006 1090 ἂν
2040 1035 2197 1090 νοοττ’
2244 1032 2310 1089 ἄν
2368 1048 2453 1097 τις
2499 1031 2723 1096 εἰκότως
2798 1029 3196 1085 Onomasto-Oet
3262 1030 3383 1092 ταῖς
3440 1044 3616 1097 τιμω-

362 1134 527 1189 ριαις.

428 1209 501 1276 γ’.
536 1203 667 1262 Εἶτά
701 1224 859 1280 φησι⁸
892 1228 910 1261 ι
941 1210 1051 1265 Καὶ
1079 1211 1445 1268 εἰσελεύσεται
1473 1215 1503 1268 δ
1530 1215 1731 1287 ἰερεὺς,
1759 1232 1932 1271 κατα-

362 1302 561 1374 μαθεῖν
587 1301 687 1371 τὴν
716 1302 916 1365 οἰκίαν,
944 1302 1040 1357 καὶ
1076 1303 1268 1373 ὄψεται
1295 1305 1395 1377 τὴν
1426 1307 1587 1378 ἁφὴν.
1612 1308 1707 1362 καὶ
1750 1307 1858 1362 ἰδοὺ
1896 1309 1932 1378 ἠ

360 1389 475 1461 ἁφὴ
498 1391 557 1443 ἐν
580 1392 692 1454 τοῖς
713 1390 989 1461 τοίχοις.⁴ι
1020 1392 1129 1445 Καὶ
1151 1391 1335 1447 πάλιν·
1360 1411 1381 1447 ι
1418 1394 1676 1462 Ἐξελθὼν
1701 1397 1731 1450 ὁ
1756 1396 1934 1468 ἰερεὺς

294 1478 297 1479 ⁷
362 1484 427 1534 ἐκ
448 1483 549 1552 τῆς
576 1481 752 1544 οἰκίας
783 1482 875 1535 ἐπὶ
910 1481 1010 1554 τὴν
1041 1482 1209 1553 θύραν
1240 1484 1338 1555 τῆς
1361 1486 1558 1550 οἰκίας,
1594 1486 1688 1540 καὶ
1718 1486 1938 1559 άφοριετ

361 1572 390 1624 ὁ
422 1571 601 1641 ἰερεὺς
631 1570 729 1640 τὴν
771 1571 949 1624 οἰκίαν
997 1571 1137 1624 ἑπτὰ
1172 1572 1407 1644 ἡμέρας.
1444 1592 1464 1624 ι
1508 1574 1662 1629 Μετὰ
1702 1573 1812 1644 γὰρ
1838 1573 1937 1644 τὴν

362 1663 421 1729 ἐξ
448 1661 787 1732 ἀγαθότητος
821 1662 1270 1734 προσδιαστολὴν,
1301 1665 1396 1719 καὶ
1432 1663 1494 1717 τὸ
1519 1665 1610 1718 ἐπὶ
1654 1664 1794 1718 ἑπτὰ
1823 1665 1933 1719 δεῖν
1969 1645 2010 1704 Β

363 1752 776 1824 προκαθῆρται,
810 1753 1106 1825 φαινομένη
1137 1754 1296 1808 πάλιν
1334 1756 1367 1826 ἠ
1402 1755 1674 1827 φαυλότης
1712 1757 1769 1809 ὲν
1800 1756 1932 1827 σχή-

366 1861 498 1916 ματι
520 1844 726 1915 λέπρας
750 1845 830 1907 εἰς
857 1843 1079 1914 εύλογον
1107 1846 1474 1917 ἀγανάκτησιν
1502 1847 1768 1916 κέκληκεν
1793 1847 1934 1900 εἰκό-

364 1954 474 1999 τως
494 1935 588 1988 τὸν
617 1935 799 2006 ἱερέα,
834 1934 894 1988 τὺ
940 1935 1083 1990 θεῖον
1116 1938 1173 1989 ὲν
1215 1938 1427 2000 τούτοις
1456 1937 1726 2008 φοροῦντα
1764 1938 1936 2009 πρόσ-

362 2045 531 2083 ωπον.
563 2027 654 2079 Διὸ
672 2026 736 2097 δὴ
775 2025 938 2080 πάλιν
962 2027 1306 2091 ἐποπτεύσας
1333 2029 1432 2099 τὴν
1466 2028 1629 2098 ἁφὴν,
1664 2028 1935 2094 τουτέστι,

364 2118 435 2171 τὰ
464 2116 563 2171 τοῦ
591 2117 799 2183 πάθους
825 2120 1027 2188 σημεῖα
1055 2119 1150 2172 καὶ
1187 2117 1452 2189 σύμϐολα,
1486 2118 1587 2189 τὴν
1617 2119 1794 2172 οἰκίαν
1833 2117 1939 2186 ἀφ-

364 2209 567 2280 ώρισεν
618 2209 699 2269 εἰς
754 2208 881 2271 ὅλας
935 2207 1147 2279 ἡμέρας
1206 2207 1365 2262 ἑπτά.
1404 2207 1790 2279 Λελυπημένος
1827 2206 1939 2278 γὰρ

366 2301 459 2354 καὶ
492 2299 614 2353 λίαν
641 2300 868 2363 εἰκότως
898 2299 990 2352 ἐπὶ
1028 2300 1146 2363 ταῖς
1187 2300 1268 2362 εἰς
1310 2299 1400 2353 τὸν
1429 2298 1593 2371 νόμον
1631 2296 1936 2369 παροινίαις

366 2393 476 2446 τῶν
506 2392 565 2460 ἐξ
616 2390 868 2462 Ἰσραὴλ,
904 2390 999 2443 καί
1048 2407 1130 2445 τοι
1174 2390 1552 2461 φιλάνθρωπος
1590 2389 1666 2444 ὣν
1706 2392 1735 2443 ὁ
1783 2389 1936 2457 Θεὸς,

366 2482 645 2553 ἐξέπεμψε
689 2482 898 2544 πάντας
947 2482 1027 2545 εἰς
1086 2480 1491 2553 αἰχμαλωσίαν,
1539 2480 1812 2552 παραδοὺς
1859 2480 1940 2545 εἰς

366 2580 527 2648 χεῖρα
573 2573 684 2629 τῶν
724 2572 1080 2629 Βαϐυλωνίων
1109 2572 1192 2644 ἐφ’
1221 2572 1363 2637 ὅλοις
1391 2573 1536 2627 ἔτεσι
1566 2573 1660 2626 τδν
1706 2571 1940 2643 ἀριθμὸν

370 2665 765 2735 ἑϐδομήκοντα·
814 2662 1030 2734 ἡμέραν
1071 2661 1126 2714 δὲ
1174 2661 1303 2733 μίαν
1347 2663 1428 2724 εἰς
1478 2659 1613 2714 δέκα
1659 2660 1937 2725 τεθεικώς.

381 2759 557 2814 Ἐπτά
601 2774 765 2829 φησιν
803 2750 941 2809 εἶναι
974 2754 1073 2817 τὰς
1103 2753 1313 2825 ἡμέρας
1357 2751 1450 2806 τοῦ
1493 2749 1798 2824 ἀφορισμοῦ
1840 2750 1942 2821 τῆς

264 2870 275 2883 ο
369 2851 567 2915 οἰκίας,
600 2847 701 2919 τὴν
738 2844 951 2917 ἡμέραν
986 2846 1065 2907 εἰς
1089 2842 1365 2906 ἐνιαυτοὺς
1400 2841 1532 2895 δέκα
1570 2839 1939 2912 λογιζόμενος.

2098 1209 2153 1269 '5.
2183 1212 2392 1270 Deinde
2417 1213 2497 1269 ait
2524 1212 2809 1284 Scriptura
2833 1230 2847 1266 :
2882 1230 2902 1263 ι
2934 1211 3005 1267 Et
3034 1211 3376 1282 ingredietur
3428 1228 3612 1268 sacer-

2029 1304 2133 1361 dos
2167 1305 2237 1361 ad
2275 1303 2713 1374 cognoscendam
2737 1303 2963 1359 domum
2984 1341 3001 1366 ,
3043 1312 3099 1357 et
3124 1302 3354 1372 aspiciet
3386 1310 3611 1370 tactum,

2028 1405 2086 1454 et
2113 1412 2242 1455 ecce
2295 1404 2476 1454 tactus
2512 1395 2569 1456 in
2602 1394 2911 1465 parietibus
2950 1393 3148 1449 domus
3182 1394 3250 1447 θ’.
3298 1412 3318 1445 ι
3368 1394 3437 1450 Et
3492 1411 3617 1449 rur-

2031 1506 2154 1546 sum
2190 1507 2204 1544 :
2237 1509 2255 1541 ι
2285 1487 2588 1560 Egrediens
2630 1487 2887 1545 sacerdos
2924 1487 3151 1544 domum
3192 1485 3261 1540 ad
3285 1485 3487 1540 ostium
3512 1486 3613 1541 de-

2036 1597 2180 1646 mus,
2214 1588 2271 1636 et
2303 1572 2523 1635 claudet
2549 1579 2696 1633 illam
2743 1577 3005 1634 sacerdos
3027 1584 3237 1648 septem
3262 1576 3543 1632 diebus".
3583 1596 3604 1630 ι

2036 1673 2166 1731 Post
2193 1672 2310 1727 haec
2345 1685 2378 1725 e
2404 1670 2551 1726 bono
2583 1669 2968 1731 mutationem,
3010 1676 3067 1723 et
3094 1676 3218 1737 post
3245 1667 3365 1722 dies
3406 1674 3615 1736 septem

2031 1763 2253 1835 purgari
2298 1771 2557 1832 oportere
2580 1760 2765 1816 denuo
2811 1758 3054 1815 ostendit
3093 1758 3360 1813 malitiam
3397 1757 3503 1812 sub
3538 1757 3618 1812 le-

2033 1870 2147 1925 pra:
2184 1852 2380 1924 ﬁgura,
2426 1851 2496 1907 ad
2534 1850 2666 1908 boni
2714 1851 2919 1906 ominis
2949 1850 3234 1921 querelam
3286 1849 3486 1903 merito
3522 1863 3619 1903 vo-

2033 1943 2178 1999 cavit
2200 1942 2562 2006 sacerdotem,
2592 1941 2686 2011 qui
2726 1941 2823 1996 Dei
2853 1941 3122 1996 sustineat
3150 1954 3458 2010 personam.
3477 1939 3619 1993 Rur-

2034 2051 2155 2091 sum
2184 2035 2366 2104 itaque
2391 2034 2704 2103 speculatus
2725 2040 2954 2096 tactum,
2984 2031 3041 2085 id
3062 2038 3166 2095 est,
3188 2029 3368 2085 morbi
3384 2030 3537 2100 signa
3555 2042 3621 2084 ac

2034 2126 2299 2194 syinbola,
2311 2125 2536 2180 domum
2559 2125 2616 2179 in
2634 2131 2845 2195 septem
2860 2123 3259 2194 segregatdies.
3274 2121 3437 2192 Eger
3446 2121 3617 2187 enim,

2035 2214 2196 2286 363
2220 2222 2277 2269 et
2295 2214 2517 2284 quidem
2546 2213 2997 2284 praevaricatione
3018 2212 3197 2283 gentis
3224 2212 3617 2274 lsraelitarum,

2035 2306 2140 2360 etsi
2170 2304 2444 2375 benignus
2462 2313 2549 2360 est
2572 2304 2721 2360 Deus
2756 2304 2825 2368 “,
2849 2318 3043 2358 omnes
3093 2301 3341 2372 captivos
3387 2300 3617 2371 redegit,

2039 2396 2265 2453 tradens
2316 2412 2414 2452 eos
2457 2396 2515 2452 in
2562 2395 2993 2468 Babyloniorum
3019 2409 3238 2457 manus,
3270 2408 3445 2447 annos
3470 2392 3621 2461 ipsos

2037 2488 2431 2559 septuaginta:
2472 2502 2646 2543 unum
2691 2487 2957 2541 nimirum
3001 2485 3149 2541 diem
3179 2485 3237 2539 in
3271 2483 3462 2538 decem
3503 2482 3620 2536 dis-

2039 2580 2302 2650 pertiens.
2329 2578 2554 2649 Septem
2582 2578 2730 2633 enim
2767 2577 2889 2632 dies
2925 2584 3056 2632 sunt
3088 2573 3486 2645 segregationis
3517 2571 3619 2626 do-

2039 2692 2183 2743 mus,
2210 2676 2331 2737 dies
2361 2676 2417 2730 in
2439 2690 2616 2729 annos
2638 2687 2938 2728 numerans
2966 2669 3179 2733 decem,
3210 2677 3274 2721 ut
3299 2676 3385 2721 est
3412 2682 3443 2720 a
3486 2680 3618 2735 pro-

2040 2766 2209 2836 pheta
2236 2763 2523 2820 Ezechiele
2553 2763 2762 2817 dictum
2793 2778 2807 2814 :
2843 2779 2861 2811 ι
2901 2758 3057 2813 Diem
3111 2758 3168 2812 in
3214 2770 3417 2810 annum
3462 2753 3621 2823 posui

2043 2857 2146 2912 tibi
2191 2858 2258 2909 ⁷⁸.
2290 2875 2308 2908 ι
2348 2853 2617 2925 Ohsignat
2642 2867 2778 2908 vero
2836 2850 3129 2919 ﬁrmatque
3173 2861 3484 2902 sermonem
3520 2861 3623 2916 pro

369 2940 512 2995 κατὰ
553 2939 614 2993 τὸ
642 2938 936 3010 εἰρημένον
976 2936 1055 3007 τῷ
1086 2937 1339 3008 προφήτῃ
1384 2933 1661 3004 Ἵεζεχιήλ·
1700 2952 1719 2984 ι
1777 2930 1943 3002 Ἡμι-

2047 2948 2325 3020 Synagoga
2362 2952 2620 3018 precatus
2647 2942 2791 3015 apud
2819 2940 3139 2997 Zachariam
3164 2947 3347 2995 vatem
3371 2938 3621 3008 angelus,

373 3049 472 3104 ραν
510 3031 757 3085 ἐνιαυτὸν
794 3027 1013 3082 τέθεικά
1050 3044 1156 3082 σοι.
1212 3046 1231 3079 ι
1289 3028 1675 3098 Ἐπισφραγιεῖ
1712 3025 1809 3079 καὶ
1849 3025 1941 3078 τὸν

2044 3055 2172 3097 cum
2205 3039 2284 3096 ait
2337 3057 2351 3092 :
2400 3058 2420 3090 ι
2477 3037 2840 3106 Omnipotens
2890 3032 3141 3097 Domine,
3189 3031 3479 3101 queusque
3511 3043 3622 3082 non

307 3187 310 3189 Α
369 3124 552 3193 λόγον,
576 3124 670 3176 καὶ
703 3123 731 3175 ὁ
764 3124 891 3192 περὶ
917 3120 1016 3191 τῆς
1044 3119 1373 3190 Συναγωγῆς
1394 3117 1684 3189 εὐχόμενος
1709 3115 1941 3188 ἄγγελος

369 3216 429 3267 ὲν
455 3212 536 3284 τῷ
559 3213 835 3283 Ζαχαρία,
878 3211 1070 3280 λέγων·
1113 3230 1131 3263 ι
1172 3209 1342 3282 Κύριε
1386 3209 1808 3282 παντοκράτωρ,
1837 3208 1944 3272 ἓως

369 3307 518 3371 τίνος
551 3307 612 3359 ού
662 3306 738 3376 μὴ
783 3304 1024 3375 ἐλεήσεις
1064 3304 1162 3375 τὴν
1201 3301 1556 3375 Ἰερουσαλὴμ
1587 3303 1681 3356 καί
1719 3301 1818 3366 τὰς
1846 3300 1946 3356 πό-

368 3398 481 3463 λεις
544 3398 750 3459 Ἰούδα,
816 3396 882 3461 ἃς
939 3396 1251 3465 ὑπερεῖδες;
1306 3393 1477 3448 Τοῦτο
1543 3392 1942 3465 ἑϐδομηκοστὸν

370 3492 511 3555 ἔτος.
556 3509 575 3541 ι
605 3484 737 3543 Εἶτα
767 3489 927 3543 πάλιν
956 3488 1141 3559 φησιν,
1174 3488 1257 3542 ὅτι
1301 3507 1320 3539 ι
1368 3486 1659 3558 Ἐπανήξει
1697 3489 1727 3541 ὁ
1762 3486 1944 3556 ἱερεὺς

368 3586 435 3655 τῇ
466 3581 653 3652 ἡμέρᾳ
678 3583 746 3651 τῇ
774 3580 995 3654 ἐϐδόμῃ.
1035 3599 1052 3631 ι
1086 3580 1196 3651 Τὴν
1232 3579 1288 3633 δὲ
1319 3578 1412 3632 τοῦ
1443 3578 1633 3650 ἱερέως
1658 3576 1939 3641 ἐπάνοδον,

368 3676 588 3746 νοήσεις
622 3674 678 3726 ἐν
704 3671 913 3735 τούτοις
940 3669 1125 3743 ἕτερον
1151 3671 1323 3736 οὐδὲν,
1357 3670 1393 3743 ἢ
1417 3670 1520 3742 τῆς
1551 3670 1648 3724 τοῦ
1684 3667 1821 3724 Θεοῦ
1849 3687 1945 3739 φι-

368 3763 724 3838 λανθρωπίας
754 3765 854 3834 τὴν
881 3766 960 3827 εἰς
981 3765 1041 3818 τὸ
1074 3763 1224 3828 ἔθνος
1261 3764 1610 3835 ἐπιστροφήν·
1645 3762 1723 3826 ὡς
1745 3762 1824 3832 τῷ
1852 3761 1943 3816 διὰ

367 3855 529 3909 τοῦτο
554 3853 681 3907 τάδε
708 3852 856 3921 λέγει
879 3852 1100 3924 Κύριος·
1140 3871 1160 3905 ‹
1208 3851 1550 3922 Ἐπιστρέψω
1582 3853 1675 3905 ἐπὶ
1705 3850 1808 3922 τὴν
1845 3851 1942 3904 Ἰε-

373 3944 662 4016 ρουσαλὴμ
700 3945 757 3998 ἐν
802 3943 1091 4016 οἰκτιρμῷ,
1136 3944 1232 3999 καὶ
1261 3938 1408 4007 οἶκός
1449 3960 1550 4014 μου
1585 3942 1943 4013 ἀνοικοδομη-

372 4038 603 4108 θήσεται
636 4038 694 4090 ὲν
743 4036 934 4114 αύτῇι
956 4035 1103 4105 λέγει
1135 4033 1338 4107 Κύριος
1373 4035 1767 4105 παντοκράτωρ
1791 4072 1806 4098 ,
1848 4032 1946 4086 καὶ

378 4129 585 4200 μέτρον
626 4127 985 4199 ὲκταθήσεται
1012 4128 1107 4181 ἐπὶ
1147 4126 1520 4201 Ἰερουσαλήμ.
1561 4144 1580 4178 ›
1616 4127 1686 4195 Ἦ
1716 4126 1812 4180 καὶ
1837 4124 1944 4178 πά-

371 4218 489 4285 λιν,
532 4220 610 4284 ὡς
655 4221 712 4272 ὲν
757 4219 971 4289 ἐκείνην
1009 4236 1029 4270 ι
1083 4218 1205 4271 Τίσι
1239 4217 1408 4272 διαθῶ
1457 4215 1725 4289 Ἑφραῒμ,
1779 4217 1944 4287 ὑπερ‹

2044 3131 2392 3188 misereberis
2419 3128 2748 3192 Jerusalem,
2770 3126 3109 3194 urbiumque
3148 3123 3313 3188 Juda,
3359 3136 3498 3191 quas
3530 3119 3627 3174 de-

2043 3221 2303 3292 spexisti?
2319 3220 2419 3275 llic
2442 3227 2530 3275 est
2549 3217 2988 3288 septuagesimus
3006 3229 3186 3269 annus
3217 3214 3284 3266 ⁷³.
3311 3231 3329 3264 ι
3353 3211 3476 3266 Mox
3497 3209 3629 3265 sub-

2037 3309 2484 3382 jicitScriptura:
2509 3327 2529 3360 r
2550 3304 2842 3363 Etredibit
2866 3304 3129 3361 sacerdos
3141 3300 3572 3372 dieseptimo".
3600 3319 3622 3351 s

2044 3401 2219 3469 Quem
2269 3401 2511 3456 reditum
2568 3397 2873 3455 sacerdotis
2924 3411 3036 3451 non
3088 3393 3260 3449 alium
3329 3390 3625 3461 intelliges,

2044 3506 2211 3563 quam
2248 3492 2308 3547 in
2338 3490 2463 3546 Filii
2509 3490 2610 3545 Dei
2665 3486 3050 3544 incarnatione
3080 3483 3421 3540 convertisse
3467 3495 3526 3536 se
3558 3478 3628 3534 ad

2043 3589 2254 3654 gentes,
2288 3588 2349 3636 ut
2383 3578 2628 3651 ejusdem
2669 3578 2955 3649 propheta:
2984 3591 3117 3632 voce
3167 3573 3432 3629 Dominus
3458 3577 3629 3627 testa-

2044 3686 2135 3732 tur
2167 3693 2182 3729 :
2218 3694 2236 3725 ι
2267 3673 2571 3729 Convertar
2620 3670 2690 3726 ad
2720 3670 3029 3726 Jerusalem
3080 3668 3140 3720 in
3172 3662 3555 3720 misericordia
3611 3679 3625 3714 :

2044 3773 2102 3822 et
2129 3765 2327 3820 domus
2350 3776 2474 3818 mea
2529 3760 2932 3815 instaurabitur
2972 3758 3030 3812 in
3069 3753 3312 3820 ea,dicit
3357 3752 3645 3841 Dominus‘

2045 3856 2396 3925 omnipotens
2428 3868 2441 3904 :
2469 3857 2526 3904 et
2554 3865 2815 3906 mensura
2836 3846 3168 3903 extendetur
3190 3858 3359 3913 super
3401 3841 3626 3897 Jerusa-

2044 3936 2154 4000 lem
2198 3944 2264 3997 "'.
2308 3962 2326 3994 ι
2362 3943 2432 3997 Et
2480 3940 2611 3997 alibi
2662 3952 2883 3993 rursum
2931 3952 2945 3988 :
3011 3953 3030 3986 ι
3089 3932 3310 4002 Quibus.
3341 3930 3627 3999 disponam

2045 4033 2327 4106 Ephraim,
2365 4038 2650 4103 protegam
2676 4036 2753 4093 te,
2778 4024 2984 4082 Israel?
3008 4022 3164 4079 Sicut
3202 4020 3407 4076 Adama
3440 4019 3628 4088 dispo-

2044 4142 2173 4183 nam
2196 4134 2272 4190 te,
2309 4132 2366 4179 et
2411 4132 2473 4180 ut
2500 4121 2677 4176 Boim.
2724 4118 3067 4174 Conversum
3118 4120 3204 4170 est
3240 4127 3336 4167 cor
3367 4126 3548 4165 meum
3572 4110 3631 4164 in

2047 4220 2166 4289 ipso
2191 4233 2205 4270 :
2233 4215 2566 4271 conturbata
2618 4219 2704 4267 est
2741 4206 3031 4280 pomitudo
3092 4221 3234 4261 mea.
3271 4204 3392 4260 Non
3435 4202 3629 4258 faciam

372 4310 558 4364 ασπιῶ
603 4318 737 4375 σου,’
763 4308 1013 4381 ἰσραήλ;
1065 4307 1153 4372 Ὠς
1187 4308 1404 4379 Ἀδαμα
1432 4306 1668 4379 θήσομαί
1712 4324 1804 4372 σε,
1849 4307 1943 4361 καὶ

2042 4313 2195 4384 juxta
2229 4310 2365 4365 iram
2406 4305 2616 4363 furoris
2638 4303 2778 4369 mei;
2817 4317 2928 4357 non
2984 4298 3386 4366 derelinquam,
3414 4303 3478 4349 ut
3531 4293 3630 4348 de-

375 4401 567 4473 Βοείμ.
595 4400 958 4471 Μετεστράφη
987 4400 1020 4470 ὴ
1049 4396 1245 4469 καρδία
1295 4415 1394 4468 μου
1439 4399 1495 4450 ὲν
1523 4396 1600 4468 τῷ
1621 4395 1789 4468 αὐτῷ·
1825 4413 1949 4449 συν-

375 4491 655 4565 εταράχθη
696 4494 730 4562 ἠ
781 4490 1118 4562 μεταμέλειά
1169 4505 1292 4561 μου⁸
1346 4490 1408 4543 ού
1459 4489 1534 4560 μὴ
1592 4488 1804 4560 ποιήσω
1866 4504 1950 4541 σοι

378 4586 519 4640 κατά
544 4586 644 4654 τὴν
684 4584 852 4655 ὀργὴν
890 4582 983 4637 τοῦ
1015 4581 1188 4653 θυμοῦ
1208 4576 1341 4652 μου.
1375 4581 1449 4635 Οὐ
1484 4580 1560 4652 μὴ
1602 4579 1950 4650 ἐγκαταλίπω

378 4674 472 4729 τοῦ
504 4673 887 4745 ἐξαλειφθῆναι
919 4672 1180 4743 Ἐφρατμ.
1212 4671 1357 4727 Διὸτι
1385 4669 1520 4750 Θειξς
1551 4672 1666 4740 είμι
1699 4668 1831 4738 ἐγὼ,
1855 4668 1951 4723 καὶ

379 4766 477 4819 οὐκ
498 4766 784 4837 ἄνθρωπος
799 4766 858 4818 ὲν
888 4763 971 4818 σοὶ
1003 4765 1176 4833 ἅγιος.
1209 4781 1230 4813 ι
1254 4761 1422 4816 Ὅταν
1457 4755 1550 4813 οὖν
1567 4776 1750 4831 φησιν·
1779 4761 1950 4813 ἐπαν-

380 4858 504 4928 ήκοι
551 4857 650 4928 μὲν
690 4857 720 4910 ὁ
756 4855 935 4927 ἱερεὺς
973 4857 1039 4926 τῇ
1093 4853 1278 4926 ἡμέρα
1330 4854 1399 4925 τῇ
1448 4851 1652 4923 ἐϐδόμῃ
1692 4850 1824 4904 ἰδεῖν
1849 4849 1950 4921 τὴν

381 4947 589 5012 οἰκίαν,
616 4947 714 5001 καὶ
744 4946 853 5001 ἰδοὺ
883 4944 1103 5018 διεχύθη
1146 4946 1181 5016 ἡ
1223 4942 1337 5016 ἁφὴ
1364 4945 1424 4998 ἐν
1450 4946 1563 5007 τοῖς
1610 4942 1811 5013 τοίχοις
1851 4942 1954 5011 τῆς

383 5040 579 5102 οἰκίας
627 5038 725 5093 καὶ
763 5037 1058 5110 προστάξει
1099 5037 1129 5090 ὁ
1161 5035 1361 5107 ἱερεὺς,
1399 5035 1493 5089 καὶ
1540 5033 1784 5099 ὲξελούσι
1823 5034 1953 5096 τοὺς

384 5128 562 5195 λίθους
605 5131 663 5184 ὲν
711 5123 795 5194 οἷς
835 5131 983 5183 ἐστιν
1027 5130 1061 5200 η
1093 5127 1237 5201 ἁφὴ,
1271 5128 1368 5182 καὶ
1402 5110 1724 5180 ἐκϐαλοῦσιν
1753 5124 1952 5187 αὐτοὺς

385 5220 487 5286 ἔξω
506 5223 606 5293 τῆς
636 5222 861 5287 πόλεως.
889 5221 999 5275 Καὶ
1037 5220 1155 5292 μεθ’
1180 5220 1362 5291 ἔτερα*
1392 5236 1412 5271 ι
1442 5218 1554 5273 Καὶ
1579 5217 1838 5289 λήψονται
1871 5215 1954 5269 λί-

387 5310 513 5375 θους
539 5311 950 5382 ἀπεξυσμένους
993 5310 1211 5381 ἐτέρους
1231 5350 1246 5374 ,
1271 5307 1368 5362 καὶ
1413 5306 1792 5377 ἀντιθήσουσιν
1833 5303 1955 5357 ἀντὶ

387 5401 494 5454 τῶν
539 5402 706 5456 λίθων
754 5400 998 5456 ἐκείνων.
1041 5419 1058 5451 ι
1098 5399 1255 5455 Μετὰ
1295 5399 1404 5470 γὰρ
1440 5397 1502 5452 τὸ
1550 5395 1808 5467 ἀνεθῆναι
1855 5397 1955 5466 τῆς

494 5605 540 5636 ⁸⁸
566 5605 766 5661 Jerem.
805 5620 875 5665 ιν,
912 5604 992 5658 Η.
1069 5602 1111 5635 ⁸9
1144 5602 1315 5662 Levii.
1349 5619 1456 5663 xw,
1491 5603 1578 5656 '57.

397 5676 440 5709 "
462 5675 644 5731 Levit.
678 5691 784 5741 xw,
811 5674 899 5728 ‘58.
977 5673 1023 5705 ”
1058 5673 1282 5727 Zachar.
1323 5688 1359 5737 ι,
1394 5673 1478 5727 16.

1656 5602 1701 5633 ⁷⁰
1729 5599 1888 5663 ibid,
1923 5599 2011 5654 '58.

1556 5673 1602 5702 ⁷⁸
1627 5671 1786 5737 Osce,
1809 5686 1882 5738 Il,
1921 5671 1973 5738 8,
2002 5669 2056 5726 9.
2097 5672 2137 5703 "
2174 5668 2347 5725 Levit.
2380 5685 2486 5737 xw,
2510 5667 2597 5722 «i2.

2044 4403 2224 4459 leatur
2264 4399 2548 4471 Ephraim.
2598 4393 2866 4461 Quoniam
2901 4391 3047 4446 Deus
3098 4403 3201 4457 ego
3249 4399 3394 4449 sum,
3419 4394 3477 4438 et
3520 4399 3629 4437 non

2046 4494 2214 4548 homo
2249 4494 2304 4546 in
2331 4499 2382 4546 te
2412 4496 2635 4545 sanctus
2656 4486 2726 4539 ⁷⁸.
2781 4504 2799 4535 ι
2828 4480 3058 4549 Quando
3092 4479 3258 4550 igitur
3310 4477 3387 4532 ait
3428 4476 3631 4530 reverti

2044 4584 2392 4640 sacerdotem
2444 4580 2535 4635 die
2567 4577 2825 4649 septimo,
2875 4581 2939 4629 ut
2986 4573 3211 4628 domum
3244 4567 3499 4639 inspiciat
3529 4583 3543 4618 :
3574 4574 3633 4620 et

2044 4692 2176 4733 ecce
2208 4673 2447 4731 dill'usus
2474 4679 2560 4728 est
2589 4678 2770 4726 tactus
2793 4668 2851 4723 in
2882 4663 3191 4736 parietibus
3218 4661 3438 4724 domus,
3464 4667 3522 4713 et
3537 4658 3599 4728 ju

2041 4766 2195 4823 bebit
2216 4764 2474 4821 sacerdos
2499 4781 2512 4817 :
2533 4769 2586 4817 et
2621 4765 2819 4816 eruent
2844 4756 3057 4827 lapides
3099 4755 3156 4810 in
3184 4752 3387 4823 quibus
3430 4755 3516 4805 est
3549 4755 3630 4803 ta-

2041 4866 2185 4920 ctus,
2219 4866 2277 4911 et
2296 4854 2521 4926 cjicient
2573 4866 2672 4907 eos
2708 4856 2866 4905 extra
2916 4846 3217 4902 civitatem.
3266 4840 3459 4896 Statim
3499 4851 3633 4926 vero

2043 4944 2232 5015 adjicit
2268 4960 2282 4996 :
2318 4925 2336 4993 ι
2378 4946 2447 4995 Et
2467 4938 2754 5008 accipient
2780 4935 2994 5007 lapides
3014 4934 3154 4988 alios
3174 4931 3405 5001 positos,
3433 4934 3498 4982 et-
3536 4925 3633 4981 ad-

2049 5034 2255 5108 ducent
2280 5047 2382 5102 pro
2402 5029 2681 5101 lapidibus
2707 5027 2898 5082 illis".
2919 5044 2937 5076 ι
2970 5023 3205 5078 Dimissa
3232 5020 3383 5075 enim
3400 5025 3631 5087 prmter~

2046 5126 2252 5180 iterum
2296 5123 2477 5193 culpa,
2529 5118 2988 5186 eonsiderataque
3060 5113 3263 5168 iterum
3317 5109 3634 5166 Judaeorum

2053 5213 2355 5286 Synagoga,
2383 5212 2568 5278 aDeo,
2600 5210 2698 5281 qui
2740 5216 2932 5264 nostra
2962 5202 3147 5279 omnia
3205 5208 3508 5264 scrutatur,
3543 5204 3632 5252 to-

2053 5315 2294 5375 tamque,
2322 5312 2384 5359 ut
2429 5302 2679 5369 decebat,
2712 5315 2824 5355 non
2874 5296 3111 5366 amplius
3153 5293 3307 5363 lepra
3350 5289 3630 5351 infectam,

2053 5402 2653 5466 prorsusqueavetcre
2706 5389 3058 5460 improbitate
3102 5382 3369 5440 defecisse
3413 5391 3631 5447 compe-

3119 5591 3164 5623 ⁷³
3186 5588 3415 5645 Zachar.
3452 5597 3505 5648 ι,
3539 5580 3627 5636 12.

2087 5601 2130 5630 τ’
2153 5599 2290 5654 Joel.
2323 5615 2379 5663 ιι,
2420 5598 2498 5652 15.
2582 5597 2627 5627 ⁷³
2657 5595 2853 5651 Ezeeh.
2888 5611 2959 5660 tv,
2986 5594 3038 5649 6.
