4060 6192
414 312 523 373 8⁸11

1418 300 1474 359 S.
1514 297 1794 358 CYRILLI
1833 290 2307 352 ALEXANDle
2347 293 2666 352 ARCHIEP.

3586 293 3704 352 873

413 431 561 495 rica;
584 441 698 483 non
724 423 983 481 irascitur
1005 422 1278 480 universis
1306 422 1475 486 Deus,
1505 418 1603 477 sed
1654 419 1725 475 iis
1776 414 1999 489 potissi-

2116 414 2196 468 ἰπὶ
2238 416 2352 480 τοῖς
2400 411 2791 487 παρῳχηκόσιν
2822 409 3040 477 αίτίας,
3075 413 3551 485 περισκεψάμενος
3584 414 3697 468 πά-

416 533 568 576 mum
614 515 711 587 qui
764 514 895 571 mali
957 523 1214 570 auctores
1234 552 1249 578 ,
1301 520 1361 567 et
1401 510 1752 568 occasionem
1802 507 2000 564 morbo

417 613 724 670 attulerunt
751 652 767 677 ,
800 625 947 683 quos
982 618 1040 666 et
1091 608 1305 680 lapides
1354 608 1446 664 hic
1496 607 1767 671 nominat,
1793 614 1999 676 partes,

418 703 664 773 inquam,
695 701 864 756 totius
884 700 1101 766 domus,
1134 701 1240 755 hoc
1257 707 1365 764 est,
1387 698 1655 771 gentium,
1678 695 1998 752 ostendens.

420 794 488 848 Hi
521 802 651 849 sunt
692 793 893 863 partim
918 806 1111 847 eorum
1137 799 1449 863 temporum
1471 789 1722 845 nonnulli
1748 801 1907 859 reges
1932 786 2001 841 ad

421 885 788 941 idololatrian
822 884 1087 956 populum
1132 884 1465 940 sedueentes
1506 901 1519 937 :
1573 881 1739 954 335
1798 880 2001 951 partim

420 992 556 1032 vero
576 974 699 1031 falsi
720 975 947 1046 quidam
976 975 1280 1047 prophetae,
1305 975 1421 1046 qui,
1445 981 1508 1029 ut
1527 974 1794 1043 scriptum
1817 979 1902 1025 est
1931 967 1999 1034 ",

422 1067 825 1140 prophetabaut
849 1069 918 1125 de
943 1068 1112 1124 corde
1142 1083 1265 1133 suo,
1323 1075 1489 1138 atque
1521 1065 1839 1122 auditorum
1885 1063 2001 1119 dis-

422 1157 681 1228 aipabant
702 1157 1002 1227 pietatem;
1031 1173 1174 1228 quos
1191 1157 1361 1213 etiam
1401 1156 1519 1212 tolli
1545 1157 1616 1211 ab
1637 1154 1871 1212 aediﬁcio
1895 1154 2001 1208 im-

424 1255 600 1316 perat,
620 1245 871 1302 indicans
890 1262 1013 1303 esse
1035 1262 1313 1320 segreges,
1338 1248 1455 1304 sive
1485 1248 1696 1319 eiectos
1716 1246 1773 1300 in
1796 1243 2002 1300 obscu-

425 1354 569 1395 rum.
593 1336 764 1406 Quale
786 1339 921 1395 illud
955 1348 1088 1395 esta
1112 1341 1226 1397 Deo
1256 1341 1313 1395 in
1339 1337 1660 1397 Jechoniam
1688 1339 1998 1410 prolatum:

432 1447 452 1479 ι
492 1428 657 1495 Audi,
693 1436 862 1495 terra,
910 1445 1223 1487 sermonem
1278 1429 1516 1485 Domini.
1578 1429 1773 1485 Scribe
1818 1427 2002 1483 virum

424 1520 617 1584 istum,
660 1520 979 1578 abdicatum
1028 1522 1396 1581 hominem".
1423 1541 1441 1574 ι
1480 1522 1557 1578 De
1602 1520 1758 1576 falsis
1818 1527 2004 1575 autem

426 1610 647 1666 vatibus
671 1610 747 1666 ita
772 1628 784 1663 :
817 1629 838 1662 ι
866 1611 1163 1682 Propterea
1189 1610 1402 1669 succidi
1430 1610 1733 1682 prophetas
1765 1616 1999 1665 vestros.

425 1698 614 1756 Occidi
644 1715 741 1771 eps
764 1702 825 1757 in
845 1702 1017 1758 verbo
1045 1704 1160 1759 oris
1196 1704 1305 1760 mei
1326 1703 1393 1757 ⁸⁸.
1427 1721 1445 1755 ι
1475 1703 1543 1757 Et
1570 1702 1771 1756 iterum
1816 1699 1952 1755 illud
1987 1719 2000 1754 :

436 1811 454 1841 ι
486 1790 664 1846 Duces
693 1792 884 1861 populi
912 1792 1020 1847 mei
1055 1792 1418 1864 projicientur
1464 1790 1533 1846 de
1559 1789 1819 1847 domibus
1861 1787 2003 1843 deli-

428 1882 638 1937 ciarum
660 1897 889 1938 suarum
927 1901 941 1937 :
973 1891 1201 1954 propter
1229 1884 1402 1939 malas
1435 1881 1857 1939 adinventioncs
1879 1895 2007 1937 suas

427 1970 590 2040 eiecti
623 1979 772 2027 sunt.
823 1992 842 2024 ι
872 1973 940 2028 Et
974 1974 1162 2029 statim
1199 1990 1213 2027 :
1281 1992 1301 2025 ι
1352 1974 1582 2042 Propter
1628 1971 2007 2026 immunditias

428 2064 788 2134 corruptione
811 2072 1074 2134 corrupta
1108 2073 1196 2119 est
1216 2061 1285 2117 “.
1327 2082 1346 2115 ι
1376 2063 1535 2129 Quod
1565 2077 1701 2117 vero
1728 2076 1831 2131 pro
1870 2060 2005 2116 sub-

429 2154 595 2209 motis
616 2154 893 2224 lapidibus
922 2156 1016 2210 alii
1047 2155 1414 2227 suhjiciantur
1441 2155 1565 2224 puri
1590 2162 1756 2224 atque
1779 2153 2003 2221 edolati,

430 2244 566 2300 illud
604 2244 786 2315 arguit
808 2245 1114 2302 submissos
1143 2254 1333 2316 postea
1361 2245 1458 2300 Dei
1481 2244 1735 2309 consilio,
1776 2243 1871 2315 qui
1905 2243 2007 2299 do-

431 2349 580 2389 mum
609 2333 774 2390 lsrael
796 2334 1073 2402 fulcirent,
1098 2344 1157 2392 et
1188 2336 1311 2391 loco
1342 2334 1528 2391 stabili
1581 2345 1745 2405 atque
1794 2335 2008 2405 integro

429 2430 708 2491 tenerent;
732 2438 888 2495 reges
901 2423 1184 2490 nimirum,
1202 2426 1502 2496 prophetas
1527 2433 1585 2480 et
1621 2426 1822 2496 justos.
1849 2424 2008 2480 Unde

430 2516 565 2572 illud
596 2531 629 2572 a
654 2518 767 2572 Deo
799 2517 943 2572 beati
994 2518 1147 2573 Isaia:
1171 2534 1268 2573 ore
1319 2517 1740 2587 pronuntiatum
1784 2524 1961 2571 exstat
1991 2533 2005 2568 :

438 2628 457 2660 ι
499 2608 625 2665 Hac
648 2610 783 2665 dicit
810 2610 1074 2665 Dominus
1104 2610 1343 2665 Sabaoth
1388 2610 1576 2666 :Vade
1609 2609 1664 2665 in
1709 2608 2009 2680 pastopho-

431 2700 577 2755 rium
603 2700 670 2756 ad
708 2700 968 2757 Somnam
1023 2710 1376 2773 quaestorem,
1413 2711 1471 2757 et
1520 2703 1611 2758 dic
1637 2703 1689 2758 ei
1722 2720 1736 2756 :
1766 2701 1909 2769 Quid
1944 2709 2005 2755 tu

431 2791 562 2847 hic?
597 2801 655 2847 et
684 2794 818 2863 quid
846 2794 947 2849 tibi
989 2803 1074 2849 est
1101 2794 1221 2861 hic?
1260 2796 1390 2865 quia
1446 2795 1729 2851 exscidisti
1768 2794 1870 2849 tibi
1919 2793 2011 2848 bie

430 2892 870 2948 monumentum,
898 2893 957 2939 et
977 2884 1155 2940 fecisti
1183 2885 1284 2940 tibi
1317 2886 1420 2957 ipsi
1446 2886 1501 2940 in
1543 2886 1763 2942 excelso
1809 2900 2009 2940 monu-

430 2982 699 3039 mentum,
722 2981 781 3028 et
825 2974 1095 3044 scalpsisti
1127 2975 1225 3029 tibi
1262 2975 1319 3030 in
1364 2984 1521 3046 petra
1569 2975 2035 3030 tabernaculum.'

434 3061 574 3119 Ecce
611 3076 760 3119 nunc
805 3063 1073 3120 Dominus
1110 3065 1350 3121 Sabaoth
1391 3066 1576 3137 ejiciet
1613 3074 1898 3121 conterere
1923 3065 2011 3119 vi-
2040 3106 2083 3164 ο

432 3170 582 3223 rum,
607 3164 663 3212 et
687 3155 907 3213 auferet
926 3159 1121 3214 stolam
1147 3168 1319 3223 tuam,
1349 3165 1405 3213 et
1430 3173 1691 3213 coronam
1723 3167 1873 3212 tuam
1899 3158 2016 3228 glo—

434 3249 636 3303 riosam
679 3266 694 3303 :
735 3259 794 3306 et
833 3252 1089 3321 projiciet
1135 3261 1190 3305 te
1237 3251 1290 3304 in
1333 3250 1614 3319 regionem
1665 3264 1917 3319 magnam
1959 3256 2017 3305 et

435 3338 792 3404 immensam;
820 3348 877 3394 et
899 3339 975 3393 ibi
998 3340 1271 3395 morieris.
1299 3339 1366 3393 Et
1405 3349 1573 3408 ponet
1612 3355 1836 3394 currum
1858 3348 2017 3395 tuum

435 3427 725 3497 pulchrum
758 3421 814 3482 in
845 3429 1221 3500 ignominiam,
1274 3440 1331 3485 et
1353 3430 1576 3484 domum
1622 3429 1888 3501 principis
1938 3431 2016 3486 tui

438 3518 495 3573 in
517 3519 1009 3575 conculcationem.
1042 3521 1110 3575 Et
1134 3521 1349 3577 tolleris
1380 3522 1449 3576 de
1465 3522 1876 3592 dispensatione
1900 3530 2014 3587 tua,

435 3621 494 3664 et
523 3608 593 3664 de
620 3609 794 3679 gradu
819 3619 933 3664 tuo.
960 3612 1154 3667 Eterit
1184 3612 1238 3666 in
1262 3612 1352 3668 dic
1375 3613 1487 3677 illa,
1541 3621 1599 3668 et
1627 3612 1838 3668 vocabo
1883 3628 2021 3684 pue-

439 3711 562 3752 rum
583 3713 767 3754 meum
792 3700 1021 3755 Eliacim
1049 3701 1224 3755 tilium
1247 3701 1505 3768 Chelcizc,
1529 3710 1585 3758 et
1607 3702 1831 3758 induam
1859 3703 2017 3759 illum

440 3790 578 3845 stola
621 3799 735 3855 tua,
776 3801 834 3848 et
895 3808 1155 3848 coronam
1180 3793 1325 3848 dabo
1377 3794 1461 3856 ei,
1495 3802 1552 3850 et
1595 3794 1921 3865 imperium,
1961 3804 2021 3851 et

439 3882 905 3953 dispensationem
932 3893 1079 3939 tuam
1122 3884 1265 3941 dabo
1301 3885 1356 3939 in
1412 3901 1608 3941 manus
1644 3888 1767 3958 ejus
1793 3928 1808 3953 ,
1838 3895 1894 3943 et
1913 3888 2020 3943 erit

436 3971 611 4027 veluti
662 3981 817 4042 pater
852 3972 1263 4029 habitatoribus
1324 3974 1631 4031 Jerusalem
1669 3977 1737 4029 ⁸³.
1781 3995 1800 4028 ι
1831 3975 1940 4031 Sed
1964 3986 2022 4032 et

447 4082 466 4115 ι
494 4064 698 4130 Alium,
754 4065 852 4129 ait,
906 4065 1194 4135 pulverem
1249 4065 1543 4137 accipient,
1584 4075 1642 4122 et
1684 4068 1884 4123 liuicut
1919 4068 2023 4124 do-

439 4170 590 4210 mum
619 4156 665 4186 ”
699 4172 712 4207 :
748 4174 766 4206 ι
817 4155 913 4209 ubi
980 4156 1378 4227 Ἐξαλείψουσι,
1435 4173 1539 4227 pro
1603 4159 2021 4231 Περιαλείψουσι

439 4245 701 4316 positum.
728 4246 987 4318 Designat
1011 4249 1200 4314 ethoc,
1228 4265 1259 4304 a
1290 4250 1496 4306 sanctis
1528 4253 1814 4322 prophetis
1841 4254 2022 4310 datam

440 4336 700 4392 lsraelitis
722 4338 1192 4405 adhortationem,
1217 4342 1312 4411 qui
1341 4343 1591 4413 pulchris
1620 4344 1894 4417 bonisque
1919 4365 2023 4402 un-

2103 505 2187 559 λιν
2229 505 2329 576 τὴν
2367 504 2478 559 τῶν
2529 503 2804 559 Ἰουδαίων
2845 503 3178 575 Συναγωγὴν
3221 504 3251 558 ὁ
3291 506 3363 558 τά
3409 507 3588 561 πάντα
3632 507 3698 561 ιν

2101 599 2237 669 ἡμῖν
2277 596 2486 662 ὲτάζων
2515 594 2685 661 Θεὸς,
2727 595 2824 651 καὶ
2852 593 3037 650 πᾶσαν
3082 596 3204 666 μὲν,
3250 596 3395 650 κατά
3423 595 3487 650 τὸ
3518 597 3692 665 εἰκὸς,
3746 613 3757 621 ·

2103 690 2206 744 οὐκ
2245 688 2327 742 ἔτι
2359 687 2685 760 λεπρῶσαν,
2722 686 2863 758 πλὴν
2903 688 3006 743 οὐκ
3049 688 3284 742 είσάπαν
3322 688 3427 758 τῆς
3452 688 3697 760 ἀρχαίας

2103 776 2440 849 φαυλότητος
2482 774 2914 848 ἀπηλλαγμένην
2956 776 3163 849 εὑρὼν,
3202 778 3263 831 οὐ
3301 777 3444 832 κατά
3472 778 3696 834 πάντων

2105 866 2404 938 ἐποιήσατο
2442 866 2543 938 τὴν
2574 866 2765 939 ὀργὴν,
2804 866 2966 937 μόνον
2989 866 3045 921 δὲ
3086 868 3227 922 κατά
3268 868 3500 923 ἐκείνων
3530 870 3695 943 οἷπερ

2102 956 2242 1032 ἦσαν
2263 960 2425 1014 αίτιοι
2450 958 2545 1015 τοῦ
2576 959 2805 1030 πάσχειν
2831 957 3000 1030 αὐτὴν
3022 999 3037 1024 ,
3070 960 3167 1015 καὶ
3191 959 3292 1030 τῆς
3325 961 3485 1015 νόσου
3525 964 3660 1031 γεγό
3680 993 3695 1003 -

2104 1073 2262 1110 νασιν
2287 1055 2536 1127 ἀφορμή·
2577 1052 2674 1117 οὓς
2717 1052 2814 1106 καὶ
2843 1052 3027 1117 λίθους
3052 1052 3340 1123 ὀνομάζει,
3376 1054 3521 1125 μέρη
3566 1054 3695 1108 τινὰ

2103 1146 2205 1216 τῆς
2233 1146 2363 1216 ὅλης
2408 1144 2586 1208 οἰκίας
2632 1143 2751 1214 ἦτοι
2781 1141 2876 1197 τοῦ
2917 1142 3105 1208 ἔθνους
3152 1143 3494 1208 ὑποδεικνὺς.
3529 1136 3695 1198 Οὗτοι

2102 1238 2160 1292 δὲ
2191 1233 2354 1309 ἦσαν,
2392 1235 2537 1298 τινὲς
2584 1235 2687 1305 μὲν
2713 1234 2827 1288 τῶν
2873 1233 3015 1289 κατά
3058 1235 3283 1307 καιροὺς
3309 1234 3579 1305 βασιλέων
3612 1237 3697 1299 είς

2104 1328 2301 1399 ἑτέρας
2341 1324 2598 1398 λατρείας
2643 1325 3086 1399 περιπλανῶντες
3129 1324 3221 1379 τδν
3270 1324 3423 1378 λαόν·
3451 1325 3602 1388 τινὲς
3633 1326 3696 1380 δι

2104 1419 2214 1475 τῶν
2240 1417 2705 1491 ψευδοπροφητῶν
2721 1457 2737 1481 ,
2759 1417 2830 1471 τά
2862 1416 2972 1471 ἀπὸ
3000 1416 3229 1488 καρδίας
3261 1416 3441 1470 αὐτῶν
3463 1415 3691 1469 λαλοῦν-

2105 1530 2217 1577 τες,
2253 1510 2400 1567 καθά
2436 1510 2767 1583 γέγραπται,
2795 1510 2890 1563 καὶ
2920 1510 3019 1581 τὴν
3048 1508 3155 1561 τῶν
3195 1508 3569 1580 ἀκροωμένων
3601 1510 3695 1562 εύ-

2105 1600 2330 1656 λάδειαν
2382 1598 2793 1672 παραλύοντες,
2838 1597 2934 1663 οὓς
2980 1600 3074 1653 καὶ
3123 1599 3542 1671 ὑπεξαιρεῑσθαι
3592 1601 3696 1670 τῆς

2106 1691 2283 1755 οίκίας
2316 1691 2568 1757 κελεύει,
2621 1691 2904 1762 σημαίνων
2945 1689 3037 1743 τὸν
3085 1691 3310 1744 ἐκείνων
3358 1692 3695 1763 ἀφορισμὸν,

2113 1783 2232 1854 ἦτοι
2262 1780 2359 1853 τὴν
2404 1783 2486 1846 είς
2527 1781 2837 1852 ἀφανισμὸν
2870 1780 3117 1853 ἐκϐολήν.
3165 1782 3379 1835 Ὅποῖὁν
3409 1784 3561 1836 ἐστιν
3603 1786 3700 1836 ἐπὶ

2117 1873 2217 1944 μὲν
2252 1872 2330 1944 τῷ
2387 1873 2614 1945 Ἰεχονίᾳ
2656 1873 2716 1927 τὸ
2763 1872 3054 1944 είρημένον
3105 1871 3255 1945 παρᾶ
3302 1873 3461 1927 Θεοῦ·
3518 1895 3537 1926 ι
3590 1874 3696 1946 Γῆ,

2114 1967 2280 2021 ἄκουε
2311 1964 2419 2018 τῶν
2442 1964 2617 2033 λόγων
2641 1964 2872 2037 Κυρίου.
2907 1965 3123 2038 Γράψον
3157 1966 3249 2020 τὸν
3274 1967 3445 2039 ἄνδρα
3478 1967 3696 2031 τοῦτον,

2114 2057 2459 2128 ὲκκήρυκτον
2484 2054 2795 2129 ἄνθρωπον.
2833 2075 2852 2108 ο
2897 2055 3020 2109 ‘Enl.
3047 2056 3103 2110 δὲ
3131 2058 3244 2120 τοῖς
3272 2056 3695 2128 ψευδομάντεσιν

2120 2169 2139 2201 ι
2188 2150 2287 2204 Διά
2324 2148 2485 2204 τοῦτο
2514 2146 2815 2221 άπεθέρισα
2855 2149 2980 2212 τοὺς
3009 2149 3296 2220 προφήτας
3327 2147 3503 2220 ὑμῶν.
3559 2150 3699 2204 ’Λπ-

2114 2242 2332 2297 ἐκτεινα
2360 2240 2560 2305 αὐτοὺς
2586 2241 2643 2294 ἐν
2671 2242 2877 2313 ῥήματι
2908 2240 3178 2311 στόματός
3209 2258 3334 2311 μου.
3386 2261 3404 2293 ι
3441 2244 3555 2296 Kal.
3585 2246 3699 2298 πά·-

2113 2333 2197 2387 λιν
2238 2334 2435 2386 ἐκεῖνοθ
2477 2351 2497 2384 ‹
2537 2329 2638 2386 Διά
2683 2331 2841 2385 τοῦτο
2883 2331 3179 2403 ἡγούμενοι
3206 2332 3337 2386 λαοῦ
3383 2334 3701 2407 ἀπορῤιφή-

2117 2441 2299 2478 σονται
2358 2423 2421 2491 ἐξ
2481 2423 2630 2477 οῐκου
2678 2423 2890 2495 τρυφῆς
2946 2422 3171 2487 αὐτῶν,
3214 2424 3304 2479 διὰ
3357 2425 3427 2478 τὰ
3482 2428 3702 2499 πονηρά

2115 2513 2522 2587 ἐπιτηδεύματα
2551 2513 2733 2568 αὐτῶν
2762 2512 3095 2583 ἐξώσθησαν.
3131 2534 3148 2565 ι
3175 2515 3286 2569 Kal
3314 2517 3500 2569 πάλιν·
3540 2517 3703 2571 «Ἕν-

2094 2626 2241 2662 .εκεν
2269 2605 2632 2675 ἀκαθαρσίας,
2667 2605 2934 2678 διεφθάρη
2965 2606 3160 2679 φθορᾷ.
3201 2628 3219 2659 ι
3260 2607 3335 2661 Τὸ
3359 2609 3414 2661 δὲ
3440 2608 3562 2662 ἀντὶ
3588 2610 3703 2663 τῶν

2116 2698 2523 2772 ύφαιρεθέντων
2555 2698 2735 2763 λίθους
2778 2699 2997 2772 ἑτέρους
3046 2700 3465 2769 ἀντεισάγεσθαι
3508 2701 3705 2769 πάλιν,

2117 2793 2391 2865 καθαροὺς
2439 2792 2535 2846 καὶ
2563 2791 3006 2863 ἀπεξυσμένους,
3043 2792 3193 2863 δηλοῖ
3223 2792 3283 2845 τὸ
3326 2793 3469 2846 κατὰ
3503 2792 3705 2864 καιρὸν

2117 2880 2535 2938 ἀναδείκνυσθαί
2562 2900 2715 2947 τινας
2743 2883 2832 2937 διὰ
2872 2883 2973 2953 τῆς
3007 2882 3102 2937 τοῦ
3140 2884 3275 2937 Θεοῦ
3308 2884 3539 2955 βουλῆς,
3569 2886 3707 2950 τοὺς

2116 2969 2599 3039 ἀντιστηρίζοντας
2641 2964 2733 3023 τδν
2771 2966 2919 3023 οἷκον
2959 2970 3195 3043 Ἰσραὴλ,
3228 2971 3322 3024 καὶ
3370 2973 3703 3043 συνέχοντας

2117 3063 2198 3125 είς
2236 3061 2568 3134 ἀδιάφθορον
2598 3062 2759 3116 τόπον
2780 3102 2793 3123 .
2837 3062 2870 3133 ἢ
2918 3061 3173 3133 βασιλέας
3204 3063 3467 3135 δηλονότι,
3501 3065 3534 3137 ἢ
3567 3083 3709 3139 προ-

2120 3154 2329 3223 φήτας,
2377 3153 2410 3224 ἦ
2456 3153 2659 3222 ἀγίους.
2700 3152 2789 3217 Ὠς
2844 3155 2902 3208 ὲν
2956 3153 3033 3225 τῷ
3069 3155 3207 3228 πρὸς
3268 3155 3357 3209 τὸν
3418 3158 3705 3229 μακάριον

2128 3245 2358 3299 Ἡσαΐαν
2388 3245 2662 3316 εἰρημένῳ
2701 3244 2850 3317 παρὰ
2887 3245 3044 3299 Θεοῦ·
3087 3266 3104 3298 ι
3141 3246 3277 3300 Τάδε
3314 3246 3461 3315 λέγει
3494 3247 3710 3322 Κύριος

2119 3335 2371 3390 Σαϐαὼθ
2410 3335 2652 3404 Πορεύου
2680 3337 2763 3400 είς
2799 3336 2860 3390 τὸ
2888 3338 3285 3410 παστοφόριον,
3320 3339 3455 3412 πρὸς
3496 3340 3710 3410 Ὀμνᾶν

2118 3425 2211 3478 τὸν
2235 3424 2468 3495 ταμίαν,
2490 3425 2594 3479 ’καὶ
2638 3425 2796 3479 είπδν
2826 3425 2995 3497 αὐτῷ·
3028 3427 3094 3480 Τί
3129 3428 3194 3482 σὺ
3238 3422 3373 3495 ὦδε;
3410 3429 3503 3482 καὶ
3531 3429 3584 3482 τί
3618 3430 3714 3482 σοί

2121 3517 2269 3568 ἔστιν
2314 3510 2455 3580 ὧδε;
2497 3514 2581 3569 ὅτι
2623 3515 2967 3588 ὲλατόμησας
3013 3518 3225 3590 σεαυτῷ
3265 3511 3365 3585 ὧδε
3415 3522 3711 3590 μνημεῖον,

2121 3607 2217 3661 καὶ
2248 3606 2512 3678 ἐποίησας
2537 3607 2753 3679 σεαυτῷ
2781 3610 2839 3663 ἐν
2870 3608 3057 3681 ὑψηλῷ
3088 3614 3348 3681 μνημεῖον
3369 3651 3383 3674 ,
3420 3612 3512 3665 καὶ
3537 3611 3711 3680 ἔγλυ-

2119 3700 2227 3768 ψας
2261 3698 2473 3770 σεαυτῷ
2502 3700 2561 3754 ἐν
2593 3700 2769 3773 πέτρᾳ
2802 3702 3035 3774 σκηνήν.
3074 3702 3205 3755 ’ἰδοὺ
3251 3701 3315 3774 δὴ
3359 3701 3564 3773 Κύριος
3602 3705 3712 3755 Σα-

2122 3789 2271 3845 ϐαὼθ
2296 3790 2519 3845 ἐκϐαλεῖ
2546 3789 2800 3863 ὲκτρίψαι
2832 3792 3022 3863 ἄνδρα,
3047 3792 3144 3845 καὶ
3173 3792 3363 3861 ἀφελεῖ
3382 3782 3480 3864 τῆν
3509 3793 3717 3862 στολήν

2125 3900 2242 3949 σου,
2276 3884 2372 3937 καὶ
2398 3883 2489 3937 τὸν
2522 3882 2785 3952 στέφανόν
2817 3899 2912 3937 σου
2942 3883 3032 3938 τὸν
3067 3883 3296 3948 ἔνδοξον,
3335 3883 3430 3939 καὶ
3458 3884 3609 3955 ῥίψει
3648 3903 3714 3937 σε

2123 3976 2206 4038 εἰς
2243 3973 2428 4048 χώραν
2473 3972 2716 4044 μεγάλην
2763 3973 2857 4026 καὶ
2901 3973 3251 4046 ἀμέτρητον,
3285 3975 3375 4028 καὶ
3418 3976 3536 4029 ἐκεῖ
3563 3976 3713 4029 ἀπο·

2124 4066 2283 4138 θανῇ.
2312 4066 2422 4120 Kal.
2453 4064 2608 4137 θήσει
2645 4063 2707 4117 τὸ
2740 4064 2891 4137 ἅρμα
2930 4081 3022 4118 σου
3056 4065 3116 4119 τὸ
3152 4066 3317 4122 καλὸν
3349 4068 3429 4130 είς
3454 4066 3719 4136 ἀτιμίαν,

2126 4159 2220 4213 καὶ
2245 4158 2338 4212 τὸν
2363 4153 2512 4213 οἶκον
2537 4157 2633 4211 τοῦ
2664 4156 2928 4228 ἄρχοντός
2957 4174 3049 4211 σου
3074 4159 3153 4221 εἰς
3179 4159 3569 4229 καταπάτημα.
3596 4159 3720 4212 Kal.

2127 4251 2475 4326 ἀφαιρεθήσῃ
2508 4255 2573 4304 ὲκ
2603 4250 2704 4321 τῆς
2741 4249 3054 4320 οἰκονομίας
3088 4267 3203 4314 σου,
3236 4250 3328 4303 καὶ
3357 4250 3420 4303 ἐκ
3456 4250 3552 4320 τῆς
3576 4253 3722 4305 στάο

2130 4342 2268 4406 σεώς
2312 4359 2427 4397 σου.
2463 4341 2577 4396 Kal.
2605 4340 2759 4394 ἔσται
2806 4342 2865 4393 ὲν
2899 4343 2964 4411 τῇ
3014 4341 3199 4413 ἡμέρᾳ
3239 4340 3447 4414 ἐκείνη,
3490 4340 3722 4396 καλέσω

438 4433 633 4497 gentes
653 4429 1003 4485 sermonibus
1020 4432 1407 4501 peccatoribus
1441 4434 1743 4499 suaserint,
1785 4436 2025 4491 libenter

2127 4434 2219 4487 τὸν
2253 4432 2420 4486 παῖδά
2455 4450 2558 4503 μου
2605 4432 2921 4503 Ἐλειακεὶμ
2954 4433 3047 4486 τὸν
3078 4432 3170 4486 τοῦ
3206 4431 3461 4496 Χελκίου,
3499 4433 3596 4485 καὶ
3636 4435 3717 4485 ἐν·

439 4518 537 4574 Dci
587 4521 857 4576 voluntati
901 4523 1187 4589 accedere,
1229 4531 1287 4580 et
1331 4541 1495 4581 omne
1542 4526 2022 4597 inquinamentum

441 4611 750 4682 detergere,
796 4616 1106 4685 sectarique
1151 4617 1339 4686 potius
1384 4634 1508 4687 quae
1555 4619 1837 4689 lcgislator
1865 4621 1954 4677 ille
1993 4639 2024 4677 a

442 4704 558 4760 suis
585 4707 839 4775 cognosci
862 4722 1044 4777 operae
1073 4710 1312 4779 pretium
1338 4710 1457 4765 fore
1481 4710 1656 4766 duxit.
1679 4711 1840 4783 365
1853 4712 2022 4780 Quale

444 4796 579 4852 illud
604 4813 635 4851 a
652 4806 965 4853 sanctorum
980 4799 1165 4869 aiiquo
1188 4800 1256 4855 ad
1273 4801 1423 4872 ipsos
1445 4803 1766 4872 pratdictum
1789 4821 1801 4856 :
1831 4824 1848 4853 ι
1868 4805 2026 4871 Quae-

445 4888 550 4942 rite
561 4887 786 4953 bonum,
804 4897 861 4944 et
875 4904 982 4945 non
1002 4891 1225 4956 malum,
1246 4890 1515 4947 utvivatis
1548 4892 1617 4947 Et
1632 4892 2023 4949 critsicvobis-

448 4993 571 5033 cum
609 4980 873 5037 Dominus
911 4982 1055 5039 Deus
1100 4984 1451 5054 omnipotens
1472 4986 1545 5039 “.7
1568 5004 1584 5034 ι
1611 4986 1678 5040 Et
1721 4995 1847 5057 post
1872 4987 2020 5042 hmo:

454 5087 474 5118 ι
492 5068 548 5124 Si
573 5079 755 5126 autem
776 5072 1233 5129 redicritrursum
1254 5083 1431 5130 tactus
1450 5076 1635 5144 lepraa,
1654 5084 1711 5130 et
1727 5077 2019 5145 repullula-

449 5159 522 5214 rit
542 5161 596 5215 in
618 5162 803 5226 domo,
821 5173 1110 5236 postquam
1134 5167 1277 5221 eruti
1298 5166 1502 5220 fuerint
1529 5166 1762 5236 lapides,
1791 5176 1847 5221 et
1872 5177 2022 5239 post-

449 5266 613 5320 quam
630 5254 828 5309 domus
858 5256 1024 5311 fuerit
1042 5274 1162 5312 rasa
1183 5266 1238 5313 et
1252 5266 1541 5327 postquam
1562 5256 1719 5311 linita
1743 5276 1756 5323 ;
1778 5267 1835 5313 ct
1851 5260 2027 5329 ingre-

450 5342 925 5410 dietursacerdos,
952 5356 1007 5403 et
1030 5349 1277 5419 aspiciet,
1323 5349 1368 5403 si
1398 5347 1630 5403 diffusus
1655 5357 1739 5404 est
1763 5358 1941 5405 tactus
1974 5352 2026 5405 in

452 5432 632 5491 domo.
648 5439 821 5508 Lepra
839 5453 1164 5509 permanens
1179 5447 1263 5493 est
1280 5439 1333 5492 iu
1346 5439 1528 5501 domo,
1550 5439 1833 5497 immunda
1846 5452 1948 5498 cst.
1964 5444 2029 5499 Et

436 5662 445 5668 -
523 5635 568 5665 ⁷⁸
590 5637 792 5692 Jerem.
821 5655 968 5699 χχιιι,
1006 5640 1095 5694 26.

455 5702 551 5760 vit.
586 5720 694 5773 xxv,
726 5704 812 5758 42.
889 5707 933 5739 ⁸⁵
964 5710 1151 5778 Amos,
1176 5728 1227 5777 ν,
1260 5711 1343 5766 14.

1174 5642 1219 5673 ⁷⁹
1240 5641 1441 5715 Jereru.
1479 5661 1603 5709 uti,
1635 5645 1722 5699 ‘29.
1802 5644 1846 5677 ’θ
1877 5643 2037 5709 Osee,
2063 5661 2136 5711 vr,
2167 5646 2217 5700 Pi.
2291 5643 2333 5675 ‘"
2365 5645 2611 5715 luchs",
2640 5646 2692 5711 9,
2733 5645 2811 5700 l0.

2123 4525 2269 4579 δύσω
2318 4524 2480 4580 αὑτὸν
2522 4525 2623 4595 τὴν
2671 4525 2866 4597 στολήν
2900 4542 2993 4579 σου
3018 4566 3031 4588 ,
3072 4525 3163 4578 καὶ
3192 4524 3283 4578 τὸν
3318 4523 3579 4595 στέφανόν
3620 4542 3721 4578 σου

2122 4617 2278 4672 δώσω
2317 4615 2485 4688 αύτῷ,
2528 4617 2623 4671 καὶ
2649 4617 2709 4671 τὸ
2733 4618 2958 4690 κράτος,
2991 4619 3088 4672 καὶ
3135 4619 3231 4688 τὴν
3261 4617 3569 4688 οἰκονομίαν
3617 4637 3720 4672 σου

2125 4710 2282 4765 δνῦσω
2322 4712 2401 4775 είς
2444 4709 2544 4772 τὰς
2590 4713 2776 4782 χεῖρας
2825 4709 3030 4774 αὐτοῦ,
3064 4711 3161 4765 καὶ
3204 4710 3358 4765 ἔσται
3403 4711 3478 4774 ὡς
3528 4713 3726 4784 πατὴρ

2126 4806 2237 4868 τοῖς
2261 4802 2502 4857 οίκοῦσιν
2529 4804 2586 4857 ἐν
2622 4802 2999 4875 Ἰερουσαλήμ.
3044 4820 3061 4853 ι
3110 4802 3274 4856 ’Λλλά
3302 4803 3397 4857 καὶ
3436 4801 3563 4873 χοῦν
3592 4802 3725 4857 ’ἑτε-

2133 4912 2247 4967 ρον,
2278 4897 2465 4963 φησὶν,
2498 4894 2781 4967 λήψονται,
2816 4895 2912 4948 καὶ
2936 4892 3281 4967 ἐξαλείφουσι
3309 4897 3405 4968 τὴν
3449 4896 3656 4951 οἰκίαν·
3699 4917 3716 4947 ι

2130 4986 2192 5039 τὸ
2233 4984 2664 5053 Ἐξαλείψουσιν,
2692 4987 2811 5040 ἀντὶ
2852 4986 2947 5040 τοῦ
2987 4988 3400 5059 περιαλείψουσι
3428 4987 3723 5053 τεθεικώς.

2133 5078 2397 5148 Σημαίνει
2426 5078 2481 5130 δὲ
2507 5079 2601 5131 καὶ
2629 5077 2787 5131 τοῦτο
2813 5077 2910 5149 τὴν
2948 5078 3037 5133 διὰ
3065 5079 3174 5132 τῶν
3214 5078 3388 5148 ἁγίων
3415 5082 3728 5151 προφητῶν

2133 5167 2509 5240 γεγενημένην
2553 5169 2903 5242 παράκλησιν
2948 5169 3026 5239 τῷ
3066 5170 3304 5241 Ἰσραὴλ,
3335 5172 3384 5225 οἳ
3422 5171 3610 5235 καλοῖς
3664 5190 3724 5227 τε

2138 5258 2231 5313 κα)⁸
2260 5257 2485 5326 ἀγαθοῖς
2533 5259 2976 5331 περιαλείφοντες
3007 5259 3186 5331 λόγοις
3218 5262 3342 5325 τοὺς
3377 5261 3727 5332 ἁμαρτάνον-

2133 5368 2270 5415 τας,
2314 5350 2601 5405 ἀνέπειθον
2652 5351 2788 5404 ίέναι
2837 5350 3134 5422 προθύμως
3172 5352 3267 5406 ἐπὶ
3312 5353 3371 5406 τί)
3418 5351 3611 5407 δοκοῦν
3648 5352 3728 5422 τῷ

2134 5442 2288 5514 θεῷ,
2322 5444 2417 5495 καὶ
2469 5442 2857 5514 ἀποτρίϐεσθαι
2913 5437 3143 5517 pr/"Ap
3201 5447 3264 5499 ἐκ
3318 5446 3504 5499 παθῶν
3556 5447 3729 5520 βεϐή-

2910 5646 2952 5678 ²²
2980 5646 3081 5701 lsa.
3117 5664 3246 5714 χχιι,
3276 5647 3452 5703 lii—2|.
3531 5644 3577 5678 ’³³
3611 5648 3726 5705 Le-
