4060 6192
461 304 569 385 5‘15

1452 326 1507 383 St.
1547 327 1825 388 CYRILLI
1864 326 2336 390 ALEXANDRINI
2373 334 2696 391 AllCHlEP.

3623 350 3731 406 576

458 439 582 510 ejus
606 437 664 492 in
688 434 1007 492 novissimis
1055 434 1253 492 diebus
1276 436 1343 491 σί.
1404 453 1425 489 ι
1461 437 1713 511 [aspecta
1746 456 1881 498 vero
1924 442 2013 498 ad,

2114 459 2317 508 ,στεως
2365 443 2462 498 καὶ
2507 444 2729 517 ἀγάπης
2771 446 2869 517 τῆς
2911 449 2995 511 εἰς
3034 449 3219 506 αὐτόν.
3271 452 3730 527 Παραγενήσεται

458 527 699 597 leprosa,
734 544 753 577 ι
776 525 1065 592 Sacerdos,
1104 526 1303 597 inquit,
1329 528 1588 600 purgabit
1607 545 1731 586 earn
1783 540 1842 589 et
1857 547 2013 588 sume

2141 535 2323 592 τοίνυν
2355 537 2771 610 ἐπισκοπήσων,
2811 539 2910 593 καὶ
2945 540 3191 609 εἰσαῦθις
3238 544 3409 617 αὐτὴν
3449 548 3481 603 6
3509 525 3732 607 πάντων

456 617 527 672 ad
570 617 967 688 puriﬁcandam
1012 617 1241 673 domum
1276 618 1417 675 duas
1474 622 1719 678 aviculas
1758 622 2035 689 viventes,

458 709 713 775 mandas,
740 718 796 766 et
826 710 1037 782 lignum
1075 710 1388 779 cedrinum,
1433 721 1492 767 et
1531 727 1760 769 coccum
1802 724 2033 779 tortum,

452 809 514 857 et
547 800 847 873 hyssopum
869 803 938 858 ⁸³.
974 821 994 856 ι
1025 802 1104 859 Ac
1127 804 1313 859 statim
1343 818 1358 859 :
1397 823 1417 857 ι
1447 804 1733 862 Aviculam
1754 807 2035 863 viventem

455 891 630 964 tinget
656 893 713 949 in
745 895 1013 966 sanguine
1036 895 1263 952 avicula:
1281 894 1540 968 iugulata:
1578 897 1638 953 in
1676 912 1819 969 aqua
1866 896 2035 954 fervi-

454 984 567 1039 da:
612 996 668 1042 et
694 987 748 1041 in
777 989 990 1044 avicula
1030 989 1264 1054 viventi,
1306 998 1362 1044 et
1406 990 1463 1045 in
1509 990 1662 1062 ligno
1711 991 2036 1094 cedringct

2141 628 2464 701 ἀρχιερεύς
2516 630 2612 685 καὶ
2666 629 3055 706 βελτιουμένην
3106 636 3325 707 εὑρὼν,
3384 645 3732 715 παραχρῆμα

2141 719 2395 792 καθαριεῖ
2417 759 2434 787 ,
2470 722 2561 775 καὶ
2602 721 2998 794 προσδέξεται,
3027 726 3170 782 κατὰ
3216 729 3281 784 τὸ
3311 732 3606 804 εἰρημένον
3637 736 3730 790 διὰ

2138 808 2250 865 τῶν
2279 810 2452 879 ἀγίων
2474 812 2792 884 προφητῶνο
2828 833 2848 868 ι
2906 815 2995 869 Ἐν
3028 818 3096 888 τῇ
3123 818 3309 892 ἡμέρα
3335 822 3542 896 ἐκείνῃ,
3576 824 3730 894 λέγει

2140 898 2367 970 Κύριος,
2400 902 2616 969 συνάξω
2643 903 2743 976 τὴν
2768 906 3126 981 ἀπωσμένην,
3166 912 3262 966 καὶ
3280 914 3379 987 τὴν
3404 892 3729 989 συντετριμ-

2144 993 2313 1064 μένην
2346 993 2678 1067 εἰσδέξομαι,
2712 998 2806 1054 καὶ
2842 999 2937 1065 οὓς
2969 1002 3301 1077 ἀπωσάμην.
3337 1008 3451 1062 Καὶ
3483 1009 3726 1082 θήσομαι

439 1075 712 1148 'hyssopo,
747 1087 803 1134 et
829 1095 992 1135 cocco
1015 1081 1459 1152 conglomerato:
1497 1082 1787 1153 mittetque
1842 1075 2013 1138 avicu-

2140 1083 2239 1174 τὴν
2272 1090 2742 1160 συντετριμμένην
2768 1091 2851 1157 είς
2882 1075 3207 1165 ύπόλημμα.
3236 1075 3267 1152 ῆι
3311 1099 3424 1155 Καὶ
3463 1075 3727 1174 ὲνῠὲτέρῳ
3786 1096 3792 1101 ’

454 1165 563 1219 lam
587 1168 770 1222 vivam
802 1177 958 1225 extra
987 1171 1267 1225 civitatem
1306 1171 1363 1225 in
1400 1186 1658 1242 campum
1700 1188 1926 1243 purum,
1976 1188 2008 1229 e

2139 1173 2198 1229 δὲ
2226 1175 2411 1230 πάλινο
2444 1196 2463 1231 ι
2516 1178 2661 1233 Διότι
2690 1180 2905 1254 ἡμέρας
2942 1184 3143 1250 πολλὰς
3174 1186 3491 1247 καθίσονται
3518 1195 3570 1246 οί
3617 1165 3724 1248 uici

452 1259 697 1329 expiabit
719 1261 966 1327 domum,
997 1270 1053 1318 et
1076 1262 1279 1317 munda
1308 1263 1415 1319 erit
1445 1264 1512 1318 “.
1544 1283 1566 1315 ι

2153 1264 2371 1338 Ἰσραὴλ
2407 1269 2507 1325 οὐκ
2539 1271 2694 1336 ὄντος
2727 1273 3023 1343 βασιλέως,
3053 1278 3179 1333 οὐδὲ
3223 1280 3375 1346 ὄντος
3418 1282 3684 1354 ἄρχοντος
3705 1328 3718 1348 ,

454 1351 555 1404 οὐκ
599 1351 767 1424 οὔσης
798 1352 1017 1419 θυσίας,
1067 1354 1187 1408 οὐδὲ
1225 1355 1378 1419 ὄντος
1424 1354 1811 1425 θυσιαστηρίου
1837 1396 1853 1421 ,
1897 1355 2035 1447 οθτεᾉ
2062 1355 2356 1427 ἱερατείας,
2377 1359 2499 1415 οὕτε
2524 1361 2716 1434 δήλων.
2744 1366 2854 1420 Καὶ
2872 1368 3012 1435 μετά
3066 1372 3238 1426 ταῦτα
3293 1351 3721 1447 ἐπιστρέφουσιν

452 1441 505 1495 οί
549 1443 657 1496 υίοὶ
711 1444 926 1516 Ἰσραὴλ
950 1486 965 1512 ,
998 1445 1092 1500 καὶ
1121 1444 1509 1517 ὲπιζητήσουσι
1567 1445 1661 1499 τὸν
1699 1446 1832 1500 Θεὸν
1897 1445 2235 1536 αὐτῶνηκαὶ
2270 1450 2434 1505 Δαῦὶδ
2456 1451 2548 1505 τὸν
2577 1451 2804 1523 βασιλέα
2846 1458 3029 1514 αὐτῶν
3054 1476 3069 1492 ο
3102 1461 3198 1516 καὶ
3238 1441 3600 1536 ἐκστήσονται
3628 1468 3724 1524 ἐπὶ

450 1531 531 1601 τῷ
561 1532 750 1604 Κυρίῳ
772 1576 785 1599 ,
814 1533 914 1588 καὶ
957 1534 1050 1586 ἐπὶ
1084 1535 1198 1597 τοῖς
1214 1533 1445 1630 ἀγαθοῖς
1487 1533 1654 1589 αὐτοῦ
1682 1535 1770 1589 ἐπ’
1796 1533 2029 1630 ἐσχάτου
2066 1534 2177 1630 τῶν
2204 1538 2449 1610 ἡμερῶν.
2488 1542 2659 1597 Ὅταν
2694 1540 2789 1600 οὖν
2855 1549 3203 1626 ἐπισκοπήσῃ
3269 1557 3370 1626 τὴν
3395 1531 3715 1630 λεπρῶσαν,

453 1625 707 1724 (pq-01316
749 1626 963 1724 ἱερεὺς,
1009 1627 1103 1679 καὶ
1132 1625 1407 1724 καθαρίσῃ
1448 1627 1654 1724 αὐτήνο
1695 1627 1790 1681 καὶ
1827 1625 2090 1724 λήψονται
2135 1627 2441 1724 ἀφαγνίσαι
2474 1633 2573 1706 τὴν
2610 1636 2790 1692 οἰκίαν
2852 1639 2945 1695 δύο
3007 1625 3220 1715 ὀρνίθια
3254 1625 3434 1712 ζῶντα
3478 1625 3717 1724 καθαρὰ,

450 1715 546 1768 καὶ
577 1714 733 1780 ξύλον
760 1715 1038 1787 κέδρινον,
1072 1717 1166 1771 καὶ
1197 1717 1581 1790 κεκλωσμένον
1623 1720 1895 1785 κόκκινον,
1962 1718 2058 1773 καὶ
2096 1719 2196 1791 τὴν
2234 1719 2509 1782 ὕσσωπον.
2553 1746 2571 1779 ι
2625 1729 2736 1783 Καὶ
2780 1730 2978 1786 πάλιν
3022 1714 3050 1787 «ί
3079 1737 3155 1792 Τδ
3193 1739 3431 1810 ὀρνίθιον
3477 1743 3540 1797 τὸ

450 1809 614 1904 βάψει
647 1808 783 1863 αὐτὸ
814 1810 896 1873 είς
929 1810 991 1863 τὸ
1031 1808 1169 1883 αἷμα
1199 1809 1294 1865 τοῦ
1322 1812 1560 1885 ὀρνιθίου
1596 1812 1948 1884 ἐσφαγμένου
1974 1813 2035 1865 ἐν
2069 1810 2149 1883 τῷ
2201 1812 2355 1869 ὕδατι
2413 1818 2577 1883 ζῶντι
2596 1861 2611 1887 ,
2639 1824 2733 1878 καὶ
2763 1827 2824 1880 ἐν
2842 1828 2922 1900 τῷ
2944 1828 3167 1901 ὀρνιθίῳ
3196 1808 3276 1904 τῷ
3306 1832 3501 1899 ζῶντι,
3533 1808 3631 1890 καί
3658 1839 3718 1889 ἐν

444 1901 523 1971 τῷ
555 1898 710 2001 ξύλῳῌ
728 1900 809 1972 τῷ
845 1901 1093 1974 κεδρίνῳ,
1158 1903 1254 1959 καὶ
1317 1905 1377 1959 ἐν
1414 1906 1481 1977 τῇ
1513 1904 1772 1977 ὑσσώπῳ,
1808 1904 1903 1960 καὶ
1925 1904 2091 2001 ὲντῷ
2124 1907 2493 1984 κεκλωσμένῳ
2543 1917 2802 1991 κοκκίνῳ,
2850 1898 2946 1976 καὶ
2977 1898 3345 1990 ’ἐξαποστελεί
3379 1929 3441 1982 τὸ
3476 1929 3717 2001 ὀρνίθιον

443 1996 505 2049 τὸ
545 1996 655 2061 ζῶν
687 1995 791 2061 ἔξω
821 1997 921 2068 τῆς
955 1997 1163 2063 πόλεως
1196 1999 1279 2063 είς
1303 1999 1485 2092 πεδίον
1510 2000 1768 2072 καθαρὸν,
1792 2000 1888 2092 καὶ
1916 1998 2223 2092 έξιλάσεται
2253 2008 2503 2080 περὶτῆς
2530 2012 2729 2079 οἰκίας,
2756 2016 2849 2070 καὶ
2884 2018 3103 2092 καθαρά
3123 2020 3279 2078 ἔσται
3340 2043 3360 2077 ι

508 2091 564 2147 4.
598 2089 699 2145 llic
712 2105 930 2145 rursum
962 2088 1094 2143 mihi
1119 2090 1267 2145 clare
1293 2091 1584 2147 considam
1609 2100 1787 2147 totum
1809 2090 2013 2148 Christi

2156 2184 2163 2185 7
2189 2093 2257 2150 δ’.
2287 2096 2448 2154 Ὅλον
2470 2100 2534 2172 δὴ
2564 2103 2726 2158 πάλιν
2754 2107 2813 2160 ὲν
2837 2088 3050 2175 τούτοις
3075 2112 3362 2185 περιάθρει
3390 2116 3578 2185 σαφῶς
3612 2121 3715 2173 τοῦ

444 2181 789 2254 mysterium,
825 2189 882 2235 et
921 2181 1178 2251 baptismi
1216 2182 1651 2244 mundationem,
1677 2183 1827 2240 Duos
1876 2182 2025 2239 enim

443 2287 691 2343 passeres
714 2273 834 2342 capi
855 2272 1185 2343 jubctvivos
1217 2288 1281 2328 ac
1309 2272 1566 2338 mundos,
1601 2281 1664 2328 ut
1688 2271 2025 2342 intelligeres

443 2380 540 2433 per
566 2364 724 2417 vivos
760 2361 922 2417 alites
940 2362 1219 2417 caelestem
1250 2362 1425 2416 Deum
1452 2361 1618 2417 simul
1646 2369 1703 2416 ct
1717 2360 2022 2427 hominem,

439 2456 534 2526 qui
566 2454 804 2525 duplicis
821 2461 1028 2508 natura:
1054 2452 1122 2508 ad
1149 2469 1251 2508 nos
1275 2454 1446 2519 venit,
1471 2462 1703 2524 utraque
1729 2468 1940 2518 earum,
1962 2459 2026 2506 ut

439 2546 762 2616 oportet,sic
775 2545 1062 2600 distincta:
1083 2545 1487 2613 Verbumienim
1514 2555 1635 2601 erat
1660 2561 1727 2601 ex
1738 2547 1849 2601 Deo
1861 2543 2023 2600 Patre

438 2639 791 2703 elariﬁcatus,
818 2645 875 2693 et
903 2654 934 2692 e
970 2635 1204 2692 muliere
1229 2651 1462 2692 carneus
1490 2645 1674 2702 natus,
1703 2653 1815 2692 non
1834 2644 2021 2694 tamen

437 2729 836 2787 divisus.Unus
856 2728 1007 2783 enim
1028 2744 1095 2783 ex
1121 2735 1351 2797 utraque
1370 2737 1567 2783 natura
1582 2727 1743 2800 367
1766 2727 2021 2784 Christus

436 2829 540 2877 est.
579 2821 878 2890 Propterea
913 2817 1038 2872 dua:
1056 2817 1284 2872 aviculae
1306 2817 1601 2888 capiuntur
1632 2826 1796 2888 atque
1850 2818 2019 2874 intel-

439 2912 684 2983 liguntur
719 2918 779 2963 ut
801 2922 971 2964 unum
999 2915 1256 2978 utraque,
1291 2908 1389 2963 sed
1418 2908 1542 2963 viva
1572 2923 1637 2963 ac
1663 2907 1891 2962 munda.
1920 2908 2016 2964 Vi-

438 3013 546 3059 tam
586 3003 736 3057 enim
765 3006 821 3057 et
852 3000 1151 3070 puritatem
1203 3014 1423 3053 omnem
1456 3000 1748 3055 continens
1772 3009 1857 3055 est
1898 2999 2016 3070 ipse

437 3112 499 3147 ex
523 3108 581 3148 se
612 3093 878 3157 Verbum,
904 3100 962 3145 et
996 3106 1063 3145 ex
1092 3088 1314 3161 Virgine
1340 3090 1607 3160 templum
1631 3090 1819 3145 vivum
1883 3090 2017 3147 Ver-

436 3182 567 3236 bum
616 3182 827 3237 habens
864 3182 919 3234 in
952 3180 1156 3250 seipso.
1185 3180 1479 3248 Proprium
1519 3180 1668 3234 enim
1701 3179 1780 3233 illi
1812 3195 2013 3251 corpus

435 3273 556 3338 fuit,
587 3282 644 3328 et
686 3289 796 3326 non
831 3272 1072 3326 alienum
1110 3269 1362 3341 gestavit.
1397 3269 1537 3325 llinc
1573 3285 1719 3326 unus
1751 3271 2010 3343 idemque

434 3364 590 3419 Jesus
635 3362 906 3418 Christus.
944 3362 1153 3417 Praeter
1192 3360 1435 3415 aviculas
1473 3372 1530 3415 et
1573 3361 1862 3418 ccdrinum
1910 3381 2006 3421 su-

434 3468 583 3508 mere
594 3454 749 3524 jubet
775 3452 1002 3522 lignum,
1023 3459 1084 3505 ut
1107 3449 1235 3505 inde
1250 3452 1636 3523 incorruptum
1663 3469 1785 3509 esse
1800 3453 2007 3512 Christi

431 3548 633 3614 ‘corpus
663 3557 941 3613 agnoscas.
983 3541 1097 3596 Nec
1125 3542 1274 3596 enim
1310 3543 1657 3613 corruptioni
1678 3544 2006 3612 obnoxium,
2055 3572 2061 3577 -

434 3635 513 3689 uti
553 3641 608 3690 et
654 3634 852 3689 cedrus
903 3632 1254 3703 putredinem
1283 3634 1481 3690 nescit.
1510 3635 1583 3692 Ut
1604 3651 1737 3692 vero
1760 3637 2011 3694 incorru-

433 3724 623 3795 ptibile
667 3739 789 3779 esse
815 3723 1021 3779 sciatur
1066 3731 1317 3779 sanctum
1357 3724 1561 3781 Christi
1613 3717 1832 3799 Carpus,
1879 3720 2009 3787 hinc

429 3815 749 3873 credibilior
768 3824 851 3871 est
884 3815 952 3871 de
985 3815 1390 3871 resurrectione
1431 3818 1603 3888 ipsius
1655 3835 1837 3876 sermo
1883 3821 2009 3877 red-

428 3908 595 3964 ditus.
631 3907 931 3964 Coccinum
970 3922 1104 3963 vero
1160 3915 1336 3961 totum
1366 3907 1435 3963 de
1478 3918 1655 3966 morte
1699 3910 2007 3973 Servatoris

428 4000 826 4056 confessionem
856 4007 1102 4055 nostram
1126 3998 1396 4071 designat.
1420 4001 1496 4055 De
1519 4001 1765 4058 Ecclesia
1818 4004 2005 4075 itaque

429 4092 483 4145 in
523 4092 751 4147 Cantico
788 4092 1130 4146 canticorum
1158 4091 1408 4146 dicitur:
1449 4111 1466 4143 ‹
1507 4093 1663 4148 Sicut
1697 4095 1832 4151 vitta
1875 4111 2004 4151 coc-

426 4183 582 4237 cinea
626 4182 771 4236 labia
805 4189 917 4246 tua,
971 4198 1127 4237 soror
1184 4198 1310 4236 mea
1369 4197 1569 4251 sponsa
1631 4185 1696 4238 ’³.
1750 4206 1768 4238 ι
1834 4186 2004 4244 Labia

426 4272 572 4327 enim
602 4272 863 4327 Ecclesiae
917 4287 1137 4343 semper
1190 4268 1631 4342 redemptionem
1676 4276 1731 4330 in
1789 4276 2000 4355 Christi

425 4368 687 4439 sanguine
712 4366 1034 4438 praedicant,
1091 4374 1149 4421 et
1203 4365 1272 4420 de
1313 4381 1378 4420 ea
1431 4365 1557 4421 ﬁdei
1603 4365 2002 4437 professionem

426 4460 545 4516 ﬁeri
578 4460 883 4531 imperant;
930 4459 1056 4515 ideo
1111 4458 1261 4513 vittae
1313 4458 1587 4515 coccinea:
1640 4471 1789 4518 recte
1828 4462 2002 4534 ipsius

398 4552 566 4627 .labia
611 4560 1036 4623 comparantur;
1098 4551 1326 4624 mystica
1386 4566 1519 4607 vero
1575 4556 2002 4612 communicatio

424 4644 826 4699 benedictionis
855 4644 1049 4700 mortis
1077 4642 1285 4699 Christi
1333 4640 1502 4698 habet
1537 4647 1872 4715 praeconium
1922 4647 1998 4709 si:

2129 2184 2384 2281 ξωτῆρος
2419 2192 2451 2262 ή
2462 2193 2578 2262 μῶν
2610 2195 2672 2249 τὸ
2702 2200 3026 2272 μυστήριον,
3062 2204 3157 2257 καὶ
3184 2184 3287 2258 τὸν
3314 2206 3404 2262 διὰ
3429 2184 3523 2263 τοῦ
3553 2212 3714 2281 ἁγίου

2129 2273 2509 2373 βαπτίσματος
2538 2283 2904 2358 καθαρισμόν.
2935 2289 3039 2344 Δύο
3081 2292 3183 2363 μὲν
3216 2298 3326 2366 γάρ
3355 2296 3567 2369 ὀρνίθια
3599 2273 3709 2373 ’λη-

2128 2366 2331 2463 φθῆναι
2359 2373 2572 2429 κελεύει
2620 2374 2802 2441 ζῶντα
2840 2382 2935 2436 καὶ
2971 2385 3186 2457 καθαρά
3211 2401 3225 2415 ⁸
3265 2388 3356 2443 ἵνα
3379 2366 3582 2463 νοήσῃς
3620 2366 3711 2448 δίά

2123 2458 2234 2513 τῶν
2262 2464 2527 2521 πετεινῶν
2555 2467 2649 2522 τὸν
2685 2470 2937 2542 οὐράνιον
2959 2475 3245 2548 ἄνθρωπον
3275 2479 3411 2550 ὁμοῦ
3434 2458 3709 2550 καί-Θεὸν,

2125 2551 2206 2615 είς
2239 2551 2340 2646 δύο
2363 2555 2464 2625 μὲν
2509 2557 2730 2627 φύσεις,
2762 2563 2886 2617 ὅσον
2928 2560 3063 2636 ἧκεν
3093 2569 3175 2632 είς
3198 2569 3289 2623 τὸν
3317 2572 3525 2646 ἑκάστῃ
3574 2577 3713 2646 πρέ-

2126 2658 2299 2700 ποντα
2330 2645 2488 2716 λόγον
2524 2648 2922 2725 διαιρούμενον.
2963 2658 3135 2727 Λόγος
3164 2659 3273 2733 γὰρ
3302 2658 3371 2733 ἦν
3402 2666 3432 2718 ὀ
3568 2645 3707 2722 Θεοῦ

2123 2735 2340 2810 Πατρδς
2395 2740 2759 2814 ἀναλάμψας,
2810 2748 2869 2801 ιν
2939 2752 3105 2822 σαρκὶ
3161 2755 3228 2823 τῇ
3285 2754 3351 2807 ἐκ
3400 2758 3701 2826 γυναικὸς,

2122 2828 2264 2900 πλὴν
2317 2832 2379 2885 ού
2423 2832 2801 2907 μεριζόμενος.
2854 2832 2953 2904 Εἷς
2986 2841 3095 2912 γάρ
3144 2844 3203 2911 ἐξ
3247 2847 3453 2917 ἀμφοῖν
3497 2852 3528 2904 ὀ
3570 2852 3703 2921 Χριο

2122 2921 2265 2986 στός.
2308 2924 2419 2978 Καὶ
2455 2925 2543 2981 διὰ
2581 2928 2740 2984 τοῦτο
2767 2930 2844 2994 ὡς
2871 2932 2966 2988 δύο
2988 2934 3324 3005 λαμϐάνεται
3350 2939 3421 2994 τά
3460 2942 3701 3011 ὀρνίθια,

2120 3015 2216 3069 καὶ
2242 3017 2444 3072 νοεῖται
2474 3017 2638 3074 πάλιν
2658 3062 2673 3087 ,
2703 3022 2779 3086 ὡς
2807 3023 2866 3077 ἓν
2888 3025 3172 3097 ἀμφότερα
3194 3069 3209 3094 ,
3239 3029 3378 3100 πλὴν
3404 3031 3582 3096 ζῶντα
3609 3038 3704 3088 καὶ

2120 3102 2354 3194 καθαρά.
2393 3107 2546 3180 Ζωῆς
2577 3108 2685 3181 γὰρ
2713 3112 2808 3189 καὶ
2840 3112 3212 3184 καθαρότητος
3239 3118 3459 3190 ἀπάσης
3491 3140 3701 3194 παρεκ-

2116 3192 2269 3287 τικδς
2295 3194 2392 3287 καὶ.
2429 3197 2593 3262 αὐτὸς
2619 3199 2742 3255 καθ’
2770 3202 2959 3256 ἑαυτὸν
2984 3205 3015 3257 ὀ
3046 3207 3216 3276 Λόγος
3233 3253 3247 3275 ,
3283 3211 3378 3264 καὶ
3402 3214 3435 3266 6
3456 3214 3518 3266 ἐκ
3554 3192 3700 3287 Παρ-

2118 3284 2272 3378 θένου
2307 3286 2432 3351 ναὸς
2452 3288 2543 3342 τὸν
2571 3288 2750 3355 ζῶντα
2776 3292 2946 3361 Λόγον
2971 3294 3114 3366 ἔχων
3136 3300 3196 3352 ὲν
3222 3301 3418 3374 ἐαυτῷ.
3453 3299 3563 3358 Ἦν
3592 3284 3701 3378 γάρ

2117 3375 2248 3431 ἴδιον
2270 3378 2436 3432 αὐτοῦ
2462 3379 2522 3467 τὸ
2547 3381 2737 3453 σῶμα,
2767 3384 2861 3437 καὶ
2882 3386 2982 3440 οὐκ
3003 3388 3281 3463 ἀλλότριον
3301 3395 3544 3467 φόρημα.
3571 3375 3698 3454 Διάξ

2113 3486 2196 3522 τοι
2227 3468 2391 3559 τοῦτο
2430 3466 2512 3536 εἷς
2540 3473 2747 3545 Κύριος
2792 3475 3000 3542 Ἰησοῦς
3048 3481 3302 3553 Χριστός.
3350 3487 3495 3557 Πρὸς
3535 3489 3593 3543 δέ
3635 3508 3698 3559 γε

2110 3560 2224 3622 τοῖς
2252 3558 2531 3631 ὀρνιθίοις,
2564 3564 2657 3617 καὶ
2687 3562 2843 3629 ξύλον
2870 3566 3115 3638 κέδρινον
3138 3571 3437 3642 λαμϐάνειν
3464 3579 3695 3644 κελεύει,

2110 3649 2200 3704 ίνα
2229 3650 2317 3706 διὰ
2354 3651 2546 3707 τούτου
2586 3654 2862 3728 ἄφθαρτον
2888 3654 3024 3714 εἶναι
3054 3662 3115 3716 τὸ
3144 3665 3302 3736 σῶμα
3340 3669 3543 3739 νοήσῃς
3565 3673 3609 3724 Χ
3619 3690 3702 3741 ρι-

2112 3741 2261 3798 στοῦ.
2297 3744 2372 3797 Ob
2396 3744 2507 3818 γὰρ
2536 3741 2645 3800 οἶδε
2672 3748 2990 3821 διαφθοράν
3028 3758 3373 3826 παραιτεῖται
3401 3759 3514 3830 γάρ
3538 3763 3570 3830 ὴ
3608 3764 3700 3815 κέ-

2100 3831 2234 3904 ·δρος
2261 3832 2322 3887 τὸ
2350 3833 2691 3906 φθείρεσθαι.
2727 3838 2827 3893 Διά
2849 3839 2906 3894 δὲ
2929 3839 3025 3894 τοῦ
3054 3841 3129 3913 μὴ
3156 3844 3532 3916 κατεφθάρθαι
3557 3852 3699 3902 νοεῖν

2107 3924 2170 3980 τδ
2195 3925 2353 3996 ἅγιον
2384 3928 2544 4000 σῶμα
2578 3930 2817 4002 Χριστοῦ
2835 3971 2853 3999 ,
2882 3933 3107 3999 πιθανὸς
3135 3936 3201 4009 δὴ
3229 3936 3349 3991 λίαν
3375 3941 3406 3991 ὀ
3434 3940 3565 4010 περὶ
3596 3941 3697 4010 τῆς

2106 4017 2459 4084 ἀναστάσεως
2496 4020 2665 4075 αὐτοῦ
2713 4023 2873 4093 λόγος
2908 4027 3243 4099 εἰσφέρεται.
3285 4030 3359 4082 Τὸ
3393 4031 3453 4084 δὲ
3487 4033 3695 4087 κεκλωο

2109 4113 2304 4185 σμένον
2339 4114 2610 4183 κόκκινον,
2656 4115 2755 4187 τὴν
2785 4118 2876 4171 ἐπὶ
2915 4117 2994 4189 τῷ
3040 4120 3253 4188 θανάτῳ
3296 4122 3393 4176 τοῦ
3439 4124 3696 4196 Σωτῆρος

2105 4204 2265 4276 ἡμῶν
2295 4205 2584 4276 ὁμολογίαν
2613 4207 2994 4280 ὑποσημαίνει.
3036 4212 3144 4264 Καὶ
3186 4211 3319 4281 γοῦν
3345 4213 3561 4286 εἴρηταί
3590 4233 3693 4270 που

2104 4296 2234 4368 περὶ
2260 4297 2358 4367 τῆς
2402 4297 2726 4369 Ἐκκλησίας
2767 4302 2825 4354 ἐν
2864 4300 2943 4372 τῷ
2976 4301 3217 4374 ’ᾼσματι
3255 4304 3365 4357 τῶν
3397 4306 3689 4377 ᾀσμάτων·

2110 4404 2130 4438 ι
2197 4387 2285 4451 Ὠς
2332 4387 2594 4458 σπαρτίον
2645 4389 2898 4444 κόκκινον
2952 4391 3106 4462 χείλη
3157 4409 3283 4459 σου,
3338 4395 3544 4466 ἀδελφή
3585 4415 3692 4467 μου

2103 4475 2311 4548 νύμφη.
2361 4495 2380 4528 ι
2425 4476 2643 4547 Ἐπειδὴ
2670 4477 2779 4549 γὰρ
2807 4478 2894 4532 ἀεὶ
2929 4478 3026 4543 τῆς
3068 4480 3397 4551 Ἑκκλησίας
3434 4481 3507 4534 τά
3540 4483 3691 4553 χείλη

2074 4569 2201 4640 ,τὴν
2240 4568 2328 4622 διά
2367 4568 2462 4622 τοῦ
2494 4569 2722 4638 αἵματος
2760 4569 2854 4623 τοῦ
2894 4571 3132 4639 Χριστοῦ
3181 4573 3451 4643 σωτηρίαν
3479 4574 3688 4644 ἀνακηο

2105 4661 2313 4735 ρύττει,
2361 4660 2453 4713 καὶ
2501 4659 2588 4713 ἐπ’
2636 4660 2789 4733 αὐτῷ
2847 4661 2944 4731 τῆς
2992 4662 3226 4727 πίστεως
3258 4664 3357 4734 τὴν
3398 4663 3694 4735 ὁμολογίαν

423 4737 536 4790 mul
565 4752 622 4791 c.
644 4735 1065 4792 resurrectionis
1106 4735 1374 4807 ejusdem.
1416 4734 1549 4803 Qua:
1571 4745 1628 4793 et
1659 4738 1837 4807 primo
1865 4754 1999 4809 pro-

2114 4751 2371 4806 ποιεῖσθαι
2400 4751 2610 4807 κελεύει
2651 4752 2742 4807 τὸν
2767 4756 3233 4825 προσερχόμενον,
3278 4756 3533 4827 σπαρτίῳ
3558 4774 3691 4811 κοκσ

423 4828 568 4885 literi
592 4828 991 4899 persuadentur
1020 4827 1239 4885 Christo
1280 4830 1503 4897 initiati,
1538 4829 1737 4886 deinde
1770 4830 1839 4884 ad
1899 4830 1998 4886 ba-

422 4921 680 4992 ptismum
736 4920 1105 4991 adducuntur,
1153 4923 1582 4996 perﬁcimusque
1630 4938 1726 4980 eos
1774 4923 1829 4978 in
1876 4939 2001 4979 san-

422 5014 587 5085 guine
622 5013 811 5068 aeterni
840 5015 1176 5081 testamenti,
1229 5024 1290 5071 ut
1325 5016 1611 5087 Scriptura
1656 5015 1905 5085 loquitur
1931 5014 1996 5068 ⁸⁸.

424 5104 577 5160 Fidei
605 5105 753 5160 enim
780 5105 1181 5162 confessionem
1206 5106 1264 5162 in
1295 5109 1561 5179 sanguine
1581 5106 1789 5163 Christi
1821 5107 2001 5163 cocci-

425 5209 558 5248 num
579 5192 862 5265 designat;
888 5194 1163 5267 hyss0pus
1197 5205 1381 5251 autem
1404 5197 1580 5252 sancti
1602 5195 1840 5267 Spiritus
1886 5196 1999 5253 fcr-

426 5298 637 5340 vorcm.
668 5284 856 5341 Calida
901 5287 1048 5342 enim
1074 5287 1192 5342 haec
1219 5287 1389 5344 herba
1421 5294 1525 5353 est,
1578 5295 1636 5342 et
1678 5287 2006 5358 frigiditatcs

424 5376 734 5450 detergens,
757 5394 821 5434 ac
849 5395 1088 5450 purgans
1119 5380 1361 5435 morbos.
1412 5380 1560 5437 Talis
1610 5382 1756 5437 enim
1793 5380 1848 5436 in
1902 5396 2002 5437 nos

425 5467 599 5524 sancti
640 5467 880 5540 Spiritus
929 5457 1152 5542 energia
1207 5472 1499 5527 cxsistitet
1550 5473 1649 5529 vis.
1720 5493 1737 5525 ι
1787 5474 1996 5539 Sumet.

429 5561 629 5631 inquit,
654 5563 925 5633 leprosum
961 5564 1183 5620 domum
1231 5566 1535 5622 emundans
1584 5566 1853 5622 aviculam
1913 5568 1996 5621 vi-

2111 4844 2254 4917 κίνῳ
2273 4844 2593 4914 παρεικάζει
2622 4844 2803 4908 καλῶς
2832 4846 2903 4900 τά
2948 4849 3100 4917 χείλη
3144 4848 3343 4917 αύτῆς’
3378 4848 3473 4902 καὶ
3517 4848 3692 4920 αὐτῆς

2100 4938 2159 4993 δὲ
2180 4937 2278 5007 τῆς
2305 4936 2577 5007 μυστικῆς
2598 4936 2847 5006 εὐλογίας
2873 4938 2907 5008 ἡ
2941 4937 3160 5008 μέθεξις
3184 4939 3550 5008 καταγγελίαν
3577 4940 3691 5010 ἔχει

2100 5027 2193 5083 τοῦ
2217 5026 2447 5083 θανάτου
2478 5027 2570 5081 καὶ
2599 5026 2699 5097 τῆς
2725 5027 3071 5091 ἀναστάσεως
3100 5027 3266 5081 αὐτοῦ
3299 5028 3393 5082 τοῦ
3424 5028 3689 5099 Χριστοῦ.

2105 5121 2171 5174 Ἃ
2205 5118 2306 5174 καῖ
2336 5118 2603 5191 πρότερον
2631 5118 2912 5189 ὁμολογεῖν
2957 5119 3346 5183 ἀναπείθοντες
3395 5119 3523 5183 τοὺς
3566 5136 3693 5175 πισ-

2104 5210 2357 5274 τεύοντας
2376 5250 2389 5272 ,
2425 5209 2772 5281 προσάγομεν
2818 5226 2876 5263 τε
2905 5208 2982 5282 τῷ
3008 5210 3151 5280 ἁγίῳ
3180 5210 3549 5281 βαπτίσματι,
3595 5212 3691 5266 καὶ

2103 5304 2416 5375 τελειοῦμεν
2445 5305 2504 5357 ὲν
2534 5303 2722 5376 αἵματι
2746 5303 3019 5374 Διαθήκης
3043 5304 3284 5367 αἰωνίου,
3312 5303 3458 5359 καθά
3479 5304 3689 5374 γέγρα-

2102 5415 2255 5453 πται.
2290 5396 2399 5451 Καὶ
2442 5396 2550 5468 γὰρ
2588 5398 2689 5469 τὴν
2721 5398 2812 5452 ἐπὶ
2850 5396 2926 5468 τῷ
2958 5399 3152 5467 αἵματι
3192 5396 3288 5451 τοῦ
3318 5397 3556 5470 Χριστοῦ
3589 5397 3691 5467 τῆς

2103 5489 2336 5554 πίστεως
2367 5487 2658 5557 ὁμολογίαν
2678 5531 2693 5555 ,
2733 5488 2821 5542 διὰ
2852 5490 2948 5542 τοῦ
2985 5488 3239 5543 κοκκίνου
3279 5489 3568 5560 σημαίνει·
3601 5489 3690 5543 διὰ

2097 5576 2151 5631 δὲ
2191 5577 2287 5647 τῆς
2352 5577 2640 5643 ὑσσώπου,
2696 5577 2793 5650 τὴν
2838 5578 2928 5631 τοῦ
2959 5578 3112 5646 ἁγίου
3160 5578 3478 5649 Πνεύματος
3514 5578 3685 5643 ζέσιν.

499 5740 724 5811 "Osce,
775 5758 853 5812 ιιι,
908 5744 959 5809 .i,
990 5744 1039 5799 ὃ.
1117 5746 1163 5777 ἠ
1201 5745 1375 5802 Levii.
1412 5764 1517 5815 xw,
1559 5748 1644 5803 49.
1724 5747 2013 5817 “ibid.,5i

2114 5753 2159 5806 3.
2240 5755 2281 5786 ’5
2332 5756 2580 5824 Cantuv,
2623 5756 2674 5809 5.
2754 5757 2800 5789 ⁹⁶
2857 5756 3023 5812 llcbr.
3084 5774 3194 5825 Mil,
3234 5759 3324 5815 20.
