  <div class='ocr_page' id='page_1' title='image "/cluster/home/n/w/nwhite01/storage/ocr_20150623/69/hvd.32044073501983/294.png"; bbox 0 0 4060 6192; ppageno 0'>
   <div class='ocr_carea' id='block_1_1' title="bbox 294 282 404 338">
    <p class='ocr_par' dir='ltr' id='par_1_1' title="bbox 294 282 404 338">
     <span class='ocr_line' id='line_1_1' title="bbox 294 282 404 338; baseline -0.018 0"><span class='ocrx_word' id='word_1_1' title='bbox 294 282 404 338; x_wconf 79' lang='lat'><strong>577</strong></span> 
     </span>
    </p>
   </div>
   <div class='ocr_carea' id='block_1_2' title="bbox 1256 278 2557 342">
    <p class='ocr_par' dir='ltr' id='par_1_2' title="bbox 1256 278 2557 342">
     <span class='ocr_line' id='line_1_2' title="bbox 1256 278 2557 342; baseline -0.005 0"><span class='ocrx_word' id='word_1_2' title='bbox 1256 281 1777 342; x_wconf 75' lang='lat' dir='ltr'><strong>CLAPHYRORUM</strong></span> <span class='ocrx_word' id='word_1_3' title='bbox 1815 281 1883 339; x_wconf 80' lang='lat' dir='ltr'><strong>IN</strong></span> <span class='ocrx_word' id='word_1_4' title='bbox 1923 278 2296 336; x_wconf 71' lang='lat' dir='ltr'><strong>LEVITICUH</strong></span> <span class='ocrx_word' id='word_1_5' title='bbox 2332 279 2557 336; x_wconf 79' lang='lat' dir='ltr'><strong>LIBER.</strong></span> 
     </span>
    </p>
   </div>
   <div class='ocr_carea' id='block_1_3' title="bbox 3444 283 3548 339">
    <p class='ocr_par' dir='ltr' id='par_1_3' title="bbox 3444 283 3548 339">
     <span class='ocr_line' id='line_1_3' title="bbox 3444 283 3548 339; baseline -0.019 0"><span class='ocrx_word' id='word_1_6' title='bbox 3444 283 3548 339; x_wconf 78' lang='lat'><strong>578</strong></span> 
     </span>
    </p>
   </div>
   <div class='ocr_carea' id='block_1_4' title="bbox 296 392 1881 471">
    <p class='ocr_par' dir='ltr' id='par_1_4' title="bbox 296 393 1881 471">
     <span class='ocr_line' id='line_1_4' title="bbox 296 393 1881 471; baseline 0.001 -23"><span class='ocrx_word' id='word_1_7' title='bbox 296 394 488 466; x_wconf 85' lang='grc' dir='ltr'>Θερμὴ</span> <span class='ocrx_word' id='word_1_8' title='bbox 537 393 646 468; x_wconf 89' lang='lat'><strong>7&amp;9</strong></span> <span class='ocrx_word' id='word_1_9' title='bbox 691 394 895 467; x_wconf 76' lang='grc' dir='ltr'>ήπόα,</span> <span class='ocrx_word' id='word_1_10' title='bbox 939 396 1031 452; x_wconf 76' lang='grc' dir='ltr'>καὶ</span> <span class='ocrx_word' id='word_1_11' title='bbox 1075 399 1181 452; x_wconf 80' lang='grc' dir='ltr'><strong>τῶν</strong></span> <span class='ocrx_word' id='word_1_12' title='bbox 1223 399 1287 452; x_wconf 72' lang='grc' dir='ltr'>ὲκ</span> <span class='ocrx_word' id='word_1_13' title='bbox 1312 398 1650 471; x_wconf 77' lang='grc' dir='ltr'>ψυχρότητος</span> <span class='ocrx_word' id='word_1_14' title='bbox 1690 395 1881 451; x_wconf 81' lang='grc' dir='ltr'>παθῶν</span> 
     </span>
    </p>
   </div>
   <div class='ocr_carea' id='block_1_5' title="bbox 1979 392 3551 471">
    <p class='ocr_par' dir='ltr' id='par_1_5' title="bbox 1983 392 3551 465">
     <span class='ocr_line' id='line_1_5' title="bbox 1983 392 3551 465; baseline 0.002 -17"><span class='ocrx_word' id='word_1_15' title='bbox 1983 401 2224 459; x_wconf 85' lang='lat' dir='ltr'><strong>ventem,</strong></span> <span class='ocrx_word' id='word_1_16' title='bbox 2259 402 2317 450; x_wconf 89' lang='lat' dir='ltr'><strong>et</strong></span> <span class='ocrx_word' id='word_1_17' title='bbox 2339 394 2548 465; x_wconf 78' lang='lat' dir='ltr'><strong>lignum</strong></span> <span class='ocrx_word' id='word_1_18' title='bbox 2567 392 2875 459; x_wconf 88' lang='lat' dir='ltr'><strong>cedrinum,</strong></span> <span class='ocrx_word' id='word_1_19' title='bbox 2909 401 2967 448; x_wconf 91' lang='lat' dir='ltr'><strong>et</strong></span> <span class='ocrx_word' id='word_1_20' title='bbox 2996 407 3222 449; x_wconf 87' lang='lat' dir='ltr'><strong>coccum</strong></span> <span class='ocrx_word' id='word_1_21' title='bbox 3251 401 3551 462; x_wconf 84' lang='lat' dir='ltr'><strong>tortum,ct</strong></span> 
     </span>
    </p>
   </div>
   <div class='ocr_carea' id='block_1_6' title="bbox 299 485 1879 560">
    <p class='ocr_par' dir='ltr' id='par_1_6' title="bbox 299 485 1879 560">
     <span class='ocr_line' id='line_1_6' title="bbox 299 485 1879 560; baseline 0.001 -22"><span class='ocrx_word' id='word_1_22' title='bbox 299 486 604 557; x_wconf 83' lang='grc' dir='ltr'>σμηκτική.</span> <span class='ocrx_word' id='word_1_23' title='bbox 629 485 863 557; x_wconf 83' lang='grc' dir='ltr'>Τοιαύτη</span> <span class='ocrx_word' id='word_1_24' title='bbox 897 487 954 541; x_wconf 77' lang='grc' dir='ltr'>δὲ</span> <span class='ocrx_word' id='word_1_25' title='bbox 987 488 1081 541; x_wconf 74' lang='grc' dir='ltr'>καὶ</span> <span class='ocrx_word' id='word_1_26' title='bbox 1110 489 1143 560; x_wconf 80' lang='grc' dir='ltr'><strong>ἠ</strong></span> <span class='ocrx_word' id='word_1_27' title='bbox 1170 487 1264 541; x_wconf 80' lang='grc' dir='ltr'>τοῦ</span> <span class='ocrx_word' id='word_1_28' title='bbox 1296 489 1451 558; x_wconf 86' lang='grc' dir='ltr'>ἀγίου</span> <span class='ocrx_word' id='word_1_29' title='bbox 1481 487 1798 558; x_wconf 78' lang='grc' dir='ltr'>Πνεύματος</span> <span class='ocrx_word' id='word_1_30' title='bbox 1819 486 1879 540; x_wconf 74' lang='grc' dir='ltr'>ὲν</span> 
     </span>
    </p>
   </div>
   <div class='ocr_carea' id='block_1_7' title="bbox 298 576 1879 650">
    <p class='ocr_par' dir='ltr' id='par_1_7' title="bbox 298 576 1879 650">
     <span class='ocr_line' id='line_1_7' title="bbox 298 576 1879 650; baseline 0.003 -21"><span class='ocrx_word' id='word_1_31' title='bbox 298 578 431 647; x_wconf 80' lang='grc' dir='ltr'>ἡμῖν</span> <span class='ocrx_word' id='word_1_32' title='bbox 456 576 708 648; x_wconf 75' lang='grc' dir='ltr'>ἐνέργειά</span> <span class='ocrx_word' id='word_1_33' title='bbox 733 594 793 629; x_wconf 81' lang='grc' dir='ltr'><strong>τε</strong></span> <span class='ocrx_word' id='word_1_34' title='bbox 819 578 913 631; x_wconf 75' lang='grc' dir='ltr'>καὶ</span> <span class='ocrx_word' id='word_1_35' title='bbox 939 577 1187 649; x_wconf 79' lang='grc' dir='ltr'>δύναμις.</span> <span class='ocrx_word' id='word_1_36' title='bbox 1226 598 1244 631; x_wconf 77' lang='grc' dir='ltr'><strong>ι</strong></span> <span class='ocrx_word' id='word_1_37' title='bbox 1276 581 1520 650; x_wconf 81' lang='grc' dir='ltr'>Λήψεται</span> <span class='ocrx_word' id='word_1_38' title='bbox 1546 579 1758 645; x_wconf 78' lang='grc' dir='ltr'><strong>τοίνυν,</strong></span> <span class='ocrx_word' id='word_1_39' title='bbox 1782 595 1879 650; x_wconf 74' lang='grc' dir='ltr'>φη-</span> 
     </span>
    </p>
   </div>
   <div class='ocr_carea' id='block_1_8' title="bbox 297 668 1877 743">
    <p class='ocr_par' dir='ltr' id='par_1_8' title="bbox 297 668 1877 743">
     <span class='ocr_line' id='line_1_8' title="bbox 297 668 1877 743; baseline 0.003 -21"><span class='ocrx_word' id='word_1_40' title='bbox 297 669 386 723; x_wconf 78' lang='grc' dir='ltr'>σὶν</span> <span class='ocrx_word' id='word_1_41' title='bbox 403 706 420 734; x_wconf 82' lang='grc'><strong>,</strong></span> <span class='ocrx_word' id='word_1_42' title='bbox 440 670 473 723; x_wconf 83' lang='grc' dir='ltr'>ὁ</span> <span class='ocrx_word' id='word_1_43' title='bbox 493 668 729 737; x_wconf 74' lang='grc' dir='ltr'>ἁγνίζων</span> <span class='ocrx_word' id='word_1_44' title='bbox 749 668 847 741; x_wconf 81' lang='grc' dir='ltr'><strong>τὴν</strong></span> <span class='ocrx_word' id='word_1_45' title='bbox 868 668 1302 742; x_wconf 83' lang='grc' dir='ltr'>λελεπρωμένην,</span> <span class='ocrx_word' id='word_1_46' title='bbox 1329 672 1394 726; x_wconf 82' lang='grc' dir='ltr'>τὸ</span> <span class='ocrx_word' id='word_1_47' title='bbox 1410 671 1644 743; x_wconf 78' lang='grc' dir='ltr'>ὀρνίθων</span> <span class='ocrx_word' id='word_1_48' title='bbox 1666 671 1728 725; x_wconf 77' lang='grc' dir='ltr'>τὸ</span> <span class='ocrx_word' id='word_1_49' title='bbox 1747 669 1877 737; x_wconf 81' lang='grc' dir='ltr'>ζῶν,</span> 
     </span>
    </p>
   </div>
   <div class='ocr_carea' id='block_1_9' title="bbox 299 760 1879 835">
    <p class='ocr_par' dir='ltr' id='par_1_9' title="bbox 299 760 1879 835">
     <span class='ocr_line' id='line_1_9' title="bbox 299 760 1879 835; baseline 0.001 -20"><span class='ocrx_word' id='word_1_50' title='bbox 299 762 397 815; x_wconf 75' lang='grc' dir='ltr'>καὶ</span> <span class='ocrx_word' id='word_1_51' title='bbox 431 761 496 814; x_wconf 81' lang='grc' dir='ltr'>τὸ</span> <span class='ocrx_word' id='word_1_52' title='bbox 524 760 766 832; x_wconf 86' lang='grc' dir='ltr'>κέδρινον</span> <span class='ocrx_word' id='word_1_53' title='bbox 790 760 981 827; x_wconf 80' lang='grc' dir='ltr'>ξύλον,</span> <span class='ocrx_word' id='word_1_54' title='bbox 1018 763 1110 817; x_wconf 74' lang='grc' dir='ltr'>καὶ</span> <span class='ocrx_word' id='word_1_55' title='bbox 1135 763 1198 817; x_wconf 82' lang='grc' dir='ltr'>τὸ</span> <span class='ocrx_word' id='word_1_56' title='bbox 1226 764 1506 831; x_wconf 87' lang='grc' dir='ltr'>κόκκινον,</span> <span class='ocrx_word' id='word_1_57' title='bbox 1537 765 1631 818; x_wconf 72' lang='grc' dir='ltr'>καὶ</span> <span class='ocrx_word' id='word_1_58' title='bbox 1658 764 1759 835; x_wconf 82' lang='grc' dir='ltr'>τὴν</span> <span class='ocrx_word' id='word_1_59' title='bbox 1781 761 1879 817; x_wconf 78' lang='grc' dir='ltr'><strong>ὕσ-</strong></span> 
     </span>
    </p>
   </div>
   <div class='ocr_carea' id='block_1_10' title="bbox 300 851 1878 928">
    <p class='ocr_par' dir='ltr' id='par_1_10' title="bbox 300 851 1878 928">
     <span class='ocr_line' id='line_1_10' title="bbox 300 851 1878 928; baseline 0 -20"><span class='ocrx_word' id='word_1_60' title='bbox 300 870 519 918; x_wconf 78' lang='grc' dir='ltr'>σωπον,</span> <span class='ocrx_word' id='word_1_61' title='bbox 550 853 646 908; x_wconf 76' lang='grc' dir='ltr'>καὶ</span> <span class='ocrx_word' id='word_1_62' title='bbox 677 853 840 924; x_wconf 81' lang='grc' dir='ltr'>βάψει</span> <span class='ocrx_word' id='word_1_63' title='bbox 866 854 1007 908; x_wconf 71' lang='grc' dir='ltr'>αὐτὰ</span> <span class='ocrx_word' id='word_1_64' title='bbox 1041 855 1122 918; x_wconf 85' lang='grc' dir='ltr'><strong>είς</strong></span> <span class='ocrx_word' id='word_1_65' title='bbox 1153 855 1214 909; x_wconf 85' lang='grc' dir='ltr'>τὸ</span> <span class='ocrx_word' id='word_1_66' title='bbox 1238 851 1376 927; x_wconf 76' lang='grc' dir='ltr'>αἷμα</span> <span class='ocrx_word' id='word_1_67' title='bbox 1398 855 1493 910; x_wconf 79' lang='grc' dir='ltr'>τοῦ</span> <span class='ocrx_word' id='word_1_68' title='bbox 1523 856 1758 928; x_wconf 82' lang='grc' dir='ltr'>ὀρνιθίου</span> <span class='ocrx_word' id='word_1_69' title='bbox 1783 854 1878 909; x_wconf 83' lang='grc' dir='ltr'>τοῦ</span> 
     </span>
    </p>
   </div>
   <div class='ocr_carea' id='block_1_11' title="bbox 300 945 1880 1021">
    <p class='ocr_par' dir='ltr' id='par_1_11' title="bbox 300 945 1880 1021">
     <span class='ocr_line' id='line_1_11' title="bbox 300 945 1880 1021; baseline 0.001 -22"><span class='ocrx_word' id='word_1_70' title='bbox 300 945 656 1016; x_wconf 78' lang='grc' dir='ltr'>ἐσφαγμένου</span> <span class='ocrx_word' id='word_1_71' title='bbox 674 984 690 1010; x_wconf 94' lang='grc'><strong>,</strong></span> <span class='ocrx_word' id='word_1_72' title='bbox 713 946 800 1017; x_wconf 79' lang='grc' dir='ltr'><strong>ἐφ’</strong></span> <span class='ocrx_word' id='word_1_73' title='bbox 837 946 990 1001; x_wconf 77' lang='grc' dir='ltr'>ὕδατι</span> <span class='ocrx_word' id='word_1_74' title='bbox 1021 946 1215 1013; x_wconf 80' lang='grc' dir='ltr'>ζῶντι,</span> <span class='ocrx_word' id='word_1_75' title='bbox 1250 948 1344 1002; x_wconf 74' lang='grc' dir='ltr'>καὶ</span> <span class='ocrx_word' id='word_1_76' title='bbox 1367 948 1686 1021; x_wconf 74' lang='grc' dir='ltr'>περιρρανεῖ</span> <span class='ocrx_word' id='word_1_77' title='bbox 1706 948 1765 1001; x_wconf 73' lang='lat' dir='ltr'><strong>tv</strong></span> <span class='ocrx_word' id='word_1_78' title='bbox 1782 947 1880 1000; x_wconf 80' lang='grc' dir='ltr'><strong>αὑ-</strong></span> 
     </span>
    </p>
   </div>
   <div class='ocr_carea' id='block_1_12' title="bbox 300 1037 1878 1111">
    <p class='ocr_par' dir='ltr' id='par_1_12' title="bbox 300 1037 1878 1111">
     <span class='ocr_line' id='line_1_12' title="bbox 300 1037 1878 1111; baseline 0.001 -20"><span class='ocrx_word' id='word_1_79' title='bbox 300 1041 417 1102; x_wconf 81' lang='grc' dir='ltr'>τοῖς</span> <span class='ocrx_word' id='word_1_80' title='bbox 444 1037 538 1091; x_wconf 77' lang='grc' dir='ltr'><strong>ἐπὶ</strong></span> <span class='ocrx_word' id='word_1_81' title='bbox 563 1038 663 1109; x_wconf 74' lang='grc' dir='ltr'>τὴν</span> <span class='ocrx_word' id='word_1_82' title='bbox 690 1039 868 1093; x_wconf 87' lang='grc' dir='ltr'>οίκίαν</span> <span class='ocrx_word' id='word_1_83' title='bbox 897 1040 1147 1104; x_wconf 76' lang='grc' dir='ltr'>ἑπτάκις.</span> <span class='ocrx_word' id='word_1_84' title='bbox 1184 1040 1294 1095; x_wconf 77' lang='grc' dir='ltr'><strong>Καὶ</strong></span> <span class='ocrx_word' id='word_1_85' title='bbox 1323 1042 1545 1111; x_wconf 82' lang='grc' dir='ltr'>ἀφανιεῖ</span> <span class='ocrx_word' id='word_1_86' title='bbox 1570 1039 1670 1111; x_wconf 80' lang='grc' dir='ltr'>τὴν</span> <span class='ocrx_word' id='word_1_87' title='bbox 1702 1039 1878 1093; x_wconf 85' lang='grc' dir='ltr'>οίκίαν</span> 
     </span>
    </p>
   </div>
   <div class='ocr_carea' id='block_1_13' title="bbox 300 1128 1875 1204">
    <p class='ocr_par' dir='ltr' id='par_1_13' title="bbox 300 1128 1875 1204">
     <span class='ocr_line' id='line_1_13' title="bbox 300 1128 1875 1204; baseline 0.003 -23"><span class='ocrx_word' id='word_1_88' title='bbox 300 1131 362 1182; x_wconf 74' lang='grc' dir='ltr'>ὲν</span> <span class='ocrx_word' id='word_1_89' title='bbox 389 1128 472 1198; x_wconf 80' lang='grc' dir='ltr'><strong>τῷ</strong></span> <span class='ocrx_word' id='word_1_90' title='bbox 500 1129 696 1198; x_wconf 80' lang='grc' dir='ltr'>αἵματι</span> <span class='ocrx_word' id='word_1_91' title='bbox 719 1129 814 1183; x_wconf 82' lang='grc' dir='ltr'>τοῦ</span> <span class='ocrx_word' id='word_1_92' title='bbox 841 1131 1080 1200; x_wconf 84' lang='grc' dir='ltr'>όρνιθίου</span> <span class='ocrx_word' id='word_1_93' title='bbox 1096 1173 1110 1196; x_wconf 89' lang='grc'><strong>,</strong></span> <span class='ocrx_word' id='word_1_94' title='bbox 1133 1133 1227 1187; x_wconf 83' lang='grc' dir='ltr'>κα¹ι</span> <span class='ocrx_word' id='word_1_95' title='bbox 1248 1134 1307 1189; x_wconf 73' lang='grc' dir='ltr'>ὲν</span> <span class='ocrx_word' id='word_1_96' title='bbox 1330 1133 1407 1204; x_wconf 86' lang='grc' dir='ltr'>τῷ</span> <span class='ocrx_word' id='word_1_97' title='bbox 1425 1131 1575 1187; x_wconf 79' lang='grc' dir='ltr'>ὕδατι</span> <span class='ocrx_word' id='word_1_98' title='bbox 1595 1131 1673 1202; x_wconf 81' lang='grc' dir='ltr'>τῷ</span> <span class='ocrx_word' id='word_1_99' title='bbox 1694 1129 1875 1198; x_wconf 77' lang='grc' dir='ltr'>ζῶντι,</span> 
     </span>
    </p>
   </div>
   <div class='ocr_carea' id='block_1_14' title="bbox 301 1219 1881 1296">
    <p class='ocr_par' dir='ltr' id='par_1_14' title="bbox 301 1219 1881 1296">
     <span class='ocr_line' id='line_1_14' title="bbox 301 1219 1881 1296; baseline 0.003 -24"><span class='ocrx_word' id='word_1_100' title='bbox 301 1219 399 1273; x_wconf 77' lang='grc' dir='ltr'>καὶ</span> <span class='ocrx_word' id='word_1_101' title='bbox 431 1223 491 1274; x_wconf 78' lang='grc' dir='ltr'>ὲν</span> <span class='ocrx_word' id='word_1_102' title='bbox 517 1220 596 1291; x_wconf 84' lang='grc' dir='ltr'><strong>τῷ</strong></span> <span class='ocrx_word' id='word_1_103' title='bbox 618 1220 761 1291; x_wconf 80' lang='grc' dir='ltr'><strong>ξύλῳ</strong></span> <span class='ocrx_word' id='word_1_104' title='bbox 796 1221 874 1293; x_wconf 82' lang='grc' dir='ltr'>τῷ</span> <span class='ocrx_word' id='word_1_105' title='bbox 905 1223 1139 1296; x_wconf 81' lang='grc' dir='ltr'>κεδρίνῳ</span> <span class='ocrx_word' id='word_1_106' title='bbox 1156 1262 1172 1288; x_wconf 94' lang='grc'><strong>,</strong></span> <span class='ocrx_word' id='word_1_107' title='bbox 1203 1224 1297 1278; x_wconf 76' lang='grc' dir='ltr'>καὶ</span> <span class='ocrx_word' id='word_1_108' title='bbox 1325 1225 1383 1277; x_wconf 73' lang='grc' dir='ltr'>ἑν</span> <span class='ocrx_word' id='word_1_109' title='bbox 1403 1226 1470 1295; x_wconf 78' lang='grc' dir='ltr'>τῇ</span> <span class='ocrx_word' id='word_1_110' title='bbox 1498 1221 1760 1293; x_wconf 80' lang='grc' dir='ltr'>ὑσσώπῳ,</span> <span class='ocrx_word' id='word_1_111' title='bbox 1785 1221 1881 1277; x_wconf 75' lang='grc' dir='ltr'>καὶ</span> 
     </span>
    </p>
   </div>
   <div class='ocr_carea' id='block_1_15' title="bbox 301 1306 1880 1384">
    <p class='ocr_par' dir='ltr' id='par_1_15' title="bbox 301 1306 1880 1384">
     <span class='ocr_line' id='line_1_15' title="bbox 301 1306 1880 1384; baseline 0.004 -25"><span class='ocrx_word' id='word_1_112' title='bbox 301 1309 362 1359; x_wconf 70' lang='grc' dir='ltr'>ιν</span> <span class='ocrx_word' id='word_1_113' title='bbox 382 1306 464 1377; x_wconf 82' lang='grc' dir='ltr'>τῷ</span> <span class='ocrx_word' id='word_1_114' title='bbox 485 1307 848 1381; x_wconf 78' lang='grc' dir='ltr'>κεκλωσμὲνῳ</span> <span class='ocrx_word' id='word_1_115' title='bbox 869 1313 1125 1383; x_wconf 83' lang='grc' dir='ltr'>κοκκίνῳ.</span> <span class='ocrx_word' id='word_1_116' title='bbox 1162 1328 1182 1365; x_wconf 73' lang='grc' dir='ltr'><strong>ι</strong></span> <span class='ocrx_word' id='word_1_117' title='bbox 1221 1312 1296 1366; x_wconf 70' lang='lat' dir='ltr'><strong>Uti</strong></span> <span class='ocrx_word' id='word_1_118' title='bbox 1322 1311 1428 1384; x_wconf 90' lang='lat'><strong>7&amp;9</strong></span> <span class='ocrx_word' id='word_1_119' title='bbox 1469 1311 1670 1384; x_wconf 73' lang='grc' dir='ltr'>ἑτέρως</span> <span class='ocrx_word' id='word_1_120' title='bbox 1719 1310 1880 1365; x_wconf 80' lang='grc' dir='ltr'>δόνα-</span> 
     </span>
    </p>
   </div>
   <div class='ocr_carea' id='block_1_16' title="bbox 304 1397 1882 1473">
    <p class='ocr_par' dir='ltr' id='par_1_16' title="bbox 304 1397 1882 1473">
     <span class='ocr_line' id='line_1_16' title="bbox 304 1397 1882 1473; baseline 0.003 -23"><span class='ocrx_word' id='word_1_121' title='bbox 304 1397 428 1451; x_wconf 85' lang='grc' dir='ltr'>σθαι</span> <span class='ocrx_word' id='word_1_122' title='bbox 458 1397 562 1468; x_wconf 79' lang='grc' dir='ltr'>τὴν</span> <span class='ocrx_word' id='word_1_123' title='bbox 600 1397 710 1455; x_wconf 82' lang='grc' dir='ltr'><strong>τῶν</strong></span> <span class='ocrx_word' id='word_1_124' title='bbox 733 1400 1000 1462; x_wconf 84' lang='grc' dir='ltr'>Ἰουδαίων</span> <span class='ocrx_word' id='word_1_125' title='bbox 1027 1403 1358 1473; x_wconf 80' lang='grc' dir='ltr'>Συναγωγὴν</span> <span class='ocrx_word' id='word_1_126' title='bbox 1393 1402 1486 1457; x_wconf 81' lang='grc' dir='ltr'>τὸν</span> <span class='ocrx_word' id='word_1_127' title='bbox 1510 1402 1570 1469; x_wconf 67' lang='grc' dir='ltr'><strong>ἐξ</strong></span> <span class='ocrx_word' id='word_1_128' title='bbox 1601 1401 1882 1466; x_wconf 74' lang='grc' dir='ltr'><strong>ἀπειθείας</strong></span> 
     </span>
    </p>
   </div>
   <div class='ocr_carea' id='block_1_17' title="bbox 300 1486 1881 1563">
    <p class='ocr_par' dir='ltr' id='par_1_17' title="bbox 300 1486 1881 1563">
     <span class='ocr_line' id='line_1_17' title="bbox 300 1486 1881 1563; baseline 0.003 -23"><span class='ocrx_word' id='word_1_129' title='bbox 300 1486 718 1557; x_wconf 79' lang='grc' dir='ltr'>ἀποπλύνασθαι</span> <span class='ocrx_word' id='word_1_130' title='bbox 767 1490 1078 1563; x_wconf 74' lang='grc' dir='ltr'><strong>μολυσμὸν,</strong></span> <span class='ocrx_word' id='word_1_131' title='bbox 1106 1494 1201 1547; x_wconf 80' lang='grc' dir='ltr'>καὶ</span> <span class='ocrx_word' id='word_1_132' title='bbox 1236 1492 1336 1563; x_wconf 77' lang='grc' dir='ltr'>τὴν</span> <span class='ocrx_word' id='word_1_133' title='bbox 1368 1494 1432 1546; x_wconf 74' lang='grc' dir='ltr'>ὲκ</span> <span class='ocrx_word' id='word_1_134' title='bbox 1472 1492 1580 1545; x_wconf 82' lang='grc' dir='ltr'><strong>τῶν</strong></span> <span class='ocrx_word' id='word_1_135' title='bbox 1623 1491 1881 1545; x_wconf 78' lang='grc' dir='ltr'>ποικίλων</span> 
     </span>
    </p>
   </div>
   <div class='ocr_carea' id='block_1_18' title="bbox 303 1579 1884 1654">
    <p class='ocr_par' dir='ltr' id='par_1_18' title="bbox 303 1579 1884 1654">
     <span class='ocr_line' id='line_1_18' title="bbox 303 1579 1884 1654; baseline 0.003 -23"><span class='ocrx_word' id='word_1_136' title='bbox 303 1579 796 1650; x_wconf 76' lang='grc' dir='ltr'><strong>πλημμελημάτων</strong></span> <span class='ocrx_word' id='word_1_137' title='bbox 825 1581 1124 1637; x_wconf 85' lang='grc' dir='ltr'>ἀποθέσθαι</span> <span class='ocrx_word' id='word_1_138' title='bbox 1153 1582 1373 1653; x_wconf 83' lang='grc' dir='ltr'>κηλίδα,</span> <span class='ocrx_word' id='word_1_139' title='bbox 1396 1582 1557 1637; x_wconf 77' lang='grc' dir='ltr'>πάλιν</span> <span class='ocrx_word' id='word_1_140' title='bbox 1574 1584 1704 1654; x_wconf 74' lang='grc' dir='ltr'>ἡμῖν</span> <span class='ocrx_word' id='word_1_141' title='bbox 1735 1584 1766 1636; x_wconf 85' lang='grc' dir='ltr'><strong>ό</strong></span> <span class='ocrx_word' id='word_1_142' title='bbox 1796 1581 1884 1636; x_wconf 91' lang='grc' dir='ltr'>νό-</span> 
     </span>
    </p>
   </div>
   <div class='ocr_carea' id='block_1_19' title="bbox 307 1670 1882 1745">
    <p class='ocr_par' dir='ltr' id='par_1_19' title="bbox 307 1670 1882 1745">
     <span class='ocr_line' id='line_1_19' title="bbox 307 1670 1882 1745; baseline 0.002 -23"><span class='ocrx_word' id='word_1_143' title='bbox 307 1686 407 1739; x_wconf 82' lang='grc' dir='ltr'><strong>μος</strong></span> <span class='ocrx_word' id='word_1_144' title='bbox 453 1670 742 1740; x_wconf 82' lang='grc' dir='ltr'>ὑποδηλοῐ,</span> <span class='ocrx_word' id='word_1_145' title='bbox 772 1673 821 1726; x_wconf 87' lang='grc' dir='ltr'>εἰ</span> <span class='ocrx_word' id='word_1_146' title='bbox 853 1672 928 1745; x_wconf 80' lang='grc' dir='ltr'>μὴ</span> <span class='ocrx_word' id='word_1_147' title='bbox 954 1672 1045 1727; x_wconf 78' lang='grc' dir='ltr'>διὰ</span> <span class='ocrx_word' id='word_1_148' title='bbox 1088 1674 1255 1744; x_wconf 85' lang='grc' dir='ltr'>μόνης</span> <span class='ocrx_word' id='word_1_149' title='bbox 1287 1673 1538 1743; x_wconf 78' lang='grc' dir='ltr'><strong>εὐλογίας</strong></span> <span class='ocrx_word' id='word_1_150' title='bbox 1581 1672 1682 1743; x_wconf 82' lang='grc' dir='ltr'>τῆς</span> <span class='ocrx_word' id='word_1_151' title='bbox 1727 1671 1882 1743; x_wconf 86' lang='grc' dir='ltr'><strong>παρά</strong></span> 
     </span>
    </p>
   </div>
   <div class='ocr_carea' id='block_1_20' title="bbox 1981 484 3551 557">
    <p class='ocr_par' dir='ltr' id='par_1_20' title="bbox 1981 484 3551 557">
     <span class='ocr_line' id='line_1_20' title="bbox 1981 484 3551 557; baseline 0.001 -16"><span class='ocrx_word' id='word_1_152' title='bbox 1981 486 2297 557; x_wconf 80' lang='lat' dir='ltr'><strong>hyssopum,</strong></span> <span class='ocrx_word' id='word_1_153' title='bbox 2322 495 2380 540; x_wconf 91' lang='lat' dir='ltr'><strong>et</strong></span> <span class='ocrx_word' id='word_1_154' title='bbox 2416 486 2588 557; x_wconf 88' lang='lat' dir='ltr'><strong>tinget</strong></span> <span class='ocrx_word' id='word_1_155' title='bbox 2626 500 2692 541; x_wconf 88' lang='lat' dir='ltr'><strong>ea</strong></span> <span class='ocrx_word' id='word_1_156' title='bbox 2727 485 2783 540; x_wconf 90' lang='lat' dir='ltr'><strong>in</strong></span> <span class='ocrx_word' id='word_1_157' title='bbox 2835 486 3098 554; x_wconf 83' lang='lat' dir='ltr'><strong>sanguine</strong></span> <span class='ocrx_word' id='word_1_158' title='bbox 3126 484 3354 540; x_wconf 65' lang='lat' dir='ltr'><strong>avicula.</strong></span> <span class='ocrx_word' id='word_1_159' title='bbox 3390 487 3551 557; x_wconf 81' lang='lat' dir='ltr'><strong>jugu-</strong></span> 
     </span>
    </p>
   </div>
   <div class='ocr_carea' id='block_1_21' title="bbox 1980 574 3550 646">
    <p class='ocr_par' dir='ltr' id='par_1_21' title="bbox 1980 574 3550 646">
     <span class='ocr_line' id='line_1_21' title="bbox 1980 574 3550 646; baseline 0.001 -15"><span class='ocrx_word' id='word_1_160' title='bbox 1980 574 2103 631; x_wconf 75' lang='lat' dir='ltr'><strong>lala:</strong></span> <span class='ocrx_word' id='word_1_161' title='bbox 2132 575 2189 629; x_wconf 93' lang='lat' dir='ltr'><strong>in</strong></span> <span class='ocrx_word' id='word_1_162' title='bbox 2214 590 2355 645; x_wconf 83' lang='lat' dir='ltr'><strong>aqua</strong></span> <span class='ocrx_word' id='word_1_163' title='bbox 2372 574 2602 640; x_wconf 79' lang='lat' dir='ltr'><strong>fervida,</strong></span> <span class='ocrx_word' id='word_1_164' title='bbox 2636 583 2696 631; x_wconf 91' lang='lat' dir='ltr'><strong>et</strong></span> <span class='ocrx_word' id='word_1_165' title='bbox 2716 582 2970 646; x_wconf 87' lang='lat' dir='ltr'><strong>asperget</strong></span> <span class='ocrx_word' id='word_1_166' title='bbox 2993 575 3051 630; x_wconf 92' lang='lat' dir='ltr'><strong>in</strong></span> <span class='ocrx_word' id='word_1_167' title='bbox 3086 575 3169 630; x_wconf 90' lang='lat' dir='ltr'><strong>eis</strong></span> <span class='ocrx_word' id='word_1_168' title='bbox 3189 575 3415 631; x_wconf 87' lang='lat' dir='ltr'><strong>domum</strong></span> <span class='ocrx_word' id='word_1_169' title='bbox 3458 592 3550 632; x_wconf 87' lang='lat' dir='ltr'><strong>se-</strong></span> 
     </span>
    </p>
   </div>
   <div class='ocr_carea' id='block_1_22' title="bbox 1978 665 3549 737">
    <p class='ocr_par' dir='ltr' id='par_1_22' title="bbox 1978 665 3549 737">
     <span class='ocr_line' id='line_1_22' title="bbox 1978 665 3549 737; baseline 0.003 -18"><span class='ocrx_word' id='word_1_170' title='bbox 1978 666 2142 737; x_wconf 90' lang='lat' dir='ltr'><strong>pties.</strong></span> <span class='ocrx_word' id='word_1_171' title='bbox 2182 666 2250 721; x_wconf 88' lang='lat' dir='ltr'><strong>Et</strong></span> <span class='ocrx_word' id='word_1_172' title='bbox 2279 665 2594 737; x_wconf 88' lang='lat' dir='ltr'><strong>puriﬁcabit</strong></span> <span class='ocrx_word' id='word_1_173' title='bbox 2625 667 2850 722; x_wconf 90' lang='lat' dir='ltr'><strong>domum</strong></span> <span class='ocrx_word' id='word_1_174' title='bbox 2886 667 2942 721; x_wconf 92' lang='lat' dir='ltr'><strong>in</strong></span> <span class='ocrx_word' id='word_1_175' title='bbox 2995 666 3259 737; x_wconf 75' lang='lat' dir='ltr'><strong>sanguine</strong></span> <span class='ocrx_word' id='word_1_176' title='bbox 3299 667 3549 733; x_wconf 73' lang='lat' dir='ltr'><strong>aviculae,</strong></span> 
     </span>
    </p>
   </div>
   <div class='ocr_carea' id='block_1_23' title="bbox 1977 757 3554 831">
    <p class='ocr_par' dir='ltr' id='par_1_23' title="bbox 1977 757 3554 831">
     <span class='ocr_line' id='line_1_23' title="bbox 1977 757 3554 831; baseline 0.001 -18"><span class='ocrx_word' id='word_1_177' title='bbox 1977 766 2035 813; x_wconf 90' lang='lat' dir='ltr'><strong>et</strong></span> <span class='ocrx_word' id='word_1_178' title='bbox 2066 758 2126 813; x_wconf 92' lang='lat' dir='ltr'><strong>in</strong></span> <span class='ocrx_word' id='word_1_179' title='bbox 2167 772 2310 828; x_wconf 88' lang='lat' dir='ltr'><strong>aqua</strong></span> <span class='ocrx_word' id='word_1_180' title='bbox 2331 758 2560 824; x_wconf 77' lang='lat' dir='ltr'><strong>viventi,</strong></span> <span class='ocrx_word' id='word_1_181' title='bbox 2605 767 2664 814; x_wconf 90' lang='lat' dir='ltr'><strong>et</strong></span> <span class='ocrx_word' id='word_1_182' title='bbox 2705 759 2762 814; x_wconf 90' lang='lat' dir='ltr'><strong>in</strong></span> <span class='ocrx_word' id='word_1_183' title='bbox 2782 758 2931 829; x_wconf 85' lang='lat' dir='ltr'><strong>ligno</strong></span> <span class='ocrx_word' id='word_1_184' title='bbox 2986 757 3233 823; x_wconf 87' lang='lat' dir='ltr'><strong>cedrino,</strong></span> <span class='ocrx_word' id='word_1_185' title='bbox 3262 760 3399 814; x_wconf 87' lang='lat' dir='ltr'><strong>etin</strong></span> <span class='ocrx_word' id='word_1_186' title='bbox 3426 760 3554 831; x_wconf 81' lang='lat' dir='ltr'><strong>hys-</strong></span> 
     </span>
    </p>
   </div>
   <div class='ocr_carea' id='block_1_24' title="bbox 1978 849 3550 920">
    <p class='ocr_par' dir='ltr' id='par_1_24' title="bbox 1978 849 3550 920">
     <span class='ocr_line' id='line_1_24' title="bbox 1978 849 3550 920; baseline 0 -17"><span class='ocrx_word' id='word_1_187' title='bbox 1978 862 2134 919; x_wconf 82' lang='lat' dir='ltr'><strong>sopo,</strong></span> <span class='ocrx_word' id='word_1_188' title='bbox 2168 849 2313 904; x_wconf 89' lang='lat' dir='ltr'><strong>etin</strong></span> <span class='ocrx_word' id='word_1_189' title='bbox 2367 849 2595 905; x_wconf 82' lang='lat' dir='ltr'><strong>coccino</strong></span> <span class='ocrx_word' id='word_1_190' title='bbox 2640 850 3048 920; x_wconf 83' lang='lat' dir='ltr'><strong>conglomerato</strong></span> <span class='ocrx_word' id='word_1_191' title='bbox 3073 849 3141 904; x_wconf 78' lang='grc'><strong>⁸⁷.</strong></span> <span class='ocrx_word' id='word_1_192' title='bbox 3166 868 3186 901; x_wconf 69' lang='grc' dir='ltr'><strong><em>ο</em></strong></span> <span class='ocrx_word' id='word_1_193' title='bbox 3230 849 3350 904; x_wconf 82' lang='lat' dir='ltr'><strong>Non</strong></span> <span class='ocrx_word' id='word_1_194' title='bbox 3400 850 3550 905; x_wconf 89' lang='lat' dir='ltr'><strong>enim</strong></span> 
     </span>
    </p>
   </div>
   <div class='ocr_carea' id='block_1_25' title="bbox 1978 937 3555 1011">
    <p class='ocr_par' dir='ltr' id='par_1_25' title="bbox 1978 937 3555 1011">
     <span class='ocr_line' id='line_1_25' title="bbox 1978 937 3555 1011; baseline 0.002 -19"><span class='ocrx_word' id='word_1_195' title='bbox 1978 937 2139 993; x_wconf 95' lang='lat' dir='ltr'><strong>aliter</strong></span> <span class='ocrx_word' id='word_1_196' title='bbox 2180 939 2424 1009; x_wconf 87' lang='lat' dir='ltr'><strong>potuisse</strong></span> <span class='ocrx_word' id='word_1_197' title='bbox 2444 938 2759 995; x_wconf 69' lang='lat' dir='ltr'><strong>Judaeorum</strong></span> <span class='ocrx_word' id='word_1_198' title='bbox 2783 939 3121 1011; x_wconf 86' lang='lat' dir='ltr'><strong>Synagogam</strong></span> <span class='ocrx_word' id='word_1_199' title='bbox 3160 940 3231 995; x_wconf 85' lang='lat' dir='ltr'><strong>ab</strong></span> <span class='ocrx_word' id='word_1_200' title='bbox 3260 939 3555 995; x_wconf 88' lang='lat' dir='ltr'><strong>inﬁdelita—</strong></span> 
     </span>
    </p>
   </div>
   <div class='ocr_carea' id='block_1_26' title="bbox 1980 1028 3553 1097">
    <p class='ocr_par' dir='ltr' id='par_1_26' title="bbox 1980 1028 3553 1097">
     <span class='ocr_line' id='line_1_26' title="bbox 1980 1028 3553 1097; baseline 0.001 -11"><span class='ocrx_word' id='word_1_201' title='bbox 1980 1028 2051 1086; x_wconf 84' lang='lat' dir='ltr'><strong>tis</strong></span> <span class='ocrx_word' id='word_1_202' title='bbox 2096 1030 2356 1087; x_wconf 75' lang='lat' dir='ltr'><strong>sordibus</strong></span> <span class='ocrx_word' id='word_1_203' title='bbox 2410 1031 2583 1097; x_wconf 82' lang='lat' dir='ltr'><strong>ablui,</strong></span> <span class='ocrx_word' id='word_1_204' title='bbox 2614 1038 2722 1087; x_wconf 90' lang='lat' dir='ltr'><strong>eta</strong></span> <span class='ocrx_word' id='word_1_205' title='bbox 2762 1032 2929 1088; x_wconf 88' lang='lat' dir='ltr'><strong>variis</strong></span> <span class='ocrx_word' id='word_1_206' title='bbox 2954 1032 3282 1087; x_wconf 70' lang='lat' dir='ltr'><strong>delictorum</strong></span> <span class='ocrx_word' id='word_1_207' title='bbox 3323 1031 3553 1087; x_wconf 82' lang='lat' dir='ltr'><strong>maculis</strong></span> 
     </span>
    </p>
   </div>
   <div class='ocr_carea' id='block_1_27' title="bbox 1980 1121 3551 1193">
    <p class='ocr_par' dir='ltr' id='par_1_27' title="bbox 1980 1121 3551 1193">
     <span class='ocr_line' id='line_1_27' title="bbox 1980 1121 3551 1193; baseline 0 -16"><span class='ocrx_word' id='word_1_208' title='bbox 1980 1121 2284 1193; x_wconf 82' lang='lat' dir='ltr'><strong>detergeri,</strong></span> <span class='ocrx_word' id='word_1_209' title='bbox 2339 1139 2562 1180; x_wconf 82' lang='lat' dir='ltr'><strong>rursum</strong></span> <span class='ocrx_word' id='word_1_210' title='bbox 2607 1125 2770 1181; x_wconf 90' lang='lat' dir='ltr'><strong>nobis</strong></span> <span class='ocrx_word' id='word_1_211' title='bbox 2809 1124 2899 1179; x_wconf 90' lang='lat' dir='ltr'><strong>lex</strong></span> <span class='ocrx_word' id='word_1_212' title='bbox 2948 1123 3242 1188; x_wconf 83' lang='lat' dir='ltr'><strong>ostendat,</strong></span> <span class='ocrx_word' id='word_1_213' title='bbox 3288 1123 3396 1178; x_wconf 86' lang='lat' dir='ltr'><strong>nisi</strong></span> <span class='ocrx_word' id='word_1_214' title='bbox 3436 1123 3551 1178; x_wconf 86' lang='lat' dir='ltr'><strong>sola</strong></span> 
     </span>
    </p>
   </div>
   <div class='ocr_carea' id='block_1_28' title="bbox 1979 1210 3554 1287">
    <p class='ocr_par' dir='ltr' id='par_1_28' title="bbox 1979 1210 3554 1287">
     <span class='ocr_line' id='line_1_28' title="bbox 1979 1210 3554 1287; baseline 0.001 -19"><span class='ocrx_word' id='word_1_215' title='bbox 1979 1210 2186 1270; x_wconf 86' lang='lat' dir='ltr'><strong>Christi</strong></span> <span class='ocrx_word' id='word_1_216' title='bbox 2207 1214 2613 1281; x_wconf 85' lang='lat' dir='ltr'><strong>benedictione,</strong></span> <span class='ocrx_word' id='word_1_217' title='bbox 2654 1225 2818 1286; x_wconf 88' lang='lat' dir='ltr'><strong>atque</strong></span> <span class='ocrx_word' id='word_1_218' title='bbox 2843 1214 3009 1287; x_wconf 68' lang='lat'><strong>388</strong></span> <span class='ocrx_word' id='word_1_219' title='bbox 3052 1214 3109 1269; x_wconf 91' lang='lat' dir='ltr'><strong>in</strong></span> <span class='ocrx_word' id='word_1_220' title='bbox 3143 1228 3271 1269; x_wconf 85' lang='lat' dir='ltr'><strong>eum</strong></span> <span class='ocrx_word' id='word_1_221' title='bbox 3338 1212 3554 1269; x_wconf 77' lang='lat' dir='ltr'><strong>confes-</strong></span> 
     </span>
    </p>
   </div>
   <div class='ocr_carea' id='block_1_29' title="bbox 1978 1304 3554 1375">
    <p class='ocr_par' dir='ltr' id='par_1_29' title="bbox 1978 1304 3554 1375">
     <span class='ocr_line' id='line_1_29' title="bbox 1978 1304 3554 1375; baseline 0 -16"><span class='ocrx_word' id='word_1_222' title='bbox 1978 1304 2136 1360; x_wconf 87' lang='lat' dir='ltr'><strong>sione</strong></span> <span class='ocrx_word' id='word_1_223' title='bbox 2172 1318 2237 1360; x_wconf 88' lang='lat' dir='ltr'><strong>ac</strong></span> <span class='ocrx_word' id='word_1_224' title='bbox 2265 1304 2406 1371; x_wconf 90' lang='lat' dir='ltr'><strong>ﬁde,</strong></span> <span class='ocrx_word' id='word_1_225' title='bbox 2440 1305 2683 1375; x_wconf 79' lang='lat' dir='ltr'><strong>perfecta</strong></span> <span class='ocrx_word' id='word_1_226' title='bbox 2701 1306 2962 1362; x_wconf 88' lang='lat' dir='ltr'><strong>nimirum</strong></span> <span class='ocrx_word' id='word_1_227' title='bbox 2995 1313 3053 1360; x_wconf 90' lang='lat' dir='ltr'><strong>et</strong></span> <span class='ocrx_word' id='word_1_228' title='bbox 3076 1304 3408 1360; x_wconf 80' lang='lat' dir='ltr'><strong>sanctiﬁcata</strong></span> <span class='ocrx_word' id='word_1_229' title='bbox 3453 1320 3554 1375; x_wconf 89' lang='lat' dir='ltr'><strong>per</strong></span> 
     </span>
    </p>
   </div>
   <div class='ocr_carea' id='block_1_30' title="bbox 1980 1396 3555 1467">
    <p class='ocr_par' dir='ltr' id='par_1_30' title="bbox 1980 1396 3555 1467">
     <span class='ocr_line' id='line_1_30' title="bbox 1980 1396 3555 1467; baseline 0 -17"><span class='ocrx_word' id='word_1_230' title='bbox 1980 1402 2232 1451; x_wconf 88' lang='lat' dir='ltr'><strong>sanctum</strong></span> <span class='ocrx_word' id='word_1_231' title='bbox 2260 1397 2548 1467; x_wconf 84' lang='lat' dir='ltr'><strong>baptisma.</strong></span> <span class='ocrx_word' id='word_1_232' title='bbox 2573 1398 2814 1454; x_wconf 83' lang='lat' dir='ltr'><strong>Observa</strong></span> <span class='ocrx_word' id='word_1_233' title='bbox 2840 1397 3025 1467; x_wconf 84' lang='lat' dir='ltr'><strong>itaque</strong></span> <span class='ocrx_word' id='word_1_234' title='bbox 3051 1405 3112 1451; x_wconf 90' lang='lat' dir='ltr'><strong>ut</strong></span> <span class='ocrx_word' id='word_1_235' title='bbox 3144 1396 3305 1451; x_wconf 89' lang='lat' dir='ltr'><strong>nobis</strong></span> <span class='ocrx_word' id='word_1_236' title='bbox 3342 1397 3555 1465; x_wconf 90' lang='lat' dir='ltr'><strong>integer</strong></span> 
     </span>
    </p>
   </div>
   <div class='ocr_carea' id='block_1_31' title="bbox 1978 1486 3554 1562">
    <p class='ocr_par' dir='ltr' id='par_1_31' title="bbox 1978 1486 3554 1562">
     <span class='ocr_line' id='line_1_31' title="bbox 1978 1486 3554 1562; baseline 0 -20"><span class='ocrx_word' id='word_1_237' title='bbox 1978 1501 2049 1542; x_wconf 84' lang='lat' dir='ltr'><strong>ex</strong></span> <span class='ocrx_word' id='word_1_238' title='bbox 2069 1486 2233 1544; x_wconf 87' lang='lat' dir='ltr'><strong>dictis</strong></span> <span class='ocrx_word' id='word_1_239' title='bbox 2259 1487 2513 1546; x_wconf 86' lang='lat' dir='ltr'><strong>Christus</strong></span> <span class='ocrx_word' id='word_1_240' title='bbox 2527 1490 2862 1562; x_wconf 79' lang='lat' dir='ltr'><strong>depingitur,</strong></span> <span class='ocrx_word' id='word_1_241' title='bbox 2895 1499 2953 1546; x_wconf 92' lang='lat' dir='ltr'><strong>et</strong></span> <span class='ocrx_word' id='word_1_242' title='bbox 2979 1490 3035 1544; x_wconf 92' lang='lat' dir='ltr'><strong>in</strong></span> <span class='ocrx_word' id='word_1_243' title='bbox 3058 1504 3186 1544; x_wconf 91' lang='lat' dir='ltr'><strong>eum</strong></span> <span class='ocrx_word' id='word_1_244' title='bbox 3217 1488 3354 1545; x_wconf 86' lang='lat' dir='ltr'><strong>ﬁdes</strong></span> <span class='ocrx_word' id='word_1_245' title='bbox 3388 1495 3554 1558; x_wconf 87' lang='lat' dir='ltr'><strong>atque</strong></span> 
     </span>
    </p>
   </div>
   <div class='ocr_carea' id='block_1_32' title="bbox 1981 1578 3552 1637">
    <p class='ocr_par' dir='ltr' id='par_1_32' title="bbox 1981 1578 3552 1637">
     <span class='ocr_line' id='line_1_32' title="bbox 1981 1578 3552 1637; baseline 0.001 -5"><span class='ocrx_word' id='word_1_246' title='bbox 1981 1578 2253 1635; x_wconf 80' lang='lat' dir='ltr'><strong>confessio</strong></span> <span class='ocrx_word' id='word_1_247' title='bbox 2276 1580 2609 1636; x_wconf 89' lang='lat' dir='ltr'><strong>ostenditur.</strong></span> <span class='ocrx_word' id='word_1_248' title='bbox 2649 1582 2711 1637; x_wconf 88' lang='lat' dir='ltr'><strong>In</strong></span> <span class='ocrx_word' id='word_1_249' title='bbox 2740 1581 2954 1637; x_wconf 80' lang='lat' dir='ltr'><strong>avicula</strong></span> <span class='ocrx_word' id='word_1_250' title='bbox 2987 1580 3197 1635; x_wconf 90' lang='lat' dir='ltr'><strong>etenim</strong></span> <span class='ocrx_word' id='word_1_251' title='bbox 3245 1580 3372 1635; x_wconf 82' lang='lat' dir='ltr'><strong>viva</strong></span> <span class='ocrx_word' id='word_1_252' title='bbox 3403 1594 3552 1635; x_wconf 84' lang='lat' dir='ltr'><strong>sem-</strong></span> 
     </span>
    </p>
   </div>
   <div class='ocr_carea' id='block_1_33' title="bbox 1981 1669 3553 1738">
    <p class='ocr_par' dir='ltr' id='par_1_33' title="bbox 1981 1669 3553 1738">
     <span class='ocr_line' id='line_1_33' title="bbox 1981 1669 3553 1738; baseline 0.003 -16"><span class='ocrx_word' id='word_1_253' title='bbox 1981 1683 2082 1738; x_wconf 86' lang='lat' dir='ltr'><strong>per</strong></span> <span class='ocrx_word' id='word_1_254' title='bbox 2111 1669 2302 1726; x_wconf 86' lang='lat' dir='ltr'><strong>vivens</strong></span> <span class='ocrx_word' id='word_1_255' title='bbox 2340 1680 2398 1727; x_wconf 92' lang='lat' dir='ltr'><strong>et</strong></span> <span class='ocrx_word' id='word_1_256' title='bbox 2421 1672 2707 1729; x_wconf 87' lang='lat' dir='ltr'><strong>viviﬁcans</strong></span> <span class='ocrx_word' id='word_1_257' title='bbox 2730 1688 2794 1727; x_wconf 90' lang='lat' dir='ltr'><strong>ac</strong></span> <span class='ocrx_word' id='word_1_258' title='bbox 2824 1673 3045 1728; x_wconf 66' lang='lat' dir='ltr'><strong>caeleste</strong></span> <span class='ocrx_word' id='word_1_259' title='bbox 3073 1672 3313 1729; x_wconf 84' lang='lat' dir='ltr'><strong>Verbum</strong></span> <span class='ocrx_word' id='word_1_260' title='bbox 3345 1672 3553 1727; x_wconf 88' lang='lat' dir='ltr'><strong>intelli—</strong></span> 
     </span>
    </p>
   </div>
   <div class='ocr_carea' id='block_1_34' title="bbox 305 1744 1881 1845">
    <p class='ocr_par' dir='ltr' id='par_1_34' title="bbox 305 1744 1877 1834">
     <span class='ocr_line' id='line_1_34' title="bbox 305 1744 1877 1834; baseline 0.001 -22"><span class='ocrx_word' id='word_1_261' title='bbox 305 1759 546 1829; x_wconf 82' lang='grc' dir='ltr'><strong>Χριστοῦ</strong></span> <span class='ocrx_word' id='word_1_262' title='bbox 564 1800 581 1825; x_wconf 93' lang='grc'><strong>,</strong></span> <span class='ocrx_word' id='word_1_263' title='bbox 613 1761 708 1814; x_wconf 75' lang='grc' dir='ltr'><strong>καὶ</strong></span> <span class='ocrx_word' id='word_1_264' title='bbox 733 1761 833 1832; x_wconf 84' lang='grc' dir='ltr'>τῆς</span> <span class='ocrx_word' id='word_1_265' title='bbox 872 1744 953 1826; x_wconf 84' lang='grc' dir='ltr'><strong>εἰς</strong></span> <span class='ocrx_word' id='word_1_266' title='bbox 986 1761 1150 1816; x_wconf 81' lang='grc' dir='ltr'>αὑτὸν</span> <span class='ocrx_word' id='word_1_267' title='bbox 1175 1763 1464 1834; x_wconf 78' lang='grc' dir='ltr'>ὁμολογίας</span> <span class='ocrx_word' id='word_1_268' title='bbox 1496 1763 1592 1817; x_wconf 75' lang='grc' dir='ltr'>καὶ</span> <span class='ocrx_word' id='word_1_269' title='bbox 1619 1761 1877 1828; x_wconf 78' lang='grc' dir='ltr'>πίστεως,</span> 
     </span>
    </p>
   </div>
   <div class='ocr_carea' id='block_1_35' title="bbox 1979 1744 3554 1845">
    <p class='ocr_par' dir='ltr' id='par_1_35' title="bbox 1979 1759 3554 1845">
     <span class='ocr_line' id='line_1_35' title="bbox 1979 1759 3554 1845; baseline 0.003 -31"><span class='ocrx_word' id='word_1_270' title='bbox 1979 1773 2079 1830; x_wconf 83' lang='lat' dir='ltr'><strong>gas</strong></span> <span class='ocrx_word' id='word_1_271' title='bbox 2116 1776 2131 1814; x_wconf 90' lang='lat'><strong>:</strong></span> <span class='ocrx_word' id='word_1_272' title='bbox 2170 1759 2230 1816; x_wconf 87' lang='lat' dir='ltr'><strong>in</strong></span> <span class='ocrx_word' id='word_1_273' title='bbox 2285 1769 2522 1818; x_wconf 88' lang='lat' dir='ltr'><strong>mactata</strong></span> <span class='ocrx_word' id='word_1_274' title='bbox 2570 1779 2704 1819; x_wconf 89' lang='lat' dir='ltr'><strong>vero</strong></span> <span class='ocrx_word' id='word_1_275' title='bbox 2750 1764 2987 1830; x_wconf 83' lang='lat' dir='ltr'><strong>avicula,</strong></span> <span class='ocrx_word' id='word_1_276' title='bbox 3034 1764 3338 1845; x_wconf 78' lang='lat' dir='ltr'><strong>pretiosum</strong></span> <span class='ocrx_word' id='word_1_277' title='bbox 3364 1763 3554 1833; x_wconf 79' lang='lat' dir='ltr'><strong>templi</strong></span> 
     </span>
    </p>
   </div>
   <div class='ocr_carea' id='block_1_36' title="bbox 302 1849 1881 1925">
    <p class='ocr_par' dir='ltr' id='par_1_36' title="bbox 302 1849 1881 1925">
     <span class='ocr_line' id='line_1_36' title="bbox 302 1849 1881 1925; baseline 0.001 -22"><span class='ocrx_word' id='word_1_278' title='bbox 302 1849 693 1923; x_wconf 71' lang='grc' dir='ltr'>τελειουμένης</span> <span class='ocrx_word' id='word_1_279' title='bbox 717 1851 957 1923; x_wconf 83' lang='grc' dir='ltr'>δηλονότι</span> <span class='ocrx_word' id='word_1_280' title='bbox 980 1853 1077 1907; x_wconf 77' lang='grc' dir='ltr'><strong>καὶ</strong></span> <span class='ocrx_word' id='word_1_281' title='bbox 1097 1852 1461 1925; x_wconf 74' lang='grc' dir='ltr'>ἀγιαζομένης</span> <span class='ocrx_word' id='word_1_282' title='bbox 1491 1852 1580 1907; x_wconf 88' lang='grc' dir='ltr'><strong>διά</strong></span> <span class='ocrx_word' id='word_1_283' title='bbox 1605 1850 1701 1907; x_wconf 83' lang='grc' dir='ltr'>τοῦ</span> <span class='ocrx_word' id='word_1_284' title='bbox 1736 1850 1881 1922; x_wconf 81' lang='grc' dir='ltr'>βαπ-</span> 
     </span>
    </p>
   </div>
   <div class='ocr_carea' id='block_1_37' title="bbox 301 1942 1883 2019">
    <p class='ocr_par' dir='ltr' id='par_1_37' title="bbox 301 1942 1883 2019">
     <span class='ocr_line' id='line_1_37' title="bbox 301 1942 1883 2019; baseline 0.002 -24"><span class='ocrx_word' id='word_1_285' title='bbox 301 1942 569 2013; x_wconf 83' lang='grc' dir='ltr'>τίσματος</span> <span class='ocrx_word' id='word_1_286' title='bbox 600 1942 696 1996; x_wconf 81' lang='grc' dir='ltr'><strong>τοῦ</strong></span> <span class='ocrx_word' id='word_1_287' title='bbox 743 1943 921 2013; x_wconf 79' lang='grc' dir='ltr'>ἁγίου.</span> <span class='ocrx_word' id='word_1_288' title='bbox 983 1945 1269 2016; x_wconf 84' lang='grc' dir='ltr'>Ἐπιτήρει</span> <span class='ocrx_word' id='word_1_289' title='bbox 1310 1946 1418 2019; x_wconf 86' lang='lat'><strong>7&amp;9</strong></span> <span class='ocrx_word' id='word_1_290' title='bbox 1463 1946 1612 2009; x_wconf 79' lang='grc' dir='ltr'>ὅπως</span> <span class='ocrx_word' id='word_1_291' title='bbox 1651 1944 1742 2000; x_wconf 79' lang='grc' dir='ltr'><strong>διὰ</strong></span> <span class='ocrx_word' id='word_1_292' title='bbox 1772 1942 1883 1998; x_wconf 82' lang='grc' dir='ltr'><strong>τῶν</strong></span> 
     </span>
    </p>
   </div>
   <div class='ocr_carea' id='block_1_38' title="bbox 303 2033 1884 2111">
    <p class='ocr_par' dir='ltr' id='par_1_38' title="bbox 303 2033 1884 2111">
     <span class='ocr_line' id='line_1_38' title="bbox 303 2033 1884 2111; baseline 0.002 -25"><span class='ocrx_word' id='word_1_293' title='bbox 303 2033 613 2105; x_wconf 71' lang='grc' dir='ltr'>εἰρημένων</span> <span class='ocrx_word' id='word_1_294' title='bbox 631 2033 924 2109; x_wconf 79' lang='grc' dir='ltr'>ὁλόκληρος</span> <span class='ocrx_word' id='word_1_295' title='bbox 948 2037 1079 2108; x_wconf 78' lang='grc' dir='ltr'>ἡμῖν</span> <span class='ocrx_word' id='word_1_296' title='bbox 1101 2038 1468 2109; x_wconf 71' lang='grc' dir='ltr'>ζωγραφεῖται</span> <span class='ocrx_word' id='word_1_297' title='bbox 1494 2036 1758 2111; x_wconf 75' lang='grc' dir='ltr'>Χριστὸς,</span> <span class='ocrx_word' id='word_1_298' title='bbox 1787 2036 1884 2091; x_wconf 78' lang='grc' dir='ltr'>καὶ</span> 
     </span>
    </p>
   </div>
   <div class='ocr_carea' id='block_1_39' title="bbox 301 2124 1883 2201">
    <p class='ocr_par' dir='ltr' id='par_1_39' title="bbox 301 2124 1883 2201">
     <span class='ocr_line' id='line_1_39' title="bbox 301 2124 1883 2201; baseline 0.004 -24"><span class='ocrx_word' id='word_1_299' title='bbox 301 2127 335 2195; x_wconf 75' lang='grc' dir='ltr'><strong>ἠ</strong></span> <span class='ocrx_word' id='word_1_300' title='bbox 366 2126 426 2178; x_wconf 78' lang='grc' dir='ltr'>ὲν</span> <span class='ocrx_word' id='word_1_301' title='bbox 452 2124 608 2196; x_wconf 78' lang='grc' dir='ltr'><strong>αὒτῷ</strong></span> <span class='ocrx_word' id='word_1_302' title='bbox 652 2126 835 2190; x_wconf 79' lang='grc' dir='ltr'>πίστις</span> <span class='ocrx_word' id='word_1_303' title='bbox 865 2144 926 2181; x_wconf 87' lang='grc' dir='ltr'><strong>τε</strong></span> <span class='ocrx_word' id='word_1_304' title='bbox 964 2128 1059 2182; x_wconf 73' lang='grc' dir='ltr'><strong>καί</strong></span> <span class='ocrx_word' id='word_1_305' title='bbox 1098 2128 1357 2200; x_wconf 80' lang='grc' dir='ltr'>ὁμολογία</span> <span class='ocrx_word' id='word_1_306' title='bbox 1395 2130 1739 2201; x_wconf 85' lang='grc' dir='ltr'>σημαίνεται.</span> <span class='ocrx_word' id='word_1_307' title='bbox 1783 2128 1883 2183; x_wconf 68' lang='grc' dir='ltr'><strong>Διὰ</strong></span> 
     </span>
    </p>
   </div>
   <div class='ocr_carea' id='block_1_40' title="bbox 306 2215 1882 2289">
    <p class='ocr_par' dir='ltr' id='par_1_40' title="bbox 306 2215 1882 2289">
     <span class='ocr_line' id='line_1_40' title="bbox 306 2215 1882 2289; baseline 0.003 -20"><span class='ocrx_word' id='word_1_308' title='bbox 306 2215 406 2285; x_wconf 75' lang='grc' dir='ltr'>μὲν</span> <span class='ocrx_word' id='word_1_309' title='bbox 432 2215 544 2286; x_wconf 90' lang='lat'><strong>7&amp;9</strong></span> <span class='ocrx_word' id='word_1_310' title='bbox 567 2215 664 2269; x_wconf 82' lang='grc' dir='ltr'>τοῦ</span> <span class='ocrx_word' id='word_1_311' title='bbox 683 2216 918 2289; x_wconf 85' lang='grc' dir='ltr'>ὀρνιθίου</span> <span class='ocrx_word' id='word_1_312' title='bbox 940 2219 1032 2274; x_wconf 80' lang='grc' dir='ltr'>τοῦ</span> <span class='ocrx_word' id='word_1_313' title='bbox 1053 2218 1255 2286; x_wconf 75' lang='grc' dir='ltr'>ζῶντος</span> <span class='ocrx_word' id='word_1_314' title='bbox 1274 2261 1289 2286; x_wconf 90' lang='grc'><strong>,</strong></span> <span class='ocrx_word' id='word_1_315' title='bbox 1322 2221 1414 2274; x_wconf 80' lang='grc' dir='ltr'>τὸν</span> <span class='ocrx_word' id='word_1_316' title='bbox 1442 2222 1530 2275; x_wconf 78' lang='grc' dir='ltr'>ἀεὶ</span> <span class='ocrx_word' id='word_1_317' title='bbox 1550 2220 1727 2287; x_wconf 78' lang='grc' dir='ltr'>ζῶντα</span> <span class='ocrx_word' id='word_1_318' title='bbox 1742 2262 1758 2285; x_wconf 83' lang='grc'><strong>,</strong></span> <span class='ocrx_word' id='word_1_319' title='bbox 1786 2220 1882 2274; x_wconf 83' lang='grc' dir='ltr'>καὶ</span> 
     </span>
    </p>
   </div>
   <div class='ocr_carea' id='block_1_41' title="bbox 304 2307 1881 2384">
    <p class='ocr_par' dir='ltr' id='par_1_41' title="bbox 304 2307 1881 2384">
     <span class='ocr_line' id='line_1_41' title="bbox 304 2307 1881 2384; baseline 0.003 -23"><span class='ocrx_word' id='word_1_320' title='bbox 304 2307 569 2370; x_wconf 77' lang='grc' dir='ltr'>ζωοποιδν</span> <span class='ocrx_word' id='word_1_321' title='bbox 615 2309 711 2362; x_wconf 72' lang='grc' dir='ltr'><strong>καὶ</strong></span> <span class='ocrx_word' id='word_1_322' title='bbox 754 2309 1004 2382; x_wconf 77' lang='grc' dir='ltr'>οὐράνιον</span> <span class='ocrx_word' id='word_1_323' title='bbox 1049 2313 1270 2384; x_wconf 75' lang='grc' dir='ltr'>νοήσαις</span> <span class='ocrx_word' id='word_1_324' title='bbox 1300 2313 1504 2382; x_wconf 84' lang='grc' dir='ltr'>Λόγον,</span> <span class='ocrx_word' id='word_1_325' title='bbox 1552 2314 1641 2369; x_wconf 74' lang='grc' dir='ltr'><strong>διὰ</strong></span> <span class='ocrx_word' id='word_1_326' title='bbox 1684 2313 1741 2368; x_wconf 75' lang='grc' dir='ltr'>δὲ</span> <span class='ocrx_word' id='word_1_327' title='bbox 1785 2312 1881 2366; x_wconf 82' lang='grc' dir='ltr'>τοῦ</span> 
     </span>
    </p>
   </div>
   <div class='ocr_carea' id='block_1_42' title="bbox 303 2398 1879 2474">
    <p class='ocr_par' dir='ltr' id='par_1_42' title="bbox 303 2398 1879 2474">
     <span class='ocr_line' id='line_1_42' title="bbox 303 2398 1879 2474; baseline 0.006 -25"><span class='ocrx_word' id='word_1_328' title='bbox 303 2398 688 2470; x_wconf 73' lang='grc' dir='ltr'>ἐσφαγμένου,</span> <span class='ocrx_word' id='word_1_329' title='bbox 732 2398 796 2454; x_wconf 78' lang='grc' dir='ltr'>τὸ</span> <span class='ocrx_word' id='word_1_330' title='bbox 838 2401 1019 2473; x_wconf 87' lang='grc' dir='ltr'>τίμιον</span> <span class='ocrx_word' id='word_1_331' title='bbox 1069 2399 1211 2474; x_wconf 82' lang='grc' dir='ltr'>αἷμα</span> <span class='ocrx_word' id='word_1_332' title='bbox 1267 2402 1362 2458; x_wconf 82' lang='grc' dir='ltr'><strong>τοῦ</strong></span> <span class='ocrx_word' id='word_1_333' title='bbox 1410 2403 1676 2467; x_wconf 75' lang='grc' dir='ltr'>παθόντος</span> <span class='ocrx_word' id='word_1_334' title='bbox 1726 2402 1879 2458; x_wconf 81' lang='grc' dir='ltr'>ναοῦ.</span> 
     </span>
    </p>
   </div>
   <div class='ocr_carea' id='block_1_43' title="bbox 302 2488 1883 2567">
    <p class='ocr_par' dir='ltr' id='par_1_43' title="bbox 302 2488 1883 2567">
     <span class='ocr_line' id='line_1_43' title="bbox 302 2488 1883 2567; baseline 0.006 -27"><span class='ocrx_word' id='word_1_335' title='bbox 302 2488 477 2560; x_wconf 76' lang='grc' dir='ltr'>Σαρχὶ</span> <span class='ocrx_word' id='word_1_336' title='bbox 513 2488 625 2559; x_wconf 79' lang='grc' dir='ltr'><strong>γὰρ</strong></span> <span class='ocrx_word' id='word_1_337' title='bbox 671 2489 835 2545; x_wconf 79' lang='grc' dir='ltr'>αὐτὸν</span> <span class='ocrx_word' id='word_1_338' title='bbox 881 2491 1206 2559; x_wconf 68' lang='grc' dir='ltr'>πεπονθέναι</span> <span class='ocrx_word' id='word_1_339' title='bbox 1243 2493 1461 2565; x_wconf 82' lang='grc' dir='ltr'>φαμὲν,</span> <span class='ocrx_word' id='word_1_340' title='bbox 1514 2493 1656 2567; x_wconf 80' lang='grc' dir='ltr'>πλὴν</span> <span class='ocrx_word' id='word_1_341' title='bbox 1701 2493 1778 2559; x_wconf 78' lang='grc' dir='ltr'><strong>ὡς</strong></span> <span class='ocrx_word' id='word_1_342' title='bbox 1824 2495 1883 2549; x_wconf 72' lang='grc' dir='ltr'>ὲν</span> 
     </span>
    </p>
   </div>
   <div class='ocr_carea' id='block_1_44' title="bbox 305 2576 1884 2656">
    <p class='ocr_par' dir='ltr' id='par_1_44' title="bbox 305 2576 1884 2656">
     <span class='ocr_line' id='line_1_44' title="bbox 305 2576 1884 2656; baseline 0.006 -26"><span class='ocrx_word' id='word_1_343' title='bbox 305 2578 422 2647; x_wconf 65' lang='lat' dir='ltr'><strong>tu...</strong></span> <span class='ocrx_word' id='word_1_344' title='bbox 447 2576 686 2648; x_wconf 82' lang='grc' dir='ltr'>σώματι.</span> <span class='ocrx_word' id='word_1_345' title='bbox 716 2578 817 2634; x_wconf 83' lang='grc' dir='ltr'>Διά</span> <span class='ocrx_word' id='word_1_346' title='bbox 846 2579 903 2633; x_wconf 77' lang='grc' dir='ltr'>δὲ</span> <span class='ocrx_word' id='word_1_347' title='bbox 934 2579 1028 2635; x_wconf 83' lang='grc' dir='ltr'>τοῦ</span> <span class='ocrx_word' id='word_1_348' title='bbox 1054 2582 1302 2654; x_wconf 77' lang='grc' dir='ltr'>ἀσήπτου</span> <span class='ocrx_word' id='word_1_349' title='bbox 1337 2582 1524 2650; x_wconf 77' lang='grc' dir='ltr'>ξύλου,</span> <span class='ocrx_word' id='word_1_350' title='bbox 1567 2582 1668 2655; x_wconf 79' lang='grc' dir='ltr'>τὴν</span> <span class='ocrx_word' id='word_1_351' title='bbox 1705 2583 1884 2656; x_wconf 79' lang='grc' dir='ltr'>σάρκα</span> 
     </span>
    </p>
   </div>
   <div class='ocr_carea' id='block_1_45' title="bbox 300 2669 1884 2748">
    <p class='ocr_par' dir='ltr' id='par_1_45' title="bbox 300 2669 1884 2748">
     <span class='ocr_line' id='line_1_45' title="bbox 300 2669 1884 2748; baseline 0.004 -25"><span class='ocrx_word' id='word_1_352' title='bbox 300 2669 400 2742; x_wconf 77' lang='grc' dir='ltr'>τὴν</span> <span class='ocrx_word' id='word_1_353' title='bbox 424 2669 756 2743; x_wconf 76' lang='grc' dir='ltr'>ἀδιάφθορον</span> <span class='ocrx_word' id='word_1_354' title='bbox 774 2686 788 2701; x_wconf 76' lang='grc'><strong><em>⁸</em></strong></span> <span class='ocrx_word' id='word_1_355' title='bbox 810 2671 898 2726; x_wconf 85' lang='grc' dir='ltr'><strong>διά</strong></span> <span class='ocrx_word' id='word_1_356' title='bbox 921 2672 979 2726; x_wconf 75' lang='grc' dir='ltr'>δὲ</span> <span class='ocrx_word' id='word_1_357' title='bbox 1006 2674 1103 2745; x_wconf 88' lang='grc' dir='ltr'>τῆς</span> <span class='ocrx_word' id='word_1_358' title='bbox 1129 2674 1382 2729; x_wconf 80' lang='grc' dir='ltr'>ὑσσώπου</span> <span class='ocrx_word' id='word_1_359' title='bbox 1397 2715 1412 2740; x_wconf 92' lang='grc'><strong>,</strong></span> <span class='ocrx_word' id='word_1_360' title='bbox 1434 2674 1495 2729; x_wconf 81' lang='grc' dir='ltr'>τὸ</span> <span class='ocrx_word' id='word_1_361' title='bbox 1514 2673 1740 2748; x_wconf 78' lang='grc' dir='ltr'>Πνεῦμα</span> <span class='ocrx_word' id='word_1_362' title='bbox 1757 2691 1769 2704; x_wconf 78' lang='grc'><strong><em>⁸</em></strong></span> <span class='ocrx_word' id='word_1_363' title='bbox 1795 2674 1884 2731; x_wconf 74' lang='grc' dir='ltr'>διὰ</span> 
     </span>
    </p>
   </div>
   <div class='ocr_carea' id='block_1_46' title="bbox 299 2759 1885 2839">
    <p class='ocr_par' dir='ltr' id='par_1_46' title="bbox 299 2759 1885 2839">
     <span class='ocr_line' id='line_1_46' title="bbox 299 2759 1885 2839; baseline 0.003 -25"><span class='ocrx_word' id='word_1_364' title='bbox 299 2759 357 2814; x_wconf 64' lang='grc' dir='ltr'><strong>ἃ</strong></span> <span class='ocrx_word' id='word_1_365' title='bbox 380 2759 482 2814; x_wconf 77' lang='grc' dir='ltr'>τοῦ</span> <span class='ocrx_word' id='word_1_366' title='bbox 515 2760 802 2827; x_wconf 77' lang='grc' dir='ltr'>κοκκίνου,</span> <span class='ocrx_word' id='word_1_367' title='bbox 832 2761 932 2834; x_wconf 80' lang='grc' dir='ltr'><strong>τὴν</strong></span> <span class='ocrx_word' id='word_1_368' title='bbox 962 2764 1047 2831; x_wconf 79' lang='grc' dir='ltr'><strong>ἐφ’</strong></span> <span class='ocrx_word' id='word_1_369' title='bbox 1076 2763 1270 2835; x_wconf 77' lang='grc' dir='ltr'>αἵματι</span> <span class='ocrx_word' id='word_1_370' title='bbox 1309 2764 1585 2838; x_wconf 80' lang='grc' dir='ltr'>Διαθήκης</span> <span class='ocrx_word' id='word_1_371' title='bbox 1623 2765 1725 2839; x_wconf 79' lang='grc' dir='ltr'>τὴν</span> <span class='ocrx_word' id='word_1_372' title='bbox 1754 2766 1885 2836; x_wconf 81' lang='grc' dir='ltr'>ὁμο-</span> 
     </span>
    </p>
   </div>
   <div class='ocr_carea' id='block_1_47' title="bbox 302 2848 1883 2926">
    <p class='ocr_par' dir='ltr' id='par_1_47' title="bbox 302 2848 1883 2926">
     <span class='ocr_line' id='line_1_47' title="bbox 302 2848 1883 2926; baseline 0.005 -24"><span class='ocrx_word' id='word_1_373' title='bbox 302 2848 489 2919; x_wconf 87' lang='grc' dir='ltr'>λογίαν</span> <span class='ocrx_word' id='word_1_374' title='bbox 507 2866 522 2880; x_wconf 78' lang='grc'><strong><em>⁸</em></strong></span> <span class='ocrx_word' id='word_1_375' title='bbox 567 2852 653 2906; x_wconf 73' lang='grc' dir='ltr'>διὰ</span> <span class='ocrx_word' id='word_1_376' title='bbox 681 2853 738 2906; x_wconf 77' lang='grc' dir='ltr'>δὲ</span> <span class='ocrx_word' id='word_1_377' title='bbox 766 2852 861 2907; x_wconf 82' lang='grc' dir='ltr'>τοῦ</span> <span class='ocrx_word' id='word_1_378' title='bbox 886 2853 1090 2917; x_wconf 79' lang='grc' dir='ltr'>ζῶντος</span> <span class='ocrx_word' id='word_1_379' title='bbox 1115 2853 1310 2919; x_wconf 75' lang='grc' dir='ltr'>ὓδατος</span> <span class='ocrx_word' id='word_1_380' title='bbox 1328 2894 1342 2918; x_wconf 88' lang='grc'><strong>,</strong></span> <span class='ocrx_word' id='word_1_381' title='bbox 1375 2855 1475 2926; x_wconf 87' lang='grc' dir='ltr'>τὴν</span> <span class='ocrx_word' id='word_1_382' title='bbox 1503 2856 1765 2922; x_wconf 82' lang='grc' dir='ltr'>ζωοποιὸν</span> <span class='ocrx_word' id='word_1_383' title='bbox 1789 2855 1883 2911; x_wconf 75' lang='grc' dir='ltr'><strong>τοῦ</strong></span> 
     </span>
    </p>
   </div>
   <div class='ocr_carea' id='block_1_48' title="bbox 305 2939 1884 3018">
    <p class='ocr_par' dir='ltr' id='par_1_48' title="bbox 305 2939 1884 3018">
     <span class='ocr_line' id='line_1_48' title="bbox 305 2939 1884 3018; baseline 0.006 -25"><span class='ocrx_word' id='word_1_384' title='bbox 305 2939 685 3012; x_wconf 75' lang='grc' dir='ltr'>βαπτίσματος</span> <span class='ocrx_word' id='word_1_385' title='bbox 713 2942 901 3014; x_wconf 82' lang='grc' dir='ltr'>χάριν,</span> <span class='ocrx_word' id='word_1_386' title='bbox 933 2944 999 3016; x_wconf 74' lang='grc' dir='ltr'>ἢν</span> <span class='ocrx_word' id='word_1_387' title='bbox 1027 2945 1122 3000; x_wconf 80' lang='grc' dir='ltr'>καὶ</span> <span class='ocrx_word' id='word_1_388' title='bbox 1149 2945 1207 3000; x_wconf 77' lang='grc' dir='ltr'>ὲν</span> <span class='ocrx_word' id='word_1_389' title='bbox 1239 2944 1390 3018; x_wconf 78' lang='grc' dir='ltr'>αὐτῷ</span> <span class='ocrx_word' id='word_1_390' title='bbox 1410 2945 1490 3018; x_wconf 77' lang='grc' dir='ltr'>τῷ</span> <span class='ocrx_word' id='word_1_391' title='bbox 1510 2946 1673 3002; x_wconf 83' lang='grc' dir='ltr'>πάθει</span> <span class='ocrx_word' id='word_1_392' title='bbox 1703 2946 1884 3014; x_wconf 82' lang='grc' dir='ltr'>καλῶς</span> 
     </span>
    </p>
   </div>
   <div class='ocr_carea' id='block_1_49' title="bbox 303 3031 1880 3111">
    <p class='ocr_par' dir='ltr' id='par_1_49' title="bbox 303 3031 1880 3111">
     <span class='ocr_line' id='line_1_49' title="bbox 303 3031 1880 3111; baseline 0.006 -27"><span class='ocrx_word' id='word_1_393' title='bbox 303 3031 677 3104; x_wconf 70' lang='grc' dir='ltr'>ὑπεσήμαινεν</span> <span class='ocrx_word' id='word_1_394' title='bbox 725 3036 759 3106; x_wconf 82' lang='grc' dir='ltr'><strong>ή</strong></span> <span class='ocrx_word' id='word_1_395' title='bbox 806 3035 940 3104; x_wconf 80' lang='grc' dir='ltr'>ἁγία</span> <span class='ocrx_word' id='word_1_396' title='bbox 990 3033 1083 3090; x_wconf 82' lang='grc' dir='ltr'>τοῦ</span> <span class='ocrx_word' id='word_1_397' title='bbox 1133 3037 1385 3109; x_wconf 84' lang='grc' dir='ltr'>Σωτῆρος</span> <span class='ocrx_word' id='word_1_398' title='bbox 1431 3039 1589 3109; x_wconf 74' lang='grc' dir='ltr'>ἡμῶν</span> <span class='ocrx_word' id='word_1_399' title='bbox 1635 3038 1880 3111; x_wconf 78' lang='grc' dir='ltr'>πλευρὰ,</span> 
     </span>
    </p>
   </div>
   <div class='ocr_carea' id='block_1_50' title="bbox 1980 1850 3557 1926">
    <p class='ocr_par' dir='ltr' id='par_1_50' title="bbox 1980 1850 3557 1926">
     <span class='ocr_line' id='line_1_50' title="bbox 1980 1850 3557 1926; baseline 0.004 -21"><span class='ocrx_word' id='word_1_400' title='bbox 1980 1850 2241 1920; x_wconf 86' lang='lat' dir='ltr'><strong>patientis</strong></span> <span class='ocrx_word' id='word_1_401' title='bbox 2273 1854 2612 1925; x_wconf 88' lang='lat' dir='ltr'><strong>sanguinem.</strong></span> <span class='ocrx_word' id='word_1_402' title='bbox 2647 1855 2824 1911; x_wconf 89' lang='lat' dir='ltr'><strong>Carne</strong></span> <span class='ocrx_word' id='word_1_403' title='bbox 2870 1855 3017 1912; x_wconf 89' lang='lat' dir='ltr'><strong>enim</strong></span> <span class='ocrx_word' id='word_1_404' title='bbox 3063 1871 3284 1926; x_wconf 89' lang='lat' dir='ltr'><strong>passum</strong></span> <span class='ocrx_word' id='word_1_405' title='bbox 3318 1856 3557 1911; x_wconf 86' lang='lat' dir='ltr'><strong>dicimus</strong></span> 
     </span>
    </p>
   </div>
   <div class='ocr_carea' id='block_1_51' title="bbox 1978 1938 3555 2018">
    <p class='ocr_par' dir='ltr' id='par_1_51' title="bbox 1978 1938 3555 2018">
     <span class='ocr_line' id='line_1_51' title="bbox 1978 1938 3555 2018; baseline 0.004 -22"><span class='ocrx_word' id='word_1_406' title='bbox 1978 1938 2283 2009; x_wconf 82' lang='lat' dir='ltr'><strong>Christum,</strong></span> <span class='ocrx_word' id='word_1_407' title='bbox 2324 1951 2385 1998; x_wconf 90' lang='lat' dir='ltr'><strong>ut</strong></span> <span class='ocrx_word' id='word_1_408' title='bbox 2416 1952 2598 2002; x_wconf 84' lang='lat' dir='ltr'><strong>tamen</strong></span> <span class='ocrx_word' id='word_1_409' title='bbox 2621 1946 2678 2001; x_wconf 91' lang='lat' dir='ltr'><strong>in</strong></span> <span class='ocrx_word' id='word_1_410' title='bbox 2700 1962 2801 2001; x_wconf 89' lang='lat' dir='ltr'><strong>suo</strong></span> <span class='ocrx_word' id='word_1_411' title='bbox 2824 1961 3077 2017; x_wconf 90' lang='lat' dir='ltr'><strong>corpore.</strong></span> <span class='ocrx_word' id='word_1_412' title='bbox 3102 1949 3163 2002; x_wconf 86' lang='lat' dir='ltr'><strong>In</strong></span> <span class='ocrx_word' id='word_1_413' title='bbox 3202 1948 3349 2018; x_wconf 86' lang='lat' dir='ltr'><strong>ligno</strong></span> <span class='ocrx_word' id='word_1_414' title='bbox 3370 1955 3555 2003; x_wconf 86' lang='lat' dir='ltr'><strong>autem</strong></span> 
     </span>
    </p>
   </div>
   <div class='ocr_carea' id='block_1_52' title="bbox 1980 2028 3555 2106">
    <p class='ocr_par' dir='ltr' id='par_1_52' title="bbox 1980 2028 3555 2106">
     <span class='ocr_line' id='line_1_52' title="bbox 1980 2028 3555 2106; baseline 0.004 -23"><span class='ocrx_word' id='word_1_415' title='bbox 1980 2028 2304 2100; x_wconf 86' lang='lat' dir='ltr'><strong>incorrupto</strong></span> <span class='ocrx_word' id='word_1_416' title='bbox 2349 2046 2571 2088; x_wconf 89' lang='lat' dir='ltr'><strong>carnem</strong></span> <span class='ocrx_word' id='word_1_417' title='bbox 2625 2034 2929 2104; x_wconf 86' lang='lat' dir='ltr'><strong>accipimus</strong></span> <span class='ocrx_word' id='word_1_418' title='bbox 2987 2033 3410 2106; x_wconf 82' lang='lat' dir='ltr'><strong>incorruptam;</strong></span> <span class='ocrx_word' id='word_1_419' title='bbox 3454 2051 3555 2105; x_wconf 86' lang='lat' dir='ltr'><strong>per</strong></span> 
     </span>
    </p>
   </div>
   <div class='ocr_carea' id='block_1_53' title="bbox 1980 2119 3559 2193">
    <p class='ocr_par' dir='ltr' id='par_1_53' title="bbox 1980 2119 3559 2193">
     <span class='ocr_line' id='line_1_53' title="bbox 1980 2119 3559 2193; baseline 0.004 -18"><span class='ocrx_word' id='word_1_420' title='bbox 1980 2119 2298 2192; x_wconf 79' lang='lat' dir='ltr'><strong>hyssopum,</strong></span> <span class='ocrx_word' id='word_1_421' title='bbox 2335 2122 2620 2192; x_wconf 85' lang='lat' dir='ltr'><strong>spiritum;</strong></span> <span class='ocrx_word' id='word_1_422' title='bbox 2662 2138 2762 2193; x_wconf 88' lang='lat' dir='ltr'><strong>per</strong></span> <span class='ocrx_word' id='word_1_423' title='bbox 2816 2124 3101 2179; x_wconf 87' lang='lat' dir='ltr'><strong>coccinum</strong></span> <span class='ocrx_word' id='word_1_424' title='bbox 3153 2141 3303 2188; x_wconf 87' lang='lat' dir='ltr'><strong>vero.</strong></span> <span class='ocrx_word' id='word_1_425' title='bbox 3339 2126 3397 2181; x_wconf 89' lang='lat' dir='ltr'><strong>in</strong></span> <span class='ocrx_word' id='word_1_426' title='bbox 3434 2140 3559 2181; x_wconf 82' lang='lat' dir='ltr'><strong>san-</strong></span> 
     </span>
    </p>
   </div>
   <div class='ocr_carea' id='block_1_54' title="bbox 1980 2211 3555 2286">
    <p class='ocr_par' dir='ltr' id='par_1_54' title="bbox 1980 2211 3555 2286">
     <span class='ocr_line' id='line_1_54' title="bbox 1980 2211 3555 2286; baseline 0.004 -21"><span class='ocrx_word' id='word_1_427' title='bbox 1980 2211 2145 2281; x_wconf 86' lang='lat' dir='ltr'><strong>guine</strong></span> <span class='ocrx_word' id='word_1_428' title='bbox 2187 2213 2499 2268; x_wconf 83' lang='lat' dir='ltr'><strong>testamenti</strong></span> <span class='ocrx_word' id='word_1_429' title='bbox 2513 2213 2909 2269; x_wconf 79' lang='lat' dir='ltr'><strong>confessionem</strong></span> <span class='ocrx_word' id='word_1_430' title='bbox 2930 2232 2945 2282; x_wconf 93' lang='lat'><strong>;</strong></span> <span class='ocrx_word' id='word_1_431' title='bbox 2971 2216 3026 2270; x_wconf 90' lang='lat' dir='ltr'><strong>in</strong></span> <span class='ocrx_word' id='word_1_432' title='bbox 3043 2232 3184 2286; x_wconf 85' lang='lat' dir='ltr'><strong>aqua</strong></span> <span class='ocrx_word' id='word_1_433' title='bbox 3205 2224 3390 2273; x_wconf 88' lang='lat' dir='ltr'><strong>autem</strong></span> <span class='ocrx_word' id='word_1_434' title='bbox 3409 2217 3555 2284; x_wconf 86' lang='lat' dir='ltr'><strong>viva,</strong></span> 
     </span>
    </p>
   </div>
   <div class='ocr_carea' id='block_1_55' title="bbox 1981 2301 3558 2379">
    <p class='ocr_par' dir='ltr' id='par_1_55' title="bbox 1981 2301 3558 2379">
     <span class='ocr_line' id='line_1_55' title="bbox 1981 2301 3558 2379; baseline 0.005 -23"><span class='ocrx_word' id='word_1_435' title='bbox 1981 2301 2280 2358; x_wconf 80' lang='lat' dir='ltr'><strong>salutarem</strong></span> <span class='ocrx_word' id='word_1_436' title='bbox 2302 2303 2661 2376; x_wconf 89' lang='lat' dir='ltr'><strong>intelligimus</strong></span> <span class='ocrx_word' id='word_1_437' title='bbox 2686 2305 2943 2376; x_wconf 86' lang='lat' dir='ltr'><strong>baptismi</strong></span> <span class='ocrx_word' id='word_1_438' title='bbox 2968 2309 3220 2377; x_wconf 80' lang='lat' dir='ltr'><strong>gratiam,</strong></span> <span class='ocrx_word' id='word_1_439' title='bbox 3259 2323 3381 2379; x_wconf 75' lang='lat' dir='ltr'><strong>quae</strong></span> <span class='ocrx_word' id='word_1_440' title='bbox 3404 2318 3460 2364; x_wconf 89' lang='lat' dir='ltr'><strong>et</strong></span> <span class='ocrx_word' id='word_1_441' title='bbox 3502 2309 3558 2364; x_wconf 85' lang='lat' dir='ltr'><strong>in</strong></span> 
     </span>
    </p>
   </div>
   <div class='ocr_carea' id='block_1_56' title="bbox 1981 2390 3560 2466">
    <p class='ocr_par' dir='ltr' id='par_1_56' title="bbox 1981 2390 3560 2466">
     <span class='ocr_line' id='line_1_56' title="bbox 1981 2390 3560 2466; baseline 0.006 -21"><span class='ocrx_word' id='word_1_442' title='bbox 1981 2390 2100 2462; x_wconf 85' lang='lat' dir='ltr'><strong>ipsa</strong></span> <span class='ocrx_word' id='word_1_443' title='bbox 2137 2392 2395 2463; x_wconf 87' lang='lat' dir='ltr'><strong>passione</strong></span> <span class='ocrx_word' id='word_1_444' title='bbox 2430 2396 2662 2466; x_wconf 88' lang='lat' dir='ltr'><strong>pulchre</strong></span> <span class='ocrx_word' id='word_1_445' title='bbox 2710 2396 2937 2452; x_wconf 83' lang='lat' dir='ltr'><strong>exhibet</strong></span> <span class='ocrx_word' id='word_1_446' title='bbox 2981 2413 3202 2454; x_wconf 83' lang='lat' dir='ltr'><strong>sacrum</strong></span> <span class='ocrx_word' id='word_1_447' title='bbox 3251 2398 3560 2455; x_wconf 85' lang='lat' dir='ltr'><strong>Servatoris</strong></span> 
     </span>
    </p>
   </div>
   <div class='ocr_carea' id='block_1_57' title="bbox 1981 2485 3560 2561">
    <p class='ocr_par' dir='ltr' id='par_1_57' title="bbox 1981 2485 3560 2561">
     <span class='ocr_line' id='line_1_57' title="bbox 1981 2485 3560 2561; baseline 0.004 -21"><span class='ocrx_word' id='word_1_448' title='bbox 1981 2485 2160 2541; x_wconf 86' lang='lat' dir='ltr'><strong>nostri</strong></span> <span class='ocrx_word' id='word_1_449' title='bbox 2180 2487 2350 2553; x_wconf 87' lang='lat' dir='ltr'><strong>latus,</strong></span> <span class='ocrx_word' id='word_1_450' title='bbox 2389 2501 2421 2543; x_wconf 91' lang='lat' dir='ltr'><strong>e</strong></span> <span class='ocrx_word' id='word_1_451' title='bbox 2452 2503 2564 2558; x_wconf 89' lang='lat' dir='ltr'><strong>quo</strong></span> <span class='ocrx_word' id='word_1_452' title='bbox 2592 2503 2735 2559; x_wconf 86' lang='lat' dir='ltr'><strong>aqua</strong></span> <span class='ocrx_word' id='word_1_453' title='bbox 2776 2489 2941 2546; x_wconf 85' lang='lat' dir='ltr'><strong>simul</strong></span> <span class='ocrx_word' id='word_1_454' title='bbox 2991 2499 3049 2547; x_wconf 90' lang='lat' dir='ltr'><strong>et</strong></span> <span class='ocrx_word' id='word_1_455' title='bbox 3099 2490 3326 2561; x_wconf 85' lang='lat' dir='ltr'><strong>sanguis</strong></span> <span class='ocrx_word' id='word_1_456' title='bbox 3349 2490 3560 2561; x_wconf 85' lang='lat' dir='ltr'><strong>proﬁu-</strong></span> 
     </span>
    </p>
   </div>
   <div class='ocr_carea' id='block_1_58' title="bbox 1982 2576 3559 2652">
    <p class='ocr_par' dir='ltr' id='par_1_58' title="bbox 1982 2576 3559 2652">
     <span class='ocr_line' id='line_1_58' title="bbox 1982 2576 3559 2652; baseline 0.005 -22"><span class='ocrx_word' id='word_1_457' title='bbox 1982 2576 2063 2631; x_wconf 91' lang='lat' dir='ltr'><strong>xit</strong></span> <span class='ocrx_word' id='word_1_458' title='bbox 2090 2594 2103 2630; x_wconf 92' lang='lat'>:</span> <span class='ocrx_word' id='word_1_459' title='bbox 2122 2591 2231 2648; x_wconf 90' lang='lat' dir='ltr'><strong>quo</strong></span> <span class='ocrx_word' id='word_1_460' title='bbox 2254 2578 2422 2634; x_wconf 86' lang='lat' dir='ltr'><strong>etiam</strong></span> <span class='ocrx_word' id='word_1_461' title='bbox 2437 2579 2661 2635; x_wconf 88' lang='lat' dir='ltr'><strong>domum</strong></span> <span class='ocrx_word' id='word_1_462' title='bbox 2678 2582 2893 2652; x_wconf 87' lang='lat' dir='ltr'><strong>aspergi</strong></span> <span class='ocrx_word' id='word_1_463' title='bbox 2909 2591 3164 2652; x_wconf 84' lang='lat' dir='ltr'><strong>oportere</strong></span> <span class='ocrx_word' id='word_1_464' title='bbox 3189 2584 3286 2648; x_wconf 86' lang='lat' dir='ltr'><strong>ait,</strong></span> <span class='ocrx_word' id='word_1_465' title='bbox 3313 2593 3375 2636; x_wconf 92' lang='lat' dir='ltr'><strong>ut</strong></span> <span class='ocrx_word' id='word_1_466' title='bbox 3391 2584 3559 2638; x_wconf 84' lang='lat' dir='ltr'><strong>etiam</strong></span> 
     </span>
    </p>
   </div>
   <div class='ocr_carea' id='block_1_59' title="bbox 1982 2670 3560 2745">
    <p class='ocr_par' dir='ltr' id='par_1_59' title="bbox 1982 2670 3560 2745">
     <span class='ocr_line' id='line_1_59' title="bbox 1982 2670 3560 2745; baseline 0.004 -21"><span class='ocrx_word' id='word_1_467' title='bbox 1982 2670 2254 2740; x_wconf 82' lang='lat' dir='ltr'><strong>expietur,</strong></span> <span class='ocrx_word' id='word_1_468' title='bbox 2282 2673 2438 2743; x_wconf 85' lang='lat' dir='ltr'><strong>juxta</strong></span> <span class='ocrx_word' id='word_1_469' title='bbox 2468 2673 2773 2729; x_wconf 84' lang='lat' dir='ltr'><strong>Ezechielis</strong></span> <span class='ocrx_word' id='word_1_470' title='bbox 2809 2675 3090 2745; x_wconf 74' lang='lat' dir='ltr'><strong>propheta.-</strong></span> <span class='ocrx_word' id='word_1_471' title='bbox 3107 2691 3296 2730; x_wconf 89' lang='lat' dir='ltr'><strong>vocem</strong></span> <span class='ocrx_word' id='word_1_472' title='bbox 3324 2694 3337 2729; x_wconf 91' lang='lat'><strong>:</strong></span> <span class='ocrx_word' id='word_1_473' title='bbox 3372 2695 3390 2727; x_wconf 73' lang='grc' dir='ltr'><strong>ι</strong></span> <span class='ocrx_word' id='word_1_474' title='bbox 3427 2676 3560 2731; x_wconf 83' lang='lat' dir='ltr'><strong>Tol-</strong></span> 
     </span>
    </p>
   </div>
   <div class='ocr_carea' id='block_1_60' title="bbox 1982 2759 3560 2836">
    <p class='ocr_par' dir='ltr' id='par_1_60' title="bbox 1982 2759 3560 2836">
     <span class='ocr_line' id='line_1_60' title="bbox 1982 2759 3560 2836; baseline 0.004 -22"><span class='ocrx_word' id='word_1_475' title='bbox 1982 2759 2113 2826; x_wconf 88' lang='lat' dir='ltr'><strong>lam,</strong></span> <span class='ocrx_word' id='word_1_476' title='bbox 2139 2760 2336 2831; x_wconf 86' lang='lat' dir='ltr'><strong>inquit,</strong></span> <span class='ocrx_word' id='word_1_477' title='bbox 2373 2778 2473 2817; x_wconf 89' lang='lat' dir='ltr'><strong>vos</strong></span> <span class='ocrx_word' id='word_1_478' title='bbox 2504 2763 2573 2818; x_wconf 91' lang='lat' dir='ltr'><strong>de</strong></span> <span class='ocrx_word' id='word_1_479' title='bbox 2618 2764 2892 2834; x_wconf 85' lang='lat' dir='ltr'><strong>gentibus,</strong></span> <span class='ocrx_word' id='word_1_480' title='bbox 2928 2775 2984 2820; x_wconf 92' lang='lat' dir='ltr'><strong>et</strong></span> <span class='ocrx_word' id='word_1_481' title='bbox 3014 2764 3355 2836; x_wconf 86' lang='lat' dir='ltr'><strong>congregabo</strong></span> <span class='ocrx_word' id='word_1_482' title='bbox 3377 2768 3560 2821; x_wconf 87' lang='lat' dir='ltr'><strong>vosde</strong></span> 
     </span>
    </p>
   </div>
   <div class='ocr_carea' id='block_1_61' title="bbox 1983 2851 3563 2923">
    <p class='ocr_par' dir='ltr' id='par_1_61' title="bbox 1983 2851 3563 2923">
     <span class='ocr_line' id='line_1_61' title="bbox 1983 2851 3563 2923; baseline 0.001 -17"><span class='ocrx_word' id='word_1_483' title='bbox 1983 2851 2150 2906; x_wconf 85' lang='lat' dir='ltr'><strong>terris</strong></span> <span class='ocrx_word' id='word_1_484' title='bbox 2181 2869 2194 2905; x_wconf 91' lang='lat'><strong>:</strong></span> <span class='ocrx_word' id='word_1_485' title='bbox 2229 2858 2286 2906; x_wconf 90' lang='lat' dir='ltr'><strong>et</strong></span> <span class='ocrx_word' id='word_1_486' title='bbox 2306 2852 2586 2908; x_wconf 78' lang='lat' dir='ltr'><strong>eﬁ’undam</strong></span> <span class='ocrx_word' id='word_1_487' title='bbox 2611 2868 2777 2923; x_wconf 89' lang='lat' dir='ltr'><strong>super</strong></span> <span class='ocrx_word' id='word_1_488' title='bbox 2805 2868 2906 2908; x_wconf 89' lang='lat' dir='ltr'><strong>vos</strong></span> <span class='ocrx_word' id='word_1_489' title='bbox 2925 2868 3123 2923; x_wconf 87' lang='lat' dir='ltr'><strong>aquam</strong></span> <span class='ocrx_word' id='word_1_490' title='bbox 3183 2854 3465 2918; x_wconf 87' lang='lat' dir='ltr'><strong>mundam,</strong></span> <span class='ocrx_word' id='word_1_491' title='bbox 3503 2861 3563 2909; x_wconf 89' lang='lat' dir='ltr'><strong>et</strong></span> 
     </span>
    </p>
   </div>
   <div class='ocr_carea' id='block_1_62' title="bbox 1985 2943 3560 3016">
    <p class='ocr_par' dir='ltr' id='par_1_62' title="bbox 1985 2943 3560 3016">
     <span class='ocr_line' id='line_1_62' title="bbox 1985 2943 3560 3016; baseline 0.001 -17"><span class='ocrx_word' id='word_1_492' title='bbox 1985 2943 2389 3000; x_wconf 88' lang='lat' dir='ltr'><strong>mundabimini</strong></span> <span class='ocrx_word' id='word_1_493' title='bbox 2416 2943 2484 2999; x_wconf 69' lang='lat'><strong>9‘.</strong></span> <span class='ocrx_word' id='word_1_494' title='bbox 2512 2965 2530 2997; x_wconf 74' lang='grc' dir='ltr'><strong>ι</strong></span> <span class='ocrx_word' id='word_1_495' title='bbox 2575 2944 2802 3016; x_wconf 85' lang='lat' dir='ltr'><strong>Aspergi</strong></span> <span class='ocrx_word' id='word_1_496' title='bbox 2825 2953 3009 3001; x_wconf 88' lang='lat' dir='ltr'><strong>autem</strong></span> <span class='ocrx_word' id='word_1_497' title='bbox 3030 2946 3193 3016; x_wconf 88' lang='lat' dir='ltr'><strong>jubet</strong></span> <span class='ocrx_word' id='word_1_498' title='bbox 3232 2960 3346 3001; x_wconf 92' lang='lat' dir='ltr'><strong>non</strong></span> <span class='ocrx_word' id='word_1_499' title='bbox 3389 2946 3560 3001; x_wconf 89' lang='lat' dir='ltr'><strong>semel</strong></span> 
     </span>
    </p>
   </div>
   <div class='ocr_carea' id='block_1_63' title="bbox 1985 3033 3562 3108">
    <p class='ocr_par' dir='ltr' id='par_1_63' title="bbox 1985 3033 3562 3108">
     <span class='ocr_line' id='line_1_63' title="bbox 1985 3033 3562 3108; baseline 0.002 -19"><span class='ocrx_word' id='word_1_500' title='bbox 1985 3033 2232 3100; x_wconf 90' lang='lat' dir='ltr'><strong>domum,</strong></span> <span class='ocrx_word' id='word_1_501' title='bbox 2259 3036 2353 3091; x_wconf 88' lang='lat' dir='ltr'><strong>sed</strong></span> <span class='ocrx_word' id='word_1_502' title='bbox 2380 3036 2602 3106; x_wconf 87' lang='lat' dir='ltr'><strong>septies.</strong></span> <span class='ocrx_word' id='word_1_503' title='bbox 2632 3056 2652 3101; x_wconf 70' lang='grc' dir='ltr'><strong>ς</strong></span> <span class='ocrx_word' id='word_1_504' title='bbox 2699 3037 2800 3093; x_wconf 90' lang='lat' dir='ltr'><strong>Ubi</strong></span> <span class='ocrx_word' id='word_1_505' title='bbox 2837 3036 2985 3092; x_wconf 88' lang='lat' dir='ltr'><strong>enim</strong></span> <span class='ocrx_word' id='word_1_506' title='bbox 3019 3033 3322 3092; x_wconf 82' lang='lat' dir='ltr'><strong>abundavit</strong></span> <span class='ocrx_word' id='word_1_507' title='bbox 3369 3052 3562 3108; x_wconf 89' lang='lat' dir='ltr'><strong>pecca-</strong></span> 
     </span>
    </p>
   </div>
   <div class='ocr_carea' id='block_1_64' title="bbox 305 3123 1881 3203">
    <p class='ocr_par' dir='ltr' id='par_1_64' title="bbox 305 3123 1881 3203">
     <span class='ocr_line' id='line_1_64' title="bbox 305 3123 1881 3203; baseline 0.005 -26"><span class='ocrx_word' id='word_1_508' title='bbox 305 3124 447 3197; x_wconf 80' lang='grc' dir='ltr'>ὖδωρ</span> <span class='ocrx_word' id='word_1_509' title='bbox 470 3125 554 3196; x_wconf 79' lang='grc' dir='ltr'>τῷ</span> <span class='ocrx_word' id='word_1_510' title='bbox 580 3126 777 3197; x_wconf 82' lang='grc' dir='ltr'>αἵματι</span> <span class='ocrx_word' id='word_1_511' title='bbox 810 3129 1303 3201; x_wconf 86' lang='grc' dir='ltr'>συνεκπέμπουσα.</span> <span class='ocrx_word' id='word_1_512' title='bbox 1344 3123 1390 3199; x_wconf 83' lang='grc' dir='ltr'>ᾧ</span> <span class='ocrx_word' id='word_1_513' title='bbox 1424 3130 1520 3185; x_wconf 77' lang='grc' dir='ltr'>καὶ</span> <span class='ocrx_word' id='word_1_514' title='bbox 1558 3131 1755 3203; x_wconf 86' lang='grc' dir='ltr'>χρῆναι</span> <span class='ocrx_word' id='word_1_515' title='bbox 1781 3131 1881 3202; x_wconf 80' lang='grc' dir='ltr'>τὴν</span> 
     </span>
    </p>
   </div>
   <div class='ocr_carea' id='block_1_65' title="bbox 1979 3123 3562 3203">
    <p class='ocr_par' dir='ltr' id='par_1_65' title="bbox 1987 3127 3562 3198">
     <span class='ocr_line' id='line_1_65' title="bbox 1987 3127 3562 3198; baseline 0.002 -17"><span class='ocrx_word' id='word_1_516' title='bbox 1987 3135 2124 3193; x_wconf 91' lang='lat' dir='ltr'><strong>tum,</strong></span> <span class='ocrx_word' id='word_1_517' title='bbox 2158 3128 2629 3197; x_wconf 87' lang='lat' dir='ltr'><strong>superabundavit</strong></span> <span class='ocrx_word' id='word_1_518' title='bbox 2653 3136 2709 3183; x_wconf 92' lang='lat' dir='ltr'><strong>et</strong></span> <span class='ocrx_word' id='word_1_519' title='bbox 2736 3129 2912 3198; x_wconf 87' lang='lat' dir='ltr'><strong>gratia</strong></span> <span class='ocrx_word' id='word_1_520' title='bbox 2947 3131 3014 3182; x_wconf 75' lang='grc'><strong>³⁸.</strong></span> <span class='ocrx_word' id='word_1_521' title='bbox 3045 3147 3063 3180; x_wconf 74' lang='grc' dir='ltr'><strong>ι</strong></span> <span class='ocrx_word' id='word_1_522' title='bbox 3094 3127 3302 3183; x_wconf 89' lang='lat' dir='ltr'><strong>Deinde</strong></span> <span class='ocrx_word' id='word_1_523' title='bbox 3335 3129 3421 3184; x_wconf 90' lang='lat' dir='ltr'><strong>his</strong></span> <span class='ocrx_word' id='word_1_524' title='bbox 3467 3129 3562 3184; x_wconf 91' lang='lat' dir='ltr'><strong>de-</strong></span> 
     </span>
    </p>
   </div>
   <div class='ocr_carea' id='block_1_66' title="bbox 300 3218 1881 3294">
    <p class='ocr_par' dir='ltr' id='par_1_66' title="bbox 300 3218 1881 3294">
     <span class='ocr_line' id='line_1_66' title="bbox 300 3218 1881 3294; baseline 0.004 -24"><span class='ocrx_word' id='word_1_525' title='bbox 300 3218 480 3272; x_wconf 82' lang='grc' dir='ltr'>οἱκίαν</span> <span class='ocrx_word' id='word_1_526' title='bbox 514 3219 929 3290; x_wconf 72' lang='grc' dir='ltr'>ιπιρραἰνεσθαί</span> <span class='ocrx_word' id='word_1_527' title='bbox 977 3238 1171 3294; x_wconf 76' lang='grc' dir='ltr'>φησιν,</span> <span class='ocrx_word' id='word_1_528' title='bbox 1223 3222 1309 3276; x_wconf 77' lang='grc' dir='ltr'>ἵνα</span> <span class='ocrx_word' id='word_1_529' title='bbox 1348 3223 1443 3276; x_wconf 78' lang='grc' dir='ltr'><strong>καὶ</strong></span> <span class='ocrx_word' id='word_1_530' title='bbox 1478 3222 1881 3293; x_wconf 74' lang='grc' dir='ltr'>ἀφαγνίζηται,</span> 
     </span>
    </p>
   </div>
   <div class='ocr_carea' id='block_1_67' title="bbox 301 3307 1883 3385">
    <p class='ocr_par' dir='ltr' id='par_1_67' title="bbox 301 3307 1883 3385">
     <span class='ocr_line' id='line_1_67' title="bbox 301 3307 1883 3385; baseline 0.004 -25"><span class='ocrx_word' id='word_1_531' title='bbox 301 3307 444 3361; x_wconf 81' lang='grc' dir='ltr'><strong>κατά</strong></span> <span class='ocrx_word' id='word_1_532' title='bbox 489 3308 555 3361; x_wconf 83' lang='grc' dir='ltr'>τὸ</span> <span class='ocrx_word' id='word_1_533' title='bbox 606 3309 895 3381; x_wconf 71' lang='grc' dir='ltr'>εἰρημένον</span> <span class='ocrx_word' id='word_1_534' title='bbox 935 3310 1193 3384; x_wconf 80' lang='grc' dir='ltr'>Ίεζεχιὴλ</span> <span class='ocrx_word' id='word_1_535' title='bbox 1233 3312 1313 3383; x_wconf 85' lang='grc' dir='ltr'>τῷ</span> <span class='ocrx_word' id='word_1_536' title='bbox 1357 3314 1643 3385; x_wconf 76' lang='grc' dir='ltr'>προφήτῃο</span> <span class='ocrx_word' id='word_1_537' title='bbox 1694 3331 1713 3365; x_wconf 76' lang='grc' dir='ltr'><strong>ι</strong></span> <span class='ocrx_word' id='word_1_538' title='bbox 1774 3313 1883 3367; x_wconf 80' lang='grc' dir='ltr'><strong>Καὶ</strong></span> 
     </span>
    </p>
   </div>
   <div class='ocr_carea' id='block_1_68' title="bbox 303 3399 1882 3472">
    <p class='ocr_par' dir='ltr' id='par_1_68' title="bbox 303 3399 1882 3472">
     <span class='ocr_line' id='line_1_68' title="bbox 303 3399 1882 3472; baseline 0.003 -21"><span class='ocrx_word' id='word_1_539' title='bbox 303 3399 546 3469; x_wconf 64' lang='grc' dir='ltr'>λήψομαι</span> <span class='ocrx_word' id='word_1_540' title='bbox 577 3400 721 3471; x_wconf 82' lang='grc' dir='ltr'>ὑμᾶς</span> <span class='ocrx_word' id='word_1_541' title='bbox 765 3402 830 3454; x_wconf 80' lang='grc' dir='ltr'>ὲκ</span> <span class='ocrx_word' id='word_1_542' title='bbox 860 3401 967 3456; x_wconf 82' lang='grc' dir='ltr'><strong>τῶν</strong></span> <span class='ocrx_word' id='word_1_543' title='bbox 1000 3402 1202 3469; x_wconf 76' lang='grc' dir='ltr'>ἐθνῶν,</span> <span class='ocrx_word' id='word_1_544' title='bbox 1244 3402 1336 3456; x_wconf 81' lang='grc' dir='ltr'>καὶ</span> <span class='ocrx_word' id='word_1_545' title='bbox 1380 3402 1591 3468; x_wconf 79' lang='grc' dir='ltr'>συνάξω</span> <span class='ocrx_word' id='word_1_546' title='bbox 1631 3402 1776 3472; x_wconf 81' lang='grc' dir='ltr'>ὑμᾶς</span> <span class='ocrx_word' id='word_1_547' title='bbox 1818 3404 1882 3456; x_wconf 84' lang='grc' dir='ltr'>ὲκ</span> 
     </span>
    </p>
   </div>
   <div class='ocr_carea' id='block_1_69' title="bbox 302 3489 1884 3566">
    <p class='ocr_par' dir='ltr' id='par_1_69' title="bbox 302 3489 1884 3566">
     <span class='ocr_line' id='line_1_69' title="bbox 302 3489 1884 3566; baseline 0.003 -23"><span class='ocrx_word' id='word_1_548' title='bbox 302 3489 409 3544; x_wconf 78' lang='grc' dir='ltr'>τῶν</span> <span class='ocrx_word' id='word_1_549' title='bbox 447 3489 673 3561; x_wconf 75' lang='grc' dir='ltr'>χωρῶν,</span> <span class='ocrx_word' id='word_1_550' title='bbox 717 3493 810 3546; x_wconf 80' lang='grc' dir='ltr'><strong>καί</strong></span> <span class='ocrx_word' id='word_1_551' title='bbox 841 3493 989 3562; x_wconf 80' lang='grc' dir='ltr'>ρανῶ</span> <span class='ocrx_word' id='word_1_552' title='bbox 1015 3493 1101 3564; x_wconf 78' lang='grc' dir='ltr'><strong>ἐφ’</strong></span> <span class='ocrx_word' id='word_1_553' title='bbox 1147 3493 1290 3564; x_wconf 79' lang='grc' dir='ltr'>ὑμᾶς</span> <span class='ocrx_word' id='word_1_554' title='bbox 1319 3493 1462 3564; x_wconf 78' lang='grc' dir='ltr'>ὕδωρ</span> <span class='ocrx_word' id='word_1_555' title='bbox 1490 3493 1761 3566; x_wconf 67' lang='grc' dir='ltr'>καθαρὸν,</span> <span class='ocrx_word' id='word_1_556' title='bbox 1790 3494 1884 3548; x_wconf 76' lang='grc' dir='ltr'>καὶ</span> 
     </span>
    </p>
   </div>
   <div class='ocr_carea' id='block_1_70' title="bbox 306 3580 1884 3656">
    <p class='ocr_par' dir='ltr' id='par_1_70' title="bbox 306 3580 1884 3656">
     <span class='ocr_line' id='line_1_70' title="bbox 306 3580 1884 3656; baseline 0.004 -25"><span class='ocrx_word' id='word_1_557' title='bbox 306 3580 798 3651; x_wconf 58' lang='grc' dir='ltr'>καὼρισθήσεσθε.</span> <span class='ocrx_word' id='word_1_558' title='bbox 849 3601 869 3634; x_wconf 72' lang='grc' dir='ltr'><strong>ι</strong></span> <span class='ocrx_word' id='word_1_559' title='bbox 912 3584 1361 3656; x_wconf 69' lang='grc' dir='ltr'>Περιρῥαίνεσθαι</span> <span class='ocrx_word' id='word_1_560' title='bbox 1389 3585 1446 3643; x_wconf 75' lang='grc' dir='ltr'>δὲ</span> <span class='ocrx_word' id='word_1_561' title='bbox 1486 3586 1579 3638; x_wconf 76' lang='grc' dir='ltr'><strong>καὶ</strong></span> <span class='ocrx_word' id='word_1_562' title='bbox 1617 3586 1718 3639; x_wconf 82' lang='grc' dir='ltr'>οὐκ</span> <span class='ocrx_word' id='word_1_563' title='bbox 1767 3586 1884 3637; x_wconf 87' lang='grc' dir='ltr'>εἰσ-</span> 
     </span>
    </p>
   </div>
   <div class='ocr_carea' id='block_1_71' title="bbox 302 3667 1882 3744">
    <p class='ocr_par' dir='ltr' id='par_1_71' title="bbox 302 3667 1882 3744">
     <span class='ocr_line' id='line_1_71' title="bbox 302 3667 1882 3744; baseline 0.003 -22"><span class='ocrx_word' id='word_1_564' title='bbox 302 3670 452 3735; x_wconf 76' lang='grc' dir='ltr'>άπαξ</span> <span class='ocrx_word' id='word_1_565' title='bbox 473 3671 672 3741; x_wconf 76' lang='grc' dir='ltr'>αὐτὴν,</span> <span class='ocrx_word' id='word_1_566' title='bbox 692 3671 807 3725; x_wconf 76' lang='grc' dir='ltr'>ἀλλ’</span> <span class='ocrx_word' id='word_1_567' title='bbox 834 3673 1063 3736; x_wconf 76' lang='grc' dir='ltr'>ἑπτάκις</span> <span class='ocrx_word' id='word_1_568' title='bbox 1089 3672 1318 3729; x_wconf 75' lang='grc' dir='ltr'>κελεύει.</span> <span class='ocrx_word' id='word_1_569' title='bbox 1352 3690 1371 3724; x_wconf 77' lang='grc' dir='ltr'><strong>ι</strong></span> <span class='ocrx_word' id='word_1_570' title='bbox 1392 3667 1465 3727; x_wconf 63' lang='lat' dir='ltr'><strong>Ob</strong></span> <span class='ocrx_word' id='word_1_571' title='bbox 1490 3673 1598 3744; x_wconf 84' lang='lat'><strong>7&amp;9</strong></span> <span class='ocrx_word' id='word_1_572' title='bbox 1623 3672 1882 3727; x_wconf 73' lang='grc' dir='ltr'>ἐπλεόνα-</span> 
     </span>
    </p>
   </div>
   <div class='ocr_carea' id='block_1_72' title="bbox 304 3760 1883 3837">
    <p class='ocr_par' dir='ltr' id='par_1_72' title="bbox 304 3760 1883 3837">
     <span class='ocr_line' id='line_1_72' title="bbox 304 3760 1883 3837; baseline 0.001 -20"><span class='ocrx_word' id='word_1_573' title='bbox 304 3780 395 3817; x_wconf 87' lang='grc' dir='ltr'><strong>σεν</strong></span> <span class='ocrx_word' id='word_1_574' title='bbox 438 3766 473 3835; x_wconf 77' lang='grc' dir='ltr'>ἡ</span> <span class='ocrx_word' id='word_1_575' title='bbox 515 3763 789 3836; x_wconf 79' lang='grc' dir='ltr'>ἁμαρτία,</span> <span class='ocrx_word' id='word_1_576' title='bbox 823 3765 1418 3837; x_wconf 81' lang='grc' dir='ltr'>ὑπερεπερίσσευσενή</span> <span class='ocrx_word' id='word_1_577' title='bbox 1463 3766 1640 3836; x_wconf 76' lang='grc' dir='ltr'>χάρις.</span> <span class='ocrx_word' id='word_1_578' title='bbox 1694 3784 1713 3817; x_wconf 73' lang='grc' dir='ltr'><strong>ι</strong></span> <span class='ocrx_word' id='word_1_579' title='bbox 1748 3760 1883 3819; x_wconf 82' lang='grc' dir='ltr'>Εἶτα</span> 
     </span>
    </p>
   </div>
   <div class='ocr_carea' id='block_1_73' title="bbox 303 3852 1883 3925">
    <p class='ocr_par' dir='ltr' id='par_1_73' title="bbox 303 3852 1883 3925">
     <span class='ocr_line' id='line_1_73' title="bbox 303 3852 1883 3925; baseline -0.001 -17"><span class='ocrx_word' id='word_1_580' title='bbox 303 3853 513 3917; x_wconf 78' lang='grc' dir='ltr'>τούτοις</span> <span class='ocrx_word' id='word_1_581' title='bbox 556 3854 754 3922; x_wconf 67' lang='grc' dir='ltr'>ἐπάγει</span> <span class='ocrx_word' id='word_1_582' title='bbox 784 3855 946 3908; x_wconf 83' lang='grc' dir='ltr'>πάλιν</span> <span class='ocrx_word' id='word_1_583' title='bbox 987 3857 1016 3909; x_wconf 88' lang='grc' dir='ltr'><strong>ό</strong></span> <span class='ocrx_word' id='word_1_584' title='bbox 1056 3855 1382 3925; x_wconf 71' lang='grc' dir='ltr'>νομοθέτης,</span> <span class='ocrx_word' id='word_1_585' title='bbox 1427 3854 1509 3908; x_wconf 79' lang='grc' dir='ltr'>ὅτι</span> <span class='ocrx_word' id='word_1_586' title='bbox 1553 3854 1646 3908; x_wconf 79' lang='grc' dir='ltr'>καὶ</span> <span class='ocrx_word' id='word_1_587' title='bbox 1686 3852 1883 3918; x_wconf 78' lang='grc' dir='ltr'>ἐξαπο-</span> 
     </span>
    </p>
   </div>
   <div class='ocr_carea' id='block_1_74' title="bbox 304 3944 1883 4017">
    <p class='ocr_par' dir='ltr' id='par_1_74' title="bbox 304 3944 1883 4017">
     <span class='ocr_line' id='line_1_74' title="bbox 304 3944 1883 4017; baseline -0.001 -17"><span class='ocrx_word' id='word_1_588' title='bbox 304 3947 484 4003; x_wconf 77' lang='grc' dir='ltr'>στελεῖ</span> <span class='ocrx_word' id='word_1_589' title='bbox 509 3946 572 3999; x_wconf 81' lang='grc' dir='ltr'>τὸ</span> <span class='ocrx_word' id='word_1_590' title='bbox 597 3946 829 4017; x_wconf 81' lang='grc' dir='ltr'>ὀρνίθιον</span> <span class='ocrx_word' id='word_1_591' title='bbox 856 3948 916 3999; x_wconf 77' lang='grc' dir='ltr'>τὸ</span> <span class='ocrx_word' id='word_1_592' title='bbox 945 3945 1052 4010; x_wconf 75' lang='grc' dir='ltr'>ζῶν</span> <span class='ocrx_word' id='word_1_593' title='bbox 1076 3945 1183 4013; x_wconf 75' lang='grc' dir='ltr'><strong>ἔξω</strong></span> <span class='ocrx_word' id='word_1_594' title='bbox 1214 3945 1312 4017; x_wconf 85' lang='grc' dir='ltr'>τῆς</span> <span class='ocrx_word' id='word_1_595' title='bbox 1340 3945 1547 4010; x_wconf 79' lang='grc' dir='ltr'>πόλεως</span> <span class='ocrx_word' id='word_1_596' title='bbox 1583 3947 1663 4008; x_wconf 87' lang='grc' dir='ltr'><strong>εἰς</strong></span> <span class='ocrx_word' id='word_1_597' title='bbox 1695 3944 1757 3998; x_wconf 80' lang='grc' dir='ltr'>τὸ</span> <span class='ocrx_word' id='word_1_598' title='bbox 1785 3961 1883 3999; x_wconf 84' lang='grc' dir='ltr'>πε-</span> 
     </span>
    </p>
   </div>
   <div class='ocr_carea' id='block_1_75' title="bbox 302 4034 1884 4110">
    <p class='ocr_par' dir='ltr' id='par_1_75' title="bbox 302 4034 1884 4110">
     <span class='ocr_line' id='line_1_75' title="bbox 302 4034 1884 4110; baseline -0.002 -18"><span class='ocrx_word' id='word_1_599' title='bbox 302 4039 451 4103; x_wconf 83' lang='grc' dir='ltr'>δίον,</span> <span class='ocrx_word' id='word_1_600' title='bbox 489 4040 585 4093; x_wconf 79' lang='grc' dir='ltr'>καὶ</span> <span class='ocrx_word' id='word_1_601' title='bbox 635 4039 939 4105; x_wconf 75' lang='grc' dir='ltr'>ἑξιλάσεται</span> <span class='ocrx_word' id='word_1_602' title='bbox 978 4039 1105 4110; x_wconf 75' lang='grc' dir='ltr'>περὶ</span> <span class='ocrx_word' id='word_1_603' title='bbox 1145 4037 1245 4109; x_wconf 79' lang='grc' dir='ltr'>τῆς</span> <span class='ocrx_word' id='word_1_604' title='bbox 1287 4038 1494 4104; x_wconf 84' lang='grc' dir='ltr'>οἰκίας,</span> <span class='ocrx_word' id='word_1_605' title='bbox 1529 4038 1622 4092; x_wconf 78' lang='grc' dir='ltr'>καὶ</span> <span class='ocrx_word' id='word_1_606' title='bbox 1665 4034 1884 4106; x_wconf 81' lang='grc' dir='ltr'>καθαρὰ</span> 
     </span>
    </p>
   </div>
   <div class='ocr_carea' id='block_1_76' title="bbox 301 4129 1881 4201">
    <p class='ocr_par' dir='ltr' id='par_1_76' title="bbox 301 4129 1881 4201">
     <span class='ocr_line' id='line_1_76' title="bbox 301 4129 1881 4201; baseline -0.001 -18"><span class='ocrx_word' id='word_1_607' title='bbox 301 4129 478 4184; x_wconf 70' lang='grc' dir='ltr'>ἔσται.</span> <span class='ocrx_word' id='word_1_608' title='bbox 530 4131 623 4193; x_wconf 83' lang='grc' dir='ltr'>Εἰς</span> <span class='ocrx_word' id='word_1_609' title='bbox 666 4130 836 4184; x_wconf 69' lang='grc' dir='ltr'>τύπον</span> <span class='ocrx_word' id='word_1_610' title='bbox 876 4131 974 4201; x_wconf 78' lang='grc' dir='ltr'>τῆς</span> <span class='ocrx_word' id='word_1_611' title='bbox 1036 4130 1302 4184; x_wconf 81' lang='grc' dir='ltr'>Ἰουδαίων</span> <span class='ocrx_word' id='word_1_612' title='bbox 1348 4130 1717 4200; x_wconf 82' lang='grc' dir='ltr'>Συναγωγῆς,</span> <span class='ocrx_word' id='word_1_613' title='bbox 1761 4129 1881 4199; x_wconf 72' lang='grc' dir='ltr'>ἦτοι</span> 
     </span>
    </p>
   </div>
   <div class='ocr_carea' id='block_1_77' title="bbox 301 4218 1883 4297">
    <p class='ocr_par' dir='ltr' id='par_1_77' title="bbox 301 4218 1883 4297">
     <span class='ocr_line' id='line_1_77' title="bbox 301 4218 1883 4297; baseline 0.001 -25"><span class='ocrx_word' id='word_1_614' title='bbox 301 4222 508 4285; x_wconf 77' lang='grc' dir='ltr'>παντὸς</span> <span class='ocrx_word' id='word_1_615' title='bbox 547 4221 643 4276; x_wconf 78' lang='grc' dir='ltr'>τοῦ</span> <span class='ocrx_word' id='word_1_616' title='bbox 677 4222 864 4285; x_wconf 79' lang='grc' dir='ltr'>ἒθνους</span> <span class='ocrx_word' id='word_1_617' title='bbox 884 4262 900 4289; x_wconf 93' lang='grc'><strong>,</strong></span> <span class='ocrx_word' id='word_1_618' title='bbox 933 4222 1032 4297; x_wconf 75' lang='grc' dir='ltr'>τὴν</span> <span class='ocrx_word' id='word_1_619' title='bbox 1053 4222 1254 4290; x_wconf 81' lang='grc' dir='ltr'>ἀρτίως</span> <span class='ocrx_word' id='word_1_620' title='bbox 1278 4223 1409 4293; x_wconf 77' lang='grc' dir='ltr'>ἡμῖν</span> <span class='ocrx_word' id='word_1_621' title='bbox 1449 4218 1883 4291; x_wconf 80' lang='grc' dir='ltr'>κατωνομασμέ-</span> 
     </span>
    </p>
   </div>
   <div class='ocr_carea' id='block_1_78' title="bbox 302 4307 1882 4383">
    <p class='ocr_par' dir='ltr' id='par_1_78' title="bbox 302 4307 1882 4383">
     <span class='ocr_line' id='line_1_78' title="bbox 302 4307 1882 4383; baseline -0.002 -18"><span class='ocrx_word' id='word_1_622' title='bbox 302 4330 402 4383; x_wconf 81' lang='grc' dir='ltr'><strong>νην</strong></span> <span class='ocrx_word' id='word_1_623' title='bbox 434 4331 454 4364; x_wconf 79' lang='grc' dir='ltr'><strong>ι</strong></span> <span class='ocrx_word' id='word_1_624' title='bbox 478 4312 670 4368; x_wconf 84' lang='grc' dir='ltr'>Οἰκίαν</span> <span class='ocrx_word' id='word_1_625' title='bbox 694 4333 712 4364; x_wconf 74' lang='grc' dir='ltr'><strong>ο</strong></span> <span class='ocrx_word' id='word_1_626' title='bbox 745 4312 1034 4383; x_wconf 72' lang='grc' dir='ltr'>ὲλάϐομεν.</span> <span class='ocrx_word' id='word_1_627' title='bbox 1057 4312 1216 4366; x_wconf 82' lang='grc' dir='ltr'>Πόλιν</span> <span class='ocrx_word' id='word_1_628' title='bbox 1245 4312 1302 4366; x_wconf 82' lang='grc' dir='ltr'>δὲ</span> <span class='ocrx_word' id='word_1_629' title='bbox 1326 4307 1465 4365; x_wconf 79' lang='grc' dir='ltr'>εἶναι</span> <span class='ocrx_word' id='word_1_630' title='bbox 1499 4310 1764 4381; x_wconf 81' lang='grc' dir='ltr'>δώσομεν,</span> <span class='ocrx_word' id='word_1_631' title='bbox 1784 4309 1882 4380; x_wconf 84' lang='grc' dir='ltr'>τὴν</span> 
     </span>
    </p>
   </div>
   <div class='ocr_carea' id='block_1_79' title="bbox 302 4400 1880 4479">
    <p class='ocr_par' dir='ltr' id='par_1_79' title="bbox 302 4400 1880 4479">
     <span class='ocr_line' id='line_1_79' title="bbox 302 4400 1880 4479; baseline -0.004 -17"><span class='ocrx_word' id='word_1_632' title='bbox 302 4404 517 4463; x_wconf 71' lang='grc' dir='ltr'>πολλῶν</span> <span class='ocrx_word' id='word_1_633' title='bbox 541 4407 731 4461; x_wconf 84' lang='grc' dir='ltr'>οἰκιῶν</span> <span class='ocrx_word' id='word_1_634' title='bbox 751 4409 1121 4479; x_wconf 78' lang='grc' dir='ltr'>περιεκτικήν.</span> <span class='ocrx_word' id='word_1_635' title='bbox 1152 4406 1420 4477; x_wconf 83' lang='grc' dir='ltr'>Τοιαύτην</span> <span class='ocrx_word' id='word_1_636' title='bbox 1442 4405 1565 4461; x_wconf 84' lang='grc' dir='ltr'>τινὰ</span> <span class='ocrx_word' id='word_1_637' title='bbox 1590 4400 1732 4460; x_wconf 83' lang='grc' dir='ltr'>εἰναι</span> <span class='ocrx_word' id='word_1_638' title='bbox 1756 4403 1880 4475; x_wconf 64' lang='lat' dir='ltr'><strong>v01;-</strong></span> 
     </span>
    </p>
   </div>
   <div class='ocr_carea' id='block_1_80' title="bbox 1982 3218 3561 3290">
    <p class='ocr_par' dir='ltr' id='par_1_80' title="bbox 1982 3218 3561 3290">
     <span class='ocr_line' id='line_1_80' title="bbox 1982 3218 3561 3290; baseline 0.002 -17"><span class='ocrx_word' id='word_1_639' title='bbox 1982 3233 2096 3273; x_wconf 90' lang='lat' dir='ltr'><strong>nuo</strong></span> <span class='ocrx_word' id='word_1_640' title='bbox 2137 3218 2290 3275; x_wconf 83' lang='lat' dir='ltr'><strong>addit</strong></span> <span class='ocrx_word' id='word_1_641' title='bbox 2341 3218 2620 3290; x_wconf 89' lang='lat' dir='ltr'><strong>legislator</strong></span> <span class='ocrx_word' id='word_1_642' title='bbox 2674 3226 2737 3274; x_wconf 91' lang='lat' dir='ltr'><strong>ut</strong></span> <span class='ocrx_word' id='word_1_643' title='bbox 2780 3220 3022 3275; x_wconf 90' lang='lat' dir='ltr'><strong>dimittat</strong></span> <span class='ocrx_word' id='word_1_644' title='bbox 3065 3221 3353 3276; x_wconf 86' lang='lat' dir='ltr'><strong>aviculam-</strong></span> <span class='ocrx_word' id='word_1_645' title='bbox 3384 3221 3561 3276; x_wconf 87' lang='lat' dir='ltr'><strong>vivam</strong></span> 
     </span>
    </p>
   </div>
   <div class='ocr_carea' id='block_1_81' title="bbox 1982 3308 3563 3381">
    <p class='ocr_par' dir='ltr' id='par_1_81' title="bbox 1982 3308 3563 3381">
     <span class='ocr_line' id='line_1_81' title="bbox 1982 3308 3563 3381; baseline 0.001 -16"><span class='ocrx_word' id='word_1_646' title='bbox 1982 3317 2136 3365; x_wconf 81' lang='lat' dir='ltr'><strong>extra</strong></span> <span class='ocrx_word' id='word_1_647' title='bbox 2168 3308 2364 3364; x_wconf 89' lang='lat' dir='ltr'><strong>urbem</strong></span> <span class='ocrx_word' id='word_1_648' title='bbox 2398 3310 2457 3364; x_wconf 93' lang='lat' dir='ltr'><strong>in</strong></span> <span class='ocrx_word' id='word_1_649' title='bbox 2475 3325 2754 3381; x_wconf 86' lang='lat' dir='ltr'><strong>campum,</strong></span> <span class='ocrx_word' id='word_1_650' title='bbox 2774 3319 2853 3365; x_wconf 65' lang='lat' dir='ltr'><strong>&#39;et</strong></span> <span class='ocrx_word' id='word_1_651' title='bbox 2883 3310 3207 3381; x_wconf 84' lang='lat' dir='ltr'><strong>precabitur</strong></span> <span class='ocrx_word' id='word_1_652' title='bbox 3228 3326 3330 3381; x_wconf 87' lang='lat' dir='ltr'><strong>pro</strong></span> <span class='ocrx_word' id='word_1_653' title='bbox 3374 3311 3563 3378; x_wconf 82' lang='lat' dir='ltr'><strong>domo,</strong></span> 
     </span>
    </p>
   </div>
   <div class='ocr_carea' id='block_1_82' title="bbox 1984 3401 3563 3476">
    <p class='ocr_par' dir='ltr' id='par_1_82' title="bbox 1984 3401 3563 3476">
     <span class='ocr_line' id='line_1_82' title="bbox 1984 3401 3563 3476; baseline 0.003 -21"><span class='ocrx_word' id='word_1_654' title='bbox 1984 3401 2296 3471; x_wconf 87' lang='lat' dir='ltr'><strong>mundaque</strong></span> <span class='ocrx_word' id='word_1_655' title='bbox 2322 3402 2451 3458; x_wconf 87' lang='lat' dir='ltr'><strong>erit.</strong></span> <span class='ocrx_word' id='word_1_656' title='bbox 2500 3403 2772 3457; x_wconf 85' lang='lat' dir='ltr'><strong>Nimirum</strong></span> <span class='ocrx_word' id='word_1_657' title='bbox 2808 3403 2864 3457; x_wconf 91' lang='lat' dir='ltr'><strong>in</strong></span> <span class='ocrx_word' id='word_1_658' title='bbox 2900 3412 3091 3475; x_wconf 86' lang='lat' dir='ltr'><strong>typum</strong></span> <span class='ocrx_word' id='word_1_659' title='bbox 3129 3404 3370 3461; x_wconf 66' lang='lat' dir='ltr'><strong>Iudaicae</strong></span> <span class='ocrx_word' id='word_1_660' title='bbox 3420 3404 3563 3476; x_wconf 81' lang='lat' dir='ltr'><strong>Syn-</strong></span> 
     </span>
    </p>
   </div>
   <div class='ocr_carea' id='block_1_83' title="bbox 1983 3494 3556 3566">
    <p class='ocr_par' dir='ltr' id='par_1_83' title="bbox 1983 3494 3556 3566">
     <span class='ocr_line' id='line_1_83' title="bbox 1983 3494 3556 3566; baseline 0 -19"><span class='ocrx_word' id='word_1_661' title='bbox 1983 3508 2184 3564; x_wconf 73' lang='lat' dir='ltr'><strong>agogze,</strong></span> <span class='ocrx_word' id='word_1_662' title='bbox 2197 3494 2311 3548; x_wconf 90' lang='lat' dir='ltr'><strong>sive</strong></span> <span class='ocrx_word' id='word_1_663' title='bbox 2327 3494 2571 3565; x_wconf 91' lang='lat' dir='ltr'><strong>gentium</strong></span> <span class='ocrx_word' id='word_1_664' title='bbox 2590 3495 2859 3560; x_wconf 88' lang='lat' dir='ltr'><strong>omnium,</strong></span> <span class='ocrx_word' id='word_1_665' title='bbox 2882 3510 3047 3566; x_wconf 89' lang='lat' dir='ltr'><strong>quam</strong></span> <span class='ocrx_word' id='word_1_666' title='bbox 3068 3511 3247 3566; x_wconf 87' lang='lat' dir='ltr'><strong>nuper</strong></span> <span class='ocrx_word' id='word_1_667' title='bbox 3267 3515 3283 3547; x_wconf 76' lang='grc' dir='ltr'><strong>ι</strong></span> <span class='ocrx_word' id='word_1_668' title='bbox 3296 3497 3523 3551; x_wconf 90' lang='lat' dir='ltr'><strong>Domum</strong></span> <span class='ocrx_word' id='word_1_669' title='bbox 3536 3515 3556 3547; x_wconf 74' lang='grc' dir='ltr'><strong>ι</strong></span> 
     </span>
    </p>
   </div>
   <div class='ocr_carea' id='block_1_84' title="bbox 1982 3586 3563 3657">
    <p class='ocr_par' dir='ltr' id='par_1_84' title="bbox 1982 3586 3563 3657">
     <span class='ocr_line' id='line_1_84' title="bbox 1982 3586 3563 3657; baseline 0.001 -16"><span class='ocrx_word' id='word_1_670' title='bbox 1982 3586 2407 3652; x_wconf 84' lang='lat' dir='ltr'><strong>nominavimus,</strong></span> <span class='ocrx_word' id='word_1_671' title='bbox 2446 3588 2781 3657; x_wconf 86' lang='lat' dir='ltr'><strong>accepimus.</strong></span> <span class='ocrx_word' id='word_1_672' title='bbox 2813 3586 3018 3643; x_wconf 87' lang='lat' dir='ltr'><strong>Urbem</strong></span> <span class='ocrx_word' id='word_1_673' title='bbox 3061 3602 3195 3642; x_wconf 92' lang='lat' dir='ltr'><strong>vero</strong></span> <span class='ocrx_word' id='word_1_674' title='bbox 3236 3602 3358 3643; x_wconf 87' lang='lat' dir='ltr'><strong>esse</strong></span> <span class='ocrx_word' id='word_1_675' title='bbox 3411 3587 3563 3642; x_wconf 90' lang='lat' dir='ltr'><strong>dice-</strong></span> 
     </span>
    </p>
   </div>
   <div class='ocr_carea' id='block_1_85' title="bbox 1983 3677 3562 3748">
    <p class='ocr_par' dir='ltr' id='par_1_85' title="bbox 1983 3677 3562 3748">
     <span class='ocr_line' id='line_1_85' title="bbox 1983 3677 3562 3748; baseline 0.001 -17"><span class='ocrx_word' id='word_1_676' title='bbox 1983 3692 2107 3732; x_wconf 89' lang='lat' dir='ltr'><strong>mus</strong></span> <span class='ocrx_word' id='word_1_677' title='bbox 2163 3677 2460 3733; x_wconf 89' lang='lat' dir='ltr'><strong>multarum</strong></span> <span class='ocrx_word' id='word_1_678' title='bbox 2507 3678 2709 3733; x_wconf 63' lang='lat' dir='ltr'><strong>aedium</strong></span> <span class='ocrx_word' id='word_1_679' title='bbox 2756 3677 3326 3748; x_wconf 90' lang='lat' dir='ltr'><strong>comprehensionem.</strong></span> <span class='ocrx_word' id='word_1_680' title='bbox 3375 3677 3562 3732; x_wconf 87' lang='lat' dir='ltr'><strong>Talem</strong></span> 
     </span>
    </p>
   </div>
   <div class='ocr_carea' id='block_1_86' title="bbox 1981 3767 3561 3840">
    <p class='ocr_par' dir='ltr' id='par_1_86' title="bbox 1981 3767 3561 3840">
     <span class='ocr_line' id='line_1_86' title="bbox 1981 3767 3561 3840; baseline -0.002 -16"><span class='ocrx_word' id='word_1_681' title='bbox 1981 3782 2104 3824; x_wconf 89' lang='lat' dir='ltr'><strong>esse</strong></span> <span class='ocrx_word' id='word_1_682' title='bbox 2140 3784 2439 3840; x_wconf 86' lang='lat' dir='ltr'><strong>cognosces</strong></span> <span class='ocrx_word' id='word_1_683' title='bbox 2464 3769 2653 3825; x_wconf 86' lang='lat' dir='ltr'><strong>orbem</strong></span> <span class='ocrx_word' id='word_1_684' title='bbox 2687 3769 3047 3824; x_wconf 87' lang='lat' dir='ltr'><strong>habitabilem</strong></span> <span class='ocrx_word' id='word_1_685' title='bbox 3077 3769 3247 3823; x_wconf 87' lang='lat' dir='ltr'><strong>multa</strong></span> <span class='ocrx_word' id='word_1_686' title='bbox 3274 3767 3561 3822; x_wconf 90' lang='lat' dir='ltr'><strong>hominum</strong></span> 
     </span>
    </p>
   </div>
   <div class='ocr_carea' id='block_1_87' title="bbox 1984 3859 3562 3931">
    <p class='ocr_par' dir='ltr' id='par_1_87' title="bbox 1984 3859 3562 3931">
     <span class='ocr_line' id='line_1_87' title="bbox 1984 3859 3562 3931; baseline -0.001 -16"><span class='ocrx_word' id='word_1_687' title='bbox 1984 3876 2185 3931; x_wconf 88' lang='lat' dir='ltr'><strong>genera</strong></span> <span class='ocrx_word' id='word_1_688' title='bbox 2219 3861 2696 3931; x_wconf 82' lang='lat' dir='ltr'><strong>complectentem,</strong></span> <span class='ocrx_word' id='word_1_689' title='bbox 2733 3870 2790 3916; x_wconf 90' lang='lat' dir='ltr'><strong>at</strong></span> <span class='ocrx_word' id='word_1_690' title='bbox 2825 3860 3169 3915; x_wconf 86' lang='lat' dir='ltr'><strong>ﬁrmamento</strong></span> <span class='ocrx_word' id='word_1_691' title='bbox 3205 3859 3376 3913; x_wconf 89' lang='lat' dir='ltr'><strong>veluti</strong></span> <span class='ocrx_word' id='word_1_692' title='bbox 3402 3874 3562 3914; x_wconf 88' lang='lat' dir='ltr'><strong>muro</strong></span> 
     </span>
    </p>
   </div>
   <div class='ocr_carea' id='block_1_88' title="bbox 1982 3948 3557 4022">
    <p class='ocr_par' dir='ltr' id='par_1_88' title="bbox 1982 3948 3557 4022">
     <span class='ocr_line' id='line_1_88' title="bbox 1982 3948 3557 4022; baseline -0.001 -16"><span class='ocrx_word' id='word_1_693' title='bbox 1982 3951 2221 4020; x_wconf 83' lang='lat' dir='ltr'><strong>quodam</strong></span> <span class='ocrx_word' id='word_1_694' title='bbox 2250 3950 2725 4015; x_wconf 86' lang='lat' dir='ltr'><strong>circumcinctum,</strong></span> <span class='ocrx_word' id='word_1_695' title='bbox 2751 3958 2876 4022; x_wconf 90' lang='lat' dir='ltr'><strong>post</strong></span> <span class='ocrx_word' id='word_1_696' title='bbox 2908 3950 3054 4020; x_wconf 86' lang='lat' dir='ltr'><strong>quod</strong></span> <span class='ocrx_word' id='word_1_697' title='bbox 3086 3948 3306 4004; x_wconf 85' lang='lat' dir='ltr'><strong>tandem</strong></span> <span class='ocrx_word' id='word_1_698' title='bbox 3339 3950 3557 4019; x_wconf 83' lang='lat' dir='ltr'><strong>amplus</strong></span> 
     </span>
    </p>
   </div>
   <div class='ocr_carea' id='block_1_89' title="bbox 1981 4038 3560 4110">
    <p class='ocr_par' dir='ltr' id='par_1_89' title="bbox 1981 4038 3560 4110">
     <span class='ocr_line' id='line_1_89' title="bbox 1981 4038 3560 4110; baseline -0.002 -14"><span class='ocrx_word' id='word_1_699' title='bbox 1981 4041 2328 4110; x_wconf 88' lang='lat' dir='ltr'><strong>mundusquc</strong></span> <span class='ocrx_word' id='word_1_700' title='bbox 2354 4040 2595 4095; x_wconf 61' lang='lat' dir='ltr'><strong>caelestis</strong></span> <span class='ocrx_word' id='word_1_701' title='bbox 2619 4040 2770 4095; x_wconf 91' lang='lat' dir='ltr'><strong>orbis</strong></span> <span class='ocrx_word' id='word_1_702' title='bbox 2813 4054 3041 4110; x_wconf 87' lang='lat' dir='ltr'><strong>campus</strong></span> <span class='ocrx_word' id='word_1_703' title='bbox 3078 4038 3422 4110; x_wconf 86' lang='lat' dir='ltr'><strong>intelligitur.</strong></span> <span class='ocrx_word' id='word_1_704' title='bbox 3451 4039 3560 4093; x_wconf 82' lang='lat' dir='ltr'><strong>Do-</strong></span> 
     </span>
    </p>
   </div>
   <div class='ocr_carea' id='block_1_90' title="bbox 1983 4129 3561 4202">
    <p class='ocr_par' dir='ltr' id='par_1_90' title="bbox 1983 4129 3561 4202">
     <span class='ocr_line' id='line_1_90' title="bbox 1983 4129 3561 4202; baseline -0.001 -16"><span class='ocrx_word' id='word_1_705' title='bbox 1983 4141 2071 4187; x_wconf 86' lang='lat' dir='ltr'><strong>cet</strong></span> <span class='ocrx_word' id='word_1_706' title='bbox 2096 4131 2281 4200; x_wconf 80' lang='lat' dir='ltr'><strong>itaque</strong></span> <span class='ocrx_word' id='word_1_707' title='bbox 2309 4130 2589 4202; x_wconf 82' lang='lat' dir='ltr'><strong>legislator</strong></span> <span class='ocrx_word' id='word_1_708' title='bbox 2617 4146 2717 4201; x_wconf 88' lang='lat' dir='ltr'><strong>per</strong></span> <span class='ocrx_word' id='word_1_709' title='bbox 2745 4131 3016 4187; x_wconf 83' lang='lat' dir='ltr'><strong>avieulam</strong></span> <span class='ocrx_word' id='word_1_710' title='bbox 3046 4139 3202 4185; x_wconf 85' lang='lat' dir='ltr'><strong>extra</strong></span> <span class='ocrx_word' id='word_1_711' title='bbox 3253 4130 3449 4185; x_wconf 86' lang='lat' dir='ltr'><strong>urbem</strong></span> <span class='ocrx_word' id='word_1_712' title='bbox 3503 4129 3561 4184; x_wconf 91' lang='lat' dir='ltr'><strong>in</strong></span> 
     </span>
    </p>
   </div>
   <div class='ocr_carea' id='block_1_91' title="bbox 1982 4220 3560 4293">
    <p class='ocr_par' dir='ltr' id='par_1_91' title="bbox 1982 4220 3560 4293">
     <span class='ocr_line' id='line_1_91' title="bbox 1982 4220 3560 4293; baseline 0 -16"><span class='ocrx_word' id='word_1_713' title='bbox 1982 4236 2237 4292; x_wconf 88' lang='lat' dir='ltr'><strong>campum</strong></span> <span class='ocrx_word' id='word_1_714' title='bbox 2263 4221 2545 4277; x_wconf 84' lang='lat' dir='ltr'><strong>dimissam</strong></span> <span class='ocrx_word' id='word_1_715' title='bbox 2562 4220 2767 4277; x_wconf 89' lang='lat' dir='ltr'><strong>Christi</strong></span> <span class='ocrx_word' id='word_1_716' title='bbox 2786 4238 2816 4278; x_wconf 90' lang='lat' dir='ltr'><strong>e</strong></span> <span class='ocrx_word' id='word_1_717' title='bbox 2838 4222 3047 4278; x_wconf 91' lang='lat' dir='ltr'><strong>mundo</strong></span> <span class='ocrx_word' id='word_1_718' title='bbox 3078 4222 3560 4293; x_wconf 85' lang='lat' dir='ltr'><strong>demigrationem,</strong></span> 
     </span>
    </p>
   </div>
   <div class='ocr_carea' id='block_1_92' title="bbox 1983 4312 3563 4371">
    <p class='ocr_par' dir='ltr' id='par_1_92' title="bbox 1983 4312 3563 4371">
     <span class='ocr_line' id='line_1_92' title="bbox 1983 4312 3563 4371; baseline 0.001 -3"><span class='ocrx_word' id='word_1_719' title='bbox 1983 4320 2042 4368; x_wconf 85' lang='lat' dir='ltr'><strong>et</strong></span> <span class='ocrx_word' id='word_1_720' title='bbox 2080 4312 2136 4367; x_wconf 91' lang='lat' dir='ltr'><strong>in</strong></span> <span class='ocrx_word' id='word_1_721' title='bbox 2166 4313 2337 4368; x_wconf 72' lang='lat' dir='ltr'><strong>omlos</strong></span> <span class='ocrx_word' id='word_1_722' title='bbox 2366 4328 2673 4368; x_wconf 87' lang='lat' dir='ltr'><strong>ascensum.</strong></span> <span class='ocrx_word' id='word_1_723' title='bbox 2733 4314 2833 4369; x_wconf 86' lang='lat' dir='ltr'><strong>Hic</strong></span> <span class='ocrx_word' id='word_1_724' title='bbox 2867 4315 3016 4369; x_wconf 91' lang='lat' dir='ltr'><strong>enim</strong></span> <span class='ocrx_word' id='word_1_725' title='bbox 3043 4314 3111 4369; x_wconf 86' lang='lat' dir='ltr'><strong>ad</strong></span> <span class='ocrx_word' id='word_1_726' title='bbox 3152 4316 3322 4369; x_wconf 89' lang='lat' dir='ltr'><strong>Deum</strong></span> <span class='ocrx_word' id='word_1_727' title='bbox 3344 4325 3403 4370; x_wconf 90' lang='lat' dir='ltr'><strong>et</strong></span> <span class='ocrx_word' id='word_1_728' title='bbox 3459 4317 3563 4371; x_wconf 88' lang='lat' dir='ltr'><strong>Pa-</strong></span> 
     </span>
    </p>
   </div>
   <div class='ocr_carea' id='block_1_93' title="bbox 1915 4403 3558 4492">
    <p class='ocr_par' dir='ltr' id='par_1_93' title="bbox 1915 4403 3558 4492">
     <span class='ocr_line' id='line_1_93' title="bbox 1915 4403 3558 4492; baseline 0 -33"><span class='ocrx_word' id='word_1_729' title='bbox 1915 4432 1961 4492; x_wconf 77' lang='lat' dir='ltr'><strong>D</strong></span> <span class='ocrx_word' id='word_1_730' title='bbox 1987 4409 2127 4459; x_wconf 84' lang='lat' dir='ltr'><strong>trem</strong></span> <span class='ocrx_word' id='word_1_731' title='bbox 2152 4418 2278 4458; x_wconf 88' lang='lat' dir='ltr'><strong>cum</strong></span> <span class='ocrx_word' id='word_1_732' title='bbox 2300 4404 2472 4467; x_wconf 88' lang='lat' dir='ltr'><strong>venit,</strong></span> <span class='ocrx_word' id='word_1_733' title='bbox 2513 4418 2613 4472; x_wconf 88' lang='lat' dir='ltr'><strong>pro</strong></span> <span class='ocrx_word' id='word_1_734' title='bbox 2639 4404 2799 4459; x_wconf 88' lang='lat' dir='ltr'><strong>nobis</strong></span> <span class='ocrx_word' id='word_1_735' title='bbox 2833 4403 3112 4468; x_wconf 88' lang='lat' dir='ltr'><strong>omnibus,</strong></span> <span class='ocrx_word' id='word_1_736' title='bbox 3138 4414 3196 4458; x_wconf 89' lang='lat' dir='ltr'><strong>et</strong></span> <span class='ocrx_word' id='word_1_737' title='bbox 3239 4404 3558 4460; x_wconf 71' lang='lat' dir='ltr'><strong>Iudaeorum</strong></span> 
     </span>
    </p>
   </div>
   <div class='ocr_carea' id='block_1_94' title="bbox 304 4492 1881 4570">
    <p class='ocr_par' dir='ltr' id='par_1_94' title="bbox 304 4494 1881 4570">
     <span class='ocr_line' id='line_1_94' title="bbox 304 4494 1881 4570; baseline -0.001 -16"><span class='ocrx_word' id='word_1_738' title='bbox 304 4515 421 4564; x_wconf 85' lang='grc' dir='ltr'>σεις</span> <span class='ocrx_word' id='word_1_739' title='bbox 443 4500 546 4570; x_wconf 80' lang='grc' dir='ltr'>τὴν</span> <span class='ocrx_word' id='word_1_740' title='bbox 566 4497 690 4554; x_wconf 74' lang='grc' dir='ltr'>καθ’</span> <span class='ocrx_word' id='word_1_741' title='bbox 719 4500 862 4570; x_wconf 74' lang='grc' dir='ltr'>ἡμᾶς</span> <span class='ocrx_word' id='word_1_742' title='bbox 891 4499 1212 4569; x_wconf 78' lang='grc' dir='ltr'>οἰκουμένην</span> <span class='ocrx_word' id='word_1_743' title='bbox 1229 4538 1243 4562; x_wconf 90' lang='grc'><strong>,</strong></span> <span class='ocrx_word' id='word_1_744' title='bbox 1263 4497 1432 4552; x_wconf 79' lang='grc' dir='ltr'>πολλὰ</span> <span class='ocrx_word' id='word_1_745' title='bbox 1462 4497 1560 4568; x_wconf 79' lang='grc' dir='ltr'>μὲν</span> <span class='ocrx_word' id='word_1_746' title='bbox 1582 4494 1881 4567; x_wconf 81' lang='grc' dir='ltr'>ἀνθρώπων</span> 
     </span>
    </p>
   </div>
   <div class='ocr_carea' id='block_1_95' title="bbox 1979 4492 3563 4570">
    <p class='ocr_par' dir='ltr' id='par_1_95' title="bbox 1989 4492 3563 4564">
     <span class='ocr_line' id='line_1_95' title="bbox 1989 4492 3563 4564; baseline 0.002 -17"><span class='ocrx_word' id='word_1_747' title='bbox 1989 4492 2270 4564; x_wconf 77' lang='lat' dir='ltr'><strong>Synagoga</strong></span> <span class='ocrx_word' id='word_1_748' title='bbox 2296 4493 2702 4563; x_wconf 84' lang='lat' dir='ltr'><strong>deprecabitur,</strong></span> <span class='ocrx_word' id='word_1_749' title='bbox 2742 4501 2800 4548; x_wconf 91' lang='lat' dir='ltr'><strong>et</strong></span> <span class='ocrx_word' id='word_1_750' title='bbox 2850 4493 3273 4550; x_wconf 87' lang='lat' dir='ltr'><strong>emundabimnr</strong></span> <span class='ocrx_word' id='word_1_751' title='bbox 3310 4509 3430 4549; x_wconf 89' lang='lat' dir='ltr'><strong>nos.</strong></span> <span class='ocrx_word' id='word_1_752' title='bbox 3473 4493 3563 4550; x_wconf 87' lang='lat' dir='ltr'><strong>Sic</strong></span> 
     </span>
    </p>
   </div>
   <div class='ocr_carea' id='block_1_96' title="bbox 308 4584 1881 4660">
    <p class='ocr_par' dir='ltr' id='par_1_96' title="bbox 308 4585 1881 4660">
     <span class='ocr_line' id='line_1_96' title="bbox 308 4585 1881 4660; baseline -0.001 -23"><span class='ocrx_word' id='word_1_753' title='bbox 308 4585 640 4655; x_wconf 77' lang='grc' dir='ltr'>συνέχουσαν</span> <span class='ocrx_word' id='word_1_754' title='bbox 667 4586 797 4657; x_wconf 84' lang='grc' dir='ltr'>γένη</span> <span class='ocrx_word' id='word_1_755' title='bbox 817 4603 831 4618; x_wconf 88' lang='grc'><strong>·</strong></span> <span class='ocrx_word' id='word_1_756' title='bbox 860 4585 1033 4657; x_wconf 81' lang='grc' dir='ltr'>τείχει</span> <span class='ocrx_word' id='word_1_757' title='bbox 1066 4586 1121 4640; x_wconf 87' lang='grc' dir='ltr'>δὲ</span> <span class='ocrx_word' id='word_1_758' title='bbox 1150 4587 1338 4660; x_wconf 82' lang='grc' dir='ltr'>ὥσπερ</span> <span class='ocrx_word' id='word_1_759' title='bbox 1362 4586 1470 4639; x_wconf 74' lang='grc' dir='ltr'>τινὶ</span> <span class='ocrx_word' id='word_1_760' title='bbox 1502 4585 1687 4656; x_wconf 80' lang='grc' dir='ltr'>κύκλῳ</span> <span class='ocrx_word' id='word_1_761' title='bbox 1724 4600 1881 4655; x_wconf 85' lang='grc' dir='ltr'>περι-</span> 
     </span>
    </p>
   </div>
   <div class='ocr_carea' id='block_1_97' title="bbox 1979 4584 3563 4660">
    <p class='ocr_par' dir='ltr' id='par_1_97' title="bbox 1988 4584 3563 4655">
     <span class='ocr_line' id='line_1_97' title="bbox 1988 4584 3563 4655; baseline 0.001 -15"><span class='ocrx_word' id='word_1_762' title='bbox 1988 4585 2134 4640; x_wconf 90' lang='lat' dir='ltr'><strong>enim</strong></span> <span class='ocrx_word' id='word_1_763' title='bbox 2172 4584 2608 4655; x_wconf 87' lang='lat' dir='ltr'><strong>sapientissimus</strong></span> <span class='ocrx_word' id='word_1_764' title='bbox 2628 4585 2932 4655; x_wconf 80' lang='lat' dir='ltr'><strong>discipulus</strong></span> <span class='ocrx_word' id='word_1_765' title='bbox 2950 4585 3188 4641; x_wconf 80' lang='lat' dir='ltr'><strong>Joannes</strong></span> <span class='ocrx_word' id='word_1_766' title='bbox 3220 4602 3233 4638; x_wconf 90' lang='lat'><strong>:</strong></span> <span class='ocrx_word' id='word_1_767' title='bbox 3267 4604 3285 4637; x_wconf 73' lang='grc' dir='ltr'>ε</span> <span class='ocrx_word' id='word_1_768' title='bbox 3313 4586 3563 4641; x_wconf 79' lang='lat' dir='ltr'><strong>Advoca-</strong></span> 
     </span>
    </p>
   </div>
   <div class='ocr_carea' id='block_1_98' title="bbox 302 4673 1881 4748">
    <p class='ocr_par' dir='ltr' id='par_1_98' title="bbox 302 4673 1881 4748">
     <span class='ocr_line' id='line_1_98' title="bbox 302 4673 1881 4748; baseline -0.001 -21"><span class='ocrx_word' id='word_1_769' title='bbox 302 4674 627 4745; x_wconf 77' lang='grc' dir='ltr'>εξωσμένην</span> <span class='ocrx_word' id='word_1_770' title='bbox 670 4675 752 4746; x_wconf 80' lang='grc' dir='ltr'>τῷ</span> <span class='ocrx_word' id='word_1_771' title='bbox 797 4676 1164 4748; x_wconf 83' lang='grc' dir='ltr'>στερεὼματι·</span> <span class='ocrx_word' id='word_1_772' title='bbox 1221 4675 1340 4747; x_wconf 88' lang='grc' dir='ltr'>μεθ’</span> <span class='ocrx_word' id='word_1_773' title='bbox 1385 4675 1414 4730; x_wconf 81' lang='grc' dir='ltr'><strong>ὃ</strong></span> <span class='ocrx_word' id='word_1_774' title='bbox 1459 4674 1642 4730; x_wconf 81' lang='grc' dir='ltr'>λοιπὸν</span> <span class='ocrx_word' id='word_1_775' title='bbox 1687 4675 1787 4747; x_wconf 74' lang='grc' dir='ltr'>ήδη</span> <span class='ocrx_word' id='word_1_776' title='bbox 1821 4673 1881 4727; x_wconf 83' lang='grc' dir='ltr'>τὸ</span> 
     </span>
    </p>
   </div>
   <div class='ocr_carea' id='block_1_99' title="bbox 1979 4673 3561 4748">
    <p class='ocr_par' dir='ltr' id='par_1_99' title="bbox 1983 4674 3561 4746">
     <span class='ocr_line' id='line_1_99' title="bbox 1983 4674 3561 4746; baseline 0.001 -17"><span class='ocrx_word' id='word_1_777' title='bbox 1983 4684 2120 4740; x_wconf 90' lang='lat' dir='ltr'><strong>tum,</strong></span> <span class='ocrx_word' id='word_1_778' title='bbox 2148 4674 2244 4739; x_wconf 89' lang='lat' dir='ltr'><strong>ait,</strong></span> <span class='ocrx_word' id='word_1_779' title='bbox 2301 4675 2568 4730; x_wconf 86' lang='lat' dir='ltr'><strong>habemus</strong></span> <span class='ocrx_word' id='word_1_780' title='bbox 2610 4675 2757 4746; x_wconf 89' lang='lat' dir='ltr'><strong>apud</strong></span> <span class='ocrx_word' id='word_1_781' title='bbox 2805 4676 3025 4730; x_wconf 86' lang='lat' dir='ltr'><strong>Patrem</strong></span> <span class='ocrx_word' id='word_1_782' title='bbox 3066 4675 3253 4732; x_wconf 71' lang='lat' dir='ltr'><strong>Iesum</strong></span> <span class='ocrx_word' id='word_1_783' title='bbox 3278 4675 3561 4733; x_wconf 87' lang='lat' dir='ltr'><strong>Christum</strong></span> 
     </span>
    </p>
   </div>
   <div class='ocr_carea' id='block_1_100' title="bbox 304 4765 1881 4838">
    <p class='ocr_par' dir='ltr' id='par_1_100' title="bbox 304 4765 1880 4838">
     <span class='ocr_line' id='line_1_100' title="bbox 304 4765 1880 4838; baseline 0.001 -21"><span class='ocrx_word' id='word_1_784' title='bbox 304 4766 482 4820; x_wconf 80' lang='grc' dir='ltr'>πλατύ</span> <span class='ocrx_word' id='word_1_785' title='bbox 502 4783 563 4820; x_wconf 84' lang='grc' dir='ltr'><strong>τε</strong></span> <span class='ocrx_word' id='word_1_786' title='bbox 588 4769 681 4820; x_wconf 77' lang='grc' dir='ltr'>καὶ</span> <span class='ocrx_word' id='word_1_787' title='bbox 706 4766 943 4838; x_wconf 84' lang='grc' dir='ltr'>καθαρὸν</span> <span class='ocrx_word' id='word_1_788' title='bbox 968 4768 1076 4823; x_wconf 83' lang='grc' dir='ltr'>τῶν</span> <span class='ocrx_word' id='word_1_789' title='bbox 1092 4768 1206 4823; x_wconf 83' lang='grc' dir='ltr'>ἄνω</span> <span class='ocrx_word' id='word_1_790' title='bbox 1226 4768 1446 4838; x_wconf 85' lang='grc' dir='ltr'>κόσμων</span> <span class='ocrx_word' id='word_1_791' title='bbox 1461 4768 1660 4821; x_wconf 76' lang='grc' dir='ltr'>νοεῖται</span> <span class='ocrx_word' id='word_1_792' title='bbox 1680 4765 1880 4819; x_wconf 83' lang='grc' dir='ltr'>πεδίον.</span> 
     </span>
    </p>
   </div>
   <div class='ocr_carea' id='block_1_101' title="bbox 1979 4765 3559 4838">
    <p class='ocr_par' dir='ltr' id='par_1_101' title="bbox 1979 4765 3559 4837">
     <span class='ocr_line' id='line_1_101' title="bbox 1979 4765 3559 4837; baseline 0.002 -18"><span class='ocrx_word' id='word_1_793' title='bbox 1979 4766 2208 4836; x_wconf 76' lang='lat' dir='ltr'><strong>justum.</strong></span> <span class='ocrx_word' id='word_1_794' title='bbox 2228 4765 2296 4819; x_wconf 89' lang='lat' dir='ltr'><strong>Et</strong></span> <span class='ocrx_word' id='word_1_795' title='bbox 2322 4766 2437 4836; x_wconf 90' lang='lat' dir='ltr'><strong>ipse</strong></span> <span class='ocrx_word' id='word_1_796' title='bbox 2459 4774 2543 4820; x_wconf 86' lang='lat' dir='ltr'><strong>cst</strong></span> <span class='ocrx_word' id='word_1_797' title='bbox 2565 4765 2885 4836; x_wconf 86' lang='lat' dir='ltr'><strong>propitiatio</strong></span> <span class='ocrx_word' id='word_1_798' title='bbox 2923 4782 3024 4836; x_wconf 90' lang='lat' dir='ltr'><strong>pro</strong></span> <span class='ocrx_word' id='word_1_799' title='bbox 3050 4768 3289 4837; x_wconf 87' lang='lat' dir='ltr'><strong>peccatis</strong></span> <span class='ocrx_word' id='word_1_800' title='bbox 3319 4768 3559 4831; x_wconf 87' lang='lat' dir='ltr'><strong>nostris;</strong></span> 
     </span>
    </p>
   </div>
   <div class='ocr_carea' id='block_1_102' title="bbox 302 4854 1881 4928">
    <p class='ocr_par' dir='ltr' id='par_1_102' title="bbox 302 4854 1881 4928">
     <span class='ocr_line' id='line_1_102' title="bbox 302 4854 1881 4928; baseline -0.001 -20"><span class='ocrx_word' id='word_1_801' title='bbox 302 4855 561 4909; x_wconf 81' lang='grc' dir='ltr'>Διδάσκει</span> <span class='ocrx_word' id='word_1_802' title='bbox 585 4855 763 4909; x_wconf 85' lang='grc' dir='ltr'>τοίνυν</span> <span class='ocrx_word' id='word_1_803' title='bbox 787 4858 816 4910; x_wconf 84' lang='grc' dir='ltr'><strong>ό</strong></span> <span class='ocrx_word' id='word_1_804' title='bbox 848 4856 1141 4928; x_wconf 83' lang='grc' dir='ltr'>νομοθέτης</span> <span class='ocrx_word' id='word_1_805' title='bbox 1164 4856 1252 4911; x_wconf 81' lang='grc' dir='ltr'><strong>διὰ</strong></span> <span class='ocrx_word' id='word_1_806' title='bbox 1278 4856 1374 4910; x_wconf 81' lang='grc' dir='ltr'>τοῦ</span> <span class='ocrx_word' id='word_1_807' title='bbox 1406 4854 1543 4926; x_wconf 77' lang='grc' dir='ltr'>πρὸς</span> <span class='ocrx_word' id='word_1_808' title='bbox 1570 4857 1634 4908; x_wconf 83' lang='grc' dir='ltr'>τὸ</span> <span class='ocrx_word' id='word_1_809' title='bbox 1659 4854 1763 4919; x_wconf 72' lang='grc' dir='ltr'><strong>ἔξω</strong></span> <span class='ocrx_word' id='word_1_810' title='bbox 1788 4854 1881 4924; x_wconf 85' lang='grc' dir='ltr'>τῆς</span> 
     </span>
    </p>
   </div>
   <div class='ocr_carea' id='block_1_103' title="bbox 1979 4854 3560 4928">
    <p class='ocr_par' dir='ltr' id='par_1_103' title="bbox 1980 4857 3560 4928">
     <span class='ocr_line' id='line_1_103' title="bbox 1980 4857 3560 4928; baseline 0.002 -17"><span class='ocrx_word' id='word_1_811' title='bbox 1980 4872 2091 4912; x_wconf 84' lang='lat' dir='ltr'><strong>non</strong></span> <span class='ocrx_word' id='word_1_812' title='bbox 2118 4872 2219 4926; x_wconf 88' lang='lat' dir='ltr'><strong>pro</strong></span> <span class='ocrx_word' id='word_1_813' title='bbox 2243 4857 2446 4913; x_wconf 87' lang='lat' dir='ltr'><strong>nostris</strong></span> <span class='ocrx_word' id='word_1_814' title='bbox 2465 4867 2648 4912; x_wconf 88' lang='lat' dir='ltr'><strong>autem</strong></span> <span class='ocrx_word' id='word_1_815' title='bbox 2676 4867 2910 4923; x_wconf 86' lang='lat' dir='ltr'><strong>tantum,</strong></span> <span class='ocrx_word' id='word_1_816' title='bbox 2938 4858 3035 4914; x_wconf 88' lang='lat' dir='ltr'><strong>sed</strong></span> <span class='ocrx_word' id='word_1_817' title='bbox 3055 4860 3221 4913; x_wconf 89' lang='lat' dir='ltr'><strong>etiam</strong></span> <span class='ocrx_word' id='word_1_818' title='bbox 3240 4873 3340 4928; x_wconf 87' lang='lat' dir='ltr'><strong>pro</strong></span> <span class='ocrx_word' id='word_1_819' title='bbox 3389 4858 3560 4914; x_wconf 88' lang='lat' dir='ltr'><strong>totius</strong></span> 
     </span>
    </p>
   </div>
   <div class='ocr_carea' id='block_1_104' title="bbox 304 4946 1881 5021">
    <p class='ocr_par' dir='ltr' id='par_1_104' title="bbox 304 4946 1881 5021">
     <span class='ocr_line' id='line_1_104' title="bbox 304 4946 1881 5021; baseline -0.003 -19"><span class='ocrx_word' id='word_1_820' title='bbox 304 4948 517 5012; x_wconf 76' lang='grc' dir='ltr'>πόλεως</span> <span class='ocrx_word' id='word_1_821' title='bbox 545 4949 726 5002; x_wconf 82' lang='grc' dir='ltr'>πεδίον</span> <span class='ocrx_word' id='word_1_822' title='bbox 752 4949 995 5003; x_wconf 84' lang='grc' dir='ltr'>ἀνίεσθαι</span> <span class='ocrx_word' id='word_1_823' title='bbox 1028 4949 1088 5004; x_wconf 82' lang='grc' dir='ltr'>τὸ</span> <span class='ocrx_word' id='word_1_824' title='bbox 1114 4949 1348 5021; x_wconf 85' lang='grc' dir='ltr'>ὀρνίθιον</span> <span class='ocrx_word' id='word_1_825' title='bbox 1368 4989 1383 5014; x_wconf 87' lang='grc'><strong>,</strong></span> <span class='ocrx_word' id='word_1_826' title='bbox 1409 4949 1510 5019; x_wconf 85' lang='grc' dir='ltr'>τήν</span> <span class='ocrx_word' id='word_1_827' title='bbox 1541 4963 1600 5001; x_wconf 87' lang='grc' dir='ltr'><strong>τε</strong></span> <span class='ocrx_word' id='word_1_828' title='bbox 1627 4947 1735 5000; x_wconf 81' lang='grc' dir='ltr'>ἀπὸ</span> <span class='ocrx_word' id='word_1_829' title='bbox 1755 4946 1881 4999; x_wconf 84' lang='grc' dir='ltr'>κόσ-</span> 
     </span>
    </p>
   </div>
   <div class='ocr_carea' id='block_1_105' title="bbox 1979 4946 3558 5021">
    <p class='ocr_par' dir='ltr' id='par_1_105' title="bbox 1983 4948 3558 5021">
     <span class='ocr_line' id='line_1_105' title="bbox 1983 4948 3558 5021; baseline 0.002 -18"><span class='ocrx_word' id='word_1_830' title='bbox 1983 4948 2174 5004; x_wconf 87' lang='lat' dir='ltr'><strong>mundi</strong></span> <span class='ocrx_word' id='word_1_831' title='bbox 2203 4949 2240 5003; x_wconf 74' lang='grc' dir='ltr'>ί.</span> <span class='ocrx_word' id='word_1_832' title='bbox 2270 4968 2289 4999; x_wconf 76' lang='grc' dir='ltr'><strong>ι</strong></span> <span class='ocrx_word' id='word_1_833' title='bbox 2327 4949 2496 5005; x_wconf 82' lang='lat' dir='ltr'><strong>Recte</strong></span> <span class='ocrx_word' id='word_1_834' title='bbox 2546 4949 2728 5019; x_wconf 86' lang='lat' dir='ltr'><strong>itaque</strong></span> <span class='ocrx_word' id='word_1_835' title='bbox 2768 4950 2972 5006; x_wconf 70' lang='lat' dir='ltr'><strong>Iudaeis</strong></span> <span class='ocrx_word' id='word_1_836' title='bbox 3012 4949 3177 5021; x_wconf 70' lang='lat'><strong>369</strong></span> <span class='ocrx_word' id='word_1_837' title='bbox 3202 4950 3319 5019; x_wconf 86' lang='lat' dir='ltr'><strong>ipse</strong></span> <span class='ocrx_word' id='word_1_838' title='bbox 3365 4949 3503 5005; x_wconf 85' lang='lat' dir='ltr'><strong>dixit</strong></span> <span class='ocrx_word' id='word_1_839' title='bbox 3544 4968 3558 5006; x_wconf 92' lang='lat'><strong>:</strong></span> 
     </span>
    </p>
   </div>
   <div class='ocr_carea' id='block_1_106' title="bbox 304 5036 1881 5113">
    <p class='ocr_par' dir='ltr' id='par_1_106' title="bbox 304 5036 1880 5113">
     <span class='ocr_line' id='line_1_106' title="bbox 304 5036 1880 5113; baseline 0 -21"><span class='ocrx_word' id='word_1_840' title='bbox 304 5055 409 5108; x_wconf 84' lang='grc' dir='ltr'><strong>μου</strong></span> <span class='ocrx_word' id='word_1_841' title='bbox 445 5040 810 5109; x_wconf 82' lang='grc' dir='ltr'>μετάστασιν,</span> <span class='ocrx_word' id='word_1_842' title='bbox 839 5040 932 5095; x_wconf 75' lang='grc' dir='ltr'>καὶ</span> <span class='ocrx_word' id='word_1_843' title='bbox 957 5039 1054 5113; x_wconf 82' lang='grc' dir='ltr'>τὴν</span> <span class='ocrx_word' id='word_1_844' title='bbox 1081 5042 1161 5104; x_wconf 85' lang='grc' dir='ltr'><strong>εἰς</strong></span> <span class='ocrx_word' id='word_1_845' title='bbox 1194 5040 1455 5112; x_wconf 72' lang='grc' dir='ltr'>οὐρανοὺς</span> <span class='ocrx_word' id='word_1_846' title='bbox 1490 5039 1755 5093; x_wconf 75' lang='grc' dir='ltr'>ἀνάϐασιν</span> <span class='ocrx_word' id='word_1_847' title='bbox 1785 5036 1880 5092; x_wconf 81' lang='grc' dir='ltr'>τοῦ</span> 
     </span>
    </p>
   </div>
   <div class='ocr_carea' id='block_1_107' title="bbox 1979 5036 3562 5113">
    <p class='ocr_par' dir='ltr' id='par_1_107' title="bbox 1994 5039 3562 5112">
     <span class='ocr_line' id='line_1_107' title="bbox 1994 5039 3562 5112; baseline 0.003 -19"><span class='ocrx_word' id='word_1_848' title='bbox 1994 5059 2012 5093; x_wconf 75' lang='grc' dir='ltr'><strong>ι</strong></span> <span class='ocrx_word' id='word_1_849' title='bbox 2052 5039 2111 5096; x_wconf 89' lang='lat' dir='ltr'><strong>Si</strong></span> <span class='ocrx_word' id='word_1_850' title='bbox 2135 5040 2436 5096; x_wconf 84' lang='lat' dir='ltr'><strong>crederetis</strong></span> <span class='ocrx_word' id='word_1_851' title='bbox 2460 5041 2617 5105; x_wconf 77' lang='lat' dir='ltr'><strong>Mosi,</strong></span> <span class='ocrx_word' id='word_1_852' title='bbox 2641 5042 2943 5098; x_wconf 90' lang='lat' dir='ltr'><strong>crederetis</strong></span> <span class='ocrx_word' id='word_1_853' title='bbox 2980 5042 3171 5112; x_wconf 87' lang='lat' dir='ltr'><strong>utique</strong></span> <span class='ocrx_word' id='word_1_854' title='bbox 3222 5049 3280 5096; x_wconf 91' lang='lat' dir='ltr'><strong>et</strong></span> <span class='ocrx_word' id='word_1_855' title='bbox 3301 5040 3460 5105; x_wconf 89' lang='lat' dir='ltr'><strong>mihi,</strong></span> <span class='ocrx_word' id='word_1_856' title='bbox 3494 5040 3562 5099; x_wconf 84' lang='lat' dir='ltr'><strong>de</strong></span> 
     </span>
    </p>
   </div>
   <div class='ocr_carea' id='block_1_108' title="bbox 304 5121 1881 5203">
    <p class='ocr_par' dir='ltr' id='par_1_108' title="bbox 304 5121 1881 5199">
     <span class='ocr_line' id='line_1_108' title="bbox 304 5121 1881 5199; baseline 0.003 -24"><span class='ocrx_word' id='word_1_857' title='bbox 304 5123 566 5191; x_wconf 81' lang='grc' dir='ltr'>Χριστοῦ.</span> <span class='ocrx_word' id='word_1_858' title='bbox 615 5124 859 5195; x_wconf 82' lang='grc' dir='ltr'>Γεγονὼς</span> <span class='ocrx_word' id='word_1_859' title='bbox 896 5127 1004 5199; x_wconf 82' lang='grc' dir='ltr'>γὰρ</span> <span class='ocrx_word' id='word_1_860' title='bbox 1037 5121 1189 5191; x_wconf 70' lang='grc' dir='ltr'>οὗτος</span> <span class='ocrx_word' id='word_1_861' title='bbox 1230 5128 1368 5198; x_wconf 82' lang='grc' dir='ltr'>πρὸς</span> <span class='ocrx_word' id='word_1_862' title='bbox 1407 5127 1499 5181; x_wconf 82' lang='grc' dir='ltr'><strong>τὸν</strong></span> <span class='ocrx_word' id='word_1_863' title='bbox 1536 5125 1756 5198; x_wconf 78' lang='grc' dir='ltr'>Πατέρα</span> <span class='ocrx_word' id='word_1_864' title='bbox 1788 5127 1881 5181; x_wconf 77' lang='grc' dir='ltr'>καὶ</span> 
     </span>
    </p>
   </div>
   <div class='ocr_carea' id='block_1_109' title="bbox 1979 5121 3563 5203">
    <p class='ocr_par' dir='ltr' id='par_1_109' title="bbox 1988 5131 3563 5203">
     <span class='ocr_line' id='line_1_109' title="bbox 1988 5131 3563 5203; baseline -0.003 -12"><span class='ocrx_word' id='word_1_865' title='bbox 1988 5148 2076 5191; x_wconf 88' lang='lat' dir='ltr'><strong>me</strong></span> <span class='ocrx_word' id='word_1_866' title='bbox 2097 5131 2246 5187; x_wconf 89' lang='lat' dir='ltr'><strong>enim</strong></span> <span class='ocrx_word' id='word_1_867' title='bbox 2275 5132 2367 5188; x_wconf 89' lang='lat' dir='ltr'><strong>ille</strong></span> <span class='ocrx_word' id='word_1_868' title='bbox 2392 5131 2615 5203; x_wconf 88' lang='lat' dir='ltr'><strong>scripsit</strong></span> <span class='ocrx_word' id='word_1_869' title='bbox 2644 5135 2686 5188; x_wconf 76' lang='grc'><strong>³.</strong></span> <span class='ocrx_word' id='word_1_870' title='bbox 2716 5153 2735 5184; x_wconf 75' lang='grc' dir='ltr'><strong>ι</strong></span> <span class='ocrx_word' id='word_1_871' title='bbox 2772 5134 2876 5190; x_wconf 87' lang='lat' dir='ltr'><strong>Per</strong></span> <span class='ocrx_word' id='word_1_872' title='bbox 2901 5148 3064 5203; x_wconf 92' lang='lat' dir='ltr'><strong>quem</strong></span> <span class='ocrx_word' id='word_1_873' title='bbox 3087 5140 3145 5188; x_wconf 91' lang='lat' dir='ltr'><strong>et</strong></span> <span class='ocrx_word' id='word_1_874' title='bbox 3172 5148 3297 5188; x_wconf 92' lang='lat' dir='ltr'><strong>cum</strong></span> <span class='ocrx_word' id='word_1_875' title='bbox 3317 5149 3428 5203; x_wconf 86' lang='lat' dir='ltr'><strong>quo</strong></span> <span class='ocrx_word' id='word_1_876' title='bbox 3450 5134 3563 5188; x_wconf 86' lang='lat' dir='ltr'><strong>Deo</strong></span> 
     </span>
    </p>
   </div>
   <div class='ocr_carea' id='block_1_110' title="bbox 301 5219 1881 5295">
    <p class='ocr_par' dir='ltr' id='par_1_110' title="bbox 301 5219 1881 5295">
     <span class='ocr_line' id='line_1_110' title="bbox 301 5219 1881 5295; baseline 0.002 -24"><span class='ocrx_word' id='word_1_877' title='bbox 301 5219 468 5283; x_wconf 82' lang='grc' dir='ltr'>θεὸν,</span> <span class='ocrx_word' id='word_1_878' title='bbox 501 5220 642 5290; x_wconf 82' lang='grc' dir='ltr'>ὑπὲρ</span> <span class='ocrx_word' id='word_1_879' title='bbox 692 5221 948 5276; x_wconf 79' lang='grc' dir='ltr'>ἁπάντων</span> <span class='ocrx_word' id='word_1_880' title='bbox 991 5222 1149 5295; x_wconf 80' lang='grc' dir='ltr'>ἡμῶν</span> <span class='ocrx_word' id='word_1_881' title='bbox 1190 5222 1411 5293; x_wconf 74' lang='grc' dir='ltr'>καὶτῆς</span> <span class='ocrx_word' id='word_1_882' title='bbox 1454 5221 1720 5278; x_wconf 85' lang='grc' dir='ltr'>Ἰουδαίων</span> <span class='ocrx_word' id='word_1_883' title='bbox 1746 5222 1881 5275; x_wconf 88' lang='grc' dir='ltr'>Συν-</span> 
     </span>
    </p>
   </div>
   <div class='ocr_carea' id='block_1_111' title="bbox 1979 5219 3562 5295">
    <p class='ocr_par' dir='ltr' id='par_1_111' title="bbox 1986 5223 3562 5295">
     <span class='ocr_line' id='line_1_111' title="bbox 1986 5223 3562 5295; baseline 0.001 -16"><span class='ocrx_word' id='word_1_884' title='bbox 1986 5239 2055 5279; x_wconf 83' lang='lat' dir='ltr'><strong>ac</strong></span> <span class='ocrx_word' id='word_1_885' title='bbox 2080 5223 2227 5279; x_wconf 85' lang='lat' dir='ltr'><strong>Patri</strong></span> <span class='ocrx_word' id='word_1_886' title='bbox 2258 5223 2431 5294; x_wconf 90' lang='lat' dir='ltr'><strong>gloria</strong></span> <span class='ocrx_word' id='word_1_887' title='bbox 2457 5232 2620 5294; x_wconf 87' lang='lat' dir='ltr'><strong>atque</strong></span> <span class='ocrx_word' id='word_1_888' title='bbox 2658 5223 2949 5295; x_wconf 89' lang='lat' dir='ltr'><strong>imperium</strong></span> <span class='ocrx_word' id='word_1_889' title='bbox 2987 5241 3113 5281; x_wconf 87' lang='lat' dir='ltr'><strong>cum</strong></span> <span class='ocrx_word' id='word_1_890' title='bbox 3134 5232 3325 5281; x_wconf 88' lang='lat' dir='ltr'><strong>sancto</strong></span> <span class='ocrx_word' id='word_1_891' title='bbox 3353 5224 3562 5295; x_wconf 87' lang='lat' dir='ltr'><strong>Spiritu</strong></span> 
     </span>
    </p>
   </div>
   <div class='ocr_carea' id='block_1_112' title="bbox 304 5313 1881 5388">
    <p class='ocr_par' dir='ltr' id='par_1_112' title="bbox 304 5313 1881 5388">
     <span class='ocr_line' id='line_1_112' title="bbox 304 5313 1881 5388; baseline 0.002 -23"><span class='ocrx_word' id='word_1_892' title='bbox 304 5315 567 5383; x_wconf 73' lang='grc' dir='ltr'>αγωγῆς,</span> <span class='ocrx_word' id='word_1_893' title='bbox 604 5313 933 5380; x_wconf 73' lang='grc' dir='ltr'>ὲξιλάσεται,</span> <span class='ocrx_word' id='word_1_894' title='bbox 958 5317 1050 5369; x_wconf 72' lang='grc' dir='ltr'>καὶ</span> <span class='ocrx_word' id='word_1_895' title='bbox 1085 5315 1627 5388; x_wconf 79' lang='grc' dir='ltr'>καθαρισθησόμεθα.</span> <span class='ocrx_word' id='word_1_896' title='bbox 1667 5316 1881 5385; x_wconf 81' lang='grc' dir='ltr'>Ὠσπερ</span> 
     </span>
    </p>
   </div>
   <div class='ocr_carea' id='block_1_113' title="bbox 1979 5313 2862 5388">
    <p class='ocr_par' dir='ltr' id='par_1_113' title="bbox 1992 5314 2862 5372">
     <span class='ocr_line' id='line_1_113' title="bbox 1992 5314 2862 5372; baseline 0.002 -2"><span class='ocrx_word' id='word_1_897' title='bbox 1992 5315 2051 5372; x_wconf 90' lang='lat' dir='ltr'><strong>in</strong></span> <span class='ocrx_word' id='word_1_898' title='bbox 2074 5315 2274 5372; x_wconf 58' lang='lat' dir='ltr'><strong>saecula</strong></span> <span class='ocrx_word' id='word_1_899' title='bbox 2297 5314 2643 5371; x_wconf 59' lang='lat' dir='ltr'><strong>seculorum.</strong></span> <span class='ocrx_word' id='word_1_900' title='bbox 2668 5315 2862 5372; x_wconf 81' lang='lat' dir='ltr'><strong>Amen.</strong></span> 
     </span>
    </p>
   </div>
   <div class='ocr_carea' id='block_1_114' title="bbox 303 5405 3563 5484">
    <p class='ocr_par' dir='ltr' id='par_1_114' title="bbox 303 5405 3563 5484">
     <span class='ocr_line' id='line_1_114' title="bbox 303 5405 3563 5484; baseline 0 -26"><span class='ocrx_word' id='word_1_901' title='bbox 303 5405 413 5476; x_wconf 85' lang='lat'><strong>7&amp;9</strong></span> <span class='ocrx_word' id='word_1_902' title='bbox 438 5406 470 5459; x_wconf 87' lang='grc' dir='ltr'><strong>ό</strong></span> <span class='ocrx_word' id='word_1_903' title='bbox 513 5406 824 5475; x_wconf 78' lang='grc' dir='ltr'>σοφώτατός</span> <span class='ocrx_word' id='word_1_904' title='bbox 883 5426 1017 5479; x_wconf 80' lang='grc' dir='ltr'>φησι</span> <span class='ocrx_word' id='word_1_905' title='bbox 1056 5413 1305 5484; x_wconf 84' lang='grc' dir='ltr'>μαθητὴς</span> <span class='ocrx_word' id='word_1_906' title='bbox 1356 5410 1643 5482; x_wconf 82' lang='grc' dir='ltr'>Ἰωάννης·</span> <span class='ocrx_word' id='word_1_907' title='bbox 1721 5429 1739 5462; x_wconf 78' lang='grc' dir='ltr'><strong>ι</strong></span> <span class='ocrx_word' id='word_1_908' title='bbox 1776 5408 2138 5481; x_wconf 84' lang='grc' dir='ltr'>ῐῐαράκλητον</span> <span class='ocrx_word' id='word_1_909' title='bbox 2202 5407 2399 5481; x_wconf 70' lang='grc' dir='ltr'>ἔχομεν</span> <span class='ocrx_word' id='word_1_910' title='bbox 2443 5410 2581 5481; x_wconf 71' lang='grc' dir='ltr'>πρὸς</span> <span class='ocrx_word' id='word_1_911' title='bbox 2632 5410 2726 5463; x_wconf 86' lang='grc' dir='ltr'>τὸν</span> <span class='ocrx_word' id='word_1_912' title='bbox 2768 5409 3018 5481; x_wconf 76' lang='grc' dir='ltr'>Πατέρα,</span> <span class='ocrx_word' id='word_1_913' title='bbox 3079 5409 3287 5478; x_wconf 82' lang='grc' dir='ltr'>Ἰησοῦν</span> <span class='ocrx_word' id='word_1_914' title='bbox 3327 5407 3563 5478; x_wconf 73' lang='grc' dir='ltr'>Χριστὸν</span> 
     </span>
    </p>
   </div>
   <div class='ocr_carea' id='block_1_115' title="bbox 303 5496 3563 5575">
    <p class='ocr_par' dir='ltr' id='par_1_115' title="bbox 303 5496 3563 5575">
     <span class='ocr_line' id='line_1_115' title="bbox 303 5496 3563 5575; baseline 0.001 -22"><span class='ocrx_word' id='word_1_915' title='bbox 303 5496 533 5553; x_wconf 74' lang='grc' dir='ltr'>δίκαιον.</span> <span class='ocrx_word' id='word_1_916' title='bbox 561 5498 673 5552; x_wconf 71' lang='grc' dir='ltr'><strong>Καὶ</strong></span> <span class='ocrx_word' id='word_1_917' title='bbox 695 5500 854 5566; x_wconf 83' lang='grc' dir='ltr'>αὐτὸς</span> <span class='ocrx_word' id='word_1_918' title='bbox 881 5502 1107 5575; x_wconf 77' lang='grc' dir='ltr'>ἱλασμός</span> <span class='ocrx_word' id='word_1_919' title='bbox 1132 5506 1277 5559; x_wconf 77' lang='grc' dir='ltr'>ἐστιν</span> <span class='ocrx_word' id='word_1_920' title='bbox 1298 5504 1437 5575; x_wconf 84' lang='grc' dir='ltr'>ὑπὲρ</span> <span class='ocrx_word' id='word_1_921' title='bbox 1461 5504 1569 5558; x_wconf 83' lang='grc' dir='ltr'>τῶν</span> <span class='ocrx_word' id='word_1_922' title='bbox 1629 5499 1916 5573; x_wconf 80' lang='grc' dir='ltr'>ἁμαρτιῶν</span> <span class='ocrx_word' id='word_1_923' title='bbox 1953 5499 2144 5572; x_wconf 76' lang='grc' dir='ltr'>ἡμῶν,</span> <span class='ocrx_word' id='word_1_924' title='bbox 2181 5500 2243 5555; x_wconf 80' lang='grc' dir='ltr'>οὐ</span> <span class='ocrx_word' id='word_1_925' title='bbox 2291 5502 2422 5572; x_wconf 79' lang='grc' dir='ltr'>περὶ</span> <span class='ocrx_word' id='word_1_926' title='bbox 2457 5501 2566 5557; x_wconf 79' lang='grc' dir='ltr'>τῶν</span> <span class='ocrx_word' id='word_1_927' title='bbox 2602 5502 2887 5575; x_wconf 75' lang='grc' dir='ltr'>ἡμετέρων</span> <span class='ocrx_word' id='word_1_928' title='bbox 2949 5501 3006 5556; x_wconf 81' lang='grc' dir='ltr'>δὲ</span> <span class='ocrx_word' id='word_1_929' title='bbox 3056 5498 3428 5572; x_wconf 80' lang='grc' dir='ltr'>μόνον,’ἀλλά</span> <span class='ocrx_word' id='word_1_930' title='bbox 3470 5500 3563 5556; x_wconf 71' lang='grc' dir='ltr'>καὶ</span> 
     </span>
    </p>
   </div>
   <div class='ocr_carea' id='block_1_116' title="bbox 373 5668 1881 5749">
    <p class='ocr_par' dir='ltr' id='par_1_116' title="bbox 373 5668 1860 5747">
     <span class='ocr_line' id='line_1_116' title="bbox 373 5668 1860 5747; baseline 0.007 -22"><span class='ocrx_word' id='word_1_931' title='bbox 373 5669 417 5707; x_wconf 82' lang='grc'>³⁷</span> <span class='ocrx_word' id='word_1_932' title='bbox 447 5668 629 5726; x_wconf 85' lang='lat' dir='ltr'><strong>Levil.</strong></span> <span class='ocrx_word' id='word_1_933' title='bbox 666 5687 776 5739; x_wconf 80' lang='lat' dir='ltr'><strong>1m,</strong></span> <span class='ocrx_word' id='word_1_934' title='bbox 810 5672 900 5742; x_wconf 78' lang='lat' dir='ltr'><strong>5i,</strong></span> <span class='ocrx_word' id='word_1_935' title='bbox 959 5675 1047 5731; x_wconf 77' lang='lat'><strong>52.</strong></span> <span class='ocrx_word' id='word_1_936' title='bbox 1124 5678 1170 5712; x_wconf 72' lang='grc'><strong>’³</strong></span> <span class='ocrx_word' id='word_1_937' title='bbox 1209 5678 1406 5733; x_wconf 86' lang='lat' dir='ltr'><strong>Ezech.</strong></span> <span class='ocrx_word' id='word_1_938' title='bbox 1434 5695 1614 5747; x_wconf 71' lang='lat' dir='ltr'><strong>xxxvn,</strong></span> <span class='ocrx_word' id='word_1_939' title='bbox 1647 5681 1738 5737; x_wconf 68' lang='grc'><strong>24.</strong></span> <span class='ocrx_word' id='word_1_940' title='bbox 1813 5683 1860 5715; x_wconf 70' lang='grc'><strong>⁸*</strong></span> 
     </span>
    </p>
   </div>
   <div class='ocr_carea' id='block_1_117' title="bbox 1979 5668 3343 5749">
    <p class='ocr_par' dir='ltr' id='par_1_117' title="bbox 1979 5682 3343 5749">
     <span class='ocr_line' id='line_1_117' title="bbox 1979 5682 3343 5749; baseline 0.001 -11"><span class='ocrx_word' id='word_1_941' title='bbox 1979 5697 2043 5738; x_wconf 82' lang='grc' dir='ltr'>ω.</span> <span class='ocrx_word' id='word_1_942' title='bbox 2070 5699 2124 5749; x_wconf 90' lang='lat' dir='ltr'><strong>v,</strong></span> <span class='ocrx_word' id='word_1_943' title='bbox 2149 5682 2238 5741; x_wconf 74' lang='lat'><strong>20.</strong></span> <span class='ocrx_word' id='word_1_944' title='bbox 2319 5682 2384 5740; x_wconf 72' lang='grc' dir='ltr'><strong><em>ἰ</em></strong></span> <span class='ocrx_word' id='word_1_945' title='bbox 2422 5683 2577 5740; x_wconf 81' lang='lat' dir='ltr'><strong>Joan.</strong></span> <span class='ocrx_word' id='word_1_946' title='bbox 2626 5699 2685 5747; x_wconf 85' lang='grc' dir='ltr'>ιι.</span> <span class='ocrx_word' id='word_1_947' title='bbox 2716 5684 2765 5748; x_wconf 85' lang='lat' dir='ltr'><strong>l,</strong></span> <span class='ocrx_word' id='word_1_948' title='bbox 2804 5684 2858 5738; x_wconf 76' lang='lat'><strong>2.</strong></span> <span class='ocrx_word' id='word_1_949' title='bbox 2937 5685 2956 5714; x_wconf 85' lang='grc'>¹</span> <span class='ocrx_word' id='word_1_950' title='bbox 2990 5684 3145 5740; x_wconf 83' lang='lat' dir='ltr'><strong>Joan.</strong></span> <span class='ocrx_word' id='word_1_951' title='bbox 3173 5698 3225 5746; x_wconf 83' lang='lat' dir='ltr'><strong>v.</strong></span> <span class='ocrx_word' id='word_1_952' title='bbox 3254 5683 3343 5740; x_wconf 67' lang='grc'><strong>46.</strong></span> 
     </span>
    </p>
   </div>
  </div>
