4060 6192
516 276 620 332 579
1511 271 1566 327 S.
1607 271 1882 327 CYRILLI
1921 270 2390 327 ALEXANDle
2427 269 2744 325 ARCBIEP.
3184 274 3189 278 ’
3672 271 3769 325 380

516 391 645 461 περὶ
678 390 802 444 ὅλου
832 386 925 442 τοῦ
956 389 1186 456 κόσμου.
1231 404 1250 436 ι
1292 385 1486 448 Καλῶς
1528 381 1622 440 οὖν
1689 386 1798 455 ἄρα
1858 383 1994 455 πρὸς
2037 382 2321 445 Ἰουδαίους
2351 382 2616 451 ἔφασκεν·
2653 401 2670 433 ι
2711 383 2775 435 Εἰ
2814 380 3126 434 ἐπιστεύετε
3196 382 3401 451 Μωσῇ,
3454 382 3769 437 ἐπιστεύετε

512 481 579 536 ἂν
605 481 748 552 ἐμοί·
789 482 920 551 περὶ
950 481 1058 550 γὰρ
1086 478 1222 550 ἐμοῦ
1255 478 1460 541 ἐκεῖνος
1493 477 1716 549 ἔγραψε.
1760 495 1779 527 ι
1811 477 1888 528 Δι’
1918 470 1982 529 οὗ
2017 476 2109 531 καὶΙ
2150 473 2268 546 μεθ’
2298 469 2359 529 οὗ
2394 474 2472 546 τῷ
2500 473 2617 543 Θεῷ
2641 475 2734 527 καὶ
2767 473 2942 544 Πατρὶ
2974 475 3005 543 ἡ
3036 472 3163 538 δόξα
3200 473 3294 526 καὶ
3354 473 3415 527 τὸ
3437 475 3641 545 κράτος
3674 474 3769 528 σῦν

510 574 652 644 ἁγίῳ
688 571 963 642 Πνεύματι
988 572 1067 633 εἰς
1099 571 1227 634 τοὺς
1252 569 1455 633 αἰῶνας
1484 570 1593 623 τῶν
1622 569 1852 624 αἰώνων.
1896 570 2090 639 Ἀμήν.

510 685 588 739 De
624 699 683 737 eo
731 681 870 753 quod
899 678 1081 735 Aaron
1114 697 1220 735 non
1264 696 1470 752 semper
1514 680 1844 751 ingrediatur
1890 678 2067 734 Sancti

2196 679 2335 748 Περὶ
2358 679 2465 733 τοῦ
2494 678 2581 749 μὴ
2607 680 2981 757 εἰσέρχεσθαι
3019 679 3127 757 τρν
3165 678 3381 757 ᾏαρὼν
3406 676 3504 731 διὰ
3541 683 3767 748 παντὸς

1123 748 1449 806 sanctorum.
1544 767 1552 774 '
1573 748 1588 751 ’

2502 748 2505 749 ⁷
2578 752 2666 814 εἰς
2698 751 2772 803 τὰ
2804 752 2975 818 "Arta
3002 748 3119 802 τῶν
3150 748 3354 819 ἁγίων.

571 846 623 900 1.
644 844 968 915 Unigenitus
979 857 1103 897 cum
1119 849 1259 897 esset
1281 852 1473 913 suapte
1490 852 1685 898 natura
1711 843 1874 906 Deus,
1892 856 1960 896 ex
1975 841 2067 897 Det

2262 846 2329 894 a'.
2352 839 2481 904 Θεὸς
2503 839 2580 894 ὣν
2600 842 2760 910 φύσει
2788 843 2884 894 καὶ
2911 843 2973 894 ὲκ
3000 840 3134 893 Θεοῦ
3164 840 3379 910 Πατρὸς
3408 843 3439 893 ὁ
3461 840 3767 912 Μονογενὴς

508 938 669 993 Patre
681 944 865 1001 natus,
879 933 1100 989 demisit
1115 933 1356 1002 seipsum
1370 934 1438 988 ad
1459 934 1515 989 id
1533 935 1679 1005 quod
1692 950 1794 991 nos
1803 951 2015 1001 sumus,
2031 950 2067 992 εί

2192 930 2431 1000 καθῆκεν
2456 932 2642 985 ἑαυτὸν
2668 934 2726 985 ὲν
2757 934 2868 995 τοῖς
2893 933 3015 986 καθ’
3033 933 3200 1001 ἡμᾶς,
3225 931 3319 983 καὶ
3349 931 3438 983 ἐπὶ
3462 932 3567 1001 γῆς
3587 931 3762 1003 ὤφθην

509 1032 565 1085 in
594 1038 739 1084 terra
768 1027 1024 1098 apparuit
1051 1026 1352 1081 secundum
1388 1025 1721 1097 Scripturas,
1751 1034 1916 1097 atque
1941 1029 2067 1082 intei

2190 1021 2331 1076 κατὰ
2368 1023 2428 1076 τὸ
2463 1023 2883 1094 γεγραμμένον,
2937 1022 3030 1076 καὶ
3069 1024 3182 1085 τοῖς
3229 1020 3541 1093 ἀνθρώποις
3580 1038 3768 1074 συνανο

508 1120 762 1175 homines
787 1127 873 1173 est
895 1127 1164 1181 versatus,
1198 1117 1365 1188 idque
1390 1132 1500 1172 non
1526 1118 1754 1173 alterius
1772 1118 1852 1172 rei
1877 1133 2067 1184 causa,

2189 1115 2455 1183 εστράφη,
2481 1114 2575 1167 καὶ
2596 1115 2693 1183 ούχ
2715 1114 2900 1184 ἑτέρου
2921 1130 3011 1166 του
3040 1113 3216 1183 χάριν,
3237 1112 3271 1181 ἢ
3297 1113 3404 1179 ἴνα,
3422 1111 3576 1166 -καθὰ
3607 1128 3766 1183 φησιν

506 1225 673 1281 quam
700 1217 761 1265 ut
777 1209 959 1275 nobis,
984 1208 1129 1264 sicut
1149 1208 1370 1264 divinus
1391 1209 1595 1264 Paulus
1620 1210 1697 1264 ait
1718 1211 1759 1275 ³,
1776 1225 1835 1266 se
1866 1209 2082 1264 miseri-

508 1301 732 1357 cordem
758 1308 1064 1371 praestaret,
1088 1307 1145 1355 et
1159 1299 1378 1355 ﬁdelem
1405 1300 1742 1356 sacerdotem
1763 1301 1832 1355 ad
1858 1309 2081 1371 peccata

504 1399 695 1448 nostra
706 1391 851 1461 apud
867 1391 1040 1445 Deum
1053 1389 1344 1460 expianda.
1360 1388 1471 1445 Lex
1490 1390 1635 1445 enim
1652 1406 1773 1461 qua:
1787 1405 1884 1461 per
1897 1391 2080 1446 Mosen

504 1491 590 1539 est
608 1482 805 1554 priscis
826 1481 951 1536 data
979 1480 1350 1536 mediantihus
1377 1481 1604 1551 angelis,
1622 1480 1875 1536 homines
1898 1480 2080 1537 effecit

505 1573 838 1636 sacerdotes,
856 1571 950 1642 qui
962 1567 1238 1626 com'muni
1258 1580 1467 1627 naturae
1482 1570 2075 1638 inﬁrmitatelaborant,

502 1664 646 1720 etob
663 1664 770 1718 hoc
783 1662 987 1718 debent
1005 1703 1019 1729 ,
1044 1662 1187 1717 sicut
1199 1676 1302 1733 pro
1324 1663 1532 1733 populi,
1564 1663 1639 1718 ita
1671 1678 1771 1733 pro
1792 1664 1908 1719 suis
1928 1663 2077 1733 ipso—

504 1770 627 1811 rum
651 1753 976 1825 ignorantiis
991 1753 1191 1809 offerre
1212 1754 1343 1810 Deo.
1366 1753 1437 1808 At
1466 1754 1694 1809 verbum
1717 1755 2075 1826 jurisjurandi

500 1848 649 1920 quod
679 1848 1011 1918 patefactum
1026 1856 1112 1903 est
1134 1856 1286 1903 extra
1301 1848 1496 1917 legem,
1525 1866 1544 1898 ι
1574 1847 1773 1902 Filium
1791 1848 2078 1903 constituit

500 1942 557 1997 in
592 1948 859 1997 πίει-ηοω
876 1939 1200 2010 perfectum,
1224 1938 1321 2009 qui
1342 1947 1401 1994 et
1424 1940 1643 2009 penitus
1658 1955 1874 1995 servare
1896 1947 2077 2010 potest

2185 1206 2215 1258 ὁ
2256 1203 2542 1267 θεσπέσιος
2575 1204 2818 1268 Παῦλος,
2858 1205 3103 1275 ἐλεήμων
3149 1202 3392 1273 γένηται,
3433 1204 3533 1256 καὶ
3578 1204 3768 1268 πιστὸς

2186 1295 2481 1368 ἀρχιερεὺς
2506 1295 2573 1349 τὰ
2597 1295 2734 1366 πρὸς
2759 1295 2913 1361 Θεὸν,
2931 1297 3012 1358 είς
3026 1294 3087 1348 τὸ
3111 1294 3429 1349 ἱλάσκεσθαι
3450 1298 3573 1357 ταῖς
3598 1296 3767 1366 ἁμαρ-

2182 1388 2329 1451 τίαις
2365 1386 2460 1440 τοῦ
2505 1387 2656 1442 λαοῦ.
2704 1389 2888 1460 Νόμος
2933 1388 3032 1459 μὲν
3065 1388 3174 1457 γὰρ
3219 1386 3308 1440 διὰ
3358 1388 3622 1450 Μωσέως.
3655 1391 3765 1452 τοῖς

2185 1470 2360 1538 πάλαι
2395 1481 2819 1553 τεθεσπισμένος
2865 1480 3307 1551 μεσολαϐούντων
3346 1484 3628 1553 ἀγγέλων,
3668 1486 3765 1538 ἁνι-

2185 1574 2433 1647 θρώπους
2476 1573 2766 1644 καθίστησι
2802 1573 2928 1635 τοὺς
2955 1572 3159 1642 ίερέας,
3198 1574 3297 1646 τὴν
3327 1575 3514 1645 κοινὴν
3545 1575 3646 1644 τῆς
3673 1573 3767 1642 φύ-

2184 1683 2322 1730 σεως
2346 1665 2633 1728 νοσοῦντας
2657 1663 2938 1718 ἀσθένειαν
2954 1704 2970 1728 ,
2998 1666 3093 1719 καὶ
3118 1665 3185 1719 δι’
3214 1666 3381 1737 αὐτὴν
3413 1665 3760 1735 ὀφείλοντας,

2180 1757 2435 1829 καθάπερ
2479 1757 2619 1826 ὑπὲρ
2659 1755 2766 1809 τῶν
2807 1755 2902 1809 τοῦ
2936 1756 3067 1809 λαοῦ
3093 1797 3108 1820 ,
3158 1755 3301 1810 οὕτω
3343 1757 3437 1810 καὶ
3474 1758 3619 1827 ὑπὲρ
3655 1758 3764 1809 τῶν

2176 1848 2330 1902 ,ιδίων
2362 1847 2751 1918 ἀγνοημάτων,
2788 1845 2979 1901 θυσίαν
3030 1847 3377 1919 προσφέρειν,
3420 1848 3480 1901 ’0
3521 1848 3580 1901 δὲ
3609 1846 3763 1915 λόγθς

2171 1940 2279 2010 τῆς
2302 1939 2627 2010 ὁρκομοσίας
2649 1938 2750 2009 τῆς
2783 1938 2921 2008 μετὰ
2946 1937 3130 2007 νόμον,
3165 1956 3186 1989 ι
3219 1938 3346 1990 Υἰδν
3372 1940 3453 2001 είς
3477 1939 3573 1991 τὸν
3593 1938 3763 1993 αἰῶνα

503 2045 601 2088 eos
627 2030 721 2101 qui
750 2029 1024 2085 accedunt
1044 2030 1156 2084 Deo
1172 2043 1270 2099 per
1300 2029 1501 2107 ipsum,
1528 2037 1720 2099 utpote
1748 2030 1844 2100 qui
1862 2045 2067 2100 semper

2185 2030 2600 2102 τετελειωμένον
2616 2047 2632 2061 ο
2654 2030 2778 2084 ὅθεν
2798 2032 2893 2084 καὶ
2922 2028 3113 2094 σώζειν
3137 2031 3216 2093 εἰς
3239 2029 3302 2083 τὸ
3331 2030 3593 2093 παντελὲς
3615 2029 3766 2084 δύνα-

501 2122 637 2176 vivit
653 2121 720 2176 ad
743 2119 1192 2175 intercedendum
1212 2134 1314 2190 pro
1336 2119 1445 2174 illis
1460 2119 1499 2172 ‘.
1522 2138 1539 2171 ι
1562 2119 1750 2189 Neque
1770 2134 1900 2174 vero
1927 2118 2067 2174 Chri

2180 2138 2274 2175 ται
2298 2123 2422 2185 τοὺς
2451 2122 2917 2193 προσερχομένους
2945 2120 3011 2174 δι’
3043 2121 3205 2174 αὑτοῦ
3235 2119 3313 2193 τῷ
3338 2120 3460 2190 Θεῷ
3477 2161 3493 2185 ,
3531 2122 3761 2175 πάντοτε

499 2220 619 2266 stus
640 2225 810 2280 prose
834 2209 1155 2265 intercedet.
1183 2209 1254 2263 Et
1307 2210 1445 2263 ratio
1478 2209 1704 2279 quidem
1746 2209 1803 2264 in
1829 2217 2067 2279 promptt

2185 2211 2291 2277 ζῶν
2331 2214 2411 2275 εἰς
2440 2211 2500 2265 τὸ
2524 2212 2867 2282 ἐντυγχάνειν
2897 2212 3036 2284 ὑπὲρ
3070 2210 3269 2265 αὐτῶν.
3325 2231 3343 2262 ι
3389 2209 3761 2275 Ἐξιλὰσσεται

497 2310 582 2357 est
607 2319 621 2353 :
642 2301 769 2371 quia
796 2314 905 2354 non
923 2299 1051 2355 fecit
1080 2308 1406 2370 peccatum:
1441 2307 1499 2354 at
1542 2300 1725 2369 potius
1767 2314 1864 2367 pro
1899 2299 2059 2355 nobis

2181 2303 2238 2357 δὲ
2266 2306 2294 2357 ὁ
2321 2303 2574 2374 Χριστὸς,
2600 2304 2800 2374 ἥκιστα
2830 2304 2925 2374 μὲν
2954 2304 3095 2376 ὑπὲρ
3119 2303 3334 2362 ἑαυτοῦ.
3370 2304 3476 2356 Kal.
3502 2302 3707 2374 ἀληθὴς
3733 2305 3763 2356 6

498 2394 674 2464 Atque
719 2394 823 2448 hoc
869 2393 1098 2463 pulchre
1140 2391 1435 2447 admodum
1459 2391 1619 2448 nobis
1671 2390 1912 2446 declarat
1944 2392 2067 2447 Pau-

2182 2395 2370 2465 λόγος·
2406 2396 2479 2450 Ού
2524 2395 2637 2466 γὰρ
2680 2395 2934 2467 ἐποίησεν
2981 2395 3291 2466 ἁμαρτίανο
3325 2394 3464 2466 ὑπὲρ
3506 2394 3666 2465 ἡμῶν
3702 2393 3761 2448 δὲ

498 2488 585 2544 lus
625 2488 872 2544 scribens
898 2488 967 2543 de
993 2502 1060 2543 eo
1084 2528 1099 2552 ,
1138 2506 1157 2540 ι
1187 2487 1361 2554 Quem
1396 2487 1683 2558 proposuit
1722 2486 1869 2542 Deus
1897 2488 2067 2557 propi-

2185 2488 2402 2559 μᾶλλον.
2436 2488 2548 2541 Καὶ
2575 2488 2732 2542 τοῦτο
2759 2489 2892 2559 ημῖν
2919 2482 2979 2541 εὖ
3009 2487 3150 2558 μάλα
3180 2488 3433 2557 σαφηνιεῖ
3463 2485 3760 2558 γεγραφὼς

499 2578 753 2633 tiatorem
788 2590 887 2648 per
919 2576 1083 2633 fidem
1112 2577 1169 2631 in
1203 2578 1472 2648 sanguine
1510 2578 1746 2648 ipsius’.
1787 2596 1806 2630 ι
1836 2577 2067 2648 Ideoque

2179 2581 2208 2632 ὁ
2234 2578 2518 2642 θεσπέσιος
2536 2577 2750 2641 Παῦλος
2776 2578 2906 2649 περὶ
2941 2576 3127 2630 αὐτοῦ⁸
3158 2577 3254 2628 ⁸ον
3285 2574 3546 2645 προέθετο
3568 2577 3600 2628 ὁ
3627 2573 3760 2638 Θεὸς

494 2676 555 2723 ει
586 2668 642 2723 in
679 2668 880 2724 Sancta
915 2676 1233 2724 sanctorum
1260 2685 1387 2724 eum
1410 2669 1488 2724 ait
1524 2669 1835 2741 ingressum
1866 2670 2033 2724 semel
2060 2710 2067 2735 ,

2182 2671 2491 2742 ἱλαστήριον
2517 2670 2607 2724 διὰ
2640 2670 2874 2732 πίστεως
2913 2668 2974 2720 ὲν
3013 2666 3089 2738 τῷ
3112 2666 3275 2721 αὐτοῦ
3305 2668 3521 2738 αἵματι.
3546 2686 3583 2720 ,ι
3611 2666 3760 2720 Ταύ-

497 2758 595 2830 qui
632 2766 894 2815 aeternam
935 2759 1371 2830 redemptionem
1391 2760 1625 2826 invenit,
1655 2776 1872 2830 unaque
1899 2760 2067 2815 hostia

2174 2778 2331 2833 τῃτοι
2360 2760 2453 2817 καὶ
2473 2759 2854 2831 εἰσϐεὸηκέναι
2886 2760 3050 2831 φησὶν
3072 2756 3235 2812 αὐτὸν
3256 2760 3337 2822 εἰς
3357 2758 3424 2815 τὰ
3452 2758 3622 2826 Ἀγια
3646 2758 3760 2811 τῶν

499 2850 749 2921 perfecit,
772 2859 828 2907 et
852 2850 1073 2920 quidem
1098 2851 1154 2905 in
1183 2860 1533 2922 perpetuum,
1548 2865 1739 2907 omnes
1760 2852 1855 2922 qui
1877 2852 2067 2906 sancti-

2177 2850 2346 2920 ἁγίων
2388 2850 2552 2916 ἅπαξ,
2600 2850 2693 2905 καὶ
2731 2849 2956 2905 αἰωνίαν
2988 2849 3257 2921 λύτρωσιν
3287 2849 3624 2920 εύρὰμενον,
3660 2853 3758 2904 καὶ

499 2944 751 2999 ﬁcantur.
802 2942 958 3000 Unde
997 2951 1054 2998 et
1092 2959 1195 2998 nos
1238 2944 1445 2999 salvati
1471 2959 1662 2999 sumus
1694 2945 1814 3014 ipso
1850 2952 2067 3013 peccata

2177 2944 2276 3014 μιᾷ
2307 2945 2593 3015 προσφορᾷ
2622 2943 3026 3009 τετελειωκότα,
3059 2944 3152 2996 καὶ
3178 2941 3336 2995 τοῦτο
3362 2943 3445 3005 εἰς
3470 2943 3534 2996 τὸ
3574 2942 3758 3011 διηνε-

498 3043 682 3088 nostra
711 3033 954 3097 tollente,
985 3041 1042 3088 et
1067 3048 1167 3102 pro
1196 3033 1357 3088 nobis
1390 3033 1694 3089 crueiatum
1736 3033 2067 3087 sustinente.

2178 3035 2272 3100 κὲς
2300 3038 2427 3100 τοὺς
2452 3036 2865 3108 ἁγιαζομένους.
2904 3016 3016 3090 Keil
3050 3034 3371 3107 σεσώσμεθα
3413 3035 3511 3106 μὲν
3554 3038 3755 3106 ἡμεῇδ

499 3123 692 3179 Posuit
718 3122 866 3177 enim
897 3123 1136 3176 animam
1175 3137 1331 3176 suam
1363 3123 1554 3176 volens
1579 3137 1677 3191 pro
1712 3121 1892 3185 nobis,
1929 3129 2067 3174 tam-

2171 3126 2332 3190 αύτὸς
2358 3127 2539 3192 δὲτὰς
2580 3129 2856 3201 ἁμαρτίας
2884 3129 3040 3201 ἡμῶν
3071 3128 3216 3201 αῐρει
3235 3169 3250 3194 ,
3300 3128 3394 3181 καὶ
3430 3126 3561 3198 περὶ
3594 3126 3755 3198 ἡμῶν

496 3212 657 3268 metsi
682 3212 885 3266 iterum
909 3211 1208 3266 suscitatus
1244 3211 1334 3265 sit.
1369 3211 1515 3264 Deus
1546 3211 1695 3265 enim
1721 3219 1842 3265 erat
1875 3219 2067 3279 suapte

2171 3218 2439 3274 ὀδυνᾶται.
2481 3220 2708 3274 Τέθεικε
2746 3221 2854 3293 γὰρ
2905 3221 3003 3292 τὴν
3057 3221 3194 3275 ἰδίαν
3242 3218 3420 3293 ψυχὴν
3466 3217 3756 3293 ἐθελοντὴς

495 3311 711 3365 natura,
734 3309 928 3370 estque
970 3302 1027 3355 in
1050 3300 1206 3355 cmlis
1231 3299 1302 3356 ad
1331 3299 1615 3355 dexteram
1645 3300 1824 3356 Patris
1865 3320 1883 3352 ι
1920 3316 2065 3355 sem-

2176 3309 2316 3382 ὑπὲρ
2346 3311 2533 3382 ἡμῶν·
2571 3312 2712 3383 πλὴν
2750 3312 2969 3367 ἀνεϐίω.
3007 3312 3139 3376 Θεὸς
3179 3314 3288 3384 γὰρ
3327 3307 3395 3383 ἦν
3422 3312 3583 3382 φύσει
3609 3353 3623 3374 ,
3658 3313 3759 3366 καὶ

496 3405 595 3460 per
614 3391 808 3445 vivens
849 3394 912 3443 ut
964 3389 1271 3444 intercedat
1321 3405 1422 3458 pro
1466 3390 1693 3456 sanctis,
1721 3409 1740 3442 ι
1783 3399 1853 3446 ut.
1901 3393 2066 3461 paulo

494 3488 621 3537 ante
668 3480 930 3535 diximus.
981 3480 1153 3535 Porro
1187 3480 1303 3535 haec
1333 3496 1364 3535 a
1412 3496 1501 3536 me
1551 3496 1771 3535 rursum
1807 3490 2066 3553 tanquam

491 3590 561 3630 ex
608 3574 768 3645 legali
809 3573 955 3629 dicta
979 3582 1108 3628 sunt
1133 3573 1349 3640 umbra,
1375 3589 1541 3644 quam
1576 3582 1631 3629 et
1670 3591 1780 3645 quo
1802 3586 1962 3647 pacto
2007 3593 2066 3633 se

492 3663 692 3720 habeat
712 3706 730 3729 ,
758 3664 1066 3719 luculenter
1092 3680 1379 3735 exponam.
1419 3664 1697 3734 Scriptum
1727 3674 1812 3720 est
1834 3668 1981 3722 enim
2008 3667 2067 3721 in

493 3756 742 3813 Levitico
785 3774 798 3810 ε
830 3775 849 3808 ι
877 3755 946 3811 Ει
977 3756 1115 3812 dixit
1158 3756 1423 3811 Dominus
1439 3755 1508 3810 ad
1549 3756 1735 3812 Mosen
1768 3775 1782 3811 :
1815 3758 2066 3829 Loquere

491 3851 698 3910 Aaroni
720 3849 877 3906 fratri
907 3858 1023 3916 tuo,
1052 3866 1165 3906 non
1187 3850 1528 3921 ingrediatur
1555 3851 1707 3906 omni
1733 3859 1979 3922 tempore
2010 3852 2065 3908 in

505 3943 879 3999 sanctuarium
898 3942 1041 3997 intra
1059 3943 1242 3999 velum
1268 3958 1453 3998 coram
1471 3943 1635 4014 37o
1652 3943 2061 4014 propitiatorio,

491 4030 639 4100 quod
667 4038 753 4085 est
779 4030 835 4083 in
878 4046 1001 4086 arca
1031 4030 1362 4097 testimonii,
1394 4047 1465 4085 ne
1498 4031 1640 4086 forte
1677 4033 1968 4090 moriatur.
2003 4034 2064 4093 In

490 4122 638 4175 nube
670 4122 819 4175 enim
849 4123 1125 4191 apparebo
1158 4124 1215 4177 in
1256 4123 1728 4193 propitiatorio‘a
1767 4123 2066 4196 Oportebat

490 4212 660 4277 enim,
683 4212 973 4283 oportebat
1003 4212 1222 4284 inquam
1246 4254 1260 4277 ,
1312 4215 1587 4271 Aaronem
1618 4226 1878 4287 praestare
1931 4220 2066 4275 ima-

491 4303 671 4375 ginem
691 4312 748 4359 et
778 4311 965 4376 typum
997 4305 1290 4361 sacerdotii
1323 4302 1564 4373 Christi,
1601 4318 1768 4380 atque
1801 4309 1926 4366 ideo
1954 4327 2063 4366 non

488 4395 639 4451 omni
678 4395 844 4463 hora,
901 4396 957 4452 id
991 4403 1078 4452 est
1124 4406 1386 4469 tempore,
1415 4400 1473 4455 in
1515 4401 1715 4457 Sancta
1748 4411 2061 4458 sanctorum

489 4485 720 4543 introire
742 4488 1186 4559 permittebatur,
1210 4490 1278 4544 ad
1294 4492 1736 4548 sanctiﬁcandam
1760 4492 1923 4564 hujus
1944 4511 2061 4566 my-

488 4578 643 4634 sterii
674 4580 1016 4649 dignitatem.
1050 4579 1310 4636 Christus
1342 4584 1492 4638 enim
1536 4585 1705 4639 semel
1744 4584 2022 4656 ingressus
2043 4626 2058 4651 ,

2172 3400 2320 3456 ἐστιν
2343 3405 2401 3457 ἐν
2431 3403 2677 3473 οὐρανοῖς
2698 3405 2755 3457 ἐν
2773 3404 2922 3475 δεξιᾷ
2946 3402 3042 3457 τοῦ
3063 3405 3296 3476 Πατρίκ,
3331 3423 3350 3457 ι
3387 3404 3621 3459 πάντοτε
3648 3402 3760 3468 ζῶν

2171 3492 2252 3555 είς
2290 3492 2352 3546 τὸ
2375 3493 2719 3563 ἐντυγχάνειν
2751 3494 2890 3566 ὑπὲρ
2925 3495 3127 3565 ἁγίων,
3173 3512 3190 3546 ι
3231 3494 3480 3566 καθάπερ
3528 3494 3760 3564 ἔναγχος

2171 3582 2328 3655 ἔφην.
2361 3584 2471 3638 Καὶ
2517 3586 2676 3639 ταυτί
2712 3603 2803 3656 μοι
2846 3587 3008 3641 πάλιν
3048 3588 3123 3649 ὡς
3162 3588 3226 3641 ὲκ
3277 3586 3508 3658 νομικῆς
3538 3586 3760 3656 εἴρηται

2172 3675 2353 3738 σκιᾶς,
2383 3675 2451 3747 ην
2486 3675 2580 3728 καὶ
2611 3675 2759 3740 ὅπως
2787 3676 2853 3731 ἂν
2880 3677 2994 3748 ἔχοι
3026 3676 3216 3746 σαφῶς
3247 3678 3627 3747 ἀφηγήσομαι.
3656 3674 3760 3728 Γέ-

2169 3782 2416 3836 γραπται
2445 3766 2622 3820 τοίνυν
2657 3768 2717 3823 ἐν
2755 3767 2836 3840 τῷ
2880 3766 3168 3839 Λευϊτικῷ’
3206 3787 3225 3820 ι
3260 3769 3368 3821 Καὶ
3395 3763 3519 3820 εἷπε
3548 3767 3758 3839 Κύριος

2172 3856 2309 3929 πρὸς
2333 3858 2559 3928 Μωσῆνο
2585 3858 2831 3929 Λάλησον
2861 3860 2999 3931 πρὸς
3031 3858 3243 3930 Ἂαρὼν
3260 3861 3353 3912 τὸν
3374 3859 3605 3928 ἀδελφόν
3630 3876 3753 3923 σου,

2174 3946 2248 4018 μὴ
2266 3946 2665 4019 εἰσπορευέσθω
2689 3950 2870 4003 πᾶσαν
2891 3948 3043 4022 ὥραν
3070 3950 3178 4003 τῶν
3205 3949 3377 4018 ἁγίων
3398 3948 3461 4003 τὸ
3480 3949 3756 4022 ἐσώτερον

2169 4038 2262 4093 τοῦ
2290 4041 2811 4110 καταπετάσματος,
2844 4043 2926 4106 εἰς
2958 4042 3248 4113 πρόσωπον
3270 4040 3365 4097 τοῦ
3392 4043 3710 4115 ἰλαστηρίου
3735 4082 3755 4107 ,

2168 4136 2197 4191 ὄ
2226 4138 2371 4189 ἔστιν
2410 4134 2506 4187 ἐπὶ
2548 4133 2648 4203 τῆς
2698 4131 2931 4188 κιϐωτοῦ
2981 4133 3077 4187 τοῦ
3127 4134 3460 4207 μαρτυρίου,
3509 4136 3606 4189 καὶ
3649 4134 3758 4192 οὐκ

2170 4226 2544 4282 ἀποθανεῖται.
2608 4225 2697 4278 Ἐν
2742 4222 2852 4295 γὰρ
2899 4224 3097 4296 νεφέλῃ
3151 4215 3459 4295 ὀφθήσομαι
3508 4224 3606 4278 ἐπὶ
3651 4225 3755 4279 τοῦ

2171 4318 2506 4390 ίλαστηρίου.
2550 4337 2568 4370 ι
2608 4316 2753 4371 Ἔδει
2781 4317 2914 4388 γὰρ,
2948 4317 3056 4371 ἔδει
3079 4317 3169 4371 τὸν
3205 4317 3418 4389 ’Δαρὼν
3441 4317 3633 4374 εἰκόνα
3656 4320 3758 4376 καὶ

2168 4410 2336 4465 τύπον
2366 4408 2714 4480 ἀποπληροῦν
2750 4407 3088 4478 τεταγμένην
3128 4409 3228 4478 τῆς
3264 4408 3565 4481 ἱερωσύνης
3608 4410 3754 4480 Χρι-

2171 4500 2296 4553 στοῦ
2327 4499 2400 4570 μὴ
2429 4500 2571 4552 κατὰ
2607 4501 2787 4553 πᾶσαν
2819 4498 2999 4571 ὥραν,
3040 4501 3207 4572 ἤγουν
3240 4501 3300 4554 ἐν
3332 4502 3497 4555 παντὶ
3540 4500 3753 4573 καιρῷ,

2167 4591 2266 4662 τὴν
2288 4592 2368 4653 εἰς
2411 4590 2483 4643 τὰ
2529 4589 2696 4659 ’Ᾱγια
2723 4591 2832 4644 τῶν
2863 4592 3034 4660 ἁγίων
3073 4591 3390 4663 ποιούμενον
3430 4593 3752 4665 εἰσδρομὴν,

485 4676 772 4735 aeternam,
806 4679 868 4724 ut
890 4671 1248 4741 dixi,reperit
1288 4674 1736 4745 redemptionem.
1771 4675 2063 4731 Peccatum

2171 4682 2325 4736 οἰονεί
2351 4682 2758 4754 παρασημαίνει
2785 4682 2880 4737 τοῦ
2906 4684 3207 4755 μυστηρίου
3233 4685 3295 4737 τὸ
3312 4684 3526 4747 κάλλος.
3562 4684 3755 4750 Ἀπαξ

487 4762 653 4833 igitur
678 4772 765 4818 est
795 4762 851 4817 in
889 4763 1059 4834 ipsam
1083 4765 1395 4830 veritatem,
1445 4781 1544 4835 per
1579 4783 1644 4822 ea
1677 4781 1799 4837 qua:
1831 4766 1885 4822 in
1917 4770 2060 4840 typis

2171 4773 2275 4844 γὰρ
2305 4772 2624 4844 εἰσϐἐὸηκεν
2675 4774 2705 4826 ὁ
2752 4775 3009 4846 Χριστὸς,
3056 4776 3279 4830 αἰωνίαν
3317 4776 3625 4847 λύτρωσιν,
3672 4775 3756 4840 ὡς

487 4863 636 4920 sunt,
664 4855 709 4910 si
747 4855 948 4925 saepius
993 4872 1156 4927 quam
1203 4860 1484 4913 annuatim
1506 4867 1563 4913 et
1591 4858 1759 4914 semel
1784 4859 1839 4914 in
1861 4857 2058 4915 Sancta

490 4955 802 5002 sanctorum
840 4946 1080 5003 introeat
1108 4947 1291 5003 Aaron
1313 4989 1327 5011 ,
1362 4949 1457 5004 sed
1507 4965 1724 5022 semper
1754 4962 1812 5006 et
1838 4953 2059 5023 quando

486 5048 880 5110 opportunum.
906 5040 1115 5096 Idcirco
1157 5042 1414 5112 praecepit
1460 5041 1511 5096 ei
1548 5043 1694 5098 Deus
1755 5043 1902 5099 hunc
1961 5059 2055 5100 ac-

490 5141 605 5185 tum
662 5131 1030 5196 servandum,
1067 5148 1137 5186 ne
1179 5131 1321 5186 forte
1351 5132 1638 5187 moriatur.
1688 5133 1807 5189 Jam
1834 5151 1966 5190 vero
2010 5135 2058 5191 si

486 5220 738 5289 capitalis
758 5235 920 5290 paena
948 5221 1245 5277 constituta
1289 5230 1375 5277 est
1403 5221 1459 5276 in
1496 5237 1625 5277 eum
1658 5225 1754 5294 qui
1787 5233 2063 5297 transgre-

485 5312 636 5367 ditur
656 5312 928 5377 umbram,
955 5320 1012 5368 et
1039 5312 1290 5385 impingit
1315 5315 1371 5368 in
1396 5322 1579 5386 typum
1606 5318 1874 5384 veritatis,
1899 5318 2060 5389 quale

486 5404 707 5461 demum
754 5407 1082 5477 supplicium
1121 5407 1365 5462 manebit
1411 5423 1508 5462 eos
1561 5409 1656 5479 qui
1707 5421 1940 5481 peccant
2001 5412 2057 5465 in

488 5493 657 5561 ipsam
698 5496 1005 5562 veritatem,
1039 5497 1143 5551 hoc
1179 5508 1284 5561 est,
1312 5498 1367 5553 in
1394 5498 1711 5556 Christum?
1738 5501 1896 5567 Quod
1930 5503 2056 5571 qui—

2165 4864 2319 4935 ἔφην,
2353 4864 2672 4936 εὑράμενος.
2713 4864 3100 4937 Πλημμέλημα
3129 4867 3306 4922 τοίνυν
3338 4868 3417 4930 είς
3445 4868 3619 4938 αὐτὴν
3646 4867 3753 4936 τὴν

2164 4951 2420 5021 ἀλήθειαν
2463 4956 2552 5010 διὰ
2594 4957 2704 5010 τῶν
2748 4960 2805 5011 ἐν
2850 4957 3064 5022 τύποις,
3114 4960 3174 5013 τὸ
3223 4959 3297 5031 μὴ
3332 4960 3449 5015 κατ’
3499 4961 3621 5024 ἔτος
3652 4963 3753 5015 καὶ

2165 5048 2314 5113 ἅπαξ
2339 5051 2418 5112 εἰς
2441 5048 2510 5101 τὰ
2537 5049 2705 5117 Ἀγια
2732 5049 2840 5102 τῶν
2869 5050 3039 5119 ἁγίων
3061 5051 3356 5105 εἰσελαύνει
3376 5050 3467 5104 τὸν
3506 5051 3748 5123 Ἀαρὼν,

2161 5139 2299 5194 ἀλλὰ
2326 5139 2467 5193 κατὰ
2500 5141 2682 5195 πᾶσαν
2705 5140 2875 5211 ὥραν,
2904 5144 2999 5198 καὶ
3030 5144 3106 5207 ὡς
3136 5146 3195 5198 ἐν
3225 5146 3385 5217 παντὶ
3414 5145 3616 5217 καιρῷ.
3645 5147 3749 5199 Ara

2157 5229 2316 5287 τοῦτο
2348 5229 2546 5302 χρῆναι
2575 5235 2763 5304 τηρεῖν
2807 5236 3199 5307 προστέταχεν,
3239 5237 3324 5290 ἵνα
3365 5235 3439 5308 μὴ
3470 5236 3745 5310 ἀποθάνῃ.

2159 5322 2222 5374 Εἰ
2252 5320 2308 5375 δὲ
2339 5320 2567 5388 θάνατος
2593 5319 2662 5395 ἦν
2690 5326 2723 5396 ὴ
2748 5324 2874 5398 δίκη
2918 5326 2998 5398 τῷ
3030 5327 3358 5400 παραλύοντι
3406 5327 3506 5398 τὴν
3560 5327 3748 5390 σκιὰν,

2159 5414 2253 5466 καὶ
2281 5415 2357 5477 είς
2386 5414 2477 5469 τὸν
2507 5414 2609 5484 τῆς
2648 5417 2906 5489 ἀληθείας
2938 5420 3375 5490 ἔμπαροενοῦντα
3423 5421 3625 5484 τύπον,
3656 5420 3749 5483 τίς

2161 5503 2309 5557 ἔσται
2348 5504 2533 5557 λοιπὸν
2577 5509 2608 5574 ἠ
2642 5509 2959 5583 ἐπιτίμησις
3004 5512 3115 5576 τοῖς
3144 5515 3225 5577 εἰς
3274 5512 3447 5583 αὐτὴν
3482 5512 3751 5584 πλημμε-

555 5668 577 5699 ⁸
608 5668 772 5724 Hebr.
797 5686 854 5738 ll,
894 5673 976 5728 Π.
1057 5676 1075 5706 ⁸
1132 5675 1297 5731 Hebr.
1350 5693 1442 5743 vn,
1488 5678 1574 5730 23.
1650 5679 1672 5709 ⁸
1706 5679 1862 5733 Rom.
1895 5696 1972 5747 ιιι,
2007 5680 2067 5736 2;;

2175 5682 2196 5711 ³
2226 5681 2402 5737 Levit.
2443 5698 2549 5751 ενι,
2574 5683 2630 5738 2.
