4052 6196
273 302 369 355 581

1166 300 1686 359 ριΑΡιιγιιοιιυιι
1724 306 1793 362 IN
1833 306 2207 365 LEVITICUM
2248 310 2471 368 LIBER.

3426 319 3531 377 683

272 412 420 465 λοῗοθι
452 412 553 483 τὴν
593 411 850 481 ἀλήθειαν
876 449 891 473 ,
922 410 1168 465 τουτέστι
1208 413 1476 483 Χριστόνς
1530 417 1595 470 '0
1640 417 1705 486 δὴ
1755 435 1853 471 πε-

1962 419 2083 476 dem
2108 429 2260 477 certe
2293 422 2545 478 fecerunt
2572 424 2769 490 Judaai,
2794 426 2888 495 qui
2914 442 3024 481 non
3058 427 3527 498 reclpiuntﬁdem:

269 505 542 577 πρᾴχασιν
580 503 820 557 Ἰουδαῖοι
844 502 943 572 τὴν
970 503 1048 565 είς
1071 504 1232 556 αὑτὸν
1254 506 1435 560 πίστιν
1463 507 1525 560 οὐ
1558 508 1847 579 προσιέμεε

269 610 377 657 νοι,
409 595 498 648 καὶ
550 595 692 649 κατὰ
727 593 953 665 μυρίους
988 593 1145 658 ὅσους
1190 595 1549 666 ἀτιμάζοντες
1578 599 1811 669 τρόπους
1832 638 1847 663 ,

268 687 363 740 καί
405 703 489 739 τοι
518 686 744 755 λέγοντα
777 687 995 755 σαφῶς·
1036 706 1051 738 ι
1105 686 1247 755 Ἐγώ
1276 689 1390 758 είμι
1436 690 1470 760 ἡ
1521 688 1785 760 ἀλήθεια,
1824 710 1843 741 ι

267 776 513 830 τουτέστι
564 775 671 828 τῶν
696 777 754 828 ἑν
781 776 931 845 νόμῳ
961 774 1148 829 τύπων
1172 778 1203 846 ἡ
1231 776 1528 848 πλήρωσις.
1559 776 1721 841 Τέλος
1742 779 1849 849 γὰρ

267 866 435 938 νόμου
468 867 564 920 ναὶ
594 866 886 939 προφητῶν
923 867 951 918 ό
993 868 1247 937 Χριστός.
1288 868 1495 939 Γράφει
1526 869 1634 941 γὰρ
1678 869 1849 934 οὕτως

268 960 401 1028 ἡμῖν
434 959 464 1011 ό
494 958 808 1030 νομομαθὴς
840 960 935 1012 καὶ
977 958 1268 1030 ἱερώτατος
1316 959 1547 1025 Παῦλος.
1594 961 1850 1031 Είργεται

268 1050 449 1103 τοίνυν
494 1051 522 1102 ὁ
580 1049 812 1121 ’Δαρὼν.
844 1050 935 1104 τοῦ
958 1049 1050 1121 ’μὴ
1085 1050 1355 1105 ποιεῖσθαι
1384 1051 1473 1107 διὰ
1512 1052 1711 1116 παντὸς
1752 1052 1850 1122 τὴν

269 1142 352 1204 είς
377 1140 447 1194 τὰ
474 1141 640 1210 Ἅγια
666 1139 773 1195 τῶν
798 1139 965 1209 ἁγίων
993 1140 1245 1213 εἰσϐολὴν
1268 1182 1283 1208 ,
1317 1141 1403 1195 ἵνα
1427 1142 1521 1196 τοῦ
1550 1142 1850 1213 μυστηρίου
1879 1137 1898 1159 ⁸

267 1232 332 1285 τὸ
359 1233 558 1295 κάλλος
597 1231 963 1303 ἁδιαλώϐητόν
984 1249 1044 1286 τε
1076 1232 1171 1287 καὶ
1200 1233 1521 1302 ἀκραιφνὲς,
1548 1233 1642 1287 καὶ
1660 1234 1852 1297 αὐταῖς

269 1324 404 1394 ἡμῖν
436 1321 806 1392 ἅναστράπτοι
836 1323 957 1384 ταῖς
997 1324 1196 1385 σκιαῖς.
1229 1322 1306 1375 Δι’
1328 1322 1482 1385 ἔτους
1509 1323 1609 1394 μὲν
1632 1317 1727 1377 οὖν
1757 1322 1853 1377 καὶ

271 1413 394 1467 καθ’
421 1413 519 1466 ἕνα
546 1412 740 1484 καιρὸν
766 1414 800 1484 ἡ
822 1414 1045 1477 εἴσοδος.
1074 1413 1207 1466 Τίνα
1233 1412 1276 1466 δ’
1298 1413 1365 1467 ἂν
1393 1413 1603 1482 γένοιτο
1631 1414 1850 1482 τρόπον,

272 1507 368 1559 καὶ
387 1506 491 1560 οὐκ
510 1505 588 1560 ’ἂν
613 1504 848 1576 ἁμάρτοι
872 1504 966 1559 τοῦ
994 1504 1636 1577 πρέτωντος,ὲνομοθὲτει
1656 1503 1849 1573 λόγων·

276 1614 294 1646 ι
327 1593 517 1658 οὕτως
548 1593 914 1648 εἰσελεύσεται
962 1592 1172 1666 Ἀαρὼν
1211 1595 1291 1658 είς
1324 1596 1382 1648 τὸ
1412 1594 1586 1664 ἅγιον.
1634 1595 1723 1648 Ἐν
1759 1594 1855 1666 μόο

271 1703 387 1757 σχῳ
425 1686 491 1739 ὲκ
524 1683 665 1755 βοῶν
697 1684 825 1756 περὶ
859 1684 1156 1755 ἁμαρτίας,
1179 1688 1276 1737 καὶ
1315 1685 1470 1757 κριὸν
1502 1687 1582 1749 είς
1620 1685 1852 1758 όλοκάρ-

272 1792 464 1846 πωμα,
498 1774 589 1827 καὶ
618 1773 819 1845 χιτῶνα
852 1771 1033 1826 λινοῦν
1058 1773 1387 1843 ἡγιασμένον
1428 1773 1735 1839 ἐνδύσεται,

274 1865 599 1938 περισκελὲς
637 1864 816 1918 λινοῦν
844 1864 997 1918 ἔσται
1040 1865 1133 1918 ἐπὶ
1165 1864 1258 1918 τοῦ
1288 1865 1495 1936 χρωτὸς
1528 1865 1717 1926 αὐτοῦ.
1761 1865 1855 1919 καὶ

274 1946 453 2027 ζώνην
474 1959 625 2030 λινῆν
651 1957 907 2023 ζὼσεται,
940 1960 1035 2012 καὶ
1058 1958 1272 2029 κίδαριν
1295 1958 1446 2030 λινῆν
1478 1958 1852 2031 περιθήσεται.

285 2051 500 2122 Ίμάτια
531 2050 661 2120 ἅγιά
693 2052 840 2104 ἐστι’
877 2051 971 2104 καὶ
1001 2049 1251 2105 λούσεται
1288 2049 1436 2107 ῦδατι
1463 2050 1571 2103 πᾶν
1601 2048 1661 2103 τὸ
1697 2049 1853 2121 σῶμα

278 2141 465 2203 αὑτοῦ.
493 2143 583 2195 καὶ
610 2141 888 2196 ἐνδύσεται
910 2141 1069 2196 αὑτά.
1100 2141 1212 2195 Καὶ
1242 2140 1391 2213 παρά
1412 2140 1512 2211 τῆς
1535 2140 1856 2210 συναγωγῆς

276 2233 384 2286 τῶν
428 2233 561 2287 υἱῶν
611 2232 826 2306 Ἰσραὴλ
875 2231 1100 2303 λήψεται
1138 2232 1230 2285 δύο
1272 2233 1536 2304 χιμάρους
1589 2232 1649 2297 ἐξ
1687 2231 1856 2302 αἰγῶν

280 2328 403 2399 περὶ
460 2327 770 2397 ἁμαρτίας,
830 2327 925 2381 καὶ
987 2325 1140 2397 κριδν
1194 2326 1292 2381 ἕνα
1341 2329 1420 2391 εἰς
1474 2324 1851 2397 όλοκαύτωμα.

279 2420 385 2473 Καὶ
437 2417 698 2491 προσάξει
755 2416 966 2488 Ἀαρὼν
1002 2418 1093 2471 τὸν
1126 2418 1325 2490 μόσχον
1371 2417 1462 2470 τὸν
1500 2418 1629 2490 περὶ
1674 2417 1853 2489 ἀμαρ-

278 2512 396 2574 τίας
439 2512 540 2583 τῆς
580 2510 799 2574 ἑαυτοῦ,
841 2513 935 2565 καὶ
984 2511 1291 2578 ὲξιλάσεται
1336 2512 1463 2584 περὶ
1509 2511 1703 2567 ἑαυτοῦ
1759 2514 1851 2567 καὶ

276 2602 368 2656 τοῦ
407 2604 559 2657 οῐιου
604 2602 791 2656 αὐτοῦ.
824 2604 935 2658 Καὶ
986 2604 1215 2675 λήψεται
1261 2604 1386 2667 τοὺς
1424 2604 1517 2658 δύο
1564 2605 1854 2675 χιμάρους,

279 2698 371 2752 καὶ
394 2700 579 2769 στήσει
605 2699 805 2762 αὐτοὺς
832 2697 1010 2751 ἔναντι
1034 2697 1240 2769 Κυρίου
1268 2698 1419 2770 παρὰ
1439 2699 1538 2770 τὴν
1562 2698 1731 2770 θύραν
1758 2699 1857 2769 τῆς

282 2790 483 2861 σκηνῆς
522 2789 617 2842 τοῦ
670 2788 1006 2861 μαρτυρίου,
1062 2788 1159 2843 καὶ
1204 2789 1457 2862 ἐπιθήσει
1517 2789 1726 2862 Ἀαρὼν
1763 2789 1858 2843 ἐπὶ

278 2884 401 2944 τοὺς
419 2881 513 2935 δύο
537 2881 806 2954 χιμάρους
829 2882 1050 2954 κλῆρον,
1084 2881 1179 2935 ἕνα
1202 2881 1277 2953 τῷ
1299 2882 1508 2953 Κυρίῳ,
1533 2883 1629 2935 καὶ
1655 2882 1858 2954 κλῆρον

281 2974 373 3026 ινα
402 2972 485 3043 τῷ
521 2972 921 3044 ἁποπομπαίῳ.
958 2971 1069 3026 Kal.
1112 2970 1376 3044 προσάξει
1420 2971 1628 3043 ’Δαρὼν
1656 2971 1746 3026 τὸν
1772 2970 1857 3043 χί-

1955 523 2010 567 at
2034 514 2218 583 potius
2234 515 2402 571 variis
2433 516 2611 571 modis
2627 517 2801 587 ipsam
2818 518 3125 575 deformant
3153 529 3316 590 atque
3343 521 3527 577 detur-

1955 615 2088 676 pant
2118 623 2132 659 :
2163 621 2476 678 quanquam
2527 609 2640 675 ille_
2666 609 2952 666 manifeste
2989 611 3139 667 dicat
3171 629 3185 664 :
3227 631 3245 663 ι
3274 612 3387 682 Ego
3410 626 3533 668 sum

1954 697 2158 752 veritas
2184 698 2227 761 ',
2261 717 2281 749 ι
2309 698 2416 753 hoc
2441 709 2547 763 est,
2581 699 2838 770 legalium
2869 708 3123 772 typorum
3155 710 3212 755 et
3236 699 3533 770 ﬁgurarum

1957 789 2223 860 impletio.
2244 790 2397 845 Finis
2414 790 2563 845 enim
2587 790 2723 861 legis
2747 798 2803 845 et
2837 790 3231 861 prophetarum
3266 798 3351 844 est
3369 788 3532 845 Chri-

1955 883 2127 937 stus“.
2170 883 2249 937 lta
2275 882 2424 937 enim
2462 883 2625 938 nobis
2658 883 2854 937 scribit
2902 882 3271 952 peritissimus
3311 881 3446 951 legis
3476 888 3534 936 et

1955 976 2337 1032 sanctissimus
2381 977 2602 1033 Paulus.
2640 979 2958 1035 Prohihitus
3002 980 3169 1050 igitur
3211 986 3297 1033 est
3322 977 3526 1040 Aaron,

1954 1081 2026 1121 ne
2047 1081 2266 1137 semper
2289 1066 2453 1122 adeat
2494 1067 2693 1123 Sancta
2719 1076 3057 1133 sanctorum,
3084 1078 3145 1122 ut
3172 1066 3421 1138 mysterii
3450 1064 3538 1119 di-

1955 1159 2136 1230 gnitas
2173 1159 2246 1214 sit
2270 1159 2530 1215 inviolata
2557 1168 2722 1231 atque
2749 1162 2982 1233 integra,
3008 1159 3277 1231 nobisque
3307 1174 3375 1214 ex
3400 1157 3536 1229 ipsis

1957 1250 2170 1305 umbris
2191 1251 2485 1307 elucescat.
2532 1252 2743 1308 Idcirco
2771 1253 3043 1324 ingressio
3079 1252 3247 1307 fiebat
3283 1249 3454 1306 semel
3477 1257 3536 1303 et

1958 1359 2069 1398 uno
2090 1351 2358 1413 tempore.
2382 1342 2502 1410 Quo
2524 1353 2707 1398 autem
2733 1344 2897 1400 modo
2923 1345 3123 1400 debeat
3149 1343 3289 1407 ﬁeri,
3318 1349 3381 1396 ut
3422 1356 3533 1396 non

1957 1435 2250 1489 aberretur
2285 1448 2317 1488 a
2353 1434 2577 1497 decoro,
2632 1434 2788 1488 addit
2837 1435 3118 1505 legislator
3161 1433 3250 1488 his
3290 1430 3481 1487 verbis
3517 1447 3532 1482 τ

1966 1544 1984 1576 ι
2020 1524 2111 1580 Sic
2133 1515 2476 1595 ingredietur
2505 1524 2688 1579 Aaron
2712 1526 2765 1579 in
2785 1533 3059 1580 sanctum.
3088 1525 3195 1579 Per
3216 1522 3451 1577 vitulum
3467 1535 3535 1575 ex

1959 1615 2136 1671 bobus
2163 1631 2264 1686 pro
2286 1623 2534 1687 peccato,
2563 1624 2619 1671 et
2641 1616 2871 1671 arietem
2916 1617 2973 1670 in
3018 1617 3424 1678 holocaustum,
3450 1620 3537 1666 tu-

1958 1707 2195 1777 nicaque
2241 1707 2386 1762 linea
2425 1707 2761 1762 sanctiﬁcata
2806 1708 3086 1772 induetur,
3152 1722 3214 1761 ac
3277 1704 3536 1760 feminale

1763 1773 1857 1869 *3}
1889 1781 1929 1836 Β
1957 1798 2165 1854 lineum
2186 1799 2295 1853 erit
2321 1814 2489 1869 supra
2525 1807 2707 1854 cutem
2745 1800 2939 1869 ipsius,
2968 1813 3213 1868 zonaque
3242 1797 3388 1852 linea
3414 1796 3535 1851 cin-

1956 1898 2137 1962 getur,
2195 1889 2424 1945 cidarim
2483 1890 2683 1946 lineam
2737 1891 2982 1960 imponet
3024 1889 3149 1944 sibi.
3199 1889 3537 1943 Vestimenta

1955 1987 2146 2036 sancta
2169 1990 2333 2044 sunt,
2366 1989 2422 2036 et
2442 1981 2718 2035 lavabitur
2739 1996 2880 2052 aqua
2909 1989 3081 2035 totum
3114 1994 3317 2049 corpus
3340 1978 3534 2049 ipsius,

1955 2081 2014 2127 et
2044 2072 2132 2127 his
2177 2072 2458 2127 induetur.
2514 2072 2722 2127 Deinde
2751 2087 2784 2127 a
2814 2072 3239 2142 congregatione
3293 2069 3536 2125 ﬁliorum

1958 2163 2123 2219 lsrael
2157 2163 2391 2233 recipiet
2421 2163 2563 2218 duos
2586 2164 2774 2218 hircos
2806 2178 2874 2218 ex
2917 2163 3100 2233 capris
3140 2176 3243 2232 pro
3276 2168 3534 2231 peccato,

1957 2262 2123 2325 atque
2148 2255 2379 2310 arietem
2422 2270 2594 2310 unum
2637 2255 2694 2309 in
2725 2254 3110 2309 holocaustum
3146 2271 3158 2305 :
3188 2250 3538 2320 adducetque

1956 2343 2138 2398 Aaron
2182 2344 2451 2410 vitulum,
2492 2344 2589 2414 qui
2622 2351 2709 2399 est
2736 2359 2835 2414 pro
2858 2352 3084 2413 peccato
3132 2342 3218 2397 sui
3263 2342 3455 2412 ipsius,
3481 2348 3541 2397 et

1956 2433 2208 2489 exorabit
2232 2448 2336 2504 pro
2372 2449 2433 2489 se
2455 2443 2512 2489 et
2536 2449 2634 2488 sua
2662 2432 2889 2488 familia.
2918 2434 3114 2489 Postea
3140 2432 3377 2502 accipiet
3398 2431 3538 2486 duos

1957 2523 2144 2581 hircos
2169 2565 2183 2589 ,
2231 2533 2290 2581 et
2311 2532 2517 2580 statuet
2540 2539 2637 2579 eos
2659 2540 2844 2579 coram
2876 2524 3111 2579 Domino
3148 2522 3216 2577 ad
3243 2531 3431 2592 portas
3453 2530 3541 2576 ta-

1956 2614 2241 2671 bernaculi
2285 2616 2586 2671 testimonii
2621 2634 2634 2669 :
2665 2624 2722 2671 et
2747 2617 2930 2670 mittet
2960 2614 3141 2669 Aaron
3181 2614 3340 2683 371
3371 2627 3540 2682 super

1958 2706 2099 2762 duos
2116 2706 2304 2763 hircos
2321 2714 2499 2762 sortes
2527 2725 2541 2761 :
2571 2722 2735 2761 unam
2752 2707 3004 2770 Domino,
3026 2713 3083 2759 et
3110 2705 3338 2758 alteram
3373 2718 3541 2772 capro

1957 2797 2266 2854 emissario.
2321 2798 2476 2853 Tunc
2532 2797 2773 2852 adducet
2817 2797 2999 2851 Aaron
3072 2796 3322 2858 hircum,
3371 2807 3540 2862 super

1956 2906 2122 2961 quem
2147 2890 2320 2946 exivit
2346 2906 2469 2945 sors
2496 2890 2751 2955 Domino,
2783 2896 2839 2944 et
2866 2889 3064 2943 oﬁ‘eret
3091 2901 3219 2941 cum
3262 2901 3364 2956 pro
3406 2899 3539 2956 pec-

1958 2990 2081 3038 cato
2109 2980 2205 3035 sed
2229 2979 2464 3043 hircum,
2504 2992 2674 3048 super
2715 2992 2881 3047 quem
2910 2976 3115 3031 cecidit
3142 2991 3265 3031 sors
3304 2975 3538 3029 emissa-

284 3082 478 3137 μαρον,
509 3064 594 3134 ἐφ’
626 3065 683 3118 ὃν
703 3064 940 3135 ἐπῆλθεν
966 3065 1051 3119 ἐπ’
1072 3064 1223 3137 αὑτῷ
1244 3067 1273 3119 ὁ
1303 3064 1503 3137 κλῆρος
1544 3064 1621 3136 τῷ
1643 3065 1850 3137 Κυρίῳ,

1962 3073 2051 3138 rii,
2090 3078 2295 3127 statuet
2322 3070 2596 3125 viventem
2640 3069 2698 3123 in
2733 3076 3033 3138 conspectu
3064 3067 3304 3133 Domini,
3334 3073 3399 3120 ut
3438 3078 3542 3137 pro

285 3158 377 3210 καὶ
409 3157 691 3227 προσοίσει
722 3158 851 3229 περὶ
895 3157 1168 3229 ἁμαρτίας
1193 3173 1206 3187 ·
1244 3157 1340 3210 καὶ
1366 3156 1459 3210 τὸν
1488 3158 1744 3228 χίμαρον,
1771 3158 1854 3226 ἐφ’

1962 3164 2079 3233 ipso
2100 3162 2447 3231 deprecetur,
2491 3167 2553 3214 ut
2573 3160 2790 3215 emittat
2813 3175 2942 3214 eum
2967 3159 3023 3214 in
3055 3159 3429 3223 emissionem,
3454 3164 3541 3213 at-

280 3248 338 3299 δν
372 3248 404 3300 ό
445 3248 646 3318 κλῆρος
691 3247 786 3301 τοῦ
827 3248 1240 3319 ἀποπομπαίου,
1282 3248 1467 3318 στήσει
1492 3247 1655 3301 αὐτὸν
1681 3247 1859 3312 ζῶντα
1902 3278 1907 3283 ~

283 3338 461 3393 ἔναντι
492 3339 696 3410 Κυρίου
741 3338 835 3393 τοῦ
869 3339 1221 3404 ἐξιλάσασθαι
1267 3340 1353 3394 ἐπ’
1385 3338 1573 3401 αὑτοῦ,
1604 3339 1743 3393 ὥστε
1775 3337 1860 3403 ἐξ·

284 3430 599 3484 ατοστεῖλαι
613 3431 775 3485 αὐτὸν
796 3432 871 3495 εἰς
885 3432 983 3502 τὴν
1004 3432 1357 3503 άποπομπὴν,
1375 3432 1469 3486 καὶ
1484 3433 1684 3503 ἀφήσει
1697 3432 1860 3485 αὑτὸν

286 3537 362 3587 εἰς
389 3521 490 3591 τὴν
522 3520 745 3593 ἔρημον.
783 3541 802 3574 ι
838 3521 943 3576 Τόν
977 3523 1075 3593 μὲν
1108 3519 1200 3577 οῦν
1221 3522 1320 3593 τῆς
1349 3522 1540 3586 θυσίας
1566 3523 1626 3574 ὲν
1649 3520 1862 3585 τούτοις

287 3614 410 3684 ἡμῖν
442 3613 723 3683 ἐξηγεῖται
761 3614 981 3685 τρόπον.
1030 3609 1164 3669 Εἶτα
1202 3614 1608 3685 προσκεκόμικε
1640 3612 1732 3667 τὸν
1762 3614 1863 3682 μό-

288 3722 411 3777 σχον
455 3706 669 3778 Ἀαρὼν
704 3706 795 3760 τὸν
826 3708 953 3776 περὶ
978 3706 1079 3777 τῆς
1106 3707 1375 3777 ἁμαρτίας
1397 3707 1499 3777 τῆς
1520 3705 1742 3770 ἑαυτοῦ,
1767 3705 1861 3758 καὶ

285 3798 377 3853 τοῦ
405 3800 558 3853 οἴκου
585 3798 804 3854 ἑαυτοῦ.
833 3799 1143 3870 Τεθυμὲνου
1165 3799 1222 3853 δὲ
1248 3798 1343 3853 τοῦ
1373 3800 1597 3870 μόσχου,
1628 3799 1722 3854 zeal.
1753 3797 1860 3869 μὴν

286 3891 375 3945 τοῦ
415 3892 577 3963 κριοῦ
599 3893 885 3961 γεγονότος
910 3895 990 3957 είς
1008 3891 1387 3964 ὁλοκαύτωμα,
1424 3892 1566 3945 κατὰ
1592 3892 1683 3945 τὸν
1712 3889 1863 3960 αὐτῷ

288 3984 566 4052 πρέποντα
610 3984 807 4054 νόμον
863 3985 976 4039 Καὶ
1015 3985 1268 4057 λήψεται,
1320 3984 1490 4054 φησὶ.
1529 3983 1591 4037 τὸ
1642 3985 1863 4055 πυρείον

287 4073 495 4144 πλῆρες
528 4073 815 4143 ἀνθράκων
844 4075 1016 4145 πυρὸς
1043 4075 1149 4128 ἀπὸ
1176 4074 1269 4127 τοῦ
1303 4073 1691 4144 θυσιαστηρίου
1723 4072 1863 4126 ἀπε-

288 4182 437 4219 ναντι
467 4165 694 4236 Κυρίου.
741 4166 848 4219 Kal.
876 4164 1154 4236 πληρώσει
1185 4165 1283 4230 τὰς
1303 4168 1491 4237 χεῖρας
1521 4164 1865 4236 θυμιάματος

288 4259 593 4323 συνθέσεως
630 4257 851 4329 λεπτῆς,
884 4259 980 4313 καὶ
1009 4259 1234 4312 εἰσοίσει
1281 4259 1545 4330 ἐσώτερον
1574 4256 1668 4311 τοῦ
1699 4273 1864 4311 κατα-

288 4351 660 4421 πετάσματος,
711 4350 803 4403 καὶ
834 4348 1085 4421 ἐπιθήσει
1117 4350 1178 4403 τὸ
1220 4350 1472 4421 θυμίαμα
1510 4350 1605 4403 ἐπὶ
1646 4348 1705 4403 τὸ
1753 4346 1866 4419 πῦρ

1959 3269 2067 3324 que
2090 3252 2333 3308 dimittat
2364 3267 2491 3307 eum
2519 3252 2575 3306 in
2596 3251 2953 3307 solitudinem
2978 3252 3021 3305 ’.
3057 3270 3076 3303 ι
3106 3251 3324 3306 Modum
3350 3252 3541 3320 itaque

1961 3344 2216 3402 sacriﬁcii
2244 3346 2300 3399 in
2323 3344 2411 3399 h‘is
2429 3345 2618 3400 verbis
2649 3344 2896 3414 exponit.
2923 3343 3130 3399 Deinde
3156 3342 3338 3397 Aaron
3370 3342 3545 3398 addu-

1957 3438 2041 3493 xit
2073 3436 2311 3492 vitulum
2341 3436 2685 3492 offerendum
2722 3450 2821 3505 pro
2849 3436 2935 3490 sui
2973 3434 3149 3505 ipsius
3179 3443 3426 3504 peccato,
3457 3443 3545 3489 at-

1961 3544 2069 3600 que
2090 3543 2193 3599 pro
2241 3543 2341 3583 sua
2382 3526 2565 3582 domo.
2599 3527 2835 3583 Mactato
2869 3533 3053 3581 autem
3102 3525 3294 3590 vitulo,
3327 3534 3383 3580 et
3411 3526 3543 3580 item

1961 3619 2119 3674 hirco
2140 3618 2415 3675 destinato
2463 3618 2519 3673 in
2552 3618 2960 3681 holocaustum,
2989 3618 3142 3687 juxta
3179 3616 3430 3672 eamdem
3469 3616 3547 3670 le-

1962 3727 2086 3783 gem
2123 3728 2136 3764 :
2170 3729 2189 3763 ι
2234 3711 2425 3775 Tunc,
2484 3711 2695 3781 inquit,
2751 3711 2988 3779 accipiet
3033 3709 3377 3763 thuribulum
3420 3709 3544 3778 ple-

1963 3819 2095 3859 num
2122 3803 2458 3859 carbonibus
2478 3804 2620 3874 ignis
2643 3803 2712 3858 ab
2734 3803 2894 3858 altari
2934 3801 3081 3871 quod
3105 3808 3191 3855 est
3212 3815 3397 3855 coram
3440 3801 3549 3855 Do-

1964 3896 2134 3953 mino.
2175 3894 2537 3964 Implebitque
2562 3909 2759 3948 manus
2806 3909 2934 3948 suas
2965 3893 3318 3963 thymiamate
3363 3890 3546 3945 tenuis

1964 3983 2400 4053 compositionis,
2429 3990 2486 4036 et
2516 3982 2715 4047 inferet
2761 3982 2905 4035 intra
2927 3981 3110 4035 velum
3130 4021 3144 4043 ,
3190 3980 3545 4050 imponetque

1964 4072 2260 4144 thymiama
2292 4070 2404 4142 igni
2426 4085 2611 4125 coram
2642 4070 2895 4135 Domino,
2921 4079 3084 4140 atque
3106 4085 3279 4140 vapor
3309 4068 3543 4141 thymia-

1965 4165 2129 4223 matis
2178 4172 2325 4235 teget
2373 4161 2843 4234 propitiatorium,
2873 4161 3021 4233 quod
3068 4172 3154 4217 est
3191 4177 3358 4233 super
3384 4161 3545 4217 testi--

1966 4257 2171 4324 monia,
2222 4265 2281 4311 et
2310 4270 2421 4311 non
2457 4255 2745 4310 morietur.
2791 4254 2984 4309 Postea
3018 4254 3254 4324 accipiet
3302 4254 3372 4308 de
3415 4268 3546 4308 san-

1967 4350 2133 4422 guine
2157 4348 2339 4413 vituli,
2367 4355 2424 4402 et
2449 4346 2891 4417 aspergetdigito
2923 4347 2979 4400 in
3016 4345 3457 4415 propitiatorium
3478 4344 3546 4399 ad

285 4442 465 4496 ἔναντι
495 4441 724 4514 Κυρίου,
754 4443 848 4496 καὶ
881 4442 1113 4512 καλύψει
1143 4444 1175 4513 ή
1208 4442 1375 4513 ἀτμὶς
1403 4440 1496 4495 τοῦ
1525 4441 1860 4513 θυμιάματος

1973 4442 2244 4499 orientem
2285 4455 2469 4496 coram
2525 4438 2933 4508 prepitiatorio,
2966 4436 3172 4505 septies
3199 4443 3450 4505 aspergat
3478 4436 3548 4489 de

287 4534 347 4588 τὸ
385 4532 705 4604 ἱλαστήριον
748 4532 811 4585 τὸ
834 4533 927 4585 ἐπὶ
953 4533 1059 4586 τῶν
1092 4533 1427 4604 μαρτυρίων,
1459 4534 1556 4587 καὶ
1594 4532 1696 4585 οὐκ
1724 4533 1861 4586 ἁπο-

287 4623 550 4677 θανεῖται.
581 4622 692 4676 Καὶ
723 4621 955 4692 λήψεται
986 4621 1095 4675 ἀπὸ
1119 4621 1214 4674 τοῦ
1236 4622 1467 4691 αἵματος
1494 4620 1588 4675 τοῦ
1621 4621 1822 4692 μόσχου
1845 4661 1862 4685 ,

240 4704 243 4707 ’
289 4713 379 4765 καὶ
400 4714 558 4782 ῥανεῖ
581 4709 661 4781 τῷ
684 4710 934 4779 δακτύλῳ
960 4710 1021 4764 τὸ
1050 4709 1433 4785 θυριαστήριον
1455 4729 1468 4743 ·
1503 4713 1656 4782 ῥανεϊ
1689 4710 1859 4766 ἑπτά-

288 4821 375 4868 κις
399 4805 510 4858 ἀπὸ
537 4804 633 4857 τοῦ
664 4803 896 4873 αἵματος
938 4802 1017 4874 τῷ
1049 4802 1296 4873 δακτύλῳ
1338 4803 1525 4859 αὐτοῦ.
1564 4822 1582 4853 ι
1614 4805 1865 4875 Προσεπ-

287 4896 415 4965 άγει
443 4895 503 4948 δὲ
537 4894 745 4958 τούτοις
764 4911 778 4925 ο
823 4914 841 4946 ι
870 4896 976 4948 Καὶ
1005 4894 1199 4965 σφάξει
1228 4895 1319 4949 τὸν
1346 4894 1584 4966 χίμαρον
1613 4896 1742 4965 περὶ
1768 4894 1869 4966 τῆς

287 4987 568 5057 ἁμαρτίας
596 4986 688 5040 τὸν
714 4986 868 5057 παρὰ
896 4987 988 5041 τοῦ
1013 4986 1145 5042 λαοῦ
1172 4986 1353 5042 ἔναντι
1379 4987 1474 5040 τοῦ
1510 4986 1738 5057 Κυρίου,
1772 4987 1869 5040 καὶ

289 5079 516 5133 εἰσοίσει
548 5077 660 5132 ἀπὸ
697 5077 792 5131 τοῦ
831 5079 1064 5148 αἵματος
1088 5077 1254 5133 αὑτοῦ
1276 5077 1543 5150 ἐσώτερον
1567 5077 1663 5132 τοῦ
1701 5095 1871 5132 κατα-

287 5169 643 5241 πετάσματος
661 5186 675 5201 ·
704 5169 801 5224 καὶ
843 5170 1056 5241 ποιήσει
1086 5169 1150 5226 τὸ
1186 5165 1329 5242 αἷμα
1359 5170 1546 5235 αὐτοῦ,
1581 5170 1643 5224 ὃν
1673 5171 1876 5242 τρόπον

290 5263 517 5334 ἐποίησε
545 5263 609 5316 τὸ
637 5257 777 5334 αἷμα
818 5262 912 5317 τοῦ
952 5264 1173 5335 μόσχου.
1221 5282 1241 5316 ι
1270 5264 1380 5318 Καὶ
1404 5264 1562 5319 ταυτὶ
1602 5264 1668 5335 δὴ
1703 5264 1876 5318 ταῦτα

289 5355 630 5426 προστέταχε
693 5355 970 5425 γενέσθαι,
1012 5355 1152 5427 ὑπὲρ
1194 5356 1290 5411 τοῦ
1336 5355 1683 5424 ἐξιλάσασθαι
1732 5374 1873 5427 φημι

292 5446 433 5520 ὑπὲρ
460 5446 574 5500 τῶν
617 5446 973 5519 ἀκαθαρσιῶν
1011 5447 1120 5501 τῶν
1159 5448 1291 5502 υἱῶν
1353 5448 1587 5520 Ἰσραὴλ,
1624 5448 1877 5518 καὶπερὶ

297 5539 486 5593 πισῶν
519 5538 628 5591 τῶν
655 5538 942 5611 ἁμαρτιῶν
976 5539 1176 5594 αὐτῶν.
1218 5541 1551 5612 Κατεχρίετο
1584 5540 1641 5594 δὲ
1667 5540 1746 5611 τῷ
1786 5542 1875 5593 αἴ-

368 5715 387 5747 ⁷
427 5715 590 5772 Joan.
621 5733 731 5785 xiv,
761 5716 811 5771 6.
890 5719 911 5749 ⁸
934 5718 1091 5773 Rom.
1119 5735 1171 5785 ι,
1199 5719 1251 5774 ι.
1329 5720 1347 5752 ’
1378 5719 1554 5775 ιρι-ιι.
1582 5736 1691 5781 xvi.
1727 5721 1882 5777 5-H).

1969 4535 2232 4606 sanguine
2265 4532 2437 4603 digito
2458 4546 2559 4585 suo
2584 4532 2647 4584 '°.
2674 4550 2692 4580 ι
2726 4528 2892 4583 Addit
2914 4534 3098 4582 autem
3124 4526 3211 4580 his
3234 4542 3248 4578 :
3280 4544 3298 4576 ι
3322 4525 3548 4579 Hircum

1969 4646 2071 4701 pro
2096 4636 2323 4699 peccato
2348 4624 2536 4696 populi
2562 4621 2827 4678 mactabit
2861 4635 3046 4674 coram
3099 4617 3353 4680 Domino,
3378 4622 3437 4671 et
3461 4615 3550 4669 in—

1968 4721 2112 4776 feret
2155 4721 2477 4791 sanguinem
2500 4718 2621 4788 ejus
2666 4716 2811 4770 intra
2845 4713 3062 4777 velum,
3107 4711 3382 4780 facietque
3423 4723 3549 4763 cum

1972 4812 2237 4883 sanguine
2274 4810 2439 4881 hujus
2464 4808 2608 4864 sicut
2641 4807 2772 4863 fecit
2798 4822 2923 4862 cum
2945 4806 3214 4876 sanguine
3242 4801 3402 4857 vituli
3428 4802 3491 4860 ι’.
3525 4819 3544 4853 ι

1975 4906 2152 4975 Atque
2193 4904 2309 4958 haec
2352 4909 2545 4957 cuncta
2578 4899 2694 4954 ﬁeri
2720 4898 2997 4954 ordinavit
3023 4938 3037 4961 ,
3079 4904 3139 4951 ut
3163 4893 3422 4950 sacerdos
3453 4892 3554 4947 de-

1976 5003 2298 5068 precaretur
2315 5002 2372 5048 et
2394 5000 2577 5048 oraret
2601 5007 2702 5062 pro
2725 4990 3090 5045 immunditiis
3106 4988 3341 5041 ﬁliorum
3366 4985 3551 5047 lsrael,

1977 5099 2036 5145 et
2051 5103 2153 5159 pro
2173 5085 2432 5141 omnibus
2447 5083 2688 5154 peccatis
2713 5082 2846 5137 suis.
2874 5080 3192 5151 Ungehatur
3211 5084 3395 5133 autem
3424 5091 3556 5131 san-

1980 5178 2145 5253 guine
2166 5176 2356 5241 vituli,
2388 5184 2445 5232 et
2466 5176 2599 5231 item
2642 5173 2818 5238 hirci,
2854 5186 2965 5226 non
2999 5170 3177 5225 solum
3221 5168 3553 5241 propitiato-

1982 5271 2127 5325 rium
2150 5274 2315 5336 atque
2341 5264 2594 5319 intimum
2624 5260 3058 5324 tabernaculum,
3095 5258 3201 5314 hoc
3221 5266 3326 5322 est,
3357 5255 3557 5312 Sancta

1982 5366 2331 5418 sanctorum,
2374 5354 2470 5410 sed
2507 5355 2674 5409 etiam
2700 5353 2880 5423 ipsum
2913 5350 3087 5406 altare
3126 5350 3466 5405 oblationum
3500 5347 3558 5402 in

1984 5449 2163 5521 primo
2215 5446 2589 5501 tabernaculo.
2624 5444 2713 5499 Ait
2736 5444 2885 5499 enim
2909 5456 3137 5498 rursus:
3170 5461 3187 5493 ι
3217 5440 3283 5496 Et
3308 5438 3559 5512 egredie-

1985 5553 2075 5598 tur
2097 5540 2163 5597 ad
2214 5539 2388 5593 altare
2417 5537 2562 5606 quod
2591 5546 2675 5592 est
2717 5550 2901 5592 coram
2930 5536 3181 5597 Domino,
3212 5542 3265 5590 et
3294 5532 3561 5603 depreca-

1968 5724 2192 5780 "ihid..
2224 5722 2389 5777 12—”
2480 5721 2516 5752 ¹¹
2562 5717 2722 5774 ihid..
2756 5718 2841 5774 15.
