4052 6196
457 287 568 343 583

1455 275 1508 330 S.
1549 272 1823 330 CYRIIJJ
1862 269 2333 328 ALEXANDBINI
2371 269 2688 326 ABCIIIEP.

3608 271 3710 328 53$

454 397 605 452 bitur
634 394 691 449 in
731 407 828 458 eo,
873 391 1214 460 accipietque
1255 387 1325 442 de
1381 388 1648 459 sanguine
1679 387 1840 442 vituli
1861 394 2026 455 atque

2142 405 2263 457 αατι
2295 385 2388 440 τοῦ
2419 403 2476 438 τε
2509 385 2734 455 μόσχου,
2789 383 2882 436 καὶ
2925 382 3032 454 μὴν
3066 381 3159 436 καὶ
3181 381 3274 435 τοῦ
3305 387 3560 455 χιμάρου,
3590 387 3712 456 οὐχ)

456 487 616 549 hirci,
654 501 818 555 quem
848 484 1093 552 imponet
1138 496 1306 550 super
1331 495 1538 534 cornua
1585 479 1792 542 altaris,
1831 479 1889 533 in
1915 477 2031 532 cir-

2134 479 2295 550 μόνον
2337 476 2401 528 τὸ
2451 474 2784 543 ἱλαστήριον,
2836 474 2930 525 καὶ
2977 474 3010 543 ἡ
3053 472 3297 542 ἐσωτέρα
3346 473 3536 545 σκηνὴ,
3596 493 3713 529 του-

455 578 626 632 cuitu.
662 577 728 630 Et
755 583 1009 644 asperget
1038 573 1095 626 in
1125 572 1305 642 ipsum
1341 571 1409 638 de
1436 571 1702 641 sanguine
1727 569 1901 640 digito
1932 584 2034 624 suo

2142 571 2304 634 τέστι,
2335 568 2405 622 τὰ
2448 568 2616 635 Ἀγια
2642 564 2750 618 τῶν
2787 564 2978 632 ἁγίων,
3007 564 3144 618 ἁλλά
3190 565 3286 616 καὶ
3332 565 3463 620 αὐτὸ
3505 567 3566 620 τὺ
3602 568 3712 623 τῶν

455 666 683 737 septies,
715 674 846 718 tunc
872 664 1190 733 puriﬁcabit
1219 663 1400 733 ipsum
1427 703 1441 728 ,
1475 673 1532 718 et
1565 660 1933 716 sanctiﬁcabit
1966 661 2037 716 ab

455 754 820 809 immunditiis
859 754 1097 808 ﬁliorum
1148 753 1312 807 Israel
1339 753 1402 806 ¹¹.
1443 771 1461 804 ι
1489 751 1659 806 Addit
1703 759 1885 806 autem
1911 767 2037 805 rur-

455 863 548 901 sus
579 846 665 899 his
699 863 710 898 :
746 865 763 896 ι
795 846 863 899 Et
887 845 1124 899 adducet
1150 844 1364 898 hircum
1401 843 1676 897 viventem
1703 883 1717 907 ,
1759 843 2034 912 imponet-

455 954 560 1007 que
588 937 767 990 Aaron
801 937 938 990 duas
961 952 1155 991 manus
1193 951 1320 991 suas
1343 935 1399 988 in
1427 945 1590 1004 caput
1613 934 1754 989 hirci
1778 933 2030 988 viventis.

455 1031 520 1084 Et
548 1028 900 1082 conﬁtebitur
937 1044 1104 1097 super
1128 1029 1304 1097 ipsum
1361 1026 1646 1081 universas
1706 1025 2034 1094 iniquitates

456 1120 692 1182 ﬁliorum
732 1118 918 1182 Israel,
957 1118 1117 1186 372
1145 1131 1444 1186 onmesque
1470 1114 1788 1185 injustitias,
1826 1120 1882 1166 et
1912 1127 2034 1167 om-

456 1211 543 1264 nia
569 1217 792 1278 peccata
827 1210 1090 1278 ipsorum.
1113 1210 1180 1262 Et
1212 1209 1459 1278 imponet
1482 1208 1598 1277 ipsa
1622 1208 1676 1261 in
1703 1213 1866 1275 caput
1896 1203 2038 1258 hirci

457 1301 709 1364 viventis,
741 1299 1068 1368 emittetque
1104 1299 1280 1368 ipsum
1311 1315 1409 1368 per
1445 1313 1669 1351 manum
1697 1293 1939 1349 hominis
1968 1293 2037 1348 ad

456 1391 559 1444 hoc
610 1390 786 1460 parati
842 1389 896 1442 in
945 1389 1245 1444 desertum.
1296 1389 1364 1442 Et
1393 1387 1633 1457 portabit
1660 1386 1849 1442 hircus
1889 1384 1946 1438 in
1977 1398 2037 1438 se

456 1495 646 1534 omnes
669 1480 990 1548 iniquitates
1033 1495 1227 1534 eorum
1271 1479 1328 1532 in
1355 1479 1586 1542 invium,
1618 1476 1825 1532 etenim
1854 1474 2040 1529 mittet

456 1572 670 1625 hircum
699 1571 756 1624 in
777 1571 1058 1624 desertum
1079 1570 1140 1624 ¹³.
1181 1588 1198 1620 ι

2135 656 2523 730 καρπωμὰτων
2564 653 2984 723 θυσιαστήριον,
3037 656 3095 707 ὲν
3144 657 3211 725 τῇ
3267 655 3460 730 πρώτῃ
3515 661 3706 730 σκηνῇ,

2140 751 2282 820 Ἔφη
2325 747 2433 820 γὰρ
2466 745 2662 800 πάλινο
2701 763 2721 796 ι
2761 746 2872 799 Kal
2901 744 3239 810 ἐξελεύσεται
3289 748 3381 800 ἐπὶ
3415 748 3479 801 τὺ
3526 749 3716 803 θυσια.

2142 841 2362 910 στήριον
2393 836 2454 888 τὸ
2483 835 2748 889 ἀπέναντι
2777 833 3009 903 Κυρίου,
3052 835 3148 890 καὶ
3175 834 3480 900 ὲξιλὰσεται
3508 839 3595 891 ἐπ’
3621 841 3719 892 αύο
3807 850 3816 853 ‘

2139 929 2234 984 τοῦ
2257 947 2271 960 ο
2309 929 2405 982 καὶ
2425 927 2657 998 λήψεται
2689 925 2796 979 ἀπὸ
2833 925 2928 980 τοῦ
2961 926 3191 996 αἵματος
3228 925 3324 979 τοῦ
3357 929 3583 998 μόσχου,
3621 932 3718 983 καὶ

2139 1021 2247 1075 ἀπὸ
2289 1018 2382 1072 τοῦ
2427 1019 2655 1089 αἵματος
2683 1015 2778 1070 τοῦ
2822 1018 3079 1087 χιμάρου,
3121 1017 3216 1070 καὶ
3246 1018 3494 1089 ἐπιθήσει
3527 1020 3619 1072 ἐπὶ
3651 1021 3720 1072 τὰ

2116 1102 2344 1183 ’κέρατα
2373 1109 2469 1165 τοῦ
2503 1108 2897 1179 θυσιαστηρίου
2941 1106 3239 1159 κύκλωθεν.
3282 1109 3392 1161 Καὶ
3440 1111 3593 1177 (Save?
3630 1111 3718 1160 ἐπ’

2143 1199 2274 1253 αὐτὸ
2301 1197 2409 1252 ἀπὸ
2444 1195 2540 1250 τοῦ
2585 1195 2817 1267 αἵματος
2851 1195 2930 1266 τῷ
2972 1195 3222 1266 δακτύλῳ
3261 1196 3427 1250 αὑτοῦ
3466 1198 3717 1260 ἑπτάκις,

2143 1292 2238 1346 καὶ
2266 1289 2559 1362 καθαρίσει
2582 1287 2736 1355 αὐτὸ,
2774 1288 2868 1342 καὶ
2898 1287 3114 1355 ἁγιὰσει
3140 1288 3269 1341 αὐτὸ
3302 1289 3406 1342 ἀπὸ
3433 1289 3540 1341 τῶν
3583 1292 3720 1344 ὰκαο

2143 1380 2383 1451 θαρσιῶν
2419 1379 2527 1432 τῶν
2563 1378 2694 1432 υἱῶν
2743 1377 2982 1447 Ἰσραήλ.
3022 1395 3040 1428 ι
3068 1379 3410 1448 Πῳσεπάγει
3438 1379 3494 1431 δὲ
3532 1381 3711 1432 πάλινο

2147 1491 2167 1525 ι
2207 1473 2318 1527 Kal
2343 1469 2607 1544 προσάξει
2649 1470 2743 1524 τὸν
2789 1470 3020 1540 χίμαρον
3059 1469 3148 1522 τὸν
3175 1470 3374 1534 ζῶντα,
3407 1467 3501 1524 καί
3528 1471 3720 1542 ἐπιθή-

2145 1581 2228 1616 σει
2271 1561 2479 1634 Ἀαρὼν
2510 1561 2608 1624 τάς
2637 1560 2732 1614 δύο
2768 1563 2957 1632 χεῖρας
3002 1561 3166 1614 αὑτοῦ
3213 1562 3306 1615 ἐπὶ
3344 1562 3442 1632 τὴν
3474 1563 3718 1633 κεφαλὴν

456 1663 548 1716 τοῦ
579 1664 812 1736 χιμάρου
840 1661 934 1715 τοῦ
971 1662 1190 1726 ζῶντος.
1232 1663 1337 1717 Καὶ
1357 1661 1708 1733 ἐξαγορεύσει
1746 1661 1833 1714 ἐπ’
1861 1657 2029 1713 αὐτοῦ
2068 1658 2250 1720 πάσας
2274 1657 2375 1720 τὰς
2404 1655 2637 1726 ἀνομίας
2656 1656 2765 1709 τῶν
2796 1656 2930 1709 υἱῶν
2973 1654 3205 1728 Ἰσραὴλ,
3267 1659 3360 1710 καὶ
3389 1658 3565 1720 πάσας
3619 1660 3718 1718 τὰς

456 1754 670 1816 ἀδικίας
699 1755 898 1820 αὐτῶν,
926 1755 1020 1808 καὶ
1065 1756 1244 1818 πάσας
1279 1754 1376 1817 τὰς
1406 1753 1682 1826 ἁμαρτίας
1745 1752 1945 1808 αὐτῶν.
2015 1751 2126 1806 Καὶ
2163 1750 2414 1822 ἐπιθήσει
2453 1751 2620 1814 αὐτὰς
2663 1751 2755 1805 ἐπὶ
2791 1752 2888 1821 τὴν
2925 1752 3166 1824 κεφαλὴν
3204 1752 3297 1806 τοῦ
3342 1755 3576 1824 χιμάρου
3623 1753 3717 1806 τοῦ

457 1847 676 1913 ζῶντος,
711 1849 806 1902 καὶ
845 1849 1194 1912 ἐξαποστελεῖ
1232 1852 1287 1902 ὲν
1318 1849 1462 1919 χειρὶ
1505 1848 1791 1919 ἀνθρώπου
1819 1847 2037 1918 ἑτοίμου
2077 1847 2158 1910 είς
2223 1846 2322 1917 τὴν
2354 1845 2581 1917 ἔρημον.
2629 1845 2740 1900 Kal
2812 1845 3040 1917 λήψεται
3069 1849 3096 1900 6
3141 1847 3371 1918 χίμαρος
3411 1849 3496 1917 ἐφ’
3542 1845 3721 1915 ἐαυτῷ

456 1944 555 2008 τὰς
589 1945 823 2015 ἀνομίας
861 1945 1039 1998 αὐτῶν
1065 1949 1145 2010 εἰς
1177 1946 1275 2017 τὴν
1311 1946 1530 2010 ἄϐατον,
1565 1945 1661 1999 καὶ
1729 1943 2079 2010 ἐξαποστελεῖ
2115 1941 2206 1996 τὸν
2233 1941 2465 2013 χίμαρον
2487 1943 2566 2003 είς
2594 1941 2818 2014 ἔρημον.
2860 1961 2879 1994 ι

522 2039 577 2094 2.
605 2038 736 2108 Qua:
775 2039 942 2109 igitur
966 2040 1020 2094 in
1050 2040 1190 2111 typis
1213 2057 1313 2110 per
1354 2042 1578 2096 oracula
1608 2040 1704 2095 Dei
1735 2040 1866 2095 olim
1899 2053 2031 2109 pro-

2206 2037 2272 2108 β’.
2308 2038 2492 2091 Ταῦτα
2535 2037 2635 2109 μὲν
2664 2034 2755 2091 οὖν
2811 2038 2867 2090 ὲν
2907 2035 3097 2099 τύποις
3129 2036 3532 2108 τεθεσπισμένα
3575 2037 3720 2091 κατὰ

455 2132 570 2185 dita
595 2139 745 2197 sunt,
769 2131 841 2184 ita
867 2146 926 2184 se
947 2131 1175 2190 habent,
1197 2139 1254 2184 et
1287 2131 1366 2186 sic
1389 2132 1611 2201 quidem
1637 2138 1862 2200 peracta
1887 2139 2036 2186 sunt.

458 2223 748 2290 Postquam
803 2237 935 2274 vero
982 2222 1249 2291 praeteriit
1291 2223 1525 2287 umbra,
1570 2232 1627 2276 et
1683 2223 2042 2277 correctionis

457 2323 673 2382 tempus
703 2312 926 2366 advenit
952 2354 964 2376 ,
1011 2312 1244 2382 agedum
1267 2354 1282 2378 ,
1308 2329 1426 2384 age,
1455 2315 1843 2369 subtilioribus
1874 2324 2040 2383 atque

456 2402 804 2472 politioribus
831 2403 1260 2473 cogitationibus
1283 2412 1524 2470 utentes,
1553 2420 1778 2474 scopum
1807 2405 1944 2475 legis
1971 2403 2038 2458 ad

453 2492 658 2548 Christi
703 2493 1024 2564 mysterium
1073 2494 1489 2553 transferamus.
1523 2515 1540 2547 ι
1570 2497 1857 2566 Ingressus
1889 2494 2039 2550 enim

455 2595 540 2642 est
565 2587 734 2642 semel
776 2587 831 2640 in
865 2586 1063 2641 Sancta
1091 2596 1405 2642 sanctorum
1433 2587 1697 2642 Dominus
1729 2595 1917 2642 noster
1951 2586 2041 2642 Je-

455 2692 549 2731 sus
581 2675 854 2741 Christus,
883 2686 1086 2732 :eterna
1113 2677 1492 2746 redemptione
1531 2677 1754 2732 inventa
1783 2677 1847 2730 "‘.
1881 2696 1898 2728 ι
1926 2675 2042 2732 ϐω-

457 2776 638 2823 terum
684 2769 739 2822 in
779 2769 1044 2840 sanguine
1093 2769 1287 2824 mtcmi
1343 2770 1679 2834 testamenti,
1736 2783 1914 2839 neque
1940 2783 2041 2838 per

454 2861 773 2930 sanguinem
821 2860 1104 2914 hircorum
1163 2869 1222 2916 et
1265 2860 1598 2925 vitulorum,
1649 2859 1744 2915 sed
1775 2875 1874 2930 per
1908 2874 2040 2929 pro-

454 2951 638 3018 prium
667 2949 990 3021 sanguinem
1028 2949 1234 3004 delevit
1270 2957 1557 3020 peccatum
1591 2949 1802 3004 mundi.
1838 2948 2041 3004 Immo--

453 3039 596 3096 latus
629 3042 776 3096 enim
794 3050 880 3097 est
910 3057 1020 3096 non
1049 3057 1148 3111 pro
1178 3057 1300 3106 suo,
1331 3041 1427 3096 sed
1451 3057 1550 3109 pro
1583 3049 1772 3096 nostro
1792 3048 2036 3110 peccato.

457 3130 766 3202 Sequemur
788 3133 974 3202 itaque
1001 3133 1289 3201 perspicue
1315 3132 1610 3186 admodum
1635 3132 1859 3185 umbras
1881 3131 2038 3202 legis.

455 3222 588 3277 Erat
614 3224 763 3278 enim
785 3264 798 3287 ,
844 3231 903 3277 et
953 3221 1176 3292 quidem
1220 3223 1603 3287 vehementer,
1640 3223 1998 3289 {conveniens
2025 3265 2040 3290 ,

457 3321 551 3366 aut
582 3313 766 3381 potius
793 3311 1188 3376 necessarium,
1225 3319 1285 3364 ut
1311 3311 1535 3365 divinus
1569 3311 1750 3366 Aaron
1785 3329 1886 3382 pro
1910 3329 2040 3384 pro-

459 3373 600 3471 priis
636 3402 960 3471 ignorantiis
1001 3373 1212 3456 hostias
1242 3401 1485 3456 oﬂ'erret.
1514 3402 1636 3457 Non
1681 3373 1829 3457 enim
1875 3373 2042 3460 debet
2069 3373 2111 3432 Ο

461 3493 688 3562 intelligi
716 3508 916 3562 expers
945 3492 1180 3561 peccati,
1216 3489 1339 3547 cum
1373 3492 1541 3547 fuerit
1567 3493 1751 3550 homo.
1785 3494 1847 3550 In
1881 3495 2044 3551 Chri-

457 3595 603 3639 stum
646 3599 779 3637 vero
811 3583 949 3637 nihil
997 3583 1104 3638 tale
1153 3583 1319 3638 cadit.
1353 3583 1582 3638 Multum
1623 3585 2053 3658 abestzquippe'

455 3674 551 3743 qui
577 3682 834 3744 tanquam
865 3675 1009 3728 Deus
1035 3683 1226 3744 suapte
1254 3683 1451 3728 natura
1479 3675 1552 3729 sit
1582 3692 1781 3746 expers
1807 3679 2040 3747 peccati.

458 3768 571 3822 Imo
601 3783 731 3823 vere
779 3768 833 3822 in
879 3767 999 3838 ipso
1043 3776 1099 3822 et
1132 3783 1230 3837 per
1256 3768 1437 3838 ipsum
1464 3777 1550 3824 est
1579 3770 1746 3826 etiam
1795 3771 2044 3841 ipsorum

457 3873 773 3914 sanetorum
791 3858 1105 3930 puriﬁcatio
1125 3899 1140 3924 ,
1159 3859 1536 3926 sacerdotum,
1593 3861 1843 3932 inquam,
1878 3862 2043 3918 simul

456 3959 514 4003 et
545 3952 895 4020 p0pulorum.
925 3950 1061 4006 Vide
1099 3951 1247 4005 enim
1277 3967 1387 4020 quo
1407 3961 1568 4021 pacto
1593 3951 1776 4008 Aaron
1807 3952 2043 4008 hostiam

459 4038 514 4092 in
538 4038 758 4094 Christo
785 4039 1119 4096 intellectam
1165 4049 1221 4096 et
1249 4039 1482 4095 odorem
1523 4042 1812 4098 suavitatis
1840 4043 2046 4100 intelli-

461 4127 684 4196 gibilem
735 4127 792 4180 in
830 4127 1073 4182 victimis
1110 4143 1211 4196 pro
1237 4142 1295 4183 se
1325 4127 1622 4183 describat.
1652 4130 1872 4186 Vitulus
1894 4131 2044 4186 enim

460 4224 649 4272 eratet
669 4217 813 4271 aries
845 4218 902 4271 in
928 4218 1331 4273 holocaustum.
1368 4219 1700 4291 Intelligitur
1729 4237 1898 4292 porro
1924 4239 2047 4278 rur-

463 4324 585 4363 sum
615 4324 714 4377 per
764 4309 1002 4363 vitulum
1041 4309 1317 4365 Christus.
1363 4311 1501 4366 Nam
1539 4327 1660 4380 quae
1703 4327 1804 4381 pro
1841 4314 2046 4369 sanctis

461 4399 770 4455 oll‘eruntur
787 4402 1119 4471 Deo,0pima
1153 4409 1305 4466 sunt,
1334 4410 1392 4457 et
1412 4401 1816 4471 opulentissimi
1831 4404 2046 4461 sacriﬁ-

461 4492 673 4547 ciorum
696 4493 864 4548 modi.
899 4493 1129 4549 Sacrum
1151 4503 1335 4548 autem
1357 4493 1559 4548 animal
1583 4501 1638 4548 et
1672 4494 1899 4564 reliquis
1922 4509 2044 4550 om-

460 4581 625 4635 nibus
648 4597 770 4652 quaa
799 4582 865 4636 ad
905 4581 1325 4637 sacriﬁcandum
1364 4592 1490 4653 apta
1539 4593 1669 4639 sunt
1696 4584 2043 4652 przestantior

461 4677 546 4724 est
579 4671 803 4724 vitulus.
855 4670 1200 4741 Quapropter
1233 4674 1441 4728 vitulus
1470 4674 1905 4728 subindicaverit
1937 4690 2040 4728 no-

463 4758 550 4812 bis
579 4759 832 4815 sacrilicii
862 4760 1284 4829 perfectionem.
1317 4763 1477 4821 Aries
1514 4772 1694 4820 autem
1731 4777 1926 4818 rursus
1951 4763 2034 4817 of-

462 4850 639 4906 fertur
686 4851 743 4906 in
774 4851 1177 4919 holocaustum,
1207 4856 1334 4924 quia
1360 4857 1625 4913 Dominus
1654 4864 1843 4911 noster
1880 4857 2040 4912 Iesus

463 4939 716 4998 Christus
735 4943 846 4998 Deo
871 4952 928 4999 et
954 4945 1104 5001 Patri
1146 4945 1324 5002 factus
1342 4956 1428 5002 est
1457 4948 1515 5001 in
1550 4947 1778 5002 odorem
1797 4947 2039 5003 suavita-

467 5032 557 5097 tis,
583 5041 773 5104 utpote
810 5035 906 5106 qui
931 5036 988 5092 in
1020 5037 1202 5107 seipso
1245 5038 1710 5094 abominationem
1739 5049 1797 5094 et
1826 5038 2044 5095 ﬁndite-

467 5133 576 5180 tem
601 5125 810 5195 peccati
845 5143 945 5197 pro
971 5127 1178 5182 mundo
1216 5127 1549 5184 dissolverit.
1585 5127 1828 5185 Observa
1855 5137 2036 5185 autem

465 5216 743 5285 quomodo
783 5218 1163 5288 praescriptum
1206 5219 1278 5274 sit
1306 5219 1508 5275 Aaroni
1542 5230 1604 5275 ut
1647 5221 1856 5291 quibus
1898 5229 2038 5276 tem-

467 5307 693 5376 poribus
728 5307 1034 5378 ingreditur
1067 5309 1264 5366 Sancta
1311 5319 1647 5378 sanctorum,
1687 5320 1743 5368 et
1785 5320 2040 5367 accurate

468 5399 676 5469 peragit
701 5399 971 5456 sacriﬁcia
1007 5417 1107 5470 pro
1133 5402 1248 5457 suis
1274 5402 1632 5474 ignorantiis,
1668 5415 1782 5460 tum
1827 5415 2039 5473 tempo-

470 5489 546 5544 ris
601 5490 657 5545 in
697 5491 886 5547 habitu
931 5492 1238 5562 pontiﬁcali
1272 5510 1380 5550 non
1424 5494 1587 5566 373
1626 5495 2038 5565 conspiciatur;

541 5661 584 5694 "
636 5661 810 5721 chit.
850 5682 957 5733 xvi,
985 5669 1067 5736 18,
1116 5669 1195 5728 I9.
1277 5671 1319 5704 ¹³
1362 5671 1497 5728 ibid.
1567 5671 1655 5737 20,
1691 5669 1781 5725 2-1.

2144 2130 2356 2201 καιρὸν,
2389 2125 2490 2183 ὧδέ
2524 2147 2583 2183 τε
2609 2130 2742 2200 ἔχει,
2775 2131 2868 2184 καὶ
2907 2129 2970 2200 δὴ
3001 2129 3094 2182 καὶ
3134 2131 3450 2202 ἐπράττετο.
3498 2129 3719 2202 Ἐπειδὴ

2141 2221 2197 2275 δὲ
2223 2220 2554 2292 παρῴχηκεν
2595 2223 2628 2292 ἠ
2665 2220 2814 2285 σκιὰ,
2844 2221 2940 2288 καὶ,
2966 2222 2994 2274 6
3027 2222 3123 2291 τῆς
3160 2219 3494 2292 διορθώσεως
3524 2221 3715 2293 ἐνέστη

2141 2313 2354 2380 καιρὸς,
2388 2311 2520 2382 φέρε
2547 2311 2633 2382 δὴ,
2663 2311 2794 2382 φέρε
2836 2311 3060 2374 λεπταῖς
3088 2313 3180 2364 καὶ
3219 2312 3584 2374 ἁστειοτάτοις
3628 2314 3719 2364 ὲνο

2142 2400 2312 2462 νοίαις
2353 2401 2648 2470 χρώμενοι,
2680 2399 2771 2452 τὸν
2802 2397 2896 2452 τοῦ
2944 2399 3109 2470 νόμου
3157 2398 3355 2453 σκοπὸν
3396 2399 3486 2450 ἐπὶ
3522 2398 3582 2451 τὺ
3622 2398 3717 2452 τοῦ

2141 2488 2378 2561 Χριστοῦ
2407 2489 2701 2560 μυστήριον
2743 2489 3229 2558 μεταπλάττωμεν.
3269 2508 3288 2540 ι
3337 2488 3566 2559 Είσῆλθε
3617 2489 3718 2558 μὲν

2141 2583 2250 2654 γὰρ
2297 2583 2378 2646 είς
2417 2582 2485 2636 τὰ
2545 2583 2710 2651 ’Ἅγια
2747 2582 2856 2637 τῶν
2895 2583 3064 2651 ἁγίων
3118 2584 3202 2650 ἐφ’
3249 2581 3394 2647 ἆπαξ
3437 2586 3465 2636 6
3511 2581 3719 2653 Κύριος

2142 2673 2298 2745 ἡμῶν
2340 2671 2548 2744 Ἰησοῦς
2597 2672 2852 2744 Χριστὸς,
2900 2674 3122 2728 αἰωνίαν
3167 2673 3433 2744 λύτρωσιν
3479 2674 3718 2745 εὑράμε-

2142 2782 2252 2829 νος.
2295 2785 2314 2817 )
2351 2765 2498 2838 Πλὴν
2525 2766 2583 2818 ὲν
2622 2764 2813 2835 αἵματι
2855 2765 3119 2836 διαθήκης
3149 2765 3386 2830 αἰωνίου,
3423 2766 3517 2819 καὶ
3557 2765 3617 2816 ού
3647 2764 3717 2818 δι’

2142 2855 2374 2927 αἵματος
2403 2855 2621 2926 τράγων
2650 2855 2744 2909 καὶ
2783 2855 3017 2926 μόσχων,
3049 2856 3135 2909 διὰ
3167 2856 3221 2910 δὲ
3249 2856 3338 2909 τοῦ
3387 2856 3515 2909 ἰδίου
3554 2857 3717 2925 αἵμα-

2143 2963 2257 3010 τος,
2289 2946 2608 3016 ἀπαλείφων
2643 2945 2741 3017 τὴν
2768 2946 3045 3017 ἁμαρτίαν
3080 2947 3172 3000 τοῦ
3204 2948 3429 3018 κόσμου.
3484 2948 3718 3001 Τέθυται

2144 3035 2254 3108 γὰρ
2288 3037 2391 3107 οὐχ
2445 3038 2586 3108 ὑπὲρ
2611 3055 2676 3106 γε
2717 3039 2816 3108 τῆς
2854 3039 3048 3092 ἑαυτοῦ
3093 3041 3284 3101 ποθεν,
3313 3040 3425 3092 ἀλλ’
3453 3041 3589 3111 ὑπὲρ
3619 3043 3720 3110 τῆς

2144 3125 2300 3196 ἡμῶν
2329 3126 2623 3198 σωτηρίας.
2653 3127 2924 3199 Ἑψόμεθα
2951 3129 3014 3200 δὴ
3043 3126 3245 3184 οὖνκαὶ
3275 3131 3462 3195 αὑταῖς
3492 3128 3549 3185 εὖ
3577 3132 3724 3202 μάλα

2143 3217 2262 3278 ταῖς
2289 3215 2382 3270 τοῦ
2424 3217 2590 3287 νόμου
2642 3221 2840 3284 σκιαῖς,
2887 3215 2995 3272 Ἦν
3043 3221 3140 3290 μὲν
3175 3221 3268 3274 καὶ
3309 3223 3508 3294 σφόδρα
3548 3222 3720 3288 είκὸς,

2151 3304 2352 3375 μᾶλλον
2368 3305 2424 3359 δὲ
2447 3308 2542 3360 καὶ
2565 3309 2881 3376 ἀναγκαῖον,
2910 3308 3000 3363 τὸν
3027 3309 3314 3364 θεσπέσιον
3342 3311 3549 3383 Ἀαρὼν
3575 3313 3721 3384 ὑπὲρ

2144 3395 2255 3448 τῶν
2289 3395 2434 3450 ίδίων
2467 3399 2828 3470 ἀγνοημάτων
2865 3399 3053 3453 θυσίαν
3075 3397 3450 3473 “προσφέρειν.
3486 3403 3562 3455 υύ
3610 3404 3721 3473 γὰρ

2146 3484 2213 3537 ἂν
2251 3488 2421 3538 νοοῖτο
2447 3487 2684 3556 γεγονὼς
2719 3488 2814 3542 τοῦ
2851 3490 3192 3561 πλημμελεῖν
3235 3495 3292 3546 ὲν
3321 3494 3599 3564 ἀμείνοσιν
3629 3496 3722 3549 ἄν⁴

2146 3571 2361 3642 θρωπος
2401 3574 2497 3628 ὢν.
2524 3577 2744 3648 Χριστῷ
2769 3578 2826 3630 δὲ
2854 3579 3037 3631 οὐκέτι
3077 3578 3137 3631 τὸ
3171 3580 3410 3636 τοιοῦτον
3448 3582 3679 3653 ἁρμόσει
3705 3599 3718 3611 ·

2147 3665 2342 3719 πολλοῦ
2372 3683 2435 3735 γε
2459 3667 2552 3720 καὶ
2576 3667 2674 3722 δεῖ.
2706 3670 3238 3741 Καταπεπλούτηκεν
3262 3671 3370 3744 γὰρ
3400 3673 3456 3725 ἐν
3493 3673 3596 3744 ἰδίᾳ
3623 3672 3721 3741 φύο

2148 3773 2234 3809 σει
2256 3757 2322 3810 τὸ
2345 3757 2490 3828 ἀπλη
2501 3759 2703 3829 μμελὲς
2728 3761 2803 3823 ὠς
2831 3761 2983 3825 Θεός.
3012 3762 3240 3834 Πλὴνρν
3263 3763 3410 3834 αὐτῷ
3441 3781 3500 3816 τε
3530 3765 3628 3817 καὶ
3653 3765 3720 3818 δι’

2146 3846 2333 3914 αὑτοῦ,
2355 3849 2448 3902 καὶ
2475 3850 2654 3904 αὐτῶν
2675 3850 2784 3903 τῶν
2806 3853 3204 3925 ἡγιασμένωνὴ
3227 3854 3510 3925 κάθαρσις,
3531 3855 3720 3927 ἱερέων

2143 3940 2205 3994 τέ
2235 3957 2398 4011 φημι,
2435 3943 2656 4015 καὶμὴν
2686 3946 2780 3999 καὶ
2805 3945 2969 4000 λαῶν.
3002 3947 3112 4000 Θὲα
3141 3947 3247 4018 γὰρ
3271 3949 3418 4011 ὅπως
3444 3950 3472 4001 ὁ
3508 3948 3718 4020 ’Λαρὼν

2143 4031 2242 4104 τὴν
2263 4034 2319 4087 ὲν
2344 4034 2563 4104 Χριστῷ
2585 4035 2878 4107 νοουμένην
2909 4037 3099 4092 θυσίαν
3121 4039 3212 4091 καὶ
3240 4040 3434 4110 νοητὴν
3463 4040 3720 4110 εὐοσμίαν

2143 4125 2202 4180 ὲν
2231 4127 2347 4188 τοῖς
2385 4125 2525 4196 ὑπὲρ
2555 4126 2720 4180 αὐτοῦ
2762 4126 2997 4198 θύμασιν
3035 4129 3455 4183 ὑποπλαττεται.
3503 4131 3719 4201 Μόσχος

2145 4213 2254 4285 γὰρ
2278 4210 2347 4286 ἦν
2381 4215 2476 4270 καὶ
2499 4217 2651 4287 κριὸς
2671 4217 2753 4280 εἰς
2775 4218 3157 4274 ὁλοκαύτωσιν.
3200 4221 3418 4275 Νοεῖται
3459 4221 3516 4274 δὲ
3560 4223 3719 4276 πάλιν

2145 4306 2221 4371 ὡς
2249 4307 2305 4361 ἐν
2329 4324 2392 4376 γε
2415 4307 2493 4378 τῷ
2525 4308 2709 4379 μόσχῳ
2731 4310 2986 4379 Χριστός.
3029 4311 3343 4382 Ἀμφιλαφῆ
3378 4313 3487 4383 γὰρ
3512 4311 3634 4365 λίαν
3654 4312 3718 4368 τὰ

2146 4401 2287 4470 ὑπὲρ
2317 4397 2491 4468 ἁγίων
2529 4401 3008 4472 προσκομιζόμενα
3045 4403 3122 4474 τῷ
3163 4403 3302 4474 Θεῷ,
3337 4405 3430 4456 καὶ
3474 4403 3718 4458 πλούσιοι

2147 4490 2353 4560 σφόδρα
2383 4490 2493 4542 τῶν
2531 4492 2790 4544 τοιούτων
2822 4496 2869 4548 ol
2900 4495 3112 4566 τρόποι.
3157 4495 3325 4566 Ἱερὸν
3349 4495 3406 4548 δὲ
3433 4495 3590 4560 ζῶον,
3624 4497 3718 4549 καὶ

2142 4581 2253 4635 τῶν
2279 4580 2455 4633 ἄλλων
2477 4581 2734 4636 ἁπάντων
2758 4584 2866 4636 τῶν
2887 4587 2968 4648 είς
2991 4585 3181 4639 θυσίαν
3197 4586 3538 4657 ἐπιτηδείων,
3558 4587 3720 4656 ὑπερ-

2143 4671 2392 4740 κείμενον
2417 4669 2479 4723 τὸ
2497 4671 2592 4725 τοῦ
2624 4675 2823 4744 μόσχου
2851 4677 3060 4748 χρῆμα.
3091 4678 3298 4732 Οὐκοῦν
3322 4680 3420 4750 τῆς
3447 4679 3640 4744 θυσίας
3659 4680 3722 4734 τὸ

2143 4763 2345 4816 τέλειον
2368 4762 2741 4834 ὑπεμφήνοιεν
2773 4766 2841 4820 ἂν
2879 4770 3013 4838 ἡμῖν
3042 4770 3070 4822 6
3095 4770 3312 4840 μόσχος.
3352 4771 3518 4841 Κριὸς
3538 4771 3595 4824 δὲ
3623 4772 3721 4825 πά-

2143 4853 2226 4907 λιν
2244 4854 2326 4916 είς
2357 4851 2741 4922 ὁλοκαύτωσιν,
2770 4858 2961 4927 γέγονε
2988 4858 3097 4931 γὰρ
3131 4861 3210 4924 είς
3237 4862 3413 4935 ὀσμὴν
3437 4863 3667 4926 εὐωδίας
3691 4865 3720 4916 6

2143 4946 2348 5018 Κύριος
2381 4949 2536 5020 ήμῶν
2587 4948 2792 5018 Ἰησοῦς
2834 4951 3088 5020 Χριστὸς,
3117 4952 3196 5022 τῷ
3223 4953 3342 5024 Θεῷ
3377 4955 3471 5008 καὶ
3505 4955 3682 5024 Πατρί
3705 4970 3718 4984 °

2142 5037 2202 5090 τὸ
2225 5040 2386 5093 οἱονεὶ
2412 5039 2664 5112 βδελυρόν
2685 5057 2744 5094 τε
2783 5040 2876 5096 καὶ
2902 5041 3180 5113 κάκοσμον
3201 5043 3300 5113 τῆς
3331 5044 3604 5114 ἁμαρτίας
3623 5045 3719 5098 τοῦ

2143 5129 2348 5199 κόσμου
2411 5129 2702 5202 παραλύων
2765 5132 2822 5184 ὲν
2879 5131 3075 5202 ἐαυτῷ.
3139 5134 3416 5206 Ἐπιτήρει
3458 5135 3516 5188 δὲ
3569 5137 3721 5200 ὅπως

2143 5221 2614 5292 προστεταγμένος
2657 5223 2686 5275 6
2745 5221 2959 5294 Ἀαρὼν
2993 5224 3092 5295 τὴν
3135 5226 3216 5287 είς
3262 5226 3329 5280 τά
3383 5227 3549 5294 ’Δγια
3608 5227 3718 5280 τῶν

2142 5313 2312 5380 ἁγίων
2339 5313 2589 5386 εἰσϐολὴν
2629 5315 2902 5369 ποιεῖσθαι
2938 5315 3080 5369 κατά
3105 5317 3352 5387 καιροὺς,
3384 5319 3478 5370 καὶ
3515 5319 3720 5371 ἀποπεο

2146 5403 2351 5476 ραίνειν
2392 5401 2451 5459 εὖ
2495 5405 2640 5476 μάλα
2679 5407 2778 5470 τὰς
2813 5407 2952 5478 ὑπέρ
2989 5424 3054 5477 γε
3087 5408 3196 5462 τῶν
3243 5409 3388 5463 ἰδίων
3437 5410 3718 5479 ἀγνοημά-

2142 5512 2250 5550 των
2279 5495 2487 5564 θυσίας,
2524 5499 2625 5554 ούκ
2669 5502 2728 5558 ἐν
2759 5501 2836 5575 τῷ
2881 5502 2981 5576 τῆς
3014 5503 3426 5576 ἀρχιερωσύνης
3473 5503 3719 5576 σχήματι

1862 5671 1905 5701 ¹⁶
1946 5670 2112 5726 Ichr.
2141 5687 2213 5740 lx,
2253 5673 2335 5730 12.
