4060 6192
438 277 537 334 587

1429 272 1485 327 S.
1527 272 1801 329 CYRILLI
1841 272 2310 329 ALEXANDle
2348 272 2665 330 ARCHIEP.

3593 277 3694 336 538

442 388 658 444 tebatur
680 395 900 460 peccata
932 384 1168 439 ﬁliorum
1200 384 1404 439 Israel?
1428 384 1623 459 Annon
1658 386 1775 442 haec
1798 401 1886 441 res
1913 385 2010 439 de-

2129 382 2225 437 τῶν
2271 385 2584 455 ἀναγκαίων
2615 385 2696 448 είς
2732 382 2917 454 ὄνησιν
2951 385 3270 457 πεπραχότα
3306 385 3397 440 τδν
3459 386 3690 460 ’Δαρὼνν

437 479 547 534 lirii
597 477 819 533 demum
863 474 1095 531 extremi
1123 474 1282 544 plena
1332 475 1561 547 intelligi
1609 476 1793 543 debet,
1837 492 2014 550 neque

436 571 505 626 ab
528 570 809 640 impietate
846 567 1135 639 gentilium
1173 575 1230 622 et
1260 566 1690 638 cogitationibus
1730 569 1891 625 saevis
1917 584 2015 624 seu

437 660 677 715 sinistris
709 658 925 714 aliena?
946 657 1162 725 Quibus
1196 674 1330 713 vero
1351 699 1365 722 ,
1397 667 1493 715 aut
1529 660 1810 729 quomodo
1835 660 2014 715 ambi-

436 767 602 820 guum
639 750 745 804 erit
774 750 830 804 id
872 749 1020 820 quod
1047 757 1154 804 tam
1190 758 1436 821 apertam
1468 766 1580 823 prae
1612 765 1671 805 se
1714 750 1819 806 fert
1868 750 2019 807 dam-

439 842 711 897 nationem
733 842 759 895 ?

508 1025 562 1077 3.
591 1024 731 1090 Quid
777 1023 943 1095 igitur
966 1023 1239 1095 signiﬁcat
1267 1024 1385 1079 haec
1417 1026 1546 1080 res?
1577 1025 1695 1079 Duo
1744 1025 1886 1079 hirci
1919 1026 2017 1081 ad-

439 1116 808 1177 ducebantur,
868 1114 1109 1184 pulchri,
1141 1124 1197 1170 et
1222 1115 1469 1185 ejusdem
1518 1114 1663 1169 inter
1700 1130 1758 1170 se
1805 1116 2018 1185 magni-

442 1207 670 1269 tudinis,
702 1205 865 1260 ambo
894 1206 1061 1260 coaevi
1094 1205 1454 1276 ejusdemque
1482 1206 1704 1271 coloris,
1755 1222 1936 1277 neque
1962 1207 2016 1261 in

439 1313 715 1367 quoquam
743 1298 883 1352 alter
913 1297 1145 1351 alterum
1176 1297 1503 1362 excellebat,
1562 1305 1656 1351 aut
1687 1298 1868 1367 pretio
1908 1296 2017 1351 dif-

440 1387 685 1441 ferebat:
709 1393 889 1440 sortes
918 1394 1101 1441 autem
1115 1385 1379 1456 deinceps
1399 1385 1847 1440 inscribebantur
1875 1385 2017 1449 dum,

438 1493 564 1548 qtae
617 1477 839 1532 nomina
900 1477 1205 1543 hircorum,
1259 1488 1423 1549 prout
1485 1478 1781 1549 legislatori
1841 1478 2017 1533 visum

438 1570 566 1634 fuit,
601 1569 834 1639 pulchre
861 1569 1269 1640 signiﬁcabant.
1318 1570 1473 1624 Alter
1498 1569 1647 1624 enim
1689 1569 2019 1625 nominaba-

440 1671 535 1716 tur
564 1661 829 1716 Dominus
868 1678 881 1714 :
921 1660 1061 1715 alter
1106 1660 1456 1715 Emissarius.
1504 1660 1805 1731 Appellatis
1834 1660 2019 1729 itaque

442 1756 633 1821 hircis,
686 1755 860 1810 altero
893 1753 1117 1824 quidem
1149 1753 1415 1817 Domino,
1449 1752 1625 1808 altero
1667 1767 1800 1807 vero
1839 1752 2017 1806 Emis-
2054 1734 2093 1788 Β

439 1847 627 1912 sario,
674 1862 742 1902 eo
799 1846 949 1917 quod
1007 1846 1396 1911 emitteretur,
1462 1844 1589 1900 inde
1627 1846 1776 1900 enim
1820 1860 2020 1899 nomen

441 1938 742 1993 deductum
772 1946 879 2002 est,
911 1952 1022 1992 non
1056 1936 1359 1992 daemonem
1383 1934 1592 1991 dictum
1621 1950 1741 1990 esse
1785 1934 2023 1989 Emissa—

444 2030 590 2086 rium
645 2029 1018 2093 censebimus,
1058 2028 1158 2083 sed
1185 2028 1387 2083 animal
1423 2027 1605 2098 ipsum
1664 2027 1739 2080 ita
1782 2025 2025 2096 appella-

444 2128 583 2177 tum.
616 2121 693 2177 Ac
718 2120 985 2176 Dominus
1009 2119 1256 2189 quidem,
1282 2118 1338 2173 id
1383 2119 1532 2173 enim
1560 2132 1760 2173 nomen
1797 2124 1938 2182 erat,
1964 2124 2025 2170 ut

445 2213 766 2279 dixi,alteri
821 2213 1129 2276 hircorum,
1188 2211 1294 2265 rite
1342 2209 1725 2276 mactabatur;
1774 2207 1869 2279 qui
1921 2223 2023 2263 suo

444 2305 712 2376 sanguine
788 2303 1166 2360 sanctiﬁcabat
1230 2302 1484 2359 intimum
1566 2301 1979 2357 tabernaculum
2007 2341 2021 2366 ,

445 2398 689 2468 itemque
722 2397 893 2451 altare
942 2395 1417 2458 bolocaustorum,
1468 2393 1615 2464 quod
1673 2399 1828 2448 extra
1880 2400 2023 2456 erat,

448 2491 504 2544 in
546 2504 657 2560 quo
686 2498 744 2543 et
791 2486 1059 2543 sacriﬁcia
1099 2484 1410 2543 secundum
1462 2485 1639 2556 legem
1687 2484 2029 2555 perageban-

448 2589 560 2635 tur.
592 2581 746 2637 Alter
776 2593 930 2644 vero,
961 2579 1066 2633 hoc
1082 2587 1167 2633 est
1197 2575 1551 2641 Emissarius,
1585 2562 2025 2631 in'solitudinem

446 2674 851 2739 dimittebatur,
891 2687 1024 2727 cum
1079 2670 1261 2725 Aaron
1320 2684 1487 2739 super
1540 2668 1695 2723 illum
1743 2668 2029 2725 confessus

445 2775 592 2823 esset
625 2772 850 2837 peccata
885 2762 1123 2818 ﬁliorum
1173 2762 1361 2817 Israel.
1423 2759 1782 2832 Signiﬁcatur
1833 2770 2022 2816 autem

450 2860 707 2916 Christus
720 2873 822 2929 per
840 2866 1140 2925 utrumque
1168 2873 1184 2908 :
1216 2862 1469 2909 mortuus
1490 2853 1741 2909 estenim
1768 2859 2026 2922 tanquam

446 2952 634 3015 homo,
661 2957 718 3005 et
745 2948 1063 3002 immolatus
1091 2959 1194 3015 pro
1209 2943 1370 2999 nobis
1399 2943 1455 2998 in
1479 2942 1664 3013 specie
1702 2942 1867 2997 hirci.
1889 2941 2025 2996 Nam

449 3043 639 3099 hircus
669 3038 1087 3096 sacriﬁcabatur
1124 3037 1179 3091 in
1219 3035 1600 3091 remissionem
1650 3041 2020 3108 peccatorum,

2053 3080 2096 3137 (ἶ

2117 475 2205 529 ὅτε
2231 476 2330 541 τὰς
2356 478 2543 549 χεῖρας
2574 476 2835 542 ἐπιτιθεὶς
2860 476 2940 548 τῷ
2976 478 3193 551 τράγῳ,
3221 478 3561 551 κατηγόριυε
3593 480 3695 551 τάς

2118 569 2392 639 άμαρτξας
2408 568 2516 623 τῶν
2542 568 2673 622 υἱῶν
2716 568 2973 641 ἰσραήλ;
2996 564 3140 641 Ἆρα
3175 571 3279 622 οὐκ
3305 570 3371 623 ἂν
3400 571 3575 623 νοοῖτο
3597 571 3695 641 τῆς

2117 661 2380 716 ἀνωτάτω
2410 660 2597 715 λοιπὸν
2630 661 3027 733 ἐμϐροντησίας
3052 662 3113 715 τὸ
3142 661 3335 732 χρῆμα
3357 662 3577 733 μεστὸν.
3603 663 3697 717 καὶ⁸

2118 752 2176 805 δυ
2186 752 2437 817 σσεὸείας
2470 754 2807 826 Ἑλληνικῆς,
2833 756 2928 808 καὶ
2948 753 3228 825 λογισμῶν
3253 757 3574 823 σκαιότητος
3594 754 3694 807 οὐκ

2121 842 2580 915 άπηλλαγμένον;
2630 845 2738 899 Καὶ
2782 845 2923 900 τίσιν
2958 844 2990 914 ἢ
3034 844 3150 909 πῶς
3178 843 3483 915 ἀμφίλογον
3525 843 3609 901 ἔτι
3637 843 3697 897 τό

2120 952 2182 1002 γε
2209 934 2352 990 οῦτω
2389 935 2852 1009 κατηρῥωστηκὸς
2880 936 3084 1007 ἐναργῆ
3113 936 3212 1010 τὴν
3251 937 3625 1009 κατάρῤησινς

2194 1032 2264 1095 γ’.
2296 1024 2363 1079 Τί
2387 1021 2481 1080 οὖν
2501 1025 2608 1097 ἄρα
2639 1025 2699 1079 τὸ
2727 1024 3002 1097 δρώμενον
3023 1020 3091 1096 ἦν
3114 1024 3250 1090 ;Δύο
3279 1025 3381 1096 μὲν
3407 1025 3519 1096 γὰρ
3548 1042 3699 1096 παρς

2125 1117 2447 1190 εκομίζοντο
2509 1118 2736 1190 χίμαροι
2765 1117 2923 1172 καλοί
2946 1135 3005 1172 τε
3039 1118 3132 1171 καὶ
3160 1116 3504 1188 ἰσομεγέθεις
3534 1117 3703 1187 sua-

2119 1212 2252 1278 λοις,
2280 1211 2448 1284 ἄμφω
2480 1229 2542 1265 τε
2578 1211 2840 1282 ίσήλικες,
2869 1210 3124 1283 ὁμόχροοί
3159 1227 3218 1264 τε
3244 1209 3337 1264 καὶ⁵
3359 1211 3479 1267 κατ’
3508 1208 3702 1263 οὐδένα

2118 1305 2319 1376 τρόπον
2356 1303 2621 1367 παθόντες
2646 1301 2747 1376 τὴν
2796 1302 3112 1374 ὲμπηρὶαν’
3160 1301 3355 1373 κλῆροι
3400 1300 3463 1355 δὲ
3509 1300 3701 1356 λοιπὸν

2119 1395 2422 1464 ἐγράφοντο
2440 1391 2552 1457 δύο,
2582 1392 2651 1445 τὰ
2678 1390 2786 1444 τῶν
2817 1392 3065 1461 χιμάρων
3090 1390 3350 1461 ὀνόματα,
3379 1390 3524 1447 κατά
3554 1407 3620 1459 γε
3640 1388 3703 1443 τὸ

2117 1486 2197 1557 τῷ
2229 1485 2493 1558 νομοθέτῃ
2530 1481 2722 1539 δοκοῦν
2756 1477 2815 1536 εὖ
2861 1482 3007 1553 μάλα
3045 1481 3571 1552 κατασημαίνοντες.
3603 1475 3701 1545 Εἷς

2123 1581 2220 1651 μὲν
2239 1580 2348 1652 γὰρ
2373 1577 2685 1650 ὠνομάζετο
2699 1576 2905 1649 Κύριος
2924 1592 2939 1608 ο
2961 1575 3146 1647 ἕτερος
3167 1577 3225 1631 δὲ
3262 1577 3699 1648 Ἀποπομπαίος.

2132 1670 2221 1733 Ὠς
2255 1665 2370 1733 οῦν,
2410 1669 2518 1723 τῶν
2554 1668 2775 1738 τράγων
2814 1665 3241 1738 ὠνομασμένων,
3282 1667 3377 1721 τοῦ
3413 1669 3514 1739 μὲν
3548 1668 3699 1735 ἑνὸς,

2123 1761 2331 1833 Κυρίου
2358 1801 2375 1825 ,
2406 1759 2501 1814 τοῦ
2536 1760 2594 1816 δὲ
2636 1759 2825 1831 ἑτέρου
2847 1799 2862 1824 ,
2907 1756 3321 1829 ’Δποπομπαίου
3341 1776 3354 1788 ο
3388 1759 3479 1813 διά
3515 1777 3599 1814 τοι
3640 1761 3705 1815 τὸ

2124 1848 2551 1921 ἀποπέμπεσθαι
2573 1865 2588 1879 ·
2612 1847 2849 1919 τοῦνομα
2867 1846 2976 1922 γὰρ
3003 1846 3250 1902 ἐντεῦθεν
3272 1845 3441 1919 αὐτῷ,
3470 1846 3703 1920 δαίμονα

2122 1942 2179 1997 δὲ
2203 1941 2325 2014 οὐχὶ
2342 1941 2434 1996 τὸν
2478 1940 2913 2009 ’Δποπομπαϊον,
2947 1936 3079 1992 αὐτὸ
3104 1937 3161 1992 δὲ
3188 1937 3251 1992 τὸ
3271 1937 3410 2003 ζῶον
3433 1940 3706 2010 νοὴσομεν

2123 2034 2395 2107 εἰρῆσθαι.
2431 2033 2541 2089 Καὶ
2565 2035 2594 2087 ὁ
2614 2033 2713 2104 μὲν
2737 2032 2962 2103 Κύριος,
2998 2028 3157 2085 τοῦτο
3186 2029 3294 2103 γὰρ
3320 2030 3429 2084 τῶν
3449 2030 3706 2103 χιμάρων

2125 2128 2206 2184 ἐνὶ
2220 2121 2287 2200 ἦν
2311 2124 2501 2197 ὄνομα,
2524 2125 2599 2191 ὼς
2626 2124 2783 2195 ἔφην,
2810 2122 3120 2196 ἰσοπρεπῶς
3145 2122 3435 2193 ἐσφάζετο.
3480 2123 3705 2192 Ἡγίαζτ

2123 2220 2180 2274 δὲ
2209 2218 2287 2290 τῷ
2313 2219 2504 2290 αἵματι
2525 2219 2623 2288 τὴν
2654 2217 2935 2287 ἐσωτάτην
2957 2217 3183 2289 σκηνὴν,
3211 2218 3306 2272 καὶ
3330 2216 3437 2289 μὴν
3457 2217 3555 2271 καὶ
3575 2217 3709 2270 αὐτὸ

2066 2370 2073 2377 ,
2125 2308 2184 2362 τὸ
2211 2307 2317 2374 ἔξω
2341 2325 2401 2362 τε
2426 2309 2519 2361 καὶ
2547 2307 2655 2362 τῶν
2685 2307 3075 2380 κάρ-πωμάτων
3109 2306 3521 2379 θυσιαστήριον,
3549 2309 3635 2378 ἐφ’
3659 2302 3709 2377 ᾧ

2126 2403 2223 2458 καὶ
2264 2400 2364 2465 τὰς
2393 2400 2536 2455 κατὰ
2565 2400 2727 2472 νόμον
2756 2400 2972 2459 ἐτέλουν
3010 2397 3221 2464 θυσίας.
3252 2398 3324 2452 Ὅ
3360 2416 3425 2468 γε
3458 2400 3572 2473 μὴν
3599 2400 3711 2454 ἓτε-

2129 2510 2257 2564 ρος,
2303 2491 2603 2555 τουτέστιν,
2648 2490 2678 2545 ὁ
2733 2491 3190 2559 Ἀποηιτομπαῖος,
3241 2490 3324 2553 είς
3357 2488 3458 2560 τὴν
3504 2489 3710 2546 άὸατον

2129 2585 2500 2656 ἐξεπέμπετο,
2535 2586 3007 2656 κατηγορευκότος
3044 2584 3130 2639 ἐπ’
3174 2580 3324 2653 αὑτῷ
3352 2581 3448 2636 τοῦ
3492 2581 3713 2655 ’Δαρὼν

2128 2678 2226 2740 τὰς
2272 2674 2548 2747 ἁμαρτίας
2581 2673 2689 2728 τῶν
2731 2672 2864 2727 υἱῶν
2910 2671 3146 2745 Ἰσραήλ.
3183 2671 3511 2742 Σημαινεται
3552 2672 3612 2727 δὲ
3637 2673 3711 2727 δι’

2128 2770 2331 2840 ἀμφοῖν
2353 2767 2381 2818 ὁ
2407 2765 2649 2837 Χριστός
2666 2783 2681 2798 ’
2722 2762 3010 2822 ἀποθανὼν
3035 2764 3156 2836 μὲν,
3182 2762 3258 2827 ὡς
3285 2762 3595 2836 ἄνθρωπος,
3615 2766 3713 2821 καὶ

2130 2858 2426 2931 τεθυμένος
2456 2858 2599 2929 ὑπὲρ
2644 2855 2821 2927 ἡμῶν,
2863 2857 2941 2919 ὡς
2981 2856 3040 2908 ὲν
3066 2854 3196 2911 εῖδει
3237 2853 3466 2924 τράγου.
3507 2854 3712 2926 “Ecqui-

2131 2951 2260 3026 ζετο
2300 2948 2409 3020 γὰρ
2453 2950 2533 3011 εἰς
2566 2946 2759 3016 ἄφεσιν
2785 2942 3073 3016 ἁμαρτιῶν
3104 2946 3133 2998 ὁ
3167 2946 3430 3015 χίμαρος,
3466 2944 3714 3012 ἁγιάζων

2122 3041 2186 3095 δὲ
2205 3040 2303 3111 τὴν
2317 3036 2741 3109 Ἐκκλησίαν,ὡς
2754 3039 2810 3090 ὲν
2823 3036 2885 3089 τῦ
2894 3054 2979 3106 mp
2998 3035 3293 3107 νοουμένην
3307 3035 3409 3108 τῆς
3431 3037 3714 3105 έσωτάτης

448 3132 611 3206 375
642 3129 999 3187 sanctiﬁcans
1028 3126 1356 3189 Ecclesiam,
1407 3138 1530 3194 qua:
1577 3123 1749 3178 veluti
1788 3123 1843 3176 in
1896 3131 2025 3194 typo

2132 3127 2337 3198 σκηνῆς
2359 3144 2373 3158 -
2403 3127 2492 3180 καὶ
2517 3125 2623 3197 μὴν
2644 3124 2737 3180 καὶ
2759 3125 2955 3188 αὐτοὺς
2976 3125 3102 3188 τοὺς
3118 3125 3177 3177 ἐν
3204 3124 3374 3196 νόμῳ.
3421 3123 3716 3194 Ἠγιάζετο

451 3224 734 3282 interioris
768 3218 1112 3277 tabernaculi
1142 3215 1499 3279 describitur,
1526 3222 1691 3283 atque
1716 3213 1857 3269 adeo
1882 3213 2029 3285 ipsos

446 3318 545 3387 qui
570 3314 732 3369 Erant
785 3311 903 3383 sub
933 3310 1073 3380 lege.
1138 3304 1529 3363 Sanctiﬁcatur
1564 3305 1734 3370 enim,
1786 3315 1848 3362 ut
1889 3305 2025 3372 dixi,

448 3405 718 3478 sanguine
739 3403 884 3459 hirci
910 3401 1079 3458 etiam
1107 3399 1288 3471 ipsum
1321 3398 1468 3469 quod
1495 3398 1803 3452 secundum
1843 3398 2026 3470 legem

450 3500 645 3554 altare.
672 3492 838 3567 Atqui
873 3492 1012 3548 citra
1052 3488 1487 3545 controversiam
1542 3488 1691 3558 quod
1735 3489 1919 3545 minus
1947 3498 2031 3546 est

448 3604 483 3641 a
513 3585 723 3655 majore
744 3579 1118 3637 benedicitur.
1147 3578 1362 3636 Idcirco
1386 3578 1443 3632 in
1482 3577 1603 3649 lege
1649 3593 1760 3633 non
1787 3587 1874 3634 est
1906 3595 2031 3650 per-

454 3678 659 3735 fectio:
695 3689 875 3745 neque
895 3680 1082 3745 potest
1103 3670 1288 3726 cultus
1316 3669 1508 3741 legalis
1536 3684 1870 3739 quemquam
1901 3685 2028 3726 san-

453 3768 716 3826 ctiﬁcare.
746 3764 901 3837 Opus
922 3763 1073 3820 enim
1101 3761 1154 3816 ei
1177 3760 1403 3816 omnino
1435 3766 1522 3815 est
1543 3756 1795 3827 Christo;
1828 3761 2033 3832 quippe

449 3866 544 3938 qui
598 3861 863 3935 perﬁcere
929 3858 1095 3921 valet,
1140 3864 1197 3910 et
1265 3851 1583 3908 sanctiﬁcat
1644 3867 1746 3907 suo
1805 3853 2033 3924 proprio

454 3958 720 4030 sanguine
749 3968 846 4010 eos
878 3950 972 4023 qui
1023 3949 1128 4005 sub
1169 3947 1323 4003 cultu
1372 3944 1534 4018 legali
1582 3944 1860 4000 vixerunt.
1893 3944 2034 3999 llinc

456 4049 676 4106 divinus
713 4043 937 4107 Paulus,
986 4056 1113 4097 cum
1147 4038 1216 4095 de
1256 4038 1458 4107 seipse,
1487 4044 1602 4091 tum
1653 4032 1722 4090 de
1775 4032 1903 4090 aliis
1967 4048 2035 4090 ex

459 4136 882 4197 circumcisione
910 4132 1119 4188 vocatis
1144 4131 1220 4185 ita
1245 4129 1349 4183 ait:
1387 4146 1405 4178 ι
1430 4126 1678 4182 Scientes
1698 4125 1844 4196 quod
1870 4126 2035 4180 homo

460 4248 569 4287 non
587 4227 918 4301 iustiﬁcatur
954 4221 1303 4292 exoperibus
1358 4217 1515 4289 legis,
1567 4218 1677 4272 nisi
1725 4232 1826 4287 per
1871 4216 2035 4272 ﬁdem

455 4338 587 4382 tesu
607 4318 833 4378 Christi.
864 4317 935 4373 Et
972 4330 1073 4370 nos
1118 4313 1174 4368 in
1225 4310 1508 4368 Christum
1553 4309 1740 4366 Iesum
1791 4308 2035 4365 credidi-

2129 3219 2375 3292 γὰρ,’ὡς
2418 3217 2574 3291 ἔφην,
2606 3216 2684 3291 τῷ
2705 3217 2900 3293 αἵματι
2939 3215 3034 3271 τοῦ
3075 3216 3312 3289 χιμάρου
3344 3218 3438 3271 καὶ
3480 3217 3614 3271 αὐτὸ
3649 3218 3716 3272 τὸ

2130 3310 2272 3365 κατὰ
2306 3310 2472 3381 νόμον
2518 3309 2924 3380 θυσιαστήριον.
2974 3308 3157 3381 Χωρῒς
3187 3308 3244 3376 δὲ
3286 3310 3466 3381 πάσης
3501 3307 3715 3363 ἀντιλο-

2130 3401 2278 3471 γίας,
2302 3399 2363 3454 τὸ
2385 3399 2601 3454 ἔλαττον
2625 3399 2730 3453 ὑπὸ
2754 3397 2851 3454 τοῦ
2874 3398 3183 3469 κρείττονος
3214 3397 3540 3467 εὐλογεῖται.
3564 3399 3713 3453 οὐκ.

2129 3493 2224 3548 οῦν
2258 3494 2316 3545 ὲν
2341 3492 2490 3564 νόμῳ
2524 3492 2584 3546 τὸ
2618 3490 2824 3546 τέλειον
2844 3530 2860 3556 ,
2886 3490 2994 3544 οὐδ’
3021 3489 3089 3545 ἂν
3116 3490 3216 3564 ἔχῃ
3250 3488 3312 3543 τὸ
3337 3489 3588 3558 άγιάζειν
3620 3489 3714 3545 δύ·-

2133 3583 2326 3639 νασθαί
2350 3599 2503 3646 τινας
2523 3583 2557 3654 ἡ
2579 3581 2721 3637 κατὰ
2742 3581 2903 3653 νόμον
2926 3580 3175 3653 λατρεία.
3197 3581 3380 3634 Δεῖται
3400 3580 3513 3649 γάρ
3538 3584 3714 3648 ἀναγ-

2133 3677 2305 3741 καίως
2334 3676 2411 3740 ὡς
2437 3673 2679 3729 τελειοῦν
2708 3673 3006 3745 ἰσχύοντος,
3032 3671 3127 3726 τοῦ
3151 3670 3412 3744 Χριστοῦ,
3430 3672 3533 3726 νκαὶ
3554 3672 3721 3741 ἁγιά-

2135 3771 2320 3836 ζοντος
2350 3767 2430 3841 τῷ
2479 3766 2596 3839 ἰδίῳ
2634 3765 2839 3843 αἵματι
2877 3765 3005 3830 τοὺς
3041 3765 3141 3836 τὴν
3175 3765 3410 3837 νομικὴν
3455 3764 3716 3836 λατρείαν

2135 3861 2579 3934 ἐπιτηδεύοντας.
2630 3859 2921 3930 Τοιγάρτοι
2972 3857 3068 3912 καὶ
3102 3858 3133 3911 ὁ
3169 3856 3454 3922 θεσπέσιος
3499 3855 3718 3924 Παῦλος

2137 3954 2265 4027 περὶ
2297 3952 2494 4008 ἑαυτοῦ
2542 3970 2602 4006 τε
2640 3952 2733 4006 καὶ
2768 3951 2879 4006 τῶν
2895 3951 2973 4004 ’ὲκ
2997 3950 3300 4021 περιτομῆς
3331 3949 3716 4020 κεκλημέικιιν.

2136 4046 2281 4101 οῦτω
2312 4045 2423 4100 πού
2455 4062 2622 4116 φησιν
2642 4060 2656 4076 ⁸
2690 4062 2711 4095 ι
2754 4042 2971 4106 Είδότες
2994 4040 3052 4096 δι
3084 4040 3167 4095 ὅτι
3200 4042 3260 4095 οὐ
3292 4040 3599 4096 δικαιοῦται
3624 4041 3720 4096 άνο

2138 4138 2354 4210 θρωπος
2387 4136 2447 4203 ἐξ
2476 4136 2652 4207 ἔργων
2691 4133 2876 4205 νόμου,
2907 4134 2954 4189 εί
3000 4132 3077 4206 μὴ
3118 4131 3208 4187 διὰ
3249 4131 3488 4196 πίστεως
3534 4133 3718 4203 Ἰησοῦ

2137 4227 2395 4301 Χριστοῦ.
2426 4227 2537 4285 Καὶ
2576 4228 2739 4298 ἡμεῖς
2760 4226 2841 4288 είς
2879 4224 3087 4296 Ἰησοῦν
3123 4222 3359 4295 Χριστὸν
3383 4224 3719 4280 ὲιτιιιστειὺσοιι-⁵

2141 4337 2269 4391 μεν,
2313 4338 2335 4370 ι
2380 4316 2448 4371 ἶν’
2474 4317 2692 4389 ἔχοιμεν
2724 4313 2970 4387 δηλονότι
2999 4313 3099 4385 τὴν
3129 4312 3257 4384 παρ’
3291 4312 3459 4368 αὐτοῦ
3486 4313 3719 4368 δικαίω-

453 4432 581 4476 mus
610 4416 673 4478 ⁸⁷,
702 4424 818 4468 ἐιη
845 4410 1058 4468 εθίὶίοεῑ
1094 4406 1164 4462 ab
1220 4405 1341 4475 ipso
1378 4401 1718 4472 δοείβίδῐηυθ
1759 4396 2031 4472 Ῑιιείίθαι-
2065 4420 2109 4477 ι)
2138 4399 2243 4465 σιν.
2271 4409 2482 4465 Οὐκοῦν
2513 4407 2741 4463 τέθυται
2775 4406 2874 4478 μὲν
2905 4405 3046 4478 ὑπὲρ
3070 4404 3181 4459 τῶν
3216 4403 3502 4478 ἁμαρτιῶν
3533 4404 3718 4477 ἡμῶν.

464 4511 695 4565 tionem.
728 4501 1068 4560 (immolatus
1115 4512 1250 4567 ergo
1273 4503 1358 4551 est
1383 4509 1484 4565 pro
1529 4492 1774 4564 peccatis
1825 4493 2031 4548 nostris

454 4596 761 4657 secundant
813 4592 1129 4661 Scripturas
1190 4585 1254 4650 “,
1306 4591 1363 4639 et
1426 4582 1735 4639 resurrexit
1795 4581 2030 4645 iterum,

454 4690 813 4756 ascenditque
845 4684 901 4739 in
927 4680 1208 4750 regionem
1226 4675 1385 4731 nobis
1411 4674 1769 4738 inaccessam,
1799 4672 1906 4727 hoc
1925 4680 2031 4736 est,

458 4787 514 4838 in
543 4782 765 4843 coelum,
806 4775 962 4847 quasi
985 4778 1206 4844 gestans
1233 4776 1419 4824 nostra
1450 4776 1694 4839 peccata.
1722 4765 1842 4836 Ipse
1864 4764 2038 4830 enim,

457 4876 535 4932 ait
596 4872 905 4943 Scriptura,
972 4865 1115 4921 tollit
1157 4872 1383 4935 peccata
1424 4869 1643 4924 nostra,
1682 4865 1739 4914 et
1784 4872 1887 4928 pro
1937 4870 2040 4912 no—

464 4969 549 5023 bis
600 4963 901 5020 cruciatur.
957 4956 1049 5020 Id,
1101 4954 1333 5025 opinor,
1386 4957 1473 5007 est
1545 4949 1637 5005 ille
1686 4947 2038 5003 Emissarius.

461 5048 712 5114 Emissus'
727 5054 877 5111 enim
907 5060 1082 5106 estex
1108 5048 1178 5102 iis
1202 5060 1328 5116 qum
1357 5052 1490 5099 sunt
1512 5044 1664 5113 juxta
1709 5056 1830 5103 nos,
1874 5038 1932 5092 in
1951 5053 2045 5093 su-

459 5165 685 5222 pernam
706 5146 1009 5207 civitatem,
1047 5148 1108 5195 ut
1156 5136 1389 5194 nuncin
1444 5140 1745 5203 conspectu
1789 5131 1887 5222 Dei
1924 5144 2039 5202 pro

461 5219 622 5295 nobis
679 5240 960 5307 appareat.
1014 5229 1137 5285 Huc
1189 5226 1324 5282 facit
1377 5222 1527 5295 quod
1570 5222 1813 5277 aﬁirmat
1838 5219 2037 5274 beatus

460 5334 698 5388 Joannes
727 5347 741 5382 :
776 5347 794 5379 ι
821 5322 1021 5388 Filioli,
1055 5322 1171 5376 haec
1199 5318 1389 5373 scribo
1410 5314 1590 5380 vobis,
1619 5322 1678 5368 ut
1710 5327 1820 5367 non
1846 5325 2041 5381 pecce-

462 5427 550 5479 tis.
585 5425 652 5480 Et
684 5423 730 5478 si
756 5421 883 5492 quis
910 5412 1246 5489 peccaverit,
1277 5409 1601 5465 advocatum
1635 5406 1909 5460 habemus
1945 5401 2039 5458 Je-

462 5533 606 5583 smn,
666 5515 818 5570 illum
862 5513 1090 5582 justum.
1150 5505 1218 5560 Et
1275 5502 1367 5557 hic
1426 5507 1510 5556 est
1559 5496 1882 5569 propitiatio
1938 5509 2071 5564 pro.

530 5710 568 5739 ⁵⁷
597 5704 773 5761 Galat.
809 5721 865 5771 ιι,
905 5705 998 5773 ω,
1043 5705 1311 5769 Ilom.1u,
1359 5702 1447 5757 20.
1532 5699 1572 5731 ¹⁸
1613 5700 1632 5755 l
1668 5699 1812 5754 Petr.
1846 5710 1937 5759 ιιι,
1986 5691 2067 5747 18.

2138 4505 2278 4559 κατὰ
2305 4503 2406 4567 τὰς
2439 4501 2662 4574 Γραφάς
2680 4517 2693 4532 ·
2718 4497 2919 4554 ἀνεϐίω
2946 4497 3005 4551 δὲ
3029 4491 3120 4562 αὗ,
3149 4498 3244 4552 καὶ
3267 4497 3347 4561 είς
3373 4498 3475 4568 τὴν
3503 4495 3723 4569 ἀνθρώ-

2141 4613 2261 4660 ποις
2286 4594 2484 4651 άσατον
2513 4594 2868 4665 ἀπεδήμησεν
2895 4593 3101 4664 χώραν,
3124 4590 3399 4655 τουτέστι,
3428 4588 3521 4643 τὸν
3549 4589 3723 4660 οὐρα.

2141 4689 2255 4753 νὺν,
2290 4685 2689 4751 άποὸαστάζων
2715 4684 2904 4758 ὥσπερ
2917 4687 3018 4748 τὰς
3048 4678 3519 4755 άμαρτίαςὴμῶν.
3544 4680 3725 4748 Αὐτὸς

2141 4780 2274 4853 γὰρ,
2308 4777 2411 4832 πού
2445 4794 2629 4852 φησιν,
2656 4776 2756 4841 τὰς
2791 4775 3067 4848 ἁμαρτίας
3097 4773 3253 4846 ἡμῶν
3277 4773 3441 4844 αἴρει,
3463 4771 3561 4826 καὶ
3583 4774 3717 4843 περὶ

2140 4873 2297 4945 ἡμῶν
2321 4872 2592 4926 ὀδυνᾶται.
2623 4868 2817 4934 Τοῦτο,
2842 4863 3017 4940 οἶμαι,
3049 4866 3193 4921 ἔστιν
3212 4867 3241 4920 ὁ
3280 4866 3722 4934 Ἀποπομπαίος.

2152 4963 2538 5034 ’Δπεπέμπετο
2578 4963 2677 5032 μὲν
2713 4960 2824 5032 γὰρ
2849 4999 2866 5025 ,
2902 4960 3092 5031 ὥσπερ
3128 4960 3194 5012 ὲκ
3222 4955 3332 5010 τῶν
3380 4955 3505 5009 καθ’
3544 4955 3700 5025 ἡμᾶς

2141 5058 2222 5121 είς
2258 5054 2358 5126 τὴν
2388 5055 2503 5109 ἄνω
2530 5054 2714 5118 πόλιν,
2749 5052 2845 5107 νῦν
2876 5048 3283 5122 ἐμφανισθῆναι
3317 5047 3397 5119 τῷ
3437 5045 3728 5118 προσώπῳ

2141 5145 2236 5201 τοῦ
2276 5145 2412 5201 Θεοῦ
2448 5146 2588 5217 ὑπὲρ
2613 5144 2787 5215 ὑμῶν.
2826 5144 2935 5198 Καὶ
2958 5140 3096 5213 πρὸς
3125 5140 3285 5194 τοῦτο
3314 5139 3463 5211 ἡμᾶς
3496 5136 3728 5209 ἐμπεδοζ

2141 5238 2370 5309 γράφων
2419 5239 2449 5291 ὁ
2493 5236 2762 5308 μακάριος
2827 5233 3082 5303 Ἰωάννης
3109 5249 3124 5265 ο
3163 5251 3184 5284 ι
3240 5228 3442 5284 Τεκνία
3470 5270 3486 5294 ,
3546 5227 3728 5282 ταῦτα

2142 5331 2342 5401 γράφω
2390 5328 2553 5401 ὑμῖν,
2605 5327 2693 5382 ’ἕνα
2745 5327 2821 5399 μὴ
2874 5324 3181 5397 ἁμάρτητε.
3228 5321 3340 5377 Καὶ
3381 5319 3478 5374 ἐὰν
3531 5318 3602 5387 δέ,
3640 5335 3729 5382 τις

2145 5412 2389 5492 suam,
2426 5417 2776 5490 παράκλητον
2818 5417 3011 5488 ἔχομεν
3047 5414 3184 5485 πρὸς
3222 5412 3315 5466 τὸν
3346 5409 3590 5481 Πατέρα,
3625 5406 3730 5479 Ἰη-

2146 5511 2273 5566 σοῦν
2301 5510 2536 5581 Χριστὸν
2573 5510 2798 5566 δίκαιον.
2840 5510 2949 5565 Καὶ
2982 5508 3147 5571 αὐτὸς
3192 5504 3417 5578 ἱλασμός
3446 5506 3567 5560 ἔστι
3601 5501 3731 5572 περὶ
