4060 6192
394 325 490 393 ως
1419 313 1481 368 ‘S.
1532 312 1809 368 CYRILLI
1846 311 2318 367 ALEXANDRINI
2353 312 2670 367 ARCIIIEP.

3568 311 3671 366 592

393 441 560 502 bendi
594 445 792 508 potest.
823 434 980 502 Quod
1009 448 1140 488 vero
1203 431 1257 486 id
1300 447 1411 486 non
1467 433 1692 503 impune
1722 429 1977 496 fecerint,

2091 432 2340 504 τρόπους.
2365 433 2562 500 Γέγονε
2586 431 2642 484 δὲ
2670 431 2749 484 ὅτι
2778 430 2840 483 τὸ
2863 433 3049 502 χρῆμα
3086 432 3270 494 αὐτοῖς
3297 430 3398 484 οὐκ
3418 431 3669 500 ἀζήμιον,

414 535 552 594 acile
581 532 708 602 quis
739 529 922 585 videat
947 544 1013 580 ex
1043 527 1128 580 his
1151 539 1273 594 quae
1317 524 1451 594 ipsis
1474 523 1814 578 acciderunt.
1844 522 1977 576 Nam

397 625 586 690 Israel,
624 624 717 694 qui
746 619 1149 692 primogenitus
1171 624 1292 672 erat
1321 617 1391 680 ὀ,
1431 616 1744 685 eximiaque
1772 615 1844 668 ob
1875 615 1981 669 hoc

395 718 566 791 gloria
596 714 909 786 praestabat,
938 711 1069 766 olim
1116 711 1351 765 dilectus
1379 719 1434 763 et
1458 710 1690 773 electus,
1721 709 1980 779 gentibus

395 806 735 879 postpositus
760 811 865 866 est,
898 801 1187 871 factusque
1230 801 1284 854 in
1318 800 1641 870 postremis:
1690 799 1803 853 imo
1847 813 1981 853 vero

395 898 656 954 munibus
693 897 855 950 malis
888 892 1360 959 involutusQuod
1386 893 1562 962 ipsum
1589 891 1981 962 praesigniﬁca-

394 996 474 1050 vit
499 994 766 1051 Dominus
801 1007 900 1060 per
932 1003 1120 1044 vocem
1161 986 1335 1050 Oscae,
1387 985 1612 1039 dicens:
1654 984 1782 1039 «Va:
1824 984 1978 1054 ipsis,

398 1090 528 1160 quia
555 1085 913 1142 desciverunt
939 1097 968 1134 a
1011 1095 1120 1133 me.
1161 1077 1345 1131 Miseri
1389 1075 1520 1139 sint,
1549 1075 1677 1145 quia
1723 1074 1980 1146 przevari—

399 1183 507 1237 cati
533 1187 663 1236 sunt
715 1177 768 1230 in
800 1190 908 1228 me.
938 1173 1051 1242 Ego
1083 1179 1266 1225 autem
1323 1169 1533 1224 redemi
1573 1184 1703 1222 eos:
1740 1166 1836 1221 sed
1866 1165 1979 1235 ipsi

399 1273 570 1332 locuti
599 1277 727 1325 sunt
777 1274 969 1322 contra
999 1280 1084 1317 me
1111 1261 1462 1316 mendacium
1489 1260 1555 1312 ²¹.
1587 1257 1734 1313 Nihil
1771 1265 1852 1309 est
1873 1264 1982 1308 tam

397 1360 699 1417 absurdum
725 1355 872 1424 quod
899 1368 1011 1406 non
1044 1351 1161 1405 ausi
1203 1351 1312 1404 sint
1346 1350 1550 1404 dicere.
1584 1346 1982 1401 Malcdixcrunt

385 1457 547 1511 rnim
570 1468 678 1507 non
704 1445 1108 1520 perpendentes
1137 1441 1303 1496 illud:
1341 1463 1357 1492 ι
1380 1441 1525 1495 Mors
1553 1447 1608 1494 et
1639 1439 1748 1492 vita
1777 1437 1829 1491 in
1866 1453 1982 1490 ma-

398 1545 718 1612 nulinguas.
765 1537 870 1604 Qui
923 1535 1055 1589 huic
1094 1533 1472 1594 dominantur,
1535 1529 1834 1584 comedunt
1865 1527 1984 1580 fru-

395 1647 522 1693 ctus
551 1636 699 1690 illius
724 1632 789 1682 ²².
822 1648 840 1679 ι
865 1629 1226 1694 Posteaquam
1253 1639 1384 1678 vero
1409 1621 1738 1676 debacchati
1767 1627 1895 1673 sunt
1928 1620 1982 1672 in

397 1729 603 1798 ipsum,
657 1719 852 1776 cﬂ‘reni
885 1717 1053 1786 378
1085 1714 1151 1768 ad
1178 1713 1486 1768 calumnias
1539 1712 1723 1782 lingua
1754 1709 1982 1780 grassati

2083 525 2250 596 είδείη
2285 543 2371 588 τις
2411 525 2476 578 ἂν
2519 525 2614 578 καὶ
2650 524 2708 591 ἐξ
2747 523 2928 576 αὐτῶν
2961 523 3070 577 τῶν
3114 523 3560 595 συμϐεϐηκότων.
3615 525 3672 579 ’0

2083 619 2192 691 γὰρ
2239 617 2584 690 πρωτότοκος
2638 617 2890 689 Ἰσραὴλ,
2941 617 3036 670 καὶ
3076 617 3235 683 δόξαν
3267 617 3408 687 ἔχων
3441 618 3540 687 τὴν
3581 619 3685 670 ἐπὶ

2081 711 2216 781 τῷδε
2255 710 2550 782 περιφανῆ,
2594 713 2622 763 ὀ
2657 710 2940 780 ἀγαπητὸς
2983 711 3080 763 καὶ
3123 711 3453 774 ἀπόλεκτος,
3499 711 3674 762 ὀπίσω

2082 801 2320 854 τέθειται
2350 799 2460 852 τῶν
2489 799 2676 865 ἐθνῶν,
2705 798 2803 851 καὶ
2831 799 3054 866 γέγονεν
3085 801 3142 851 ὲν
3163 801 3435 870 ἐσχάτοις,
3471 801 3674 870 μᾶλλον

2082 893 2140 946 δὲ
2185 894 2244 946 ὲν
2288 893 2455 946 παντὶ
2489 891 2664 962 κακῷ.
2709 893 2820 945 Καὶ
2859 891 3019 944 τοῦτο
3064 893 3246 955 αὐτοῖς
3299 893 3672 963 προανεφὼνει

2086 985 2316 1058 Κύριος,
2347 982 2433 1036 διὰ
2473 983 2627 1052 Ὠσηὲ
2657 983 2853 1051 λέγων·
2894 1003 2911 1034 ι
2953 984 3089 1037 Οὐαὶ
3116 984 3320 1047 αὐτοῖς,
3355 986 3436 1036 ὃτι
3467 985 3668 1055 ἀπεδή-

2081 1078 2270 1146 ’μησαν
2305 1078 2400 1129 ἀπ’
2452 1075 2608 1147 ἐμοῦ.
2663 1075 2895 1130 Δείλαιοί
2937 1079 3111 1138 εἰσιν,
3157 1077 3238 1129 ὅτι
3269 1078 3555 1147 ὴνόμησαν
3594 1079 3670 1140 είς

2086 1169 2109 1220 ὲ
2119 1169 2204 1235 μέ.
2251 1165 2393 1233 Ἐγὼ
2421 1165 2477 1219 δὲ
2508 1165 2902 1236 ὲλυτρωσάμην
2936 1165 3153 1229 αὐτοῦς·
3179 1165 3332 1218 αὐτοὶ
3359 1166 3414 1218 δὲ
3438 1166 3670 1220 κατελά-

2086 1260 2254 1329 λησδιν
2302 1260 2420 1312 κατ’
2459 1259 2596 1327 ἐμοῦ
2639 1258 2830 1327 ψευδῆ.
2872 1277 2888 1308 ι
2965 1259 3129 1311 υῦδὲν
3176 1258 3284 1329 γὰρ
3314 1258 3495 1312 αὐτῶν
3527 1260 3671 1311 ἐστιν

2085 1353 2295 1420 ἀπηχὲς
2345 1355 2423 1415 εἰς
2465 1353 2679 1420 λόγους,
2709 1352 2736 1404 ὃ
2779 1353 2851 1422 μὴ
2894 1353 3293 1423 τετολμήκασιν
3332 1355 3529 1406 εἰπεῖν.
3577 1355 3672 1404 Δε-

2083 1445 2475 1514 δυσφημήκασι
2513 1444 2642 1513 γὰρ,
2684 1445 2783 1496 οὐκ
2812 1443 3118 1505 ἐννοοῦντες
3142 1443 3200 1495 τὸ
3241 1443 3632 1513 γεγραμμένον
3654 1456 3668 1471 ⁸

2093 1556 2110 1586 ι
2152 1537 2390 1598 Θάνατος
2425 1535 2519 1588 καὶ
2559 1535 2671 1604 ζωὴ
2723 1537 2780 1587 ὲν
2819 1537 2962 1606 χειρὶ
3001 1534 3272 1603 γλώσσης·
3319 1537 3381 1586 Οί
3429 1535 3486 1587 δὲ
3534 1551 3668 1605 κρα-

2085 1628 2300 1690 "so-3m;
2361 1626 2566 1695 αὐτῆς,
2619 1625 2826 1679 ἔδονται
2885 1627 3010 1688 τοὺς
3078 1626 3325 1697 καρποὺς
3392 1625 3582 1694 αὖτῆςο
3647 1645 3664 1676 ³

2101 1718 2316 1790 Ἐπειδὴ
2362 1718 2418 1770 δὲ
2458 1718 2922 1788 πεπαρῳνήκασιν
2956 1719 3034 1780 είς
3082 1717 3264 1782 αὐτὸν,
3299 1716 3556 1786 ἀχάλινον
3593 1719 3670 1782 εἰς

398 1787 550 1880 sunt,
587 1787 645 1866 nt
673 1809 836 1865 modo
863 1807 1011 1860 dixi;
1041 1804 1249 1858 idcirco
1269 1803 1437 1858 etiam
1470 1817 1567 1872 spe
1589 1801 1645 1855 in
1670 1801 1848 1870 ipsum
1881 1815 1978 1853 ex-

2093 1810 2457 1880 συκοφαντίαν
2501 1809 2601 1879 τὴν
2645 1809 2897 1877 γλῶσσαν
2941 1807 3194 1870 ἀνέντες,
3239 1807 3493 1877 καθάπερ
3535 1807 3670 1876 ἔφην

397 1910 674 1965 ciderunt,
715 1906 903 1969 utpote
935 1897 1027 1966 qui
1051 1911 1159 1949 non
1179 1894 1407 1951 audiant
1442 1893 1620 1963 ipsum
1661 1892 1931 1946 dicentem
1965 1907 1976 1941 :

405 2025 421 2055 ι
449 2003 574 2057 llaec
599 2006 684 2052 est
705 2011 826 2050 sors
853 2001 965 2054 tua,
989 1998 1044 2044 et
1068 2004 1197 2059 pars
1227 1997 1319 2042 tua
1343 2006 1354 2040 :
1382 2002 1600 2056 nempe,
1627 1993 1686 2039 ut
1719 1984 1851 2046 mihi
1871 1999 1979 2038 non

397 2093 663 2156 credatis,
693 2088 832 2142 dicit
856 2084 1126 2140 Dominus
1153 2082 1218 2137 ’³.
1249 2101 1265 2131 ›
1305 2080 1485 2147 Quare
1503 2079 1648 2150 quod
1681 2079 1801 2132 istis
1835 2093 1982 2131 mor-

399 2189 506 2243 bus
531 2185 729 2253 lingua:
762 2177 983 2234 crimini
1016 2173 1207 2238 fuerit,
1237 2170 1497 2241 quodque
1523 2165 1981 2223 dcbacchationis

399 2283 454 2336 in
485 2276 768 2334 Christum
795 2284 989 2341 graves
1013 2281 1204 2337 poenas
1236 2261 1421 2317 daturi
1455 2262 1587 2324 sint,
1634 2259 1890 2314 etiamex
1913 2256 1981 2310 iis

400 2389 524 2446 quze
550 2371 604 2424 in
629 2369 776 2423 libro
816 2363 1184 2418 Numerorum
1223 2355 1428 2425 scripta
1470 2362 1618 2419 sunt,
1648 2352 1854 2423 optime
1895 2351 1981 2404 in.-

401 2443 732 2535 tclligcmus.
762 2458 840 2512 lta
869 2470 1000 2510 vero
1026 2451 1231 2506 habent
1268 2466 1280 2501 :
1329 2467 1346 2500 ι
1373 2448 1440 2502 Et
1467 2446 1638 2501 locuti
1664 2454 1792 2499 sunt
1814 2443 1980 2496 Maria

399 2569 455 2613 et
482 2557 664 2609 Aaron
693 2556 887 2604 contra
922 2545 1164 2615 Moysen,
1219 2547 1516 2611 propterea
1571 2536 1717 2606 quod
1765 2535 1980 2590 Aithio-

401 2655 603 2722 pissatn
628 2641 844 2711 accepit
867 2651 1090 2692 uxorem
1116 2652 1128 2688 :
1159 2650 1286 2688 nam
1313 2632 1360 2686 is
1381 2629 1776 2700 Aithiopissam
1821 2641 1980 2680 acce—

400 2718 482 2814 pit
506 2750 753 2795 uxorem.
784 2734 1191 2798 Dixeruntque:
1223 2725 1364 2783 Num
1397 2720 1791 2784 Dominussoli
1813 2718 1980 2789 Moysi

399 2811 618 2891 locutus
659 2828 776 2885 est?
814 2826 1013 2881 Annon
1046 2831 1102 2876 ct
1129 2818 1291 2874 nobis
1339 2831 1562 2888 quoque
1604 2823 1689 2869 est
1725 2811 1984 2868 loeutus?

401 2929 470 2984 Et
494 2922 704 2980 audivit
735 2921 850 2974 hate
892 2915 1178 2972 Dominus.
1219 2911 1431 2981 Moyses
1465 2915 1647 2961 autem
1675 2912 1795 2959 erat
1826 2902 1983 2956 valde

402 3024 723 3075 mansuetus
747 3014 933 3079 homo,
969 3025 1082 3079 pra:
1133 3004 1393 3071 omnibus
1421 3001 1543 3055 aliis
1607 2998 1700 3068 qui
1749 3004 1879 3051 sunt
1927 2995 1984 3048 in

402 3123 572 3170 terra.
604 3107 854 3176 Dixitque
888 3103 1154 3157 Dominus
1198 3093 1487 3152 confestim
1533 3091 1600 3145 ad
1655 3090 1898 3160 Moysen,
1931 3094 1987 3140 et

402 3204 605 3263 Aaron,
631 3209 688 3254 et
714 3195 936 3250 Mariam
959 3209 970 3243 :
998 3191 1154 3244 Exite
1179 3201 1276 3240 vos
1308 3193 1417 3239 tres
1461 3184 1517 3237 in
1571 3181 1982 3238 tabernaculum

404 3287 727 3348 testimonii.
785 3285 852 3339 Et
876 3278 1083 3352 egressi
1125 3284 1252 3333 sunt
1294 3283 1407 3337 tres
1455 3273 1511 3326 in
1567 3271 1984 3335 tabernaculum

405 3377 725 3438 testimonii.
757 3373 1025 3430 Dominus
1048 3377 1233 3423 autem
1286 3363 1570 3420 descendit
1626 3364 1681 3418 in
1730 3363 1986 3417 columna

405 3472 591 3536 nubis,
643 3477 699 3524 et
754 3465 908 3522 stetit
958 3463 1016 3516 in
1051 3467 1210 3531 porta
1267 3454 1608 3524 tabernaculi
1661 3455 1984 3518 testimonii,

405 3562 700 3632 vocatique
725 3565 854 3614 sunt
887 3556 1069 3610 Aaron
1093 3562 1149 3606 ct
1179 3551 1368 3612 Maria,
1409 3556 1468 3604 et
1493 3557 1850 3604 accesserunt
1872 3562 1988 3601 am-

405 3657 498 3712 bo.
527 3654 683 3709 Tune
721 3649 860 3704 dixit
904 3644 1170 3702 Dominus
1221 3640 1290 3694 ad
1340 3641 1532 3710 ipsos:
1568 3637 1770 3694 Audite
1817 3637 1986 3692 verba

406 3763 547 3803 mea.
580 3744 636 3799 Si
687 3743 890 3797 missus
922 3737 1089 3792 fuerit
1115 3734 1274 3790 vobis
1323 3734 1645 3804 prophetaa
1713 3730 1984 3795 Domino;

408 3840 540 3896 huic
578 3851 681 3908 ego
708 3849 807 3905 per
837 3831 1109 3886 visionem
1139 3829 1502 3888 innotescam,
1529 3833 1585 3878 et
1615 3824 1670 3876 in
1697 3822 1988 3876 insomniis

403 3938 601 4006 loquar
623 3932 698 3996 ei,
739 3944 851 3983 non
892 3927 1036 3981 sicut
1071 3937 1231 3978 servo
1262 3935 1386 3974 meo
1444 3919 1634 3990 Moysi,
1677 3917 1771 3987 qui
1811 3916 1988 3971 ﬁdelis

405 4005 490 4083 est
517 4028 570 4080 in
612 4035 723 4077 tota
763 4021 928 4075 domo
952 4032 1101 4073 mea.
1126 4015 1206 4070 Ex
1252 4029 1346 4068 ore
1375 4012 1444 4066 ad
1473 4028 1535 4067 os
1567 4005 1776 4080 loquar
1807 4010 1858 4064 ei
1890 4025 1988 4079 per

406 4118 676 4188 speciem;
721 4125 915 4167 etnon
966 4125 1064 4179 per
1111 4115 1418 4176 aenigmata,
1481 4105 1706 4174 ipseque
1759 4103 1987 4173 gloriam

407 4224 584 4264 meam
609 4204 766 4258 vidit.
799 4201 980 4268 Quare
1003 4215 1134 4270 ergo
1158 4214 1256 4252 vos
1286 4212 1394 4250 non
1449 4195 1713 4249 timuistis
1756 4193 1986 4262 obloqui

407 4313 569 4354 servo
617 4309 741 4350 meo
802 4289 1017 4362 Moysi?
1065 4291 1133 4344 Et
1165 4289 1319 4343 furor
1358 4285 1456 4347 ira:
1519 4285 1737 4340 Domini
1779 4284 1988 4340 exarsit

407 4398 600 4447 contra
625 4402 742 4452 eos,
791 4394 848 4440 ct
864 4384 1270 4438 discesserunt:
1305 4390 1366 4436 et
1411 4379 1590 4435 nubes
1612 4392 1832 4448 quoque
1871 4377 1986 4429 dis-

2089 1905 2320 1974 ἀρτίως·
2363 1901 2620 1972 ταύτῃτοι
2650 1901 2870 1971 καὶτῆς
2911 1902 2989 1963 είς
3033 1899 3195 1953 αὐτὸν
3233 1899 3447 1963 ἐλπίδος
3489 1898 3670 1951 διωλι-

2093 1997 2344 2068 σθήκασι,
2387 1996 2480 2048 κα)⁵
2509 1994 2575 2064 δὴ
2609 1994 2684 2064 μὴ
2713 1995 3020 2047 ἀκουόντων
3058 1992 3341 2061 λέγοντος·
3386 2011 3404 2041 ι
3438 1985 3608 2054 Οὗτος
3647 2001 3676 2052 ὁ

2090 2089 2289 2159 κλῆρός
2321 2105 2436 2152 σου,
2466 2089 2560 2145 καὶ¹
2583 2087 2615 2156 ὴ
2642 2086 2795 2157 μερίς
2819 2101 2934 2149 σου,
2963 2084 3057 2137 τοῦ
3084 2083 3324 2137 ἀπειθεῖν
3355 2085 3501 2154 ὑμᾶς
3527 2083 3669 2154 ἐμοὶ,

2090 2181 2236 2249 λέγει
2267 2179 2492 2250 Κύριος.
2529 2197 2550 2229 θ
2588 2179 2798 2232 Οὐκοῦν
2839 2175 2922 2230 ὅτι
2954 2176 3333 2245 γλωσσαλγίας
3364 2177 3672 2247 ἐγκλήμασι

2090 2272 2372 2342 γεγονότες
2399 2270 2594 2340 ἔνοχοι,
2631 2271 2724 2324 καὶ
2754 2271 2851 2340 τῆς
2878 2269 2956 2332 εἰς
2986 2268 3219 2339 Χριστὸν
3260 2269 3547 2340 παροινίας
3581 2286 3672 2321 πι-

2092 2367 2228 2436 κρὰς
2249 2363 2477 2435 ἔμελλον
2501 2361 2850 2416 ἁποτιννύναι
2875 2361 3050 2427 δίκας,
3081 2361 3176 2414 καὶ
3203 2363 3265 2414 ὲκ
3289 2361 3398 2414 τῶν
3425 2378 3600 2430 γεγρα
3611 2381 3674 2432 μ-

2095 2457 2268 2524 μένων
2299 2457 2357 2507 ἐν
2385 2457 2496 2519 τοῖς
2539 2453 2813 2524 ’Λριθμοῖς
2855 2447 2912 2504 εὖ
2947 2451 3094 2522 μάλα
3125 2452 3482 2522 συνθήσομεν.
3523 2454 3674 2522 Ἔχει

2090 2547 2350 2611 δὲοοῦτως
2369 2564 2381 2578 ο
2421 2566 2438 2597 ι
2477 2546 2588 2599 Kal
2612 2545 2875 2617 ἐλάλησεν
2900 2546 3133 2616 Μαριὰμ
3155 2545 3249 2598 καὶ
3291 2545 3503 2617 Ἀαρὼν
3535 2549 3676 2598 κατὰ

2093 2643 2295 2712 Ηωσῆ,
2341 2640 2530 2692 ἕνεκεν
2571 2639 2670 2708 τῆς
2725 2638 2982 2707 γυναικὶ-ς
3027 2638 3124 2708 τῆς
3167 2637 3564 2708 Αἰθιοπίσσης,
3603 2640 3677 2707 ἣν

2093 2734 2250 2786 ἔλαϐε
2293 2733 2533 2802 Μωσῆς,
2565 2733 2647 2786 ὅτι
2681 2733 2914 2800 γυναῖκα
2954 2724 3313 2785 Αίθιόπισσαν
3348 2732 3531 2784 ἔλαϐε.
3569 2735 3678 2786 Kal

2093 2821 2280 2878 εἷπον·
2322 2825 2414 2896 Μὴ
2449 2825 2621 2895 Μωσῇ
2657 2823 2805 2894 μόνῳ
2851 2824 3078 2894 ὲλάλησε
3117 2824 3350 2896 Κύριος;
3406 2826 3543 2896 Οὐχὶ
3576 2827 3678 2878 ’καὶ

2094 2921 2223 2988 ἡμῖν
2249 2917 2510 2987 ἑλάλησε;
2545 2916 2656 2969 Kal.
2687 2917 2887 2987 ἢκουσε
2925 2915 3148 2987 Κύριος.
3180 2917 3293 2971 Καὶ
3319 2919 3346 2970 ὁ
3379 2917 3677 2988 ·ιὶνθρωπος

2093 3010 2297 3080 Μωσῆς
2333 3010 2503 3080 πρᾶος
2541 3007 2741 3077 σφόδρα
2776 3008 2929 3078 παρὰ
2963 3009 3171 3070 πάντας
3201 3008 3524 3079 ἀνθρώπους
3553 3011 3681 3074 τοὺς

2093 3103 2250 3165 ὄντας
2276 3102 2369 3153 ἐπὶ
2395 3100 2495 3169 τῆς
2522 3100 2642 3168 γῆς.
2672 3100 2780 3150 Καὶ
2808 3093 2932 3151 εἷπε
2954 3098 3159 3168 Κύριος
3173 3100 3522 3170 παραχρῆμα
3542 3101 3680 3172 προς

2089 3195 2313 3265 Ηωσῆν,
2347 3194 2441 3248 καὶ
2486 3190 2717 3262 Ἀαρὼν,
2760 3192 2855 3245 καὶ
2893 3191 3158 3261 Μαριάμ·
3205 3189 3482 3256 Ἑξέλθετε
3517 3194 3682 3264 ὑμεῖς

2089 3287 2136 3342 οἱ
2168 3287 2317 3358 τρεῖς
2349 3286 2427 3346 είς
2456 3281 2554 3354 τὴν
2587 3283 2792 3353 σκηνὴν
2823 3280 2918 3334 τοῦ
2951 3280 3275 3351 μαρτυρίου.
3311 3281 3418 3335 Kal.
3453 3281 3682 3352 ἐξῆλθον

2088 3378 2134 3428 οί
2175 3377 2325 3446 τρεῖς
2353 3375 2430 3439 εἰς
2459 3375 2560 3445 τὴν
2597 3372 2803 3443 σκηνὴν
2841 3369 2935 3423 τοῦ
2979 3371 3294 3442 μαρτυρίου.
3333 3373 3442 3425 Καὶ
3471 3372 3680 3445 κατέϐη

2089 3470 2292 3539 Κύριος
2323 3469 2379 3520 ἐν
2413 3467 2591 3538 στύλῳ
2624 3468 2892 3537 νεφέλης,
2932 3469 3028 3522 καὶ
3068 3469 3199 3539 ἔστη
3231 3469 3323 3520 ἐπὶ
3359 3468 3460 3531 τὰς
3511 3467 3681 3537 θύρας

2089 3562 2185 3631 τῆς
2215 3561 2421 3630 σκηνῆς
2458 3561 2552 3613 τοῦ
2599 3559 2929 3631 μαρτυρίου·
2970 3561 3064 3613 καὶ
3097 3561 3407 3632 ἐκλήθησαν
3469 3561 3682 3633 ’Λαρὼν

2090 3654 2183 3704 καὶ
2211 3652 2442 3722 Μαριὰμ
2467 3695 2479 3716 ,
2507 3653 2600 3704 καὶ
2629 3651 2850 3722 ἐξῆλθον
2882 3653 3204 3724 ἀμφότεροι.
3239 3654 3345 3706 Καὶ
3387 3649 3511 3706 εἶπε
3545 3656 3681 3726 πρὸς

2090 3746 2285 3809 αὐτοὺς
2313 3745 2534 3816 Κύριος
2573 3746 2870 3800 Ἀκούσατε
2899 3747 2992 3800 τὸν
3013 3748 3172 3817 λόγον
3197 3765 3318 3820 μου.
3356 3750 3484 3802 Ἐὰν
3515 3751 3678 3820 γένη-

2089 3855 2178 3891 ται
2218 3837 2346 3908 ὑμῖν
2393 3838 2679 3908 προφήτης
2708 3838 2935 3908 Κυρίῳ,
2985 3841 3041 3894 ὲν
3078 3842 3319 3913 ὁράματι
3351 3842 3502 3913 αὖτῷ
3537 3861 3682 3910 γνω-

2091 3931 2384 4003 σθήσομαι,
2419 3931 2511 3984 καὶ
2547 3933 2604 3984 ὲν
2637 3931 2870 4003 ἐνυπνίῳ
2905 3933 3125 4005 λαλήσω
3160 3934 3329 4003 αὐτῷ.
3364 3935 3476 4005 οὐχ
3508 3935 3690 3999 οὕτως

2091 4023 2165 4086 ὼς
2191 4023 2219 4074 6
2249 4021 2504 4094 θεράπων
2527 4039 2628 4093 μου
2653 4024 2856 4095 Μωσῆς
2881 4025 2937 4078 ὲν
2963 4024 3070 4095 ὅλῳ
3101 4041 3204 4095 μου
3231 4025 3309 4095 τῷ
3330 4023 3465 4094 οἴκῳ
3491 4027 3684 4089 πιστός

2090 4115 2224 4167 ἐστι.
2260 4113 2443 4184 Στόμα
2490 4113 2632 4168 κατὰ
2665 4117 2841 4186 στόμα
2881 4115 3098 4187 λαλήσω
3129 4117 3274 4188 αὐτῷ
3307 4120 3364 4172 ἐν
3394 4118 3562 4183 εῖδει,
3594 4123 3686 4172 καὶ

2093 4206 2154 4257 οὑ
2191 4205 2259 4259 δι’
2294 4206 2655 4275 αἰνιγμάτων,
2700 4207 2794 4260 καὶ
2823 4209 2918 4278 τὴν
2950 4208 3108 4274 δόξαν
3149 4227 3249 4280 μου
3288 4207 3414 4263 εϊδε.
3456 4213 3570 4264 Καὶ
3598 4212 3684 4264 διὰ

2090 4297 2142 4347 τί
2169 4297 2266 4348 οὐκ
2307 4297 2610 4368 ὲφοϐήθητε
2640 4298 3014 4370 καταλαλῆσαι
3049 4302 3187 4354 κατὰ
3221 4302 3314 4355 τοῦ
3347 4304 3686 4373 θεράτ-οντός

2093 4405 2197 4457 μου
2232 4389 2425 4459 Μωσῆ.
2460 4389 2569 4444 Kal.
2614 4390 2750 4462 ὀργὴ
2781 4390 2951 4462 θυμοῦ
2984 4394 3189 4463 Κυρίου
3235 4395 3320 4446 ἐπ’
3351 4395 3558 4458 αὐτοῖς,
3594 4399 3688 4450 καὶ

411 4482 633 4538 cessita
683 4477 1080 4538 tabernaculo:
1109 4484 1166 4530 et
1207 4489 1336 4529 cccc
1387 4472 1555 4528 Maria
1610 4478 1731 4525 erat
1771 4469 1984 4539 leprosa

2096 4478 2338 4550 ἀπῆλθον
2365 4495 2377 4507 ⁸
2420 4482 2512 4532 καὶ
2550 4482 2583 4551 ἡ
2638 4482 2835 4553 νεφέλη
2885 4483 3099 4555 ἀπέστη
3146 4484 3254 4537 ἀπὸ
3299 4485 3397 4555 τῆς
3437 4487 3685 4556 σκηνῆςο

411 4575 586 4630 instar
614 4570 778 4625 nivis.
804 4569 873 4622 Et
895 4565 1133 4635 respexit
1185 4564 1368 4627 Aaron
1393 4563 1461 4617 ad
1497 4562 1749 4626 Mariam,
1772 4570 1830 4614 et
1857 4575 1988 4620 ecce

412 4672 532 4719 erat
574 4663 812 4732 leprosa.
848 4657 1106 4726 Dixitque
1153 4654 1337 4710 Aaron
1397 4655 1464 4709 ad
1497 4655 1728 4724 ‘Moysen
1759 4670 1770 4705 :
1800 4653 1976 4724 Rogo,

411 4754 656 4818 domine,
685 4767 756 4806 ne
784 4751 1033 4820 imponas
1067 4748 1227 4802 nobis
1251 4756 1558 4818 peccatum,
1606 4745 1735 4815 quia
1769 4745 1988 4815 ignora-

411 4847 814 4899 vimus‘contra
841 4854 1004 4908 quem
1052 4838 1422 4907 peccavimus.
1460 4837 1538 4890 Ne
1581 4835 1676 4891 ﬁat
1738 4835 1898 4890 nobis
1927 4841 1988 4896 ut

409 4937 620 5009 azquale
645 4934 831 4995 morti,
858 4941 913 4986 ut
934 4931 1244 4986 abortivum
1274 4930 1564 5002 egrediens
1592 4929 1659 4983 de
1687 4930 1846 4982 vulva
1876 4917 1995 4981 ina-

413 5031 516 5086 tris
537 5043 670 5092 suae,
705 5025 932 5096 etquod
980 5023 1273 5078 dimidium
1309 5023 1496 5078 carnis
1524 5022 1697 5092 ipsius
1729 5020 1992 5077 absumit.

412 5122 791 5189 Clamavitque
841 5117 910 5172 ad
943 5116 1238 5172 Dominum
1270 5101 1502 5184 Moyses,
1537 5113 1731 5167 dicens
1775 5130 1786 5164 :
1825 5112 1988 5172 Deus,

411 5230 547 5286 rogo
577 5221 630 5268 te
657 5227 818 5266 sanes
841 5225 983 5281 eam.
1014 5209 1269 5278 Dixitque
1317 5206 1582 5259 Dominus
1615 5205 1681 5258 ad
1729 5202 1946 5273 Moysen
1978 5221 1988 5251 :

414 5307 471 5363 Si
501 5313 658 5379 pater
677 5305 795 5375 ejus
811 5301 1131 5372 exspucndo
1155 5299 1465 5370 exspuisset
1489 5296 1543 5349 in
1569 5295 1765 5350 faciem
1797 5293 1990 5364 ipsius,

415 5413 524 5451 non
553 5393 941 5450 erubesceret?
992 5392 1212 5462 Septem
1261 5389 1459 5445 diebus
1504 5397 1795 5457 separetur
1835 5401 1991 5441 extra

417 5496 616 5552 castra,
647 5495 704 5542 et
745 5486 947 5541 deinde
997 5484 1221 5540 redibit.
1276 5483 1343 5536 Et
1392 5490 1643 5550 separata
1694 5490 1780 5533 est
1827 5479 1994 5532 Maria

416 5589 566 5633 extra
597 5587 774 5642 castra
801 5587 1009 5648 septem
1047 5577 1184 5642 dies,
1212 5591 1390 5644 neque
1437 5573 1673 5643 populus
1699 5573 1854 5641 prius
1884 5571 1995 5625 dis-

2095 4575 2190 4630 xal.
2218 4573 2327 4627 εδοὺ
2353 4573 2588 4644 Μαριὰμ
2619 4574 2879 4646 λεπρῶσα
2907 4576 3037 4628 ὡσεὶ
3063 4577 3215 4646 χιών.
3252 4579 3361 4631 Καὶ
3383 4578 3687 4648 ἐπέϐλεψεν

2109 4663 2320 4735 ΪΑαρὼν
2349 4663 2484 4735 πρὸς
2506 4653 2762 4736 Μαριὰμ,
2794 4667 2889 4719 καὶ
2929 4667 3037 4720 ἰδοὺ
3075 4667 3356 4736 λεπρῶσα.
3388 4668 3503 4722 Kal
3533 4665 3688 4722 εἶπεν

2109 4754 2321 4827 ’Λαρὼν
2346 4757 2479 4826 προς
2514 4757 2756 4822 Munia;
2793 4757 3022 4827 Δέομαί,
3057 4757 3226 4826 Κύριε
3251 4798 3265 4819 ,
3302 4758 3376 4827 μὴ
3412 4763 3684 4832 auus-mhi}

2099 4849 2238 4919 ἡμῖν
2266 4849 2561 4919 ἁμαρτίαν,
2589 4849 2656 4901 δι’
2679 4850 2762 4903 ὃτι
2788 4851 3139 4920 ἢγνοήσαμεν
3171 4851 3292 4904 καθ’
3338 4850 3402 4904 οὖ
3436 4853 3687 4924 ἡμάρτο-

2100 4958 2219 5011 μεν.
2243 4943 2334 5011 Μὴ
2357 4941 2578 5012 γένηται
2604 4942 2734 5013 ἡμῖν
2755 4941 2830 5006 ὡς
2856 4942 2970 4995 ἴσον
2991 4941 3250 5005 θανάτου,
3269 4943 3402 4996 ὡσεὶ
3424 4943 3689 5014 ἕκτρωμα

2096 5034 2464 5103 πορευόμενον
2507 5034 2572 5086 ἐκ
2615 5033 2828 5106 μήτρας
2877 5033 3114 5106 μητρὸς,
3165 5035 3263 5104 καὶ
3305 5035 3587 5088 κατεσθίει
3631 5037 3690 5089 τὸ

2093 5127 2264 5196 ἥμισυ
2297 5127 2406 5179 τῶν
2448 5127 2667 5197 σαρκῶν
2700 5111 2887 5199 αὐτῆς.
2921 5128 3032 5180 Kal.
3073 5127 3266 5198 ἐϐόησε
3309 5127 3516 5197 Μωσῆς
3551 5129 3690 5198 πρὸς

2094 5213 2318 5287 Κύριον,
2351 5213 2559 5282 λέγων·
2612 5215 2669 5269 Ὀ
2713 5216 2846 5279 Θεὸς
2867 5257 2881 5273 .
2913 5216 3104 5285 δέομαί
3141 5234 3236 5269 σου
3259 5259 3274 5278 ,
3308 5218 3455 5270 ἴασαι
3490 5219 3688 5286 αὐτήν.

2103 5306 2214 5359 Καὶ
2258 5301 2376 5358 εἷπε
2411 5305 2616 5376 Κύριος
2667 5308 2800 5378 πρὸς
2829 5308 3071 5377 Μωσῆν·
3110 5309 3174 5361 Ei
3222 5311 3250 5361 ὁ
3297 5308 3477 5379 πατὴρ
3517 5308 3694 5375 αὐτῆς

2106 5395 2288 5449 πτύων
2315 5397 2608 5451 ἐνέπτυσεν
2639 5400 2718 5461 εἰς
2741 5399 2798 5451 τὸ
2822 5399 3112 5471 πρόσωπον
3144 5400 3332 5471 αὐτῆς,
3368 5400 3468 5454 οὐκ
3500 5402 3696 5470 ἐντρα-

2106 5487 2371 5555 πήσεται;
2440 5487 2612 5541 Ἑπτὰ
2672 5490 2884 5560 ἡμέρας
2943 5490 3373 5562 ἀφορισθήσεται
3428 5489 3532 5554 ἔξω
3589 5491 3695 5560 τῆς

2106 5577 2624 5647 παρεμϐολῆςΚώ
2657 5581 2793 5650 μετὰ
2828 5581 2997 5635 ταῦτα
3029 5581 3410 5648 εἰσελεύσεται,
3443 5582 3552 5634 Kal
3583 5581 3695 5648 az;—

487 5755 534 5787 '°
565 5754 736 5816 Evod.
769 5773 839 5820 tv,
865 5757 953 5822 ‘22.
1032 5760 1070 5791 ²¹
1109 5757 1246 5814 Osee
1271 5773 1360 5822 vn,
1403 5757 1489 5809 15..
1550 5758 1592 5787 ’³
1626 5755 1962 5822 Plurim",

2158 5760 2204 5790 "
2234 5755 2443 5814 “Jcrcm.
2479 5777 2590 5823 xm,
2639 5760 2727 5814 25.
