4060 6192
1396 270 1924 330 οωιιιιιιοιωιι
1957 271 2028 326 IN
2067 268 2402 328 Νυιιιιιιοε
2441 267 2664 328 LIBER.

3546 271 3650 327 {'9‘

378 385 590 456 ωρίσθη
617 383 856 456 Μαριὰμ
886 385 994 450 ἔξω
1021 385 1120 455 τῆς
1154 383 1504 454 παρεμϐολῆς
1537 382 1679 438 ἑπτὰ
1719 382 1966 454 ἡμέρας,

2081 385 2241 442 cessit
2307 399 2472 454 quam
2517 381 2684 436 Maria
2747 379 2929 436 fuerat
2985 377 3245 434 mundata
3273 375 3338 431 “.
3378 396 3396 429 ι
3456 379 3650 436 Atlinia

379 477 476 532 καὶ
493 479 529 532 ὁ
547 476 672 539 λαὸς
693 475 796 528 οὐκ
825 469 1042 547 ὲξῆρεν,
1071 476 1172 538 ἕως
1201 470 1261 529 οὗ
1285 473 1912 546 ἐκαθαρίσθηΜαριάμ.
1945 491 1964 526 ι

378 568 631 638 Σιγγενῆ
658 567 760 638 μιν
791 562 886 622 οὖν
914 569 1008 622 καὶ
1033 566 1206 620 ταῦτα
1246 569 1357 630 τοῖς
1392 565 1494 638 ἢδη
1526 565 1966 639 προειρημένοις.

381 662 496 730 Τῆς
531 659 642 729 γὰρ
685 660 746 712 ιν
791 659 1024 722 ἐκείνοις
1073 658 1306 730 θεωρίας
1351 659 1410 711 οὐ
1461 659 1583 712 λίαν
1635 656 1968 728 ἀπῴκισται,

383 752 618 822 ἀδελφὴν
647 751 706 808 δὲ
749 750 944 824 ὥσπερ
983 751 1078 806 καὶ
1131 751 1360 823 συμφυᾶ
1402 751 1502 821 τὴν
1549 750 1788 806 διάνοιαν
1835 747 1968 822 ἔχει.

383 843 552 897 Aule!
577 843 688 914 γὰρ
713 844 811 898 καὶ
833 842 972 898 αὐτὰ
999 843 1062 897 τὸ
1091 844 1412 914 μυστήριον,
1439 844 1535 897 καὶ
1561 847 1660 914 τῆς
1701 842 1974 896 Ἰουδαίων

385 934 720 1004 Συναγωγῆς
747 935 846 1006 τὴν
874 937 959 1004 ἐφ’
982 929 1064 998 οἷς
1101 936 1184 1000 είς
1210 935 1373 990 αὐτὸν
1408 934 1806 1008 πεπαρῴνηκεν
1850 935 1972 988 ἀτι-

390 1026 520 1096 μίας
551 1027 815 1097 εἰσφέρει.
845 1026 1157 1080 Διαλλάττει
1184 1027 1243 1080 δέ
1289 1043 1406 1091 πως
1431 1027 1576 1082 κατὰ
1607 1027 1774 1097 μέρος
1801 1025 1973 1098 βραχῦ

379 1118 498 1170 τῶν
524 1117 1014 1188 πλημμελημάτων
1041 1120 1071 1172 ὁ
1099 1118 1326 1190 τρόπος.
1376 1119 1705 1190 Ἑλεπροῦτο
1739 1117 1848 1190 μὶν
1864 1118 1975 1190 γὰρ

388 1208 450 1259 ἐν
477 1207 706 1272 ἐκείνοις
729 1209 764 1278 ἡ
792 1209 1092 1280 Συναγωγὴ
1115 1249 1129 1270 .
1159 1210 1256 1262 καὶ
1282 1209 1594 1280 ἀκάθαρτος
1620 1206 1688 1280 ἦν
1710 1251 1726 1273 ,
1761 1209 1976 1273 πολλοῖς

391 1297 488 1350 καὶ
503 1297 784 1368 διαφόροις
806 1298 1141 1369 πταίσμασιν
1161 1301 1362 1371 ἑαυτὴν
1387 1300 1852 1372 καταφθείρουσα.
1887 1301 1975 1355 Ἑν

385 1387 450 1442 δὲ
473 1387 706 1454 τούτοις.
743 1390 914 1461 μόνης
939 1391 1072 1461 ἡμῖν
1109 1393 1208 1460 τῆς
1239 1393 1323 1456 εἰς
1359 1392 1596 1464 Χριστὸν
1634 1392 1920 1464 παροινίας
1949 1395 1978 1446 ὁ

389 1478 550 1546 λόγος
583 1481 916 1535 ἀναπλάττει
949 1483 1019 1536 τὰ
1055 1483 1399 1553 ἐγκλήματα,
1441 1485 1536 1538 καὶ
1568 1483 1666 1554 τῆς
1701 1485 1802 1553 μὲν
1849 1478 1976 1538 Ἰουο

389 1570 558 1624 δαίων
583 1570 898 1636 ἀλαζονείας
927 1572 1218 1644 διαγράφει
1242 1575 1302 1627 τὸ
1329 1573 1578 1644 φύσημα,
1603 1575 1976 1628 καταδεικνύει

2071 477 2237 532 etiam
2268 476 2384 532 hicc
2421 483 2548 530 sunt
2580 474 2646 528 iis
2674 488 2795 543 qua:
2821 472 2934 543 jam
2961 465 3127 540 379
3149 467 3414 524 diximus.
3460 470 3651 540 Neque

2071 569 2224 622 enim
2279 567 2586 622 abhorrent
2639 565 2708 620 ab
2768 564 2990 618 illorum
3042 561 3510 628 consideratione,
3557 563 3650 618 sed

2073 657 2439 728 propinquam
2493 671 2556 712 ac
2613 653 2848 710 vicinam
2915 652 2999 708 eis
3054 641 3262 706 habent
3298 651 3652 707 sententiam.

2075 750 2360 821 Siquidem
2389 759 2446 804 et
2481 749 2596 806 haec
2648 745 2898 818 pandunt
2938 745 3263 815 mysterium
3323 738 3553 809 Christi,
3601 753 3656 798 et

2075 841 2434 914 ignominiam
2495 855 2712 905 eorum,
2767 837 2972 909 quibus
3007 835 3287 907 Synagoga
3335 834 3655 891 Judaeornm

2075 935 2131 989 in
2160 935 2338 1005 ipsum
2367 932 2703 990 debacchata
2736 939 2844 996 cst,
2865 927 2936 984 ob
2963 928 3155 984 oculos
3188 935 3418 998 ponunt.
3460 926 3656 982 .‘dodus

2075 1038 2258 1084 autem
2281 1035 2631 1097 peccatorum
2659 1039 2852 1096 parum
2888 1019 3183 1076 admodum
3207 1017 3654 1089 discrepat.Nam

2076 1122 2133 1176 in
2149 1122 2260 1182 illis
2276 1119 2498 1190 quidem
2517 1120 2800 1191 Synagoga
2817 1114 3102 1172 laborabat
3119 1115 3293 1184 lepra,
3306 1110 3656 1170 etimmunda

2075 1223 2216 1279 erat,
2261 1214 2448 1270 multis
2479 1228 2546 1268 ac
2582 1211 2751 1269 variis
2789 1208 3076 1267 erroribus
3123 1209 3357 1278 seipsam
3399 1222 3656 1264 corrum-

2077 1323 2232 1378 pcns.
2257 1307 2318 1362 ιιι
2347 1306 2436 1362 his
2481 1322 2616 1360 vero
2647 1321 2831 1362 sermo
2858 1313 3048 1360 noster
3079 1301 3253 1356 solius
3279 1301 3334 1355 in
3371 1301 3658 1356 Christum

2077 1399 2528 1456 debacchationis
2565 1399 2799 1454 crimina
2828 1395 3117 1460 describit,
3167 1395 3411 1464 itemque
3468 1403 3655 1450 tumo-

2079 1505 2194 1544 rem
2225 1489 2834 1559 superbiazludzeorum
2858 1486 3129 1558 depingit,
3181 1493 3238 1540 et
3282 1499 3313 1540 e
3370 1484 3655 1540 contrario

2077 1577 2559 1634 mansuetudinem
2588 1577 2833 1632 ostendit
2879 1578 3022 1647 ejus,
3063 1574 3158 1646 qui
3209 1571 3377 1626 dicit:
3416 1569 3656 1624 «Discite

389 1662 448 1715 δὲ
477 1663 578 1731 τὴν
611 1665 892 1734 πραότητα
915 1664 1017 1718 τοῦ
1049 1665 1328 1734 λέγοντος·
1383 1687 1401 1718 ι
1449 1665 1664 1720 Μάθετε
1701 1669 1794 1721 ἀπ’
1840 1665 1975 1736 ἐμοῦ

2081 1687 2110 1725 a
2160 1685 2243 1725 me
2265 1670 2394 1739 quia
2423 1669 2574 1725 mitis
2598 1685 2719 1724 sum
2746 1678 2803 1725 et
2853 1669 3079 1726 humilis
3101 1665 3271 1724 corde
3297 1664 3364 1716 “‘.
3397 1682 3414 1713 ι
3454 1660 3658 1716 Αᾱιιαιυ

389 1757 474 1809 δτι
705 1757 822 1826 sint
855 1757 947 1810 καὶ
984 1733 1241 1821 ταπεινὸς
1277 1761 1342 1830 τῇ
1393 1758 1612 1831 καρδίᾳ.
1669 1779 1688 1810 ι
1739 1733 1885 1828 Πρὸς
1920 1757 1976 1812 δὲ

2081 1763 2200 1833 ejus
2221 1733 2387 1817 etiam
2411 1761 2505 1831 qui
2534 1763 2682 1833 justo
2711 1763 2924 1832 judicat
2971 1761 3366 1833 benignitatem
3413 1771 3658 1812 comme-

391 1847 604 1912 τούτοις
635 1848 716 1902 ἔτι
741 1849 836 1903 καὶ
859 1850 958 1920 τὴν
979 1849 1074 1903 τοῦ
1105 1849 1172 1903 τὰ
1204 1849 1396 1905 δίκαια
1421 1850 1699 1922 κρίνοντος
1732 1850 1981 1922 εἰσκομί-

391 1938 480 2004 ζει
507 1939 926 2012 φιλανθρωπίαν
954 1943 1032 2012 μὴ
1061 1941 1224 2012 μέχρι
1253 1942 1476 2006 navi-5;.
1509 1943 1647 2013 μηδὲ
1674 1942 1981 2014 ἀπέραντόν

389 2039 515 2082 τινα
545 2028 645 2100 τὴν
679 2029 848 2100 ὀργήν
875 2033 988 2092 τοῖς
1021 2028 1433 2100 πλημμελοῦσιν
1461 2029 1760 2098 ἐπάγοντος
1785 2048 1798 2060 ο
1845 2029 1982 2082 ἀλλὰ

391 2121 717 2193 μοττοῦντος
741 2123 878 2192 μετὰ
898 2123 957 2178 τὸ
980 2123 1199 2194 πλῆξαι,
1225 2122 1491 2189 σώζοντός
1513 2141 1574 2177 τε
1602 2123 1697 2178 καὶ
1727 2122 1978 2192 ὑγιάζον-

390 2229 505 2276 τος.
539 2214 630 2277 Ὠς
664 2215 764 2284 μὲν
788 2209 881 2269 οὖν
908 2217 966 2270 ἐν
1008 2213 1291 2286 κεφαλαίῳ
1315 2216 1374 2268 ὲν
1407 2213 1610 2284 ὀλίγοις
1641 2215 1815 2268 εἰπεῖν
1843 2213 1982 2280 ὅλως

391 2305 456 2358 ιν
499 2301 714 2367 τούτοις
753 2307 784 2358 ό
827 2303 936 2358 τῶν
981 2304 1357 2377 προκειμένων
1401 2305 1714 2360 διανένευκε
1755 2307 1980 2370 σκοπός.

389 2395 752 2460 Διαλαὸόντες
791 2395 858 2468 δὴ
892 2396 996 2450 ἀνὰ
1040 2397 1206 2468 μέρος
1243 2396 1353 2450 τῶν
1383 2399 1690 2469 εἰρημένων
1726 2397 1978 2462 ἕκαστον,

392 2488 488 2542 τιν
521 2489 579 2541 ἐν
615 2489 798 2552 αὐτοῖς
840 2488 1172 2543 λανθάνοντα
1209 2489 1589 2558 διαπτύξιυμεν
1629 2489 1784 2553 νοῦν,
1810 2489 1980 2562 θύραν

391 2577 473 2650 τῷ
501 2578 652 2650 λόγῳ
672 2579 1069 2648 διανοιγνιξντος
1103 2579 1238 2636 Θεοῦ
1277 2580 1370 2634 τοῦ
1398 2580 1650 2649 λέγοντος
1683 2583 1795 2644 τοῖς
1822 2581 1976 2634 ἑλπί-

392 2669 580 2735 ξουσιν
619 2671 714 2724 ἐπὶ
757 2671 948 2726 αὐτόν’
994 2689 1013 2722 ι
1055 2670 1158 2726 Καὶ
1201 2670 1360 2726 δώσω
1394 2688 1477 2725 σοι
1507 2672 1814 2742 θησαυροὺς
1857 2689 1979 2726 σκο-

392 2761 632 2826 τεινοὺς,
651 2762 1026 2834 ἀποκρύφους.
1065 2763 1331 2835 ἀοράτως
1368 2763 1566 2830 ἀνοίξω
1606 2779 1712 2818 σοι.
1744 2781 1763 2816 ι

465 2850 534 2920 β.
555 2852 931 2924 Κατειρήκασι
956 2852 1135 2907 τοίνυν
1155 2851 1255 2906 τοῦ
1276 2853 1554 2923 πανσόφου
1578 2853 1823 2918 Μωσέως
1856 2854 1982 2907 Ἀα-

389 2940 509 3014 ρών
537 2959 596 2996 τε
630 2943 722 2996 καὶ
748 2941 984 3014 Μαριὰμ
1022 2943 1211 2998 ἕνεκεν
1243 2943 1344 3014 τῆς
1373 2943 1632 3014 γυναικὸς
1669 2943 1766 3014 τῆς
1797 2943 1980 2998 Αἰθιο-

2080 1863 2278 1920 morat,
2309 1857 2519 1925 quique
2543 1871 2654 1910 non
2679 1855 2735 1912 in
2762 1864 3098 1927 perpetuum
3120 1869 3302 1924 neque
3330 1849 3544 1906 inﬁnita
3577 1848 3658 1902 ira

2082 1947 2140 2002 in
2163 1954 2486 2017 peceatores
2523 1947 2734 2013 saeviat,
2779 1947 2878 2003 sed
2929 1947 3025 2018 qui
3051 1947 3126 2002 ita
3160 1945 3414 2002 vulnerat
3451 1949 3512 1996 ut
3539 1947 3657 2011 post

2081 2039 2540 2108 plagamrnrsnm
2558 2045 2715 2093 sanet
2747 2038 3070 2108 salvumque
3098 2035 3279 2092 faciat.
3302 2035 3476 2089 Totus
3493 2031 3660 2103 igitur

2079 2143 2422 2199 eorum-qua:
2446 2127 2538 2184 hic
2575 2129 2858 2199 proposita
2893 2137 3024 2184 sunt
3047 2144 3247 2198 scopus
3269 2127 3324 2182 in
3363 2125 3516 2180 hisce
3540 2137 3661 2194 qua?

2079 2219 2398 2275 summatim
2425 2227 2482 2275 ct
2518 2220 2714 2290 paucis
2765 2219 2904 2286 dixi,
2948 2229 3223 2276 versatur.
3278 2219 3438 2274 Nunc
3477 2212 3667 2272 autem'

2079 2311 2447 2382 particulatim
2469 2311 2684 2382 singula
2729 2327 2922 2366 eorum
2958 2328 3079 2382 quzc
3127 2311 3274 2366 dicta
3311 2317 3442 2366 sunt
3471 2323 3662 2378 prosc-

2079 2414 2336 2476 quentcs,
2391 2421 2612 2460 sensum
2637 2405 2730 2476 qui
2781 2405 2834 2459 in
2885 2406 2967 2460 eis
3008 2405 3162 2469 latet,
3213 2415 3511 2466 cruemus,
3553 2399 3663 2453 Deo

2076 2497 2280 2554 ostium
2303 2497 2544 2552 sermoni
2569 2505 2759 2552 nostro
2774 2496 3077 2568 aperiente,
3097 2496 3192 2565 qui
3214 2503 3269 2550 et
3284 2493 3420 2549 dicit
3435 2506 3662 2562 speran-

2081 2587 2232 2644 tibus
2257 2588 2314 2642 in
2339 2603 2424 2643 se:
2451 2607 2468 2640 ι
2493 2588 2561 2642 Ει
2578 2586 2722 2643 dabo
2745 2587 2844 2642 tibi
2879 2587 3169 2642 thesauros
3203 2581 3582 2655 absconditos,
3609 2587 3662 2635 et

2081 2679 2328 2736 tenebris
2352 2679 2581 2736 obrutos
2603 2687 2769 2750 atque
2793 2677 3099 2734 invisibiles
3137 2674 3380 2746 aperiam
3413 2673 3514 2729 tibi
3541 2673 3608 2726 “.
3642 2691 3659 2723 ι

2150 2862 2205 2917 2.
2237 2862 2704 2918 Contradixcrunt
2729 2862 2911 2931 itaque
2941 2860 3122 2916 Aaron
3150 2868 3207 2914 et
3228 2858 3400 2914 Maria
3428 2855 3664 2927 sapienti

2081 2954 2215 3012 Mosi
2252 2963 2476 3026 propter
2507 2953 2897 3024 AithiOpissam
2929 2968 3092 3022 quam
3129 2951 3384 3018 duxerat,
3415 2956 3472 3004 et
3509 2949 3664 3024 dixe-

392 3034 598 3104 στίσσης
645 3035 712 3105 ἢν
756 3035 938 3100 ἐλαὸε,
989 3036 1085 3090 καὶ
1131 3032 1328 3091 εἶπαν·
1395 3055 1412 3087 ι
1473 3035 1564 3106 Μὴ
1606 3036 1780 3108 Μωσῇ
1831 3037 1979 3108 μόνῳ

2084 3055 2215 3100 runt
2248 3063 2260 3098 :
2297 3064 2316 3096 ι
2348 3044 2488 3099 Num
2537 3043 2670 3098 Mosi
2717 3043 2816 3097 soli
2860 3043 3077 3097 loeutus
3107 3049 3192 3095 est
3223 3041 3399 3095 Deus?
3431 3040 3513 3093 An
3557 3053 3665 3092 non

386 3127 628 3200 δλὰλησι
677 3126 917 3199 Κύριος
965 3129 1100 3200 Οὐχὶ
1143 3130 1236 3183 καὶ
1281 3130 1418 3200 ἡμῖν
1473 3128 1742 3200 ὲλάλησες
1796 3149 1815 3181 ι
1873 3132 1980 3184 Δύο

391 3218 570 3274 ταῦτα
601 3219 702 3289 τῆς
740 3221 880 3274 κατὰ
920 3220 1164 3284 Μωσέως
1212 3221 1481 3293 φλυαρίας
1513 3219 1582 3276 τὰ
1623 3221 1980 3293 ἐγκλήματα,

393 3310 615 3382 πρῶτον
655 3310 777 3382 μὲν,
805 3313 894 3366 δτι
942 3315 1200 3382 γυναῖκα,
1250 3313 1419 3383 φημὶ,
1468 3313 1572 3382 τὴν
1625 3312 1980 3368 mammam

392 3399 588 3454 0465'
620 3401 754 3470 πρὸς
781 3403 839 3456 δὲ
865 3401 1024 3456 τοῦτο
1044 3403 1316 3474 δεύτερον,
1352 3402 1415 3466 rp
1452 3403 1647 3455 εἰπεῖν’
1684 3403 1776 3475 Μὴ
1807 3405 1980 3476 Μωσῇ

393 3491 548 3562 μόνῳ
572 3491 803 3563 ἑλάλησε
830 3493 1056 3564 Κύριος,
1089 3493 1210 3563 οὐχὶ
1239 3493 1333 3545 καὶ
1363 3494 1496 3564 ἡμῖν
1529 3493 1794 3566 ἐλάλησεν
1819 3513 1836 3561 ;
1891 3497 1980 3551 Ἐν

343 3665 347 3670 1
391 3583 500 3655 μιν
538 3585 655 3656 γὰρ
687 3585 766 3655 τῷ
800 3585 1000 3656 πρώτῳ
1045 3585 1392 3657 παρανομίας
1438 3585 1700 3657 ὑπομένει
1735 3589 1976 3660 γραφήν·

390 3677 455 3728 ιν
484 3677 543 3730 δὲ
573 3675 651 3747 τῷ
686 3676 952 3748 δευτέρῳ,
985 3679 1048 3732 τὸ
1078 3678 1154 3748 μὴ
1180 3680 1240 3731 ὲν
1280 3675 1536 3748 μεγάλοις
1573 3680 1780 3752 σφόδρα
1811 3681 1976 3734 τεθεί·

393 3767 522 3822 σθαι
551 3769 791 3837 λέγεται,
820 3771 957 3841 μήτε
984 3771 1087 3842 μὴν
1109 3769 1386 3841 ἐξαίρετόν
1416 3785 1536 3823 τινα
1567 3771 1720 3843 παρὰ
1743 3774 1869 3836 τοὺς
1889 3772 1982 3828 ἄλ·

391 3859 524 3922 λους
537 3859 845 3931 ’ἐσχηκέναι
873 3861 974 3930 τὴν
1005 3861 1168 3932 χάριν
1187 3903 1202 3926 ,
1239 3862 1293 3916 εἴ
1315 3880 1379 3932 γε
1420 3864 1515 3916 καὶ
1548 3862 1757 3935 ἑτέροις
1791 3866 1984 3932 ὁρᾶται

390 3951 639 4022 λαλήσας
675 3951 829 4016 Θεός.
880 3953 1145 4024 Ἑροῦμεν
1178 3953 1236 4008 δὲ
1282 3956 1424 4010 κατὰ
1453 3954 1606 4020 τάξιν
1626 3997 1641 4018 ,
1673 3954 1754 4023 τῷ
1782 3955 1984 4026 πρώτῳ

391 4043 818 4114 κατηγορήματι
845 4043 938 4096 τὸν
973 4043 1188 4116 πρῶτον
1220 4044 1584 4114 ἀπονέμοντες
1613 4044 1772 4114 λόγον
1795 4060 1807 4074 ·
1840 4045 1984 4099 οὓτω

391 4151 457 4190 τε
496 4134 663 4188 πάλιν
696 4135 945 4217 ἐντεῦθεν
983 4135 1053 4190 τὰ
1093 4138 1158 4191 ὲκ
1196 4136 1304 4190 τῶν
1346 4139 1537 4192 τύπων
1561 4139 1644 4202 είς
1673 4136 1837 4192 αὑτὸν
1879 4138 1984 4208 ἤδη

391 4226 828 4299 μεταληψόμεθα
877 4228 971 4281 τὸν
1027 4227 1285 4299 Χριστόν.
1347 4228 1588 4284 Γυναῖκα
1650 4228 1751 4299 μὲν
1801 4227 1982 4281 τοίνυν

392 4321 638 4392 ἠγάγετο
657 4321 755 4374 καὶΙ
789 4320 957 4374 πάλαι
989 4321 1220 4392 Μωσῆς,
1253 4322 1349 4375 καὶ
1377 4320 1624 4376 σύνοικον
1643 4319 1742 4391 τὴν
1773 4319 1984 4374 Μαδιαο

2079 3147 2138 3194 et
2172 3137 2334 3192 nobis
2363 3137 2582 3192 locutus
2611 3144 2696 3192 est
2723 3136 2802 3190 ’7?
2845 3157 2862 3187 ι
2910 3135 3136 3190 Duobus
3169 3133 3319 3188 hisce
3350 3131 3668 3186 nominibus

2078 3229 2265 3284 Mosen
2296 3227 2550 3283 incusant
2575 3245 2587 3280 :
2616 3225 2854 3297 primum
2871 3265 2890 3292 ,
2915 3225 3060 3296 quod
3081 3225 3470 3295 {Ethiopissam
3494 3223 3668 3280 duxe-

2080 3328 2168 3375 rat
2202 3317 2404 3374 deinde
2451 3318 2598 3387 quod
2643 3317 2695 3372 ei
2738 3315 3003 3372 Dominus
3047 3315 3147 3370 soli
3191 3315 3410 3370 locutus
3468 3311 3666 3366 fuerat.

2081 3410 2142 3465 ιιι
2191 3411 2369 3481 primo
2409 3416 2670 3465 accusant
2715 3391 2856 3464 cum.
2886 3405 3354 3478 praevaricationis
3397 3401 3563 3474 legis;
3612 3400 3668 3455 in

2082 3503 2350 3569 secundo,
2377 3501 2526 3573 quod
2557 3516 2668 3557 non
2700 3499 2997 3555 admodum
3035 3497 3415 3569 magnificatus
3444 3495 3538 3559 sit,
3572 3509 3669 3548 ne-

2083 3613 2192 3668 que
2222 3606 2422 3668 praeter
2459 3603 2688 3651 ceteros
2719 3593 3050 3666 singularem
3079 3590 3356 3664 acceperit
3388 3587 3620 3666 gratiam
3655 3604 3666 3638 :

2085 3691 2358 3762 siquidem
2385 3691 2532 3746 Deus
2556 3687 2710 3744 visus
2737 3694 2821 3743 est
2849 3693 2906 3740 et
2932 3685 3058 3739 aliis
3087 3682 3260 3752 loqui.
3286 3675 3541 3736 Diceinus
3569 3694 3669 3733 au-

2086 3793 2196 3840 tem
2244 3783 2315 3840 de
2367 3783 2456 3838 his
2493 3781 2712 3845 ordine,
2743 3786 2800 3834 et
2840 3777 3082 3847 primum
3125 3771 3308 3829 locum
3361 3772 3672 3826 tribuemus

2086 3875 2277 3944 prima:
2319 3871 2688 3936 accusationi;
2717 3869 2907 3936 sicque
2948 3869 3145 3920 iterum
3187 3880 3251 3919 ea
3285 3879 3407 3932 qua:
3435 3861 3491 3915 in
3529 3861 3670 3930 typis

2072 3966 2215 4016 'sunt
2264 3961 2322 4015 in
2375 3960 2552 4029 ipsum
2593 3955 2994 4012 transferemus
3020 3949 3320 4008 Christum.
3361 3949 3526 4004 Duxit
3564 3947 3670 4003 ita-

2085 4067 2194 4119 que
2220 4049 2396 4104 Moses
2429 4043 2608 4117 primo
2642 4060 2891 4110 uxorem,
2922 4052 2980 4098 et
3013 4043 3300 4115 conjugem
3339 4041 3445 4097 sibi
3491 4039 3668 4096 socia-

2085 4144 2166 4198 vit
2212 4140 2658 4203 Madianitidem,
2708 4136 2897 4203 ﬁliam,
2931 4137 3175 4208 inquam.
3210 4133 3435 4201 Jethro;
3481 4143 3670 4205 postea

2086 4251 2242 4300 vero,
2277 4249 2386 4289 non
2425 4248 2594 4304 parvo
2620 4239 2864 4301 tempore
2911 4229 3222 4299 interjecto,
3263 4228 3422 4282 duxit
3454 4226 3669 4282 Aithio-

2087 4327 2292 4399 pissam
2329 4333 2386 4380 et
2418 4323 2780 4394 alienigenam
2813 4337 2878 4376 ac
2919 4321 3152 4392 nigram.
3188 4321 3353 4390 Atqui
3391 4319 3670 4390 legislator

395 4413 562 4466 νίτιδι
603 4413 920 4484 ἐποιήσατο,
937 4413 1036 4485 τὴν
1076 4414 1246 4486 Ἰοθὺρ
1279 4414 1556 4484 θυγατέρα
1579 4414 1758 4486 φημίο
1789 4414 1979 4486 χρόνον

2087 4427 2279 4490 aperte
2321 4423 2571 4471 vetuerat
2618 4429 2684 4470 ne
2733 4413 2898 4484 380
2927 4411 3054 4482 quis
3086 4428 3150 4464 ex
3186 4411 3453 4482 sanguine
3501 4409 3668 4464 Israel

393 4503 455 4558 δὲ
482 4503 966 4576 παριππεύσαντος
986 4505 1048 4559 οὐ
1072 4505 1272 4577 μικροῦ
1293 4505 1391 4578 τὴν
1414 4507 1768 4561 Δίθιόπισσαν
1792 4507 1986 4571 ἐπεγά-

398 4611 519 4664 μει,
546 4595 642 4648 καὶ
681 4594 944 4667 ἀλλογενῆ
971 4597 1067 4651 καὶ
1095 4596 1372 4668 μέλαιναν.
1409 4599 1601 4652 Καίτοι
1638 4597 1732 4652 τοῦ
1765 4599 1983 4668 νομοθὲο

393 4701 494 4740 του
524 4687 713 4756 σαφῶς
737 4688 1163 4757 διαγγέλλοντος,
1188 4690 1264 4761 μὴ
1283 4691 1480 4762 χρῆναι
1500 4694 1612 4754 τοῖς
1637 4692 1985 4760 ἀλλογενέσιν

393 4776 537 4842 ὅλως
578 4779 908 4848 ἐπιμίσγεσο
952 4798 970 4833 ι
1009 4783 1132 4845 τοὺς
1166 4781 1316 4846 υἱοὺς
1381 4780 1610 4852 Ἰσραήλ.
1646 4781 1832 4846 Οὕτως
1874 4781 1984 4854 γὰρ

408 4869 742 4939 γέγραπται·
802 4889 820 4922 ι
857 4871 970 4941 Τὴν
998 4871 1273 4946 θυγατέρα
1309 4891 1403 4928 σου
1443 4875 1505 4928 οὐ
1539 4873 1731 4938 δώσεις
1764 4874 1844 4946 τῷ
1883 4874 1986 4946 υίῷ

413 4959 591 5026 ὠτοῦ,
615 4962 715 5015 καὶ
729 4962 828 5033 τὴν
851 4961 1124 5036 θυγατέρα
1145 4964 1312 5019 αὐτοῦ
1335 4965 1397 5020 οὐ
1419 4964 1566 5037 λήψῃ
1588 4963 1667 5036 τῷ
1690 4964 1789 5036 υίῷ
1811 4983 1926 5020 σου.
1959 4984 1978 5018 ι

414 5053 540 5105 ἰίπὶ
569 5053 783 5117 τούτοις
809 5054 884 5117 ὠς
915 5057 1259 5128 παρανομίας
1289 5058 1318 5110 ὁ
1359 5056 1536 5128 μέγας
1570 5058 1814 5130 κρίνεται
1855 5062 1983 5114 Μω-

407 5151 524 5214 ιῆς,
551 5146 657 5200 ὑπό
678 5163 738 5199 τε
767 5146 860 5200 τοῦ
896 5145 1107 5219 Ἀαρὼν
1131 5149 1226 5202 καὶ
1249 5150 1349 5218 τῆς
1372 5150 1629 5220 Μαριὰμ,
1650 5152 1711 5206 οὒ
1738 5152 1986 5224 νενοηκό-

402 5255 530 5303 των,
559 5239 701 5293 κατὰ
728 5239 790 5293 τὸ
821 5240 990 5304 εἰκὸς,
1027 5242 1120 5295 καὶ
1147 5241 1214 5296 δι’
1242 5243 1407 5298 αὑτοῦ
1447 5243 1608 5299 πάλιν
1639 5244 1716 5308 ὡς
1744 5247 1801 5298 ὲν
1831 5246 1986 5316 τύπῳ

395 5331 462 5384 τὸ
489 5330 670 5396 καλῶς
699 5334 1056 5402 οίκονομηθὲν
1093 5336 1420 5406 μυστήριον,
1447 5337 1588 5409 ὅπερ
1623 5335 1722 5407 ήδη
1755 5336 1986 5406 φανερὸν

397 5421 478 5485 ὡς
519 5422 600 5476 ἔνι
627 5425 1074 5496 καταστήσομεν,
1101 5423 1200 5496 τὴν
1227 5424 1322 5478 τοῦ
1357 5428 1682 5498 πράγματος
1710 5425 1872 5495 φύσιν
1906 5427 1984 5489 είς

397 5513 567 5570 αὐτὸν
597 5511 657 5570 εὖ
689 5515 836 5588 μάλα
866 5516 1362 5582 κατασκευάζοντες
1403 5517 1494 5572 τὸν
1531 5519 1782 5588 Χριστὸν,
1813 5510 1857 5586 ᾧ
1893 5517 1986 5571 καὶ

475 5693 699 5750 "Num.
726 5710 818 5754 xu.
851 5695 999 5752 1-15.
1079 5697 1124 5729 ³⁸
1149 5697 1337 5752 Matth.
1372 5714 1444 5754 ιι.
1475 5699 1564 5754 29.

1644 5699 1686 5729 "
1717 5699 1820 5756 ιω.
1863 5716 1984 5762 va.
2019 5701 2052 5758 ’ὅ

2085 4527 2211 4566 cum
2257 4506 2581 4578 alienigenis
2610 4503 3082 4561 commisceretur.
3118 4501 3197 4556 Ita
3223 4501 3370 4557 enim
3405 4499 3670 4570 scriptum

2083 4612 2170 4662 est
2198 4621 2211 4656 :
2243 4621 2261 4653 ι
2295 4600 2482 4655 Filiam
2517 4605 2666 4652 tuam
2696 4611 2807 4652 non
2836 4595 2996 4650 dabis
3031 4595 3143 4650 ﬁlio
3176 4594 3343 4657 illius,
3374 4607 3476 4646 nec
3505 4590 3672 4647 tiliam

2083 4697 2208 4766 ejus
2239 4691 2480 4763 accipies
2525 4689 2636 4744 lilio
2685 4697 2778 4744 tuo
2824 4687 3144 4742 uxorem".
3179 4705 3198 4738 ι
3247 4687 3373 4742 Ideo
3412 4693 3672 4754 tanquam

2085 4783 2476 4856 praevaricator
2502 4777 2930 4850 legisjudicatus
2959 4787 3042 4834 est
3073 4779 3248 4833 Moses
3275 4776 3344 4832 ab
3375 4777 3592 4830 Aarone
3621 4783 3674 4826 et

2089 4877 2277 4943 Maria,
2319 4871 2720 4946 ignorantibus,
2759 4881 2819 4927 ut
2863 4871 3164 4928 verisimile
3211 4877 3316 4935 est,
3351 4865 3674 4940 mysterium

2087 4985 2187 5041 per
2231 4969 2410 5038 ipsum
2462 4965 2620 5035 quasi
2673 4964 2728 5018 in
2781 4972 2910 5036 typo
2956 4963 3186 5034 pulchre
3233 4959 3621 5016 adumbratam
3660 4972 3676 5010 :

2089 5059 2236 5130 quod
2266 5058 2512 5130 quidem,
2541 5057 2724 5128 quoad
2761 5058 2882 5128 ejus
2913 5055 3027 5110 ﬁeri
3057 5053 3281 5124 poterit,
3317 5053 3671 5124 perspicuum

2089 5153 2162 5208 ob
2193 5152 2384 5208 oculos
2420 5167 2712 5222 ponemus,
2763 5149 2841 5204 rei
2890 5140 3152 5203 nimirum
3199 5145 3372 5218 ipsius
3417 5152 3670 5200 naturam

2091 5244 2320 5316 pulchre
2369 5243 2439 5298 ad
2494 5243 2670 5312 ipsum
2723 5239 3072 5295 traducentes
3116 5237 3432 5303 Christum,
3479 5237 3569 5293 cui
3617 5245 3676 5292 et

2091 5350 2238 5391 nunc
2265 5333 2428 5389 Mosis
2457 5333 2766 5388 tribuemus
2794 5345 3108 5402 personam.
3138 5330 3272 5386 Nam
3300 5329 3556 5385 Christus
3589 5337 3676 5384 est

2091 5425 2367 5496 legislator
2410 5434 2468 5480 et
2511 5423 2782 5479 mediator
2820 5423 2918 5478 Dei
2969 5431 3135 5493 atque
3177 5421 3486 5488 hominum,
3531 5421 3675 5476 sicut

2091 5516 2204 5572 fere
2238 5523 2293 5570 et
2315 5514 2425 5570 ille.
2460 5513 2741 5584 Siquidem
2767 5513 2933 5570 etiam
2959 5513 3051 5568 hic
3075 5513 3234 5568 nobis
3259 5513 3412 5568 illum
3443 5511 3674 5586 insigni-

2154 5703 2194 5734 ³⁷
2234 5701 2396 5760 Num.
2437 5718 2530 5771 xu,
2560 5701 2614 5756 ‘3.
2693 5700 2736 5733 ³⁸
2759 5702 2918 5758 Deut.
2951 5702 3139 5778 “1,3;
3173 5701 3344 5758 Exod.
3375 5719 3556 5764 xxxiv.
3590 5703 3673 5761 ιο.
