4052 6196
355 315 464 374 δυ]

1370 314 1893 374 GLAPHYRORUM
1932 314 2001 372 IN
2041 312 2373 371 NUMEROS
2402 312 2629 369 LIBER.

3515 308 3623 369 598

349 435 583 505 λέγομεν
608 433 690 488 δτι
711 433 1060 506 Σαμαρείτης
1085 428 1137 511 εί
1157 434 1246 502 σὺ,
1276 436 1373 490 καὶ
1392 409 1882 511 δαιμόνιον·εχεις;
1914 455 1932 489 ι

2050 437 2290 495 οιοιιίυω
2319 436 2468 510 quod
2503 448 2589 495 est
2639 439 2693 493 in
2721 436 2925 495 Graecis
2958 454 2973 491 ι
3002 434 3322 490 idololatras
3342 434 3490 488 enim
3515 434 3625 487 δαι-

297 498 320 552 Ἲ
348 498 523 597 Elui;
546 524 659 597 γάρ
681 498 816 596 φασι
842 498 912 583 τά
930 498 1314 600 Σαμαρειτῶ,
1338 530 1388 583 εί
1418 498 1502 601 μη
1516 498 1771 602 φιλέλλην
1794 498 1940 601 ἦσθα

2050 498 2355 603 μονιῶνταξ
2378 540 2603 602 propter
2631 529 2936 596 diabolum,
2970 528 3067 600 qui
3108 527 3258 597 ipsos
3291 526 3623 596 exagitabat,

350 617 444 673 καὶ
487 616 877 690 φιλαλλογενὴς
901 657 917 685 ,
950 619 1051 674 οὐκ
1093 620 1161 683 ἂν
1192 621 1331 686 ὅλως
1376 622 1679 695 ἀνεμίχθης
1724 626 1840 688 τοῖς
1881 623 1941 692 ἐξ

351 708 544 766 ἐθνῶν.
590 710 703 765 Καὶ
734 712 786 766 εί
820 712 897 785 μὴ
943 713 1004 768 τὺ
1039 715 1098 769 ἐν
1130 714 1357 787 Ἕλλησι
1387 714 1665 787 δαιμόνιον
1695 715 1941 788 ὑπῆρχεν

351 804 406 856 ἐν
423 801 527 856 σοί·
550 800 982 873 δαιμονῶντας
1000 805 1111 876 γὰρ
1129 806 1357 863 ἐκάλουν
1380 807 1507 872 τοὺς
1527 806 1939 876 είδωλολάτρας.

349 892 439 947 διὰ
467 892 560 948 τὸν
585 894 646 948 ἐν
665 894 848 960 αὐτοῖς
871 896 999 951 δντα
1018 895 1287 965 διάϐολον,
1318 899 1419 951 ούκ
1441 896 1507 952 ἂν
1532 899 1592 952 ἐν
1616 896 1695 969 τῷ
1728 896 1938 970 μηδενὶ.

352 986 539 1052 φασιν,
569 987 815 1058 ἐποιήσω
863 988 1005 1060 λόγῳ
1032 991 1142 1044 τῶν
1175 989 1417 1061 νομικῶν
1457 990 1810 1061 ἐνταλμάτων
1842 988 1940 1062 τὴν

354 1075 689 1146 παράϐασιν.
723 1077 835 1133 Καὶ
863 1079 945 1134 ότι
977 1079 1217 1151 μάλιστα
1266 1080 1553 1153 πλήρωσις
1589 1080 1789 1152 μᾶλλόν
1823 1082 1939 1135 ἐστι

354 1166 520 1236 νόμου
550 1166 621 1222 τὰ
645 1167 735 1224 διά
762 1169 1034 1240 Χριστοῦ.
1067 1170 1163 1227 καὶ
1206 1171 1268 1226 ού
1316 1171 1663 1244 παράϐασις,
1705 1170 1847 1227 κατά
1881 1171 1947 1226 τό

353 1258 647 1330 εἰρημένον
670 1260 801 1334 παρ’
845 1262 1032 1315 αὐτοῦ·
1085 1282 1103 1315 ι
1144 1263 1258 1318 Οὐκ
1294 1258 1459 1335 ἦλθον
1500 1263 1803 1319 καταλῦσαι
1849 1263 1941 1318 τὸν

355 1349 543 1421 νόμον,
588 1351 727 1408 ἀλλά
755 1352 1066 1426 πληρῶσαι.
1097 1373 1117 1407 ι
1152 1349 1261 1410 Ἦν
1295 1355 1403 1428 γὰρ
1431 1356 1596 1426 μόνου
1630 1354 1737 1411 τοῦτ
1761 1356 1942 1427 γράμ-

357 1456 529 1510 ματος
575 1444 891 1516 μετασκευὴ
938 1444 1075 1517 πρὸς
1101 1444 1385 1517 ἀλήθειαν.
1426 1447 1485 1501 Ὀ
1539 1447 1640 1517 μὲν
1692 1441 1786 1501 οῦν
1843 1447 1943 1517 τῆς

352 1531 445 1585 ἐπὶ
476 1534 542 1604 τῇ
575 1532 805 1607 μελαίνῃ
842 1537 1180 1608 κατηγορίας
1216 1536 1419 1609 τρόπος
1461 1537 1521 1591 ἐν
1562 1535 1806 1601 τούτοις,
1845 1537 1940 1591 καὶ

353 1623 387 1692 ἡ
418 1623 517 1693 τῆς
545 1625 606 1677 ἐν
637 1624 860 1697 Χριστῷ
889 1626 1220 1699 δυστροπίας
1252 1626 1437 1696 εἰκὼν,
1466 1627 1542 1693 ὠς
1574 1629 1632 1682 ἐν
1659 1631 1770 1693 τοῖς
1797 1628 1939 1684 κατά

322 1718 559 1801 μωσὲα
586 1719 962 1792 ληφθήσεται,
1007 1723 1108 1796 τὴν
1152 1723 1210 1777 δὲ
1249 1722 1425 1794 τούτῳ
1460 1724 1554 1778 καὶ
1593 1724 1811 1792 γείτονα
1840 1723 1936 1777 καὶ

2041 622 2332 688 vocabant,
2373 637 2486 678 non
2522 621 2747 693 quidem
2780 628 2934 677 certe
2971 616 3454 689 ita’vilipenderes
3480 616 3623 689 lega-

2039 715 2177 771 lium
2207 724 2609 786 praceptorum
2641 713 3159 786 transgressionem.
3202 709 3525 780 Quanquam
3564 725 3627 764 ea

2042 822 2164 877 quae
2207 821 2308 876 per
2345 806 2525 877 ipsum
2573 812 2726 876 gesta
2775 812 2924 870 sunt,
2967 802 3158 859 verius
3205 800 3455 870 impletio
3495 801 3632 871 legis

2041 899 2173 965 sint,
2207 914 2373 970 quam
2431 899 2817 970 transgressio,
2857 898 3012 970 juxta
3069 895 3206 951 illud
3254 893 3402 965 quod
3450 893 3520 949 ab
3565 892 3650 970 eo;

2040 989 2249 1046 dictum
2277 998 2363 1047 est
2388 1008 2401 1044 :
2442 989 2590 1044 «Non
2612 988 2741 1044 veni
2764 989 2979 1044 solvere
2998 988 3199 1058 legem,
3229 985 3325 1041 sed
3350 993 3412 1039 ut
3432 984 3627 1055 imple-

2043 1098 2163 1138 rem
2186 1083 2283 1136 ⁸⁸.»
2311 1082 2599 1138 Eratenim
2627 1082 2800 1150 ipsius
2813 1079 3234 1146 aetio,litteram
3247 1077 3416 1132 solam
3442 1075 3510 1131 ad
3540 1089 3617 1129 ve-

2044 1174 2263 1229 ritatem
2282 1173 2590 1230 traducere.
2620 1174 2680 1227 ln
2709 1172 2797 1227 his
2817 1171 3041 1242 quidem
3072 1167 3443 1225 accusationis
3458 1168 3627 1238 nigra:

2044 1265 2310 1333 versutia,
2337 1274 2395 1321 et
2421 1265 2526 1320 hoc
2550 1264 2604 1319 in
2626 1262 2907 1320 Christum
2933 1260 3293 1333 malignitatis
3317 1258 3623 1331 specimen,

2043 1366 2105 1412 ut
2145 1356 2315 1412 babes
2345 1355 2489 1426 apud
2543 1355 2768 1411 Mosem.
2824 1354 2931 1410 Sed
2983 1355 3095 1425 jam
3143 1360 3436 1424 cognatum
3500 1352 3630 1409 huic

2043 1458 2208 1520 atque
2240 1447 2400 1504 amne
2430 1447 2743 1503 convicium
2775 1446 3137 1510 adducemus,
3169 1461 3363 1501 eorum
3404 1461 3527 1516 qua:
3551 1445 3635 1500 di-

2042 1550 2265 1606 cantur,
2298 1541 2629 1597 sententiam
2661 1539 2830 1595 veluti
2869 1555 2937 1594 ex
2971 1547 3101 1609 typo
3132 1553 3353 1593 rursum
3383 1537 3451 1592 ad
3485 1537 3635 1592 veri.-

2046 1641 2213 1690 tatem
2254 1630 2668 1689 transferentes.
2713 1652 2731 1684 ι
2763 1632 2884 1687 Non
2925 1631 3095 1696 enim,
3126 1630 3326 1701 inquit,
3365 1630 3464 1685 soli
3496 1628 3633 1685 Mosi
3750 1652 3753 1653 ν

2044 1725 2264 1781 locutus
2293 1733 2379 1781 est
2412 1725 2576 1789 Deus,
2604 1724 2699 1780 sed
2741 1723 2909 1780 etiam
2956 1721 3120 1777 nobis
3148 1722 3366 1777 locutus
3395 1729 3479 1778 est
3508 1722 3575 1774 ".
3607 1740 3627 1774 ι

352 1793 589 1882 ἀδελφὴν
616 1810 887 1886 λοιδορίαν
926 1793 1234 1886 είσοίσομεν
1266 1815 1343 1880 ὡς
1367 1793 1432 1870 ἐκ
1456 1815 1627 1870 τύπου
1658 1814 1821 1870 πάλιν
1849 1815 1944 1869 ἐπὶ

2050 1809 2238 1875 Sermo
2257 1834 2326 1875 ex
2351 1818 2611 1889 superbia
2632 1827 2689 1874 et
2718 1832 2858 1874 vano
2885 1826 3103 1873 tumore
3130 1815 3431 1888 profectus.
3463 1812 3622 1884 Opor.

352 1900 413 1956 τὸ
438 1900 643 1972 ἀληθὲς
665 1903 1203 1975 μεταστοιχιιοῦντες
1223 1904 1334 1959 τῶν
1353 1905 1665 1978 λεγομένων
1686 1905 1778 1960 τδν
1797 1903 1955 1960 νοῦν..

358 2014 379 2047 ι
410 1995 487 2049 οὐ
522 1994 634 2066 γὰρ
670 1995 818 2066 μόνῳ
839 2036 858 2061 ,
887 1997 1044 2068 φησι,
1071 1994 1150 2067 τῷ
1189 1997 1384 2052 Μωσεῖ
1413 1996 1679 2069 λελάληκε
1707 1995 1940 2069 Κύριος·

258 2106 263 2113 ι
350 2082 483 2137 ἀλλὰ
506 2086 606 2139 καὶ
634 2085 765 2155 ἡμῖν
793 2084 1078 2157 ἐλάλησεν.
1119 2104 1139 2138 ι
1203 2085 1294 2152 Ἐξ
1326 2086 1649 2152 ἀλαζονείας
1687 2088 1717 2141 ό
1752 2086 1939 2155 λόγος,

352 2178 415 2230 ἐκ
440 2175 690 2232 διακένου
735 2178 1056 2250 φυσήματος
1083 2181 1118 2251 η
1148 2180 1326 2250 φωνή.
1364 2178 1580 2251 Χρῆναι
1605 2179 1716 2251 γάρ
1739 2179 1806 2251 δή
1840 2196 1942 2233 που

352 2263 684 2335 φρονοῦντας
726 2266 902 2339 ὀρθῶς
953 2267 1030 2340 μὴ
1075 2269 1295 2333 πάντως
1344 2270 1426 2334 είς
1464 2269 1579 2325 ῖσον
1630 2269 1944 2325 ἀναϐαίνειν

353 2357 672 2427 ἐπείγεσθαι
708 2359 909 2432 μέτρον
940 2359 1018 2431 τῷ
1044 2360 1271 2426 δικαίως
1300 2362 1616 2418 ἀκούσαντι·
1656 2381 1677 2417 ι
1721 2358 1855 2418 Οῖδά
1885 2380 1945 2417 σε

353 2448 505 2520 παρά
548 2448 793 2516 πάντας,
823 2450 917 2504 καὶ
948 2451 1108 2523 χάριν
1139 2444 1296 2523 εῦρες
1338 2455 1470 2525 παρ’
1508 2453 1654 2525 ἐμοί·
1696 2472 1715 2505 ι
1753 2454 1943 2509 ἀνατι-

353 2540 503 2619 θέναι
544 2540 749 2612 μᾶλλον
772 2540 844 2596 τὰ
870 2541 959 2613 ἐφ’
993 2537 1074 2607 οἷς
1103 2542 1423 2615 τετίμηνται
1459 2546 1812 2618 χαριστήρια,
1846 2545 1945 2616 τὴν

352 2629 559 2723 ἀνωθεν
605 2631 922 2705 ὡρισμένην
967 2635 1068 2723 οὐχ
1113 2634 1538 2706 ὑπερϐαίνοντες
1587 2635 1772 2703 τάξιν
1821 2635 1946 2707 οὔτε

354 2722 463 2794 μὴν
508 2723 861 2796 ἁρπάζοντας
891 2722 1106 2791 ἑαυτοῖς
1148 2725 1248 2798 τὴν
1286 2725 1433 2781 οὕτω·
1457 2726 1707 2781 δοθεῖσαν
1751 2727 1940 2799 τιμήν.

352 2813 533 2888 Ὅπερ
562 2816 631 2873 ἂν
659 2819 835 2874 νοοῖτο
864 2818 1087 2884 δικαίως
1108 2819 1209 2890 τῆς
1236 2820 1473 2892 ἐσχάτης
1498 2818 1815 2884 ἀλαζονείας
1846 2820 1948 2873 ούκ

349 2906 637 2980 ἀμοιροῦν.
692 2909 834 2964 ’Δλλ’
879 2911 1055 2966 ἐννόει
1082 2910 1246 2966 πάλιν
1274 2911 1368 2966 τὸν
1409 2911 1510 2983 μὲν
1547 2911 1751 2985 Κύριον
1788 2911 1946 2984 ἡμῶν

364 2997 573 3069 Ἰησοῦν
594 3000 850 3073 Χριστὸν,
881 3002 1117 3075 φανερὸν
1134 3007 1248 3068 τοῖς
1284 3002 1560 3069 Ἰουδαίοις
1581 3004 1918 3060 καθιστῶντα

352 3088 445 3143 τοῦ
490 3088 630 3144 Θεοῦ
683 3091 780 3145 καὶ
814 3092 1031 3166 Πατρδς
1068 3093 1160 3148 τὸν
1200 3093 1351 3165 αὐτῷ
1378 3093 1475 3148 καί
1505 3094 1655 3165 μόνῳ
1700 3095 1957 3164 φυσικῶς

352 3182 698 3254 ἐγνωσμένον
732 3170 958 3249 σκοπῖν,
986 3184 1082 3238 καὶ
1112 3183 1361 3253 λέγοντα·
1404 3203 1423 3235 ι
1456 3186 1578 3239 Ἀπ’
1608 3186 1847 3257 ἐμαυτοῦ
1881 3186 1942 3239 ού

350 3270 531 3337 λαλῶ,
559 3270 675 3326 ἀλλ’
703 3273 733 3326 ό
766 3272 992 3344 πέμψας
1029 3290 1096 3344 με
1138 3272 1329 3346 Πατὴρ
1349 3312 1364 3338 ,
1397 3274 1560 3339 αὐτός
1591 3290 1683 3345 μοι
1724 3272 1945 3345 ἐντολὴν

349 3361 553 3417 δέδωκε
581 3363 635 3417 τί
676 3362 819 3418 almo
859 3365 955 3418 καὶ
993 3363 1049 3418 τί
1080 3363 1319 3435 λαλήσω.
1360 3383 1378 3416 ι
1427 3365 1539 3418 Καὶ
1586 3364 1769 3419 πάλινο
1810 3384 1829 3417 ι
1863 3365 1971 3419 ra.

354 3455 577 3526 ῥήματα
604 3453 787 3525 ἀδγὼ
814 3454 981 3520 λαλῶ,
1018 3455 1118 3509 οὐκ
1150 3453 1297 3508 ἐστιν
1336 3453 1466 3526 ἐμὰ,
1498 3454 1633 3509 ἀλλά
1664 3454 1762 3510 τοῦ
1799 3456 1943 3528 πέμ-

348 3542 553 3613 ψαντός
584 3562 676 3616 με.
714 3563 734 3598 ι
773 3540 913 3600 Εῐτα
944 3545 1079 3616 πρὸς
1108 3543 1268 3599 τοῦτο
1301 3544 1464 3599 πάλιν
1497 3545 1943 3618 ἀποθρασύνεται

352 3635 702 3700 μελετῶντας
729 3638 860 3701 τοὺς
886 3636 1123 3708 ἀνόμους
1165 3636 1521 3709 Γραμματεῖς
1554 3653 1611 3692 τε
1642 3637 1735 3691 καὶ
1777 3640 1941 3710 Φαρι-

357 3725 565 3791 σαίους,
585 3724 682 3781 καλ⁵
707 3727 807 3782 ἐπὶ
822 3726 901 3798 τῷ
927 3727 1159 3798 λαλῆσαι
1184 3728 1320 3800 πρὸς
1345 3728 1472 3792 τοὺς
1501 3730 1744 3802 πατέρας
1765 3730 1946 3785 αὐτῶν

351 3818 447 3871 τὸν
483 3816 642 3886 Θεὸν,
682 3819 744 3873 ού
784 3820 1035 3892 μετρίως
1067 3820 1708 3892 ἀπαυθαδειαζομένους,
1742 3821 1948 3893 ταύτης

353 3909 523 3965 ῑνεκα
555 3909 657 3981 τῆς
683 3909 864 3976 αίτίας
899 3911 1149 3967 ἀπειθεῖν
1187 3912 1521 3984 ᾑρημένους.
1554 3912 1788 3982 Λέγουσι
1814 3912 1971 3984 γάρ-ι

364 4022 381 4053 ι
426 4001 621 4075 Ἡμεῖς
646 4001 867 4075 οἴδαμεν
893 4002 976 4057 ὃτι
996 4004 1188 4058 Μωσεῖ
1208 4001 1505 4075 λελάληκεν
1528 4002 1556 4055 ό
1577 4002 1729 4068 Θεός·
1759 4002 1948 4058 τοῦτον

356 4094 415 4148 δὲ
445 4093 548 4149 οὐκ
582 4094 808 4166 οἴδαμεν
856 4093 1021 4149 πόθεν
1048 4093 1216 4150 ἐστίν.
1247 4114 1267 4148 ι
1323 4095 1488 4166 Ὁρᾷς
1533 4089 1627 4147 οὖν
1666 4094 1815 4159 ὅπως
1858 4096 1947 4151 διὰ

330 4186 450 4249 ,τοῦ
493 4186 673 4256 λέγειν
717 4186 1105 4255 ἐξεπίστασθαι
1146 4186 1378 4258 λαλῆσαι
1421 4186 1515 4241 τὸν
1559 4186 1692 4241 Θεὸν
1736 4187 1909 4258 Μωσῇ
1928 4227 1943 4253 ,

360 4279 646 4351 μονονουχὶ
671 4278 777 4348 γὰρ
803 4278 867 4333 τὸ
891 4280 1119 4351 ἀρχαῖον
1140 4280 1316 4334 ἐκεῖνό
1353 4297 1486 4351 φασι
1531 4281 1626 4333 καὶ
1654 4279 1947 4352 σκληροτέ-

359 4384 477 4439 ροις
507 4370 714 4441 ῥήμασι
739 4382 757 4399 ⁶
787 4388 806 4421 ι
841 4368 935 4441 Μὴ
975 4368 1196 4441 Χριστῷ
1244 4369 1392 4441 μόνῳ
1423 4367 1721 4442 λελάληκεν
1748 4370 1777 4423 ό
1815 4369 1950 4434 Θεὸς

360 4459 455 4555 καὶ
484 4459 710 4555 Ila-rho,
748 4479 768 4512 ι
931 4459 1053 4555 οὐχὶ
1077 4461 1191 4525 τοῖς
1226 4460 1517 4533 ἡμετέροις
1547 4460 1857 4533 πατράσιν;
1891 4463 1949 4515 ἐν
1983 4499 2026 4555 D

357 4551 416 4606 δέ
446 4552 549 4624 τῷ,
573 4551 729 4622 φασὶ,
759 4552 839 4624 τῷ
872 4553 1022 4607 Σινᾶ.
1051 4552 1161 4608 Καὶ
1192 4553 1391 4625 ἦκουσε
1421 4552 1644 4627 Κύριος.
1679 4555 1789 4609 Καὶ
1824 4573 1842 4609 ι
1891 4554 1950 4609 Ὀ

360 4641 647 4716 ἄνθρωπος
678 4645 889 4716 Μωσῆς
908 4646 1084 4716 πρᾶος
1112 4644 1318 4715 σφόδρα
1338 4646 1488 4718 παρά
1513 4648 1721 4712 πάντας
1746 4646 1953 4719 ἀνθρώ·

361 4756 497 4804 πους
524 4740 650 4803 τοὺς
674 4739 833 4803 ὄντας
862 4739 956 4792 ἐπὶ
991 4740 1093 4809 τῆς
1122 4738 1245 4808 γῆς.
1292 4757 1311 4791 ι
1359 4736 1704 4804 Ἀλαζονείας
1737 4741 1813 4804 ὡς
1845 4739 1952 4793 ἔοι-

359 4846 458 4886 κεν
483 4831 740 4903 ἀφορμὴν
769 4831 868 4903 τὴν
900 4831 1143 4896 Μωσέως
1181 4831 1464 4887 ἐποιοῦντο
1495 4834 1779 4905 πραότητα
1826 4835 1950 4888 Μα-

366 4922 501 4995 ριάμ
524 4939 584 4976 τε
613 4923 707 4977 καὶ
742 4921 977 4993 Ἀαρών.
1012 4922 1153 4975 Ἀλλ’
1189 4924 1282 4976 ἐπὶ
1308 4922 1485 4996 τούτῳ
1511 4926 1605 4979 καὶ
1633 4924 1949 4980 δυσωποῦν-

361 5030 453 5079 τος
482 5014 694 5068 ἐκείνου
732 5013 1049 5085 χαλεπαίνει
1077 5013 1211 5079 Θεὸς
1230 5053 1244 5078 ,
1274 5014 1369 5068 καὶ
1403 5014 1736 5087 αὐτόκλητος
1765 5017 1857 5071 ἐπὶ
1890 5015 1954 5069 τὸ

364 5106 589 5170 δικαίως
616 5106 947 5175 ἀγανακτεῖν
986 5102 1130 5159 κατά
1157 5103 1264 5158 τῶν
1292 5104 1582 5178 ἐξυϐρίσαι
1620 5108 1952 5180 τετολμηκό-

362 5211 469 5252 των
495 5196 716 5269 ἔρχεται
742 5196 840 5268 τὴν
876 5194 970 5249 ἐπὶ
1001 5194 1079 5267 τῷ
1117 5195 1327 5267 γνησίῳ
1348 5196 1647 5271 λειτουργῷ
1676 5200 1955 5270 καταφρό-

368 5309 541 5366 νησιν,
566 5294 647 5356 είς
687 5290 851 5347 αύτδν
882 5290 1275 5362 οίκειούμενος.
1308 5287 1467 5353 Οὕτω
1495 5290 1709 5360 νοήσεις
1738 5293 1833 5345 καὶ
1862 5293 1956 5345 ἐπὶ

360 5383 626 5455 Χριστοῦ.
665 5382 799 5441 ’Δπὺ
830 5382 930 5453 μὲν
957 5382 1065 5455 γὰρ
1091 5383 1187 5453 τῆς
1215 5380 1439 5453 ἐνούσης
1469 5380 1618 5454 αὐτῷ
1648 5383 1956 5454 πραότητός

364 5494 425 5532 τε
470 5477 568 5532 καὶ
602 5476 1014 5548 φιλανθρωπίας
1053 5474 1449 5548 προαλέστεροί
1499 5492 1616 5539 πως
1660 5477 1743 5540 είς
1788 5493 1954 5530 κατα-

368 5568 633 5643 φρόνησιν
672 5564 816 5640 ἦσαν
848 5570 897 5621 οἱ
932 5569 1237 5639 Φαρισαῖοι.
1304 5565 1444 5620 Ἀλλ’
1491 5560 1581 5638 ἦν,
1632 5566 1709 5631 ὼς
1754 5565 1953 5631 ἔοικεν,

2044 1909 2200 1965 tehat
2238 1910 2389 1964 enim
2433 1908 2662 1964 omnino
2703 1915 2854 1963 recte
2889 1906 3209 1971 sentientes,
3250 1920 3361 1960 non
3405 1909 3636 1959 conten-

2045 2003 2179 2058 dere
2205 2010 2268 2057 ut
2309 2017 2368 2056 se
2395 2001 2805 2071 aequipararent
2845 1999 2923 2054 illi
2955 1999 3050 2070 qui
3099 1997 3296 2055 merito
3330 1993 3589 2051 audiebat
3619 2007 3632 2046 :

2052 2113 2083 2147 ι’
2105 2093 2243 2148 Novi
2287 2100 2339 2147 te
2380 2106 2494 2162 prae
2533 2090 2902 2157 omuibus,.et
2935 2090 3168 2160 gratiam
3205 2086 3463 2143 invenisti
3490 2082 3634 2155 apud

2046 2199 2133 2238 me
2162 2183 2237 2249 ’νζ
2275 2202 2292 2234 ι
2328 2182 2424 2237 sed
2462 2182 2646 2253 potius
2676 2180 2879 2251 gratias
2907 2180 3073 2251 382
3103 2193 3263 2249 agere
3287 2191 3390 2248 pro
3422 2176 3489 2230 iis
3508 2173 3635 2245 qui-

2047 2273 2150 2328 bus
2185 2287 2216 2327 a
2256 2272 2369 2328 Deo
2408 2278 2568 2326 erant
2603 2269 2800 2334 dotati,
2828 2284 3009 2339 neque
3053 2266 3306 2323 ordinem
3342 2264 3448 2320 sibi
3475 2279 3506 2319 e
3540 2278 3635 2318 su-

2046 2364 2235 2435 pernis
2275 2363 2657 2434 praescriptum
2705 2361 3123 2426 transcendere,
3153 2369 3249 2415 aut
3294 2358 3400 2416 sibi
3442 2373 3637 2429 rapere

2044 2470 2194 2520 eum,
2233 2454 2328 2525 qui
2376 2454 2512 2526 ipsis
2557 2470 2589 2510 a
2639 2455 2753 2510 Deo
2797 2455 2961 2511 datus
3009 2469 3118 2508 non
3165 2460 3306 2517 erat,
3344 2451 3634 2507 honorem.

2045 2546 2204 2615 Quod
2244 2547 2468 2617 quidem
2515 2547 2724 2616 optimo
2754 2547 2879 2616 jure
2922 2545 3140 2601 censeri
3175 2552 3355 2614 potest
3391 2550 3636 2598 extrema

2046 2638 2360 2709 arrogantia
2403 2653 2513 2693 non
2557 2652 2766 2693 carere.
2808 2635 3081 2692 Creterum
3126 2634 3218 2689 hic
3258 2649 3453 2689 rursus
3500 2628 3635 2686 mil'i

2047 2730 2425 2796 animadverte
2453 2730 2745 2783 Dominum
2774 2734 3025 2782 nostrum
3040 2726 3224 2781 Iesum
3241 2723 3520 2780 Christum
3537 2723 3605 2779 Ju

2047 2822 2181 2878 datis
2224 2821 2296 2877 ob
2340 2819 2531 2876 oculos
2574 2827 2868 2889 ponentem
2916 2831 3142 2887 scopum
3177 2822 3340 2884 atque
3373 2812 3638 2869 intentio-

2047 2926 2175 2968 nem
2217 2910 2315 2966 Dei
2349 2925 2415 2966 ac
2439 2908 2640 2973 Patris,
2671 2905 2775 2977 ipsi
2816 2903 2918 2962 soli
2971 2903 3299 2961 naturaliter
3339 2904 3634 2975 cognitam.

2047 3002 2328 3060 dicendo:
2369 3019 2387 3053 ι
2425 3000 2470 3056 Δ
2513 3001 2724 3070 meipso
2778 3013 2886 3053 non
2932 2998 3149 3068 loquor,
3200 2996 3298 3053 sed
3338 2996 3434 3068 qui
3486 2994 3633 3050 misit

2048 3111 2138 3153 me
2165 3095 2348 3160 Pater,
2369 3094 2486 3165 ipse
2514 3090 2650 3148 mihi
2675 3089 2997 3146 mandatum
3015 3089 3170 3146 dedit
3194 3088 3326 3158 quid
3352 3087 3554 3152 dicam,
3583 3092 3641 3140 et

2051 3186 2185 3258 quid
2218 3186 2415 3255 loquar
2436 3182 2501 3257 ³9.
2539 3204 2556 3234 ι
2599 3185 2670 3240 Ει
2710 3198 2906 3239 rursus
2940 3202 2953 3238 :
2996 3203 3014 3234 ι
3048 3181 3227 3239 Verba
3260 3195 3385 3253 quae
3417 3196 3520 3252 ego
3559 3178 3642 3236 lo-

2051 3294 2211 3350 quor,
2237 3292 2350 3332 non
2377 3283 2508 3332 sunt
2528 3292 2670 3341 mea,
2701 3275 2796 3330 sed
2828 3277 2949 3345 eius
2973 3275 3066 3346 qui
3094 3274 3247 3330 misit
3269 3287 3358 3328 me
3382 3273 3448 3326 ”.
3487 3291 3505 3324 ι
3537 3271 3644 3326 De-

2053 3371 2181 3426 inde
2215 3384 2341 3426 cum
2384 3367 2537 3439 impii
2576 3367 2785 3424 Scriba:
2820 3383 2885 3422 ac
2922 3367 3184 3423 Pharisaei
3221 3364 3452 3422 audacia
3474 3363 3641 3420 effer-

2053 3469 2268 3526 rentur,
2294 3469 2459 3531 atque
2493 3458 2787 3516 itu-modice
2821 3460 2890 3515 de
2916 3459 3169 3532 patrihus
3194 3459 3312 3515 Suis
3335 3458 3641 3530 gloriaren-

2054 3563 2167 3617 tur,
2204 3553 2361 3625 quasi
2403 3552 2556 3609 hisce
2607 3553 2739 3610 solis
2784 3554 2931 3608 Deus
2968 3553 3186 3608 locutus
3226 3551 3444 3616 fuisset,
3480 3566 3543 3606 ea
3572 3551 3642 3606 de

2053 3662 2217 3702 causa
2255 3644 2461 3701 factum
2498 3643 2623 3712 fuit,
2662 3654 2724 3700 ut
2767 3645 2821 3700 in
2870 3644 3170 3701 dillidentia
3212 3643 3637 3715 perseverarint.

2053 3739 2255 3794 Dicunt
2295 3738 2443 3793 enim
2479 3755 2505 3791 :'
2534 3756 2552 3789 ι
2587 3738 2698 3793 Nos
2733 3738 2943 3793 scimus
2966 3737 3112 3807 quod
3144 3738 3290 3791 Deus
3321 3736 3537 3792 locutus
3571 3735 3643 3789 sit

2054 3830 2191 3886 Mosi
2223 3848 2239 3884 :
2267 3831 2414 3885 hunc
2449 3836 2635 3884 autem
2667 3829 2946 3884 nescimus
2990 3827 3135 3883 unde
3164 3825 3319 3880 sit“.
3360 3845 3377 3879 ι
3403 3825 3642 3903 Videsne

2053 3936 2178 3993 quo:
2198 3929 2358 3990 pacto
2384 3935 2484 3989 per
2513 3920 2567 3975 id
2610 3919 2757 3989 quod
2792 3919 2988 3973 dicunt
3021 3934 3080 3973 se
3120 3917 3262 3972 scire
3284 3916 3456 3971 Deum
3490 3917 3644 3971 locu-

2056 4021 2173 4066 tum
2213 4026 2337 4065 esse
2375 4008 2531 4071 Mosi,
2558 4015 2771 4063 tantum
2817 4023 2929 4062 non
2972 4015 3131 4061 vetus
3176 4005 3310 4059 illud
3347 4003 3560 4070 dicunt,
3585 4012 3641 4060 et

2053 4101 2277 4175 quidem
2300 4100 2625 4157 durioribus
2647 4098 2873 4155 verbis:
2905 4117 2923 4150 ι
2954 4098 3093 4153 Num
3116 4096 3337 4154 Christo
3354 4096 3453 4153 soli
3485 4097 3642 4152 locu-

2057 4207 2145 4252 tus
2169 4203 2255 4251 est
2288 4195 2435 4251 Deus
2454 4194 2538 4248 “?
2567 4213 2585 4245 ι
2620 4193 2814 4249 Annon
2846 4191 3098 4264 patribus
3117 4191 3322 4247 nostris
3347 4192 3402 4246 in
3433 4198 3640 4256 monte,

2055 4287 2315 4344 videlicet
2355 4286 2531 4354 Siuai,
2570 4287 2747 4353 aiunt,
2784 4287 3006 4343 locutus
3049 4286 3172 4341 est?
3216 4284 3383 4356 Atqui
3432 4284 3644 4340 audivit

2055 4380 2340 4438 Dominus.
2373 4381 2442 4436 Et
2479 4400 2497 4432 ι
2529 4380 2708 4436 Moses
2741 4388 2861 4437 erat
2896 4379 3063 4434 homo
3100 4377 3259 4433 valde
3300 4388 3642 4443 mansuetus,

2055 4490 2168 4547 prae
2212 4473 2533 4531 hominibus
2580 4472 2675 4540 qui
2724 4480 2855 4526 sunt
2911 4470 2966 4524 in
3018 4478 3165 4524 terra
3195 4470 3263 4521 δ’.
3299 4486 3317 4518 ι
3375 4467 3544 4523 Maria
3587 4477 3645 4524 et

2056 4566 2240 4622 Aaron
2277 4580 2347 4622 ex
2391 4563 2817 4620 mansuetudine
2851 4560 3016 4617 Mosis
3055 4558 3433 4631 superbiendi,
3465 4567 3528 4614 ut
3565 4560 3646 4614 vi-

2057 4657 2246 4723 detur,
2306 4654 2652 4710 occasionem
2707 4650 3084 4720 arripuerunt.
3155 4646 3644 4702 Verumcnimvero

2058 4744 2204 4801 Deus
2246 4745 2413 4800 etiam
2452 4743 2570 4815 ipso
2609 4749 2823 4797 tacente
2856 4738 3176 4804 offenditur,
3208 4752 3274 4793 ac
3308 4752 3406 4807 per
3437 4751 3496 4791 se
3529 4752 3647 4791 mo-

2056 4844 2218 4892 vetur
2247 4835 2314 4890 ad
2352 4833 2787 4904 indignationem
2815 4830 3083 4885 adversus
3123 4843 3219 4883 eos
3241 4826 3336 4897 qui
3360 4835 3647 4881 contume-

2058 4927 2185 4982 liam
2222 4927 2428 4982 inferre
2457 4925 2619 4981 veriti
2655 4940 2763 4979 non
2798 4930 2978 4987 erant,
3005 4931 3062 4977 et
3089 4918 3319 4991 legitimi
3358 4933 3644 4973 sacrorum

2061 5018 2297 5074 ministri
2343 5025 2722 5087 contemptum
2771 5015 2840 5070 ad
2878 5014 3130 5082 seipsum
3174 5010 3453 5066 transfert.
3497 5010 3643 5065 Idem

2061 5109 2335 5183 intelliges
2358 5108 2525 5164 etiam
2547 5109 2601 5163 in
2621 5107 2843 5167 Christo
2867 5105 3070 5160 factum
3093 5117 3237 5157 esse.
3262 5100 3396 5156 Nam
3421 5108 3647 5171 propter

2059 5203 2281 5258 insitam
2341 5202 2416 5255 illi
2476 5196 2958 5256 mansuetudinem
3017 5200 3183 5263 atque
3245 5192 3646 5262 benignitatem

2060 5291 2319 5349 Pharisaei
2361 5293 2720 5362 procliviores
2760 5287 2826 5343 ad
2875 5286 3048 5358 ipsius
3089 5292 3464 5355 contemptum
3508 5282 3621 5339 fere

2060 5384 2284 5439 bantur.
2318 5381 2426 5437 Sed
2471 5391 2623 5438 certo
2659 5376 3002 5451 deprehendi
3040 5382 3275 5446 poterat,
3307 5374 3451 5445 quod
3498 5373 3644 5427 diri-

2059 5490 2186 5530 nain
2235 5472 2499 5527 ultionem
2545 5488 2653 5527 non
2702 5476 2887 5524 essent
2930 5467 3172 5523 evasuri.
3218 5467 3363 5521 Deus
3398 5465 3545 5520 enim
3587 5476 3645 5521 et

2061 5567 2224 5622 I’atcr
2256 5564 2590 5620 contumelia
2630 5562 2859 5617 allectus
2896 5561 2951 5614 in
3000 5559 3140 5615 Filio
3161 5560 3310 5629 jusla
3347 5558 3424 5612 ira
3458 5558 3641 5614 incen-

439 5686 486 5719 ³⁸
511 5684 704 5742 Matth.
730 5702 783 5751 v,
822 5686 903 5741 18.
981 5686 1024 5717 ³⁸
1053 5685 1217 5741 Num.
1245 5700 1341 5749 xu,
1360 5684 1412 5740 2.
1495 5684 1538 5718 ³⁷
1567 5683 1742 5742 Exod.
1763 5701 1947 5752 xxxiii,

2066 5728 2076 5741 .
2156 5684 2199 5717 ³⁸
2233 5685 2390 5743 Joau.
2435 5699 2527 5751 xu,
2560 5681 2647 5737 4⁸5.
2728 5678 2770 5712 ⁸⁹
2802 5678 2958 5734 Joan.
3002 5691 3108 5740 xw,
3143 5672 3222 5729 l0.
3302 5674 3346 5704 ⁸⁸
3371 5673 3526 5730 Joau.
3567 5691 3642 5732 ιι.

369 5754 462 5812 I9.
538 5756 579 5788 "
606 5755 770 5812 Num.
805 5772 897 5825 xu‘,
925 5756 979 5811 2.
1058 5755 1102 5791 ’θ’
1127 5753 1264 5810 Ibid.
1287 5755 1340 5811 3.
