4052 6196
389 263 497 318 6θὸ

1420 258 1474 314 S.
1517 258 1792 316 CYRILLI
1832 257 2303 317 ALEXAND'RINI
2345 255 2664 317 ARCHIEP.

3567 261 3669 318 σοι

395 403 415 435 σ
452 381 718 448 Obsecro,
755 381 884 440 dom
899 397 1015 446 ne,
1067 394 1138 437 ne
1169 381 1422 452 imponas
1453 382 1614 440 nobis
1649 391 1935 454 peccatum
1959 425 1972 450 ,

2082 383 2204 457 ρίῳο
2249 385 2521 440 είσέλθετε
2561 386 2620 439 ἐν
2656 385 2880 448 σάκκοις
2923 381 3363 456 λειτουργοῦντες
3389 383 3544 456 Θεῷ,
3585 386 3668 439 δτι

387 472 516 542 quia
547 471 918 544 ignoravimus
970 473 1026 527 in
1081 483 1246 542 quem
1301 473 1654 544 peccavimus
1701 474 1768 530 ".
1803 494 1820 526 ι
1871 473 1974 541 Qui

387 566 536 620 enim
561 581 630 622 ex
648 581 849 637 genere
875 565 1095 620 lsraelis
1131 573 1282 631 sunt,
1332 565 1635 637 habituque
1669 567 1974 623 secundum

385 673 609 712 carnem
642 673 672 712 a
707 657 990 729 Synagoga
1015 656 1332 714 Iudaeorum
1361 674 1474 714 non
1514 659 1700 725 alieni,
1729 660 1826 715 sed
1874 659 1975 714 de‘

387 747 578 801 clarati
611 747 1000 818 mysteriorum
1033 745 1131 803 Dei
1158 747 1590 818 dispensatores,
1629 750 1686 804 hi
1733 749 1974 806 oblaturi

386 845 516 892 sunt
547 837 660 892 Deo
692 853 888 909 preces
928 853 1039 910 pro.
1063 839 1185 895 istis
1225 841 1319 910 qui
1344 856 1412 896 ex
1445 840 1754 912 ignorantia
1779 856 1975 912 peccas

385 938 608 994 verunt,
647 945 966 1002 quanquam
1001 931 1105 1003 ipsi
1147 933 1308 987 initio
1352 932 1521 988 simili
1553 933 1729 1004 culpae
1768 933 1976 988 fuerint

368 1019 627 1076 obnoxii.
654 1019 928 1076 Caeterum
956 1022 1181 1092 quidem
1203 1029 1366 1077 orant
1383 1021 1689 1087 Christum,
1712 1037 1782 1077 ne
1807 1022 1970 1077 simul

383 1109 442 1163 in
477 1124 575 1164 eos
598 1109 871 1166 irruatira
903 1111 1121 1168 Patris:
1155 1113 1466 1183 cujusmodi
1498 1113 1603 1167 fuit
1625 1113 1862 1176 Paulus,
1893 1103 1996 1169 ita-

383 1200 572 1256 dicens
609 1218 621 1254 :
659 1221 677 1253 ι
709 1203 948 1270 Fratres,
973 1205 1228 1260 voluntas
1253 1205 1395 1260 bona
1420 1205 1604 1261 cordis
1630 1204 1760 1270 mei,
1793 1213 1849 1260 et
1867 1205 1970 1259 ob-

383 1293 622 1349 secratio
649 1293 718 1348 ad
764 1295 937 1350 Deum
970 1311 1072 1365 pro
1109 1296 1308 1351 lsraele
1358 1306 1445 1352 est
1475 1296 1541 1350 ad
1586 1297 1821 1352 salutem
1843 1297 1910 1349 ⁸⁷.
1946 1311 1966 1348 ι

385 1375 712 1457 Verumqui
737 1388 843 1444 hoc
868 1389 1009 1444 dixit
1041 1398 1162 1444 erat
1201 1389 1549 1461 dispensator
1583 1393 1973 1462 mysteriorum

365 1465 502 1536 Dei,
532 1480 699 1542 atque
729 1475 989 1532 sacerdos
1013 1476 1186 1531 divini
1214 1478 1496 1548 praeconii,
1536 1478 1680 1534 sicut
1701 1479 1831 1533 olim
1869 1477 1977 1533 fuit

383 1562 586 1621 Aaron.
618 1565 903 1623 Clamante
929 1576 1115 1624 autem
1163 1569 1316 1625 Mose
1347 1585 1449 1641 pro
1493 1571 1732 1642 leprosa,
1783 1578 1844 1626 et.
1886 1585 1977 1626 ro-

380 1662 544 1724 gante
565 1664 628 1711 ut
655 1665 965 1724 sanaretur,
996 1660 1143 1715 Deus
1177 1661 1353 1718 venia:
1389 1663 1584 1719 dandae
1628 1663 1973 1734 supersedet,

2081 475 2347 530 ἀπέλιπεν
2387 475 2446 540 ἐξ
2473 475 2638 530 ,οἷκον
2667 473 2804 530 Θεοῦ
2851 475 3009 546 ἡμῶν
3052 475 3215 529 θυσία
3255 477 3351 528 καὶ
3387 476 3607 547 σπονδή.
3643 497 3662 528 ι

2079 563 2340 635 Πρόσεισι
2383 563 2441 617 δὲ
2485 563 2660 633 λέγων
2703 563 2782 635 τῷ
2825 564 3090 636 πανσόφῳ
3133 564 3330 636 Μωσῇ·
3373 585 3390 618 ι
3431 567 3667 637 Δέομαί,

2079 653 2276 725 Κύριε,
2294 653 2370 724 μὴ
2393 653 2654 724 συνεπιθῇ
2683 655 2813 724 ἡμῖν
2836 654 3133 725 ἁμαρτίαν,
3159 653 3296 706 διότι
3320 655 3669 725 ὴγνοήκαμεν

2078 741 2272 800 καθόὗ
2289 745 2633 817 ἡμάρτομεν.
2651 747 2744 798 »Οἱ
2765 747 2875 816 γὰρ
2889 745 3038 814 γένει
3063 745 3162 816 μὲν
3183 745 3338 810 ὄντες
3353 729 3705 818 ὲξ’1σραὴλ.ῗ

2077 839 2170 892 καὶ
2210 841 2273 908 τῇ
2305 836 2444 891 κατὰ
2467 837 2646 909 σάρκα
2669 839 2848 908 σχέσει
2881 839 2980 907 τῆς
3011 837 3288 892 Ἰουδαίων
3335 828 3699 909 Συναγωγῆςί

2074 931 2176 984 οὐκ
2213 930 2367 994 ὄντες
2407 930 2700 1001 ἀλλότριοι,
2745 930 3060 1001 μυστηρίων
3085 930 3144 985 δὲ
3165 931 3274 982 τῶν
3296 930 3389 984 τοῦ
3415 930 3668 1000 Σωτῆρος
3696 966 3701 974 -

2073 1021 2106 1089 η
2115 1018 2232 1090 μῶν
2255 1019 2698 1090 ἀποδεδειγμένοι
2724 1019 2938 1089 ταμίαι,
2966 1020 3034 1073 τὰ
3056 1019 3198 1090 ὑπὲρ
3225 1019 3333 1072 τῶν
3361 1019 3420 1084 ἐξ
3445 1020 3669 1085 άγνοίας

2072 1111 2474 1183 ἡμαρτηκότων
2508 1112 2800 1183 ἀναφέρειν
2842 1112 3068 1183 ἔμελλον
3104 1113 3417 1183 προσευχάς
3445 1127 3458 1140 ⁶
3491 1112 3670 1165 καίτοι

2074 1200 2518 1275 συμπταίσαντες
2544 1209 2601 1259 ἐν
2639 1208 2804 1278 ἀρχῇ.
2839 1205 2931 1277 Μὴ
2975 1205 3358 1260 συνεπιθέσθαι
3388 1205 3446 1259 δὲ
3483 1208 3547 1276 τῇ
3570 1205 3667 1259 τοῦ

2074 1293 2288 1370 Πατρὸς
2343 1299 2483 1370 ὀργῇ
2539 1297 2921 1372 παρακαλοῦσι
2981 1295 3239 1370 Χριστὸν,
3300 1297 3438 1369 ὅπερ
3491 1298 3669 1351 ἐποίει

2073 1387 2248 1458 λέγων
2285 1391 2313 1442 ὁ
2336 1390 2567 1455 Παῦλος
2615 1411 2632 1443 ι
2678 1391 2946 1461 Ἀδελφοί,
2977 1393 3010 1461 η
3050 1392 3149 1462 μὲν
3169 1389 3385 1443 εὐδοκία
3408 1390 3504 1458 τῆς
3525 1389 3672 1459 ἐμῆς

2075 1481 2323 1554 καρδίας,
2357 1483 2452 1538 καλ⁸
2495 1485 2523 1554 ἡ
2546 1483 2730 1553 δέησις
2771 1479 2908 1555 πρὸς
2928 1483 3018 1535 τὸν
3043 1481 3174 1534 Θεὸν
3217 1482 3356 1551 ὑπὲρ
3382 1479 3562 1534 αὐτῶν
3589 1482 3670 1544 εἰς

2078 1573 2374 1645 σωτηρίαν.
2428 1593 2446 1624 ι
2494 1574 2636 1627 Ἀλλ’
2677 1570 2746 1644 ἦν
2784 1573 2945 1627 τοῦτο
2994 1573 3190 1640 λέγων,
3243 1570 3337 1625 καὶ
3385 1569 3673 1640 οἰκονόμος

2083 1666 2403 1737 μυστηρίων
2442 1665 2601 1728 Θεοῦ,
2639 1668 2736 1720 καὶ
2777 1665 3058 1736 ίερουργδς
3079 1665 3173 1718 τοῦ
3204 1665 3349 1718 θείου
3378 1663 3672 1734 κηρύγμα·

380 1763 443 1805 ac
473 1749 611 1806 dicit
639 1769 652 1804 :
688 1771 708 1804 ι
751 1751 1055 1822 Separetur
1109 1759 1323 1825 septem
1355 1756 1554 1813 diebus
1586 1765 1741 1813 extra
1764 1765 1962 1823 castra,

2082 1766 2182 1820 ιος’
2225 1756 2362 1828 ὅπερ
2407 1752 2477 1828 ἦν
2521 1759 2643 1810 τότε
2688 1759 2783 1810 καὶ
2815 1758 2846 1809 ὁ
2888 1755 3125 1827 ’Δαρών.
3177 1755 3422 1819 Βοῶντος
3469 1754 3527 1808 δέ
3575 1752 3672 1807 τοῦ

379 1848 438 1894 et
459 1839 658 1896 deinde
684 1841 1029 1914 ingrediatur
1055 1841 1120 1898 ⁸³.
1163 1862 1194 1896 r

381 1935 675 2002 καλοῦντος
723 1937 916 2010 αὐτὴν,
977 1940 1330 2013 ὑπερτίθεται
1374 1935 1437 1996 τὸ
1496 1943 1804 2013 συγγνῶναι
1842 1943 1976 2011 Θεός
1999 1959 2014 1974 ⁶

378 2031 639 2105 ἐμϐολῆς,
668 2033 766 2088 καὶ
798 2035 938 2106 μετὰ
975 2037 1149 2091 ταῦτα
1173 2036 1540 2093 εἰσελεύσεται
1569 2039 1753 2096 πάλιν.
1793 2059 1811 2093 ι

448 2126 503 2182 ό.
531 2127 658 2184 Haec
685 2128 916 2185 historia
947 2132 1109 2187 nobis
1131 2133 1334 2188 iterum
1354 2134 1508 2189 velut
1533 2135 1588 2190 in
1609 2135 1848 2208 imagine
1878 2151 1971 2192 osa

382 2218 580 2284 tendit,
608 2229 773 2290 quam
794 2231 984 2292 parata
1006 2224 1076 2279 sit
1101 2223 1286 2279 divina
1317 2231 1512 2282 natura
1546 2228 1612 2282 ad
1660 2229 1976 2284 misericor-

381 2310 529 2365 diam
575 2314 975 2382 pmstandam,
1028 2323 1085 2371 et
1130 2316 1197 2371 ad
1227 2318 1643 2388 propitiandum
1678 2321 1978 2391 promptis-

380 2403 520 2460 sima
551 2421 564 2458 :
599 2412 656 2460 at
680 2417 814 2461 vero
841 2407 1195 2464 multitudine
1218 2422 1601 2480 saepenumero
1625 2416 1680 2466 et
1701 2412 1977 2483 magnitu-

379 2487 512 2550 dine
539 2505 854 2553 nostrorum
879 2498 1210 2555 delictOrum
1237 2502 1557 2558 retardatur
1575 2545 1589 2569 ,
1630 2514 1686 2560 et
1715 2505 1972 2577 benigni-

380 2587 552 2643 tatem
575 2595 704 2660 erga
752 2604 877 2645 reos
916 2589 1120 2646 diﬂert.
1150 2592 1266 2648 Hoc
1293 2592 1440 2649 idem
1497 2595 1792 2667 signiﬁcat,
1852 2612 1972 2653 mea

381 2678 607 2748 quidem
641 2681 949 2748 sententia,
977 2683 1126 2753 quod
1163 2699 1374 2758 magnae
1417 2702 1614 2757 preces
1656 2697 1972 2745 sanctorum

379 2780 439 2827 et
468 2775 907 2844 supplicationes
941 2777 1010 2832 ad
1068 2779 1242 2834 Deum
1285 2779 1442 2836 facta;
1474 2781 1587 2837 sint
1608 2797 1710 2852 pro
1743 2782 1970 2848 lsraele,

380 2877 510 2918 cum
543 2873 727 2920 tamen
778 2866 896 2922 ﬁeri
941 2883 1050 2922 non
1072 2878 1260 2940 posset
1307 2878 1369 2924 ut
1417 2885 1634 2940 poenam
1683 2872 1973 2945 ell‘ogeret,

382 2953 552 3026 κθ
580 2956 673 3026 qui
693 2956 766 3011 ob
793 2964 942 3013 tanta
964 2969 1188 3030 peccata
1229 2961 1718 3029 essetdamnatus;
1746 2964 1982 3033 ideoque

382 3053 440 3102 et
470 3047 618 3102 Deus
641 3049 1086 3106 misericordiam
1121 3054 1402 3123 posterius
1433 3070 1597 3124 quam
1637 3071 1853 3124 poenam
1880 3056 1980 3110 ad-

384 3137 586 3194 hibuit.
619 3138 774 3206 Quod
802 3151 986 3197 autem
1013 3159 1396 3214 saepenumero
1426 3146 1575 3199 Deus
1616 3155 1848 3215 propter
1872 3162 1977 3200 no.

384 3237 496 3285 stra
511 3231 709 3286 delicta
731 3234 1096 3288 exaeerbetur
1118 3243 1285 3305 atque
1308 3236 1578 3301 irritetur,
1601 3238 1673 3290 ita
1694 3247 1978 3309 unquam-
2007 3263 2048 3319 ρ

383 3322 470 3375 vis
506 3323 771 3377 immensa
799 3325 1094 3381 clementia
1117 3327 1188 3381 sit
1211 3327 1498 3396 praeditus,
1526 3337 1710 3384 tamen
1736 3345 1856 3384 eam
1890 3331 1978 3385 in-

381 3413 603 3469 terdum
632 3414 854 3472 dill'erat
888 3426 1054 3486 atque
1103 3419 1398 3483 subducat,
1427 3419 1576 3474 haud
1623 3420 1847 3477 diliicile
1895 3431 1982 3478 est

381 3505 468 3560 vel
506 3521 575 3561 ex
597 3506 686 3562 his
709 3507 843 3578 ipsis
874 3508 1084 3566 videre.
1115 3511 1253 3574 Nam
1277 3527 1404 3567 cum
1427 3513 1633 3568 caedem
1657 3513 1984 3584 Babylonio-

383 3612 508 3653 rum
553 3599 674 3671 lege
716 3601 846 3656 belli
889 3603 945 3657 in
996 3603 1218 3659 Iudaeos
1269 3605 1672 3676 grassantium,
1709 3622 1832 3678 quae
1881 3623 1983 3664 suo

383 3698 635 3760 tempore
661 3691 714 3747 in
763 3693 988 3764 regione
1029 3693 1346 3750 Iudaeorum
1385 3694 1570 3750 futura
1597 3705 1752 3760 erat,
1802 3711 1981 3767 quon-

381 3782 510 3837 dam
541 3798 640 3854 per
665 3783 934 3854 Spiritum
965 3784 1218 3840 Jeremiae
1240 3785 1529 3856 prophetas
1571 3786 1891 3848 revelasset,
1919 3800 1984 3841 ac

378 3875 493 3947 jam
522 3878 783 3946 permulti
811 3877 1228 3942 occubuissent,
1259 3877 1578 3948 mortuique
1601 3878 1808 3949 passim
1848 3891 1984 3931 con-

379 3966 757 4035 spicerentur,
777 3976 897 4023 tum
919 3966 988 4022 ad
1019 3975 1272 4022 sanctum
1308 3969 1636 4039 pr0phetam
1661 3969 1742 4024 ait
1773 3987 1786 4022 :
1825 3989 1843 4020 ι
1865 3965 1984 4024 Heu

384 4057 546 4121 mihi,
580 4057 710 4126 quia
739 4059 943 4115 defecit
980 4062 1163 4115 anima
1200 4076 1319 4116 mea
1355 4069 1583 4131 propter
1617 4061 1941 4116 interfectos
1969 4077 1982 4116 :

381 4147 680 4204 circumito
723 4149 844 4205 vias
871 4151 1202 4216 Jerusalem,
1229 4161 1287 4207 et
1319 4152 1532 4216 videte,
1568 4160 1625 4206 et
1647 4153 1983 4223 cognoscite,

387 4248 447 4296 et
485 4241 718 4310 quaerite
772 4241 828 4296 in
867 4243 1066 4312 plateis
1107 4243 1284 4314 ipsius
1313 4259 1380 4297 an
1428 4243 1728 4298 inveniatis
1771 4244 1983 4308 virum,

389 4331 487 4400 qui
513 4329 679 4386 faciat
704 4332 1001 4403 judicium,
1038 4342 1096 4390 et
1145 4343 1360 4406 quaerat
1399 4333 1584 4398 iidem,
1632 4343 1688 4390 et
1716 4337 1989 4406 propitius

387 4437 489 4479 ero
519 4424 622 4486 eis,
647 4423 784 4482 dicit
819 4425 1090 4483 Dominus
1113 4427 1182 4482 ⁵⁸.
1219 4447 1237 4480 ›
1268 4427 1508 4484 Videsne
1546 4427 1602 4482 in
1653 4427 1744 4482 his
1776 4437 1985 4499 quanto

389 4518 663 4574 adiciatur
691 4519 882 4576 dolore
905 4528 1137 4592 propter
1175 4522 1389 4578 occisos
1410 4563 1423 4584 ,
1457 4535 1772 4592 quanquam
1804 4523 1984 4577 lihcn-

2062 1848 2308 1914 Μωσέως
2337 1851 2477 1922 ὑπὲρ
2499 1851 2596 1922 τῆς
2624 1850 3048 1922 λελεπρωμένης
3095 1851 3191 1904 καὶ
3217 1849 3470 1903 ἰάσασθαι
3493 1863 3677 1918 παραυ

2061 1964 2080 1998 ι
2112 1945 2523 2018 ’Δφορισθήτω,
2585 1946 2780 2015 λέγων,
2826 1945 2965 2000 ἔπτὰ
3009 1945 3226 2016 ἡμέρας
3259 1944 3363 2009 ἔξω
3396 1943 3498 2014 τῆς
3526 1959 3674 2014 παρ-

2143 2130 2208 2189 8’.
2262 2134 2422 2203 Ἡμῖν
2464 2131 2540 2196 ὡς
2572 2132 2631 2185 ἐν
2674 2132 2840 2186 εἰκόνι
2885 2129 3319 2195 διαδεικνύοντος
3360 2129 3454 2185 τοῦ
3487 2131 3672 2200 λόγου,

2075 2231 2157 2284 ὅτι
2187 2226 2379 2299 ταχεῖα
2427 2227 2527 2298 μὲν
2577 2229 2657 2292 είς
2694 2227 2886 2291 ἐλεεῖν,
2931 2227 3028 2279 καὶ
3056 2226 3256 2294 τρόπον
3282 2221 3402 2278 τινα
3435 2225 3573 2296 πρὸς
3609 2224 3676 2276 τὸ

2076 2321 2416 2394 παρακαλεῖν
2467 2319 2668 2390 ἑαυτὴν
2698 2321 2730 2386 ὴ
2761 2320 2881 2373 θεία
2927 2319 3088 2388 φύσις
3119 2319 3466 2389 ἐτοιμοτάτη,
3508 2317 3587 2388 τῷ
3613 2317 3675 2370 δὲ

2077 2414 2274 2485 πλήθει
2319 2411 2579 2474 πολλάκις
2615 2411 2648 2482 ἦ
2678 2411 2756 2482 τῷ
2789 2410 3009 2482 μεγέθει
3065 2410 3175 2463 τῶν
3202 2411 3491 2482 ,ἡμετέρων
3519 2426 3676 2462 πται-

2079 2507 2302 2578 σμάτων
2323 2505 2785 2575 άποτραχύνεται,
2808 2504 2899 2557 καὶ
2922 2502 3019 2574 τὴν
3050 2502 3143 2556 ἐπὶ
3170 2507 3282 2567 τοῖς
3311 2503 3516 2573 ἐνόχοις
3544 2502 3675 2570 φιλο

2078 2595 2393 2666 ανθρωπίαν
2431 2594 2742 2647 ἀναδύεται.
2777 2592 3040 2664 Σημαίνει
3067 2592 3122 2645 δὲ
3153 2592 3395 2655 κάκεῖνο,
3438 2593 3580 2645 κατά
3607 2607 3677 2658 γε

2082 2676 2172 2740 τὶν
2216 2685 2484 2758 ἡμέτερον
2527 2684 2673 2747 νοῦν,
2727 2685 2808 2737 ὅτι
2845 2683 3012 2754 πολλὴ
3057 2685 3155 2754 μὲν
3198 2683 3369 2750 ἁγίων
3406 2681 3679 2753 πρεσϐεία

2084 2778 2391 2848 ἀναϐέϐηκε
2439 2776 2575 2848 πρὸς
2614 2776 2705 2828 τὸν
2745 2773 2899 2839 Θεὸν,
2945 2775 3087 2844 ὑπὲρ
3133 2772 3229 2826 τοῦ
3271 2772 3518 2842 Ἰσραήλ·
3571 2774 3679 2826 οὐκ

2085 2871 2438 2942 ἐνδεχομένου
2468 2869 2525 2923 δὲ
2556 2868 2650 2922 τοῦ
2675 2867 2749 2940 μὴ
2777 2867 3211 2936 κολασθήσεσθαι
3234 2865 3466 2936 πρέπειν
3488 2865 3675 2929 αὐτὸν,

2083 2964 2184 3018 οὐκ
2204 2964 2295 3016 ἐπὶ
2327 2964 2441 3026 τοῖς
2464 2961 2688 3033 τυχοῦσι
2715 2959 3208 3028 κατεγνωσμένων,
3228 2957 3379 3011 δεῦτε
3391 2975 3480 3028 ρον
3507 2957 3680 3012 ἐτίθει

2082 3056 2182 3125 τῆς
2211 3053 2367 3123 δίκης
2391 3053 2483 3106 τὸν
2513 3053 2680 3107 ἔλεον.
2715 3053 2837 3105 Ὅτι
2861 3052 2918 3104 δὲ
2943 3051 3202 3115 πολλάκις
3222 3051 3310 3105 διὰ
3334 3053 3442 3104 τῶν
3471 3053 3682 3121 ἡμετέ-

2083 3162 2192 3215 ρων
2220 3145 2579 3214 πταισμάτων
2606 3143 2988 3213 παραθήγεται
3017 3143 3173 3206 Θεὸς.
3204 3144 3285 3213 εἰς
3307 3143 3367 3196 τὸ
3389 3143 3684 3213 auido-:71;

2083 3236 2197 3289 ἔσθ’
2218 3237 2308 3290 ὅτε
2337 3236 2436 3306 τῆς
2461 3236 2545 3290 ὅτι
2579 3236 2816 3307 μάλιστα
2844 3234 3168 3306 φιλαιτάτης
3192 3234 3342 3304 αὖτῷ
3374 3234 3682 3305 γαληνότη-

2082 3343 2172 3388 τος
2212 3330 2492 3381 κατοκνεῖν
2525 3327 2625 3398 τὴν
2670 3327 2931 3392 ἐπίδοσιν,
2976 3326 3214 3396 χαλεπὸν
3264 3327 3417 3380 οὐδὲν
3461 3327 3557 3380 καὶ
3590 3327 3684 3380 διά

2081 3418 2288 3474 τούτων
2322 3421 2471 3474 ἰδεῖν.
2515 3420 2958 3473 ’Ᾱπεκαλύπτετό
2987 3437 3042 3472 τε
3070 3419 3158 3472 διὰ
3191 3419 3285 3472 τοῦ
3315 3419 3472 3485 darton
3506 3419 3684 3471 Πνεῦ-

2087 3529 2252 3583 ματος
2322 3513 2566 3584 Ἱερεμίᾳ
2618 3511 2695 3583 τῷ
2748 3512 3004 3582 προφήτῃ
3056 3511 3154 3581 τὴν
3211 3512 3479 3580 ἐσομένην
3535 3512 3682 3564 κατᾶ

2083 3603 2311 3676 καιροὺς
2359 3606 2416 3656 ἐν
2461 3603 2614 3674 χώρᾳ
2651 3605 2718 3674 τῇ
2770 3603 2878 3656 τῶν
2925 3601 3192 3656 Ἰουδαίων
3227 3598 3476 3671 σφαγήν·
3519 3618 3686 3654 κατα·

2082 3697 2384 3768 τρεχόντων
2428 3696 2599 3765 αὐτὴν
2640 3693 2880 3764 πολέμου
2930 3695 3081 3765 νόμῳ
3117 3693 3226 3747 τῶν
3273 3693 3640 3747 Βαϐυλωνίων
3668 3709 3681 3722 ·

2085 3791 2200 3844 ἀλλ’
2253 3789 2330 3852 ὼς
2373 3787 2584 3841 πολλῶν
2637 3789 2742 3859 ήδη
2796 3787 3074 3840 πεσόντων
3127 3803 3188 3838 τε
3233 3786 3328 3839 καῖ⁵
3383 3786 3684 3856 ὁρωμένων

2084 3879 2317 3950 νεκρῶν,
2356 3875 2493 3949 πρὸς
2534 3878 2689 3948 ἅγιον
2733 3878 3021 3948 προφήτην
3067 3877 3231 3946 φησί’
3283 3895 3302 3928 ι
3349 3876 3419 3930 Οί
3465 3894 3556 3946 μοι
3599 3879 3680 3930 ὅτι

2085 3971 2327 4024 ἐκλείπει
2363 3973 2396 4041 ἡ
2427 3970 2576 4042 ψυχή
2631 3988 2756 4041 μου,
2799 3969 2892 4024 ἐπὶ
2913 3970 3027 4032 τοῖς
3078 3969 3477 4042 ἀνῃρημένοις·
3521 3985 3683 4039 περι-

2085 4062 2324 4134 δράμετε
2359 4065 2416 4116 ἐν
2463 4065 2585 4128 ταῖς
2631 4063 2770 4127 ὁδοῖς
2809 4059 3190 4133 Ἰερουσαλὴμ,
3241 4063 3334 4114 καὶ
3378 4060 3550 4121 ἴδετε,
3589 4062 3686 4113 καὶ

2088 4154 2288 4224 γνῶτε,
2339 4155 2435 4210 καὶ
2473 4153 2751 4227 ζητήσατε
2788 4155 2846 4208 ἐν
2873 4156 2992 4217 ταῖς
3023 4152 3306 4220 πλατείαις
3338 4151 3512 4221 αὐτῆς
3537 4169 3551 4182 ο
3585 4153 3684 4204 eam

2086 4242 2282 4316 εῦρητε
2306 4245 2497 4318 ἄνδρα,
2529 4248 2577 4298 εί
2603 4245 2719 4298 ἐστι
2743 4243 2911 4298 ποιῶν
2937 4247 3128 4316 κρῖμα.
3155 4244 3249 4297 καὶ
3271 4242 3451 4314 ζητῶν
3476 4243 3681 4303 πίστιν,

2088 4339 2182 4391 καὶ
2214 4338 2373 4403 ἵλεως
2405 4338 2600 4408 ἔσομαι
2649 4339 2856 4404 αὐτοῖς,
2889 4337 3039 4405 λέγει
3082 4339 3302 4409 Κύριος.
3352 4355 3370 4386 ι
3414 4336 3582 4407 Ὁρᾷς
3625 4339 3684 4389 ἐν

2062 4431 2297 4494 τούτοις
2329 4430 2592 4484 ὠδίνοντα
2613 4429 2712 4500 μὲν
2742 4429 2836 4482 ἐπὶ
2855 4431 2967 4492 τοῖς
2991 4430 3357 4501 ἀνῃρημένοις
3380 4428 3567 4491 αὐτον,
3590 4432 3683 4482 καὶ

2087 4522 2382 4592 πρόχειρον
2437 4521 2535 4590 μὲν
2585 4521 2759 4574 ἐλεεῖν
2825 4521 3081 4574 ἐθέλοντα
3138 4520 3238 4590 τὴν
3285 4518 3678 4590 Ἰερουσαλήμο

388 4619 479 4666 ter
527 4611 695 4666 vellet
727 4611 1168 4667 misericordiam
1225 4613 1623 4686 Hierosolymis
1683 4616 1981 4669 exercere?

2091 4612 2414 4684 εἰργόμενον
2449 4610 2508 4665 δέ
2541 4630 2645 4666 που
2672 4615 2758 4682 ἐφ’
2789 4611 2987 4667 ἑαυτοῦ
3019 4611 3322 4682 μονονουχὶ,
3346 4612 3439 4664 xa‘t
3466 4611 3684 4664 ἀνασειο

389 4702 488 4758 sed
531 4712 716 4758 tamen
743 4703 812 4756 ab
854 4702 989 4772 ipsis
1010 4704 1417 4774 quodammodo
1441 4706 1649 4761 claudit
1672 4707 1982 4778 benignita-

391 4801 502 4849 tem
529 4794 635 4850 sibi
670 4795 893 4850 insitam
915 4836 930 4861 ,
961 4804 1190 4866 propter
1218 4809 1573 4868 peccatorum
1617 4799 1817 4854 molem
1851 4813 1982 4869 pro-

392 4886 690 4958 pemodum
719 4905 840 4944 eam
869 4890 1162 4945 retrahens
1182 4899 1348 4961 atque
1373 4899 1660 4956 avertens;
1697 4889 1984 4946 nihilomi-

394 4993 500 5033 nus
522 4989 706 5034 tamen
747 4980 946 5050 quaerit
992 4979 1313 5035 occasiones
1347 4980 1668 5045 miserendi,
1694 4981 1769 5036 ita
1805 4991 1869 5036 ut
1900 4979 1986 5035 vel

393 5068 466 5122 ob
496 5082 667 5123 unum
687 5069 896 5140 justum
921 5067 1058 5123 velit
1080 5069 1218 5124 iram
1246 5068 1546 5138 deponere.
1574 5070 1816 5126 Jubebat
1836 5071 1983 5125 enim

395 5160 808 5216 circumeuntes
839 5161 1034 5215 urbem
1071 5173 1241 5215 unum
1270 5159 1374 5214 sibi
1425 5161 1720 5217 ostendere
1749 5162 1979 5232 justum.

397 5256 564 5310 Maria
595 5256 780 5327 itaque
802 5256 1081 5311 emittitur
1103 5255 1175 5311 ob
1202 5257 1432 5326 lepram,
1466 5270 1575 5326 qua
1612 5265 1732 5312 erat
1758 5257 1982 5312 infecta.

397 5347 504 5403 Sed
529 5349 786 5418 populus,
810 5349 906 5412 ait,
928 5363 1036 5402 non
1066 5356 1152 5403 est
1180 5340 1482 5417 profectus,
1513 5349 1692 5403 donec
1723 5348 1984 5404 mundata

396 5450 544 5495 esset
572 5441 760 5496 Maria.
787 5441 921 5496 Nam
937 5447 992 5494 et
1015 5455 1117 5495 nos
1141 5440 1234 5512 qui
1259 5439 1597 5496 credidimus
1631 5441 1683 5496 in
1702 5441 1985 5496 Christum

396 5533 770 5604 exspectaturi
795 5549 987 5590 sumus
1016 5533 1330 5591 Iudaeorum
1357 5535 1796 5606 puriﬁcationem
1816 5576 1829 5600 ,
1865 5549 1987 5589 eam

474 5714 519 5746 "
548 5715 706 5770 Num.
736 5733 828 5786 xu,
861 5716 942 5772 ll.
1022 5716 1064 5748 "
1092 5717 1251 5773 Rom.
1288 5733 1342 5784 ιι,
1391 5717 1436 5771 Ι.
1499 5717 1560 5796 ,⁸⁸
1589 5717 1748 5774 Num.
1785 5734 1878 5786 xu,
1911 5719 1992 5775 l-i.

2097 4702 2332 4772 ράζοντα
2359 4702 2461 4773 τὴν
2490 4703 2770 4774 θεοπρεπῆ
2797 4701 3162 4772 γαληνότητα.
3181 4701 3269 4754 διὰ
3289 4700 3347 4754 τὸ
3373 4702 3472 4770 τῆς
3503 4703 3683 4772 ἁμαρσ

2087 4793 2206 4857 τίας
2231 4794 2558 4867 ὑπέρογκον,
2587 4793 2858 4866 ζητοῦντα
2880 4793 2925 4846 δ’
2959 4788 3052 4847 οὖν
3079 4793 3229 4864 ὅμως
3251 4792 3344 4845 τοῦ
3375 4793 3682 4846 κατοικτεί-

2091 4903 2208 4958 ρειν
2239 4887 2338 4948 τὰς
2362 4887 2639 4958 ἀφορμὰς,
2672 4888 2767 4942 καὶ
2803 4887 2888 4957 ἐφ’
2925 4885 3006 4938 ἐνὶ
3039 4885 3262 4938 θέλοντα
3299 4883 3592 4938 καταλύειν
3618 4883 3680 4936 τά

2089 4982 2154 5033 ἐκ
2187 4980 2289 5049 τῆς
2318 4979 2492 5052 ὀργῆς
2511 4999 2524 5013 ·
2553 4980 2651 5036 ινα
2683 4979 2793 5052 γὰρ
2833 4980 3002 5052 ἄνδρα
3033 4979 3161 5042 τοὺς
3200 4977 3456 5041 θέλοντας
3484 4978 3682 5030 ἐπιδει-

2091 5069 2284 5125 κνύναι
2323 5071 2514 5125 πιστὸν
2571 5073 2632 5125 ἐν
2680 5071 2817 5142 αὐτῇ
2865 5068 3237 5124 διεπλάττετο.
3308 5068 3681 5137 Ἐκπέμπεται

2083 5161 2265 5214 τοίνυν
2293 5163 2324 5232 ἡ
2363 5161 2601 5234 Μαριὰμ
2636 5163 2728 5214 ἐπὶ
2755 5163 2822 5231 τῇ
2858 5159 3038 5229 λέπρα
3069 5158 3324 5228 κάτοχος.
3389 5157 3533 5210 Ἀλλ’
3587 5158 3679 5208 οὑν

2087 5255 2270 5324 ἐξῇρε.
2302 5255 2489 5324 φησίν,
2524 5256 2554 5308 ὁ
2575 5254 2726 5316 λαὸς.
2744 5255 2850 5318 ἕως
2875 5253 3214 5326 ἐκαθαρίσθη
3240 5251 3493 5322 Μαριάμ.
3523 5251 3678 5318 Bap:-

2094 5345 2364 5416 μενοῦμεν
2397 5348 2504 5418 γὰρ
2533 5348 2628 5401 καὶ
2667 5349 2829 5419 ἡμεῖς
2860 5349 2908 5402 oi
2938 5345 3288 5407 πιστεύοντες
3327 5345 3408 5406 εἰς
3451 5340 3679 5412 Χριστὸν

2090 5438 2182 5491 τὸν
2220 5438 2329 5491 τῶν
2375 5438 2644 5492 Ἰουδαίων
2681 5439 3044 5512 καθαρισμὸν,
3074 5438 3234 5508 δῆλον
3279 5435 3338 5489 δὲ
3366 5435 3448 5487 ὅτι
3479 5432 3570 5486 τὸν
3593 5429 3678 5484 διὰ

2095 5531 2348 5594 πίστεως.
2384 5531 2539 5586 Οῦτω
2564 5549 2623 5585 τε
2655 5533 2715 5586 τὸ
2741 5533 2926 5588 λοιπὸν
2970 5533 3068 5596 τὰς
3097 5532 3152 5584 ἐν
3186 5527 3322 5601 τῷδε
3357 5524 3432 5596 τῷ
3461 5525 3560 5596 βίω
3581 5539 3676 5576 κα-

2074 5719 2344 5777 δνιειρηι.
2377 5735 2449 5787 iv,
2493 5719 2589 5788 5i;
2621 5737 2674 5787 v,
2714 5721 2762 5775 ι.
