4052 6196
447 295 546 357 et"!

1479 309 1536 364 S.
1579 301 1855 366 CYRILLI
1900 305 2373 368 ALEXANDRINI
2413 309 2730 368 Al‘tClllEP.

3623 309 3727 368 608

444 420 522 474 sic
552 418 754 472 habent
784 437 795 471 :
823 411 991 490 388
1027 440 1043 470 ι
1087 413 1215 474 Post
1251 421 1367 474 inec
1405 422 1660 477 discessit
1700 426 1937 494 populus
1961 441 2027 480 ex

2137 426 2272 498 ρὼθ.
2319 427 2412 478 καὶ
2443 425 2815 496 παρενέϐαλεν
2849 427 2904 478 ὲν
2947 427 3014 496 τῇ
3053 425 3249 496 ἐρήμῳ
3285 427 3349 496 τῇ
3383 424 3597 496 Φαράνο
3634 429 3726 479 καὶ

443 509 698 573 Asaroth,
722 511 978 579 etposuit
1005 503 1096 564 teri
1105 512 1243 564 toria
1272 512 1327 564 in
1355 512 1578 567 deserto
1605 515 1820 568 Pharan
1840 533 1852 568 :
1875 517 2029 570 loeu-

453 609 651 668 tusque
683 599 774 656 est.
790 602 1055 656 Dominus
1080 602 1149 655 ad
1184 604 1368 658 Mosen
1393 646 1407 668 ,
1463 605 1657 660 dicens
1695 625 1706 660 :
1749 608 1900 662 Mitte
1927 609 2028 662 tibi

445 690 547 760 ipsi
568 693 787 745 virosut
809 693 1096 761 explorent
1123 703 1326 748 terram
1359 696 1816 764 Citananaeorum,
1865 717 2030 770 quam

440 797 543 850 ego
573 782 718 835 dabo
763 781 890 836 ﬁliis
913 783 1079 839 lsrael
1129 785 1184 839 in
1214 789 1620 856 possessionem
1644 832 1657 856 ,
1694 793 1940 863 singulos
1961 795 2029 851 de

443 873 673 941 singulis
699 872 956 927 tribubus
977 891 1074 943 per
1104 879 1334 946 populos
1370 890 1588 951 patrum
1631 899 1854 937 suorum
1877 927 1890 947 ,
1930 887 2030 942 llOS

442 963 646 1026 mittes,
674 977 874 1032 nempe
911 981 1130 1019 onmem
1154 970 1460 1040 principem
1493 989 1558 1026 ex
1589 974 1742 1043 ipsis.
1773 976 2030 1032 EtMoses

439 1055 624 1109 emisit
655 1056 779 1109 illos
804 1070 870 1109 ex
898 1056 1122 1112 deserto
1153 1061 1536 1134 l’liaranjuxta
1567 1081 1756 1121 vocem
1786 1068 2025 1133 Domini,

439 1156 631 1201 'omnes
658 1136 806 1202 viros
831 1151 1109 1220 principes
1137 1169 1202 1206 ex
1234 1155 1360 1210 filiis
1388 1158 1549 1212 Israel
1575 1161 1638 1215 ⁸⁷.
1664 1180 1680 1210 ι
1718 1161 1830 1215 Viri
1862 1162 2030 1231 igitur

437 1232 532 1306 (lui
559 1254 589 1293 e
619 1239 876 1295 tribubus
901 1241 1100 1310 delecti
1130 1254 1257 1300 sunt
1283 1263 1516 1304 numero
1550 1250 1842 1306 duodecim
1881 1268 1911 1306 a
1945 1269 2031 1308 re-

438 1323 587 1391 liqua
641 1325 996 1382 multitudine
1047 1333 1284 1398 separati
1331 1344 1478 1390 sunt.
1537 1339 2029 1412 Aseenderuntque

437 1414 775 1483 osploraturi
795 1425 983 1471 utrum
1015 1421 1164 1490 regio
1188 1433 1333 1477 esset
1359 1426 1600 1497 pinguis,
1631 1446 1698 1482 an
1717 1446 1913 1499 parmn
1946 1432 2028 1488 fe-

439 1521 557 1570 rax,
591 1523 877 1576 pascuosa,
913 1511 1058 1566 bona
1101 1523 1158 1568 et
1183 1515 1401 1580 fertilis,
1430 1534 1500 1572 an
1531 1520 1686 1576 arida
1708 1533 1765 1576 et
1801 1522 2027 1591 sterilis;

438 1598 570 1652 item
594 1615 662 1653 an
690 1609 837 1656 esset
859 1602 1010 1657 ferax
1036 1605 1300 1660 arborum
1332 1609 1787 1679 domesticarum,
1815 1624 1870 1670 et
1890 1623 2029 1671 tem-

438 1693 680 1761 pestivos
705 1693 922 1750 fructus
961 1697 1326 1766 produceret,
1385 1711 1551 1772 atque
1595 1707 1743 1760 culta
1768 1718 1915 1764 esset
1948 1710 2029 1764 fe-

2139 518 2365 588 ὲλάλησε
2411 519 2614 588 Κύριος
2655 518 2790 588 προς
2837 518 3065 588 Μωσῆν,
3107 518 3280 585 λέγων
3307 535 3318 547 ·
3385 519 3726 571 Ἀπόστειλον

2141 613 2350 683 σεαυτῷ
2384 613 2604 683 ἄνδρας,
2639 613 2732 665 καὶ
2760 609 3309 680 κατασκεψάσθωσαν
3336 611 3434 682 τὴν
3478 610 3583 679 γῆν
3615 611 3722 663 τῶν

2135 698 2476 765 Χαναναίων,
2526 697 2594 773 ἣν
2639 694 2748 770 ἐγὼ
2782 701 2975 770 δίδωμι
3021 693 3135 763 τοῖς
3185 699 3322 762 υίόἴς
3378 699 3597 770 Ἰσραὴλ
3647 702 3724 761 εἰς

2135 797 2486 866 κατάσχεσιν,
2520 791 2688 865 ἄνδρα
2733 793 2830 847 ἕνα
2857 792 3000 846 κατὰ
3041 792 3215 862 φυλὴν
3247 792 3343 845 καὶ
3379 791 3583 862 δήμους
3617 809 3695 845 πα

2131 886 2300 955 τρίων
2334 885 2514 938 αὐτῶν
2563 883 2944 950 ὲξαποστελεῖς
3000 880 3228 945 αὐτούς·
3277 881 3452 933 πάντα
3483 881 3722 951 ἀρχηγὸν

2134 977 2334 1032 αὐτῶν.
2392 978 2505 1030 Καὶ
2555 973 2940 1041 ἐξαπέστειλεν
2997 972 3195 1034 αὐτοὺς
3249 970 3456 1041 Μωσῆς
3509 973 3571 1024 ἐκ
3627 971 3725 1041 τῆς

2133 1071 2343 1141 ἐρήμου
2387 1071 2572 1141 Φαρὰν
2621 1068 2706 1122 διὰ
2757 1067 2941 1136 φωνῆς
2990 1064 3229 1135 Κυρίου,
3283 1064 3484 1127 πάντες
3537 1065 3727 1134 ἄνδρες

2133 1162 2367 1232 ἀρχηγοὶ
2404 1161 2537 1214 υἱῶν
2569 1159 2814 1228 Ἰσραήλ.
2858 1177 2875 1207 δ
2904 1149 3136 1211 Οὗτοιοὶ
3168 1157 3266 1226 μὲν
3304 1152 3398 1208 οὖν
3431 1155 3727 1208 ἀπόλεκτοι

2133 1253 2242 1306 τῶν
2277 1252 2458 1321 φυλῶν
2487 1251 2679 1323 ἄνδρες
2708 1251 2798 1303 τὸν
2828 1249 3064 1320 ἀριθμδν
3089 1248 3411 1301 δυοκαίδεκα
3439 1242 3539 1318 τῆς
3559 1246 3730 1316 ἄλλης

2135 1344 2373 1415 πληθύος
2423 1342 2872 1412 ἀπενοσφίζοντο.
2910 1341 3022 1395 Καὶ
3058 1341 3122 1411 δὴ
3175 1341 3413 1428 ἀνῄεσαν
3477 1334 3536 1392 εὖ
3580 1339 3728 1408 μάλα

2134 1434 2607 1504 κατασκεψόμενοι
2661 1432 2889 1504 πότερόν
2942 1449 3069 1485 ποτε
3111 1428 3310 1501 πίωνῆ
3347 1430 3659 1496 item/ngam;
3694 1432 3728 1500 ἡ

2134 1527 2308 1598 χώρα,
2339 1523 2557 1589 εὐϐοτός
2587 1542 2647 1577 τε
2683 1524 2776 1578 καὶ
2803 1523 3004 1595 ἀγαθὴ,
3042 1523 3134 1576 καὶ
3160 1524 3532 1593 γονιμωτάτῃ,
3558 1525 3731 1594 ῆγουν

2140 1619 2281 1689 ξηρά
2323 1637 2382 1671 τε
2422 1620 2514 1672 καὶ
2543 1619 2829 1685 ἄκαρπος
2869 1613 2900 1684 ἦ
2942 1615 3113 1680 ξύλων
3173 1614 3373 1686 τροφδς
3412 1617 3655 1686 ἡμέρων,
3695 1615 3730 1686 ἦ

2143 1711 2370 1782 καρπῶν
2395 1707 2612 1781 ὡραίων
2652 1708 2890 1779 λαχοῦσα
2923 1708 3160 1777 γένεσιν,
3199 1709 3247 1760 εί
3281 1706 3356 1778 μὴ
3394 1706 3731 1778 ἀμελέτητον

438 1781 616 1836 cunda
639 1784 947 1853 segetibus;
994 1796 1262 1855 prieterea
1301 1791 1492 1858 quales
1533 1793 1765 1849 haberet
1801 1797 2026 1862 incolas,

2136 1781 2246 1874 ἔχει
2273 1804 2333 1854 τὸ
2369 1802 2516 1871 λήϊον
2549 1799 2809 1853 δύνασθαι
2843 1801 3018 1868 κομᾷν
3041 1815 3054 1830 ⁸
3091 1798 3185 1851 καὶ
3226 1797 3361 1869 πρὸς
3389 1797 3602 1860 τούτοις
3640 1797 3729 1850 ἔτι

439 1883 627 1926 utrum
657 1875 856 1929 robore
897 1876 1140 1947 insignes
1179 1888 1236 1934 et
1265 1881 1556 1938 bellicosas
1594 1885 1846 1955 belloque
1883 1889 2032 1943 insu-

440 1963 736 2032 perabiles,
766 1981 838 2019 an
874 1976 1102 2034 possent
1127 1969 1286 2024 facile
1325 1972 1395 2024 ab
1444 1972 1512 2024 iis
1532 1973 1627 2040 qui
1669 1973 1798 2027 forti
1845 1977 2031 2031 animo

438 2054 648 2122 praediti
671 2064 858 2110 essent
881 2058 1220 2128 expugnari;
1248 2069 1514 2128 praeterea
1527 2071 1750 2131 quantae
1772 2073 1827 2119 et
1843 2067 2034 2134 quales

436 2146 493 2199 in
527 2162 588 2200 ea
614 2157 800 2202 essent
827 2149 1010 2213 urbes,
1036 2151 1269 2205 nudaene
1293 2161 1349 2206 et
1367 2153 1485 2208 sine
1512 2156 1810 2220 moenibus,
1832 2173 1900 2211 an
1921 2169 2036 2213 tur-

440 2237 594 2292 ribus
621 2241 865 2295 munitae.
906 2242 1231 2311 Injungebat
1257 2251 1445 2298 autem
1481 2246 1677 2311 Moses,
1712 2257 1789 2312 ut,
1828 2252 1871 2305 si
1897 2252 2030 2305 lice-

440 2333 547 2392 ret,
570 2327 641 2381 de
663 2328 938 2383 fructibus
957 2330 1164 2400 aliquid
1194 2333 1520 2402 decerptum
1556 2337 1623 2390 ad
1655 2340 2032 2394 confirmatio-

438 2433 564 2473 nem
601 2421 679 2476 rei
725 2429 1070 2478 revertentes
1103 2440 1290 2478 sccum
1323 2426 1609 2482 aﬂerrent.
1647 2431 1881 2500 ingressi
1926 2433 2031 2488 ita-

437 2526 545 2579 que
577 2514 702 2577 iter,
740 2522 799 2566 ut
832 2514 946 2568 dixi
969 2555 983 2578 ,
1032 2515 1355 2570 nitebantur
1388 2528 1648 2587 przestare
1673 2537 1736 2576 ea
1763 2539 1886 2592 quae
1926 2525 2032 2578 imo

436 2611 626 2672 perata
649 2615 827 2660 erant.
859 2606 1182 2678 Opportuno
1210 2619 1395 2670 autem
1427 2619 1672 2682 tempore
1705 2615 1908 2679 oblato,
1933 2633 2030 2671 ex-

436 2696 729 2765 plorarunt
788 2708 1012 2764 terram,
1077 2701 1410 2774 botrumque
1463 2719 1650 2760 secum
1702 2711 2027 2774 attulerunt,

437 2804 553 2842 rem
590 2791 835 2858 proiecto
865 2792 1271 2862 admirabilem,
1301 2805 1357 2850 et
1379 2799 1754 2877 spectaculum
1791 2802 2030 2857 miracu-

439 2882 662 2951 lumque
710 2900 901 2958 verum
928 2927 942 2949 ,
979 2886 1254 2958 illaesique
1303 2892 1509 2944 reversi
1553 2901 1684 2946 sunt
1723 2893 1789 2947 ad
1823 2895 2028 2951 Mosen.

432 2969 709 3028 Caeterum
757 2957 1050 3033 sententiis
1091 2979 1457 3037 dissidebant.
1492 2984 1627 3038 Nam
1679 2998 1873 3041 omnes
1923 3003 2038 3042 uno-

434 3077 533 3119 ore
562 3066 954 3134 praedicabant,
985 3079 1043 3125 et
1071 3075 1495 3139 renuntiabant,
1523 3078 1668 3145 quod
1698 3086 1843 3131 terra
1888 3079 2030 3133 bona

436 3163 508 3209 et-
529 3157 748 3227 pinguis
791 3168 960 3226 esset,
1015 3170 1182 3232 atque
1212 3165 1266 3218 in
1318 3166 1482 3236 hujus
1525 3168 1602 3220 rei
1653 3169 2029 3224 testimonium

436 3248 779 3304 exhibebant
831 3252 1073 3310 fructum
1120 3271 1282 3323 quem
1333 3264 1399 3310 ex
1462 3259 1551 3311 illa
1597 3260 1899 3314 attulerant
1936 3267 2031 3316 :at

440 3340 690 3394 nonnulli
735 3357 930 3396 eorum
955 3346 1308 3414 appellabant
1359 3358 1575 3418 gentem
1609 3351 1760 3404 illius
1793 3354 2030 3422 regionis

440 3427 744 3483 animosam
780 3441 947 3500 atque
983 3434 1301 3500 robustam,
1338 3439 1583 3514 adeoque
1625 3443 1938 3498 bellicosam
1973 3449 2030 3500 ut

437 3518 649 3572 nemini
691 3520 850 3576 facile
887 3523 1110 3580 cederet
1153 3544 1262 3596 prae
1301 3547 1400 3583 suo
1431 3532 1592 3586 fastu.
1645 3534 1808 3588 Filios
1857 3537 2024 3604 enim,

440 3608 682 3675 aiebant,
739 3611 1019 3680 gigantum
1083 3616 1320 3672 vidimus
1373 3619 1482 3683 ibi;
1539 3638 1710 3688 genus
1746 3624 2027 3678 hominum

439 3714 727 3767 procerum
750 3701 886 3756 adeo
909 3713 965 3758 et
989 3706 1215 3774 grande,
1241 3718 1300 3762 ut
1327 3709 1422 3762 filii
1450 3710 1612 3764 Israel
1638 3713 1779 3765 sicut
1804 3714 2028 3769 locusta:

439 3793 783 3858 viderentur,
814 3797 859 3850 si
885 3798 1108 3866 quidem
1145 3815 1273 3854 eum
1308 3800 1541 3854 istorum
1568 3816 2029 3873 notitpararentur

440 3887 796 3955 proceritate.
830 3888 1040 3944 Cbaleb
1063 3900 1248 3946 autem
1276 3903 1333 3948 et
1361 3894 1529 3961 Josua
1553 3895 1731 3965 palam
1757 3914 1821 3952 ac
1855 3899 2028 3956 libere

433 3977 694 4045 dicebant
731 3981 877 4049 quod
914 3981 1056 4037 bona
1091 3995 1253 4054 atque
1284 3985 1502 4056 pinguis
1548 3987 1686 4043 foret
1713 4000 1876 4044 t'err‘a.
1907 3993 2024 4048 Uti-

438 4083 562 4119 nam
591 4068 817 4136 cligeret
843 4087 944 4124 nos
977 4073 1139 4136 Deus,
1167 4091 1305 4144 quos
1341 4075 1397 4130 in
1429 4078 1577 4132 illam
1604 4079 1981 4138 introduceret
2009 4087 2020 4139 !

433 4154 858 4225 Superabuntur
885 4162 978 4229 qui
1001 4177 1122 4217 eam
1167 4165 1438 4230 incolunt,
1487 4167 1598 4223 Deo
1632 4187 1730 4240 pro
1754 4174 1913 4228 nobis
1939 4175 2024 4228 di-

440 4247 696 4310 micante,
733 4249 932 4303 iterum
956 4260 1120 4322 atque
1161 4256 1362 4310 iterum
1407 4258 1772 4315 aﬂirmaltant.
1818 4266 2026 4335 Vulgus

432 4344 621 4392 autem
661 4340 1036 4408 promiscuum
1077 4345 1483 4412 lsraelitarum,
1520 4350 1688 4421 389
1711 4355 1914 4411 auditis
1941 4357 2026 4414 Itis

437 4426 620 4482 verbis
652 4428 705 4482 in
731 4429 1067 4487 oblivionem
1099 4435 1191 4488 Dei
1226 4437 1484 4501 traducti,
1543 4441 1936 4514 signorumque
1969 4448 2022 4501 in

435 4517 664 4589 Aigypto
701 4523 978 4578 editorum
1029 4526 1384 4584 immemores
1429 4533 1584 4588 valde
1627 4537 2024 4604 extimucrunt,

438 4612 816 4684 tardioresque
839 4618 906 4672 ad
957 4621 1312 4689 pugnandum
1365 4626 1548 4680 effecti
1589 4629 1847 4697 prurlium
1886 4631 2026 4687 inite

436 4714 781 4768 recusarunt,
813 4725 992 4778 neque
1022 4713 1260 4781 amplius
1292 4727 1479 4772 amant
1506 4721 1798 4789 promissa,
1831 4731 1926 4776 aut
1956 4723 2025 4779 de

436 4799 779 4854 auxiliatrice
799 4818 963 4856 manu
991 4805 1253 4875 cogitant,
1289 4824 1412 4876 qua:
1431 4812 1612 4865 munia
1641 4823 1883 4882 superat,
1916 4827 1972 4868 et
1997 4833 2027 4869 a

434 4891 652 4945 nemine
681 4903 858 4961 potest
883 4899 1132 4966 superari
1168 4917 1181 4951 :
1209 4908 1264 4954 at
1289 4901 1471 4970 potius
1504 4905 1792 4973 pueriliter
1824 4907 2024 4975 plorat,

433 4983 758 5052 trepideque
778 4999 1060 5056 exspectat
1091 4991 1390 5048 hostilibus
1418 4995 1614 5065 gladiis
1644 5014 1841 5052 uxores
1871 5016 2019 5062 suas,

431 5089 664 5144 qumque
724 5077 855 5146 ipsis
910 5082 1232 5139 charissima
1292 5096 1468 5150 erant,
1532 5100 1871 5159 assumptum
1931 5093 2015 5146 iri.

436 5167 622 5235 Neque
663 5187 790 5226 vero
822 5173 1008 5227 dicere
1035 5178 1194 5231 veriti
1232 5188 1380 5240 sunt,
1403 5181 1701 5248 gratiorem
1733 5183 1834 5251 ipsi
1868 5185 2016 5237 futti—

436 5274 548 5311 ram
603 5261 769 5317 fuisse
799 5266 1120 5320 servitutem
1170 5266 1547 5341 zEgyptiat-am
1570 5313 1583 5334 ,
1617 5272 1897 5343 ipsiusque
1927 5277 2017 5345 ju-

432 5367 559 5417 gum
601 5353 795 5408 levius.
839 5356 1056 5411 Utinam
1097 5360 1163 5412 ad
1194 5360 1660 5432 /Egyptiosnobis
1697 5369 1896 5420 reverti
1952 5368 2019 5420 li-

433 5449 612 5498 ceret!
675 5447 1038 5518 lacrymantes
1091 5453 1381 5520 dicebant;
1446 5454 1669 5510 Josuam
1729 5469 1909 5511 autem
1963 5470 2019 5512 et

433 5529 639 5591 Chaleb
662 5577 676 5601 ,
713 5541 806 5608 qui
829 5541 895 5596 ad
922 5543 1302 5602 fortitudinem
1339 5563 1432 5602 eos
1466 5549 1801 5614 excitabant,
1832 5551 2020 5618 pulve-

507 5712 552 5746 "
591 5714 753 5771 Nam.
791 5732 902 5783 xm,
953 5721 1063 5778 l4.

2133 1896 2276 1958 τίνες
2310 1894 2374 1947 ἂν
2404 1889 2514 1946 εἷεν
2543 1894 2592 1944 οἱ
2625 1893 2895 1956 κάτοικοι,
2941 1890 3169 1960 πότερόν
3219 1907 3348 1942 ποτε
3379 1891 3545 1944 δεινοὶ
3590 1889 3730 1960 πρὸς

2134 1983 2328 2056 ἀλκὴν,
2362 1985 2455 2038 καὶ
2495 1984 2893 2053 καταγώνιστοι
2925 1983 2992 2035 τὰ
3040 1983 3336 2052 πολεμικὰ,
3371 1981 3464 2036 καὶ
3507 1984 3566 2036 οὐ
3612 1987 3734 2046 τοῖς

2133 2077 2392 2148 τυχοῦσιν
2419 2077 2726 2146 εῦὰντητοι,
2767 2073 2939 2147 ἦγουν
2966 2077 3079 2139 τοῖς
3122 2074 3465 2146 ἀνδρίζεσθαι
3497 2074 3734 2146 μεμελε-

2133 2168 2356 2241 τηκόσιν
2390 2169 2631 2232 εὐκόλως
2666 2169 2934 2240 ἀλώσιμοι
2961 2187 2973 2200 ·
2999 2171 3120 2222 ὅσαι
3154 2168 3209 2221 δὲ
3239 2167 3304 2239 δὴ
3343 2162 3408 2221 αὖ
3445 2168 3539 2220 καὶ
3577 2167 3736 2231 τίνες

2134 2263 2190 2315 αἱ
2225 2261 2426 2325 πόλεις,
2463 2256 2578 2332 ἆρα
2615 2261 2770 2329 ψιλαὶ
2818 2262 2910 2314 καὶ
2953 2261 3268 2331 ἀτείχιστοι,
3314 2260 3479 2330 ἤγουν
3525 2259 3733 2331 ἄριστα

2135 2370 2199 2404 πε
2215 2352 2590 2422 πυργωμέναι.
2624 2352 2942 2424 Προσετίθει
2963 2353 3062 2406 δὲὸ
3091 2353 3297 2423 Μωσῆς
3326 2351 3515 2404 amat
3543 2351 3734 2404 αὐτῶν

2132 2447 2314 2517 δεήσει
2334 2444 2441 2498 τῶν
2463 2444 2695 2516 καρπῶν
2721 2445 3204 2517 ἀποδρεψαμένους
3235 2445 3398 2498 οἱονεὶ
3423 2443 3558 2515 πρὸς
3588 2443 3733 2494 ἀπό-

2133 2535 2318 2602 δειξιν,
2343 2537 2638 2606 ἐπανήκειν
2663 2536 2882 2600 αὐτούς.
2930 2535 3353 2608 Ἀναϐεϐηκὸτες
3374 2536 3438 2607 δὴ
3465 2531 3558 2588 οῦν
3589 2536 3731 2587 ἀπο-

2136 2629 2348 2696 φαίνειν
2387 2628 2681 2697 ἠπείγοντο
2723 2628 2785 2680 τὺ
2814 2629 3266 2699 κεκελευσμένον.
3299 2625 3635 2696 Ἐπιτηδείου
3668 2625 3734 2680 δὲ

2134 2721 2288 2785 ὄντος
2322 2720 2518 2791 καιροῦ
2559 2720 2793 2774 κατεσκέ
2808 2722 2996 2774 πτοντό
3029 2733 3086 2773 τε
3111 2720 3208 2791 τὴν
3239 2717 3366 2788 γῆν,
3405 2719 3499 2772 καὶ
3530 2717 3593 2787 δὴ
3628 2719 3737 2771 καὶ

2129 2812 2328 2882 βότρυν
2352 2813 2980 2884 ὲπαναθέμενοι,χρῆμά
3008 2832 3060 2866 τι
3085 2814 3387 2885 παράδοξον
3420 2813 3515 2866 καὶ
3546 2811 3719 2865 ἀσύν-

2134 2904 2298 2972 ηθες.
2334 2902 2531 2973 ἀληθὲς
2565 2904 2752 2974 θαῦμά
2780 2923 2839 2958 τε
2885 2907 2975 2958 καὶ
3010 2906 3125 2975 ἅμα
3161 2907 3414 2976 παρῆσαν
3452 2903 3684 2975 ἁξήμιοι
3715 2945 3731 2966 ,

2135 2993 2229 3046 καὶ
2275 2994 2549 3064 ἐπανῆκον
2584 2996 2676 3048 ἐπὶ
2710 2993 2933 3048 Μωσέα.
2983 2995 3127 3067 Πλὴν
3160 2989 3546 3065 ἐπεμερίζοντο
3590 2995 3722 3060 ταῖς

2135 3088 2386 3153 γνώμαις
2408 3084 2507 3142 ἔτι.
2546 3084 2725 3139 Ᾱὶνεῖν
2768 3088 2866 3156 μὲν
2894 3088 3005 3157 γὰρ
3033 3080 3240 3158 ἠξίουν,
3262 3082 3357 3140 καὶ
3382 3087 3736 3155 ἀπήγγελλον

2138 3173 2399 3240 ἅπαντες,
2425 3177 2502 3240 ῶς
2525 3178 2706 3248 ἀγαθὴ
2735 3178 2826 3232 καὶ
2865 3175 3006 3232 πίων
3032 3181 3066 3243 ἡ
3100 3172 3192 3250 γῆ,
3232 3179 3326 3231 καὶ
3353 3179 3539 3231 τούτου
3577 3179 3731 3250 μάρ-

2136 3285 2275 3340 τυρα
2323 3272 2649 3341 ἐπεκόμιζον
2688 3267 2780 3325 τὸν
2823 3273 2882 3339 ἐξ
2938 3267 3106 3342 αὐτῆς
3150 3265 3422 3342 ληφθέντα
3467 3272 3687 3341 καρπόν
3717 3291 3731 3302 ·

2138 3362 2251 3415 ἀλλ’
2289 3365 2336 3415 οἱ
2370 3363 2467 3432 μὲν
2516 3363 2693 3433 θρασύ
2723 3357 2785 3416 τὺ
2825 3364 2978 3427 ἔθνος
3014 3359 3075 3417 τὺ
3102 3366 3187 3417 ἐπ’
3222 3365 3392 3434 αὐτῆς
3438 3365 3737 3433 ὠνόμαζον

2138 3454 2391 3516 εὐσθενές
2437 3473 2494 3507 τε
2549 3456 2642 3509 καὶ
2694 3456 3103 3527 μαχιμώτατον,
3149 3459 3241 3510 καὶ¹
3283 3459 3402 3520 ταῖς
3441 3455 3548 3509 τῶν
3585 3456 3735 3508 πάν-

2064 3583 2073 3591 «
2136 3554 2243 3599 των
2318 3545 2644 3617 ὑπεροψίαις
2709 3541 2866 3615 ὀλίγα
2918 3547 3305 3618 παραχωροῦν.
3362 3549 3525 3608 Tini);
3591 3551 3733 3617 γὰρ,

2137 3633 2294 3701 φασὶ,
2321 3635 2595 3702 γιγάντων
2628 3635 2954 3706 ἑωράκαμεν
2981 3633 3123 3688 ἐκεῖ·
3152 3637 3354 3707 ὑψηλὸν
3383 3639 3436 3690 δὲ
3467 3636 3608 3689 οὕτω
3632 3641 3737 3690 κσιῖ

2136 3724 2454 3793 εὐμέγεθες,
2489 3725 2563 3789 ὡς
2601 3726 2862 3795 ἀκρίδων,
2903 3724 3058 3798 οἶμαί
3094 3746 3217 3792 που,
3268 3729 3563 3797 διενεγκεῖν
3599 3730 3734 3791 τοὺς

2135 3813 2194 3878 ἐξ
2211 3815 2444 3884 αἵματος
2474 3815 2714 3886 Ἰσραὴλ,
2731 3817 2778 3869 εί
2803 3819 2923 3879 ταῖς
2943 3818 3170 3870 ἐκείνων
3187 3819 3480 3889 ὑπεροχαῖς
3505 3822 3733 3888 συγκρί-

2135 3924 2328 3960 νοιντο.
2360 3908 2540 3962 Χάλεὸ
2574 3909 2630 3961 δὲ
2671 3909 2763 3962 καὶ
2807 3910 3022 3980 Ἰησοῦς
3060 3910 3298 3981 ἔφασκον
3339 3911 3604 3982 ἐναργῶς,
3648 3913 3734 3975 ὡς

2135 3997 2312 4067 ἀγαθή
2328 4015 2386 4051 τε
2406 3999 2498 4052 καὶ
2519 3999 2701 4070 πίωνὴ
2729 3999 2822 4068 γῆ.
2848 4001 2958 4052 Καὶ
2979 4001 3026 4052 εἰ
3043 4000 3308 4071 αίρετίζει
3325 4002 3469 4070 ἡμᾶς
3495 3999 3728 4069 Κύριος,

2135 4089 2504 4160 εἰσάξειήμᾶς
2535 4091 2614 4152 είς
2640 4090 3192 4161 αὐτὴν.11εριέσονται
3224 4091 3280 4142 δὲ
3311 4091 3390 4143 ὅτι
3416 4089 3525 4142 τῶν
3551 4089 3731 4159 καθη-

2133 4183 2369 4244 κόντων,
2415 4181 2551 4234 Θεοῦ
2595 4181 3050 4252 προασπίζοντος,
3091 4181 3493 4235 διεδεϐαιοῦντο
3530 4180 3727 4235 πάλιν.

2145 4271 2359 4343 Ἐπειδὴ
2377 4272 2433 4325 δὲ
2446 4271 2554 4326 τῶν
2569 4272 2826 4325 τοιούτων
2843 4272 3122 4342 ἠκροῶντο
3139 4272 3312 4339 λόγων
3329 4273 3376 4323 οἱ
3398 4272 3455 4337 ἐξ
3483 4272 3728 4342 Ἰσραὴλ,

2131 4366 2162 4431 ἡ
2200 4361 2369 4434 πολλή
2413 4381 2473 4416 τε
2527 4365 2622 4416 καὶ
2673 4364 2902 4432 ἀγελαία
2934 4363 3175 4432 πληθὺς,
3226 4363 3389 4426 εὐθὺς
3424 4365 3502 4426 εἰς
3539 4358 3729 4432 ⁴λήθην

2134 4453 2492 4523 ὐπενεχθεῖσα
2510 4454 2667 4518 Θεοῦ,
2684 4456 2777 4508 καὶ
2800 4456 2906 4507 τῶν
2927 4457 2982 4506 ἐν
3001 4455 3257 4522 Αἰγύπτῳ
3283 4454 3523 4524 σημείων
3545 4455 3728 4524 ἀμνηο

2134 4548 2414 4616 μονήσασα
2435 4589 2447 4610 ,
2487 4545 2621 4598 πολύ
2651 4545 2710 4598 τὸ
2743 4546 2904 4616 δεῖμα
2929 4550 3109 4608 νοσεῖ,
3146 4547 3296 4598 ὀκνεῖ
3326 4545 3459 4615 πρύς
3489 4544 3586 4614 τὴν
3618 4546 3726 4615 μά-

2131 4652 2266 4704 χην,
2309 4632 2556 4703 ἀπέφηνε
2605 4634 2703 4706 τὴν
2752 4636 3094 4698 ἀντίστασιν,
3145 4637 3245 4706 ἐρᾷ
3288 4636 3345 4688 δὲ
3384 4635 3564 4687 οὐκέτι
3613 4634 3727 4686 τῶν

2130 4727 2557 4796 ἐπηγγελμένων
2578 4744 2588 4753 ’
2623 4727 2682 4780 οὐ
2706 4729 2804 4797 τὴν
2826 4728 2918 4780 τοῦ
2949 4727 3269 4795 βοηθοῦντος
3287 4728 3539 4780 διενοεῖτο
3561 4729 3728 4795 χεῖρα

2129 4818 2229 4888 τὴν
2265 4818 2518 4887 παναλκῆ
2565 4835 2623 4870 τε
2661 4819 2754 4872 καὶ
2789 4819 3033 4888 ἄμαχον,
3064 4817 3395 4887 κατοιμώξει
3435 4817 3490 4869 δὲ
3538 4835 3724 4888 μειραο

2131 4907 2372 4970 κιωδῶς,
2416 4907 2510 4960 καὶ
2543 4908 2741 4960 αὐτίκα
2774 4907 2828 4959 δὲ
2866 4907 3043 4976 μάλα,
3076 4907 3317 4974 γυναίοις
3356 4923 3412 4957 τε
3446 4903 3582 4974 ὁμοῦ
3629 4907 3725 4957 καὶ

2128 4999 2404 5067 φιλτάτοις
2435 4998 2537 5052 τῶν
2560 4998 2834 5067 πολεμίων
2855 4998 3030 5067 ξίφεσι
3050 4997 3400 5068 δαπανηθήσε
3411 4995 3533 5049 σθαι
3558 5011 3724 5065 προσ-

2122 5091 2275 5161 δοκᾷ.
2309 5092 2413 5144 Καὶ
2446 5089 2509 5160 δὴ
2547 5093 2642 5143 καὶ
2679 5092 2842 5158 φάναι
2880 5091 3311 5161 τετολμήκασιν.
3348 5091 3423 5153 ῶς
3461 5087 3528 5159 ἦν
3558 5089 3723 5158 ἀμεί·

2075 5207 2077 5209 ι
2127 5200 2232 5234 νων
2257 5183 2443 5251 θητεία
2466 5183 2649 5244 αὐτοῖς
2680 5185 2710 5252 ἡ
2743 5185 2799 5234 ἐν
2830 5183 3112 5252 Αίγύπτῳ,
3145 5184 3235 5236 καὶ
3260 5183 3320 5235 τὸ
3348 5182 3446 5252 τῆς
3474 5181 3722 5242 δουλείας

2129 5275 2293 5344 ἄχθος
2345 5274 2794 5344 εὐφορητὸτερον.
2858 5273 3252 5335 ’Υπονοστῆσαί
3301 5291 3360 5326 τε
3407 5275 3487 5327 ὅτι
3535 5273 3723 5339 δεήσει

2133 5368 2268 5438 πρὸς
2312 5366 2641 5435 Αἰγυπτίους
2672 5364 3418 5438 δακρυῤῥοοῦντεςὲφασκον·
3467 5363 3721 5434 nugaeq-

2131 5476 2326 5526 γοντας
2375 5457 2510 5528 πρὸς
2562 5457 2814 5529 ἀκδρείαν
2858 5458 2984 5520 τοὺς
3031 5459 3174 5525 ἀμφὶ
3227 5458 3314 5509 τὸν
3369 5454 3576 5519 Ἰησοῦν
3624 5453 3722 5506 καὶ

2135 5547 2348 5612 Χάλεῧ,
2397 5547 2488 5600 καὶ
2529 5547 2655 5616 χοῦν
2701 5547 3215 5616 καταπιττομὲνους
3257 5544 3583 5602 καταλιθοῦν
3613 5545 3721 5596 ἐπ-
