4060 6192
326 242 430 301 609

1373 239 1895 300 GLAPHYRORUM
1932 240 2000 296 ΙΝ
2040 238 2369 299 NUMEROS
2406 241 2631 299 LIBER.

3508 247 3611 303 610

323 366 588 431 εχεὶρουν.
641 360 911 421 ἰιι-ὀντων
938 359 993 412 δὲ
1026 360 1126 431 ἤδη
1163 358 1297 432 πρὸς
1341 359 1497 413 τοῦτο
1525 360 1709 413 λοιπὸν
1753 358 1908 413 eam

2031 374 2170 424 rem,
2200 367 2261 414 ut
2285 360 2476 425 aiunt,
2516 360 2917 424 suﬂ‘uudentes,
2967 359 3211 431 lapidare
3244 360 3608 416 conabantur.

323 467 481 522 τητος
506 450 621 509 τῶν
648 451 993 523 πραγμάτων
1011 493 1025 515 ,
1057 450 1212 522 ὤφθη
1229 492 1243 516 ,
1275 452 1408 523 φησὶ
1427 491 1442 515 ,
1475 451 1602 516 δόξα
1629 451 1837 524 Κυρίου
1861 453 1919 504 ὲν

323 540 521 613 νεφέλῃ
550 541 645 595 ἐπὶ
674 543 775 613 τὴν
805 540 1013 608 σκηνὴν
1051 541 1146 596 τοῦ
1185 542 1485 615 μαρτυρίου
1505 583 1519 606 ,
1554 544 1614 595 ὲν
1644 544 1778 596 πᾶσι
1809 544 1919 604 τοῖς

322 630 458 695 υίοῖς
508 630 764 703 Ἰσραὴλ,
807 632 902 685 καὶ
942 632 1214 685 διολλύναι
1263 632 1363 701 μὲν
1402 632 1649 695 ἅπαντας
1684 630 1918 703 ἀμελητὶ

317 721 696 781 διεσκέπτετο.
744 723 1191 794 Προσπίπτοντος
1246 724 1303 777 δὲ
1351 724 1446 777 καὶ
1490 722 1917 795 ἐκλιπαροῦντος

318 815 586 881 Μωσέως,
616 814 903 869 κατανεύει
933 814 1103 884 μόλις.
1145 836 1164 868 ι
1202 811 1336 870 Εἶπε
1363 816 1495 887 γάρ.
1524 816 1679 886 φησὶ,
1712 815 1917 886 Κύριος

319 908 455 971 πρὸς
490 907 697 978 Μωσῆν
719 925 732 938 ·
768 907 958 971 "llam;
987 908 1173 971 αὐτοῖς
1202 910 1319 980 είμὶ
1351 910 1492 962 κατὰ
1518 909 1576 962 τὸ
1612 908 1766 979 ῥῆμά
1796 926 1912 964 σου.

332 996 495 1057 Ἀλλὰ
524 996 601 1061 ζῶ
635 996 772 1065 ἐγὼ,
814 996 910 1050 καὶ
952 995 1061 1060 ζῶν
1099 998 1160 1051 τὸ
1189 998 1360 1068 ὄνομά
1392 1016 1515 1069 μου.
1554 1000 1664 1063 Καὶ
1707 999 1917 1071 ἐμπλή-

321 1105 403 1140 σει
448 1089 484 1158 ἡ
515 1087 644 1155 δόξα
687 1089 895 1156 Κυρίου
935 1092 1117 1149 πᾶσαν
1158 1091 1260 1160 τὴν
1298 1090 1422 1161 γῆν.
1456 1091 1579 1145 Ὅτι
1627 1091 1829 1155 πάντες
1864 1092 1916 1145 οἱ

320 1181 515 1253 ἄνδρες
544 1182 596 1234 οἱ
632 1182 871 1251 ὁρῶντες
913 1182 1013 1253 τὴν
1042 1181 1201 1247 δόξαν
1235 1199 1368 1253 μου,
1401 1183 1496 1235 καὶ
1527 1182 1597 1236 τὰ
1626 1185 1830 1253 σημεῖα
1877 1183 1913 1239 ἃ

318 1273 431 1343 ἐγὼ
460 1274 691 1344 ἐποίησα
712 1275 772 1327 ὲν
800 1277 867 1346 τῇ
894 1275 1176 1347 Αἰγύπτῳ,
1203 1276 1297 1333 καὶ
1326 1276 1383 1329 ὲν
1407 1276 1473 1347 τῇ
1505 1275 1699 1351 ἐρήμῳ
1719 1275 1910 1348 ταύτῃ.

315 1368 415 1420 καὶ
444 1366 743 1438 ἐπείρασάν
770 1384 837 1436 με
864 1367 1024 1420 τοῦτο
1056 1366 1304 1433 δέκατον,
1334 1368 1429 1421 καὶ
1457 1370 1558 1429 οὐκ
1586 1368 1914 1436 είσήκουσάν

322 1472 425 1526 μου
475 1454 578 1526 τῆς
611 1455 817 1526 φωνῆς.
862 1457 935 1509 ’Ἡ
972 1456 1077 1528 μὴν
1126 1457 1226 1510 οὐκ
1274 1457 1495 1525 ὄψονται
1555 1457 1655 1529 τὴν
1700 1458 1803 1529 γῆν
1847 1458 1915 1530 ἣν

321 1545 513 1617 ὤμοσα
542 1549 655 1609 τοῖς
682 1547 953 1617 πατράσιν
983 1547 1192 1611 αὐτῶν..
1214 1548 1328 1602 ἀλλ’
1356 1548 1389 1619 ἢ
1415 1549 1486 1602 τὰ
1512 1550 1679 1603 τέκνα
1707 1549 1909 1615 αὐτῶν,

319 1636 357 1691 ἆ
402 1640 521 1693 ἐστι
575 1638 694 1708 μετ’
740 1636 875 1707 ἐμοῦ
907 1631 1038 1693 ὧδε·
1082 1638 1197 1692 ὅσοι
1244 1639 1345 1693 οὐκ
1388 1638 1593 1694 οἴδασιν
1627 1639 1830 1708 ἀγαθὸν
1876 1640 1908 1711 ἢ

322 1732 512 1786 κακόν.
541 1732 657 1794 Πᾶς
681 1729 946 1802 νεώτερος
969 1730 1215 1802 ἄπειρος.
1240 1731 1451 1795 τούτοις
1476 1731 1631 1785 δώσω
1654 1732 1752 1804 τὴν
1780 1732 1905 1803 γῆν.
1941 1707 1985 1771 Β

308 1824 532 1903 Πάντες
561 1824 619 1877 δὲ
663 1824 713 1877 oi
758 1822 1160 1892 παροξύναντές
1195 1841 1290 1895 με,
1322 1825 1421 1878 οὐκ
1459 1825 1678 1894 ὄψονται
1706 1825 1904 1896 αὐτήν·

312 1918 347 1987 ,ὁ
371 1917 430 1971 δὲ
468 1919 596 1982 παῖς
632 1933 732 1988 μου
767 1916 983 1979 Χάλεϐ,
1007 1916 1091 1969 ὄτι
1124 1915 1355 1987 ἐγενήθη
1388 1916 1605 1987 πνεῦμα
1640 1917 1827 1988 ἕτερον
1852 1919 1910 1971 ἐν

319 2007 498 2079 αὐτῷ,
542 2007 637 2060 καὶ
667 2006 1074 2078 ἐπηκολούθησε
1110 2025 1230 2077 μοι·
1266 2007 1470 2072 εἰσάξω
1498 2007 1660 2062 αὑτὸν
1692 2011 1771 2072 εἰς
1813 2009 1909 2079 τὴν

318 2098 421 2169 γῆν
451 2100 532 2161 είς
562 2099 628 2170 ἣν
658 2096 905 2169 εἰσῆλθον
930 2099 1075 2160 ἐκεῖ,
1113 2096 1210 2150 καὶ
1238 2096 1301 2150 τὸ
1338 2096 1563 2168 σπέρμα
1591 2096 1756 2151 αὐτοῦ
1787 2096 1910 2167 κλη.

318 2190 610 2261 ρονομήσει
651 2188 842 2261 αὑτήν.
894 2208 914 2241 ι
975 2188 1166 2259 ’Λθρει
1202 2187 1266 2260 δὴ
1297 2183 1420 2254 οὖν,
1468 2189 1550 2241 ὅτι
1584 2188 1910 2260 παγχάλεπα

321 2280 420 2350 μὲν
464 2278 621 2350 παρὰ
666 2279 787 2351 Θεῷ
829 2279 930 2351 τῆς
964 2262 1349 2344 ἀπειθείαςτὰ
1390 2278 1736 2350 ἐγκλήματα.
1776 2280 1912 2333 Δύσ-

314 2390 499 2428 οιστον
537 2373 595 2426 δὲ
621 2373 721 2444 τὴν
752 2372 956 2442 ζημίαν
979 2372 1268 2443 ὑπομένειν
1293 2372 1509 2443 ἀνάγκη
1537 2372 1664 2436 τοὺς
1691 2373 1783 2425 ὑπ’
1808 2374 1901 2426 αὺ-

315 2465 415 2536 τὴν
449 2466 761 2534 γεγονότας.
800 2464 970 2521 Τοῦτό
992 2481 1075 2517 τοι
1107 2463 1346 2518 παθόντα
1371 2464 1461 2518 τὸν
1502 2464 1717 2536 Ἰσραὴλ
1743 2466 1908 2536 εὑρή-

316 2573 518 2626 σομεν,
551 2559 664 2621 τοῖς
690 2557 1067 2628 ἀρχαιοτέροις
1098 2558 1394 2628 Γράμμασι
1434 2557 1499 2611 τὰ
1536 2559 1635 2621 νέα
1675 2557 1908 2627 συμϐάλο

314 2645 522 2713 λοντες,
574 2649 668 2709 καὶ
699 2648 1097 2718 συμϐαίνουσαν
1127 2652 1247 2713 ταῖς
1292 2650 1474 2713 σκιαῖς
1517 2648 1910 2717 ἀποφαίνοντες

314 2739 418 2808 τὴν
463 2737 748 2810 ἀλήθειαν.
783 2738 1089 2810 Προτρέπει
1126 2738 1224 2808 μὲν
1244 2738 1364 2810 ’γὰρ
1398 2739 1602 2810 Μωσῆς
1635 2738 1772 2801 ἰέναι
1806 2755 1907 2809 κα-

312 2829 760 2901 τασκεψομένους
786 2825 844 2883 εὖ
878 2829 1024 2901 μάλα
1046 2830 1142 2899 τῆς
1170 2828 1503 2899 ἐπαγγελίας
1528 2829 1627 2911 τὴν
1649 2830 1750 2899 γῆν
1779 2829 1905 2893 τοὺς

314 2921 713 2993 ἐξηλεγμένους
739 2924 803 2987 έκ
826 2921 1012 2987 πασῶν
1042 2922 1150 2983 τῶν
1174 2921 1374 2989 φυλῶν.
1419 2920 1638 2992 Ἐπειδὴ
1662 2920 1719 2977 δὲ
1747 2916 1905 2992 ἧκον.

313 3013 409 3074 καὶ
443 3013 546 3083 ήδη
590 3011 879 3087 τηρῆσαν,
912 3013 961 3067 οἱ
1007 3012 1105 3082 μὲν
1148 3012 1521 3083 κατηγόρευον
1550 3010 1641 3067 τὸν
1672 3011 1905 3082 ἀριθμὸν

310 3103 465 3166 ὅντες
489 3103 642 3168 δέκα,
665 3104 757 3157 καὶ
772 3103 961 3175 ἁπάσῃ
977 3107 1043 3173 τῇ
1066 3106 1356 3174 συναγωγῇ
1380 3103 1649 3173 δειμάτων
1664 3120 1721 3156 τε
1744 3104 1903 3173 ὁμοῦ,

312 3198 407 3255 καὶ
437 3196 730 3268 θεομισοῦς
764 3198 1019 3261 ἀπιστίας
1048 3197 1303 3266 γεγόνασι
1346 3193 1615 3266 πρόξενοι.
1647 3195 1726 3247 Οί
1746 3194 1802 3248 δὲ
1840 3193 1905 3263 δὴ

311 3287 633 3358 λειπόμενοι
657 3286 752 3345 δύο
777 3287 961 3345 Χάλεὸ
987 3304 1046 3341 τε
1078 3290 1106 3341 ὁ
1138 3286 1231 3349 τοῦ
1279 3284 1540 3354 ’1εφωνῆ,
1571 3284 1665 3338 καὶ
1691 3284 1793 3354 μέν
1822 3300 1906 3337 τοι

313 3379 408 3445 ita}
445 3378 655 3450 Ἰησοῦς
682 3377 1025 3451 προθτρεπόν
1051 3396 1113 3431 τε
1144 3378 1282 3433 ἱέναι
1308 3376 1786 3450 καταδῃώσαντες,
1813 3374 1906 3429 καί¹

311 3470 486 3539 αὐτὴν
513 3469 572 3522 δὲ
605 3469 702 3539 τὴν
727 3468 833 3539 γῆν
862 3469 1104 3533 ἐπαινεῖν
1141 3466 1361 3536 ἠξίουν,
1409 3466 1549 3519 πίων
1573 3466 1654 3518 ὅτι
1685 3465 1778 3518 καὶ
1818 3463 1906 3517 εὔ-

313 3577 560 3631 καρπος,
597 3561 693 3625 καὶ
734 3560 840 3635 μὴν
881 3560 974 3614 καὶ
1005 3560 1175 3631 ληῖων
1223 3558 1613 3629 ἀριστότροφος
1658 3556 1902 3627 ἐναργῶς

315 3651 779 3720 ἁνακεκραγότες.
825 3650 964 3711 Ἀλλ’
994 3651 1044 3702 οἱ
1076 3650 1175 3720 μὲν
1206 3648 1495 3711 ἐξέπιπτον
1526 3648 1624 3717 τῆς
1664 3649 1904 3713 ὲπαγγε·

312 3745 456 3808 λίας,
480 3746 529 3796 οἱ
557 3743 613 3796 δὲ
639 3741 865 3812 οὐρανίᾳ
900 3740 1067 3811 ψήφῳ
1102 3739 1429 3811 κληρονόμοι
1454 3738 1551 3807 τῆς
1579 3736 1784 3793 ἄνωθεν
1808 3737 1899 3789 τὲ-

316 3835 521 3887 θεινται
544 3874 557 3895 ,
596 3833 687 3891 καὶ
720 3832 1032 3902 τετίμηνται
1059 3828 1208 3902 παρὰ
1237 3828 1392 3885 Θεοῦ.

388 3926 455 3996 β’.
487 3927 646 3988 Ποίος
672 3921 764 3978 οὖν
794 3922 901 3994 ἄρα
929 3922 1116 3976 λοιπὸν
1141 3921 1239 3992 τῆς
1264 3918 1501 3990 ἀληθοῦς
1530 3918 1624 3977 καὶ
1659 3936 1900 3989 πνευμα-

312 4018 474 4089 τικῆς
517 4014 751 4087 θεωρίας
783 4015 814 4075 ὁ
842 4012 1041 4091 τρόπος
1076 4014 1249 4073 εἰπεῖν
1295 4012 1613 4079 ἀναγκαῖον.
1654 4010 1753 4063 Διὰ
1794 4009 1902 4063 τῶν

311 4108 559 4172 Μωσέως
594 4106 814 4179 βιϐλίων
833 4147 848 4171 ,
880 4106 1001 4179 ἦτοι
1033 4104 1141 4167 τῶν
1172 4106 1229 4157 ὲν
1260 4104 1444 4166 αὐτοῖς
1486 4102 1564 4166 ὡς
1611 4102 1668 4155 ὲν
1711 4101 1902 4165 τύποις

313 4203 396 4258 ἔτι
411 4184 1018 4271 προαναπεπὶᾳσμένων
1033 4199 1077 4268 (l
1090 4199 1108 4267 )
1122 4200 1231 4261 τοῖς
1244 4196 1419 4271 ἁγίοις
1431 4195 1790 4268 ἀγαθῶν,ῆτοι
1800 4197 1898 4265 τῆς

311 4289 418 4359 γῆς
445 4293 544 4361 τῆς
594 4290 755 4358 άγίας
782 4270 880 4357 τῆς
902 4291 1012 4351 τοῖς
1064 4270 1335 4357 πατράσιν
1377 4285 1791 4356 ἐπηγγελμένης
1813 4282 1898 4347 ἐξ·

2020 448 2158 510 Cum
2200 450 2385 521 itaque
2414 468 2505 508 res
2525 467 2593 507 eo
2619 451 2949 507 calamitatis
2977 450 3310 522 devenisset,
3336 451 3609 527 apparuit,

2020 542 2117 607 ait,
2149 542 2322 613 gloria
2346 544 2562 611 Domini
2612 544 2666 599 iu
2707 544 2854 599 nube
2884 543 2941 608 in
2976 542 3336 599 tabernaculo
3362 542 3609 608 testimo-

2018 635 2133 705 nii;
2176 651 2362 698 coram
2407 638 2668 695 omnibus
2701 638 2830 698 ﬁliis
2861 637 3051 702 lsrael,
3081 644 3333 701 statuens
3365 651 3558 693 omnes
3581 651 3611 690 e

2018 728 2250 799 vestigio
2271 729 2613 799 disperdere.
2642 729 2749 785 Sed
2781 730 2929 785 Mose
2956 729 3279 801 procidente
3306 736 3473 799 atque
3516 728 3613 782 ob—

2019 830 2270 878 secrante
2299 823 2500 877 iterum
2532 823 2787 887 ignoscit.
2828 841 2846 873 ι
2879 810 3028 885 Dixit
3067 821 3236 886 enim,
3273 820 3474 893 inquit,
3500 821 3609 880 Do..-

2018 913 2203 967 minus
2233 913 2301 967 ad
2332 914 2518 970 Mosen
2555 932 2567 967 :
2595 913 2878 984 Propitius
2905 912 2988 967 eis
3015 898 3139 969 su°m
3155 910 3461 971 secundum
3483 926 3609 965 ver-

2016 1000 2151 1056 bum
2182 1011 2358 1058 tuum.
2387 1002 2496 1059 Sed
2520 1003 2650 1058 vivo
2668 1019 2789 1074 ego,
2819 1011 2875 1058 et
2906 1002 3018 1058 vita
3051 1012 3137 1057 est
3173 1016 3374 1065 nomen
3404 1016 3609 1061 meum.

2016 1092 2382 1164 lmplebitque
2445 1094 2618 1166 gloria
2688 1094 2910 1151 Domini
2979 1094 3303 1149 universam
3380 1102 3607 1157 terram.

2015 1182 2473 1255 Quandoquidem
2495 1201 2688 1242 omnes
2729 1186 2922 1242 vident
2958 1187 3190 1258 gloriam
3216 1200 3419 1250 meam,
3451 1194 3513 1240 et
3537 1184 3616 1264 si:

2015 1291 2121 1346 gna
2160 1291 2281 1346 qute
2303 1292 2405 1347 ego
2442 1276 2547 1332 feci
2582 1277 2638 1331 in
2659 1276 2916 1350 Egypto,
2950 1286 3007 1332 ct
3037 1278 3091 1331 in
3122 1277 3229 1332 hoc
3259 1276 3500 1339 deserto,
3529 1284 3611 1340 at-

2015 1379 2123 1434 que
2151 1372 2506 1423 teutaverunt
2529 1382 2615 1422 me
2639 1383 2787 1423 nunc
2824 1384 2954 1423 ecce
2993 1366 3199 1431 decies,
3244 1382 3423 1436 neque
3448 1366 3607 1421 audi-

2016 1464 2217 1518 verunt
2239 1472 2429 1519 vocem
2450 1473 2649 1523 meam,
2676 1458 2915 1531 Ideoque
2937 1473 3050 1513 non
3076 1458 3347 1512 videbunt
3400 1466 3606 1523 terram

2015 1562 2180 1617 quam
2221 1548 2403 1619 juravi
2441 1549 2692 1619 patribus
2749 1566 2942 1621 eorum
2966 1550 3045 1617 ⁶⁶;
3086 1549 3183 1604 sed
3231 1549 3329 1604 ﬂlii
3370 1558 3604 1614 tantum,

2014 1639 2110 1709 qui
2151 1638 2242 1694 hic
2285 1655 2504 1695 mecum
2548 1651 2698 1707 sunt,
2742 1642 2837 1712 qui
2893 1658 2995 1696 nec
3030 1641 3236 1707 bonum
3272 1641 3455 1697 sciunt
3504 1647 3607 1699 nec

2013 1731 2234 1795 malum.
2317 1728 2478 1791 Omni
2540 1733 2750 1803 juniori
2824 1733 3118 1802 inexperto
3196 1741 3402 1797 terram
3463 1731 3605 1795 hanc

2012 1822 2234 1895 dabo“.
2276 1823 2370 1884 ISti
2408 1833 2597 1885 autem
2625 1840 2818 1885 omnes
2853 1823 2946 1894 qui
2994 1838 3082 1878 me
3112 1823 3603 1889 exacerbaverunt,

2012 1928 2123 1967 non
2167 1912 2433 1976 videbunt
2490 1914 2709 1984 ipsam,
2766 1914 2864 1975 sed
2915 1929 3109 1970 servus
3152 1918 3317 1969 'meus
3370 1912 3603 1978 Chaleb,

2006 1992 2273 2075 quoniam
2298 2006 2354 2061 in
2396 2007 2517 2079 ipso
2565 2007 2669 2067 fuit
2694 2006 2838 2064 alius
2867 2006 3132 2076 spiritus,
3166 2020 3366 2075 meque
3397 2015 3493 2079 est,
3515 2021 3603 2060 se-

2011 2103 2194 2159 cutus,
2242 2095 2455 2153 ideirco
2507 2095 2853 2157 introducam
2906 2096 3086 2166 ipsum
3140 2095 3197 2149 in
3254 2102 3498 2158 terram,
3548 2094 3604 2159 in

2010 2202 2176 2257 quam
2211 2188 2492 2259 ingressus
2523 2197 2640 2253 est,
2675 2196 2842 2258 atque
2867 2203 3058 2243 semen
3103 2188 3225 2258 ejus
3254 2187 3606 2247 haereditabit

2011 2276 2271 2348 ipsam”.
2322 2297 2340 2330 ι
2378 2276 2624 2337 Observa
2680 2277 2867 2348 itaque
2910 2292 3075 2346 quam
3130 2291 3297 2347 grave
3342 2277 3415 2331 sit
3456 2276 3602 2346 apud

2011 2368 2187 2423 Deum
2212 2362 2619 2425 incredulitatis
2647 2367 2882 2424 crimen.
2909 2368 2991 2424 0b
3019 2367 3127 2427 hoc
3160 2374 3217 2422 et
3239 2382 3467 2438 gravem
3494 2382 3602 2425 ne-

2011 2474 2164 2515 cesse
2194 2471 2280 2516 est
2304 2476 2523 2530 poenam
2550 2460 2881 2524 sustineant,
2917 2460 3010 2530 qui
3038 2460 3143 2514 boc
3164 2459 3301 2521 vitio
3329 2458 3600 2516 laborant.

2010 2550 2091 2607 Ita
2112 2568 2246 2608 vero
2279 2553 2535 2609 lsraelem
2574 2554 2835 2609 aﬂ‘ectum
2892 2552 3064 2607 fuisse
3117 2552 3502 2623 reperiemus,
3555 2551 3600 2613 ,si

2011 2643 2297 2699 veteribus
2340 2644 2562 2713 scriptis
2594 2658 2733 2698 nova
2766 2642 3153 2708 conferamus,
3186 2649 3244 2698 et
3277 2641 3491 2696 umbris
3510 2655 3603 2697 ac—

2011 2731 2289 2787 cidentem
2326 2732 2616 2787 veritatem
2638 2733 2971 2787 revelemus.
3022 2730 3160 2785 Nam
3190 2731 3370 2786 Moses
3403 2728 3603 2784 cohor-

1972 2864 1975 2867 -
2014 2830 2163 2887 tatur
2216 2831 2279 2877 ut
2327 2822 2471 2877 irent
2515 2822 2801 2877 lustraturi
2840 2831 3043 2878 terram
3085 2819 3471 2891 promissionis
3501 2818 3601 2875 de:

2010 2914 2138 2979 lecti
2172 2930 2241 2970 ex
2264 2913 2479 2968 eunetis
2504 2913 2779 2967 tribubus.
2814 2913 3113 2984 Postquam
3155 2919 3343 2966 autem
3390 2926 3458 2966 eo
3496 2927 3599 2966 ve-

2011 3013 2238 3069 nerunt,
2279 3013 2337 3062 et
2361 3004 2571 3060 reversi
2615 3011 2764 3067 sunt,
2804 3004 2968 3074 390
3015 3004 3205 3059 decem
3254 3017 3489 3058 numero
3534 3018 3601 3070 ex

2011 3098 2092 3154 eis
2115 3114 2236 3153 eam
2267 3097 2614 3161 incusabant,
2674 3096 2883 3166 totique
2914 3094 3328 3167 congregationi
3380 3095 3598 3160 Israeli-

2013 3191 2134 3245 ticae
2184 3189 2399 3245 timoris
2457 3188 2619 3243 simul
2670 3196 2833 3258 atque
2894 3187 3302 3250 incredulitatis
3347 3196 3600 3255 auctores

2007 3279 2358 3334 exstiterunt.
2402 3277 2472 3331 At
2498 3276 2693 3346 reliqui
2723 3275 2853 3340 duo,
2906 3274 3119 3341 Chaleb
3140 3274 3288 3337 ﬁlius
3320 3276 3595 3356 Jcpbone,

2007 3381 2064 3427 et
2088 3372 2270 3435 Jesus,
2299 3370 2737 3433 exhortabantnr
2772 3378 2830 3425 ut
2856 3376 3150 3445 pergerent
3168 3367 3234 3422 ad
3263 3384 3386 3433 eam
3416 3368 3599 3447 possi-

2009 3464 2268 3527 dendam,
2301 3462 2786 3533 pradicabantque
2818 3477 2939 3523 eam
2958 3459 3347 3531 promissionis
3368 3469 3597 3521 terram,

2006 3553 2154 3623 quod
2186 3553 2398 3617 scilicet
2442 3552 2661 3635 pinguis
2697 3558 2844 3606 esset
2881 3558 2937 3604 et
2978 3548 3292 3614 fructifera,
3347 3548 3597 3618 almaque

2006 3650 2253 3711 segetum
2313 3651 2522 3705 mater.
2560 3641 2761 3708 Ycrum
2817 3639 2892 3693 illi
2941 3639 3168 3710 quidem
3224 3637 3597 3708 promissione

2006 3743 2138 3787 sunt
2168 3733 2368 3802 privati
2395 3750 2409 3801 ;
2454 3732 2510 3785 bi
2542 3748 2674 3794 vero
2710 3731 2920 3798 caelesti
2949 3729 3211 3799 suffragio
3246 3738 3378 3783 sunt
3401 3744 3598 3799 appro.-

2005 3824 2119 3879 bati
2147 3825 2413 3891 haeredes,
2456 3832 2559 3891 eta
2598 3825 2710 3885 Deo
2748 3822 2958 3876 bonorc
2987 3820 3192 3883 aﬂecti.

2075 3917 2232 3971 Nune
2256 3915 2423 3986 igitur
2451 3913 2824 3980 necessarium
2852 3920 2937 3971 est
2986 3920 3048 3966 ut
3070 3923 3320 3980 quamam
3348 3910 3417 3967 sit
3453 3926 3596 3973 verae

2003 4018 2060 4064 et
2092 4007 2357 4079 spiritalis
2398 4003 2878 4075 contemplationis
2911 4003 3052 4069 ratio
3089 4001 3356 4057 dicamus.
3391 4004 3496 4061 Per
3524 4004 3593 4057 li-

2005 4102 2136 4168 bros
2167 4096 2352 4163 Mosis,
2381 4103 2475 4161 ant
2503 4109 2600 4164 per
2623 4110 2688 4149 ea
2717 4110 2839 4172 quae
2867 4094 2920 4148 in
2950 4093 3083 4163 ipsis
3116 4103 3377 4163 tanquam
3409 4095 3466 4150 in
3510 4102 3593 4166 ty-

2004 4197 2089 4266 pis
2120 4194 2302 4253 adhuc
2324 4190 2667 4265 praefigurata
2694 4199 2823 4245 sunt
2849 4190 3054 4245 sanctis
3076 4189 3244 4254 bona,
3271 4197 3435 4261 atque
3460 4172 3590 4253 item

2004 4304 2103 4358 per
2126 4296 2330 4349 terram
2359 4292 2601 4346 sanetam
2626 4283 2875 4352 patribus
2899 4282 3226 4352 promissam
3258 4298 3321 4336 ac
3341 4293 3587 4353 paratam

310 4380 597 4450 επέμπετο
633 4378 832 4447 τρόπον
878 4379 1000 4432 τινὰ
1032 4376 1141 4431 τῶν
1182 4376 1449 4433 Ἰουδαίων
1484 4377 1511 4428 ὁ
1549 4374 1691 4451 νοῦς.
1746 4376 1900 4427 Ἔστι

2009 4376 2414 4450 quodammodo
2480 4375 2792 4439 Jndzeorum
2851 4389 3007 4427 mens
3058 4373 3433 4428 emittebatur.
3494 4376 3592 4437 Est

311 4472 456 4543 γὰρ,
491 4471 636 4527 ἐστιν
673 4472 799 4526 ἰδεῖν
829 4473 888 4531 ἐν
912 4472 1026 4534 τοῖς
1055 4471 1300 4539 νομικοῖς
1334 4464 1733 4539 συγγράμμασι
1765 4481 1901 4518 κατ-

311 4564 677 4632 εσκιασμένον
720 4565 832 4627 τοῖς
868 4562 1059 4624 τύποις
1081 4561 1143 4617 τὸ
1170 4558 1409 4629 Χριστοῦ
1444 4558 1775 4635 μυστήριονο
1810 4556 1902 4610 καὶ

310 4655 406 4709 τδν
442 4654 507 4708 δι’
546 4654 711 4714 αὐτοῦ
745 4657 803 4709 ὲν
849 4653 1121 4725 πνεύματι
1165 4651 1469 4722 άγιασμὸν,
1503 4651 1598 4706 καὶ
1639 4649 1738 4721 τὴν
1787 4652 1898 4712 τοῖς

314 4750 494 4817 ἁγίοις
543 4747 959 4820 ἐπηγγελμένην
1010 4745 1221 4811 ἐλπῖδα.
1273 4742 1509 4800 Τέθυται
1568 4742 1667 4814 μὲν
1715 4741 1824 4814 γὰρ
1870 4744 1899 4794 ὁ

313 4840 488 4912 ἀμνὸς
534 4842 560 4895 ό
600 4843 659 4894 ὲν
704 4840 964 4911 Αἰγύπτῳ
1007 4838 1160 4910 παρὰ
1201 4835 1311 4895 τῶν
1358 4834 1417 4902 ἐξ
1475 4834 1723 4905 Ἰσραήλ”
1775 4850 1901 4895 κατ-

312 4931 558 5003 εχρίοντο
580 4949 640 4985 τε
662 4930 740 5003 τῷ
767 4932 981 5005 αἵματι,
999 4931 1093 4993 καὶ
1118 4927 1480 5008 κατείργητᾳι
1505 4927 1533 4981 ὁ
1554 4923 1843 4997 ὀλοθρευτή
1859 4943 1896 4979 :.

314 5022 440 5077 ’Ὁτι
478 5023 537 5078 δὲ
574 5023 828 5094 ἀτονήσει
874 5022 1103 5086 θάνατος
1143 5021 1202 5086 ἐν
1248 5019 1463 5089 θανάτῳ
1498 5014 1769 5089 Χριστοῦ,
1808 5016 1901 5068 καὶ

310 5115 441 5176 τοὺς
464 5115 523 5167 ὲν
546 5114 686 5185 ἁγίῳ
717 5112 997 5184 Πνεύματι
1026 5108 1566 5183 κατακεχρισμένους
1600 5106 1897 5178 παρελάσει

310 5203 499 5257 λοιπον
529 5206 564 5281 ἡ
596 5204 804 5275 φθορὰ,
841 5192 1274 5278 προεπήγγειλεν
1318 5202 1350 5272 ἡ
1389 5199 1536 5263 σκιά.
1570 5197 1695 5263 Ὀτι
1723 5197 1778 5258 δὲ
1809 5197 1903 5250 καὶ

312 5295 414 5366 τῆς
458 5294 518 5345 ὲν
560 5295 758 5365 ἀρχαῖς
806 5291 1052 5363 δοθείσης
1105 5288 1410 5371 εὐημερίας
1463 5286 1900 5367 ὲπιδραξόμεθα,

313 5388 408 5441 καὶ
436 5389 496 5440 ὲν
526 5387 603 5459 τῷ
647 5386 961 5458 παραδείσῳ
1006 5385 1108 5455 τῆς
1144 5381 1357 5461 τρυφῆς
1404 5378 1902 5451 ἀνακομισθήσεται

314 5480 479 5535 πάλιν
507 5480 535 5533 ό
558 5474 877 5549 ᾷνθρωπος,
911 5476 1060 5543 οὐδὲν
1092 5472 1254 5551 ἧττον
1279 5473 1412 5557 ημῖν
1444 5471 1813 5552 ὑπεμφήνειεν
1836 5471 1900 5525 ἂν

2009 4470 2302 4534 enim,est,
2322 4466 2565 4534 inquam,
2594 4463 2785 4518 videre
2818 4462 2871 4515 in
2890 4461 3160 4529 legalibus
3182 4461 3405 4531 scriptis
3428 4461 3590 4517 Chri—

2008 4562 2076 4622 sti
2111 4558 2431 4632 mysterium
2466 4556 2519 4615 in
2567 4554 2709 4627 typis
2739 4552 3146 4616 adumbratam,
3181 4550 3312 4605 item
3348 4555 3591 4611 sanctim-

2005 4653 2277 4710 cationem
2306 4667 2406 4721 per
2434 4649 2610 4719 ipsum
2644 4647 2699 4702 in
2724 4646 2944 4717 spiritu,
2967 4652 3025 4698 et
3050 4660 3200 4714 spem
3231 4645 3435 4700 sanctis
3461 4644 3627 4715 [ποτ’

2004 4742 2260 4814 positam.
2288 4740 2424 4795 Nam
2453 4753 2626 4807 agnus
2645 4736 2866 4807 quidem
2898 4734 3212 4791 immolatus
3240 4744 3326 4791 est
3356 4736 3409 4789 in
3433 4736 3593 4805 dig):-

2006 4841 2100 4903 pro
2122 4832 2198 4891 ab
2229 4828 2493 4893 Israelitis
2538 4845 2551 4881 :
2599 4826 2945 4896 angebantur
2985 4833 3167 4879 autem
3213 4827 3511 4895 sanguine,
3539 4837 3595 4881 rt
3668 4841 3683 4865 τ

2004 4922 2400 4985 exterminator
2442 4919 2696 4981 sublatus
2738 4926 2840 4972 est.
2889 4916 3047 4983 Quod
3092 4924 3275 4969 autem
3313 4932 3466 4975 mors
3496 4934 3593 4987 per

2005 5012 2211 5077 Christi
2245 5020 2476 5067 mortem
2511 5010 2586 5079 sit
2624 5008 2922 5071 inﬁrmata,
2946 5015 3114 5076 atque
3157 5005 3410 5073 interitus
3435 5008 3591 5065 deiu-

2003 5122 2132 5177 ceps
2163 5119 2259 5159 eos
2301 5112 2611 5173 praetereat,
2659 5101 2752 5173 qui
2800 5108 2990 5155 sancto
3040 5099 3161 5167 ejus
3211 5095 3421 5168 Spiritu
3464 5110 3593 5167 sunt

2009 5196 2241 5263 iunneti,
2273 5194 2391 5273 ipsa
2412 5191 2848 5263 praemonstravit
2884 5188 3095 5255 umbra.
3128 5189 3260 5245 Item
3287 5190 3433 5258 quod
3464 5206 3593 5245 con-

2005 5302 2307 5358 sequemur
2328 5284 2726 5351 beatitudinem
2751 5283 2818 5337 ab
2846 5282 3003 5337 initio
3028 5281 3312 5347 tributam,
3335 5282 3592 5353 quodque

2008 5380 2062 5434 in
2095 5375 2409 5446 paradisum
2461 5374 2765 5445 voluptatis
2806 5371 3006 5428 iterum
3050 5372 3347 5431 reducatur
3391 5372 3588 5438 homo,

2004 5466 2259 5539 similiter
2283 5467 2372 5534 lex
2402 5465 2561 5534 nobis
2585 5463 2907 5521 ostenderit.
2933 5463 3199 5541 Praecepit
3218 5463 3367 5533 enim
3392 5472 3451 5535 ut
3469 5478 3593 5535 aga;

385 5619 433 5649 ⁸³⁵
467 5614 634 5670 Num.
659 5630 772 5679 xw,
795 5611 983 5669 20-23.
1057 5614 1101 5647 ⁶⁹
1139 5612 1291 5669 Dent.
1320 5631 1359 5677 ι,
1391 5613 1481 5667 39.
1557 5611 1604 5642 '°
1636 5611 1796 5665 Num.
1830 5626 1934 5668 xiv.
1964 5608 2054 5671 9.3,
2093 5606 2183 5662 25.

377 5710 458 5778 (1)
486 5705 671 5763 Codex
702 5703 1016 5760 liarlmanns
1039 5704 1334 5767 interserit,
1383 5703 1665 5775 μονονουχὶ
1706 5701 1841 5770 πρὸς
1876 5717 1907 5752 κ

2009 5697 2210 5767 εσκεψιν
2233 5696 2339 5749 τῶν
2378 5691 2824 5766 ἐπηγγελμένων.
