4060 6192
357 289 463 345 613
1396 287 1917 346 GLAPHYRORUM
1956 289 2023 346 IN
2063 288 2394 346 NUMEROS
2424 289 2650 346 LIBER.
3520 299 3628 356 614

358 421 556 475 τησανι
591 403 681 464 διὰ
722 402 880 465 τοῦτο
921 403 1022 459 οὒκ
1056 403 1243 476 ἐνόησε
1286 406 1493 478 πᾶσαή
1530 405 1691 477 νομὴ,
1723 407 1815 460 καὶ
1861 408 1919 461 διε

2045 406 2222 462 titudo
2253 381 2457 463 excidit
2481 425 2510 463 a
2542 407 2928 478 promissione,
2959 408 3274 479 Christique
3299 411 3475 481 gratia
3511 415 3627 484 pri-

357 495 816 566 εσκορπίσθησαν.
842 515 862 546 ι
883 495 1173 566 Τοιγάρτοι
1190 496 1334 568 καὶὴ
1360 496 1526 568 πολλὴ
1547 498 1652 551 τῶν
1676 497 1919 556 ’ἰουδαίωε

2045 509 2166 554 vata
2199 508 2302 554 est.
2331 499 2720 555 Verumtamen
2753 501 2999 572 reliquiae
3030 501 3191 556 salvae
3219 501 3374 557 facta
3407 512 3534 558 sunt
3559 506 3626 570 ",

356 586 566 655 πληθὺς
608 584 885 639 ἀπὼλισοε
917 585 1015 656 μὲν
1049 585 1150 655 τῆς
1195 586 1548 656 ἐπαγγελίας,
1583 588 1849 658 ἀμέτοχος
1883 588 1919 642 δὲ

2043 586 2207 657 idque
2235 587 2380 642 haud
2420 588 2626 658 absque
2656 588 2896 644 Christo.
2938 589 3112 661 llujus
3141 599 3323 646 autem
3360 592 3440 647 rei
3470 599 3633 664 typus

355 679 453 749 τῆς
481 677 572 731 διὰ
602 675 840 751 Χριστοῦ
870 677 1089 748 χάριτος
1116 678 1326 746 γέγονε.
1372 677 1517 750 Πλὴν
1564 681 1834 736 σέσωσται
1880 679 1919 732 τὶ

2041 679 2336 736 admodum
2383 682 2706 736 manifestus
2740 698 2861 738 esse
2895 690 3073 752 potest
3103 682 3310 739 Chaleb
3363 683 3511 740 filius
3542 686 3630 741 Je-

355 770 707 840 κατάλειμμα
743 769 830 822 διὰ
859 769 1117 840 Χριστοῦ.
1152 767 1333 831 Tum;
1369 767 1414 821 δ’
1447 768 1512 821 ἂν
1545 768 1628 838 εἴη
1664 769 1754 821 καὶ
1786 768 1919 829 τοῦδς

2039 772 2242 842 phone,
2273 773 2434 844 392
2471 782 2528 829 et
2554 774 2718 835 Josua
2750 794 2762 829 :
2790 776 2884 846 qui
2909 775 3131 846 quidem
3157 777 3511 834 multifariam
3537 795 3629 836 oc-

356 862 530 933 σαφής
559 862 588 913 ό
611 860 791 914 Χαλεδ
817 860 929 924 υίὸς
970 860 1196 931 Ἰειρονῆ,
1221 861 1315 917 καὶ
1346 859 1444 930 μέν
1471 876 1550 918 τοι
1579 859 1671 913 καὶ
1706 859 1912 931 Ἰησοῦς

2037 859 2349 920 clamabant
2383 861 2509 918 filiis
2543 863 2728 927 lsrael,
2767 865 3067 920 excitantes
3103 866 3171 920 ad
3212 866 3623 934 fortitudinem,

352 956 400 1008 οἳ
431 952 603 1025 μυρία
635 953 734 1025 μὲν
773 954 874 1011 ὃσα
906 953 1289 1025 προσεφώνουν
1318 957 1429 1018 τοῖς
1458 955 1516 1020 ἐξ
1555 953 1794 1025 Ἰσραὴλ,
1831 972 1919 1006 πα-

2037 950 2344 1020 bonamque
2369 962 2424 1022 et
2453 952 2788 1015 fructuosam
2819 962 3022 1010 terram
3052 937 3410 1026 appellantes,
3445 959 3622 1028 quod-

355 1045 684 1116 ραθήγοντες
731 1047 810 1109 εἰς
851 1045 1122 1115 ἀνδρείαν,
1164 1045 1336 1116 καλήν
1375 1063 1434 1099 τε
1473 1046 1564 1098 καὶ
1612 1045 1919 1118 ἀξιόληπτω

2034 1057 2140 1110 que
2193 1043 2531 1112 triumphum
2583 1044 2650 1099 de
2701 1043 2952 1104 hostibus
3001 1046 3166 1100 laturi
3213 1056 3397 1101 essent
3430 1061 3624 1119 magna

349 1136 449 1205 τὴν
479 1135 583 1206 γῆν
611 1135 998 1204 ὀνομάζοντες,
1029 1137 1123 1192 καὶ
1151 1137 1231 1190 ὅτι
1264 1138 1595 1208 κρατήσουσι
1623 1137 1729 1191 τῶν
1763 1138 1919 1192 ὲθνῶι

2033 1147 2166 1188 voce
2194 1133 2546 1192 cohortantes
2572 1152 2585 1200 ;
2615 1135 2712 1189 sed
2742 1149 2934 1215 parum
2965 1136 3140 1196 abfuit
3175 1137 3308 1206 quin
3342 1139 3410 1192 ab
3444 1139 3512 1193 iis
3536 1139 3622 1194 in-

349 1226 783 1298 ἀνακεκραγότες
807 1241 826 1255 '
856 1225 994 1281 ἀλλὰ
1030 1227 1228 1298 μικροῦ
1280 1227 1583 1287 διολώλασι.
1619 1223 1752 1280 Είπε
1797 1228 1919 1298 γάιρΙ

2033 1224 2286 1296 terempti
2322 1225 2547 1281 fuerint.
2583 1225 2872 1285 Consensit
2918 1227 3100 1294 enim,
3149 1230 3247 1296 ait,
3296 1238 3406 1284 tota
3447 1229 3621 1302 Syna-

350 1318 504 1387 φησὶ,
551 1319 697 1372 πᾶσα
731 1319 764 1388 ή
806 1318 1096 1389 συναγωγὴ
1122 1358 1136 1377 .
1186 1318 1669 1388 καταλιθοΰολῆσαι
1710 1317 1919 1380 αὐτούς,

2030 1330 2188 1386 goga,
2235 1325 2296 1371 ut
2337 1316 2616 1386 lapidibus
2657 1319 3050 1382 obruerentur,
3089 1318 3363 1375 Caeterum
3411 1321 3621 1380 decreti

348 1406 495 1475 Πλὴν
525 1404 582 1458 δὲ
617 1405 886 1460 τέθεινται
923 1404 1016 1458 καὶ
1059 1404 1386 1475 κληρονόμοι
1437 1405 1585 1479 παρὰ
1622 1402 1778 1462 Θεοῦ.
1832 1401 1919 1470 Τίς

2030 1416 2158 1462 sunt
2191 1407 2437 1462 haeredes
2460 1419 2490 1466 a
2518 1408 2648 1471 Deo,
2685 1407 2819 1475 Quis
2849 1410 3018 1480 igitur
3046 1410 3119 1471 sit
3147 1410 3376 1486 Chaleb,
3415 1427 3620 1469 nomen

345 1495 436 1552 οὖν
466 1497 575 1567 ἄρα
608 1497 752 1550 ἐστὶν
782 1496 810 1548 ὁ
848 1494 1048 1560 Χάλεϐ,
1083 1497 1334 1565 σαφηνιεῖ
1371 1495 1430 1547 τὸ
1459 1494 1650 1564 ὄνομα.
1693 1497 1919 1565 Διερμη-

2029 1497 2208 1576 ipsum
2227 1498 2548 1561 declarabit,
2577 1499 3027 1571 Signiﬁcatenim
3049 1517 3205 1561 omne
3221 1518 3348 1568 cor;
3371 1502 3619 1572 Jephone

345 1589 558 1642 νεὺεται
596 1589 723 1659 γὰρ,
775 1584 944 1641 πᾶσα
989 1585 1236 1656 καρδία·
1299 1586 1504 1654 Ἰεφονῆ
1551 1585 1608 1638 δὲ
1661 1585 1842 1648 πάλιν,
1890 1586 1919 1663 ή

2025 1599 2211 1651 autem
2241 1593 2527 1652 conversio.
2564 1592 2708 1662 Ergo
2732 1592 2827 1662 qui
2858 1593 3062 1652 habent
3084 1609 3180 1648 cor
3206 1610 3330 1649 cum
3359 1593 3472 1650 Deo
3489 1611 3617 1666 per-

343 1678 699 1748 ὲπιστροφή.
754 1677 966 1732 Οὐκοῦν
1003 1678 1053 1730 οἱ
1093 1677 1302 1730 τελείαν
1349 1677 1564 1749 ἔχοντες
1609 1677 1745 1746 μετὰ
1787 1675 1919 1736 Θεοῦ

2024 1679 2262 1748 fectum,
2309 1683 2366 1738 hi
2411 1692 2541 1738 sunt
2570 1683 2669 1740 illii
2719 1685 3130 1756 conversionis,
3163 1687 3489 1756 quibuscum
3534 1697 3620 1754 est

342 1773 438 1843 τὴν
489 1743 733 1842 καρδίαν,
767 1770 874 1823 υἱοὶ
918 1770 1018 1840 τῆς
1064 1743 1411 1841 ἐπιστροφῆς⁷
1447 1772 1544 1822 συν
1575 1743 1685 1831 τοῖς
1726 1768 1919 1839 Ἰησοῦ.

2025 1771 2202 1832 Jesus.
2233 1773 2300 1828 Hi
2329 1782 2510 1829 autem
2536 1787 2731 1828 rursus
2751 1773 2976 1835 fuerunt
3009 1774 3110 1840 illi,
3143 1778 3240 1846 qui
3265 1751 3619 1833 crediderunt

343 1861 464 1918 Εἶεν
498 1865 542 1918 δ’
574 1863 640 1918 ἂν
690 1855 836 1920 οὗτοι
867 1862 1028 1916 πάλιν
1080 1864 1129 1915 oi
1163 1861 1610 1925 πεπιστευκότες,
1644 1861 1736 1918 καὶ
1764 1861 1839 1924 ὡς
1867 1863 1925 1915 ὲν

340 1955 562 2025 ἀπαρχῇ
604 1953 886 2023 νοούμενοι
925 1955 1038 2016 τοῖς
1067 1952 1241 2020 ἁγίοις
1271 1950 1605 2014 ἀποστόλοις,
1636 1950 1686 2003 οἳ
1728 1949 1924 2022 κεκλή-

339 2063 466 2101 κασι
499 2047 589 2098 τὸν
635 2043 887 2116 Ἰσραήλ·
930 2043 1025 2097 καὶ
1056 2043 1114 2099 ὲν
1152 2045 1330 2106 αὐτοῖς
1366 2042 1431 2101 ἂν
1471 2045 1643 2099 νοοῖτο
1669 2041 1728 2102 τὸ
1756 2043 1923 2098 κατάο

336 2139 566 2206 λειμμα.
618 2135 726 2189 Καὶ
771 2133 1066 2198 καλοῦντες
1108 2133 1571 2188 κεκινδυνεύκασι.
1625 2131 1772 2208 Πλὴν
1823 2134 1922 2205 τῆς

337 2229 500 2296 ἁγίας
522 2229 625 2298 γῆς
649 2227 919 2281 τέθεινται
944 2227 1292 2302 κληρονόμοι.
1320 2227 1442 2280 Ὀτι
1469 2227 1578 2296 γὰρ
1607 2228 1786 2280 πᾶσαν
1816 2225 1924 2279 ὦσ‹

337 2336 443 2389 περ
472 2319 591 2389 ἢτοι
621 2317 837 2376 τελείαν
861 2319 1125 2392 ἐσχήκασι
1152 2318 1290 2389 μετὰ
1322 2315 1456 2370 Θεοῦ
1487 2319 1586 2387 τὴν
1615 2314 1841 2385 καρδίαν
1873 2316 1922 2368 oi

335 2409 444 2461 υἱοὶ
468 2409 567 2478 τῆς
589 2411 927 2480 ἐπιστροφῆς
943 2447 956 2470 ,
987 2409 1265 2462 τουτέστιν
1284 2449 1298 2473 ,
1323 2407 1375 2464 οἱ
1403 2405 1830 2483 ἐπιστρέψαντες
1859 2407 1920 2459 ἐκ

335 2498 442 2552 τῶν
467 2499 707 2570 νομικῶν
724 2499 884 2554 ὲνταλ
891 2499 1076 2570 μάτων
1090 2499 1182 2553 ἐπὶ
1203 2498 1299 2571 τὴν
1314 2498 1402 2552 διὰ
1417 2499 1652 2562 πίστεως
1667 2496 1920 2567 λατρείαν

334 2606 391 2643 τε
441 2592 539 2644 καὶ
580 2590 760 2661 χάριν,
816 2591 1086 2662 ἅναμάθοι
1132 2607 1218 2655 τις
1264 2589 1329 2644 ἂν
1369 2591 1580 2644 Παύλου
1618 2588 1921 2660 γράφοντος

332 2683 584 2754 ἐναργῶς
603 2697 616 2712 ⁸
647 2679 894 2736 σκύϐαλα
923 2682 1019 2751 μὲν
1044 2681 1228 2752 ἡγοῖτο
1250 2681 1318 2735 τὰ
1343 2682 1400 2733 ὲν
1423 2680 1574 2750 νόμῳ
1590 2718 1604 2743 ,
1635 2679 1728 2732 καὶ
1752 2693 1921 2731 κατα-

203 2780 216 2788 ’
323 2758 612 2844 ’λογίσαιτο
645 2776 848 2846 ζημίαν
889 2775 978 2834 διὰ
1012 2774 1071 2832 τὸ
1097 2774 1380 2863 ’ὑπερέχον
1408 2776 1507 2844 τῆς
1543 2771 1794 2841 γνώσεως
1824 2769 1918 2831 τοῦ

331 2867 466 2921 Θεοῦ
485 2884 498 2898 ’
532 2869 627 2921 καὶ
661 2868 747 2922 ἵνα
779 2866 942 2925 αὑτὸν
970 2866 1223 2944 κελρδάνῃ,
1254 2867 1350 2924 καὶ
1372 2866 1471 2935 τὴν
1500 2863 1664 2922 αὐτοῦ
1695 2863 1918 2917 δικαίω-

334 2977 418 3013 σιν
448 2960 570 3031 Em.
598 2961 720 3012 Ὂτι
743 2959 922 3014 τοίνυν
949 2957 1305 3028 ἁπολισθήσει
1336 2957 1433 3027 μὲν
1464 2956 1562 3026 τῆς
1587 2955 1918 3027 ἐπαγγελίας

332 3055 360 3105 ὁ
418 3052 680 3124 Ἰσραὴλ,
712 3051 999 3105 ἀπολεῖται
1047 3049 1103 3102 δὲ
1151 3050 1250 3102 οὐκ
1296 3048 1548 3112 είσάπαν,
1590 3047 1707 3101 ἀλλ’
1739 3045 1811 3110 ὡς
1863 3048 1918 3120 έν
1948 3073 1990 3130 C

329 3143 491 3214 ὀλίγη
531 3143 696 3213 μοίρᾳ
733 3141 1072 3214 σωθήσεται·
1125 3139 1284 3192 τοῦτο
1316 3139 1444 3210 γὰρ,
1493 3133 1671 3207 οἶμαι,
1714 3135 1828 3197 ἐστι
1861 3137 1920 3190 τὸ

329 3232 716 3302 κατάλειμμα,
765 3231 1016 3300 συνήσεις
1045 3223 1108 3290 εὖ
1147 3227 1312 3296 μάλα.
1363 3226 1613 3296 καθάπερ
1643 3224 1745 3297 ἤδη
1787 3239 1921 3296 προ-ι

336 3328 522 3378 εἶπον·
558 3322 1007 3394 είσκομιζόμενον
1051 3321 1264 3392 βλέπων
1313 3319 1372 3386 ἐξ
1402 3317 1737 3388 ἐπαγγελίας
1781 3313 1918 3369 Θεοῦ

329 3417 422 3470 τὸν
454 3415 638 3470 Χάλιϐ
661 3454 676 3478 ,
722 3413 1148 3484 συνεζευγμένον
1181 3412 1380 3482 τρόπον
1412 3410 1565 3474 τινὰ,
1614 3408 1709 3461 καὶ
1741 3424 1919 3477 παρα·

332 3507 551 3570 θέοντος
575 3505 668 3559 τοῦ
702 3504 968 3569 σώζοντος
987 3519 1000 3534 ·
1032 3502 1392 3574 ἑρμηνεύεται
1418 3500 1526 3570 γὰρ
1551 3494 1652 3553 ὧδε
1688 3497 1914 3568 Ἰησοῦς.

332 3600 442 3654 Καὶ
483 3597 616 3668 γοῦν
646 3598 676 3650 ό
703 3597 991 3660 θεσπέσιος
1021 3596 1249 3665 ἄγγελος
1277 3590 1516 3666 Γαϐριὴλ
1545 3591 1704 3654 αὐτὸς
1731 3585 1799 3661 ἦν
1825 3590 1916 3643 ὅτε

331 3694 397 3763 τῇ
424 3690 560 3761 ἁγίᾳ
589 3688 848 3762 Παρθένῳ
880 3688 974 3742 τὸν
998 3689 1096 3760 τῆς
1125 3685 1589 3757 ὲνανθρωπήσεως
1617 3682 1710 3737 τοῦ
1743 3683 1918 3737 Μονο-

330 3781 525 3850 γενοῦς
550 3777 937 3850 εὐηγγελίζετο
962 3779 1162 3850 τρόπον
1179 3794 1193 3808 °
1221 3796 1243 3830 ι
1275 3774 1367 3846 Μὴ
1395 3773 1586 3846 φοδοῦ,
1615 3774 1770 3846 φησὶ.
1797 3775 1918 3834 Μαι·

334 3871 507 3941 ριάμσ
539 3865 696 3941 εὗρες
725 3870 832 3941 γὰρ
856 3869 1010 3940 παρὰ
1037 3866 1155 3940 Θεῷ
1183 3867 1364 3938 χάριν.
1395 3866 1505 3920 Kal
1531 3865 1639 3919 ἰδοὺ
1671 3864 1913 3936 sumen

331 3965 392 4018 ιν
418 3964 622 4033 γαστρὶ
641 4001 656 4026 ,
686 3962 781 4014 καὶ
801 3961 930 4037 τέξῃ
957 3960 1103 4026 υίὺν,
1131 3959 1227 4013 καὶ
1259 3957 1509 4020 καλέσεις
1533 3956 1598 4016 τὸ
1621 3957 1791 4026 ὄνομα
1818 3957 1918 4008 αὑ-

328 4053 427 4107 τοῦ
471 4052 698 4124 Ἰησοῦν.
745 4046 912 4112 Οὗτος
945 4051 1098 4104 ἔσται
1129 4050 1334 4122 μέγας,
1365 4048 1460 4103 καὶ
1495 4048 1620 4111 Υἱὸς
1659 4046 1915 4117 Ὑψίστου

331 4143 691 4216 κληθήσεται.
728 4160 748 4194 ι
780 4141 954 4196 Μόνον
979 4135 1073 4194 οὖν
1101 4139 1210 4210 ἄρα
1231 4139 1330 4208 τῆς
1365 4137 1634 4191 Ἰουδαίων
1658 4137 1917 4204 Συναγω-

331 4239 437 4307 γῆς
475 4236 540 4289 τὸ
572 4233 928 4304 κατάλειμμα
959 4231 1405 4307 κεκληρονόμηκε
1435 4231 1533 4294 τὰς
1564 4226 1914 4302 ἐπαγγελίας,

331 4329 431 4382 καὶ
463 4328 542 4390 εἰς
571 4328 676 4398 γῆν
705 4323 894 4397 είσέδη
921 4325 1020 4396 τὴν
1060 4323 1233 4396 ίεράν.
1277 4322 1338 4376 '0
1371 4323 1468 4392 μὲν
1508 4315 1602 4374 οὖν
1630 4317 1826 4376 πολλοῦ
1852 4334 1916 4388 γε

2025 1863 2310 1933 apostolis,
2335 1864 2430 1934 qui
2467 1873 2735 1927 vocarunt
2762 1862 3042 1929 Israelem,
3072 1881 3136 1921 ac
3161 1868 3334 1922 veluti
3369 1869 3425 1923 in
3458 1869 3615 1940 prius

2025 1953 2170 2030 eipio
2203 1954 2466 2016 intellecti
2494 1963 2656 2021 sunt;
2695 1962 2858 2024 atque
2901 1956 2975 2014 ita
3019 1956 3076 2012 in
3106 1956 3193 2012 his
3219 1956 3448 2030 intelligi
3485 1975 3615 2030 pos-

2025 2053 2155 2100 sunt
2187 2044 2452 2114 reliquiae.
2488 2045 2735 2116 Apostoli
2760 2047 2908 2100 enim
2931 2057 3193 2104 vocantes
3214 2050 3431 2106 Judatos
3464 2053 3614 2122 peri,

2025 2135 2199 2195 clitati
2249 2135 2494 2191 fuerunt.
2541 2135 2812 2197 Caeterum
2871 2147 3034 2192 terrae
3083 2149 3286 2196 sanctae
3326 2143 3616 2199 constituti

2024 2233 2155 2280 sunt
2208 2225 2474 2280 btet-edes.
2535 2223 2710 2286 Porro
2759 2224 2907 2304 quod
2973 2235 3149 2282 totum
3199 2229 3616 2299 quodammodo

2024 2315 2139 2370 sive
2167 2317 2475 2386 perfectum
2519 2331 2644 2371 cum
2691 2317 2804 2376 1)θο
2858 2332 2955 2375 cor
3005 2318 3302 2375 habuerint
3339 2320 3435 2377 ﬁlii
3479 2337 3614 2379 con-

2023 2407 2314 2473 versionis,
2348 2409 2452 2464 hoc
2481 2417 2567 2466 est
2588 2451 2602 2475 ,
2632 2410 2727 2481 qui
2760 2425 2820 2464 se
2853 2418 3248 2472 converterunt
3279 2428 3310 2468 a
3341 2415 3616 2474 mandatis

2023 2499 2293 2569 legalibus
2315 2500 2385 2560 ad
2418 2501 2628 2556 cultum
2658 2517 2756 2572 per
2782 2501 2944 2557 fidem
2985 2511 3043 2558 et
3081 2503 3145 2558 ad
3177 2505 3431 2575 gratiam,
3466 2507 3614 2562 didi.-

2022 2592 2162 2646 cerit
2209 2591 2335 2661 quis
2365 2607 2437 2647 ex
2477 2607 2545 2650 eo
2584 2593 2731 2662 quod
2783 2593 2985 2648 Paulus
3035 2595 3183 2650 clare
3224 2596 3421 2652 scribit
3465 2599 3615 2668 quod

2021 2686 2234 2734 stercus
2264 2681 2603 2750 reputaverit
2639 2697 2704 2736 ea
2738 2697 2860 2750 qua:
2886 2689 3018 2736 sunt
3041 2682 3099 2736 in
3125 2681 3354 2748 mundo,
3385 2693 3444 2739 et
3460 2687 3614 2756 judi-

2021 2771 2229 2826 caverit
2256 2771 2456 2826 damna
2485 2787 2599 2842 prae
2635 2773 2929 2835 excellenti
2955 2774 3266 2844 cognitione
3293 2773 3520 2842 Christi,
3551 2787 3616 2833 ut

2021 2863 2169 2918 hunc
2194 2862 2572 2927 lucrifaceret,
2602 2871 2659 2921 et
2698 2864 2967 2935 justitiam
3011 2880 3133 2934 quae
3176 2873 3261 2923 est
3303 2879 3403 2938 per
3430 2867 3613 2937 ipsum

2019 2962 2470 3024 consequeretur,
2489 2953 2647 3021 Quod
2683 2955 2851 3024 igitur
2874 2955 3038 3016 Israel
3067 2956 3434 3028 promissione
3462 2961 3612 3014 exci-

2021 3045 2188 3110 derit,
2222 3061 2399 3116 neque
2430 3054 2610 3100 tamen
2645 3047 2701 3106 in
2731 3031 3071 3106 universum.
3098 3047 3356 3117 perierit,
3404 3049 3500 3105 sed
3543 3065 3612 3116 ex

2024 3145 2181 3212 parte
2216 3137 2470 3207 quamvis
2511 3137 2706 3208 exigua
2736 3127 2808 3194 si't
2833 3137 3094 3204 salvatus,
3133 3138 3188 3193 id
3219 3140 3365 3195 enim
3397 3141 3610 3212 signifi-

2021 3239 2151 3285 cant
2184 3230 2453 3300 reliquiae,
2481 3230 2756 3300 intelliges
2779 3230 2924 3290 heud
2961 3231 3220 3296 obscure,
3247 3240 3310 3287 ut
3332 3235 3443 3305 jam
3474 3234 3608 3304 dixi,

2021 3337 2146 3377 cum
2174 3321 2364 3377 videas
2394 3321 2604 3384 Chaleb
2632 3337 2700 3383 et
2730 3321 3094 3397 promissione
3128 3323 3224 3380 Dei
3258 3325 3314 3380 in
3357 3342 3478 3384 eam
3523 3328 3610 3382 in-

2019 3416 2358 3478 troductum,
2388 3415 2650 3486 adjuncto
2695 3415 3121 3486 quodammodo,
3149 3425 3206 3472 et
3242 3429 3610 3476 concurrente

2017 3505 2147 3562 Jesu
2174 3507 2418 3561 salvante
2447 3525 2460 3560 :
2489 3505 2543 3560 id
2565 3506 2714 3560 enim
2738 3505 3014 3577 significat
3043 3507 3225 3563 Iesus.
3260 3508 3416 3564 Unde
3437 3517 3493 3565 'et
3522 3510 3610 3565 di-

2025 3598 2191 3653 vinus
2236 3598 2464 3668 angelus
2495 3596 2719 3659 Gabriel
2751 3597 2825 3657 ita
2865 3598 3025 3663 dixit,
3052 3599 3146 3654 ubi
3178 3608 3379 3655 sanctae
3400 3599 3613 3673 Virgini

2015 3689 2366 3749 annuntiavit
2407 3689 2634 3743 modum
2679 3688 3078 3744 incarnationis
3107 3688 3388 3760 Unigeniti
3433 3707 3445 3744 :
3479 3709 3498 3742 ι
3530 3691 3613 3746 No

2023 3777 2237 3842 timeas,
2269 3777 2436 3838 Maria
2463 3795 2477 3831 t
2505 3777 2764 3832 invenisti
2794 3777 2944 3839 enim
2982 3777 3213 3847 gratiam
3241 3777 3387 3847 apud
3412 3779 3607 3836 Deum.

2021 3867 2091 3928 Et
2125 3880 2276 3931 ecce,
2305 3866 2588 3936 concipies
2612 3867 2670 3920 in
2695 3872 2874 3928 utero,
2902 3872 2958 3919 et
2997 3864 3178 3933 paries
3213 3864 3408 3929 ﬁlium,
3441 3880 3610 3920 voca-

2019 3956 2215 4026 bisque
2239 3969 2442 4011 nomen
2465 3937 2590 4024 ejus
2613 3953 2824 4013 Jesum.
2852 3953 2954 4008 Hie
2976 3953 3127 4007 enim
3149 3953 3260 4008 erit
3277 3968 3528 4024 magnus,
3552 3963 3616 4022 et

2017 4049 2190 4104 Filius
2211 4047 2478 4102 Altissimi
2503 4045 2798 4103 vocabitur
2818 4046 2886 4102 ’⁷,
2929 4066 2948 4097 ι
2981 4044 3123 4100 Sole
3164 4045 3332 4116 igitur
3367 4046 3612 4108 Iudaica

2013 4139 2314 4211 Synagoga
2372 4136 2623 4208 reliquias
2699 4135 3100 4192 hareditarunt
3170 4136 3567 4210 promissiones
3589 4177 3608 4205 ,

2015 4238 2332 4300 terramque
2361 4236 2607 4287 sanctam
2641 4233 2772 4283 sunt
2789 4226 3067 4298 ingressae.
3105 4226 3288 4298 Longe
3321 4242 3455 4282 vero
3491 4228 3614 4300 ipse

2014 4323 2192 4383 abest.
2239 4319 2532 4392 Siquidem
2573 4328 2632 4376 et
2677 4334 2855 4374 novus
2898 4335 2965 4376 ac
3010 4317 3190 4374 ﬁdelis
3230 4319 3469 4390 populus
3499 4333 3609 4381 una

332 4424 433 4477 καὶ
463 4421 562 4475 δεῖ.
611 4420 884 4491 Συνήλασε
928 4417 985 4472 δὲ
1015 4417 1203 4485 ὥσπερ
1246 4415 1395 4486 αὑτῴ
1430 4418 1458 4470 ό
1488 4414 1606 4478 νέος
1639 4431 1698 4467 τε
1731 4413 1825 4467 καὶ
1857 4414 1916 4466 ἐν

2024 4430 2149 4472 cum
2174 4413 2282 4469 illis
2303 4412 2541 4483 quodam
2565 4409 2728 4466 modo
2751 4410 2807 4464 in
2825 4425 2947 4464 eam
2970 4409 3153 4464 irruit.
3178 4409 3312 4464 Nam
3336 4410 3483 4464 Deus
3507 4410 3612 4465 hu.-

333 4516 517 4568 πίστει
539 4514 686 4578 λαός.
729 4513 1072 4583 Ὑπισχνεῑτο
1108 4509 1267 4580 γὰρό
1293 4507 1402 4560 τῶν
1447 4506 1584 4561 ὅλων
1615 4505 1746 4570 Θεὸς
1785 4522 1916 4559 συν-

332 4609 636 4678 ate-xopter
669 4606 751 4678 τῷ
789 4605 972 4663 Χάλεδ
1019 4604 1130 4658 πᾶν
1175 4600 1390 4654 παιδίον
1434 4599 1574 4653 νέον.
1621 4597 1792 4651 Τοῦτο
1820 4596 1918 4650 καὶ

334 4703 368 4756 ὸ
411 4699 556 4762 Baio;
615 4700 746 4770 ἡμῖν
797 4698 962 4752 Δαδὶδ
1019 4696 1362 4766 ὑπεσήμαινε
1407 4692 1581 4760 λέγων
1635 4691 1764 4760 περὶ
1814 4691 1915 4759 τῆς

331 4791 446 4846 τῶν
483 4791 651 4860 ἁγίων
684 4788 1079 4862 κληρονομίας·
1133 4807 1151 4840 ι
1203 4785 1476 4858 Γραφήτω
1515 4781 1654 4852 αὑτὴ
1694 4783 1774 4846 είς
1818 4797 1913 4849 γεο

329 4880 466 4933 νεὰν
503 4879 697 4953 ἑτέραν
740 4880 834 4933 καὶ
880 4877 1011 4940 λαὸς
1040 4879 1068 4930 ὁ
1095 4874 1416 4946 κτιζόμενος
1443 4869 1647 4925 αἰνέσει
1676 4870 1770 4924 τὸν
1799 4871 1914 4924 Κύ-

334 4987 476 5042 ριον.
529 4988 547 5022 ι
591 4971 666 5024 Οὐ
710 4971 818 5040 γὰρ
861 4973 973 5032 τοίς
1018 4970 1078 5021 ὲν
1121 4967 1274 5038 νόμῳ
1331 4963 1909 5038 παιδαγωγουμένοις,

329 5059 452 5114 ἀλλ’
487 5062 563 5125 είς
596 5060 792 5128 γενεὰν
817 5059 1010 5130 ἑτέραν
1038 5058 1068 5111 ὁ
1105 5057 1306 5127 κλῆρος
1338 5054 1656 5125 τετήρηται.
1696 5052 1806 5111 Καὶ
1828 5054 1911 5116 τις

330 5155 371 5224 ὴ
405 5153 579 5221 ἑτέρα
624 5152 834 5223 γενεάς
878 5153 936 5206 Ὀ
990 5152 1126 5217 νέος,
1177 5151 1253 5213 ὡς
1299 5133 1458 5219 ἔφην,
1495 5149 1588 5202 καί
1625 5150 1684 5209 ὲν
1732 5148 1914 5205 πίστει

328 5246 490 5307 λαός.
545 5245 876 5314 ’Βκτισμεθα
911 5245 1022 5315 γὰρ
1065 5244 1124 5298 ὲν
1163 5240 1383 5312 Χριστῷ
1431 5240 1569 5311 πρὸς
1620 5239 1915 5310 καινότητα

329 5334 507 5414 ζωῆς.
547 5335 946 5405 ἀποδυσάμενοι
966 5334 1056 5388 τὸν
1083 5331 1312 5391 παλαιὸν
1341 5329 1648 5400 ἄνθρωπον,
1673 5329 1770 5383 σὺν
1803 5330 1914 5391 τοῖς

329 5427 626 5498 παθήμασι
665 5426 758 5484 καὶ
796 5429 917 5489 ταῖς
955 5423 1292 5494 ἐπιθυμίαις.
1325 5420 1522 5475 κτίσαι
1559 5418 1667 5490 γὰρ
1697 5418 1915 5486 λέγεται

258 5547 263 5550 -
327 5520 462 5583 τοὺς
499 5517 595 5572 δύο
622 5517 788 5586 λαοὺς
819 5519 848 5570 ό
874 5514 1106 5586 Χριστὸς
1135 5515 1215 5578 είς
1256 5514 1354 5570 ἕνα
1386 5510 1570 5567 καινὸν
1603 5509 1913 5581 ἄνθρωπον,

409 5700 459 5734 τ’
489 5700 593 5756 lsa.
633 5715 686 5764 ι,
719 5697 826 5765 22;
858 5699 1018 5758 Bom.
1077 5713 1152 5762 Ix,
1183 5695 1272 5752 27.
1366 5695 1414 5727 "
1441 5693 1574 5756 Luc.
1629 5709 1672 5756 ι,
1711 5689 1902 5749 30-32.

2016 4512 2109 4582 jus
2129 4507 2372 4563 universi
2395 4502 2909 4582 promittitChaleb,
2933 4499 3082 4572 quod
3098 4499 3261 4555 simul
3279 4513 3406 4554 cum
3426 4513 3495 4554 eo
3519 4500 3608 4554 in-

2022 4602 2382 4658 troductnrus
2405 4599 2478 4653 sit
2498 4611 2716 4653 omnem
2741 4594 2953 4668 prolem
2971 4593 3250 4665 juvenem.
3275 4590 3424 4653 idem
3447 4591 3612 4647 nobis

2022 4699 2080 4748 et
2120 4691 2342 4746 divinus
2377 4687 2547 4745 David
2575 4684 2968 4749 subindicavit,
3002 4684 3097 4739 ubi
3129 4682 3265 4738 dicit
3293 4680 3362 4738 d'e
3387 4692 3608 4738 sancte,

2020 4797 2144 4838 rum
2183 4781 2504 4841 haereditate
2549 4819 2564 4832 .
2603 4797 2621 4830 ι
2666 4777 2958 4836 Scribatur
3000 4778 3113 4854 ipsa
3159 4775 3214 4831 in
3258 4776 3612 4848 generatione

2015 4876 2219 4937 altera;
2239 4873 2477 4944 populus
2497 4870 2590 4940 qui
2611 4869 2888 4930 ereabitur
2907 4868 3156 4922 laudabit
3178 4867 3471 4921 Dominum
3491 4867 3556 4920 ".
3583 4886 3601 4920 ι

2014 4968 2134 5022 Non
2158 4966 2304 5020 enim
2336 4964 2447 5020 illis
2469 4964 2563 5032 qui
2589 4963 2646 5017 in
2679 4963 2796 5034 lege
2825 4961 3085 5022 instituti,
3118 4958 3278 5028 393
3313 4957 3410 5012 sed
3449 4958 3610 5024 alteri

2017 5055 2358 5129 generationi
2394 5054 2690 5111 hereditas
2729 5060 2813 5108 est
2840 5059 3137 5110 reservata.
3165 5049 3365 5119 Ecqua:
3392 5057 3478 5104 est
3509 5049 3612 5114 ista

2020 5148 2192 5204 altera
2219 5145 2536 5222 generatio?
2562 5145 2769 5209 Novus,
2805 5149 2867 5196 ut
2895 5141 3028 5205 dixi,
3055 5149 3112 5196 et
3140 5139 3320 5194 fidelis
3347 5139 3607 5208 populus,

2011 5241 2073 5296 ln
2113 5238 2332 5296 Christo
2363 5237 2512 5292 enim
2541 5237 2713 5298 creati
2748 5249 2942 5291 sumus
2985 5231 3057 5288 ad
3099 5230 3226 5292 vita;
3270 5231 3571 5290 novitatem

2009 5329 2161 5392 exuti
2186 5338 2427 5385 veterem
2456 5327 2758 5392 hominem,
2789 5342 2901 5380 una
2925 5339 3051 5380 cum
3090 5322 3382 5379 affectibus
3401 5331 3459 5383 et
3481 5302 3614 5380 con:

2008 5416 2682 5495 cupiseentiis,,Christus
2719 5423 2904 5471 autem
2946 5413 3152 5470 dicitur
3193 5412 3332 5468 duos
3367 5411 3602 5482 populos

2011 5506 2072 5563 in
2100 5520 2270 5560 unum
2304 5504 2587 5562 hominem
2632 5503 2896 5570 condere,
2930 5517 3057 5558 cum
3096 5500 3264 5564 faciat
3308 5512 3524 5574 pacem,
3551 5511 3612 5567 et

1991 5687 2039 5722 ⁷⁸
2076 5686 2219 5746 Psal.
2250 5701 2320 5752 ει,
2354 5683 2439 5748 l9,
