4060 6192
477 231 583 293 6ιὸ

1468 224 1525 279 S.
1571 221 1848 277 αιίιιιιι
1886 221 2359 291 Αιεχλκωιιδι
2402 220 2720 291 AIlClllEP.

3649 226 3760 281 (ιἱῦ

475 340 797 409 reconciliet
823 340 1015 395 ambos
1045 339 1097 393 in
1118 352 1233 402 uno
1264 337 1461 409 spiritu
1492 335 1636 407 apud
1662 335 1898 390 Patrem.
1924 336 2044 402 Quo

2172 335 2345 391 ποιῶν
2378 337 2625 409 εἰρήνην,
2663 336 2756 390 καὶ
2806 334 3307 393 ἀποκαταλλάσσων
3328 337 3677 408 ἀμφοτέρους
3704 341 3767 392 ἐν

475 433 622 497 circa
658 432 892 495 infantes
914 431 1007 501 qui
1038 430 1464 485 introducuntur
1492 427 1547 481 in
1576 436 1780 480 terram
1815 436 2059 480 sanctam

475 540 601 578 eum
627 524 854 601 Cbaleb,
884 531 1043 593 typus
1067 536 1186 575 esse
1222 527 1457 590 possunt
1484 518 1610 573 novi
1638 518 1847 589 populi.
1876 518 1953 573 De
1976 517 2063 572 his

475 615 779 677 infantibus
822 614 1041 675 divinus
1098 610 1405 683 discipulus
1450 610 1641 665 scribit
1690 610 1777 665 his
1817 608 2004 663 verbis
2044 626 2057 662 :

482 726 499 758 ι
547 706 710 772 Quasi
751 703 914 758 modo
957 704 1128 775 geniti
1178 701 1415 757 infantes
1466 701 1599 757 illud
1643 700 1969 763 rationabile
2006 708 2062 755 et

473 797 583 852 doli
611 796 854 850 nescium
878 795 962 850 lac
993 795 1256 869 appetito,
1286 803 1347 850 ut
1382 795 1437 847 in
1468 793 1587 862 ipso
1612 791 1977 847 succrescatis
2002 790 2059 845 in

472 886 734 953 salutem;
777 883 1058 955 siquidem
1088 883 1424 953 degustatis,
1470 898 1634 952 quam
1680 880 1952 951 benignus
1989 880 2060 934 sit

469 979 736 1035 Dominus
767 978 833 1032 τ’.
890 997 907 1028 ι
951 977 1108 1044 Quod
1150 984 1336 1032 autem
1376 975 1541 1041 etiam
1589 975 1811 1043 divinus
1856 974 2061 1038 Paulus

470 1070 575 1124 hoc
607 1077 768 1139 pacto
801 1050 1114 1139 intelligens
1146 1082 1210 1125 ea
1253 1081 1375 1136 qua:
1421 1065 1477 1119 in
1520 1066 1639 1136 lege
1688 1073 1836 1128 sunt,
1871 1072 2055 1142 typum

467 1161 561 1232 qui
590 1161 647 1215 in
684 1160 885 1214 litteris
926 1159 1263 1225 continetur,
1297 1158 1366 1215 ad
1399 1157 1687 1219 veritatem
1732 1156 2053 1223 transferat,

466 1254 612 1309 clare
636 1252 1018 1335 deprehendes
1038 1267 1105 1319 es
1146 1252 1212 1317 iis
1240 1266 1361 1322 quae
1396 1249 1620 1319 scripsit
1657 1248 1726 1303 ad
1755 1248 2013 1309 llebrmos
2041 1289 2053 1302 .

474 1365 492 1396 ι
526 1346 848 1415 Propterea.
882 1343 1157 1413 inquiens,
1195 1343 1339 1398 sicut
1366 1341 1500 1397 dicit
1526 1340 1765 1411 Spiritus
1791 1348 2052 1395 sanctus:

466 1418 651 1492 llodie'
661 1437 706 1491 si
724 1451 915 1491 vocem
940 1437 1060 1508 ejus
1076 1434 1384 1500 audieritis,
1407 1434 1576 1488 nolite
1593 1433 1867 1488 obdurare
1887 1431 2053 1487 corda

464 1538 669 1591 vestra.
703 1529 845 1585 sicut
883 1528 935 1583 in
966 1528 1389 1583 exacerbatione
1416 1526 1718 1582 secundum
1754 1524 1901 1579 diem
1931 1532 2051 1580 ten~

465 1622 692 1677 talionis
725 1622 780 1676 in
810 1621 1053 1685 deserto,
1084 1620 1178 1674 ubi
1220 1624 1575 1674 tentaverunt
1612 1632 1699 1673 me
1729 1624 1912 1688 patres
1956 1632 2053 1671 ve-

2171 426 2251 479 ἐνὶ
2278 426 2549 495 πνεύματι
2580 426 2716 497 πρὸς
2744 425 2833 481 ’ὢν
2864 425 3104 497 Πατέρα.
3136 425 3346 479 Οὐκοῦν
3374 429 3454 491 εἰς
3489 428 3661 481 τύπον
3694 430 3765 483 ἄν

2170 512 2279 571 εἷεν
2305 517 2401 571 τοῦ
2435 518 2555 572 νέου
2574 517 2704 579 λαοῦ
2735 520 2803 571 τὰ
2826 519 2915 570 καὶ
2939 516 3089 588 αὐτῷ
3109 517 3187 588 τῷ
3208 518 3391 573 Χάλεϐ
3415 537 3760 591 συνεισκομι-

2170 608 2372 682 ζόμενα
2414 610 2612 683 βρέφη.
2671 603 2768 675 Οἷς
2816 611 2912 664 καὶ
2951 611 2980 662 ό
3023 611 3309 675 θεσπέσιος
3361 611 3611 686 μαθητὴς
3658 613 3766 665 ἐπ-

2169 703 2386 758 έστελλε
2414 703 2590 773 λέγων
2612 721 2625 733 ·
2670 722 2687 760 ι
2722 703 2812 769 Ὠς
2844 702 3104 779 ἀρτιγενῆ
3137 702 3205 757 τά
3240 690 3414 777 βρέιρη
3452 705 3513 758 τὸ
3538 704 3761 773 λογικὸν

2169 797 2265 857 καὶ
2297 796 2482 850 ἄδολον
2537 796 2682 865 γάλα
2736 795 3035 867 ποθήσατε,
3070 796 3158 851 ἵνα
3211 786 3281 861 ἐν
3308 797 3456 868 αὐτῷ
3482 782 3759 870 αὐξηθῆτε

2169 886 2251 948 είς
2290 887 2587 957 σωτηρίαν,
2624 887 2785 961 εἴπερ
2828 886 3130 966 ἐγεύσασθε
3175 889 3256 941 ὅτι
3303 889 3541 961 χρηστὸς
3580 891 3609 942 ό
3639 888 3759 959 Κύι-

2168 992 2304 1049 ριος.
2335 994 2354 1027 ι
2392 975 2516 1030 Ὅτι
2545 976 2604 1045 δὲ
2638 977 2734 1047 καὶ
2763 980 2792 1030 ὁ
2828 976 3112 1047 Θεσπέσιος
3145 977 3358 1043 Παῦλος
3383 978 3528 1032 οὕτω
3570 979 3759 1052 συνεὶς

2167 1068 2235 1135 τά
2264 1070 2322 1123 ἐν
2353 1068 2521 1143 νόμῳ,
2576 1068 2944 1141 μεταπλάττει
2980 1070 3118 1143 πρὸς
3156 1070 3416 1143 ἀλήθειαν
3461 1071 3554 1141 τὸν
3583 1072 3641 1125 ἐν
3690 1089 3759 1142 γε

2166 1165 2277 1227 τοῖς
2319 1163 2612 1232 γράμμασι
2643 1161 2834 1227 τύπον,
2873 1148 3096 1236 μαθήσῃ
3125 1163 3331 1237 σαφῶς,
3362 1164 3438 1228 ὡς
3465 1164 3530 1236 δὴ
3552 1144 3762 1244 γεγραο

2167 1255 2328 1325 φότος
2369 1254 2665 1327 Ἑϐραίοις,
2705 1273 2723 1306 ι
2752 1254 2896 1322 Ὅτι,
2934 1254 3116 1319 καθὼς
3155 1254 3302 1325 λέγει
3333 1256 3396 1311 τὸ
3426 1255 3657 1328 Πνεῦμα
3694 1258 3760 1311 τὸ

2165 1347 2319 1416 ἅγιον
2338 1364 2353 1378 °
2387 1347 2637 1417 Σήμερον
2674 1345 2770 1403 ἐὰν
2801 1346 2899 1425 τῆς
2930 1347 3114 1418 φωνῆς
3156 1348 3321 1402 αὑτοῦ
3351 1347 3643 1419 ἀκούσητε,
3680 1350 3759 1422 μῂ

2165 1438 2508 1509 σκληρύνητε
2556 1437 2675 1518 τὰς.
2722 1438 2951 1510 καρδίας
2981 1438 3154 1510 ὑμῶν,
3189 1439 3267 1502 ὡς
3296 1441 3356 1493 ἐν
3403 1439 3480 1511 τῷ
3508 1458 3761 1512 παραπιο

2163 1530 2400 1617 κρασμξῖι
2433 1530 2575 1587 κατά
2600 1531 2699 1602 τὴν
2729 1530 2944 1615 ἡμέραν
2974 1530 3068 1600 τού
3098 1530 3405 1617 πειρασμοῦ
3437 1534 3495 1586 ἐν
3525 1536 3591 1604 τῇ
3623 1534 3757 1617 ἐρήε

2165 1639 2272 1693 μῳ,
2315 1614 2378 1679 οὗ
2425 1620 2724 1693 ἐπείρασάν
2774 1610 2840 1693 με
2869 1623 2918 1676 οἱ
2945 1611 3389 1694 πατέρεςύμῷν,
3416 1610 3755 1698 ἐδοκίμασάν

463 1714 588 1777 stri,
623 1713 997 1783 probaverunt
1029 1727 1139 1773 me.
1174 1721 1230 1768 et
1265 1711 1526 1766 viderunt
1554 1725 1720 1796 opera
1747 1725 1887 1777 mea.
1913 1709 2044 1788 Qua.

2162 1725 2251 1777 με,
2283 1709 2376 1775 καὶ
2405 1703 2545 1778 εἶρον
2571 1708 2637 1778 τά
2668 1698 2805 1795 ἔργα
2840 1727 2964 1795 μου,
2997 1701 3420 1782 Τεσσαράκοντα
3451 1714 3548 1785 ετη
3582 1732 3756 1786 προσ-

462 1805 716 1877 draginta
739 1805 898 1860 annis
919 1804 1162 1875 oll‘ensus
1184 1803 1261 1873 fui
1285 1802 1626 1877 generationi
1648 1802 1797 1866 huic,
1822 1809 1880 1855 et
1900 1800 2012 1861 dixi
2037 1818 2049 1852 :

463 1894 696 1966 Semper
724 1896 781 1963 bi
807 1904 995 1967 errant
1027 1895 1212 1963 corde.
1252 1895 1358 1966 ipsi
1401 1902 1587 1959 autem
1625 1909 1734 1948 non
1779 1906 2052 1963 cognove-

2158 1799 2368 1871 ώχθισα
2409 1802 2475 1871 τῇ
2524 1790 2706 1882 γενεᾷ
2738 1790 2944 1874 ἐκείνῃ,
2980 1803 3076 1871 καὶ
3116 1797 3285 1858 εἶπα*
3328 1805 3441 1871 Ἀεὶ
3500 1805 3724 1860 πλανῶν

2158 1909 2247 1946 ται
2279 1894 2345 1963 τῇ
2383 1891 2598 1964 καρδίᾳ.
2630 1890 2794 1946 Αὐτοὶ
2828 1891 2884 1945 δὲ
2907 1891 3007 1945 ούκ
3040 1891 3287 1971 ἔγνωσαν
3313 1893 3413 1958 τὰς
3442 1893 3593 1957 ὁδούς
3622 1913 3751 1966 μου.

462 1995 595 2043 runt
636 1987 754 2041 vias
779 2003 951 2056 tricas,
985 1987 1190 2057 quibus
1231 1986 1412 2058 jnravi
1461 1986 1518 2040 in
1559 1986 1638 2041 ira
1682 1999 1824 2047 mea,
1857 1991 1913 2041 et
1941 2000 2044 2041 non

2156 1978 2237 2047 οἷς
2276 1981 2485 2053 ὤμοσα,
2518 1983 2611 2037 καί
2645 1982 2744 2036 ούκ
2794 1983 3198 2053 εἰσελεύσονται
3228 1985 3307 2047 εἰς
3333 1984 3430 2056 τὴν
3461 1985 3755 2055 κατάπαυ-

462 2080 772 2148 introibunt
798 2080 853 2149 in
889 2079 1135 2150 requiem
1168 2094 1346 2138 meam
1374 2077 1442 2134 3°.
1486 2098 1504 2129 ι
1538 2078 1610 2134 Ut
1648 2083 1833 2137 autem
1867 2083 1924 2131 et
1952 2090 2044 2139 nos

2158 2076 2240 2130 σίν
2271 2094 2393 2148 μοι).
2425 2096 2444 2129 ι
2484 2078 2603 2145 Ἵνα
2629 2075 2687 2129 δὲ
2726 2075 2820 2129 καὶ
2846 2078 3008 2159 ήμεῖς
3052 2075 3152 2159 τήν
3182 2077 3457 2161 ἐπάρατον
3486 2077 3753 2147 ἀπιστίαν

459 2174 621 2230 istam
643 2173 1038 2239 exsecrabilem
1064 2172 1351 2242 perfidiam
1377 2170 1766 2242 prepellentcs,
1797 2184 1861 2223 ac
1886 2184 2044 2239 quam

2153 2167 2528 2240 διωθούμενοι,
2586 2168 2680 2229 καὶ
2725 2169 2802 2235 ᾡς
2861 2169 3119 2237 ἀποτάτω
3163 2172 3264 2240 τῆς
3317 2169 3527 2240 ἐαυτῶν
3574 2169 3749 2241 ίέντες

459 2266 775 2337 longissime
801 2266 872 2320 ab
892 2264 1184 2327 animabus
1206 2264 1412 2320 nostris
1436 2271 1783 2318 removentes
1803 2260 2051 2321 hatredes

458 2358 841 2430 promissionis
859 2357 1222 2427 reperiamur,
1248 2355 1449 2411 ibidem
1473 2371 1574 2410 nos
1596 2354 1796 2423 affatur
1821 2353 2050 2423 Aposto—

455 2450 564 2519 lus,
591 2450 821 2505 dicens:
857 2468 874 2500 ε
907 2448 1101 2507 Videte
1122 2489 1137 2514 ,
1171 2447 1400 2513 fratres,
1428 2446 1720 2516 nequando
1752 2446 1825 2501 sit
1849 2446 1905 2499 in
1935 2444 2048 2499 ullo

456 2551 701 2609 vestrum
728 2557 825 2597 eor
849 2556 1079 2611 pravum
1104 2556 1174 2597 ex
1204 2538 1609 2603 incredulitate,
1633 2546 1694 2601 ut
1721 2535 1991 2605 deﬁciatis
2016 2552 2046 2592 a

457 2634 570 2689 Deo
607 2633 846 2700 vivente,
880 2632 977 2689 sed
1011 2631 1380 2689 cobortamini
1412 2631 1776 2702 vosmetipsos
1817 2628 2047 2700 singulis

454 2725 672 2791 diebus,
700 2724 876 2779 donec
904 2724 1083 2794 ipsum
1111 2724 1275 2787 hodie
1299 2722 1637 2790 nominetur,
1664 2731 1726 2786 ut
1754 2723 1941 2778 nullus
1964 2723 2047 2776 in-

455 2822 541 2882 ter
588 2831 688 2883 vos
732 2814 1039 2882 obduretur
1092 2813 1417 2883 deceptione
1464 2813 1696 2882 peccati.
1743 2811 2047 2882 Participcs

453 2910 601 2975 enim
632 2908 759 2971 facti
790 2922 981 2972 sumus
1015 2906 1245 2972 Christi,
1276 2906 1321 2960 si
1350 2905 1514 2961 modo
1543 2904 1877 2975 principium
1909 2903 2042 2959 sub-

453 3002 667 3063 stantiae
694 3001 813 3071 ejus
838 3014 1010 3067 usque
1044 2998 1111 3052 ad
1158 2997 1321 3053 finem
1363 2997 1582 3052 ﬁrmum
1622 2997 2041 3061 retinuerimus,

452 3090 629 3146 donec
667 3090 882 3145 dicatur
911 3108 924 3143 :
960 3088 1131 3144 Hodie
1160 3089 1206 3144 si
1237 3102 1429 3144 vocem
1460 3090 1580 3159 ejus
1623 3088 1933 3153 audieritis,
1972 3104 2042 3144 ne

452 3183 738 3239 obduretis
763 3182 928 3237 corda
948 3191 1152 3246 vestra,
1183 3182 1330 3237 sicut
1353 3182 1407 3236 in
1431 3181 1871 3236 exaeerbatione.
1904 3180 2039 3234 Nam

451 3274 677 3345 quidam
717 3274 1025 3340 audientes,
1057 3273 1369 3330 exacerbati
1409 3282 1557 3339 sunt,
1583 3272 1680 3329 sed
1712 3288 1823 3328 non
1848 3288 2041 3331 omnes

451 3368 548 3441 qui
582 3368 790 3440 egressi
825 3375 1042 3434 suntex
1061 3366 1296 3439 (Egypto
1318 3381 1418 3437 per
1450 3367 1656 3431 Mosen.
1683 3365 1787 3421 Sed
1813 3365 2036 3436 quibus,

450 3461 702 3527 obsecro.
729 3461 975 3527 offensus
994 3470 1079 3522 est
1110 3477 1210 3530 per
1232 3458 1593 3531 quadraginta
1617 3459 1825 3523 annos?
1845 3458 2037 3513 Nonne

451 3554 574 3613 istis
604 3554 697 3623 qui
741 3560 1123 3624 peccaverant,
1160 3568 1398 3622 quorum
1430 3551 1675 3609 membra
1717 3551 2038 3608 ceciderunt

350 3684 357 3689 -
450 3646 509 3703 in
535 3645 789 3709 deserto?
814 3644 1029 3713 Quibus
1052 3644 1185 3699 item
1215 3644 1442 3716 juravit,
1466 3658 1578 3698 non
1610 3642 1957 3713 ingressuros
1980 3643 2035 3698 in

451 3738 698 3808 requiem
741 3753 919 3801 suam,
950 3736 1057 3793 nisi
1091 3736 1199 3791 illis
1227 3735 1323 3805 qui
1357 3734 1627 3795 increduli
1672 3734 1925 3790 fuerunt?
1969 3735 2037 3789 Et
2074 3800 2085 3811 ι

448 3830 702 3889 videmus
724 3830 873 3901 quod
900 3836 1128 3900 propter
1159 3827 1443 3899 perfidiam
1475 3843 1586 3883 non
1624 3826 1908 3898 potuerint
1947 3827 2034 3881 in-

449 3933 597 3979 trare
616 3924 685 3977 3‘.
720 3942 737 3974 ι
765 3923 902 3978 Nam
926 3922 1074 3992 quod
1098 3938 1295 3995 eorum
1324 3921 1720 3984 inobedientia,
1740 3936 1848 3991 qua
1871 3918 2037 3991 394

445 4016 651 4070 divinis
696 4016 983 4084 praceptis
1037 4015 1420 4081 contraibant,
1473 4013 1848 4071 conciliaverit
1900 4013 2036 4083 ipsis

443 4106 563 4174 Spei
589 4106 962 4165 amissionem,
1005 4109 1262 4175 quodque
1301 4106 1640 4161 contrarium
1666 4121 1777 4160 non
1820 4105 2034 4171 rnedio-

445 4191 614 4251 eriter
637 4189 860 4259 juverit,
898 4189 1258 4246 nihilominus
1282 4193 1445 4247 nobis
1482 4194 1776 4261 persuadet
1810 4194 2030 4257 Paulus,

444 4279 672 4336 dicens:
713 4298 732 4331 ι
763 4277 1078 4335 Timeamus
1115 4295 1249 4349 ergo
1287 4296 1359 4335 ne
1391 4280 1551 4346 forte,
1576 4283 1763 4337 relicta
1796 4285 2032 4352 promis-

2152 2259 2353 2331 ψυχῆς,
2417 2259 2744 2332 κληρονόμοι
2788 2248 2898 2331 τῆς
2952 2260 3284 2330 ἐπαγγελίας
3334 2259 3739 2334 εύρισκὼμεθα,

2154 2350 2497 2423 προσεφώνει
2562 2352 2758 2423 πάλινο
2812 2354 3133 2417 ςΒλέπετε,
3178 2342 3429 2423 ἀδελεροὶ,
3479 2355 3553 2433 μή
3608 2370 3736 2419 ποτε

2150 2446 2304 2500 ἔσται
2334 2444 2392 2499 ἐν
2424 2462 2534 2500 τινι
2586 2444 2741 2515 ὑμῶν
2776 2444 2973 2516 καρδία
3012 2444 3224 2516 πονηρά
3267 2444 3527 2508 ἀπιστίας
3556 2446 3615 2498 ὲν
3659 2443 3740 2515 τῷ

2152 2534 2460 2605 ἀποστῆναι
2531 2535 2641 2599 ἀπὸ
2712 2533 2847 2588 Θεοῦ
2892 2533 3130 2602 ζῶντος,
3168 2535 3303 2589 ἀλλὰ
3366 2536 3741 2606 παρακαλεῖτε

2151 2628 2376 2692 ἑαυτοὺς
2406 2627 2532 2682 καθ’
2566 2628 2808 2700 ἑκάστην
2832 2628 3071 2701 ἡμέραν,
3102 2629 3260 2700 ἄχρις
3290 2623 3350 2683 οὗ
3389 2629 3453 2682 τὸ
3495 2631 3743 2701 σήμερον

2149 2723 2418 2787 καλεῖται,
2455 2723 2541 2775 ἵνα
2575 2722 2653 2793 μὴ
2697 2722 3007 2799 σκληρυνθῇ
3054 2740 3137 2796 τις
3182 2725 3241 2776 ἐν
3273 2723 3401 2791 ὑμῖν
3425 2723 3610 2794 ἀπάτη
3640 2724 3743 2805 τῆς

2149 2812 2444 2885 ἁμαρτίας.
2503 2811 2738 2883 Μέτοχοι
2797 2811 2906 2889 γὰρ
2964 2809 3060 2867 τοῦ
3114 2811 3353 2882 Χριστοῦ
3406 2812 3736 2885 γεγόναμεν,

2149 2898 2356 2969 ἐάνπερ
2404 2898 2502 2970 τήν
2551 2898 2724 2975 ἀρχὴν
2772 2898 2872 2970 τῆς
2927 2898 3279 2977 ὑποστάσεως
3334 2888 3495 2984 μέχρι
3543 2900 3739 2979 τέλους

2149 2988 2383 3061 βεϐαίων
2441 2990 2826 3059 κατάσχωμεν,
2882 2990 2941 3060 ἐν
2991 2989 3069 3061 τῷ
3131 2990 3424 3061 λέγεσθαιθ
3482 2993 3736 3065 Σήμερον

2145 3082 2242 3135 ἐάν
2269 3083 2370 3153 τῆς
2401 3081 2585 3155 φωνῆς
2602 3080 2764 3151 αύτού
2796 3081 3097 3157 ἀκούσητε,
3130 3065 3597 3156 μὴ’σκληρύνεσθε
3631 3086 3739 3155 τάς

2145 3177 2377 3250 καρδίας
2433 3176 2612 3248 ὑμῶν,
2668 3176 2744 3239 ὡς
2792 3178 2850 3243 ἐν
2904 3177 2984 3249 τῷ
3039 3179 3517 3252 παραπικρασμῷ.
3569 3180 3733 3261 Τινὲς

2142 3269 2252 3341 γάρ
2284 3267 2616 3337 ἀκούσαντες
2648 3267 3090 3341 παρεπίκραναν,
3137 3270 3253 3324 ἀλλ’
3281 3272 3404 3341 οὐχὶ
3447 3272 3649 3343 πάντες
3678 3276 3732 3326 οἰ

2141 3361 2450 3429 ἐξελθόντες
2482 3360 2541 3428 ἐξ
2575 3358 2852 3430 Αἰγύπτου
2898 3360 2987 3414 διά
3023 3360 3288 3428 Μωσέως.
3323 3364 3447 3433 Τίσι
3472 3365 3529 3433 δὲ
3552 3381 3728 3436 προστ

2139 3452 2349 3537 ώχθισεγ
2387 3455 2799 3537 τεσσαράκοντα
2845 3450 2976 3526 Ern;
3037 3450 3175 3533 Οὐχὶ
3237 3457 3349 3519 τοῖς
3405 3457 3731 3529 ἀμαρτήσα-

2142 3560 2246 3610 σιν,
2311 3536 2387 3613 ὧν
2443 3543 2512 3609 τά
2569 3543 2717 3598 κῶλα
2773 3542 2977 3615 ξπεσαν
3030 3546 3089 3596 ἐν
3145 3549 3212 3616 τῇ
3258 3546 3488 3617 ἐρήμῳ;
3521 3544 3728 3620 Tir:ch

2136 3632 2319 3705 ὤμοσε
2352 3634 2428 3705 μὴ
2455 3633 2862 3689 εἰσελεύσεσθαι
2904 3637 2984 3699 εἰς
3010 3636 3110 3707 τὴν
3146 3638 3494 3693 κατάπαυσιν
3532 3638 3725 3705 αὐτοῦ,

2138 3728 2187 3780 εί
2223 3726 2299 3798 μὴ
2345 3728 2459 3791 τοῖς
2497 3727 2829 3800 ἀπειθήσασι
2855 3744 2870 3792 ;
2901 3728 3011 3799 Ιςαὶ
3045 3728 3318 3800 βλέπομεν
3345 3730 3429 3783 ὅτι
3465 3731 3567 3784 οὐκ
3593 3734 3728 3802 ἠδυο

2137 3818 2379 3890 νήθησαν
2405 3819 2665 3874 εἰσελθεῖν
2703 3820 2790 3875 διὰ
2830 3821 2933 3893 τὴν
2974 3820 3318 3876 ἀπείθειαν.»
3353 3822 3478 3877 Ὀτι
3512 3822 3623 3895 γάρ
3661 3826 3727 3889 τὴ

2138 3913 2370 3985 ἐξήνιον,
2431 3918 2528 3967 καὶ
2577 3912 2639 3967 τὸ
2694 3914 2768 3985 μὴ
2817 3912 2931 3978 τοῖς
2976 3912 3143 3984 θείοις
3187 3914 3433 3986 ὑπείκειν
3462 3916 3719 3987 νεύμασι,

2137 3994 2503 4077 προεξένησεν
2536 4007 2719 4069 αὐτοῖς
2755 4005 3095 4076 ἐπιτηδεύειν
3130 4006 3373 4075 ἐθέλουσι
3419 4009 3523 4079 τῆς
3565 4008 3721 4062 ἐλπί-

2134 4099 2223 4161 δος
2253 4099 2352 4170 τὴν
2394 4099 2754 4168 ἀπεμπολήν·
2802 4098 3015 4170 ὀνήσειε
3064 4101 3111 4153 δ’
3140 4099 3205 4154 ἂν
3248 4100 3309 4163 ού
3365 4100 3606 4170 μετρίως
3657 4103 3725 4171 τὴ

2135 4191 2392 4260 ἔμπαλιν,
2424 4192 2577 4257 οὐδὲν
2612 4187 2775 4262 ἦττον
2821 4193 2970 4262 ἡμᾶς
3004 4193 3288 4247 ἀναπείσει
3320 4192 3525 4262 λέγων·
3569 4213 3586 4244 ι
3615 4195 3721 4246 Φο-

2136 4281 2394 4353 ϐηθῶμεν
2430 4277 2524 4336 οὖν
2569 4283 2644 4353 μή
2681 4299 2811 4346 ποτε
2859 4284 3337 4356 καταλειπομένης
3383 4285 3724 4360 ἐπαγγελίας

444 4373 600 4431 sione
636 4369 954 4427 introeundi
986 4370 1042 4426 in
1081 4373 1327 4441 requiem
1374 4373 1568 4443 ipsius,
1611 4373 1865 4428 videatur
1906 4375 2032 4444 quis

2148 4373 2398 4427 εἰσελθεῖν
2455 4376 2535 4438 εἰς
2585 4375 2685 4445 τὴν
2748 4376 3053 4445 ἀνάπαυσιν
3106 4375 3296 4447 αὐτοῦ,
3349 4375 3479 4447 δοκῇ
3533 4394 3623 4449 τις
3661 4378 3725 4455 ἐξ

398 4510 410 4518 .
442 4480 513 4523 ex
551 4466 708 4521 vobis
750 4465 997 4536 privatus
1037 4481 1178 4521 esse.
1224 4465 1439 4521 Etenim
1471 4474 1528 4521 et
1569 4466 1731 4521 nobis
1762 4466 1905 4522 facta
1946 4477 2032 4523 est

444 4559 575 4613 boni
600 4558 913 4628 promissio,
941 4557 1086 4612 sicut
1106 4558 1236 4613 illis.
1265 4558 1373 4613 Sed
1403 4574 1511 4623 non
1531 4558 1817 4629 iuvit-illos
1847 4575 2030 4616 sermo

443 4650 686 4712 auditus,
707 4663 833 4703 cum
857 4663 968 4702 non
994 4648 1067 4703 sit
1093 4650 1417 4709 commistus
1437 4647 1545 4704 fide
1566 4665 1693 4706 cum
1720 4650 1788 4707 iis
1813 4652 1905 4720 qui
1933 4668 2031 4709 au-

442 4743 685 4799 dierunt.
721 4741 1096 4812 lngrediemur
1124 4742 1273 4797 enim
1320 4742 1376 4796 in
1410 4743 1658 4813 requiem
1705 4743 1900 4813 ipsius,
1932 4746 2027 4814 qui

441 4833 782 4891 credidimus
813 4835 857 4873 ⁸³
906 4853 925 4885 ι
974 4844 1224 4889 nostrum
1258 4835 1506 4890 omnium
1552 4836 1818 4892 Salvatori
1866 4845 2030 4905 atque

442 4925 829 4994 Redemptori,
863 4922 1105 4989 Christo,
1146 4926 1369 4995 inquam
1413 4942 1554 4997 :per
1600 4943 1765 4997 quem
1802 4935 1859 4981 et
1900 4943 2025 4981 cum

439 5033 552 5087 quo
593 5017 666 5071 sit
708 5017 822 5071 Deo
854 5026 910 5071 et
941 5017 1088 5071 Patri
1132 5018 1305 5088 gloria
1336 5035 1463 5075 eum
1511 5030 1701 5081 sancto
1731 5018 1938 5091 Spiritu
1973 5018 2026 5092 in

441 5110 641 5164 saecula
670 5110 1018 5164 saeculorum.
1053 5109 1249 5171 Amen,

617 5219 881 5276 Christum
916 5223 1064 5277 nobis
1103 5223 1301 5292 factum
1334 5238 1443 5277 esse
1484 5240 1674 5293 panem
1710 5224 1847 5278 vita}.

511 5313 868 5384 Redarguens
934 5314 1249 5369 Judzeorum
1305 5315 1522 5368 inanem
1546 5322 1602 5369 et
1638 5323 2025 5387 praesumptam

439 5403 686 5459 discendi
746 5403 1123 5474 cupiditatem,
1177 5403 1396 5459 divinus
1444 5405 1712 5475 propheta
1761 5406 2028 5463 Jeremias

440 5497 638 5552 merito
654 5496 734 5552 sic
754 5495 1203 5552 stomachabatur
1231 5513 1246 5550 :
1279 5516 1297 5550 ι
1331 5495 1616 5565 Quomodo
1635 5497 1832 5555 dicetis
1857 5516 1871 5552 :
1889 5498 2026 5567 Quia

512 5675 556 5707 "
589 5675 609 5730 ι
650 5678 795 5733 Petr.
822 5692 880 5742 ιι,
906 5673 963 5729 '2.
1044 5677 1088 5711 ⁸⁰
1133 5678 1277 5734 l’sal.
1310 5679 1578 5748 sem-ll;
1610 5677 1779 5734 Hebr.
1818 5695 1896 5745 tu,
1930 5678 2047 5735 ται).

2137 4468 2292 4539 ὑμῶν
2334 4468 2713 4540 ὑστερηκέναι.
2748 4470 2861 4522 Καὶ
2897 4470 3006 4541 γάρ
3046 4472 3215 4541 ἐσμεν
3243 4470 3721 4543 εὐηγγελισμένοι,

2135 4560 2391 4632 καθάπερ
2432 4562 2699 4619 κάκεῖνοι.
2756 4560 2895 4615 Ἀλλ’
2929 4562 3031 4616 οὐκ
3054 4562 3338 4633 ὠφέλησεν
3373 4564 3403 4616 ό
3431 4561 3589 4631 λόγος
3617 4564 3723 4634 τῆς

2132 4653 2303 4723 ἀκοῆς
2343 4654 2584 4717 ἐκείνους
2651 4653 2727 4725 μὴ
2780 4654 3230 4726 συγκεκραμένος
3277 4654 3335 4713 ἐν
3384 4654 3568 4725 πίστει
3605 4657 3723 4727 τοῖς

2130 4745 2449 4799 ἀκούσασιν.
2499 4746 2877 4817 Εἰσερχόμεθα
2937 4745 3044 4817 γὰρ
3110 4747 3189 4808 εἰς
3232 4746 3331 4817 τὴν
3365 4745 3722 4803 κατάπαυσιν

2131 4835 2296 4888 αὑτοῦ
2339 4839 2390 4889 οἰ
2430 4836 2865 4899 πιστεύσαντες»
2904 4837 2982 4907 τῷ
3030 4822 3248 4906 πάντων
3294 4835 3452 4907 ἡμῶν
3502 4836 3721 4906 Σωτῆρι

2131 4927 2224 4979 καὶ
2257 4928 2551 4999 Λυτρωτῇ·
2593 4930 2737 4998 φημὶ
2773 4928 2828 4982 δὲ
2869 4928 2945 4999 τῷ
2978 4928 3221 5000 Χριστῷ,
3258 4928 3325 4993 δι’
3352 4924 3413 4995 οὗ
3456 4929 3554 4997 καὶ
3597 4928 3719 4998 μεθ’

2127 5011 2188 5070 οὗ
2224 5016 2304 5087 τῷ
2344 5018 2465 5088 Θεῴ
2492 5021 2585 5072 καὶ
2612 5020 2789 5088 Πατρί.
2875 5018 3003 5087 δόξα
3026 5022 3121 5075 σὺν
3154 5019 3228 5090 τῷ
3257 5020 3397 5091 ἁγίῳ
3437 5018 3716 5090 Πνεύματῑ

2126 5110 2206 5170 εἰς
2234 5110 2359 5174 τοὺς
2393 5111 2618 5178 αἰῶναςρ
2665 5113 2860 5184 Ἀμήν,

2276 5225 2389 5276 Ότι
2417 5223 2667 5311 γέγονεν
2692 5226 2839 5295 ἡμῖν
2868 5228 3045 5296 ἄρτος
3085 5228 3235 5297 ζωῆς
3262 5233 3295 5284 ό
3332 5232 3611 5299 Χριστός.

2196 5325 2265 5372 α’.
2306 5320 2440 5383 Ταῖς
2496 5319 2608 5375 τῶν
2649 5321 2921 5375 Ἰουδαίων
2960 5322 3341 5394 φιλομαθείαις
3383 5325 3662 5395 ἐπιτιμῶν
3686 5324 3716 5377 ὁ

2128 5408 2415 5475 θεσπέσιος
2462 5413 2755 5484 προφήτης
2805 5412 3099 5485 Ἱερεμίας,
3144 5421 3240 5468 καὶ
3288 5414 3433 5486 μάλα
3486 5416 3715 5480 εἰκότως

2128 5500 2337 5571 ἔφασκε
2360 5518 2376 5534 ο
2406 5520 2425 5556 ι
2452 5505 2578 5570 Πῶς
2633 5507 2811 5578 ἐρεῖτε
2837 5546 2854 5573 ,
2903 5507 2987 5561 ὅτι
3025 5508 3122 5562 καὶ
3162 5508 3308 5579 μάλα
3354 5508 3510 5579 σοφοί
3544 5508 3714 5579 ἐσμεν

2126 5680 2327 5737 "Ibid.
2358 5682 2540 5739 12-19.
2620 5686 3115 5745 numnam.
3191 5659 3199 5666 ’
