4060 6192
500 281 618 338 ω

1531 281 1595 337 'S.
1636 282 1912 338 αγηιιιι
1951 279 2421 339 ΑιΕΧΑΝυειιΝι
2460 279 2784 338 ARCHIE‘P.

3673 286 3778 345 σεο

513 401 634 472 ejus
650 385 804 470 juxta
827 398 1278 454 constitutionem
1303 398 1476 469 ipsius
1498 408 1554 456 et
1579 400 1794 455 hircum
1817 415 1884 456 ex
1907 402 2089 471 capris

2195 402 2315 472 μῶν
2341 405 2440 476 τῆς
2480 402 2804 474 συναγωγῆς
2851 401 3123 466 ἀκουσίως
3157 402 3386 474 γενηθῇ,
3413 404 3506 458 καὶ
3561 408 3781 479 ποιήσει

516 507 687 546 unum
721 506 828 562 .pro
866 501 1114 560 peccato.
1151 491 1218 544 Et
1249 491 1504 547 exorabit
1535 493 1794 548 sacerdos
1817 509 1919 563 pro
1945 495 2096 548 omni

516 596 790 653 synagoga
833 579 1070 635 ﬁliorum
1117 579 1306 646 Israel,
1357 589 1412 637 et
1458 581 1771 637 remittetur
1801 582 1904 647 eis,
1953 596 2094 652 quo-

513 675 662 729 niam
709 687 818 726 non
859 680 1224 742 spontaneum
1264 683 1378 740 est;
1418 682 1475 729 et
1498 672 1604 743 ipsi
1627 673 1950 729 obtulerunt
1972 690 2094 729 mu-

513 780 620 820 nus
645 778 805 818 suum
838 763 1175 818 oblationem
1199 765 1433 821 Domino
1460 780 1561 835 pro
1590 776 1818 836 peccato
1838 781 1940 820 suo
1967 773 2095 821 ante

513 855 807 911 Dominum
845 869 946 924 pro
975 870 1086 908 non
1117 856 1436 925 spontaneis
1483 857 1618 913 suis.
1675 857 1743 912 Et
1783 858 2096 914 dimittetur

513 945 664 999 omni
710 959 997 1015 synagoga
1042 944 1282 999 ﬁliorum
1329 946 1515 1011 Israel,
1566 955 1623 1001 et
1675 947 1825 1001 omni
1869 947 2096 1003 advena:

513 1038 764 1109 apposito
794 1037 860 1091 ad
888 1052 1006 1103 vos,
1052 1037 1310 1107 quoniam
1339 1038 1488 1092 omni
1511 1039 1715 1109 populo
1736 1055 1848 1094 non
1870 1049 2093 1110 sponta-

515 1143 701 1182 neum.
721 1125 879 1192 Quod
901 1127 946 1181 si
968 1127 1148 1181 anima
1175 1143 1282 1182 una
1305 1129 1552 1198 peccavit
1579 1145 1690 1184 non
1717 1139 1933 1200 sponte,
1961 1131 2096 1186 olfe-

516 1228 600 1276 ret
625 1235 844 1290 capram
888 1235 1052 1274 unam
1079 1220 1391 1274 anniculam
1415 1236 1514 1291 pro
1537 1229 1782 1292 peccato.
1809 1221 1878 1276 Et
1896 1237 2089 1277 exora-

511 1314 593 1368 bit
629 1312 888 1371 sacerdos
920 1327 1020 1382 pro
1046 1313 1248 1378 anima,
1284 1328 1405 1382 qua:
1427 1328 1538 1368 non
1559 1322 1754 1384 sponte
1773 1313 1938 1385 396
1957 1313 2090 1384 egit,

511 1414 568 1458 et
610 1419 732 1472 quae
781 1402 1030 1472 peccavit
1076 1418 1262 1458 coram
1311 1404 1564 1471 Domino,
1611 1421 1840 1462 exorare
1871 1423 1972 1477 pro
1999 1422 2090 1462 eo.

511 1495 580 1550 Et
627 1494 938 1549 dimittetur
983 1493 1253 1566 indigena:
1299 1495 1354 1550 in
1394 1496 1524 1552 [iliis
1562 1497 1751 1564 Israel,
1790 1506 1846 1553 et
1869 1500 2093 1556 advena:

510 1587 762 1657 apposito
801 1587 856 1641 in
888 1587 1064 1642 vobis.
1095 1587 1208 1643 Lex
1240 1604 1346 1643 una
1377 1590 1484 1645 erit
1525 1591 1582 1645 in
1627 1591 1730 1657 eis,
1777 1593 2093 1664 quicunque

512 1677 706 1732 fecerit
738 1693 849 1733 non
883 1687 1078 1749 sponte
1109 1679 1177 1733 ⁸⁸.
1215 1699 1233 1732 ι
1266 1681 1334 1736 Et
1370 1682 1485 1738 haec
1508 1682 1731 1752 quidem
1755 1683 1812 1738 in
1834 1685 2092 1741 Numeris

507 1771 768 1840 leguntur
799 1788 813 1838 ;
840 1771 898 1826 in
928 1771 1174 1828 Levitico
1196 1774 1360 1844 paulo
1382 1775 1543 1830 aliter
1560 1776 1884 1846 mysterium
1911 1786 2093 1832 trans-
2125 1756 2166 1812 Β

511 1864 656 1927 tulit,
691 1880 802 1919 non
835 1873 1016 1920 tamen
1053 1865 1307 1922 dissimili
1331 1866 1628 1923 admodum
1653 1869 2094 1926 consideratione

509 1954 774 2010 adhibita.
803 1958 914 2027 Age
943 1957 1130 2028 igitur,
1150 1966 1206 2013 et
1229 1959 1424 2014 borum
1447 1960 1782 2016 mentionem
1806 1961 2091 2026 faciamus,

507 2047 956 2117 quandoquidem
992 2049 1215 2120 cognitu
1247 2049 1542 2106 admodum
1585 2061 1714 2108 sunt
1756 2054 2091 2120 necessaria,

507 2155 675 2195 unam
727 2156 796 2196 ex
852 2150 1087 2212 utroque
1139 2143 1262 2199 loco
1313 2146 1685 2201 narrationem
1715 2157 2090 2206 contexentes.

509 2229 601 2285 Sic
645 2231 793 2286 enim
836 2246 1055 2286 rursum
1086 2232 1255 2288 habet
1284 2251 1298 2288 :
1339 2254 1358 2286 ι
1385 2235 1455 2291 Et
1476 2236 1694 2292 locutus
1725 2247 1810 2294 est
1831 2239 2095 2296 Dominus

507 2325 576 2380 ad
600 2325 842 2396 Moysen,
878 2325 1070 2382 dicens
1096 2345 1109 2380 :
1131 2327 1226 2383 Dic
1251 2327 1378 2384 ﬁliis
1404 2329 1594 2396 Israel,
1621 2341 1678 2385 et
1701 2331 1853 2388 dices
1871 2333 1938 2388 ad
1959 2349 2090 2390 eos:

506 2418 646 2474 Cum
693 2418 1034 2474 intraveritis
1072 2419 1130 2474 in
1177 2428 1381 2475 terram
1424 2436 1588 2492 quam
1612 2437 1714 2494 ego
1737 2423 1808 2478 do
1831 2425 2008 2491 vobis,
2037 2432 2096 2481 et

501 2509 853 2566 messueritis
909 2525 1143 2565 messem
1185 2512 1326 2582 ejus,
1373 2512 1566 2569 feretis
1612 2516 1952 2586 manipulum
1982 2516 2096 2587 pri-

511 2603 695 2658 mitias
725 2603 924 2658 messis
941 2611 1139 2658 vestraz
1169 2603 1237 2658 ad
1264 2604 1630 2661 sacerdotem.
1658 2607 1728 2661 Et
1759 2607 1956 2664 oli'eret
1981 2624 2094 2665 ma-

509 2696 762 2766 nipulum
795 2710 991 2750 coram
1016 2695 1269 2760 Domino,
1294 2707 1581 2768 acceptum
1615 2699 1773 2754 vobis
1805 2719 1818 2754 :
1854 2701 2092 2757 crastina

507 2786 597 2841 die
639 2801 669 2840 a
706 2787 882 2856 prima
939 2788 1137 2843 offeret
1181 2788 1336 2842 illum
1379 2789 1655 2845 sacerdos.
1697 2790 1766 2845 Et
1794 2790 2007 2847 facietis
2037 2792 2092 2847 in

506 2878 598 2934 die
617 2879 677 2934 in
698 2895 1027 2951 quacunque
1054 2880 1364 2936 attuleritis
1387 2880 1752 2952 manipulum,
1777 2897 1936 2938 ovem
1973 2884 2093 2938 sine

508 2972 722 3026 macula
752 2972 1078 3027 anniculam
1118 2972 1178 3027 in
1204 2972 1586 3027 holocaustum
1619 2973 1870 3029 Domino.
1907 2974 1974 3029 Et
2003 2989 2092 3029 sa-

2198 496 2348 549 πᾶσα
2381 499 2415 569 ὴ
2466 497 2759 568 συναγωγὴ
2807 495 3003 566 μόσχον
3033 495 3129 549 ἕνα
3162 496 3226 549 ἐκ
3273 494 3414 566 βοῶν
3443 495 3676 568 ἄμωμον
3700 501 3781 563 είς

2194 589 2578 660 ὁλοκαύτωμα,
2629 591 2710 652 είς
2764 588 2943 659 ὀσμὴν
2983 587 3215 652 εὐωδίας
3261 587 3342 658 τῷ
3406 589 3622 660 Κυρίῳ,
3686 591 3782 645 καὶ

2197 681 2389 736 θυσίαν
2418 680 2608 734 τούτου
2651 678 2749 733 καὶ
2791 678 3023 747 σπονδὴν
3050 676 3240 742 αὐτοῦ,
3274 677 3420 731 κατά
3450 677 3551 749 τὴν
3581 679 3779 734 σύντα·

2197 770 2279 836 ειν
2298 770 2484 836 αὑτοῦ,
2516 770 2611 824 καὶ
2644 769 2876 841 χίμαρον
2904 768 2964 834 ἐξ
2992 768 3163 837 αἰγῶν
3191 769 3286 822 ἕνα
3323 768 3454 840 περὶ
3485 770 3778 841 ἁμαρτίας.

2195 861 2306 914 Kal
2355 859 2672 927 ἐξιλάσεται
2721 861 2750 913 ὁ
2799 859 2978 930 ἱερεὺς
3035 859 3164 929 περὶ
3215 859 3398 928 πάσης
3459 860 3780 930 συναγωγῆς

2195 952 2324 1007 υἱῶν
2365 952 2599 1024 Ἰσραὴλ,
2652 952 2747 1004 καὶ
2785 950 3118 1022 ἀφεθήσεται
3156 951 3360 1016 αὐτοῖς,
3387 952 3468 1004 ὅτι
3528 951 3778 1006 ἀκούσιόν

2197 1043 2334 1096 ἐστι’
2377 1044 2473 1096 καὶ
2523 1042 2679 1094 αὐτοὶ
2724 1041 2964 1113 ἤνεγκαν
2995 1039 3057 1092 τὸ
3085 1039 3259 1111 δῶρον
3293 1040 3475 1093 αὐτῶν
3500 1041 3780 1111 κάρπωμα

2194 1133 2384 1206 Κυρίῳ
2443 1135 2572 1206 περὶ
2623 1134 2720 1204 τῆς
2774 1131 3052 1204 ἁμαρτίας
3103 1131 3282 1186 αὐτῶν
3320 1131 3498 1187 ἔναντι
3545 1135 3774 1203 Κυρίου,

2196 1227 2326 1298 περὶ
2363 1227 2470 1281 τῶν
2515 1226 2786 1280 ἀκουσίων
2833 1223 3033 1277 αὐτῶν.
3087 1225 3192 1278 Καὶ
3251 1224 3586 1296 ἀφεθήσεται
3631 1211 3802 1298 πάσῃ

2195 1321 2486 1390 συναγωγῇ
2539 1317 2672 1371 υἱῶν
2711 1316 2949 1389 Ἰσραὴλ,
2980 1317 3076 1370 καὶ
3101 1315 3179 1386 τῷ
3231 1316 3561 1388 προσηλύτῳ
3610 1333 3772 1388 προσο

2195 1409 2550 1480 πορευομένῳ
2575 1409 2710 1480 πρὸς
2737 1408 2901 1479 ὑμᾶς,
2931 1409 3012 1462 ὅτι
3050 1408 3213 1462 παντὶ
3244 1407 3322 1478 τῷ
3362 1407 3474 1478 λαῷ
3500 1408 3774 1462 ἀκούσιον.

2207 1499 2332 1552 Ἐὰν
2365 1498 2421 1551 δέ
2445 1498 2592 1570 ψυχὴ
2623 1498 2724 1570 μία
2755 1498 2978 1570 ἁμάρτῃ
3013 1496 3304 1561 ἀκουσίως,
3337 1498 3602 1567 προσάξει
3647 1497 3780 1568 αῐγα

2198 1590 2326 1659 μίαν
2371 1589 2640 1644 ἐνιαύσιον
2696 1591 2827 1661 περὶ
2879 1589 3176 1660 ἁμαρτίας.
3241 1589 3352 1643 Καὶ
3391 1589 3706 1655 ἐξιλάσεται
3752 1594 3780 1645 ὁ

2197 1681 2374 1753 ἱερεὺς
2396 1681 2526 1753 περὶ
2557 1681 2656 1752 τῆς
2673 1680 2854 1751 ψυχῆς
2881 1681 3447 1752 τῆςάκουσιασθείσης
3470 1683 3569 1736 ναὶ
3596 1684 3776 1754 ἀμαρ-

2194 1772 2392 1843 τούσης
2426 1773 2696 1835 ἀκουσίως
2741 1772 2921 1826 ἔναντι
2968 1773 3176 1842 Κυρίου
3236 1772 3592 1838 ἐξιλάσασθαι
3652 1778 3779 1847 περὶ

2196 1864 2382 1921 αὑτοῦ.
2436 1865 2547 1918 Kal
2573 1864 2906 1936 ἀφεθήσεται
2954 1865 3104 1936 αὐτῷ
3139 1864 3222 1936 τῷ
3253 1867 3505 1938 ἐγχωρίῳ
3551 1868 3613 1920 ἐν
3667 1871 3778 1931 τοῖς

2193 1958 2328 2021 υίοῖς
2363 1957 2598 2029 Ἰσραὴλ,
2638 1957 2734 2012 καὶ
2781 1955 2861 2028 τῷ
2913 1956 3238 2030 προσηλύτῳ
3281 1958 3361 2028 τῷ
3395 1959 3780 2030 προσκειμένῳ

2192 2051 2251 2104 ἐν
2282 2051 2484 2114 αὐτοῖς.
2519 2050 2702 2122 Νόμος
2741 2043 2821 2114 εἷς
2858 2049 3015 2104 ἔσται
3032 2051 3092 2104 ἐν
3113 2051 3320 2116 αὐτοῖς,
3353 2050 3414 2113 ὃς
3442 2051 3542 2105 ἐὰν
3573 2054 3777 2126 ποιήσῃ

2193 2144 2484 2207 ἀκουσίως.
2517 2161 2536 2195 ι
2579 2143 2692 2197 Kal
2739 2143 2912 2198 ταῦτα
2971 2143 3070 2214 μὲν
3118 2144 3176 2197 ἐν
3208 2147 3322 2208 τοῖς
3366 2143 3650 2215 ’Δριθμοῖς
3673 2161 3687 2175 ·
3719 2149 3775 2198 ἐν

2189 2234 2247 2288 δὲ
2292 2233 2373 2306 τῷ
2420 2233 2696 2306 Λευῖτικῷ
2739 2235 3038 2306 διαμορφοῖ
3087 2235 3188 2307 μέν
3220 2237 3427 2307 ἑτέρως
3475 2236 3538 2289 τὸ
3571 2239 3775 2309 μυστή-

2193 2340 2330 2395 ριον,
2363 2323 2504 2395 πλὴν
2542 2324 2604 2378 οὐ
2665 2325 2874 2398 σφόδρα
2910 2326 3048 2398 πρὸς
3078 2327 3448 2398 ἀνομοιότητα
3499 2327 3772 2400 διεστήκει

2191 2416 2259 2470 τά
2303 2417 2660 2488 θεωρήματα.
2689 2416 2828 2488 Φέρε
2859 2418 2925 2488 δὴ
2955 2413 3049 2473 οὖν
3092 2417 3364 2472 κάκείνων
3396 2420 3768 2490 ἐπιμνησθέν-

2191 2525 2303 2574 τες,
2336 2509 2458 2562 ἐπεὶ
2488 2508 2550 2562 τὸ
2575 2509 2696 2562 λίαν
2720 2509 2860 2562 εἰσὶν
2910 2509 3187 2579 ἀναγκαῖα
3212 2509 3350 2580 πρὸς
3377 2511 3606 2585 εἴδησιν,
3649 2515 3775 2584 μίαν

2191 2600 2381 2672 ὥσπερ
2413 2601 2502 2654 ἐπ’
2541 2601 2744 2671 ἀμφοῖν
2783 2599 3161 2674 ἐξυφαίνωμεν
3213 2601 3310 2674 τὴν
3340 2604 3645 2676 ἀφήγησιν.
3676 2607 3774 2660 Γέ-

2189 2708 2438 2762 γραπται
2491 2690 2548 2745 δὲ
2598 2690 2744 2745 οὕτω
2800 2692 2999 2746 πάλιν⁹
3066 2694 3226 2747 «Καὶ
3283 2694 3520 2767 ἐλάλησε
3568 2694 3774 2768 Κύριος

2191 2783 2329 2854 πρὸς
2358 2783 2584 2854 Μωσῆν,
2638 2781 2811 2851 λέγων
2830 2799 2843 2813 ·
2876 2783 3045 2838 Εἰπὸν
3076 2787 3192 2850 τοῖς
3220 2788 3356 2850 υἱοῖς
3397 2779 3638 2859 Ἰσραὴλ,
3680 2790 3777 2843 καὶ

2191 2873 2338 2944 ἐρεῖς
2369 2873 2580 2938 αὐτοῖς·
2613 2873 2783 2927 Ὅταν
2828 2874 3108 2948 είσέλθητε
3139 2877 3220 2940 είς
3269 2876 3368 2948 τὴν
3406 2878 3509 2950 γῆν
3559 2879 3628 2950 ἣν
3659 2880 3775 2948 ἐγὼ

2190 2967 2385 3038 δίδωμι
2423 2967 2574 3037 ὑμῖν,
2639 2966 2732 3020 καὶ
2791 2965 3049 3038 θερίσητε
3098 2969 3192 3022 τὸν
3249 2967 3509 3040 θερισμὸν
3574 2973 3773 3042 αὐτῆς,

501 3063 776 3121 oriﬁcium
819 3063 1014 3134 ipsius,
1068 3063 1207 3118 duas
1256 3063 1500 3120 decimas
1548 3063 1742 3120 simila:
1782 3064 2000 3119 refecta:
2035 3065 2091 3118 in

2193 3058 2372 3110 οῐσετε
2399 3058 2731 3129 δραγμάτων
2754 3059 3014 3130 ἀπαρχὴν
3037 3059 3131 3113 τοῦ
3163 3060 3427 3132 θερισμοῦ
3458 3063 3614 3133 ὑμῶν
3635 3065 3775 3136 πρὸς

820 3115 1014 3134 τπη,
1075 3115 1203 3118 πη
1263 3115 1496 3120 an---“

506 3155 651 3218 oleo,
699 3156 1032 3210 sacriﬁcium
1059 3155 1301 3209 Domino
1329 3155 1387 3208 in
1421 3154 1646 3208 odorem
1671 3154 1956 3209 suavitatis
1989 3154 2092 3209 Do-

2194 3148 2286 3202 τδν
2314 3115 2482 3220 ίερέα.
2516 3115 2646 3203 ’Καὶ
2700 3115 2998 3204 ἀνοίσειητδ
3049 3115 3271 3223 δράγμα
3325 3115 3511 3208 ἐναντί
3559 3115 3770 3228 Κυρίου

509 3245 679 3308 mino,
728 3251 785 3297 et
827 3245 1068 3298 libamen
1110 3245 1261 3313 ejus,
1311 3250 1564 3312 quartam
1613 3241 1726 3296 vini
1789 3251 1999 3312 partem
2038 3253 2092 3300 et

2191 3239 2378 3294 δεκτὺν
2401 3241 2548 3311 ὑμῖν,
2579 3243 2646 3312 τῇ
2675 3241 2937 3314 ἐπαύριον
2959 3241 3062 3311 τῆς
3102 3243 3326 3315 πρώτης
3352 3245 3553 3299 ἀνοίσει
3586 3249 3718 3301 αὐτὸ
3743 3252 3776 3302 ὁ

507 3336 683 3404 panis.
716 3335 786 3389 Et
808 3334 968 3388 fricta
991 3333 1181 3388 chidra
1205 3348 1347 3388 nova
1378 3348 1491 3388 non
1509 3333 1815 3389 comedetis
1839 3349 2012 3404 usque
2037 3337 2092 3391 in

2193 3331 2391 3402 ίερεύς.
2429 3333 2540 3386 Kal
2584 3333 2842 3403 ποιήσετε
2885 3333 2944 3387 ἐν
2987 3336 3052 3405 τῇ
3086 3334 3271 3406 ἡμέρᾳ
3311 3337 3369 3388 ἐν
3477 3338 3684 3410 φέρητε
3712 3340 3776 3392 τδ

509 3430 656 3484 hunc
699 3428 880 3497 ipsum
929 3425 1098 3491 diem,
1134 3425 1495 3495 quoadusque
1523 3425 1842 3481 obtuleritis
1863 3443 2092 3482 munera

2191 3422 2428 3494 δράγμα,
2464 3423 2736 3495 πρόϐατον
2766 3425 2998 3496 ἄμωμον
3029 3425 3304 3480 ἐνιαύσιον
3341 3429 3422 3492 είς
3456 3429 3778 3500 ὁλοκάρπω-

507 3521 620 3576 Deo
666 3529 872 3575 vestro.
911 3516 1242 3588 Legitimum
1290 3517 1687 3588 sempiternum
1720 3517 1776 3572 in
1799 3519 2092 3590 progenies

2191 3531 2264 3584 μα
2290 3512 2370 3583 τῷ
2397 3515 2608 3586 Κυρίῳ.
2639 3515 2750 3568 Kal
2778 3515 2876 3586 τὴν
2920 3515 3114 3570 θυσίαν
3142 3517 3308 3571 αὐτοῦ
3335 3517 3432 3572 δύο
3456 3520 3660 3575 δέκατα
3687 3539 3777 3576 σε-

508 3620 736 3678 vestras,
769 3611 826 3666 in
851 3608 1003 3665 omni
1031 3608 1372 3664 habitatione
1403 3618 1585 3664 vestra
1610 3611 1677 3663 ⁸⁸.
1709 3627 1730 3660 ι

2191 3603 2457 3676 μιδάλεως
2503 3605 2990 3677 ἀναπεποιημένην
3020 3609 3078 3659 ἐν
3107 3608 3294 3680 ἐλαίῳ,
3324 3609 3518 3664 θυσίαν
3552 3612 3632 3684 τῷ
3658 3615 3777 3674 Κυ-

508 3708 609 3782 ρίῳ
637 3707 716 3770 είς
747 3703 920 3775 ὀσμὴν
942 3701 1167 3765 εὐωδίας
1193 3700 1272 3773 τῷ
1295 3701 1504 3774 Κυρίῳ,
1527 3702 1620 3755 καὶ
1643 3701 1874 3774 σπονδὴν
1897 3699 2084 3768 αὑτοῦ,
2125 3701 2186 3756 τὸ
2217 3699 2476 3771 τέταρτον
2501 3698 2645 3752 οίνου
2693 3699 2788 3752 καὶ
2816 3698 3001 3770 ἄρτου.
3040 3702 3149 3754 Kal
3183 3706 3546 3775 πεφρυγμένα
3614 3707 3779 3779 χίδρα

505 3800 602 3856 νέα
631 3798 690 3852 οὐ
723 3797 986 3868 φάγεσθε,
1030 3794 1136 3858 ἕως
1169 3795 1250 3858 είς
1285 3793 1457 3866 αὐτὴν
1481 3795 1582 3867 τὴν
1613 3795 1827 3866 ἡμέραν
1855 3792 2086 3865 ταύτην,
2126 3793 2232 3856 ἕως
2263 3791 2329 3846 ἂν
2353 3789 2758 3862 προσενέγκητε
2797 3792 2955 3863 ὑμεῖς
3005 3792 3074 3847 τὰ
3101 3793 3249 3866 δῶρα
3274 3794 3370 3848 τοῦ
3432 3795 3568 3850 Θεοῦ
3595 3798 3776 3868 ὑμῶν.

505 3891 758 3962 Νόμιμον
796 3887 1014 3941 αἰώνιον
1039 3885 1120 3949 είς
1151 3883 1252 3950 τὰς
1281 3884 1476 3954 γενεάς
1508 3886 1683 3957 ὑμῶν,
1707 3886 1767 3939 ὲν
1803 3884 1953 3956 πάσῃ
1983 3884 2238 3954 κατοικία
2271 3881 2444 3954 ὑμῶν.
2472 3898 2491 3934 ›

572 3986 628 4041 2.
681 3983 992 4054 Manipulus
1041 3981 1224 4052 itaque
1266 3980 1524 4051 primitiae
1563 3989 1692 4036 sunt
1726 3979 2011 4046 messium,
2033 3989 2090 4036 et

2260 3976 2327 4047 β’.
2350 3978 2386 4029 Δ
2396 3976 2585 4047 ράγμα
2611 3975 2709 4046 μὲν
2726 3969 2839 4043 οὖν,
2869 3975 3042 4048 ληῖων
3064 3976 3310 4050 ἀπαρχὴ,
3342 3978 3436 4032 καὶ
3470 3977 3601 4044 νέας
3627 3980 3736 4052 σύμ
3755 4012 3776 4024 .

502 4079 634 4134 novi
687 4077 967 4130 fructuum
996 4083 1298 4144 proventus
1323 4082 1728 4145 argumentum.
1768 4072 1934 4127 Panis
1957 4086 2090 4127 vero

2191 4067 2342 4122 ϐολον
2381 4066 2704 4137 εὐκαρπίας.
2741 4068 2941 4139 "Apro;
2981 4068 3038 4122 δέ
3083 4065 3152 4123 αὖ
3205 4069 3355 4123 σίτου
3403 4069 3592 4123 λοιπὸν
3641 4088 3775 4125 συν-

503 4164 768 4221 frumenti
789 4163 1114 4219 condensati
1135 4171 1240 4228 est,
1265 4171 1321 4218 et
1342 4163 1410 4218 ad
1439 4162 1766 4232 capiendum
1793 4177 2086 4234 coagmen-

2191 4158 2586 4231 αγηγερμένου,
2618 4159 2712 4211 καὶ
2733 4159 2811 4221 εἰς
2839 4159 2940 4230 τὴν
2972 4157 3174 4212 ἅλωσιν
3211 4160 3650 4229 σεσωρευμένου,
3675 4164 3778 4214 καὶ

506 4259 626 4323 tati,
673 4271 890 4327 unaque
919 4256 977 4309 in
1011 4255 1274 4310 horreum
1304 4255 1629 4324 comportati
1660 4254 1955 4325 reliquum.
1990 4252 2086 4310 Of-

2191 4251 2329 4320 τάχα
2370 4267 2473 4303 που
2515 4251 2608 4304 καὶ
2658 4252 2740 4314 είς
2787 4251 2957 4314 αὐτὰς
3010 4249 3293 4323 ἀποθήκας
3338 4253 3772 4323 κεκομισμένου.

502 4350 636 4405 ferri
673 4356 859 4404 autem
900 4347 1018 4402 haec
1050 4346 1162 4401 Deo
1183 4345 1253 4400 ab
1279 4345 1347 4400 iis
1367 4345 1462 4415 qui
1481 4346 1822 4415 jam‘terram
1846 4344 2084 4415 promis-

2200 4342 2483 4414 Ἀνάθημα
2509 4342 2564 4396 δὲ
2593 4341 2671 4413 τῷ
2695 4341 2814 4412 Θεῷ
2835 4347 2949 4406 τοῖς
2975 4343 3075 4413 ἤδη
3102 4344 3450 4414 κατῳκηκόσι
3477 4343 3579 4414 τῆς
3595 4347 3780 4414 ἐπαγ-

505 4459 620 4498 sam
669 4440 1014 4504 incolerent,
1067 4445 1403 4509 praceptum
1465 4445 1604 4503 erat,
1642 4444 1704 4492 ut
1751 4436 1806 4490 in
1851 4446 2087 4508 utroque

504 4534 761 4591 Christus
805 4530 1176 4600 intelligatur:
1205 4529 1296 4584 hic
1324 4536 1409 4584 est
1433 4529 1581 4584 enim
1617 4547 1635 4580 ι
1663 4527 1822 4598 panis
1847 4529 1915 4583 de
1950 4529 2098 4584 caelo

505 4622 848 4679 descendens
875 4619 943 4686 ’°,
980 4639 998 4670 ι
1039 4634 1110 4673 ac
1133 4617 1438 4683 vivificans,
1469 4625 1527 4673 et
1553 4617 1810 4688 primitiae
1833 4616 2088 4673 fermenti

506 4727 697 4769 eorum
731 4709 825 4779 qui
865 4707 922 4761 in
957 4707 1260 4761 novitatem
1302 4706 1428 4760 vita:
1470 4706 1529 4760 in
1563 4707 1682 4774 ipso
1706 4712 2089 4760 restaurantur

507 4810 564 4860 et
599 4799 1022 4856 reaedilicantur.
1078 4796 1292 4852 Veteris
1341 4794 1566 4865 quidem
1610 4793 1866 4849 fermenti
1911 4794 2085 4850 Adam

508 4893 766 4967 primitiae
793 4889 1041 4955 exstitit;
1079 4895 1366 4958 postquam
1393 4901 1526 4942 vero
1549 4885 1738 4941 datum
1760 4901 1794 4940 α
1812 4886 1926 4941 Deo
1947 4901 2085 4956 pra:-

503 4995 728 5058 ceptum
749 4982 1030 5054 negligens
1052 4980 1108 5034 in
1126 4979 1633 5050 praevaricationem
1660 4980 1952 5050 prolapsus
1979 4990 2084 5045 est,

502 5076 876 5137 exsecrandus
917 5089 1042 5129 mox
1073 5080 1155 5127 est
1178 5070 1446 5136 redditus,
1473 5086 1754 5142 genusque
1786 5071 2087 5126 humanum

504 5172 671 5228 morti
697 5178 756 5225 et
789 5163 1132 5236 corruptioni
1176 5162 1475 5219 obnoxium
1512 5163 1568 5216 in
1594 5161 1714 5232 ipso
1745 5162 1951 5217 factum
1976 5168 2080 5216 est.

504 5265 574 5321 At
613 5263 872 5321 Christus
908 5257 1168 5330 primitiae
1201 5253 1429 5310 secundi
1462 5253 1568 5308 fuit
1593 5255 1758 5325 huius
1778 5252 2031 5309 fermenti
2060 5270 2077 5320 ;

505 5360 599 5430 qui
641 5356 809 5413 etiam
846 5351 1197 5408 maledictum
1233 5347 1442 5423 ellugit,
1477 5361 1575 5416 per
1606 5347 1958 5416 semetipsum
1993 5346 2082 5401 ni-

506 5450 731 5511 mirum,
758 5445 888 5501 dum
900 5457 1001 5514 pro
1022 5440 1183 5496 nobis
1196 5438 1372 5494 factus
1387 5449 1472 5494 est
1483 5437 1834 5494 maledictum
1849 5440 1915 5492 θ’..
1936 5438 2080 5505 Quin

504 5548 562 5594 et
590 5537 958 5608 corruptionis
1002 5535 1170 5590 robur
1196 5531 1420 5597 devicit,
1456 5547 1555 5601 per
1577 5531 1932 5601 semetipsum
1952 5547 2080 5585 rur-

2187 4431 2376 4501 γελίας
2407 4432 2508 4502 τὴν
2537 4433 2660 4503 γῆν,
2680 4431 2853 4486 ταῦτα
2874 4431 3144 4486 ποιεῖσθαι
3166 4433 3556 4503 προστέταχεν,
3591 4435 3680 4487 ἵνα
3704 4436 3778 4489 δι’

2186 4523 2392 4594 ἀμφοῖν
2435 4527 2606 4578 νοοῖτο
2640 4524 2877 4594 Χριστός
2901 4539 2915 4554 ’
2953 4541 2972 4575 ι
3002 4525 3166 4596 ἄρτος
3217 4525 3315 4595 μὲν
3374 4524 3434 4589 ἐξ
3487 4527 3769 4596 οὐρανοῦ»

2186 4613 2279 4667 καὶ
2315 4612 2596 4680 ξωοποιὸς,
2629 4614 2726 4667 καὶ
2751 4613 2974 4685 ἀπαρχὴ
3009 4615 3335 4686 φυράματος
3379 4615 3490 4668 τῶν
3521 4619 3604 4679 είς
3637 4635 3772 4670 και-

2185 4703 2382 4774 νότητα
2430 4703 2578 4774 ζωῆς
2625 4704 3068 4775 ἀνακτιζομένων
3103 4708 3161 4760 ἐν
3189 4706 3361 4779 αὐτῷ.
3390 4706 3499 4760 Τοῦ
3529 4707 3633 4777 μὲν
3657 4709 3774 4780 γάρ

2184 4795 2540 4868 ἀρχαιοτέρου
2573 4797 2894 4867 φυράματος
2944 4797 3169 4869 ἀπαρχὴ
3214 4798 3439 4868 γέγονεν
3479 4798 3508 4849 ὁ
3556 4799 3769 4868 Ἀδάμ·

2184 4885 2372 4955 ἐπειδὴ
2401 4887 2458 4940 δὲ
2490 4873 2588 4956 τῆς
2641 4887 2888 4959 δοθείσης
2928 4887 3204 4960 ἀλογήσας
3264 4890 3483 4958 ἐντολῆς
3517 4891 3772 4962 παρώλι-

2186 4973 2312 5028 σθεν
2345 4975 2426 5037 είς
2458 4975 2794 5048 παράσασιν,
2842 4977 3120 5049 ἐπάρατος
3169 4974 3237 5050 ἦν
3267 4980 3449 5044 εὐθὺς,
3480 4981 3575 5033 καὶ
3603 4981 3772 5035 θανά-

2183 5085 2261 5138 τῳ
2301 5068 2395 5121 καὶ
2445 5069 2621 5141 φθορᾷ
2658 5070 2719 5123 τὸ
2752 5069 3091 5142 ἀνθρῴπινον
3116 5073 3174 5125 ἐν
3200 5071 3352 5142 αὐτῷ
3380 5073 3770 5137 κατεδικάζετο

2183 5158 2363 5229 γένος.
2405 5159 2650 5232 ’Λπαρχὴ
2697 5161 2754 5215 δέ
2786 5163 3022 5234 Χριστὸς
3059 5153 3154 5216 τοῦ
3210 5163 3467 5236 δευτέρου
3504 5167 3768 5236 φυράμα-

2185 5272 2296 5322 τος,
2337 5255 2396 5317 ὅς
2445 5255 2540 5309 καὶ
2594 5255 2779 5328 διέδρα
2827 5257 2927 5328 τὴν
2981 5256 3141 5328 ἀράν,
3198 5257 3268 5311 δι’
3317 5257 3478 5310 αὐτὸν
3523 5258 3772 5329 δηλονότι

2185 5347 2276 5400 τὸν
2330 5347 2471 5418 ὑπὲρ
2523 5346 2683 5419 ὴμῶν
2733 5349 3024 5419 γενόμενον
3072 5349 3336 5419 κατάραν.
3397 5349 3503 5402 Kal
3551 5350 3611 5402 τὺ
3667 5349 3770 5418 τῆς

2188 5426 2394 5508 φθορᾶς
2432 5437 2762 5510 παρελαύνει
2795 5439 3016 5510 κράτος,
3051 5438 3298 5491 διἀὐτὺν
3340 5437 3402 5509 δὴ
3435 5437 3596 5491 πάλιν
3627 5457 3646 5489 ι
3677 5437 3773 5491 τὸν

2187 5529 2469 5604 ἐλεύθερον
2529 5532 2586 5584 ἐν
2634 5533 2914 5604 νεκροῖς.»
2980 5531 3204 5587 Ἀνεδίω
3269 5532 3368 5603 μὲν
3420 5531 3534 5604 γάρ
3587 5529 3770 5602 πατή-

575 5720 624 5756 ⁸⁸
653 5725 816 5788 Num.
847 5741 934 5792 xv,
958 5723 1159 5780 16-22.
1218 5724 1262 5758 ”
1285 5720 1458 5779 Levit.
1493 5737 1643 5790 ann,
1675 5720 1828 5779 9-H.
1903 5719 1950 5756 ’°
1973 5719 2128 5776 Joan.
2164 5735 2236 5789 γι,
2267 5719 2357 5773 55.
2427 5718 2468 5754 ⁹¹
2512 5717 2687 5775 Galat.
2751 5733 2828 5786 ιιι,
2857 5717 2944 5773 l3.
