4060 6192
311 312 412 372 621

1339 303 1858 364 GLAPHYRORUM
1895 302 1962 358 ΙΝ
2002 300 2332 358 NUMEROS
2372 301 2596 358 LIBER.

3483 303 3586 358 62‘!

319 442 418 488 σας
459 423 554 478 τὸν
595 422 845 476 θάνατον.
890 421 1192 492 Μονονουχὶ
1223 420 1282 476 δὲ
1330 423 1426 476 καὶ
1454 420 1714 491 ἀνάθημα
1756 419 1903 489 λαμ-

2017 433 2122 472 sum
2165 418 2440 473 exsistens
2486 437 2503 469 ι
2531 418 2675 472 inter
2705 425 2955 472 mortuos
2994 416 3134 471 liber
3161 416 3226 469 θ’.
3261 435 3279 466 ι
3317 417 3590 474 Resurre~

319 516 456 588 πρὸν
477 516 572 570 καὶ
595 513 926 585 δωροφορία,
953 515 1048 568 καὶ
1068 510 1157 569 οἷά
1184 531 1268 578 τις
1283 514 1384 568 ἀνθ
1394 513 1706 586 ρωπότητος
1728 513 1902 583 ἀπαρο

315 609 424 681 χή,
473 605 1013 676 κεκαινουργημένος
1061 608 1144 669 εἰς
1192 605 1502 677 ἀφθαρσίαν
1543 605 1711 677 ἀνέὄη
1764 603 1902 675 πρὸς

316 700 412 754 τὸν
455 699 702 771 Πατέρα.
731 699 1022 770 Τοιγάρτοι
1060 698 1153 752 τὸν
1183 700 1345 772 ἄρτον
1384 701 1442 751 ὲν
1465 701 1532 771 τῇ
1572 699 1704 770 ἁγίᾳ
1737 699 1901 770 φέρε-

321 791 448 844 σθαι
499 792 710 860 σκηνῇ,
753 790 846 843 καὶ
896 793 953 843 ἐν
999 793 1115 854 τοῖς
1159 790 1362 860 Ἃγίοις
1401 792 1512 845 τῶν
1553 792 1722 862 άγίων
1765 792 1890 847 ἀνα-

317 879 540 934 κεῖσθαι
567 879 708 949 Θεῷ,
729 878 831 949 τήν
863 880 942 943 είς
969 881 1233 952 οὐρανοὺς
1258 882 1614 952 ἀναφοίτησιν
1646 882 1904 954 ὑπεμφή-

320 987 467 1023 νειεν
483 969 671 1035 ἃν,καὶ
693 967 841 1039 μάλα
862 969 1111 1035 εἰκότως,
1127 969 1222 1023 τοῦ
1240 970 1606 1043 Ἐμμανουήλ.
1634 991 1652 1024 ι
1675 973 1902 1043 Ἀνῆλθε

319 1061 434 1132 γὰρ
467 1061 568 1114 οὐκ
597 1049 677 1124 εἰς
697 1059 1055 1130 χειροποίητά
1087 1062 1275 1127 ποθεν,
1309 1063 1433 1118 οὔτε
1467 1065 1569 1136 μὴτ
1601 1066 1682 1128 είς
1717 1066 1784 1119 τὰ
1810 1067 1902 1119 ἀν·

320 1157 526 1209 τίτυπα
562 1154 670 1208 τῶν
718 1155 1025 1226 ἀληθινῶν,
1067 1155 1185 1209 ἀλλ’
1219 1158 1298 1219 εἰς
1339 1156 1499 1209 αὐτὸν
1544 1156 1636 1210 τδν
1676 1158 1906 1228 οὐρανὸν

321 1248 422 1301 νῦν
477 1247 876 1318 ὲμῳανισθῆναι
935 1247 1012 1320 τῷ
1069 1247 1348 1320 προσώπῳ
1416 1248 1513 1301 τοῦ
1569 1249 1705 1302 Θεοῦ
1764 1249 1906 1323 ὑπὲρ

323 1340 504 1411 ήμῶν,
536 1359 554 1390 ι
598 1339 739 1393 κατά
781 1340 843 1394 τὸ
879 1340 1289 1411 γεγραμμένον.
1328 1343 1448 1394 ’Ότι
1481 1340 1561 1405 δὲ,
1607 1341 1701 1394 καὶ
1743 1341 1907 1412 ἄρτος

322 1433 446 1484 ἐστὶ
469 1432 726 1495 ζωοποιὸς
755 1434 784 1485 6
817 1432 876 1496 ἐξ
895 1432 1124 1502 οὐρανοῦ
1159 1432 1253 1485 καὶ
1288 1432 1515 1498 ἀνωθεν,
1575 1432 1905 1500 ἀπαλλάττει

324 1536 387 1572 τε
418 1520 555 1590 πρὸς
581 1519 754 1590 τούτῳ
781 1521 876 1574 καὶ
905 1520 1212 1593 ἁμαρτιῶν,
1240 1522 1334 1574 καί
1364 1521 1725 1592 ἀγνοημάτων
1759 1522 1908 1575 ἐλευ-

2005 511 2085 565 xit
2107 511 2254 565 enim
2296 521 2471 565 morte
2508 508 2879 580 pessumdata.
2912 507 3056 574 Quin
3096 516 3154 563 et
3195 509 3587 578 propemodum

2006 602 2158 657 velut
2194 602 2356 672 397
2399 601 2606 656 donum
2634 609 2692 655 et
2719 599 2926 654 oblatio
2955 598 3206 670 quaedam
3232 598 3509 654 excellens
3535 607 3593 652 et

2005 693 2312 764 splendida,
2345 701 2400 747 et
2426 693 2583 764 quasi
2609 692 2856 763 quadam
2881 691 3138 762 primitiae
3157 691 3412 746 humana:
3432 699 3594 746 natu-

2009 800 2083 840 rae
2102 785 2156 840 in
2181 785 2648 856 incorruptionem
2671 793 2966 850 renovatae,
2987 783 3238 840 ascendit
3258 783 3328 838 ad
3352 784 3588 838 Patrem.

2007 876 2280 932 Caeterum
2329 879 2478 949 quod
2521 881 2678 948 panis
2712 878 2768 933 in
2801 877 3217 933 tabernaculum
3249 883 3500 932 sanctum
3531 877 3594 931 il-

2009 970 2157 1025 latus
2187 970 2310 1035 fuit,
2338 979 2395 1025 et
2428 971 2484 1024 in
2519 969 2720 1026 Sancto
2743 977 3058 1026 sanctorum
3098 969 3418 1041 propositus
3456 969 3589 1031 Deo,

2010 1062 2251 1118 reditum
2284 1063 2338 1116 in
2378 1061 2578 1124 ctelum
2619 1062 2930 1134 signiﬁcare
2972 1069 3153 1133 potest
3194 1061 3587 1124 Emmanuelis,

2009 1153 2175 1223 idque
2199 1154 2318 1224 jure
2346 1154 2573 1224 optimo.
2619 1172 2638 1205 ι
2669 1155 2787 1210 Non
2810 1155 2958 1210 enim
2986 1155 3040 1210 in
3066 1155 3377 1211 manufacta
3405 1165 3590 1211 sancta

2011 1245 2262 1302 introivit
2291 1246 2622 1316 exemplaria
2657 1263 2938 1311 verorum,
2966 1248 3059 1302 sed
3090 1247 3142 1307 in
3167 1249 3344 1318 ipsum
3368 1249 3590 1313 caelum,

2015 1345 2074 1390 ut
2119 1347 2382 1406 appareat
2427 1353 2574 1392 nunc
2624 1337 2798 1391 vultui
2828 1339 2921 1392 Dei
2959 1353 3062 1408 pro
3082 1338 3264 1401 nobis,
3302 1357 3318 1388 ι
3351 1340 3428 1392 uti
3454 1341 3591 1394 scri-

2012 1435 2166 1496 ptum
2205 1435 2291 1482 est
2319 1428 2386 1481 9'.
2411 1426 2568 1493 Quod
2601 1443 2731 1482 vero
2756 1428 2870 1498 ipse
2897 1429 2968 1483 sit
2993 1428 3151 1498 panis
3174 1428 3264 1484 ille
3287 1429 3590 1492 viviticans,

2011 1517 2106 1587 qui
2129 1517 2196 1571 de
2226 1519 2366 1574 coelo
2398 1534 2462 1574 ac
2481 1519 2771 1574 desursum
2789 1528 2909 1584 est;
2937 1521 3081 1590 quod
3105 1530 3161 1575 et
3187 1521 3302 1590 ipse
3327 1532 3590 1591 praeterea

326 1609 484 1683 Οεροῖ
522 1612 653 1674 τοὺς
700 1612 797 1664 ὲπῖ
833 1612 930 1681 τῆς
956 1612 1094 1682 γῆς,
1127 1614 1205 1676 εἰς
1234 1613 1410 1684 ὀσμὴν
1453 1613 1679 1676 εὐωδίας
1716 1614 1910 1667 ἑαυτδν

2017 1609 2250 1664 dimittat
2301 1620 2522 1679 peccata
2581 1619 2636 1665 et
2684 1610 2754 1666 ab
2807 1611 3133 1680 ignorantiis
3183 1619 3430 1668 terrenos
3461 1613 3597 1668 lihco

323 1701 470 1770 ὑπὲρ
497 1699 677 1753 αὐτῶν
716 1701 994 1764 ἀνατιθεὶς
1022 1701 1099 1772 τῷ
1128 1702 1246 1772 Θεῷ
1291 1703 1383 1756 καὶ
1423 1703 1625 1774 Πατρὶ,
1657 1705 1908 1776 συνήσεις

2017 1710 2118 1766 ret,
2177 1703 2232 1756 in
2274 1702 2503 1758 odorem
2551 1702 2836 1759 Suavitatis
2883 1705 3170 1760 offerendo
3215 1705 3453 1776 scipsum
3485 1707 3596 1761 Deo

324 1786 390 1846 εὗ
423 1790 571 1860 μάλα
607 1793 724 1854 τοῖς
756 1793 854 1862 τῆς
883 1792 1123 1856 διανοίας
1153 1793 1398 1864 ὄμμασιν
1435 1794 1510 1858 ὼς
1543 1795 1743 1867 μόσχον
1783 1797 1904 1850 ὁλο-

2017 1792 2180 1857 Patri,
2229 1792 2535 1848 rectissime
2569 1793 2878 1865 intelligere
2906 1794 3135 1863 poteris,
3165 1795 3210 1849 si
3240 1795 3440 1850 mentis
3465 1811 3596 1850 ocu-

325 1881 700 1952 καυτούμενον
732 1882 982 1952 καθορῶν
1020 1883 1360 1957 σφαζόμενον
1383 1926 1396 1951 ,
1442 1889 1535 1941 καὶ
1567 1888 1642 1952 ὡς
1671 1888 1910 1961 χίμαρον

327 1972 474 2043 ὑπὲρ
504 1973 614 2028 τῶν
651 1973 748 2026 τοῦ
795 1973 928 2028 λαοῦ
978 1975 1363 2048 ἀγνοημάτων.
1413 1998 1431 2030 ι
1477 1980 1912 2052 Παραπτὼματα

327 2065 440 2136 γὰρ
466 2064 549 2128 τίς
579 2066 839 2137 συνήσει;
877 2085 896 2117 ι
931 2067 1073 2120 κατά
1105 2069 1164 2121 τὸ
1189 2071 1596 2142 γεγραμμένον.
1634 2073 1911 2147 Ἀθρειδή

327 2158 479 2220 ὅπως
504 2158 534 2210 6
561 2157 860 2231 νομοθέτης
898 2161 997 2230 τῆς
1021 2161 1078 2214 ὲν
1113 2161 1266 2232 νόμῳ
1294 2163 1552 2236 λατρείας
1581 2165 1914 2238 ὑπερκειμέ-

329 2267 432 2320 νην
460 2249 808 2321 ἀσυγκρίτως
838 2250 934 2322 τὴν
965 2252 1054 2308 διὰ
1091 2254 1331 2325 Χριστοῦ
1361 2257 1629 2328 κάθαρσιν
1654 2259 1915 2314 ἐκάλεσεν

326 2339 545 2408 σαφῶς.
572 2341 632 2394 Ei
660 2340 769 2412 γάρ
811 2342 1125 2413 παρέλθητε
1146 2386 1160 2410 ,
1197 2347 1366 2418 φησὶ,
1394 2347 1464 2402 τά
1502 2351 1745 2415 Μωσέως
1767 2391 1782 2416 ,
1820 2352 1915 2406 καὶ

328 2431 444 2500 τῆς
477 2432 708 2502 νομικῆς
747 2432 1003 2506 λατρείας
1031 2435 1098 2489 ἂν
1129 2436 1496 2509 ἀλογήσαντες
1528 2441 1751 2512 ἐντολῆς
1791 2460 1912 2496 κατ·

326 2524 620 2596 εφορῷντό
646 2543 811 2592 τινες,
843 2527 964 2581 τότε
990 2528 1056 2598 δὴ
1077 2569 1091 2594 ,
1120 2529 1241 2583 τότε
1273 2531 1370 2603 τήν
1397 2533 1464 2586 δι’
1499 2535 1750 2605 αἱμάτων
1783 2537 1914 2607 ὑμῖν

324 2618 614 2688 ἅμνησίαν
659 2617 1030 2690 ὲπικυροῦσαν
1068 2621 1362 2693 εὑρήσετε,
1402 2625 1604 2696 μόσχου
1647 2627 1914 2680 καταθυσ-

329 2710 507 2782 μένου
546 2711 643 2764 καὶ
689 2713 929 2782 χιμάρου
977 2715 1504 2787 προσενηνεγμένου.
1535 2717 1705 2771 Τοῦτο
1747 2719 1803 2771 δὲ
1845 2713 1913 2789 ἦν

325 2805 420 2867 εις
462 2803 633 2856 τύπον
680 2803 943 2875 Χριστοῦ;
978 2807 1187 2861 Οὐκοῦν
1222 2807 1500 2880 καθορίξει
1542 2811 1640 2881 μὲν
1681 2811 1710 2863 6
1752 2812 1916 2882 νόμος

327 2893 452 2947 τῶν
479 2895 926 2966 παραϐαινόντων
953 2899 1050 2970 τὴν
1091 2899 1334 2954 κόλασιν·
1375 2895 1705 2956 ἀπαλλάττει
1734 2903 1793 2958 δὲ
1835 2904 1915 2958 δί-

326 3001 444 3055 κης
483 2986 580 3040 καὶ
627 2987 735 3040 τῶν
782 2989 843 3055 ἐξ
889 2990 1110 3060 ἀγνοίας
1159 2992 1500 3063 αἱτιαμάτων
1544 2994 1824 3067 ἐλευθεροῖ
1855 2995 1916 3050 τὸ

328 3078 517 3148 τέμιον
550 3075 691 3151 αἷμα
727 3083 986 3153 Χριστοῦ.
1031 3083 1258 3138 Τέθεικε
1293 3075 1528 3158 γὰρ’τήν
1569 3087 1746 3159 ψυχὴν
1775 3089 1915 3161 ὑπὲρ
1944 3135 1986 3194 c

325 3171 536 3240 ἡμῶν,
582 3172 672 3225 ἵνα
720 3174 815 3226 τοῦ
870 3174 1078 3245 κόσμου
1133 3176 1414 3251 καταλύσῃ
1469 3178 1569 3249 τήν
1615 3179 1910 3252 ἁμαρτίαν.

337 3259 564 3313 Οὐκοῦν
608 3262 686 3326 ὡς
719 3265 777 3317 ἐν
810 3263 960 3335 ἄρτῳ
1007 3267 1180 3318 νοοῖτο
1232 3266 1464 3337 Χριστὸς
1501 3268 1575 3333 ὡς
1627 3271 1772 3342 ζωὴ,
1823 3271 1918 3326 καὶ

328 3351 622 3417 ζωοποιός·
657 3353 732 3418 ὡς
771 3357 829 3408 ὲν
870 3356 1054 3427 μόσχῳ
1099 3357 1260 3411 πάλιν
1319 3358 1778 3431 ὀλοκαυτούμενος
1823 3364 1919 3417 καὶ

324 3443 421 3506 εις
443 3443 622 3515 ὀσμὴν
652 3445 879 3510 εὐωδίας
905 3449 1094 3502 ἑαυτὸν
1123 3449 1398 3514 ἀνατιθεὶς
1423 3451 1502 3523 τῷ
1540 3452 1658 3524 Θεῷ
1686 3453 1780 3508 καὶ
1810 3456 1920 3508 Πα-

321 3533 451 3604 τρί·
495 3537 588 3588 καὶ
607 3536 684 3599 ὠς
715 3539 773 3589 ἐν
802 3539 932 3591 εῖδει
957 3540 1194 3610 χιμάρου
1220 3541 1458 3610 γεγονὼς
1478 3543 1544 3596 δι’
1567 3546 1715 3616 ἡμᾶς
1742 3545 1922 3616 ἁμαρ⁴

325 3623 463 3691 τία,
510 3627 608 3679 καὶ
661 3627 802 3696 ὑπὲρ
842 3628 1126 3700 ἁμαρτιῶν
1173 3631 1532 3702 σφαζόμενος.
1583 3635 1814 3706 Δράγμα
1863 3636 1921 3689 δὲ

328 3711 447 3780 αὖ,
483 3718 606 3771 καθ’
652 3718 840 3789 ἕτερον
886 3723 1058 3774 νοοῖτο
1102 3723 1325 3793 τρόπον.
1368 3723 1464 3788 Τίς
1509 3725 1567 3779 δὲ
1617 3727 1712 3780 καὶ
1764 3720 1920 3791 οὗτός

326 3809 513 3872 ἑστιν,
546 3809 623 3872 ὡς
653 3808 753 3875 ἔνι,
777 3811 1069 3877 λελέξεται.
1105 3813 1391 3885 Ἀστάχυσι
1425 3815 1522 3887 μὲν
1549 3820 1661 3882 τοῖς
1687 3819 1745 3873 ὲν
1765 3819 1920 3891 ἀγρῷ

328 3902 706 3973 παρεικάσειέ
749 3921 832 3967 τις
873 3905 939 3958 ἂν
990 3906 1050 3959 τὸ
1089 3906 1430 3979 ἀνθρώπινον
1459 3908 1634 3978 γένος,
1667 3910 1726 3964 τὸ
1759 3910 1920 3965 οἱονεί

328 4010 458 4057 πως
484 3994 706 4064 ἀνίσχον
729 3996 796 4049 ἐκ
832 3997 929 4067 τῆς
961 3998 1065 4070 γῆς
1084 4039 1098 4064 ,
1131 3999 1227 4053 καὶ
1255 3999 1352 4072 τήν
1395 4001 1574 4073 ἐαυτῷ
1605 4003 1922 4074 πρέπουσαν

331 4086 640 4155 περιμένον
672 4086 1039 4159 ἐκπλήρωσιν,
1063 4091 1156 4144 καὶ
1188 4091 1364 4163 χρόνῳ
1390 4094 1708 4164 κειρόμενον
1744 4095 1923 4166 ἀμῶν-

327 4195 426 4242 τος
471 4177 731 4232 θανάτου.
767 4179 923 4234 Οὕτω
956 4183 1049 4236 καὶ
1081 4183 1244 4246 αὐτὸς
1273 4185 1302 4236 6
1335 4185 1568 4256 Χριστὸς
1597 4189 1710 4252 τοῖς
1745 4189 1923 4258 ἀγίοις

328 4268 550 4338 ἔφασκε
591 4269 880 4342 μαθηταῖς·
925 4291 944 4326 ι
995 4275 1106 4345 οὐχ
1143 4277 1302 4347 ὑμεῖς
1335 4277 1557 4346 λέγετε,
1593 4279 1675 4333 ὅτι
1715 4280 1796 4334 ἔτι
1831 4299 1922 4335 τε·

328 4357 623 4429 τράμηνόν
656 4361 796 4425 ἐστι,
832 4363 928 4416 καὶ
955 4365 984 4418 6
1027 4363 1287 4438 θερισμὸς
1315 4367 1531 4442 ἔρχεται
1557 4387 1572 4437 ;
1621 4370 1753 4426 Ἰδοὺ
1779 4372 1923 4442 λέγω

2012 1885 2082 1940 lis
2112 1885 2428 1941 consideres
2453 1901 2580 1940 eum
2608 1895 2865 1956 tanquam
2896 1887 3236 1942 immolatum
3260 1888 3516 1953 vitulum,
3541 1897 3595 1942 ct

2013 1977 2183 2032 veluti
2208 1976 2422 2031 hircum
2442 1985 2739 2032 mactatum
2761 1993 2860 2048 pro
2876 1978 3063 2049 populi
3089 1980 3416 2050 ignorantia.
3451 1999 3468 2031 ι
3495 1981 3598 2035 De-

2012 2069 2142 2124 licta
2181 2069 2329 2124 enim
2379 2069 2504 2138 quis
2545 2069 2859 2139 intelliget?
2896 2089 2914 2121 ι
2947 2071 3089 2126 sicut
3120 2072 3385 2142 scriptum
3412 2083 3495 2128 est
3527 2074 3592 2126 ³⁸.

2014 2159 2181 2215 Vides
2205 2173 2369 2228 quam
2399 2157 2687 2213 manifeste
2716 2159 2998 2229 legislator
3028 2160 3083 2214 in
3109 2162 3230 2232 lege
3263 2164 3444 2219 cultus
3477 2164 3596 2219 sine

2014 2250 2336 2306 discrimine
2363 2248 2746 2319 praecedentis,
2780 2265 2879 2319 per
2911 2249 3194 2308 Christum
3215 2257 3596 2325 purgationem

2015 2342 2160 2399 clare
2204 2343 2462 2397 vocarit?
2492 2340 2548 2396 Si
2585 2342 2731 2396 enim
2758 2356 2855 2396 vos
2884 2346 3207 2415 transgressi
3237 2346 3470 2413 fueritis,
3499 2351 3594 2411 ait,

2015 2435 2214 2504 Moysis
2243 2443 2537 2504 praecepta,
2561 2442 2618 2489 et
2642 2433 2832 2504 legalis
2857 2435 3037 2490 cultus
3063 2435 3376 2493 institutum
3410 2441 3597 2511 negle-

2016 2527 2200 2581 xerint
2242 2526 2489 2595 quidam,
2527 2534 2678 2590 tunc,
2705 2533 2858 2590 tunc,
2888 2527 3128 2598 inquam,
3158 2545 3256 2598 per
3280 2532 3599 2601 sanguinem

2017 2617 2366 2688 propinatam
2404 2617 2562 2673 vobis
2591 2617 2879 2687 reperietis
2904 2619 3140 2683 veniam,
3167 2620 3214 2674 si
3240 2622 3472 2677 vitulum
3497 2624 3598 2677 οι).-

2018 2709 2279 2772 tuleritis,
2311 2718 2475 2778 atque
2509 2710 2726 2764 hircum
2757 2711 3150 2766 mactaveritis.
3185 2711 3242 2766 ld
3273 2729 3404 2767 vero
3436 2713 3600 2768 fiebat

2020 2801 2075 2854 in
2099 2808 2285 2872 typum
2307 2799 2532 2856 Christi.
2565 2800 2767 2855 Definit
2799 2801 2986 2872 itaque
3011 2802 3096 2857 lex
3123 2805 3595 2873 praevaricantium

2017 2893 2430 2964 castigationem
2453 2911 2464 2946 :
2485 2893 2714 2948 dimittit
2729 2909 2861 2949 vero
2872 2909 3091 2964 poenam
3113 2904 3168 2951 et
3183 2895 3475 2951 criminum
3500 2913 3600 2966 per

2020 2985 2385 3056 ignorantiam
2423 2984 2789 3040 admissurum
2837 2987 3055 3056 culpam
3100 2987 3298 3043 liberat
3322 2989 3600 3060 pretiosus

2020 3075 2224 3132 Christi
2267 3075 2507 3146 sanguis.
2560 3074 2811 3129 Animam
2844 3075 2991 3130 enim
3020 3093 3172 3132 suam
3202 3094 3302 3148 pro
3322 3079 3482 3134 nobis
3502 3096 3600 3150 po-

2021 3167 2152 3231 suit,
2179 3173 2239 3221 ut
2263 3166 2453 3221 mundi
2472 3175 2692 3236 peccata
2714 3167 3040 3224 dissolveret
3056 3171 3122 3224 ⁹⁸.
3149 3171 3349 3238 Quare,
3369 3173 3513 3228 sicut
3544 3175 3596 3229 in

2019 3277 2160 3332 pane
2207 3259 2462 3316 Christus
2509 3259 2832 3330 intelligitur
2866 3269 2928 3314 ut
2954 3260 3067 3316 vita
3099 3277 3162 3318 ac
3208 3263 3513 3329 vivificans,
3543 3266 3601 3319 in

2019 3355 2197 3409 vitulo
2219 3369 2351 3409 vero
2376 3368 2571 3408 rursus
2607 3360 2668 3407 ut
2691 3352 3025 3420 immolatus,
3057 3364 3113 3410 et
3137 3354 3193 3410 in
3219 3356 3443 3412 odorem
3473 3374 3601 3414 sua-

2020 3446 2206 3501 vitatis
2228 3446 2468 3516 seipsum
2494 3445 2732 3500 offerens
2753 3445 2866 3500 Deo
2888 3446 3055 3511 Patri,
3078 3456 3134 3502 et
3159 3446 3212 3501 in
3235 3449 3418 3518 specie
3437 3449 3600 3514 hirci,

2021 3538 2197 3594 factus
2249 3545 2475 3608 propter
2522 3552 2623 3591 nos
2653 3545 2962 3606 peccatum,
2987 3547 3042 3593 et
3065 3555 3167 3609 pro
3193 3543 3432 3610 peccatis
3455 3543 3604 3598 obla-

2023 3637 2132 3695 tus,
2183 3629 2260 3684 ita
2312 3638 2367 3683 et
2419 3627 2734 3698 manipulus
2781 3627 2890 3683 alio
2941 3628 3172 3700 intelligi
3207 3631 3371 3686 modo
3414 3642 3598 3702 queat.

2023 3719 2158 3789 Quis
2199 3734 2331 3775 vero
2384 3719 2432 3774 is
2482 3719 2573 3784 sit,
2607 3734 2716 3773 uno
2741 3718 3026 3789 expediam
3067 3720 3255 3774 verbo.
3285 3721 3463 3791 Spicis
3485 3727 3600 3794 agri

2024 3812 2330 3883 comparari
2359 3817 2525 3882 queat
2558 3825 2733 3880 genus
2761 3809 3084 3873 humanum,
3113 3811 3259 3879 quod
3299 3819 3443 3866 terra
3468 3829 3601 3867 ena-

2026 3920 2206 3968 sccns,
2255 3910 2313 3958 et
2364 3901 2700 3957 cenveniens
2721 3901 3154 3968 suiexspectans
3177 3901 3600 3970 incrementum,

2023 4005 2200 4051 morte
2232 3993 2454 4048 interim
2495 4006 2753 4047 successu
2796 3991 3062 4060 temporis
3095 3991 3384 4061 abripitur.
3433 3993 3523 4050 Sic
3546 4004 3602 4050 et

2025 4086 2142 4158 ipse
2183 4084 2436 4141 Christus
2478 4083 2652 4138 sacris
2701 4082 2817 4138 suis
2839 4082 3326 4154 dixitdiscipulis:
3361 4107 3379 4138 ε
3408 4087 3602 4143 Nonne

2023 4193 2122 4234 vos
2171 4175 2357 4230 dicitis
2398 4173 2545 4244 quod
2584 4172 2765 4229 adhuc
2809 4182 3048 4244 quatuor
3095 4192 3312 4233 menses
3351 4187 3500 4245 sunt,
3547 4191 3606 4238 et

2025 4268 2221 4325 messis
2299 4265 2512 4324 venit?
2575 4265 2717 4320 Ecce
2770 4266 2894 4321 dico
2938 4267 3140 4334 vobis,
3191 4269 3365 4326 levate
3417 4275 3609 4329 oculos

2024 4372 2260 4426 vestros,
2303 4360 2471 4431 398
2512 4367 2569 4413 et
2615 4358 2795 4414 videte
2835 4361 3089 4430 regiones
3135 4362 3266 4430 quia
3319 4364 3454 4418 alba:
3477 4375 3608 4419 sunt

331 4451 489 4520 ὑμῖν·
537 4450 777 4522 ὲπάρατε
830 4454 957 4518 τοὺς
993 4455 1325 4529 ὀφθαλμοὺς,
1373 4461 1466 4513 καὶ
1505 4460 1773 4517 θεάσασθε
1820 4465 1916 4530 τάς

2021 4460 2132 4531 jam
2155 4454 2223 4510 ad
2259 4467 2512 4509 messem.
2539 4453 2608 4507 Et
2629 4452 2725 4522 qui
2755 4451 2933 4516 metit,
2959 4453 3268 4507 mercedem
3299 4455 3520 4525 accipit,
3545 4468 3602 4510 et

326 4540 530 4611 χώρας
557 4541 639 4594 ὅτι
671 4541 860 4598 λευκαί
883 4548 988 4599 είσι
1021 4547 1158 4618 πρὸς
1192 4549 1450 4621 θερισμὸν
1478 4553 1598 4625 ήδη.
1632 4555 1743 4608 Καὶ
1778 4558 1806 4610 6
1834 4556 1922 4610 θε-

2018 4555 2312 4620 congrcgat
2362 4545 2599 4601 fructum
2632 4543 2688 4599 in
2715 4543 2882 4598 vitam
2929 4553 3189 4599 aeternam
3235 4545 3300 4599 “.
3338 4565 3356 4597 ι
3396 4545 3602 4613 Quam-

329 4631 552 4702 ρίζων,
596 4632 784 4702 μισθὸν
831 4634 1134 4707 λαμϐάνει,
1185 4641 1280 4694 καὶ
1323 4645 1546 4710 συνάγει
1588 4647 1796 4717 καρπὸν
1841 4648 1916 4712 είς

2019 4642 2233 4705 obrem,
2279 4646 2340 4692 ut
2366 4639 2478 4709 jam
2501 4636 2762 4702 diximus,
2794 4637 2957 4691 messi
2984 4651 3240 4706 agrorum
3272 4646 3420 4694 recte
3448 4653 3600 4694 com-

326 4721 489 4792 ζωήν
536 4721 774 4779 αἰώνιον.
823 4745 841 4778 ι
885 4728 1116 4791 Οὐκοῦν,
1166 4731 1242 4796 ὡς
1287 4732 1425 4804 ἔφην
1457 4737 1704 4805 ἀρτίως,
1750 4739 1916 4810 ληῖοις

2019 4732 2250 4806 parandi
2296 4731 2391 4801 qui
2447 4739 2660 4786 terram-
2703 4728 2970 4782 incolunt.
3018 4727 3274 4784 Christus
3325 4737 3507 4784 autem
3535 4745 3602 4785 ex

327 4816 459 4874 τοῖς
501 4814 561 4865 ὲν
596 4815 750 4888 ἀγρῷ
785 4822 1183 4890 παρεικαστέον
1230 4819 1289 4878 εὖ
1335 4824 1480 4895 μάλα
1524 4828 1651 4890 τοὺς
1686 4830 1780 4882 ἐπὶ
1823 4831 1916 4900 τῆς

2019 4825 2182 4881 nobis
2205 4823 2381 4878 factus
2422 4820 2490 4876 ad
2513 4820 2687 4875 instar
2705 4819 2870 4889 spica:
2902 4833 2933 4873 e
2959 4829 3146 4875 sancta
3175 4829 3337 4876 natus
3359 4822 3599 4892 Virgine.

324 4905 466 4974 γῆς.
497 4904 692 4974 Γέγονε
721 4909 775 4962 δὲ
805 4909 928 4964 καθ’
948 4914 1096 4984 ἡμᾶς
1120 4915 1148 4966 6
1176 4915 1430 4987 Χριστὸς,
1463 4918 1734 4990 ἀστάχυος
1759 4921 1916 4994 δίκην

2024 4913 2480 4984 Quandoquidem
2513 4911 2678 4966 etiam
2709 4910 2970 4967 frumenti
2996 4928 3225 4983 granum
3255 4927 3312 4968 se
3363 4913 3479 4982 ipse
3501 4929 3597 4968 no-

324 4996 557 5063 ἀραφὺς
588 4998 652 5051 ὲκ
683 4999 781 5071 τῆς
811 5002 972 5070 ἀγίας
996 5004 1295 5076 Παρθένου.
1341 5009 1495 5062 Ἐπεί
1523 5026 1606 5062 τοι
1637 5011 1731 5064 καὶ
1771 5012 1916 5066 σίτου

2026 5011 2242 5066 minat:
2295 5026 2314 5058 ι
2346 5008 2539 5073 Amen,
2598 5019 2756 5059 amen
2807 5003 2931 5059 dico
2986 5002 3164 5068 vobis,
3221 5003 3327 5058 nisi
3375 5020 3603 5075 granum

324 5086 546 5139 κόκκον
601 5088 697 5142 καὶ
748 5092 914 5146 αὐτὸν
956 5096 1091 5166 ἡμῖν
1139 5097 1408 5170 ὠνόμαζε,
1442 5098 1633 5169 λέγων·
1666 5119 1684 5153 ι
1725 5102 1916 5173 Ἀμὴν,

2026 5099 2288 5157 frumenti
2336 5097 2538 5153 cadens
2567 5096 2623 5150 in
2667 5103 2870 5149 terram
2901 5102 3178 5149 mortuum
3204 5093 3390 5159 fuerit,
3423 5095 3602 5166 ipsum

324 5178 498 5248 ἀμην
528 5177 672 5247 λέγω
704 5180 856 5252 ὑμῖν·
894 5184 990 5239 ἐὰν
1028 5188 1101 5259 μὴ
1139 5189 1168 5240 ὁ
1215 5190 1412 5254 κόκκος
1439 5191 1532 5244 τοῦ
1564 5190 1712 5246 σίτου
1746 5193 1928 5247 πεσὼν

325 5271 424 5331 εἰς
476 5267 574 5339 τήν
624 5273 726 5342 γῆν
765 5275 1037 5350 ἀποθάνῃ,
1097 5280 1259 5345 αὐτὸς
1314 5282 1474 5353 μόνος
1533 5285 1704 5356 μένειο
1747 5285 1841 5342 ἐὰν
1871 5286 1928 5340 δὲ

335 5360 628 5453 ἀποθάνῃ,
656 5365 825 5420 πολὺν
847 5372 1058 5442 καρπὸν
1075 5373 1250 5445 φέρει.
1291 5395 1309 5426 ι
1351 5375 1632 5448 ’Δνάθημα
1659 5379 1714 5432 δὲ
1740 5379 1930 5453 ὥσπερ

327 5452 665 5524 ὑπὲρήμῶν
685 5457 878 5526 γέγονε
900 5461 977 5532 τῷ
999 5464 1194 5536 Πατρὶ,
1218 5469 1312 5520 καὶ
1341 5469 1397 5521 ἐν
1416 5469 1566 5536 τάξει
1587 5452 1904 5541 δράγματος
1913 5512 1925 5536 ν

325 5541 416 5606 ὡς
459 5543 564 5612 γῆς
595 5546 862 5619 ἀπαρχὴ,
888 5550 956 5603 δι’
983 5545 1057 5606 ὧν
1089 5555 1363 5622 ὲκτέτοκε,
1401 5558 1818 5630 μαρτυρομένης
1847 5561 1926 5624 εἰς

415 5654 468 5738 ’_‘
511 5655 657 5710 Psal.
693 5672 926 5738 Lx‘xxvu,
958 5665 1012 5720 6.
1083 5667 1128 5698 ’³
1161 5667 1326 5723 Hebr.
1358 5686 1432 5735 Ix,
1465 5670 1555 5724 Ἡ.
1634 5671 1681 5701 ⁸⁵
1707 5671 1849 5727 Psal.
1886 5687 1916 5724 Χ

2019 5713 2032 5738 ,
2083 5671 2268 5726 11-15.
2349 5667 2437 5722 ’⁵1
2469 5667 2623 5723 Joan.
2664 5681 2740 5731 ιιι,
2786 5665 2869 5720 16.

331 5717 379 5746 θ’
417 5723 557 5780 Joan
614 5742 709 5792 xu,
735 5727 824 5782 Ἃ.

2025 5193 2203 5249 solum
2250 5195 2472 5245 manet:
2513 5187 2558 5243 si
2601 5196 2784 5242 autem
2833 5192 3108 5240 mortuum
3135 5184 3320 5250 fuerit,
3369 5187 3600 5242 multum

2025 5283 2265 5338 fructum
2312 5279 2473 5334 affert
2512 5279 2578 5332 ".
2611 5297 2628 5330 ι
2687 5277 2853 5348 [gitur
2904 5283 3164 5344 tanquam
3195 5277 3484 5334 anathema
3507 5294 3602 5334 seu

2026 5376 2283 5431 devotum
2308 5371 2441 5443 quid
2465 5379 2522 5426 et
2543 5371 2786 5425 oblatum
2808 5385 2906 5439 pro
2939 5369 3101 5423 nobis
3123 5367 3299 5424 factus
3327 5377 3411 5425 est
3431 5370 3602 5436 Patri,

2025 5477 2082 5522 et
2135 5464 2188 5518 in
2235 5478 2447 5518 morem
2492 5459 2757 5530 manipuli
2816 5476 2880 5515 ac
2917 5459 3088 5514 veluti
3139 5458 3398 5530 primitiae
3423 5467 3600 5517 terrae.

2027 5559 2187 5629 Spica
2230 5571 2360 5612 vero
2399 5569 2507 5608 una
2541 5552 2904 5615 considerata,
2933 5559 2994 5606 ut
3019 5559 3074 5606 et
3098 5567 3197 5608 nos
3221 5552 3340 5622 ipsi,
3361 5568 3471 5608 non
3496 5569 3602 5607 una

2981 5667 3026 5698 ’°
3057 5666 3211 5722 Joan.
3246 5682 3317 5733 tv,
3382 5667 3469 5734 55,
3510 5667 3599 5726 ἱϐ-
