4052 6196
455 291 565 346 625

1476 287 1532 344 s.
1571 288 1847 344 omnm
1883 254 2363 345 namnam.
2390 285 2707 346 ARCtllEP.

3613 282 3712 341 616

458 403 621 475 spica
661 402 859 468 solum,
912 401 1008 457 sed
1067 403 1220 474 quasi
1253 403 1565 474 manipulus
1593 403 1817 474 quidam
1862 403 2019 460 conti-

2139 403 2468 476 εύκαρπίαν.
2513 400 2788 471 Ἀσταχύς
2833 416 2896 469 γε
2940 398 3048 472 μὴν
3082 398 3370 470 νοούμενος
3409 393 3527 464 εἷς,
3565 398 3712 453 καθὰ

457 496 603 552 citur
625 511 656 550 e
674 494 862 549 multis
877 494 1063 564 spicis,
1089 493 1252 549 fuscis
1276 510 1438 550 unus.
1461 495 1530 549 Et
1548 511 1679 550 vero
1703 511 1790 550 res
1816 495 1921 551 ista
1947 495 2042 550 ad.

455 585 805 642 commodum
851 592 907 640 et
938 584 1244 655 profectum
1277 594 1363 640 est
1395 586 1726 653 necessaria,
1753 587 2030 658 mysterii~

454 693 563 747 que
602 677 821 746 supplet
857 682 1066 746 typum.
1117 675 1373 732 Christus
1403 676 1551 731 enim
1575 677 1734 733 Jesus
1755 692 1898 731 unus
1923 684 2028 743 est,

451 775 836 824 verumtamen
857 767 1028 822 veluti
1058 767 1354 824 fasciculus
1376 769 1598 840 quidam
1620 778 2032 839 coagmentatus

451 867 510 912 et
560 857 886 928 intelligitur
912 865 969 912 et
999 867 1104 924 est,
1163 870 1456 930 propterea
1501 860 1648 930 quod
1675 876 1865 916 omnes
1895 861 1948 915 in
1971 874 2031 916 se

453 948 743 1004 credentes
758 949 1056 1014 contineat,
1084 950 1285 1005 unione
1307 950 1569 1005 nimirum
1599 951 1852 1020 spiritali.
1875 951 2031 1006 Alio-

451 1041 545 1111 qui
595 1054 704 1110 qua
756 1041 969 1096 ratione
1016 1042 1227 1097 scilicet
1281 1041 1438 1098 divus
1477 1043 1678 1097 Paulus
1711 1043 2027 1098 scriberet:

458 1152 476 1184 ι
508 1132 981 1199 Quemadmodum
1015 1134 1433 1188 conresuscitati
1473 1149 1664 1188 sumus
1701 1133 1756 1187 in
1789 1135 1928 1204 ipso,
1951 1135 2031 1190 sic

449 1234 507 1282 et
528 1223 938 1282 considebimus
961 1227 1018 1281 in
1055 1226 1373 1281 coelestibus
1401 1226 1486 1280 ’8?
1517 1245 1536 1278 ι
1566 1225 1704 1282 Cum
1735 1226 1938 1280 etenim
1961 1242 2030 1282 ex

450 1316 612 1370 nobis
666 1314 760 1380 sit,
814 1313 920 1384 ipsi
975 1313 1103 1368 facti
1160 1328 1352 1368 sumus
1405 1326 1792 1382 concorpores,
1847 1320 1905 1366 et
1929 1327 2029 1381 per

457 1426 476 1458 ι
515 1421 738 1462 carnem
786 1405 1049 1460 unionem
1077 1420 1202 1460 cum
1235 1405 1350 1474 ipso
1375 1405 1418 1436 "
1459 1422 1477 1455 ι
1525 1402 1934 1473 acquisivimus.
1961 1403 2029 1456 Et

449 1507 739 1570 propterea
770 1498 1008 1554 dicimus
1036 1496 1185 1567 quod
1211 1496 1266 1550 in
1298 1496 1418 1565 ipso
1443 1509 1634 1550 omnes
1683 1508 1893 1548 sumus.
1929 1493 2028 1547 Et-

447 1590 597 1643 enim
648 1589 884 1658 ipsemet
911 1588 989 1642 sic
1031 1587 1162 1641 alibi
1193 1585 1261 1641 ad
1292 1587 1464 1640 Deum
1487 1585 1704 1639 Patrem
1747 1585 2027 1640 caelestem

448 1681 616 1736 verba
660 1680 824 1736 facit:
869 1699 887 1732 ι
916 1680 1074 1743 Volo,
1105 1679 1284 1742 Pater,
1323 1685 1385 1731 ut
1425 1675 1887 1746 quemadmodum
1925 1689 2027 1746 ego

2135 496 2230 550 καὶ
2255 497 2418 566 ἡμεῖς
2448 492 2637 558 αὐτοὶ,
2670 493 2770 545 οὐκ
2811 491 3052 562 ἄσταχυς
3091 486 3204 556 εἷς,
3240 491 3356 545 ἀλλ’
3384 490 3460 554 ὡς
3484 490 3708 561 δράγμα

2133 588 2511 658 προσάγεται,
2536 584 2839 648 τουτέστιν,
2872 584 2937 637 ἐκ
2969 581 3181 636 πολλῶν
3202 581 3508 652 ἀσταχύων,
3533 582 3707 652 δέσμη

2136 676 2254 746 μία.
2296 675 2411 730 Καί
2439 692 2490 729 τι
2529 675 2592 728 τὸ
2637 675 2827 746 χρῆμά
2865 677 3012 728 ἐστιν
3057 676 3352 743 ἀναγκαῖον
3389 676 3468 736 είς
3498 673 3704 743 ὄνησιν,

2131 769 2227 822 καὶ
2259 766 2560 837 μυστηρίου
2593 766 2758 820 τύπον
2784 765 3154 836 ἀποπληροῦν.
3188 760 3284 828 Εἷς
3310 763 3406 834 μὲν
3430 764 3536 834 γάρ
3559 765 3708 817 ἐστιν

2146 856 2348 928 Ἰησοῦς
2371 859 2398 910 ό
2428 855 2683 926 Χριστὸς,
2725 854 2864 926 πλὴν
2892 853 2968 917 ὡς
2991 854 3050 908 ἐν
3070 852 3200 906 εῖδει
3235 853 3551 923 δράγματος
3580 851 3710 906 πολ-

2133 944 2322 1009 λοστὸς
2353 947 2574 1008 νοεῖται,
2623 943 2717 996 καὶ
2770 943 2920 1007 ἔστι,
2973 940 3062 994 διὰ
3103 943 3164 997 τὸ
3203 941 3408 1005 πάντας
3461 940 3607 1012 ἔχειν
3651 944 3711 995 ἐν

2131 1035 2309 1107 ἐαυτῷ
2357 1035 2482 1099 τοὺς
2527 1034 2919 1100 πιστεύοντας,
2973 1033 3094 1088 καθ’
3136 1032 3332 1086 ένωσιν
3372 1033 3428 1087 δέ
3462 1032 3707 1103 δηλονότι

2128 1128 2229 1199 τὴν
2282 1127 2683 1197 πνευματικήν.
2742 1125 2896 1178 Ἐπεὶ
2942 1125 3062 1177 τίνα
3106 1125 3308 1195 τρόπον
3359 1125 3387 1176 6
3439 1123 3708 1194 μακάριος

2130 1219 2331 1291 γράφει
2366 1217 2598 1282 Παῦλοςο
2641 1237 2659 1269 ι
2705 1217 2793 1280 Ὠς
2841 1215 3296 1286 συνεγηγέρμεθά
3321 1232 3381 1268 τε
3412 1215 3580 1284 αύτῷ,
3613 1215 3734 1268 καῖ’

2132 1310 2564 1381 συνεκαθίσαμεν
2611 1310 2668 1363 ἐν
2719 1311 2832 1372 τοῖς
2874 1308 3242 1380 ἐπουρανίοις.
3298 1326 3316 1358 ι
3372 1307 3592 1377 Ἐπειδὴ
3647 1292 3731 1368 64E,E

2129 1404 2245 1456 ἐστι
2265 1401 2387 1456 καθ’
2409 1402 2576 1472 ἡμᾶς,
2598 1399 2876 1470 σύσσωμοι
2909 1399 3214 1470 γεγόναμεν
3237 1396 3404 1467 αὐτῷ,
3434 1397 3530 1449 καὶ
3562 1415 3581 1447 ι
3607 1396 3706 1468 τὴν

2129 1498 2270 1569 πρὸς
2303 1497 2462 1551 αὑτὸν
2498 1496 2726 1566 ἑνότητα
2759 1495 2846 1550 διὰ
2885 1494 2980 1550 τοῦ
3033 1494 3282 1566 σώματος
3312 1513 3331 1546 ι
3384 1494 3706 1562 πεπλουτή-

2130 1605 2330 1658 καμεν.
2371 1585 2644 1658 Ταύτῃτοί
2666 1603 2866 1656 φαμεν,
2887 1587 2972 1639 ὅτι
3010 1586 3211 1648 πάντες
3239 1584 3406 1655 ἐσμὲν
3443 1587 3501 1638 ἐν
3530 1583 3702 1653 αύτῷ.

2130 1680 2239 1734 Καὶ
2266 1677 2394 1747 γοῦν
2431 1677 2594 1741 αὑτός
2637 1677 2740 1730 πού
2779 1694 2911 1747 φησι
2952 1676 3088 1748 πρὸς
3107 1677 3197 1728 τὸν
3225 1678 3282 1729 ἐν
3312 1676 3560 1746 οὐρανοῖς
3588 1675 3706 1727 Ila-

447 1781 506 1826 et
547 1780 605 1827 tu
652 1787 821 1827 unum
874 1786 1085 1835 sumus,
1111 1771 1193 1824 sic
1215 1778 1272 1824 et
1305 1768 1409 1838 ipsi
1433 1768 1490 1823 in
1514 1767 1675 1823 nobis
1697 1767 1734 1822 ‘.
1770 1787 1788 1820 ι
1819 1767 1908 1822 Uti
1933 1766 2019 1837 qui

2131 1769 2264 1840 τέρα
2303 1767 2399 1822 καὶ
2427 1768 2581 1822 Θεόνο
2625 1786 2642 1819 ι
2675 1767 2845 1836 Θέλω,
2868 1766 3056 1839 ὥσπερ
3086 1765 3198 1836 ἐγὼ
3220 1767 3314 1820 καὶ
3337 1766 3401 1819 σὺ
3424 1765 3486 1819 ἐν
3511 1765 3704 1836 ἐσμὲν.
3730 1767 3732 1772 ’

449 1861 680 1915 Domino
699 1860 1103 1931 conglutinatus
1127 1868 1232 1923 est,
1256 1873 1400 1914 unus
1425 1872 1644 1929 quoque
1664 1857 1888 1928 spiritus
1909 1856 2026 1910 etii-

447 1951 610 2007 citur.
638 1950 946 2021 Manipulus
969 1965 1098 2020 ergo
1123 1948 1379 2004 Christus
1420 1956 1524 2013 est,
1575 1948 1730 2018 quasi
1753 1962 1944 2002 omnes
1969 1947 2026 2002 in

449 2058 508 2096 se
559 2043 898 2112 complexus,
957 2040 1280 2110 cunctisque
1331 2038 1619 2104 incubans,
1670 2047 1728 2093 et
1772 2038 2028 2094 humanae

447 2132 797 2197 conditionis,
839 2147 960 2202 quae
1011 2131 1068 2186 in
1110 2130 1216 2185 ﬁde
1257 2129 1499 2200 perfecta
1525 2135 1629 2194 est,
1658 2144 1778 2198 qua:
1803 2143 2024 2183 sursum

446 2235 609 2298 atque
633 2225 688 2281 in
715 2227 965 2282 ccelestes
990 2223 1276 2281 transferri
1302 2223 1589 2278 thesauros
1617 2222 1799 2288 debet,
1828 2223 2025 2292 primi-

447 2321 554 2377 tiae.
601 2317 800 2375 Aﬂerri
845 2318 922 2372 ait
949 2325 1202 2387 oportere
1243 2316 1584 2386 manipulum
1607 2315 1888 2385 perendie,
1918 2315 2026 2371 hoc

444 2420 549 2477 est,
591 2411 753 2468 tertio
803 2416 926 2480 post
969 2408 1079 2462 die.
1124 2405 1340 2462 Revixit
1365 2406 1512 2461 enim
1541 2404 1795 2461 Christus
1823 2419 1854 2459 a
1879 2421 2024 2460 mor-

447 2504 557 2560 tuis
597 2503 760 2558 tertia
794 2501 907 2565 die,
947 2514 1154 2569 suaque
1181 2500 1238 2554 in
1269 2498 1471 2554 caelum
1510 2497 1716 2553 virtute
1750 2497 2019 2563 ascendit,

445 2597 503 2650 in
535 2609 726 2651 verum
764 2592 977 2649 scilicet
1008 2591 1446 2656 tabernaculum,
1475 2596 1531 2644 et
1573 2588 1632 2644 in
1657 2588 1858 2644 Sancta
1887 2603 2022 2643 san-

443 2691 678 2740 ctorum.
734 2682 937 2739 Verum
981 2695 1092 2752 qua
1141 2680 1354 2734 ratione
1391 2678 1551 2750 panis
1601 2687 1687 2734 est
1735 2677 2018 2748 spiritalis,

441 2775 800 2830 adumbratus
825 2789 922 2844 per
952 2771 1186 2828 vitulum
1209 2770 1276 2826 ad
1296 2770 1699 2836 holocaustum,
1733 2779 1790 2825 et
1810 2769 1866 2824 in
1889 2769 2025 2824 odo-

442 2881 558 2921 rem
597 2863 882 2920 suavitatis
901 2861 1254 2926 destinatum,
1285 2875 1501 2915 necnon
1543 2874 1646 2930 per
1678 2859 1893 2915 hircum
1918 2873 2020 2930 pro

442 2957 766 3029 ignorantiis
809 2955 1051 3010 oblatum
1081 2972 1094 3009 :
1137 2954 1212 3007 ita
1241 2959 1298 3008 et
1327 2968 1550 3008 rursum
1572 2952 1702 3007 licet
1728 2951 1870 3007 forte
1900 2964 2019 3005 ma-

2128 1859 2270 1912 οὓτω
2303 1859 2397 1912 καὶ
2429 1859 2589 1912 αὐτοὶ
2623 1860 2680 1911 ἐν
2710 1859 2862 1929 ἡμῖν.
2898 1876 2920 1909 ι
2967 1857 3057 1921 Ὧς
3093 1859 3159 1911 ἂν
3194 1858 3224 1910 6
3250 1856 3587 1926 κολλώμενος
3625 1856 3707 1925 τῷ

2128 1951 2321 2022 Κυρίῳ
2340 1991 2356 2017 ,
2399 1950 2456 2004 ἒν
2484 1949 2702 2016 πνεῦμά
2747 1952 2884 2004 ἐστι.
2916 1951 3151 2022 Δράγμα
3181 1949 3360 2003 τοίνυν
3390 1948 3465 2012 ὡς
3493 1950 3705 2011 πάντας

2126 2044 2263 2115 ἔχων
2287 2047 2344 2098 ἐν
2386 2043 2587 2116 ἐαυτῷ,
2619 2044 2713 2099 καὶ
2757 2043 2898 2116 ὑπὲρ
2929 2045 3146 2099 πάντων
3177 2044 3568 2118 ἀνακείμενος,
3606 2043 3705 2096 καὶ

2125 2137 2548 2208 ὰνθρωπότητος
2583 2134 2805 2208 ἀπαρχὴ
2840 2133 3268 2207 τετελειωμένης
3298 2137 3357 2187 ἐν
3396 2135 3576 2189 πίστει
3609 2135 3704 2188 καὶ

2124 2228 2446 2297 ὀφειλούσης
2493 2227 2596 2301 ἤδη
2631 2227 2818 2282 λοιπὸν
2851 2229 2932 2290 είς
2961 2227 3087 2291 τοὺς
3119 2229 3231 2282 ἄνω
3258 2226 3356 2281 καλ⁸
3393 2227 3453 2280 ἐν
3487 2225 3703 2295 οὐρανῷ

2124 2318 2450 2389 κομίζεσθαι
2499 2317 2831 2389 θησαυρούς.
2875 2317 3349 2389 Προσκομίζεσθαι
3398 2316 3458 2370 δὲ
3493 2316 3603 2369 δεῖν
3640 2316 3702 2369 τδ

2123 2409 2344 2482 δράγμα
2380 2409 2515 2481 φησὶ
2554 2413 2622 2482 τῇ
2669 2409 2932 2483 ἐπαύριον
2977 2410 3078 2480 τῆς
3127 2407 3372 2481 πρώτης,
3416 2411 3446 2464 ὃ
3489 2411 3605 2462 ἐστι
3631 2412 3698 2480 τῇ

2121 2501 2305 2574 τρίτῃ.
2363 2502 2590 2555 ’Δνεσὶω
2642 2502 2753 2574 γὰρ
2802 2505 2866 2556 ἐκ
2919 2503 3129 2574 νεκρῶν
3171 2503 3313 2556 κατὰ
3355 2502 3455 2574 τὴν
3510 2503 3702 2572 τρίτην

2123 2592 2357 2664 ἡμέραν,
2383 2594 2546 2648 αὑτοῦ
2578 2611 2634 2648 τε
2657 2594 3094 2664 άναπεφοίτηκεν
3119 2595 3201 2657 είς
3227 2593 3474 2664 οὐρανὸν,
3494 2593 3575 2655 είς
3601 2592 3702 2662 τὴν

2126 2684 2331 2756 σκηνὴν
2366 2685 2463 2756 τὴν
2507 2684 2786 2755 ἀληθινὴν,
2817 2685 2914 2738 καὶ
2947 2686 3028 2749 είς
3064 2684 3136 2737 τά
3165 2685 3331 2752 ’Λγια
3354 2682 3462 2736 τῶν
3502 2681 3698 2750 ἁγίων.

2135 2774 2275 2829 Ἀλλ’
2301 2774 2488 2847 ὥσπερ
2513 2775 2674 2848 ἄρτος
2710 2775 2998 2847 νοούμενος
3031 2774 3464 2846 κατεσημαίνετο
3491 2775 3594 2828 κάν
3622 2771 3702 2842 τῷ

2125 2866 2310 2938 μόσχῳ
2343 2866 2421 2938 τῷ
2445 2867 2577 2939 πρὸς
2596 2867 2964 2921 ὁλοκαύτωσιν
2999 2869 3094 2921 κα)⁴
3121 2868 3200 2932 είς
3240 2865 3417 2937 ὀσμὴν
3445 2864 3696 2927 εὐωδίας,

2122 2958 2220 3012 καὶ
2251 2958 2349 3029 μέν
2375 2976 2457 3013 τοι
2473 2961 2566 3013 καὶ
2587 2960 2644 3013 ἐν
2665 2959 2886 3030 χιμάρῳ
2907 2959 3015 3012 τῶν
3036 2959 3400 3030 ἀγνοημάτων
3426 2975 3700 3030 παρέστης

440 3049 664 3122 nipnlus
711 3048 1066 3119 intelligatur,
1115 3055 1296 3102 tamen
1334 3045 1450 3117 ipse
1480 3054 1566 3100 est
1589 3045 1755 3100 etiam
1777 3045 1896 3100 ovis
1926 3043 2018 3096 illa

2121 3049 2259 3102 κότι·
2289 3048 2432 3104 οὕτω
2464 3050 2528 3120 δὴ
2571 3050 2756 3114 πάλιν,
2802 3050 2896 3104 καὶ
2937 3052 2986 3104 εί
3029 3050 3253 3122 δράγμα
3296 3053 3468 3104 νοοῖτο
3510 3049 3698 3120 τυχὸν,

439 3143 714 3207 annicula,
769 3141 933 3211 399
966 3139 1032 3193 id
1078 3148 1182 3203 est,
1239 3135 1500 3206 perfecta.
1547 3135 1830 3190 Perfectus
1868 3133 2019 3188 enim

438 3234 753 3302 nulliusque
797 3231 1017 3300 indigus
1044 3237 1128 3283 est
1151 3228 1406 3283 Christus
1431 3241 1530 3296 per
1562 3226 1839 3296 propriam
1862 3241 2018 3282 suam

438 3334 713 3378 naturam.
731 3321 910 3388 Quare
939 3328 994 3374 et
1024 3329 1285 3390 praetcrea
1307 3326 1392 3373 est
1413 3316 1639 3373 omnino
1667 3317 2020 3388 irreprehen—

439 3414 634 3468 sibilis.
688 3411 930 3468 Nescivit
976 3411 1122 3466 enim
1177 3417 1482 3480 peccatum,
1535 3424 1640 3464 nec
1681 3417 1767 3464 est
1805 3409 1861 3464 in
1897 3411 2018 3481 ejus

438 3517 534 3556 ore
583 3500 745 3556 dolus
780 3508 1048 3568 repertus.
1083 3500 1204 3568 Ipse
1243 3507 1328 3554 est
1382 3499 1560 3554 simila
1623 3498 1718 3553 illa
1763 3499 2013 3565 illustris,

437 3599 602 3660 atque
655 3590 777 3644 oleo
823 3603 1138 3658 conspersa,
1187 3589 1292 3643 hoc
1314 3596 1418 3654 est,
1441 3588 1551 3643 vita
1585 3588 1674 3644 illa
1699 3590 1755 3643 in
1782 3590 2015 3660 pingue-

438 3683 565 3739 dine
593 3691 648 3737 et
675 3680 973 3736 hilaritate.
1001 3680 1248 3736 Vivimus
1282 3679 1430 3735 enim
1459 3680 1515 3734 in
1540 3679 1660 3750 ipso
1679 3682 2017 3738 exsultantes

435 3783 661 3845 propter
708 3788 860 3845 spem
899 3771 1238 3828 reconditam
1267 3789 1282 3838 ;
1317 3781 1374 3828 et
1409 3773 1538 3842 quia
1567 3774 1742 3828 sancti
1778 3772 2016 3843 Spiritus

434 3865 607 3936 gratia
635 3864 846 3935 irrigati
871 3879 1082 3928 sumus,
1113 3861 1418 3919 secundum
1454 3863 1508 3919 id
1535 3862 1681 3934 quod
1705 3862 1759 3916 in
1786 3863 2016 3919 Psalmis

433 3965 537 4021 est,
557 3957 804 4012 canimus
835 3973 848 4009 :
881 3975 898 4007 ι
928 3955 1281 4026 lmpinguasti
1309 3957 1364 4010 in
1385 3956 1506 4011 oleo
1527 3965 1692 4027 caput
1713 3971 1895 4011 meum
1917 3957 1958 4009 ’.
1987 3975 2005 4010 ι

434 4046 868 4102 Misericordiam
910 4046 1056 4100 enim
1101 4061 1293 4100 sumus
1325 4047 1604 4102 consecuti
1643 4063 1740 4118 per
1760 4046 1922 4102 ﬁdem
1956 4048 2014 4103 in

433 4139 755 4192 Christum:
794 4154 919 4192 cum
981 4151 1090 4206 quo
1145 4138 1352 4207 pariter
1406 4138 1812 4207 quodammodo
1854 4155 2014 4195 sacro

434 4227 807 4299 thymiamatis
864 4225 1045 4282 sumtu
1087 4244 1278 4283 sumus
1333 4229 1564 4292 imbuti,
1624 4231 2012 4286 secundarium

433 4326 684 4374 tenentes
703 4319 909 4383 locum,
952 4319 1416 4388 quemadmodum
1451 4318 1689 4389 denique
1712 4320 1879 4375 etiam
1919 4322 2011 4377 illa

2123 3137 2237 3191 ἀλλ’
2273 3136 2419 3191 ἐστιν
2453 3139 2614 3202 αύτδς
2645 3139 2706 3192 τὸ
2739 3138 3009 3192 ἐνιαύσιον
3041 3139 3332 3211 πρόϐατον,
3363 3140 3609 3192 τουτέστι
3639 3139 3701 3193 τὸ

2118 3229 2346 3284 τέλειον.
2380 3229 2702 3293 Παντέλειος
2736 3230 2845 3301 γάρ
2876 3230 2967 3282 καὶ
2999 3229 3250 3301 ἀνενδεὴς
3280 3229 3307 3280 6
3332 3228 3568 3300 Χριστὸς
3593 3229 3700 3299 ἰδίᾳ

2117 3320 2298 3390 φύσει.
2339 3323 2494 3374 Ἔστι
2536 3321 2591 3374 δὲ
2635 3322 2772 3393 πρὸς
2804 3321 2978 3392 τούτῳ
3007 3321 3103 3375 καὶ
3130 3322 3355 3391 ἄμωμος
3393 3319 3692 3382 παντελῶς.

2117 3414 2192 3466 Ού
2232 3412 2343 3485 γὰρ
2389 3414 2626 3482 ἔγνωκεν
2671 3413 2970 3486 ἁμαρτίαν,
3015 3412 3126 3466 οὐδ’
3167 3412 3283 3465 ἔστι
3327 3411 3478 3474 δόλος
3519 3413 3578 3464 ἐν
3621 3409 3699 3480 τῷ

2118 3503 2347 3575 στόματι
2377 3502 2563 3558 αὐτοῦ.
2594 3501 2766 3566 Αὐτός
2795 3521 2852 3557 τε
2879 3504 2912 3574 ἡ
2947 3501 3228 3572 σεμίδαλις
3259 3503 3291 3572 ἡ
3321 3498 3574 3570 λαμπρά,
3602 3499 3696 3553 καὶ

2117 3594 2477 3660 ἐλαιόδευτος,
2500 3593 2801 3659 τουτέστιν,
2837 3595 2871 3664 ἡ
2902 3594 2978 3657 ὡς
3021 3595 3078 3646 ἐν
3128 3593 3344 3664 πιότητι
3376 3592 3474 3645 καὶ
3513 3591 3695 3662 ἱλαρός

2115 3703 2237 3756 τητι
2291 3686 2426 3756 ζωή.
2476 3684 2669 3755 Ζῶμεν
2713 3685 2822 3756 γὰρ
2868 3684 3152 3755 χαίροντες
3187 3685 3243 3736 ἐν
3291 3682 3440 3752 αὐτῷ
3477 3682 3569 3736 διὰ
3598 3680 3698 3751 τὴν

2116 3774 2491 3846 ἀποκειμένην
2538 3775 2766 3838 ἐλπίδα,
2798 3773 2896 3827 καὶ
2941 3775 3008 3844 τῇ
3057 3772 3151 3826 τοῦ
3187 3773 3343 3841 ἁγίου
3377 3771 3698 3840 Πνεύματος

2116 3866 2572 3938 καταρδευόμενοι
2603 3865 2819 3935 χάριτι,
2857 3863 2998 3918 κατὰ
3029 3863 3089 3916 τὸ
3129 3865 3186 3917 ἐν
3217 3863 3469 3933 Ψαλμοῖς
3497 3864 3698 3928 ἐκεῖνο,

2117 3959 2316 4030 φαμέν-
2340 3978 2358 4011 ι
2400 3957 2694 4021 Ἐλίπανας
2711 3957 2770 4008 ἐν
2805 3956 2970 4027 ἐλαίῳ
2991 3955 3087 4026 τὴν
3119 3955 3361 4026 κεφαλήν
3393 3972 3516 4026 μου.
3556 3973 3574 4007 ι
3600 3955 3703 4007 Γε-

2114 4049 2351 4119 γόναμεν
2388 4049 2498 4120 γὰρ
2541 4046 2856 4119 ἠλεημένοι,
2886 4046 2974 4100 διὰ
3011 4047 3248 4109 πίστεως
3287 4047 3346 4099 ἐν
3376 4044 3620 4115 Χριστῷ,
3654 4038 3703 4112 ᾧ

2114 4141 2316 4212 τρόπον
2366 4141 2491 4193 τινὰ
2548 4141 2642 4193 καὶ
2687 4137 3115 4210 συνθυμιὼμεθα
3173 4138 3434 4208 δευτέραν
3479 4137 3700 4208 ἔχοντες

2114 4231 2286 4297 τάξιν·
2340 4231 2592 4301 καθάπερ
2631 4231 2824 4301 ἀμέλει
2871 4228 2941 4283 τὰ
2989 4228 3302 4299 καλούμενα
3347 4228 3506 4300 χίδρα
3557 4227 3700 4298 πρὸς

2114 4321 2211 4395 τὴν
2234 4322 2444 4376 ἐκείνου
2475 4321 2773 4392 σεμίδαλιν.
2793 4321 2975 4388 Χίδρα
3004 4320 3112 4392 γάρ
3141 4317 3278 4374 εἷναί
3307 4336 3506 4389 φαμεν,
3537 4318 3608 4372 τὰ
3638 4319 3701 4384 ἐξ

430 4427 552 4482 qua:
578 4421 844 4466 vocantur
865 4410 1076 4474 chidra,
1099 4410 1168 4464 ad
1192 4409 1344 4465 illius
1362 4409 1615 4465 similam.
1647 4410 1843 4467 Chidra
1863 4413 2009 4467 enim

2115 4413 2357 4485 ὀσπρίων
2388 4413 2614 4484 ἄλευρα.
2653 4413 2775 4467 Ὅτι
2803 4413 2912 4484 γὰρ
2957 4413 3052 4466 καὶ
3090 4414 3138 4466 εί
3177 4413 3367 4481 γέγονε
3397 4411 3518 4464 καθ’
3546 4412 3698 4482 ἡμᾶς

429 4521 550 4560 esse
599 4503 835 4560 dicimus
874 4517 942 4558 ex
987 4501 1358 4574 leguminibus
1405 4503 1690 4558 subactam
1758 4503 2009 4560 farinam.

428 4595 567 4663 Quia
608 4595 756 4650 enim
798 4594 959 4649 nobis
999 4610 1098 4663 per
1133 4593 1598 4664 dispensationem
1619 4593 1813 4649 similis
1838 4594 2014 4650 factus

428 4697 532 4751 est,
568 4685 702 4756 quin
754 4685 952 4740 merito
991 4683 1151 4738 nobis
1175 4683 1425 4755 superior
1450 4692 1544 4739 aut
1571 4684 1919 4754 praestantior
1941 4684 2013 4740 sit

428 4776 802 4842 :estimandus,
849 4774 1062 4830 dubitet
1113 4773 1361 4844 profecto
1394 4790 1576 4830 nemo.
1622 4775 2012 4830 llonorahilior

431 4869 617 4938 itaque
666 4869 802 4924 citra
847 4867 1275 4923 controversiam
1327 4868 1500 4938 ipsius
1533 4867 1646 4922 vita
1673 4876 1775 4922 est.
1810 4867 2010 4924 Sancta

427 4961 574 5016 enim
619 4961 839 5030 penitus
886 4969 971 5015 est
1018 4968 1074 5015 et
1127 4959 1490 5015 immaculata.
1525 4958 1585 5013 In
1613 4959 1919 5015 minoribus
1942 4976 2006 5016 ac

427 5061 580 5107 retro
630 5059 757 5106 sunt
799 5058 1006 5116 nostra,
1053 5057 1109 5105 et
1131 5050 1444 5104 chidrorum
1470 5049 1538 5103 ad
1560 5049 1752 5114 instar,
1774 5066 1918 5120 quae,
1945 5059 2005 5105 ut

420 5144 532 5214 jam
565 5142 712 5213 .dixi,
755 5157 786 5195 e
832 5140 1104 5195 frumento
1131 5141 1309 5195 simila
1332 5148 1432 5195 est.
1465 5139 1653 5196 Simila
1675 5151 1856 5196 autem
1879 5142 2004 5197 vitae

423 5232 715 5303 imaginem
747 5246 868 5302 prae
890 5246 946 5284 se
977 5229 1103 5284 fert.
1127 5228 1210 5284 Ad
1235 5229 1351 5284 ιιωο
1372 5229 1422 5283 ei
1454 5228 1645 5283 chidra
1673 5245 1801 5284 cum
1825 5230 2004 5286 simila

417 5325 492 5380 ad
511 5325 681 5379 altare
706 5322 1047 5378 deferuntur.
1071 5319 1571 5376 Conthuriﬁcamur
1593 5321 1762 5387 enim,
1789 5331 1848 5376 ut
1867 5323 2000 5387 dixi,

421 5411 660 5477 Christo,
689 5409 979 5480 eidemque
1011 5408 1213 5462 bonum
1240 5423 1432 5462 omnes
1462 5409 1688 5464 odorem
1717 5412 2003 5468 suavitatis

422 5497 650 5554 ferimus
697 5499 738 5565 ⁸,
788 5512 1085 5568 sumusque
1139 5497 1302 5559 simul
1343 5498 1551 5569 accepti
1585 5499 1698 5554 Deo
1728 5515 1792 5554 ac
1831 5500 1998 5556 Patri.

486 5683 542 5718 “
564 5683 766 5753 Ephes.
808 5702 867 5752 ιι,
891 5679 942 5742 6.
1016 5687 1060 5721 ⁸³
1089 5687 1292 5758 Ephes.
1319 5704 1402 5756 ιιι,
1435 5687 1488 5744 6.

2111 4505 2493 4574 οἰκονομικῶς,
2523 4505 2663 4576 ὑπὲρ
2687 4507 2836 4577 ἡμᾶς
2865 4507 2894 4559 6
2916 4504 3150 4576 Χριστὸς
3173 4505 3328 4558 νοοῖτ⁸
3352 4503 3417 4557 ἂν
3444 4504 3696 4569 εἰκότως,

2110 4596 2434 4661 ἐνδοιάσειεν
2469 4595 2534 4648 ἂν
2565 4595 2764 4659 οὐδείς.
2799 4595 3011 4650 Οὐκοῦν
3041 4595 3346 4667 τιμιωτέρα
3382 4595 3482 4666 μὲν
3522 4595 3699 4662 ἀσυγ-

2109 4688 2365 4759 κρίτωςή
2397 4687 2561 4741 αὑτοῦ
2586 4689 2722 4760 ζωή.
2765 4688 2921 4756 Ἀγία
2944 4688 3054 4759 γὰρ
3085 4687 3368 4751 παντελῶς
3409 4688 3503 4741 καὶ
3534 4686 3687 4756 ἄμω-

2113 4796 2232 4850 μος.
2286 4780 2374 4832 Ἐν
2409 4779 2587 4850 μείοσι
2628 4779 2684 4834 δὲ
2713 4781 2806 4835 καὶ
2851 4781 3082 4835 κατόπιν
3115 4781 3184 4833 τὰ
3223 4779 3344 4835 καθ’
3389 4779 3562 4849 ἡμᾶς,
3598 4778 3696 4830 καὶ

2106 4867 2181 4932 ὡς
2209 4869 2264 4922 ἐν
2306 4868 2458 4933 τάξει
2487 4869 2706 4940 χίδρων,
2742 4870 2819 4934 ὠς
2848 4871 2986 4940 πρός
3017 4889 3103 4941 γε,
3132 4871 3298 4940 φημὶ,
3331 4868 3433 4940 τὴν
3468 4869 3576 4924 ἀπὸ
3611 4868 3693 4921 σί-

2111 4976 2204 5013 του
2249 4960 2548 5031 σεμίδαλιν.
2581 4962 2736 5031 Ζωῆς
2769 4962 2823 5014 δὲ
2853 4961 3021 5027 τύπος
3057 4962 3358 5034 σεμίδαλις.
3385 4961 3533 5030 Πλὴν
3567 4977 3690 5013 συν-

2110 5049 2440 5120 αναφέρεται
2468 5049 2604 5121 πρὸς
2633 5051 2695 5104 τὸ
2725 5051 3107 5122 θυσιαστήριον
3144 5051 3212 5105 τὰ
3257 5050 3415 5122 χίδρα
3443 5053 3509 5120 τῇ
3540 5065 3690 5118 σεμι-

2110 5138 2281 5193 δάλει.
2315 5140 2744 5211 Συνθυμιώμεθα
2776 5144 2884 5211 γὰρ
2909 5184 2923 5206 ,
2947 5143 3022 5207 ὡς
3069 5143 3240 5213 ἔφην,
3292 5140 3545 5213 Χριστῷ,
3596 5137 3689 5191 καὶ

2108 5231 2257 5300 αὐτῷ
2318 5232 2520 5294 πάντες
2571 5233 2970 5304 εὐωδιάζομεν,
3021 5236 3114 5289 καὶ
3167 5233 3336 5304 ἐσμὲν
3395 5233 3490 5286 σὺν
3541 5229 3685 5299 αὐτῷ

2105 5321 2285 5374 δεκτοὶ
2310 5321 2389 5391 τῷ
2421 5321 2540 5393 Θεῷ
2566 5325 2659 5376 καὶ
2692 5325 2890 5396 Πατρί.
2922 5326 3031 5378 Kal.
3058 5327 3106 5377 οἱ
3135 5324 3368 5396 Χριστὸν
3399 5324 3502 5375 ούκ
3531 5321 3681 5392 ἔχον-

2105 5429 2216 5476 τες,
2249 5413 2356 5466 οὐδ’
2388 5413 2451 5466 ἄν
2480 5416 2618 5467 είσιν
2648 5415 2783 5480 ὅλως
2817 5419 2895 5479 είς
2927 5416 3117 5470 θυσίαν
3153 5415 3470 5486 ἐπιτήδειον
3507 5432 3526 5465 ι
3561 5415 3686 5466 Xm-

2107 5503 2190 5575 ρὶς
2223 5504 2331 5575 γὰρ
2377 5505 2543 5576 ἐμοῦ,
2583 5508 2784 5578 φησιν,
2832 5509 2894 5561 οὐ
2941 5508 3169 5562 δύνασθε
3228 5509 3400 5562 ποιεῖν
3445 5504 3616 5560 οὐδέν.
3657 5517 3680 5555 ι

1601 5691 1621 5724 ¹
1644 5690 1804 5750 Joan.
1831 5709 1960 5761 xvn,
1995 5693 2083 5763 11,
2115 5695 2206 5751 21.
2277 5699 2298 5732 ¹
2331 5697 2474 5753 Psal.
2497 5714 2628 5768 χχιι,
2665 5700 2715 5755 5.
2797 5700 2880 5756 ³11
2918 5699 3044 5757 Cor.
3071 5717 3129 5768 ιι,
3169 5699 3252 5758 l5.
