4052 6196
300 298 409 356 σεε

1288 290 1814 355 GLAPBYRORUM
1853 288 1923 347 1N
1958 290 2293 352 NUMEROS
2322 296 2548 353 LIBER.

3460 298 3565 358 εει

300 412 415 469 Nic
435 412 516 479 δὲ,
557 410 743 483 φησιν,
787 411 848 466 οὐ
885 412 1125 482 φάγεσθε
1155 412 1261 477 ἕως
1294 415 1374 477 είς
1413 412 1582 484 αὐτὴν
1610 411 1709 484 τὴν
1740 407 1879 481 ἠμέ-

1992 408 2053 467 At
2084 412 2180 482 qui
2215 410 2494 469 Christum
2538 429 2649 468 non
2682 411 2908 478 habent,
2946 411 3119 485 inepti
3148 411 3309 484 plane
3336 423 3467 468 sunt
3495 413 3568 470 ad

304 523 402 579 ραν
426 504 653 576 ταύτην,
687 504 794 569 ἓως
821 505 1131 578 ἁναφέρητε
1170 506 1231 560 τὸ
1256 506 1499 578 δράγμα.
1533 503 1672 560 Οὔτε
1709 504 1818 575 γὰρ
1850 505 1880 558 ό

299 595 391 653 τοῦ
425 598 592 669 νόμου
618 598 830 669 καιρὸς,
854 597 979 652 οὔτε
1022 598 1127 669 μὴν
1161 599 1191 651 ό
1217 598 1323 651 τῶν
1355 598 1526 667 άγίων
1550 596 1712 668 χορὸς
1740 612 1879 667 προ-

300 687 487 758 φητῶν
518 687 618 756 τὴν
656 686 782 740 νέαν
810 681 924 757 εἶχε
962 686 1192 758 τροφὴν,
1220 684 1486 748 τουτέστι,
1521 684 1592 738 τὰ
1626 684 1716 738 διὰ
1748 685 1881 754 Χρι-

304 778 427 832 στοῦ
470 778 840 852 παιδεύματα,
878 778 1002 833 οὔτε
1056 780 1164 850 μὴν
1207 778 1371 833 αὐτὸν
1402 777 1493 832 τὸν
1530 779 1631 849 τῆς
1669 776 1881 850 ἀνθρω-

303 873 459 935 πείας
479 871 698 941 φύσεως
728 872 1147 943 ἀνακαινισμδν,
1176 871 1315 944 πλὴν
1350 872 1428 937 ὡς
1457 874 1515 926 ἐν
1543 872 1682 944 μόνῃ
1710 888 1880 942 προσ-

300 963 592 1035 αγορεύσει
628 963 808 1034 τυχόν.
851 965 1070 1033 Ἐπειδὴ
1089 964 1147 1018 δὲ
1181 965 1384 1019 ἀνεϐίω
1407 966 1596 1019 λοιπὸν
1623 967 1652 1019 ό
1676 964 1882 1035 Κύριος

300 1056 330 1122 ἡ
342 1053 459 1123 μῶν
508 1052 716 1125 Ἰησοῦς
756 1054 1014 1126 Χριστὸς,
1047 1055 1143 1109 καὶ
1174 1056 1249 1120 ὡς
1272 1058 1332 1110 ὲν
1368 1055 1521 1122 τάξει
1542 1056 1878 1128 δράγματος,

300 1140 399 1212 τὴν
460 1141 559 1212 τῆς
620 1141 1043 1214 άνθρωπότητος
1113 1145 1370 1218 ἀπαρχὴν
1434 1146 1881 1217 προσκεκόμικεν

301 1232 497 1286 ἑαυτὸν
522 1232 598 1303 τῷ
623 1232 743 1304 Θεῷ
766 1234 861 1287 καὶ
883 1235 1082 1307 Πατρὶ,
1111 1236 1236 1290 τότε
1266 1236 1351 1307 δὴ,
1383 1235 1507 1290 τότε
1531 1237 1625 1290 καὶ
1651 1238 1731 1300 είς
1755 1236 1881 1290 νέαν

301 1324 494 1395 ὥσπερ
533 1323 679 1395 ζωὴν
721 1326 1300 1399 μεταστοιχειούμεθα.
1337 1327 1741 1399 Πολιτευόμεθα
1773 1326 1882 1396 γὰρ

302 1416 693 1485 εὐαγγελικιῖκ,
740 1435 758 1468 ι
790 1418 903 1472 Οὐκ
936 1419 996 1472 ὲν
1022 1418 1348 1491 παλαιότητι
1384 1418 1732 1490 γράμματος,
1763 1418 1878 1471 ἀλλ’

301 1506 362 1557 ὲν
400 1504 683 1576 καινότητι
728 1507 1069 1579 Πνεῦματος·
1116 1527 1136 1560 ι
1187 1508 1255 1562 δι’
1290 1502 1351 1563 οὗ
1394 1509 1491 1563 καὶ
1539 1507 1658 1579 μεθ’
1703 1502 1765 1563 οὗ
1804 1505 1883 1578 τῷ

303 1595 423 1668 Θεῷ
449 1598 546 1651 καὶ
577 1598 755 1671 [lupi
789 1601 823 1671 ἡ
855 1599 982 1667 δόξα
1015 1601 1115 1656 σὺν
1148 1600 1289 1672 ἁγίῳ
1319 1599 1603 1672 Πνεῦματι
1641 1602 1721 1665 είς
1754 1601 1880 1664 τοὺς

303 1690 508 1755 αἰῶνας
536 1689 646 1748 τῶν
674 1690 906 1749 αἰώνων.
952 1694 1146 1766 Ἀμήν.

307 1803 443 1873 Περὶ
465 1802 576 1872 τῆς
600 1803 911 1879 δαμάᾴρως
936 1806 1046 1879 ζῆς
1069 1805 1324 1877 πυρῤᾶς,
1346 1808 1459 1879 τῆς
1483 1809 1886 1879 κατακαείσης

748 1875 865 1940 ἔξω
893 1876 1006 1945 τῆς
1039 1875 1443 1948 παρεμϐολῆς.

378 1964 451 2020 α’.
491 1965 653 2020 Ἀλλὰ
688 1967 791 2040 μέν
826 1985 930 2022 που
978 1969 1072 2023 καί
1111 1987 1276 2040 φησιν
1308 1971 1337 2023 ό
1382 1970 1667 2034 θεσπέσιος
1695 1968 1880 2023 Δαϐίδ·

312 2077 331 2108 ι
365 2056 432 2110 Τί
476 2057 744 2114 ἀποδώσω
768 2059 848 2130 τῷ
883 2059 1073 2132 Κυρίῳ
1121 2062 1253 2133 περὶ
1291 2063 1508 2119 πάντων
1552 2055 1629 2117 ὧν
1678 2063 1884 2116 ἀνταπ-

305 2149 475 2203 ἑόωκέ
504 2166 631 2221 μοι;
662 2169 683 2203 ι
716 2152 925 2223 Πρέποι
962 2152 1004 2206 δ’
1034 2155 1103 2207 ἂν
1146 2156 1385 2225 μάλιστα
1410 2155 1504 2209 καὶ
1538 2157 1670 2227 ἡμῖν
1701 2154 1885 2217 αὐτοῖς

303 2245 337 2315 ἡ
368 2243 547 2298 τοιάδε
597 2245 771 2316 φωνή.
809 2245 874 2297 Τί
916 2245 1025 2317 γὰρ
1054 2245 1208 2301 ἔσται
1243 2247 1306 2301 τὸ
1335 2248 1466 2320 παρ’
1505 2248 1637 2318 ἡμῖν
1669 2247 1884 2301 ἰσοστά-

306 2352 425 2389 σιον
463 2333 543 2405 τῷ
584 2334 706 2406 Θεῷ
733 2337 830 2391 καὶ
882 2335 1095 2408 Πατρίς
1141 2337 1352 2392 Δέδωκε
1398 2339 1508 2411 γὰρ
1546 2339 1688 2411 ὑπὲρ
1726 2339 1884 2411 ἡμῶν

302 2429 397 2480 τὸν
430 2426 561 2481 ἴδιον
586 2427 750 2492 Υἱὸν,⁴
776 2449 794 2480 ι
834 2428 921 2483 ἴνα
944 2431 1054 2493 πᾶς
1082 2431 1111 2483 ό
1141 2429 1442 2510 πιστεύσας
1482 2432 1558 2496 εἰς
1594 2431 1780 2496 αὑτὸν,
1808 2432 1885 2504 μὴ

301 2518 608 2589 ἀπόληται,
656 2519 773 2573 ἀλλ’
807 2519 905 2592 ἔχῃ
943 2520 1087 2592 ζωὴν
1127 2520 1368 2575 αἰώνιον·
1409 2541 1427 2574 ι
1483 2523 1766 2593 μονονουχὶ
1789 2523 1886 2576 καὶ

302 2607 406 2675 τῆς
435 2607 587 2679 αὐτῷ
628 2609 951 2681 πρεπούσης
998 2610 1295 2682 ἀφειδήσας
1335 2610 1742 2683 φιλοστοργίας.
1787 2610 1880 2665 Δέ-

306 2697 444 2751 δωκε
486 2698 598 2771 γὰρ
638 2700 833 2754 ὲαυτδν
875 2702 997 2764 ταῖς
1041 2701 1342 2774 ἁμαρτίαις
1385 2702 1576 2774 ἡμῶν,
1613 2703 1755 2760 κατὰ
1786 2705 1885 2767 τὰς

309 2790 560 2860 Γραφὰς,
605 2791 700 2846 καὶ
740 2790 1063 2865 σεσώσμεθα
1106 2794 1205 2866 μὲν
1247 2795 1429 2866 ἡμεῖς·
1477 2794 1884 2866 μεμαλάκισται

309 2883 365 2936 δὲ
396 2883 560 2949 αὐτὸς
588 2883 813 2958 διὰλτὰς
856 2886 1130 2957 ἁμαρτίας
1174 2886 1355 2958 ἡμῶν,
1401 2886 1496 2941 κα)⁸
1537 2887 1679 2958 ὑπὲρ
1728 2887 1887 2958 ἡμῶν

311 2975 587 3040 ὀδυνᾶται,
621 2948 727 3030 καῖ
746 2977 909 3033 αὑτὸν
943 2977 1175 3043 ἀνατλὰς
1208 2977 1305 3032 τὸν
1334 2978 1435 3048 τῆς
1474 2977 1678 3049 σαρκὸς
1719 2977 1886 3033 θάνα-

1979 504 2099 574 ejus
2119 504 2469 561 sacriticium.
2518 525 2536 559 ι
2575 505 2706 561 Sine
2757 520 2865 571 me,
2917 505 3015 571 ait,
3056 505 3195 561 nihil
3221 506 3455 577 potestis
3482 506 3566 562 fa-

1980 609 2106 652 cere
2131 597 2172 651 ⁸.
2211 617 2228 649 ι
2257 597 2471 653 Novum
2495 613 2682 668 porro,
2715 597 2812 663 ait,
2837 613 2907 652 ne
2942 597 3090 654 edite
3113 597 3222 653 nisi
3249 598 3304 653 in
3339 598 3563 654 tertium

1981 685 2150 753 diem,
2172 688 2350 757 donec
2370 689 2711 759 manipulum
2735 688 3002 745 olleratis.
3034 689 3224 758 Neque
3252 688 3401 744 enim
3428 689 3569 760 legis

1980 786 2219 848 tempus,
2273 795 2452 850 neque
2498 780 2893 851 prophetarum
2935 789 3114 837 emtas
3148 795 3354 835 novum
3402 779 3571 834 habet

1981 869 2190 936 cibum,
2210 870 2316 926 hoc
2335 879 2440 937 est,
2456 871 2825 927 Christianam
2847 871 3176 938 doctrinam,
3200 886 3378 941 neque
3395 871 3569 941 ipsam

1981 968 2192 1016 natura:
2203 962 2458 1017 humana:
2482 962 2916 1028 innovationem,
2934 962 3041 1019 nisi
3056 963 3202 1019 forte
3218 961 3274 1017 'rn
3290 961 3404 1018 sola
3426 976 3571 1032 pra:-

1981 1049 2241 1108 dictione.
2303 1053 2602 1125 Postquam
2650 1070 2783 1111 vero
2837 1054 3062 1110 tandem
3110 1051 3416 1109 resurrexit
3453 1067 3575 1107 om-

1981 1143 2134 1199 nium
2172 1144 2438 1201 Dominus
2491 1146 2653 1202 Jesus
2678 1147 2956 1213 Christus,
2992 1158 3049 1203 et
3072 1145 3230 1218 quasi
3258 1144 3575 1216 manipulus

1982 1234 2237 1291 humana:
2280 1238 2556 1307 primitias
2594 1238 2933 1295 conditionis
2959 1238 3160 1295 obtulit
3189 1237 3432 1309 seipsum
3459 1236 3573 1291 Deo

1982 1325 2152 1392 Patri,
2198 1336 2349 1394 tune,
2398 1337 2551 1396 tunc,
2593 1329 2839 1401 inquam,
2887 1331 2944 1386 in
2982 1345 3182 1387 novam
3203 1328 3375 1385 veluti
3402 1327 3568 1383 vitam

1986 1417 2369 1478 reformamur.
2434 1422 2819 1494 Evangelicam
2892 1426 3042 1480 enim
3099 1422 3270 1479 vitam
3316 1420 3576 1478 ducimus

1991 1527 2009 1561 ι
2035 1508 2155 1564 Non
2190 1510 2246 1566 in
2276 1520 2546 1570 vetustate
2584 1515 2803 1581 litterae,
2844 1515 2940 1571 sed
2986 1514 3044 1570 in
3101 1513 3347 1570 novitate
3390 1511 3573 1583 Spiri~

1984 1608 2075 1656 tus
2109 1601 2167 1655 ἰ
2205 1621 2225 1654 ι
2258 1618 2356 1673 per
2378 1621 2540 1675 quem
2567 1616 2769 1663 etcum
2801 1623 2911 1678 quo
2932 1608 3045 1662 Deo
3064 1605 3212 1663 Patri
3244 1604 3418 1678 gloria
3444 1620 3570 1661 cum
3640 1630 3645 1636 —

1985 1701 2181 1750 sancto
2206 1693 2414 1766 Spiritu
2448 1697 2503 1753 in
2525 1698 2724 1754 saecula
2750 1699 3099 1755 saeculorum.
3124 1697 3318 1754 Amen.

2126 1805 2293 1879 400
2312 1806 2388 1862 De
2414 1825 2573 1864 vacca
2607 1810 2728 1880 rufa
2747 1816 2899 1864 extra
2927 1815 3104 1864 castra
3139 1809 3428 1864 combusta.

2058 1969 2109 2023 Ι.
2150 1968 2294 2025 Alibi
2341 1971 2564 2042 quidem
2587 1971 2810 2029 divinus
2841 1973 2919 2028 ait
2951 1972 3120 2028 David
3146 1990 3159 2027 :
3192 1992 3209 2024 ι
3239 1972 3381 2041 Quid
3409 1972 3572 2029 retri-

1985 2061 2153 2116 buam
2179 2062 2414 2118 Domino
2446 2080 2547 2135 pro
2570 2065 2830 2121 omnibus
2853 2079 2976 2135 quae
2999 2065 3257 2121 retribuit
3280 2065 3419 2120 mihi
3440 2066 3521 2167 "Et
3547 2084 3566 2116 ι

1983 2152 2096 2210 Nos
2143 2168 2365 2224 quoque
2409 2153 2603 2210 deceat
2643 2155 2882 2210 maxime
2934 2155 3060 2211 talis
3100 2171 3226 2210 vox.
3251 2154 3395 2222 Quid
3425 2152 3574 2209 enim

1983 2246 2148 2301 nobis
2180 2254 2458 2317 suppetat,
2505 2261 2617 2318 quo
2666 2248 2821 2317 paria
2858 2247 3135 2318 possimus
3165 2246 3346 2303 facere
3378 2246 3490 2301 Deo
3512 2260 3578 2300 ac

1984 2334 2359 2391 PatrilDedit
2389 2336 2541 2392 enim
2573 2352 2676 2406 pro
2720 2335 2886 2392 nobis
2930 2336 3219 2407 praprium
3269 2351 3433 2390 suum
3482 2334 3577 2390 Fi-

1986 2424 2142 2492 lium,
2192 2446 2210 2480 ι
2240 2433 2302 2482 ut
2347 2427 2527 2483 omnis
2557 2428 2653 2498 qui
2681 2428 2858 2484 credit
2896 2428 2956 2483 in
2986 2428 3188 2498 ipsum,
3219 2442 3331 2482 non
3364 2434 3576 2497 pereat,

1985 2517 2084 2573 sed
2130 2518 2332 2575 habeat
2373 2520 2560 2590 potius
2606 2520 2780 2576 vitam
2819 2527 3085 2576 eternium
3108 2521 3176 2575 ‘:
3216 2538 3235 2572 ι
3266 2535 3332 2575 ac
3382 2533 3581 2592 prope-

1985 2610 2212 2666 modum
2241 2610 2348 2667 sibi
2375 2612 2575 2668 debita:
2592 2612 2858 2684 prodigus
2899 2611 3255 2684 indulgentia:
3275 2621 3333 2668 et
3353 2613 3575 2667 amoris.

1988 2702 2238 2758 Tradidit
2252 2703 2401 2759 enim
2430 2703 2672 2775 seipsum
2694 2720 2796 2775 pro
2818 2705 3059 2776 peccatis
3084 2704 3309 2770 nostris,
3341 2711 3403 2760 ut
3424 2719 3580 2760 sacra

1985 2794 2232 2864 loquitur
2258 2794 2615 2865 Scriptura’;
2650 2805 2708 2852 et
2734 2811 2838 2853 nos
2861 2796 3085 2866 quidem
3111 2795 3247 2852 salvi
3270 2811 3367 2866 per
3399 2797 3578 2866 ipsum

1985 2882 2116 2942 facti
2140 2901 2363 2954 sumus;
2383 2887 2499 2958 ipse
2530 2896 2712 2943 autem
2742 2903 2846 2958 pro
2873 2888 3080 2943 nostris
3096 2886 3318 2943 attritus
3337 2894 3421 2943 est
3443 2887 3583 2943 deli-

1987 2977 2111 3043 ctis,
2134 2977 2352 3035 dolores
2377 2995 2478 3050 pro
2501 2979 2665 3035 nobis
2686 2980 2801 3050 ipse
2825 2980 3066 3050 portavit
3090 2979 3132 3045 ⁸,
3171 2977 3289 3049 ipsa
3328 2979 3494 3034 etiam
3524 2979 3581 3033 in

312 3083 423 3121 τον·
464 3068 565 3139 οὐχ
598 3068 687 3122 ἵνα
727 3068 847 3140 μεθ’
882 3070 1040 3141 ἡμῶν
1086 3071 1145 3124 ἐν
1176 3071 1391 3141 νεκροῖς
1432 3070 1607 3143 ὁρῷτο
1641 3087 1885 3142 μεμενη-

1992 3083 2156 3125 earne
2205 3078 2382 3127 morte
2417 3072 2588 3137 obita,
2635 3087 2746 3128 non
2770 3082 2833 3127 ut
2855 3071 3142 3127 nobiseum
3170 3071 3395 3143 quidem
3437 3086 3587 3127 mor-

313 3160 442 3226 κὼς,
468 3160 586 3214 ἀλλ’
633 3160 722 3215 ἵνα
771 3162 868 3215 σὺν
901 3159 1051 3232 αὖτῷ
1089 3178 1150 3215 τε
1190 3159 1288 3216 καὶ
1322 3158 1394 3216 δι’
1429 3160 1595 3215 αὑτὸν
1632 3162 1707 3226 είς
1740 3161 1888 3233 ζωὴν

312 3252 667 3319 ἁναθέοντες,
724 3252 815 3308 καὶ
871 3250 1364 3325 παλινδρομοῦντες
1420 3254 1501 3316 είς
1554 3252 1887 3326 άφῦαρσίαν,

314 3345 596 3418 χαίροντες
617 3345 892 3417 λέγωμεν·
931 3363 950 3398 ι
980 3344 1093 3400 Ποῦ
1124 3346 1157 3415 ἡ
1193 3343 1316 3403 νίκη
1355 3361 1473 3410 σου,
1508 3345 1752 3411 Θάνατες
1784 3344 1889 3400 ποῦ

318 3453 407 3491 σου
453 3440 519 3492 τὸ
567 3435 824 3509 κέντρον,
858 3437 996 3509 ᾅδης
1037 3456 1055 3488 ι
1108 3436 1204 3502 Τίς
1241 3431 1333 3492 οὖν
1383 3436 1568 3490 λοιπὸν
1611 3437 1691 3501 είς
1734 3437 1894 3492 τοῦτο

317 3527 665 3599 ἀποφέρουσα
692 3526 915 3599 τρίϐος;
957 3526 1021 3580 Ἦ
1046 3525 1137 3580 διὰ
1172 3526 1266 3580 τοῦ
1304 3524 1684 3598 βαπτίσματος
1709 3526 1902 3599 χάρις,

316 3620 383 3673 δι’
420 3612 482 3674 οὗ
533 3620 715 3676 πάντα
766 3620 939 3691 ῥύπον
988 3620 1445 3693 άποτριϐόμενοι,
1497 3621 1748 3676 κοινωνοὶ
1792 3622 1896 3693 τῆς

320 3710 468 3774 θείας
508 3711 951 3783 άναδεικνύμεθα
982 3710 1200 3782 φύσεως
1220 3751 1237 3777 ,
1266 3712 1603 3779 ἐνοικοῦντος
1646 3715 1778 3786 ἡμῖν
1807 3713 1897 3768 διὰ

319 3800 413 3856 τοῦ
436 3802 757 3874 Πνεῦματος
788 3803 885 3857 τοῦ
919 3803 1181 3876 Χριστοῦ.
1215 3804 1351 3860 Τότε
1391 3805 1500 3877 γὰρ
1524 3847 1540 3872 ,
1579 3806 1702 3860 τότε
1739 3825 1757 3857 ι
1799 3808 1896 3879 ἐρ-

323 3895 668 3967 ραντισμὲνοι
689 3896 791 3969 τὴν
822 3896 1132 3969 συνείδησιν
1173 3897 1282 3952 ἀπὸ
1303 3897 1513 3970 νεκρῶν
1541 3898 1740 3971 ἔργων,
1778 3919 1798 3953 ι
1822 3899 1898 3965 ὡς

325 3986 589 4059 μακάριος
626 3988 829 4059 γράφει
866 3987 1107 4054 Παῦλος,
1146 3990 1241 4045 καὶ
1274 3990 1377 4060 τῆς
1430 3991 1702 4063 μυστικῆς
1745 3992 1899 4046 εὐλο-

321 4078 442 4146 γίας
473 4081 757 4149 γεγονότες
789 4080 1033 4152 μέτοχοι,
1068 4082 1165 4134 καὶ
1198 4081 1302 4152 τῆς
1329 4081 1536 4137 ἄνωθεν
1562 4082 1785 4154 χάριτος
1809 4083 1901 4138 τὸν

321 4171 520 4226 οίκεῖον
580 4172 1036 4243 ἀναπιμπλάντες
1103 4172 1266 4239 νοῦν,
1320 4172 1555 4243 ζηλωτοὶ
1617 4173 1713 4228 καὶ
1763 4174 1902 4227 ἀπό-

322 4260 568 4326 ϐλεπτοι,
618 4262 715 4317 καὶ
761 4260 815 4314 τί
851 4262 960 4336 γὰρ
1010 4262 1132 4334 οὐχὶ
1163 4260 1272 4316 τῶν
1320 4262 1578 4317 τοιούτων
1611 4260 1900 4334 όρώμε6α;

1990 3170 2115 3218 tuos
2141 3164 2288 3220 inter
2328 3177 2558 3219 manens
2586 3170 2866 3230 cernatur,
2892 3163 2989 3220 sed
3013 3170 3076 3220 ut
3101 3179 3228 3219 cum
3254 3163 3374 3234 ipso
3396 3172 3452 3219 et
3485 3179 3586 3234 per

1992 3254 2174 3325 ipsum
2224 3254 2353 3311 vitae
2393 3254 2598 3311 redditi
2655 3255 2966 3323 videamur,
3014 3264 3075 3313 et
3120 3255 3360 3312 restituti
3402 3255 3586 3313 denuo

1992 3345 2394 3417 incorruptioni
2443 3345 2630 3402 dicere
2680 3346 2982 3418 gaudentes
3027 3346 3351 3418 possimus:
3407 3367 3426 3398 ι
3455 3346 3583 3413 Ubi,

1994 3452 2163 3503 mors,
2202 3437 2437 3493 victoria
2471 3438 2607 3495 tua?
2636 3437 2740 3495 Ubi
2763 3438 3021 3494 stimulus
3054 3446 3203 3504 tuus,
3226 3438 3443 3494 inferne
3474 3439 3538 3493 ’τ
3560 3458 3578 3491 ι

1993 3525 2124 3594 Quae
2150 3542 2253 3584 nos
2279 3544 2347 3584 eo
2374 3528 2593 3584 tandem
2619 3528 2705 3583 via
2738 3528 2934 3585 ducit?
2954 3528 3304 3598 Baptismatis
3322 3527 3585 3583 nimirum

1995 3618 2188 3691 gratia,
2217 3635 2325 3689 qua
2362 3619 2619 3676 sordibus
2660 3619 2935 3675 universis
2973 3619 3197 3686 ablutis,
3231 3618 3432 3675 divinae
3462 3635 3588 3690 par-

1995 3709 2193 3782 ticipes
2220 3709 2500 3765 videamur
2538 3720 2751 3766 natura:
2775 3711 2838 3775 ‘°,
2872 3725 2996 3780 quae
3016 3725 3116 3780 per
3136 3709 3402 3779 Spiritum
3425 3710 3587 3766 Chri-

1998 3801 2069 3857 sti
2101 3802 2314 3857 habitet
2358 3802 2415 3856 in
2456 3801 2638 3856 nobis.
2697 3802 2853 3857 Tunc
2898 3803 3069 3866 enim,
3130 3809 3281 3865 tunc,
3339 3801 3583 3871 inquam,

2006 3909 2025 3941 ι
2064 3890 2364 3945 mundatur
2396 3889 2751 3954 conscientia,
2779 3908 2798 3942 ι
2839 3899 2901 3944 ιιι
2922 3889 3075 3945 Pauli
3099 3888 3285 3944 verbis
3309 3897 3451 3955 utar,
3479 3909 3497 3941 ι
3515 3892 3586 3946 ab

1999 3981 2264 4052 cperibus
2296 3979 2530 4034 mortuis
2563 3979 2627 4046 ",
2669 3999 2690 4032 ι
2734 3987 2793 4034 et
2818 3980 3060 4036 caelestis
3085 3990 3369 4037 consortes
3398 3983 3586 4038 reddi-

2000 4089 2127 4144 mur
2147 4071 2575 4137 benedictionis,
2597 4080 2653 4128 et
2678 4080 2919 4127 mentem
2955 4087 3193 4142 superna
3219 4074 3393 4145 gratia
3414 4074 3585 4145 pleni,

2002 4163 2200 4221 fervidi
2261 4171 2319 4219 et
2366 4163 2716 4234 spectabiles,
2760 4177 2817 4219 et
2854 4164 2988 4235 quid
3016 4180 3129 4220 non
3157 4163 3468 4237 hujusmodi
3499 4166 3589 4221 vi-

2003 4255 2233 4311 deamur
2262 4255 2285 4309 ?
2315 4255 2516 4312 Videas
2546 4264 2697 4312 certe
2729 4257 2879 4328 quod
2919 4256 3031 4312 dixi
3068 4273 3259 4313 verum
3283 4274 3423 4324 esse,
3450 4257 3505 4314 id
3534 4260 3597 4314 in

324 4353 487 4415 Ἰδοις
518 4352 563 4406 δ’
607 4352 675 4407 ἂν
714 4353 914 4424 ἀληθὲς
944 4353 1083 4424 ὅπερ
1129 4352 1289 4424 ἔφην,
1337 4353 1408 4407 τά
1444 4355 1538 4408 ἐπὶ
1578 4356 1642 4426 τῇ
1673 4354 1891 4425 δαμάλει

2004 4363 2170 4405 vacca
2200 4347 2560 4404 vaticinatum
2601 4349 2647 4404 si
2670 4360 2989 4419 cognoscas.
3049 4368 3069 4400 ι
3102 4350 3172 4404 Et
3219 4349 3439 4406 loeutus
3481 4365 3587 4415 est,

322 4444 728 4514 τεθεσπισμένα
773 4446 821 4497 εἰ
871 4423 1179 4516 συνήσειςς
1213 4461 1232 4496 ι
1286 4444 1398 4500 Καὶ
1444 4423 1709 4516 ἐλάλησε,
1746 4423 1891 4519 ιρησὶ,

2010 4440 2209 4512 inquit,
2244 4440 2509 4496 Dominus
2538 4439 2605 4495 ad
2644 4440 2865 4512 Moysen
2890 4450 2949 4496 et
2974 4438 3177 4505 Aaron,
3199 4441 3392 4496 dicens
3420 4460 3433 4494 :
3463 4442 3591 4498 Haec

323 4536 529 4607 Κύριος
571 4536 710 4607 πρὸς
751 4537 959 4608 Μωσῆν
1002 4539 1095 4592 καὶ
1135 4538 1383 4610 Ἀαρὼν,
1430 4538 1625 4608 λέγων·
1672 4538 1823 4611 Αὕτη
1864 4542 1899 4613 ἡ

322 4625 575 4699 διαστολὴ
621 4627 718 4681 τοῦ
757 4630 961 4700 νόμου,
1008 4631 1109 4684 ὅσα
1166 4630 1424 4696 συνέταξε
1465 4633 1669 4705 Κύριος
1706 4632 1901 4702 λέγων·

325 4719 575 4790 Λάλησον
603 4724 716 4784 τοῖς
745 4724 882 4787 υἱοῖς
928 4722 1168 4795 Ἰσραὴλ,
1201 4723 1298 4777 καὶ
1325 4721 1641 4776 λαϐέτωσαν
1673 4723 1807 4794 πρὸς
1842 4721 1904 4776 σὲ

321 4808 562 4881 δάμαλιν
597 4813 844 4884 πυρρὰν,
891 4814 1144 4885 ἄμωμον,
1179 4814 1301 4886 ῆτις
1331 4813 1432 4867 οὐκ
1457 4813 1643 4884 ἔχεται
1679 4815 1738 4868 ὲν
1765 4815 1930 4887 αὑτῇΔ

328 4901 543 4972 μῶμον,
574 4903 671 4957 καὶ
709 4898 743 4978 ᾖ
775 4906 877 4959 οὐκ
919 4904 1198 4976 ἐπεϐλήθη
1246 4904 1337 4958 ἐπ’
1373 4903 1544 4975 αὐτὴν
1583 4903 1765 4972 ζυγός.
1796 4905 1904 4960 Καὶ

325 4994 519 5059 δώσεις
556 4995 728 5067 αὐτὴν
768 4996 905 5068 πρὸς
949 4994 1216 5069 Ἐλεάζαρ
1243 4996 1336 5051 τὸν
1369 4995 1540 5069 ἱερέα,
1566 4995 1662 5051 καὶ
1687 4996 1907 5062 ὲξάξουυ

331 5103 415 5139 σιν
445 5086 623 5157 αὐτὴν
657 5087 762 5154 ἔξω
790 5089 890 5155 τῆς
927 5089 1282 5161 παρεμϐολῆς
1314 5091 1393 5153 είς
1434 5089 1596 5142 τόπον
1640 5087 1904 5160 καθαρὸν,

330 5181 423 5233 καὶ
465 5178 764 5248 σφάξουσιν
808 5181 981 5252 αὐτὴν
1019 5181 1253 5237 ἐνώπιον
1299 5180 1489 5236 αὐτοῦ.
1528 5181 1641 5235 Καὶ
1677 5180 1908 5252 λήψεται

340 5269 608 5343 Ἐλεάζαρ
628 5271 736 5325 άπὸ
760 5272 854 5326 τοῦ
876 5273 1108 5344 αἵματος
1131 5273 1327 5344 αὐτῆς,
1347 5274 1441 5327 καὶ
1473 5275 1626 5344 ρανεῖ
1644 5273 1911 5327 ἀπέναντι

331 5359 423 5414 τοῦ
465 5362 763 5433 προσώπου
801 5364 899 5436 τῆς
939 5365 1145 5437 σκηνῆς
1172 5364 1268 5419 τοῦ
1303 5364 1627 5437 μαρτυρίου,
1666 5364 1777 5418 ἀπὸ
1815 5363 1911 5418 τοῦ

334 5449 568 5518 αἵματος
610 5450 779 5523 αὐτῆς
813 5452 1066 5517 ἑπτάκις.
1109 5455 1221 5508 Καὶ
1270 5454 1709 5509 κατακαύσουσιν
1737 5452 1911 5525 αὐτὴν

408 5650 427 5681 ⁸
467 5649 748 5715 Joan.xv,
776 5651 827 5707 5.
906 5652 1104 5709 “Rom.
1152 5670 1242 5719 vn,
1268 5654 1319 5708 6.
1401 5655 1440 5685 "'
1477 5653 1614 5709 Psal.
1646 5669 1765 5715 cxv,
1793 5652 1843 5705 Ei.

2009 4542 2094 4590 est
2134 4532 2414 4589 distinctio
2435 4531 2571 4604 legis
2602 4547 2946 4604 quaecunque
2979 4531 3266 4589 constituit
3300 4533 3588 4595 Dominus,

2010 4627 2202 4684 dicens
2231 4645 2244 4681 :
2278 4626 2528 4697 Loquere
2560 4625 2688 4681 ﬁliis
2734 4624 2922 4690 Israel,
2961 4633 3018 4682 et
3034 4624 3307 4695 accipiant
3329 4624 3395 4680 ad
3425 4633 3476 4680 te
3497 4626 3590 4695 ju~

2011 4735 2239 4776 vencam
2286 4718 2483 4784 rufam,
2533 4717 3099 4789 irrcprehensibilem,
3143 4730 3267 4787 quae
3286 4733 3395 4772 non
3426 4715 3593 4770 habet

2012 4813 2070 4868 in
2112 4828 2171 4868 se
2207 4813 2428 4877 vitium,
2483 4820 2541 4868 et
2584 4810 2678 4867 cui
2720 4826 2831 4865 non
2860 4817 2946 4866 est
2986 4809 3391 4880 superpositum
3425 4822 3594 4878 super

2011 4920 2132 4961 eam
2150 4906 2363 4976 jugum.
2387 4904 2456 4959 Et
2481 4902 2638 4958 dabis
2655 4917 2776 4958 eam
2799 4901 2869 4957 ad
2890 4902 3209 4956 Eleazarum
3227 4899 3591 4964 sacerdotem,

2012 5003 2070 5050 et
2101 4993 2325 5064 ejicient
2359 5009 2482 5049 eam
2519 5002 2673 5049 extra
2702 5001 2882 5048 castra
2914 4992 2971 5046 in
2998 4992 3179 5050 locum
3209 4988 3498 5053 mundum,
3538 4997 3596 5044 et

2013 5088 2267 5144 occident
2288 5102 2419 5143 eam.
2435 5087 2489 5142 in
2514 5093 2813 5156 conspectu
2846 5086 2984 5155 ejus.
3009 5083 3080 5138 Et
3103 5081 3349 5160 accipiet
3368 5081 3595 5137 Eleazar

2013 5179 2082 5235 de
2110 5178 2372 5249 sanguine
2397 5178 2538 5248 ejus,
2562 5184 2618 5232 et
2644 5184 2895 5246 asperget
2934 5184 3125 5228 contra
3160 5172 3357 5229 faciem
3408 5172 3596 5227 taber-

2014 5271 2196 5327 naculi
2252 5270 2551 5327 testimonii
2597 5270 2665 5325 de
2692 5269 2954 5340 sanguine
2984 5270 3105 5339 ejus
3132 5267 3354 5337 septies.
3390 5267 3458 5322 Et
3478 5282 3598 5323 cre-

2015 5362 2244 5417 mabunt
2297 5377 2417 5416 eam
2460 5362 2514 5416 in
2553 5369 2852 5430 conspectu
2880 5360 3020 5429 ejus,
3044 5367 3100 5414 et
3120 5358 3298 5428 pellis,
3322 5364 3380 5412 et
3402 5373 3599 5414 carnes

2015 5454 2154 5525 ejus,
2181 5461 2240 5507 et
2272 5453 2495 5524 sanguis
2547 5454 2669 5524 ejus
2700 5466 2826 5504 eum
2870 5450 2998 5504 timo
3039 5451 3160 5521 ejus
3215 5448 3596 5505 comburetur.

1923 5651 1944 5681 ⁶
1975 5651 2130 5706 Joan.
2165 5666 2242 5710 ιιι,
2274 5649 2356 5704 lb.
2435 5648 2453 5677 ⁷
2487 5645 2660 5701 Galut.
2690 5662 2753 5712 II,
2788 5645 2874 5699 9.0.
2948 5644 2967 5673 ”
3006 5645 3107 5700 lsu.
3138 5659 3247 5709 un,
3279 5641 3331 5698 5.
3390 5640 3410 5671 ⁹
3434 5636 3595 5709 Osee,

345 5734 454 5790 xm,
486 5720 586 5789 ιι;
616 5721 637 5778 1
669 5722 804 5806 Cor.
838 5739 924 5789 xv,
953 5725 1055 5793 55;
1099 5725 1264 5782 Hebr.
1302 5741 1358 5791 ιι,
1396 5725 1475 5778 l-i.
1558 5724 1598 5755 ’θ
1630 5723 1672 5777 ll
1704 5724 1850 5779 Petr.

1992 5723 2025 5776 ἱ.
2107 5721 2145 5751 ¹¹
2178 5719 2346 5776 Ilohr.
2382 5735 2449 5784 vr,
2488 5720 2531 5769 l.
