4060 6192
489 306 592 363 627

1518 300 1577 354 S.
1618 299 1894 358 CYRILLI
1932 299 2402 357 ALEXANDle
2441 298 2758 358 ARCHIEP.

3650 291 3756 353 628

490 431 557 487 Iit
582 429 819 500 accipiet
844 426 1104 484 sacerdos
1146 441 1333 498 tgnum
1356 424 1663 493 cedrinum,
1682 436 1737 482 et
1753 426 2070 499 hyssopum,

2178 425 2421 482 ἐναντίον
2449 424 2648 488 αὐτοῦ,
2685 425 2779 480 καὶ
2816 424 2877 478 τὸ
2914 424 3092 495 δέρμα
3130 421 3300 493 αὐτῆς
3322 459 3337 485 ,
3369 420 3462 474 καὶ
3488 418 3563 473 τὰ
3595 420 3755 490 κρέα,

488 528 546 572 et
572 516 732 589 5,01
774 516 1080 582 coccinum,
1107 523 1165 570 et
1200 514 1459 570 immittet
1486 514 1541 570 in
1572 514 1815 571 medium
1839 516 2070 571 combu-

489 608 685 664 stionis
712 609 978 679 juvenem.
1000 606 1070 662 Et
1094 605 1303 661 lavahit
1325 606 1652 662 vestimenta
1672 622 1771 662 sua
1791 606 2068 674 sacerdos,

490 709 546 754 et
594 699 798 754 levabit
853 712 1055 768 corpus
1107 713 1269 753 suum
1301 713 1463 768 aqua,
1509 706 1563 753 et
1593 707 1782 769 postea
1821 699 2072 753 introibit

490 790 747 847 sacerdos
788 789 844 846 in
895 796 1110 855 castra,
1165 797 1222 844 et
1291 788 1610 844 immundus
1657 789 1766 843 erit
1816 788 2072 846 sacerdos

492 896 664 953 usque
708 880 778 937 ad
817 896 1120 952 vesperam.
1170 881 1239 937 Et
1268 881 1364 952 qui
1397 881 1673 937 comburit
1696 897 1840 950 eam,
1868 882 2073 938 lavabit

489 972 815 1028 vestimenta
847 988 965 1040 sua,
995 984 1053 1029 et
1111 972 1316 1029 lavahit
1364 988 1565 1044 corpus
1610 988 1772 1029 suum
1810 988 1970 1045 aqua,
2016 984 2073 1029 et

489 1063 807 1119 immundus
846 1064 956 1119 erit
986 1079 1161 1135 usque
1186 1063 1255 1119 ad
1285 1079 1592 1136 vesperam.
1627 1065 1698 1121 Et
1722 1065 2074 1137 congregabit

488 1154 656 1210 homo
673 1154 916 1210 mundus
946 1155 1189 1211 cinerem
1208 1156 1458 1228 juvenem
1483 1156 1545 1211 ".
1577 1175 1596 1209 ι
1634 1156 1703 1212 Ει
1725 1155 1904 1211 infra:
1948 1176 1967 1207 ε
2003 1156 2073 1211 Et

487 1246 597 1301 erit
634 1245 763 1301 ﬁliis
809 1246 977 1302 Israel
1017 1253 1074 1303 et
1108 1247 1422 1319 proselytis,
1453 1247 1548 1318 qui
1587 1256 1961 1319 apponuntur,
1988 1248 2071 1303 le-

488 1336 741 1409 gitimum
769 1339 1165 1410 sempiternum
1187 1339 1249 1393 ¹³.
1284 1358 1302 1390 ι
1332 1338 1428 1395 [Iis
1450 1355 1584 1395 vero
1602 1338 1756 1394 addit
1773 1340 2069 1412 legislator,

488 1428 851 1485 contaminari
869 1430 1154 1501 quosdam,
1170 1439 1227 1487 ct
1246 1429 1504 1502 profanos
1524 1445 1789 1502 apparere
1809 1431 1902 1502 qui
1926 1446 2073 1486 mor-

490 1530 711 1576 tuorum
757 1522 1076 1593 contingant
1128 1523 1412 1580 cadavera.
1450 1523 1771 1580 Immundas
1795 1524 1944 1578 enim
1967 1523 2073 1579 erit

491 1614 805 1690 bujusmodi
847 1623 1055 1685 septem
1079 1630 1312 1673 numero
1339 1616 1558 1672 diebus.
1585 1615 1911 1685 Expiabitur
1939 1630 2071 1671 vero

490 1706 677 1761 cinere
725 1706 908 1762 vitulzn
957 1724 1084 1763 cum
1132 1724 1273 1780 aqua
1311 1709 1495 1774 misto,
1528 1708 1792 1780 sanguine
1814 1723 2069 1779 aspersus

2175 519 2270 574 καὶ
2291 518 2352 573 τὺ
2374 514 2514 590 αἷμα
2552 519 2725 591 αὐτῆς
2758 518 2857 572 σὺν
2885 515 2964 587 τῷ
3006 516 3201 587 κόπρῳ
3245 512 3753 585 κατακαυθήσεται.

2173 609 2282 663 Καὶ
2313 608 2543 681 λήψεται
2569 610 2598 663 6
2630 609 2811 681 ἱερεὺς
2848 607 3005 674 ξύλον
3050 606 3316 679 κέδρινον,
3345 604 3442 660 καὶ
3476 603 3754 670 ὕσσωπον,

2172 699 2268 753 καὶ
2300 699 2580 763 κόκκινον,
2626 699 2719 753 καὶ
2750 697 3099 752 είσσαλοῦσιν
3132 698 3216 759 εἰς
3247 697 3410 769 μέσον
3454 694 3550 749 τοῦ
3587 713 3756 750 κατα-

2174 790 2458 863 καύματος
2492 793 2594 864 τῆς
2622 790 2930 862 δαμάλεως.
2960 791 3074 845 Καὶ
3117 790 3312 844 πλυνεῖ
3338 787 3408 843 τά
3438 787 3632 859 ἱμάτια
3662 786 3758 840 αὒ-

2173 883 2269 939 τοῦ
2298 886 2327 938 6
2369 884 2582 954 ἱερεὺς,
2632 883 2728 938 καὶ
2767 882 3022 937 λούσεται
3056 882 3118 936 τὸ
3153 881 3317 953 σῶμα
3363 879 3532 935 αὑτοῦ
3577 878 3755 943 ὕδατι,

2172 974 2269 1028 καὶ
2309 973 2449 1046 μετὰ
2478 972 2656 1028 ταῦτα
2699 972 3065 1027 εἰσελεύσεται
3093 973 3122 1026 6
3149 970 3332 1043 ίερεὺς
3370 971 3450 1034 είς
3481 969 3582 1041 τὴν
3617 985 3759 1039 πσρο

2172 1063 2432 1136 εμδολὴν,
2457 1064 2550 1117 καὶ
2578 1062 2889 1135 ἀκάθαρτος
2915 1061 3070 1116 ἔσται
3090 1063 3120 1116 6
3138 1061 3322 1136 ἱερεὺς
3348 1059 3455 1123 ἕως
3489 1058 3756 1129 ἑσπέρας.

2172 1155 2284 1210 Καὶ
2320 1157 2350 1210 6
2397 1154 2708 1210 κατακαίων
2754 1153 2925 1226 αὐτὴν
2971 1152 3161 1207 πλυνεῖ
3207 1152 3277 1206 τὰ
3330 1152 3525 1222 ἱμάτια
3564 1147 3757 1212 αὐτοῦ,

2174 1249 2271 1303 καὶ
2300 1247 2554 1301 λούσεται
2586 1246 2648 1300 τὸ
2692 1245 2855 1317 σῶμα
2896 1244 3064 1299 αὑτοῦ
3102 1243 3274 1306 ὕδατι,
3319 1243 3415 1297 καὶ
3445 1241 3760 1312 ἀκάθαρτος

2173 1340 2328 1394 ἔσται
2359 1338 2465 1403 ἕως
2502 1337 2761 1410 ἑσπέρας.
2794 1337 2903 1391 Καὶ
2943 1334 3162 1402 συνάξει
3192 1333 3481 1406 ἄνθρωπος
3514 1330 3759 1401 καθαρὸς

2171 1428 2270 1500 τὴν
2306 1427 2501 1482 σποδὸν
2522 1428 2623 1498 τῆς
2641 1427 2947 1499 δαμάλεως.
2980 1445 2999 1479 ι
3032 1427 3143 1478 Καὶ
3170 1426 3228 1479 ὲν
3264 1426 3378 1488 τοῖς
3406 1421 3557 1491 ἑξῆς·
3598 1440 3619 1473 ι
3652 1423 3759 1474 Καὶ

2172 1521 2324 1577 ἔσται
2356 1522 2472 1585 τοῖς
2515 1521 2654 1585 υἱοῖς
2700 1519 2918 1593 Ἰσραὴλ
2960 1518 3055 1574 καὶ
3098 1519 3212 1582 τοῖς
3249 1515 3620 1587 προσηλύτοις
3649 1516 3760 1577 τοῖς

2171 1613 2556 1686 προκειμένοις
2608 1614 2667 1666 ὲν
2722 1612 2873 1683 μέσῳ
2920 1609 3107 1680 ὑμῶν,
3159 1608 3392 1679 νόμιμον
3445 1606 3691 1659 αἰώνιον.
3733 1622 3753 1656 ι
3806 1617 3814 1663 ς

2173 1704 2523 1780 Προσεπάγει
2550 1703 2608 1758 δὲ
2632 1701 2845 1768 τούτοις
2872 1701 2902 1755 6
2923 1699 3247 1773 νομοθέτης,
3284 1700 3366 1752 ὅτι
3396 1695 3756 1767 καταμιαίνει

489 1797 579 1851 die
624 1798 789 1853 tertia
814 1808 911 1854 aut
935 1808 1082 1855 certe
1106 1801 1357 1871 septima.
1387 1800 1456 1856 Ni
1478 1801 1532 1857 id
1569 1799 1752 1867 faciat,
1786 1800 1864 1856 ait
1889 1800 2071 1871 impu-

2177 1797 2277 1868 μέν
2330 1814 2484 1862 τινας
2541 1797 2637 1851 καὶ
2692 1793 2953 1867 βεϐήλους
2997 1791 3291 1861 ἀποφαίνει
3340 1790 3402 1843 τδ
3454 1786 3756 1848 τεθνεῶτος

490 1905 606 1944 ram
633 1891 950 1946 habiturum
971 1890 1408 1961 immunditiam;
1429 1908 1621 1964 poenas
1642 1908 1774 1949 vero
1793 1893 2070 1960 daturum,

488 1977 637 2047 quod
681 1978 897 2033 Domini
956 1979 1369 2036 tabemaculum
1404 1982 1726 2053 inquinarit.
1753 1983 1820 2037 Et
1848 1982 2072 2052 peribit,

489 2069 690 2149 inquit,
724 2070 906 2125 anima
936 2072 1058 2142 ejus
1087 2071 1155 2128 dc
1197 2074 1385 2139 Israel,
1412 2075 1543 2144 quia
1570 2088 1710 2145 aqua
1741 2073 2075 2145 aspersionis

490 2155 716 2215 minime
732 2172 988 2228 aspersus
1001 2166 1103 2214 est.
1120 2159 1215 2215 Sin
1237 2170 1422 2217 autem
1440 2162 1586 2218 domi
1604 2178 1766 2233 quem
1787 2164 1922 2218 mori
1945 2179 2076 2220 con-

492 2247 683 2317 tingat,
711 2263 811 2318 pro
834 2248 1115 2304 immunda
1131 2249 1401 2306 habeatur
1422 2252 1541 2322 ipsa
1570 2252 1785 2316 domus,
1812 2260 1869 2308 et
1896 2254 2076 2309 omnis

488 2339 608 2408 ejus
635 2338 902 2409 supellex,
937 2348 1197 2410 tanquam
1231 2342 1595 2398 Immunditiae
1623 2359 1735 2399 rea.
1773 2344 1841 2399 Et
1871 2345 1918 2401 si
1948 2362 2075 2401 vasa

488 2431 735 2500 qumdam
757 2432 1040 2502 operculis
1055 2432 1301 2488 carentia
1317 2433 1555 2505 jaceant,
1577 2443 1634 2489 et
1654 2434 1771 2491 haec
1794 2435 2074 2493 immunda

488 2521 617 2576 sint.
648 2520 918 2577 Profanus
952 2537 1087 2578 vero
1118 2522 1497 2591 nihilominus,
1533 2523 1733 2594 inquit,
1758 2526 2075 2597 quicunque

491 2613 732 2685 tetigerit
760 2613 816 2668 in
855 2628 1051 2684 campo
1097 2621 1192 2669 aut
1230 2613 1600 2681 vulneratum,
1627 2622 1723 2670 aut
1746 2631 1810 2672 os
1846 2618 2071 2684 mortui,

489 2714 584 2762 aut
619 2706 860 2777 denique
895 2707 1254 2777 sepulturam.
1285 2706 1401 2774 Qua
1424 2707 1593 2779 igitur
1617 2709 1829 2765 ratione
1849 2712 2072 2783 purgari

491 2796 616 2852 talia
640 2796 1059 2868 praescripserit,
1089 2795 1339 2851 dicemus
1356 2804 1418 2851 ut
1438 2810 1755 2867 possumus,
1778 2798 2075 2870 Scriptura:

486 2888 882 2945 obscuritatem
933 2887 1282 2946 convenienti
1327 2888 1683 2945 meditatione
1723 2898 1848 2963 apte
1884 2892 2075 2964 expla-

489 2988 702 3036 nantes.

2171 1889 2491 1960 ἀποθήγειν.
2525 1890 2723 1942 Ἔσται
2763 1887 2820 1941 δὲ
2849 1884 3162 1956 ἀκάθαρτος
3199 1885 3228 1937 6
3256 1880 3416 1936 τοῦτο
3450 1879 3645 1934 παθὼν
3670 1879 3754 1948 ἐφ’
3802 1938 3806 1942 _

2170 1981 2321 2045 ὅλαις
2366 1981 2605 2053 ἡμέραις
2634 1980 2728 2034 τὸν
2769 1976 3002 2050 ἀριθμὸν
3044 1974 3204 2030 ἑπτά.
3246 1971 3652 2045 Ἀγνηθήσεται
3698 1969 3754 2021 δὲ

2170 2076 2237 2146 τῇ
2280 2071 2461 2144 σποδῷ
2507 2074 2607 2140 τῆς
2650 2070 2939 2141 δαμάλεως
2970 2065 3173 2139 ἀναμὶξ
3201 2065 3358 2119 ὕδατι
3398 2064 3460 2118 τὸ
3495 2059 3638 2134 αἷμα
3668 2062 3757 2133 ἐρ-

2174 2165 2459 2239 ῥαμμένος
2504 2167 2570 2236 τῇ
2601 2163 2788 2236 ἡμέρᾳ
2823 2163 2890 2233 τῇ
2934 2160 3128 2232 τρίτῃ,
3158 2160 3253 2212 καὶ
3288 2157 3388 2228 μέν
3428 2173 3516 2210 τοι
3563 2154 3661 2208 καί
3698 2154 3756 2208 ἐν

2141 2258 2394 2330 ἐϐδόμῃ.
2426 2257 2489 2310 El
2526 2255 2583 2309 δὲ
2636 2254 2713 2327 μὴ
2738 2251 2895 2308 τοῦτο
2930 2251 3105 2324 δρῴη,
3157 2250 3342 2322 φησὶν,
3383 2242 3752 2300 ἀναπόνιπτον

2169 2348 2282 2415 ἔξει
2318 2346 2417 2420 τὴν
2444 2344 2812 2417 ἀκαθαρσίαν.
2858 2342 3100 2403 Ἀποτιεί
3131 2341 3187 2394 δὲ
3211 2341 3306 2395 καὶ
3333 2339 3511 2403 δίκας,
3541 2337 3626 2391 ὅτι
3653 2337 3751 2407 τὴν

2171 2439 2380 2511 σκηνὴν
2423 2437 2634 2508 Κυρίου
2681 2435 2926 2506 ἐμίανεν.
2979 2432 3433 2504 Ἐκτρισήσεται,
3481 2429 3753 2500 φησὶνμί)

2170 2532 2315 2604 ψυχὴ
2355 2528 2520 2585 αὑτοῦ
2561 2529 2623 2594 ἐξ
2662 2526 2911 2599 Ἰσραὴλ,
2941 2525 3024 2579 ὅτι
3051 2523 3196 2596 ὕδωρ
3228 2520 3527 2594 ῥαντισμοῦ
3567 2521 3630 2574 ού
3666 2536 3757 2573 πε-

2172 2620 2558 2697 ριερῤαντίσθη
2591 2621 2678 2674 ἐπ’
2706 2620 2887 2674 αὑτόν.
2919 2619 2981 2672 El
3009 2617 3065 2671 δε
3097 2617 3189 2670 καὶ
3224 2618 3281 2669 ὲν
3327 2614 3463 2684 οτκῳ
3493 2612 3748 2683 γένηται,

2172 2711 2378 2781 φησὶν,
2427 2708 2747 2764 ὲκτεθνάναι
2779 2707 2935 2770 τινὰ,
2975 2703 3351 2778 καθοριζέσθω
3386 2703 3450 2774 δὴ
3490 2702 3614 2756 τότε
3659 2703 3755 2755 καὶ

2171 2802 2342 2874 αὐτῆς
2369 2803 2468 2873 τῆς
2498 2800 2703 2867 ἑστίας,
2737 2800 2832 2853 καὶ
2860 2798 3077 2854 πάντων
3113 2797 3225 2851 τῶν
3257 2797 3317 2851 ὲν
3345 2795 3508 2866 αὑτῇ,
3541 2793 3755 2848 σκευῶν

2168 2895 2233 2968 δὴ
2252 2896 2417 2965 λέγω,
2450 2895 2549 2965 τῆς
2577 2891 2919 2964 ἀκαθαρσίας
2946 2891 3008 2944 τὸ
3035 2889 3310 2961 ἔγκλημα.
3347 2890 3459 2943 Καὶ
3485 2889 3533 2941 εί
3566 2885 3757 2956 πωμά-

2171 3003 2280 3041 των
2302 2986 2485 3059 ἔρημα
2514 2984 2693 3039 κέοιτό
2722 3000 2845 3037 τινα
2869 2983 2977 3037 τῶν
3006 2982 3265 3053 ἀγγείων,
3295 2981 3437 3035 ἔστω
3466 2980 3562 3034 καὶ
3583 2978 3755 3032 ταῦτα

492 3073 898 3147 μεμολυσμένα.
923 3074 1161 3147 Βέὅηλος
1179 3074 1237 3129 δὲ
1263 3074 1416 3129 οὐδὲν
1444 3070 1631 3147 ἧττον,
1664 3078 1853 3150 φησὶν,
1905 3081 1934 3134 6
1978 3080 2258 3153 ἁψάμενος
2316 3084 2374 3137 ἐν
2431 3080 2601 3152 πεδίῳ
2647 3079 2680 3151 ἢ
2726 3077 3063 3149 τραυματίου
3105 3077 3300 3148 τυχὸν,
3358 3077 3393 3149 ἦ
3435 3074 3630 3129 ὀστέου
3668 3091 3758 3127 νεα

492 3165 657 3237 κροῦ,
697 3165 732 3237 ἦ
778 3165 1081 3237 μνήματος.
1125 3165 1245 3218 Τίνι
1287 3165 1353 3236 δὴ
1392 3161 1487 3220 οὖν
1532 3167 1956 3240 ἀποσμήχεσθαι
2000 3172 2068 3226 τὰ
2104 3172 2330 3227 τοιαῦτα
2363 3170 2756 3245 προστέταχεν,
2781 3168 3014 3242 ἐροῦμεν
3045 3168 3119 3235 ὡς
3149 3168 3350 3240 ένιτὴν
3410 3167 3504 3222 τοῦ
3571 3166 3762 3240 Γράμ,

496 3273 666 3327 ματος
695 3256 966 3327 ἀσάφειαν
1000 3258 1115 3319 τοῖς
1143 3254 1446 3326 καθήκουσι
1483 3256 1769 3331 λογισμοῖς
1832 3260 2102 3333 εὐτέχνως
2138 3264 2585 3330 διαπτύσσοντες.

560 3350 616 3406 2.
650 3347 822 3419 Igitur
849 3348 1022 3404 vitula
1052 3346 1190 3403 vitio
1215 3362 1431 3416 carens,
1461 3359 1519 3408 et
1539 3353 1691 3408 omni
1714 3367 1917 3409 vacans
1948 3368 2069 3409 ma-

2246 3358 2313 3428 β’.
2346 3358 2590 3430 Δάμαλις
2641 3357 2741 3429 μὲν
2789 3351 2942 3429 ούνή
2984 3355 3282 3428 ἀμώμητος
3331 3354 3634 3418 παντελῶς,
3666 3356 3763 3410 καὶ

491 3442 635 3508 cuia,
668 3441 891 3511 quando
914 3440 1176 3498 delictum
1222 3459 1335 3500 non
1377 3446 1550 3515 novit,
1588 3447 1854 3503 Dominus
1886 3456 2075 3504 noster

490 3536 649 3595 Iesus
673 3533 925 3590 Christus
948 3543 1050 3590 est.
1075 3533 1380 3602 Quidicere
1413 3555 1522 3595 non
1548 3547 1634 3595 est
1660 3540 1868 3595 veritus
1895 3558 1909 3594 :
1938 3540 2073 3597 «Ve-

490 3627 574 3684 nit
603 3626 861 3699 princeps
905 3627 1097 3683 mundi
1154 3627 1355 3700 hujus,
1390 3638 1447 3686 et
1504 3632 1559 3685 in
1597 3645 1686 3685 me
1720 3632 1859 3687 nihil
1912 3647 2073 3703 repe-

492 3723 599 3779 riet
624 3722 720 3778 ⁸⁸.»
741 3722 823 3778 Ad
848 3721 1067 3780 Iudaeos
1093 3738 1223 3780 vero
1250 3723 1354 3779 ait:
1390 3744 1408 3775 ι
1432 3724 1568 3791 Quis
1599 3741 1667 3779 ex
1700 3725 1857 3781 vobis
1881 3735 2075 3799 arguet

491 3829 578 3871 me
605 3814 675 3870 de
707 3815 976 3884 peccato?
1007 3814 1065 3870 Si
1097 3816 1380 3871 veritatem
1407 3814 1532 3871 dico
1555 3816 1733 3881 vobis,
1772 3832 1942 3887 quare
1962 3832 2072 3872 non

490 3905 716 3962 creditis
746 3906 882 3961 mihi
912 3906 994 3961 u?
1025 3927 1044 3959 ι
1077 3906 1216 3963 Illud
1252 3906 1472 3962 interim
1489 3907 1798 3974 considera,
1832 3908 1888 3963 in
1928 3908 2072 3963 divi-

490 3998 576 4054 nis
615 3997 917 4068 Scripturis
961 3998 1116 4054 illum
1162 4016 1312 4057 nunc
1341 4000 1575 4056 vitulum
1600 4041 1615 4067 ,
1664 4015 1813 4057 nunc
1842 4000 2071 4057 vitulam

488 4092 813 4148 nominari:
848 4093 1085 4148 vitulum
1122 4096 1366 4165 quidem,
1404 4112 1513 4167 qua
1545 4096 1657 4151 dux
1689 4112 1753 4153 ac
1780 4097 2074 4168 prmfectus

490 4188 605 4243 est;
640 4177 871 4233 vitulam
899 4193 1050 4243 vero,
1084 4190 1357 4248 quatenus
1384 4183 1566 4237 minor
1591 4197 1656 4238 ac
1679 4183 1935 4238 subditus
1972 4182 2073 4237 de-

490 4267 759 4337 signatur.
773 4266 1166 4324 Universorutn
1196 4269 1344 4323 enim
1363 4270 1654 4339 praefectus
1668 4273 1816 4327 Deus
1834 4273 2068 4336 exsistit,

490 4376 555 4416 ac
590 4360 893 4431 potentiam
936 4360 993 4414 in
1024 4374 1214 4416 omnes
1253 4376 1381 4416 cum
1426 4363 1539 4418 Deo
1578 4363 1741 4418 Patre
1773 4378 2067 4431 exercens;

490 4452 666 4507 factus
696 4466 795 4507 sua
838 4453 955 4523 ipse
988 4453 1270 4509 voluntate
1300 4453 1406 4510 sub
1440 4454 1582 4526 lege,
1612 4455 1852 4512 servavit
1872 4456 2067 4523 Mosis,

489 4542 823 4616 Mquasi
849 4544 1270 4615 praestantioris,
1300 4554 1595 4618 prmeepta,
1636 4546 1856 4603 tametsi
1879 4563 2071 4606 servus

489 4642 703 4690 tantum
717 4644 883 4691 esset.
901 4636 1015 4691 Nec
1030 4636 1226 4692 mirum
1250 4657 1262 4692 :
1282 4638 1504 4709 quando
1518 4647 1573 4694 et
1591 4639 1855 4711 propheta
1885 4642 2071 4697 vocari

2177 3448 2351 3521 ῥύπου
2376 3449 2577 3514 παντὸς
2617 3451 2848 3506 είσάπαν
2882 3447 3301 3521 ἀπηλλαγμένη,
3333 3448 3425 3501 καὶ⁸
3451 3448 3553 3500 οὐκ
3591 3448 3764 3503 εἰδυῖα

2171 3542 2236 3595 τὸ
2292 3541 2656 3613 πλημμελεῖν,
2709 3545 2738 3597 6
2801 3540 3006 3615 Κύριος
3053 3539 3212 3612 ἡμῶν
3259 3539 3469 3611 Ἰησοῦς
3499 3541 3759 3612 Χριστός.

2186 3632 2491 3707 Ἐθάρσησε
2521 3633 2629 3707 γὰρ
2646 3635 2844 3688 είπετνο
2867 3651 2886 3686 ι
2914 3634 3175 3705 Ἔρχεται
3191 3633 3218 3684 ὁ
3233 3631 3417 3711 ἀρχων
3436 3621 3528 3688 τού
3548 3632 3759 3704 κόσμου

2172 3725 2399 3790 τούτου,
2430 3725 2525 3779 καὶ
2555 3727 2614 3779 ὲν
2648 3726 2771 3797 ἐμοὶ
2817 3726 3038 3798 εὑρήσει
3090 3725 3263 3781 οὐδέν.
3322 3743 3339 3776 ι
3388 3724 3498 3779 Καὶ
3551 3724 3652 3795 μέν
3682 3743 3765 3779 τοι

2176 3818 2311 3890 πρὸς
2372 3817 2678 3883 Ἰουδαίους·
2734 3837 2753 3870 ι
2817 3818 2916 3881 Τίς
2966 3816 3028 3883 ἐξ
3083 3817 3237 3888 ὑμῶν
3281 3815 3475 3888 ἐλέγξῃ
3519 3834 3591 3888 με
3637 3818 3767 3889 περὶ

2173 3908 2485 3980 ἀμαρτίας;
2544 3909 2608 3962 Εἰ
2655 3908 2910 3979 ἀλήθειαν
2962 3908 3139 3979 λέγω,
3181 3907 3271 3961 διὰ
3309 3907 3362 3961 τί
3396 3909 3556 3978 ὑμεῖς
3578 3909 3642 3961 ού
3676 3926 3768 3962 πι-

2176 4000 2396 4057 στεύετέ
2423 4018 2546 4073 μοις
2584 4020 2602 4052 ι
2643 4001 2790 4074 Πλὴν
2832 4002 3006 4055 έκεῖνο
3048 3999 3203 4072 ἄθρει
3228 3999 3314 4072 δὴ.
3344 4000 3475 4054 ποτὲ
3522 4000 3625 4070 μὲν
3669 4001 3768 4071 μό-

2176 4112 2322 4167 σχος,
2344 4094 2476 4148 ποτὲ
2493 4094 2550 4148 δὲ
2573 4094 2809 4166 δάμαλις
2839 4094 2991 4165 παρά
3012 4111 3075 4164 γε
3106 4096 3220 4157 τοῖς
3253 4094 3417 4165 ἱεροῖς
3445 4093 3768 4163 ὠνόμασται

2174 4186 2371 4255 λόγοις,
2401 4186 2488 4239 ἵνα
2515 4186 2603 4240 διὰ
2644 4186 2742 4258 μὲν
2783 4185 2877 4239 τοῦ
2912 4185 3161 4257 ἄρρενος,
3194 4185 3271 4248 ὡς
3303 4183 3647 4255 καθηγητὴς.
3678 4184 3769 4239 διὰ

2173 4275 2230 4330 δὲ
2261 4274 2356 4329 τοῦ
2392 4275 2623 4347 θήλεως,
2659 4276 2735 4340 ὡς
2756 4276 2816 4329 ἐν
2851 4276 3026 4347 μείονί
3050 4293 3109 4328 τε
3141 4275 3235 4329 καὶ
3273 4276 3522 4345 ὑποταγῇ
3560 4276 3768 4346 σημαί-

2173 4382 2353 4437 νηται.
2387 4365 2814 4437 Καθηγούμενος
2844 4365 2950 4437 γὰρ
2988 4364 3096 4418 τῶν
3128 4364 3266 4418 ὅλων
3313 4366 3340 4418 6
3380 4363 3533 4431 Θεὸς,
3571 4364 3670 4417 καὶ
3706 4364 3769 4418 τὸ

2172 4458 2314 4513 κατὰ
2345 4458 2563 4513 πάντων
2609 4457 2750 4529 μετά
2782 4457 2877 4512 τοῦ
2906 4456 3041 4511 Θεοῦ
3076 4458 3169 4511 καὶ
3200 4455 3413 4526 [ἰατρὸς
3443 4456 3767 4527 ἀνημμένον

2172 4550 2374 4621 κράτος
2396 4564 2411 4579 ·
2457 4549 2650 4618 γέγονε
2685 4550 2783 4619 μὲν
2823 4549 2931 4619 γὰρ
2961 4548 3101 4604 ἑκὼν
3132 4548 3235 4601 ὑπὸ
3264 4548 3449 4618 νόμον,
3481 4549 3764 4619 τετήρηκε

2170 4644 2228 4698 δὲ
2261 4642 2330 4696 τά
2371 4641 2634 4707 Μωσέως,
2684 4641 2761 4705 ὡς
2798 4640 3145 4713 προύχοντος,
3194 4642 3244 4694 εί
3284 4640 3378 4693 καὶ
3419 4635 3486 4712 ἦν
3514 4639 3760 4709 οἰκέτης.

488 4723 775 4790 sustinuit,
793 4734 851 4781 et
883 4725 939 4780 in
955 4727 1101 4781 servi
1124 4726 1299 4783 forma
1317 4729 1571 4800 apparuit
1585 4731 1648 4797 ",
1673 4731 1922 4801 quamvis
1937 4747 2068 4803 pro-

2173 4736 2282 4790 Kal
2321 4733 2631 4806 θαυμαστὸν
2661 4732 2833 4800 οὐδὲν,
2865 4735 2947 4788 ὅτι
2986 4735 3091 4786 καῖ’
3108 4733 3394 4805 προφήτης
3418 4732 3762 4802 ὠνόμασται,

487 4815 782 4884 phetarum
808 4823 975 4882 esset,
1005 4827 1066 4873 ut
1096 4818 1242 4875 Deus
1282 4836 1348 4876 ac
1394 4821 1679 4888 Dominus,
1708 4831 1893 4893 caput.
1931 4824 2071 4880 Rufa

489 4914 671 4964 autem
695 4909 929 4979 iuvenca
949 4912 1188 4983 petitur;
1215 4912 1522 4983 perfectum
1556 4914 1705 4970 enim
1750 4916 2070 4988 mysterium

487 4998 652 5053 estin
680 5000 945 5072 sanguine
978 5001 1101 5057 Filii
1132 5002 1373 5059 hominis
1398 5022 1410 5057 :
1440 5004 1715 5075 siquidem
1741 5013 1952 5061 eertum
1986 5014 2072 5062 est

488 5089 637 5145 Patri
687 5090 1039 5149 obedientem
1101 5109 1276 5164 usque
1306 5094 1375 5150 ad
1416 5104 1672 5161 mortem,
1700 5107 1935 5154 mortem
1967 5114 2071 5154 au-

488 5189 597 5235 tem
656 5184 860 5251 crucis,
906 5184 1076 5241 fuisse
1100 5186 1165 5252 ",
1209 5195 1266 5242 et
1317 5186 1607 5244 abstulisse
1654 5190 1883 5262 proprio
1941 5206 2068 5248 san-

485 5272 651 5343 guine
675 5274 867 5331 mundi
890 5275 1110 5333 delicta.
1152 5277 1446 5350 Sanguinis
1475 5289 1660 5335 autem
1703 5281 1920 5353 signum
1946 5283 2065 5338 evi-

487 5363 644 5430 dens,
667 5366 936 5438 valdeque
966 5375 1219 5440 apertum
1241 5382 1627 5441 argumentum
1651 5371 1806 5428 rufus
1845 5380 1932 5429 est
1970 5390 2065 5430 co-

487 5455 589 5515 lor.
617 5454 724 5512 Sed
743 5458 848 5514 etsi
881 5459 1146 5515 obediens
1174 5459 1353 5516 factus
1393 5462 1467 5516 sit
1498 5462 1666 5529 Patri,
1694 5473 1751 5519 et
1774 5464 2064 5522 nobiscum

486 5545 613 5617 legi,
641 5563 749 5618 qua
770 5551 1022 5608 humanae
1044 5552 1512 5623 fuitconditionis,
1539 5557 1822 5630 subjectus
1861 5567 1917 5613 et
1940 5574 2064 5613 ser~

527 5661 603 5711 ιη
642 5661 801 5717 Num.
836 5680 944 5733 xnt,
992 5667 1105 5723 1-9.

2169 4824 2263 4879 καὶ
2295 4827 2353 4879 ὲν
2386 4823 2574 4879 δούλου
2610 4823 2820 4894 πέφηνε
2852 4825 3057 4895 μορφῇ,
3089 4822 3266 4876 καίτοι
3312 4820 3610 4894 προφητῶν
3655 4823 3762 4875 ὑπ-

2168 4918 2352 4989 άρχων
2380 4915 2586 4989 Κύριος
2613 4916 2707 4970 καὶ
2739 4915 2890 4979 Θεός.
2922 4913 3117 4987 nupsi:
3152 4914 3207 4967 δὲ
3240 4914 3273 4985 ἠ
3302 4913 3533 4983 δάμαλις
3555 4928 3572 4944 ·
3607 4914 3762 4968 τετέ-

2167 5009 2353 5064 λεσται
2396 5009 2503 5081 γὰρ
2549 5010 2632 5079 ἐφ’
2669 5006 2862 5078 αἵματι
2912 5006 3011 5078 τῆς
3053 5004 3517 5077 ὲνανθρωπήσεως
3558 5003 3619 5057 τὸ
3661 5023 3762 5075 μυ·

2169 5103 2410 5172 στήριον,
2448 5100 2606 5170 εἴπερ
2641 5100 2790 5151 ἐστὶν
2814 5096 3015 5167 ἀληθὲς
3035 5096 3116 5149 ὅτι
3145 5094 3371 5163 γέγονεν
3401 5094 3647 5166 ὑπήκοος
3680 5096 3760 5167 τῷ

2173 5191 2352 5263 Πατρὶ
2371 5191 2534 5262 μέχρι
2566 5189 2820 5249 θανάτου.
2860 5187 3090 5243 θανάτου
3124 5185 3182 5241 δὲ
3220 5185 3477 5257 σταυροῦ,
3526 5184 3624 5240 καὶ
3655 5188 3760 5255 ἀφ·-

2170 5285 2318 5336 ἰκται
2364 5280 2552 5345 σώζων
2588 5281 2685 5352 τὴν
2739 5281 2832 5334 ὑπ’
2858 5278 3082 5351 οὐρανὸν
3116 5278 3229 5350 ίδίῳ
3260 5278 3476 5350 αἵματι.
3515 5278 3756 5349 Αἵματος

2168 5374 2227 5429 δὲ
2259 5376 2481 5445 σημεῖον
2508 5373 2574 5428 ἂν
2610 5373 2818 5442 γένοιτο
2846 5373 2942 5426 καὶ
2979 5371 3123 5443 μάλα
3150 5369 3335 5439 σαφῶς
3371 5372 3404 5442 ἠ
3451 5370 3750 5442 πυρρότῃς.

2181 5466 2320 5519 Ἀλλ’
2355 5468 2403 5519 εἰ
2453 5464 2547 5519 καὶ
2589 5465 2812 5534 γέγονεν
2860 5465 3101 5534 ὑπήκοος
3136 5461 3215 5531 τῷ
3248 5461 3444 5533 Πατρὶ,
3482 5460 3578 5515 καὶ
3632 5460 3752 5530 μεθ’

2168 5557 2324 5629 ἡμῶν
2354 5557 2459 5611 ὑπὸ
2487 5556 2650 5627 νόμον
2679 5554 3034 5626 οἰκονομικῶς
3084 5554 3161 5619 ὡς
3202 5554 3524 5626 ἄνθρωπος,
3563 5553 3612 5606 εἰ
3653 5549 3754 5605 καὶ

1205 5670 1247 5703 ¹³
1272 5670 1406 5727 ibid.
1444 5674 1532 5728 21.
1615 5676 1653 5706 “
1683 5675 1838 5732 Joan.
1875 5692 1984 5743 xw,
2010 5674 2099 5732 50.
2182 5674 2222 5707 "
2250 5675 2406 5732 Joan.
2433 5691 2544 5741 vin,
2572 5674 2659 5730 46.
2737 5673 2778 5706 ιε
2802 5673 3038 5745 Philipp.
3073 5687 3131 5740 ιι,
3162 5671 3213 5727 7.
3293 5671 3333 5705 ν
3360 5669 3520 5737 ibid.,
3543 5670 3593 5726 8.
