4052 6196
1348 231 1872 294 οιΑΡιιγιιοῐιυιι
1909 231 1978 288 IN
2015 231 2348 290 NUME‘ROS
2385 230 2611 287 LIBER.

3513 221 3636 280 σω

363 354 546 418 δοῦλος
593 353 908 425 ὠνόμασται
934 391 949 417 ,
992 352 1091 424 τῆς
1137 352 1540 425 ἀναληφθείσης
1593 353 1797 424 σαρκὸς
1841 352 1942 405 οὐκ

2051 364 2144 405 vus
2175 349 2497 420 appellatus,
2521 351 2812 415 assumpta:
2839 340 3002 396 etiam
3039 327 3221 394 carnis
3238 336 3618 391 honestaverit

364 447 638 516 ἀτιμάσας
665 446 764 517 τὴν
804 445 983 518 σάρκα
1005 463 1018 475 ·
1049 445 1165 500 ἀλλ’
1197 442 1266 518 ἦν
1291 463 1349 500 τε
1375 445 1471 500 καὶ
1499 445 1615 499 ἔστι
1652 446 1747 500 καὶ
1772 445 1943 512 οὕτως

365 537 671 608 ἐλεύθερος,
705 539 786 592 ὅτι
841 537 936 592 καὶ
984 537 1144 606 φύσει
1188 537 1340 604 Θεὺς,
1379 540 1472 593 καὶ
1523 538 1673 611 ζυγῷ
1705 538 1945 604 δουλείας

364 631 565 700 ἣκιστα
604 631 702 700 μὲν
750 630 1090 700 ὲνδούμενος,
1141 630 1434 702 ἀπείρατος
1478 632 1537 686 δὲ
1583 631 1774 699 τοῦτο,
1825 632 1946 686 οὐδὲ

366 721 669 785 παντελῶς.
705 722 961 791 Ἔρχεται
995 721 1104 794 γὰρ
1127 720 1352 788 ἀνωθεν,
1387 724 1482 776 καὶ
1513 723 1700 777 ὲπάνω
1730 723 1946 777 πάντων

368 815 535 876 ἐστὶν,
585 813 646 877 ἐξ
678 813 848 883 αὐτῆς
914 814 1128 882 ἀναφὺς
1167 815 1265 884 τῆς
1301 814 1592 886 ἐλευθέρας
1640 816 1827 880 οὐσίας
1851 814 1946 869 τοῦ

369 903 504 958 Θεοῦ
528 907 621 958 καὶ
644 905 880 976 Πατρός.
905 905 1174 979 Ταύτῃτοι
1203 907 1300 976 τὴν
1333 906 1564 978 δάμαλιν
1605 925 1679 961 πα
1690 909 1946 979 ρενεχθῆ-

371 1014 456 1050 ναι
488 995 600 1048 δεῖν
631 995 755 1066 ἔφη,
784 998 998 1069 πυρῤάν
1025 1013 1084 1050 τε
1114 998 1207 1051 καὶ
1238 998 1490 1069 ἄμωμον,
1533 1001 1627 1054 καὶ
1672 1000 1780 1052 τῶν
1821 1000 1947 1066 ζεύ-

372 1086 473 1158 γλῃ
497 1087 673 1140 πόνων
696 1087 1011 1159 ἀπείρατον.
1037 1089 1101 1143 Εί
1118 1089 1224 1162 γὰρ
1250 1090 1554 1144 κεκένωκεν
1579 1091 1767 1145 ἑαυτὸν
1787 1095 1815 1146 ὁ
1838 1094 1950 1146 Μο-

373 1178 615 1247 νογενὴς,
647 1177 892 1233 καθίεται
919 1179 975 1234 δὲ
1008 1182 1101 1234 καὶ
1130 1180 1272 1234 ἑκὼν
1297 1183 1354 1234 ἐν
1381 1182 1568 1236 δούλου
1598 1186 1804 1255 μορφῇ,
1831 1183 1950 1248 πῶς

376 1265 443 1319 ἂν
473 1265 507 1336 ἢ
544 1266 706 1319 πόθεν
753 1267 836 1338 εῐη
888 1268 953 1322 ἂν
982 1269 1284 1339 ἀμφίλογον
1321 1271 1397 1334 ὡς
1427 1270 1577 1324 ἔσται
1606 1273 1704 1342 μὲν
1735 1273 1950 1336 πάντως

378 1355 437 1422 ἐξ
461 1357 766 1427 ὐψωμάτων
794 1359 827 1430 ἠ
875 1358 1084 1428 ὕφεσις,
1125 1363 1188 1414 ἐκ
1219 1362 1599 1433 πληρωμάτων
1633 1364 1690 1417 δὲ
1721 1366 1753 1434 ἡ
1784 1364 1950 1417 κένω-

380 1457 492 1508 σις;
529 1448 591 1514 ἐξ
625 1445 866 1514 ἐμφύτου
902 1447 958 1499 δὲ
1004 1443 1069 1501 αὖ
1115 1450 1205 1502 καὶ⁵
1233 1451 1610 1523 πρεσόυτέρας
1639 1451 1950 1524 ἐλευθερίας

378 1527 410 1593 ἡ
444 1533 686 1598 κάθοδος,
716 1537 750 1607 η
780 1537 854 1600 ὡς
882 1539 940 1590 εν
973 1555 1058 1607 γε,
1102 1541 1264 1611 φημὶ,
1285 1543 1352 1612 τῇ
1398 1541 1492 1595 τοῦ
1519 1541 1706 1595 δούλου
1746 1546 1946 1614 μορφῇ.

401 1617 466 1669 Ἠ
493 1619 587 1673 οὖν
627 1624 857 1712 δάμαλις
904 1628 1004 1698 μὲν
1052 1629 1222 1684 διάτοι
1266 1632 1324 1684 τὸ
1351 1633 1407 1684 ὲν
1447 1633 1693 1706 ὑποταγῇ
1750 1651 1810 1687 τε
1857 1634 1950 1688 καὶ

378 1709 482 1766 ὑπὸ
508 1709 676 1788 νόμον
699 1716 775 1779 ὡς
807 1717 1146 1790 ἡγούμενονο
1187 1723 1373 1794 magis
1401 1723 1456 1776 δὲ
1496 1725 1578 1778 ὅτι
1613 1725 1711 1793 τῆς
1743 1727 1947 1780 οίκονο-

379 1804 506 1875 μίας
529 1806 776 1878 ὁτρόπος
813 1811 898 1878 ἐφ’
931 1813 1123 1882 αἵματι
1160 1814 1349 1882 γέγονε
1392 1815 1458 1868 δι’
1486 1816 1633 1886 ἡμᾶς
1672 1818 1764 1872 καὶ
1808 1818 1948 1890 ὑπὲρ

377 1895 552 1966 ἡμῶν.
585 1899 648 1951 Ἀ
660 1917 852 1970 μωμος
877 1901 955 1967 δὲ,
973 1903 1062 1955 διὰ
1085 1905 1145 1956 τὸ
1175 1905 1560 1976 άπλημμελές·
1585 1909 1646 1961 οὐ
1671 1907 1778 1981 γάρ
1811 1905 1949 1962 οἶδεν

377 1985 672 2057 ἁμαρτίαν.
707 1992 909 2062 Ἕργου
950 1993 1007 2046 δὲ
1049 1995 1142 2048 καὶ⁸
1169 1995 1403 2068 ζεύγλης
1425 1998 1741 2070 ἀπείρατος,
1776 1999 1864 2053 διὰ
1889 2000 1949 2054 τὸ

377 2077 662 2148 ἐλεύθερον
688 2082 746 2133 ὲν
786 2081 1020 2154 θεότητι,
1056 2087 1150 2140 καὶ
1187 2087 1249 2140 τὸ
1284 2087 1450 2160 ἄηθες
1477 2091 1575 2160 τῆς
1607 2090 1869 2155 δουλείας,
1901 2094 1949 2145 εί

378 2168 472 2222 καὶ
497 2168 690 2237 γέγονε
727 2171 848 2225 καθ’
880 2175 1027 2244 ἡμᾶς
1059 2177 1153 2228 καὶ
1180 2178 1238 2230 ὲν
1263 2177 1449 2232 δούλου
1481 2183 1684 2252 μορφῇ.
1726 2199 1744 2232 ι
1789 2182 1948 2237 Ἀλλά

375 2256 625 2323 δώσουσι,
649 2263 802 2333 φησι,
830 2262 928 2334 τὴν
944 2264 1176 2335 δάμαλιν
1203 2269 1338 2341 πρὸς
1368 2269 1629 2342 Ἐλεάζαρ
1650 2271 1740 2326 τὸν
1776 2273 1946 2345 ίερέα,

2043 449 2330 507 naturam;
2359 447 2476 495 erat
2506 446 2686 500 tamen
2707 475 2721 500 ,
2755 441 2948 503 estque
2982 429 3144 494 liber,
3171 424 3623 498 quandoquidem

2043 541 2238 588 natura
2271 534 2448 598 Deus,
2477 539 2534 585 et
2568 525 2850 584 servitutis
2875 525 3007 596 jugo
3053 521 3279 576 minime
3305 517 3618 588 subjectus,

2045 640 2148 680 nec
2194 623 2412 696 penitus
2460 621 2638 677 eidem
2676 617 2967 674 obnoxius.
3018 614 3096 668 De
3134 611 3288 668 celis
3334 609 3482 665 enim
3522 622 3619 661 ve-

2045 716 2205 770 niens
2227 713 2482 769 omnibus
2514 713 2763 782 imperat,
2791 724 2858 764 ex
2890 708 3005 778 ipsa
3036 705 3134 760 Dei
3174 718 3238 759 ac
3268 700 3447 757 Patris
3472 700 3624 770 geni-

2047 814 2136 861 tus
2166 805 2469 861 substantia
2500 802 2692 857 libera.
2719 800 2930 854 Idcirco
2955 796 3182 852 vitulam
3226 792 3423 848 adduci
3462 791 3620 862 jubet

2047 896 2243 961 rufam,
2271 896 2516 965 vitioque
2549 902 2850 950 carentem.
2882 898 2938 945 et
2981 885 3215 943 temonis
3269 882 3435 939 aratri
3463 882 3620 937 labo-

2048 1003 2170 1042 rum
2202 995 2503 1057 expertem.
2539 985 2597 1040 Si
2621 983 2774 1039 enim
2809 982 3049 1052 seipsum
3075 976 3400 1048 Unigenitus
3437 974 3622 1029 exina-

2047 1075 2206 1141 nivit,
2235 1077 2536 1146 volensque
2561 1073 2616 1129 in
2645 1072 2791 1129 servi
2819 1071 3049 1126 formam
3093 1083 3150 1124 se
3174 1066 3416 1130 demisit,
3447 1080 3546 1119 cur
3569 1072 3625 1118 et

2049 1167 2323 1239 quomodo
2348 1167 2577 1222 dubium
2600 1181 2720 1221 esse
2745 1172 2924 1235 potest
2948 1162 3112 1216 fuisse
3141 1175 3172 1214 a
3204 1172 3415 1213 summa
3441 1156 3626 1210 altitu-

2050 1259 2177 1313 dine
2207 1265 2582 1323 extenuatum,
2609 1266 2666 1312 et
2695 1273 2725 1310 e
2759 1252 3102 1325 plenitudine
3147 1247 3484 1304 exinanitum
3505 1286 3518 1310 ,
3559 1261 3626 1300 ex

2050 1346 2215 1402 insita
2246 1362 2378 1402 vero
2415 1353 2471 1400 et
2501 1346 2724 1414 antiqua
2751 1344 3004 1398 libertate
3032 1337 3366 1410 postliminio
3393 1336 3624 1390 descen-

2050 1438 2196 1494 disse
2227 1439 2282 1493 in
2307 1438 2451 1494 servi
2487 1436 2656 1492 veluti
2682 1436 2910 1490 formam
2935 1435 2958 1486 ?
2985 1432 3155 1503 igitur
3185 1427 3355 1484 vitula
3380 1426 3622 1498 quidem,

2050 1533 2178 1602 quia
2200 1531 2452 1586 subditus
2477 1545 2540 1585 ac
2564 1529 2668 1600 legi
2693 1528 2896 1599 paruit,
2923 1540 3047 1581 cum
3073 1523 3305 1594 imperet
3331 1535 3394 1575 ac
3419 1519 3583 1574 ducat
3610 1537 3622 1572 :

2053 1624 2172 1676 rufa
2193 1637 2347 1687 vero,
2375 1620 2503 1691 quia
2530 1621 2782 1674 humanae
2823 1615 3214 1686 redemptionis
3235 1614 3373 1668 ratio
3401 1621 3626 1683 pr0pter

1981 1683 2024 1743 Β
2053 1727 2152 1765 nos
2176 1719 2232 1766 et
2255 1683 2354 1781 pro
2377 1683 2537 1765 nobis
2557 1709 2612 1763 in
2630 1709 2892 1779 sanguine
2918 1683 3163 1776 contigit.
3192 1704 3261 1758 At
3284 1702 3630 1772 irreprehen-

2049 1803 2244 1867 sibilis,
2263 1802 2390 1872 quia
2421 1817 2533 1856 non
2548 1800 2794 1872 peccavit
2825 1820 2837 1853 :
2869 1813 3048 1868 neque
3063 1797 3210 1853 enim
3244 1796 3398 1851 novit
3435 1809 3627 1865 pecea-

2048 1902 2164 1949 tum
2198 1895 2260 1947 ¹⁸.
2289 1894 2496 1963 Expers
2522 1907 2654 1947 vero
2674 1891 2790 1964 jugi
2829 1898 2885 1946 et
2908 1891 3109 1960 operis,
3145 1899 3371 1960 propter
3401 1889 3629 1944 liberta-

2049 1993 2157 2040 tem
2191 1983 2454 2048 divinam,
2485 1991 2542 2039 et
2569 1983 2717 2053 quod
2740 1983 2952 2038 servire
2976 1997 3084 2038 non
3115 1981 3484 2045 consueverit,
3526 1980 3630 2034 etsi

2048 2075 2224 2131 nostri
2265 2074 2437 2128 instar
2475 2073 2608 2128 etin
2638 2072 2814 2126 forma
2856 2072 2998 2126 servi
3041 2070 3217 2126 factus
3261 2071 3350 2126 sit.
3378 2090 3394 2120 ι
3426 2070 3630 2124 Verum

2052 2167 2292 2233 tradent,
2321 2167 2399 2222 ait
2430 2165 2733 2234 Scriptura,
2754 2162 2983 2216 vitulam
3017 2161 3282 2216 Eleazaro
3316 2159 3586 2216 sacerdoti
3616 2201 3629 2222 ,

2052 2258 2434 2327 deducentque
2464 2256 2636 2326 ipsam
2666 2261 2822 2309 extra
2850 2261 3027 2307 castra
3054 2251 3111 2305 in
3137 2252 3317 2306 locum
3342 2248 3630 2313 mundum,

380 2349 471 2402 καὶ
499 2349 778 2416 ἐξάξουσιν
805 2355 974 2424 αὐτὴν
1013 2356 1118 2421 ἔξω
1145 2361 1246 2429 τῆς
1296 2360 1644 2431 παρεμϐολῆς
1676 2363 1755 2426 είς
1789 2343 1952 2417 τύπον

2051 2350 2482 2423 iugulabantque
2505 2361 2623 2403 eam
2651 2347 2707 2401 in
2740 2352 3036 2416 conspectu
3061 2343 3363 2400 sacerdotis
3387 2344 3450 2397 η.
3493 2361 3509 2394 ι
3541 2343 3636 2396 Sa-

377 2439 637 2511 καθαρδν,
671 2445 767 2498 καὶ
793 2446 1085 2515 σφάξουσιν
1117 2449 1289 2521 αὐτὴν
1320 2450 1550 2505 ἐνώπιον
1575 2452 1760 2507 αὐτοῦ.
1799 2473 1817 2506 ι
1847 2450 1963 2509 Τύ-

515 2531 566 2586 δ⁰
607 2532 675 2588 ἂν
719 2536 806 2603 εἴη
841 2538 951 2592 τῶν
1001 2541 1163 2612 ἱερῶν
1208 2541 1299 2595 καὶ
1333 2542 1704 2614 ἡγιασμένων,
1736 2545 1830 2598 καὶ
1876 2551 1957 2624 τῷ

383 2623 526 2696 ἁγίῳ
554 2625 838 2698 Πνεύματι
871 2633 1420 2704 κατακεχρισμένων,
1442 2637 1471 2688 ὁ
1510 2635 1716 2707 ίερεύς·
1745 2623 1950 2692 ὲπείτοι

381 2714 473 2766 καὶ
503 2714 642 2788 πρὸς
680 2719 830 2790 ἡμᾶς
866 2721 996 2786 τοὺς
1028 2725 1467 2789 πεπιστευκότας
1493 2724 1709 2798 εἴρηταί
1740 2745 1840 2782 που
1863 2728 1950 2783 διὰ

383 2805 569 2876 φωνῆς
599 2808 790 2877 ἁγίου·
828 2829 848 2863 ι
877 2811 1067 2883 Ὑμεῖς
1099 2813 1159 2868 δὲ
1187 2815 1343 2884 γένος
1375 2815 1650 2880 ἐκλεκτὸν,
1684 2815 1953 2887 βασίλειον

380 2898 696 2969 ἱεράτευμα,
723 2899 875 2966 ἔθνος
901 2903 1079 2971 ἅγιον.
1109 2921 1128 2956 ι
1179 2905 1342 2975 Ἦμῖν
1367 2905 1476 2978 ἄρα
1512 2909 1622 2970 τοῖς
1653 2908 1839 2978 ίεροῖς,
1874 2907 1951 2979 τῷ

2050 2439 2247 2495 cerdos
2290 2447 2478 2509 typum
2503 2435 2727 2492 exhibet
2755 2433 3102 2489 sacerdotum
3134 2431 3379 2487 omnium
3414 2447 3478 2486 ac
3514 2447 3638 2485 san—

2052 2529 2416 2585 ctiiicatorum
2459 2533 2516 2582 et
2544 2540 2577 2580 a
2624 2532 2815 2579 sancto
2851 2521 3060 2592 Spiritu
3098 2512 3390 2576 unctorum
3418 2537 3431 2573 :
3461 2535 3637 2589 quan-

2051 2619 2346 2690 doquidem
2364 2617 2526 2672 nobis
2557 2613 2916 2671 credentibus
2947 2613 3120 2669 sancti
3139 2612 3373 2682 apostoli
3397 2627 3530 2666 voce
3559 2611 3639 2665 sic

2053 2710 2478 2781 pronuntiatur:
2507 2726 2524 2758 ι
2557 2707 2667 2762 \‘os
2690 2705 2824 2760 estis
2849 2720 3024 2775 genus
3061 2704 3320 2767 electum,
3344 2702 3524 2774 regale
3549 2715 3636 2756 sa-

2053 2800 2402 2864 cerdotium,
2462 2813 2596 2870 gens
2647 2797 2918 2851 sancta".
2968 2813 2985 2844 ι
3021 2793 3191 2848 Nobis
3230 2793 3396 2864 igitur
3443 2793 3635 2856 sacris,

2056 2891 2241 2962 generi
2267 2890 2463 2954 electo,
2498 2894 2806 2955 sanctasque
2835 2884 2980 2956 genti
3014 2883 3268 2939 Christus
3290 2882 3449 2938 datus
3472 2899 3500 2936 a
3526 2883 3640 2938 Deo

378 2987 662 3081 ἀπολείπω
696 2990 866 3059 γένει,
913 2993 1009 3046 καὶ
1035 2991 1112 3064 τῷ
1151 2994 1291 3064 ἁγίῳ
1316 2975 1457 3050 ἔθνει
1483 2995 1689 3051 δέδοται
1705 2975 1951 3068 ’Χριστὸς

2058 2991 2115 3038 et
2149 2984 2332 3048 Patre,
2367 2980 2727 3038 sanctiﬁcatio
2775 2994 2840 3034 ac
2892 2976 3222 3047 redemptio,
3256 2975 3523 3045 sapientia
3574 2989 3642 3028 ac

379 3080 529 3151 παρά
549 3081 698 3135 Θεοῦ
733 3083 828 3137 κα)⁵
861 3084 1095 3156 Πατρδς,
1127 3086 1397 3158 ἁγιασμὸς
1429 3091 1523 3141 καὶ
1552 3087 1953 3160 ἀπολύτρωσις,

381 3170 542 3241 σοφία
592 3173 686 3226 καὶ
735 3173 1088 3246 δικαιοσύνη,
1135 3177 1328 3247 Σωτήρ
1381 3195 1439 3230 τε
1499 3183 1593 3232 καὶ
1640 3179 1954 3250 Λυτρωτὴς,

380 3263 474 3315 καὶ
515 3261 594 3326 ὡς
630 3263 915 3330 Θεσπέσιος
946 3266 1146 3336 γράφει
1194 3266 1424 3332 Παῦλος,
1463 3285 1481 3318 ι
1519 3267 1628 3335 ἔξω
1654 3269 1753 3339 τῆς
1782 3270 1957 3342 πύλης

380 3352 599 3407 ἔπαθεν.
639 3374 658 3408 ι
702 3356 870 3410 Ἔνθα
901 3357 996 3410 καὶ
1034 3359 1183 3429 ἡμᾶς
1215 3359 1351 3412 ἰέναι
1389 3359 1498 3413 δεῖν
1537 3360 1663 3433 ἔφη,
1699 3362 1789 3416 τὸν
1819 3363 1959 3416 ὀνει-

379 3444 566 3516 δισμᾰδ
593 3448 758 3502 αὐτοῦ
785 3447 1070 3520 φέροντας.
1109 3450 1380 3518 τουτέστι,
1411 3452 1503 3505 τὸν
1535 3452 1664 3508 ἴδιον
1699 3455 1952 3525 σταυρόν.

381 3535 548 3591 Τοῦτο
591 3538 686 3592 καὶ
741 3540 900 3603 αὐτὸς
941 3539 1181 3608 ἔφασκεν
1211 3543 1238 3594 ὁ
1275 3541 1490 3614 Σωτῆρα
1536 3561 1553 3595 ι
1587 3544 1654 3598 EE
1687 3562 1770 3608 τις
1812 3545 1956 3600 θέλει

380 3628 553 3683 ὀπίσω
585 3648 688 3700 μου
717 3630 911 3696 ἐλθεῖν,
955 3633 1368 3704 ἀπαρνησάσθω
1403 3633 1615 3700 ἑαυτὸν,
1653 3638 1747 3691 καὶ
1770 3638 1958 3709 ἀράτω

380 3717 469 3773 τδν
523 3721 758 3792 σταυρὸν
802 3723 989 3787 αὑτοῦ,
1030 3725 1124 3778 καὶ
1168 3725 1531 3780 ἀκολουθείτω
1566 3745 1676 3798 μοι.
1709 3747 1727 3781 ι
1758 3731 1876 3783 Ὅτι
1900 3730 1956 3784 δὲ

381 3814 490 3876 τοῖς
523 3814 690 3884 ἱεροῖς
743 3815 838 3869 καὶ
885 3815 1240 3898 ἡγιασμένοις
1285 3819 1734 3888 πρεπωδέστατόν
1772 3839 1831 3874 τε
1863 3823 1957 3875 καὶ

381 3905 576 3957 οίκεῖον
641 3906 722 3967 είς
777 3905 983 3976 ὄνησιν,
1041 3909 1324 3980 μονονουχὶ
1387 3909 1482 3963 καὶ⁸
1539 3912 1597 3964 ὲν
1657 3909 1956 3981 ὀφθαλμοῖς

382 3994 522 4064 ἔχειν
557 3996 648 4050 τὸν
672 3997 1011 4052 ἀποθανόντα
1037 4000 1270 4071 Χριστὸν
1293 4042 1308 4065 ,
1354 4001 1726 4073 ὕπεμφήνειεν
1763 4003 1848 4069 ἂν,
1867 4000 1958 4058 ’τὸ

381 4085 454 4150 ὡς
481 4089 538 4141 ὲν
565 4087 687 4158 ὕψει
722 4088 912 4158 ἱερέως
943 4093 1416 4161 κατασφάττεσθαι
1445 4093 1554 4146 δεῖν
1595 4095 1957 4166 νομοτεθῆσαι

380 4179 629 4249 δάμαλιν.
655 4181 786 4234 Ὅτε
815 4181 872 4236 δὲ
903 4185 1229 4255 μεμνήμεθα
1265 4186 1359 4239 τοῦ
1400 4187 1467 4240 δι’
1501 4188 1650 4257 ἡμᾶς
1681 4188 1775 4240 καὶ
1818 4189 1958 4262 ὑπὲρ

381 4270 538 4341 ἡμῶν
569 4269 930 4337 ἀποθανόντος
975 4276 1234 4344 Χριστοῦ,
1262 4275 1384 4330 τότε
1422 4275 1507 4347 δὴ,
1535 4277 1657 4329 τότε
1695 4274 1958 4346 μειζόνως

2054 3074 2266 3146 justitia
2289 3114 2305 3139 ,
2357 3072 2607 3128 Salvator
2643 3078 2700 3126 et
2738 3069 3064 3133 Liberator,
3109 3075 3281 3137 utque
3337 3066 3416 3120 ait
3449 3067 3641 3121 beatus

2057 3167 2279 3230 Paulus,
2317 3184 2334 3216 ι
2389 3172 2542 3219 extra
2589 3169 2800 3233 portam
2832 3173 3026 3230 passus
3057 3165 3141 3212 est
3170 3159 3238 3211 ²¹.
3282 3175 3300 3209 ι
3331 3155 3452 3224 Quo
3473 3156 3638 3212 etiam

2058 3257 2237 3320 nobis,
2279 3255 2478 3326 inquit,
2511 3255 2779 3319 eundum,
2820 3251 2980 3324 403
3008 3251 3075 3306 ad
3106 3248 3500 3320 improperium
3521 3250 3642 3319 ejus

2058 3347 2386 3419 portandum
2409 3389 2423 3412 ,
2453 3347 2559 3401 hoc
2598 3353 2716 3409 est,
2762 3359 2916 3398 suam
2968 3343 3234 3414 cujusque
3260 3355 3500 3397 crucem.
3528 3340 3641 3395 Hoc

2056 3461 2205 3517 enim
2237 3467 2294 3514 et
2334 3459 2448 3528 ipse
2477 3457 2725 3512 Salvator
2749 3454 2944 3526 jubet:
2977 3472 2995 3505 ι
3037 3452 3093 3508 Si
3137 3453 3261 3524 quis
3292 3453 3411 3507 vult
3450 3451 3639 3506 venire

2057 3560 2180 3624 post
2209 3568 2316 3617 me,
2349 3550 2582 3621 abneget
2610 3547 2851 3618 seipsum
2875 3588 2888 3612 ,
2918 3556 2974 3602 et
3011 3547 3164 3602 tollat
3205 3560 3424 3601 crucem
3461 3560 3638 3606 suam,

2056 3653 2112 3701 et
2139 3653 2404 3714 sequatur
2443 3659 2527 3696 me
2550 3643 2614 3695 ".
2646 3661 2664 3692 ι
2701 3639 2856 3706 Quod
2901 3655 3034 3694 vero
3069 3638 3296 3694 sacratis
3323 3635 3642 3692 hominibus

2057 3754 2120 3793 ac
2142 3735 2492 3791 sanctificatis
2525 3732 2974 3788 decentissimum
3007 3745 3071 3784 ac
3110 3729 3391 3799 proprium
3424 3727 3491 3781 ad
3522 3743 3641 3782 me-

2056 3830 2233 3885 delam
2261 3829 2351 3890 sit,
2379 3825 2775 3897 propemodum
2820 3825 2876 3878 in
2911 3822 3086 3878 oculis
3109 3819 3388 3876 Christum
3419 3835 3640 3888 passum

2058 3929 2300 3992 gestare,
2349 3919 2478 3972 hinc
2533 3924 2813 3985 appareat,
2869 3913 2995 3984 quia
3031 3913 3085 3966 in
3127 3911 3304 3967 oculis
3339 3912 3640 3966 sacerdotis

2059 4014 2175 4084 lege
2209 4011 2281 4065 sit
2311 4008 2626 4064 ordinatum
2652 4007 2942 4076 iuvencam
2975 4003 3130 4058 cmdi.
3175 4001 3312 4056 Cum
3359 4017 3494 4057 vero
3521 4017 3638 4056 me—

2056 4103 2317 4158 minimus
2329 4099 2534 4174 Christi
2550 4104 2773 4168 propter
2790 4111 2891 4150 nos
2907 4103 2961 4150 et
2977 4110 3074 4165 pro
3099 4093 3257 4148 nobis
3279 4094 3468 4158 occisi,
3485 4102 3640 4162 tunc,

2057 4204 2206 4259 tunc,
2234 4191 2454 4262 inquam
2477 4230 2492 4254 ,
2540 4188 2737 4243 melius
2758 4201 2882 4241 cum
2907 4193 3131 4255 stupore
3175 4199 3365 4240 sumus
3397 4184 3639 4239 admira-

2059 4287 2165 4344 turi
2193 4284 2439 4340 divinum
2465 4280 2694 4336 Paulum
2733 4274 2893 4331 nobis
2938 4276 3014 4330 ita
3051 4274 3119 4330 de
3163 4276 3281 4345 ipso
3307 4275 3637 4330 eoneionan-

383 4361 838 4433 κατατεθήπαμεν
895 4365 985 4419 τὸν
1040 4364 1324 4419 θεσπέσιον
1375 4369 1506 4438 ἡμῖν
1563 4368 1952 4438 ὐποφωνοῦντα

2060 4389 2170 4435 tem
2193 4395 2206 4430 :
2243 4395 2259 4426 ι
2282 4375 2436 4431 Unus
2461 4386 2562 4442 pro
2578 4368 2835 4424 omnibus
2863 4373 3116 4420 mortuus
3144 4373 3228 4420 est
3263 4365 3517 4420 Christus
3539 4407 3551 4427 ,
3580 4373 3640 4419 ut

384 4453 592 4507 Παῦλον
622 4455 750 4525 περὶ
782 4455 969 4510 αὑτοῦ·
1009 4476 1027 4508 ι
1054 4453 1148 4520 Εἷς
1177 4457 1283 4526 γὰρ
1321 4459 1461 4528 ὑπὲρ
1504 4459 1720 4514 πάντων
1751 4460 1957 4514 ἀπέθα-

382 4562 492 4611 νεν,
530 4546 617 4600 ῖνα
653 4549 703 4600 οἱ
738 4547 974 4612 ζῶντες,
1011 4551 1208 4620 μηκέτι
1247 4552 1457 4615 ἑαυτοῖς
1489 4551 1678 4618 ζῶσιν,
1711 4555 1847 4609 ἀλλὰ
1879 4554 1957 4626 τῷ

381 4635 521 4705 ὑπὲρ
572 4636 728 4706 ἡμῶν
762 4637 1084 4692 ἀποθανόντι
1116 4638 1210 4691 καὶ
1236 4640 1536 4710 ἐγερθέντι.
1569 4661 1586 4693 ι
1623 4645 1732 4697 Καὶ
1770 4644 1956 4699 πάλινο

387 4749 403 4779 ι
428 4728 571 4795 Ἐγὼ
592 4729 700 4800 γὰρ
724 4730 811 4783 διά
839 4731 1005 4802 νόμου
1033 4732 1183 4802 νόμῳ
1212 4732 1501 4798 ἀπέθανον,
1526 4733 1614 4786 ἶνα
1641 4735 1758 4807 Θεῷ
1786 4735 1957 4808 ζήσω,

381 4819 600 4890 Χριστῷ
628 4821 1102 4893 συνεσταύρωμαι.
1137 4822 1224 4877 Ζῶ
1260 4823 1316 4876 δὲ
1358 4825 1535 4878 οὐκέτ’
1559 4826 1691 4894 ἐγὼ,
1723 4827 1788 4898 ζῇ
1818 4828 1873 4881 δὲ
1895 4830 1952 4882 ὲν

381 4913 504 4982 ἐμοὶ
551 4915 804 4985 Χριστός.
841 4915 906 4968 Ὃ
939 4915 996 4968 δὲ
1027 4916 1104 4980 ζῶ
1142 4917 1199 4968 ὲν
1237 4917 1422 4988 σαρκὶ,
1458 4919 1515 4972 ἐν
1555 4919 1733 4972 πίστει
1780 4919 1856 4982 ζῶ
1887 4923 1953 4991 τῇ

379 5002 472 5057 τοῦ
503 5003 630 5058 Υἱοῦ
663 5005 758 5059 τοῦ
781 5005 937 5068 Θεοῦ,
970 5006 1062 5060 τοῦ
1097 5008 1482 5079 ἀγαπήσαντός
1526 5027 1614 5080 με,
1649 5010 1743 5064 καὶ
1784 5029 1956 5082 παρα-

379 5096 559 5161 δόντος
587 5098 776 5151 ἑαυτὸν
820 5098 960 5167 ὑπὲρ
990 5099 1168 5168 ἡμῶν.
1207 5118 1224 5151 ι
1261 5099 1470 5154 Οὐκοῦν
1502 5100 1812 5172 προκείσθω
1837 5103 1958 5172 τρό-

2054 4478 2111 4525 ct
2138 4468 2232 4539 qui
2255 4467 2466 4529 vivunt,
2492 4478 2599 4517 non
2612 4462 2723 4532 jam
2740 4458 2844 4513 sibi
2868 4457 3074 4520 vivant,
3097 4455 3193 4510 sed
3215 4455 3266 4508 ei
3300 4455 3393 4524 qui
3421 4471 3520 4526 pro
3550 4457 3638 4525 ip-

2057 4560 2132 4616 sis
2148 4567 2399 4612 mortuus
2419 4561 2502 4610 est
2523 4561 2579 4608 et
2600 4547 2990 4605 resurrexit“.
3025 4568 3041 4599 ι
3076 4547 3145 4602 Ει
3171 4561 3428 4600 rursum:
3469 4564 3487 4596 ι
3524 4547 3638 4615 Ego

2057 4669 2156 4723 per
2173 4652 2348 4722 legem
2370 4646 2473 4718 legi
2506 4653 2753 4700 mortuus
2785 4657 2926 4705 sum,
2952 4647 3012 4694 ut
3035 4640 3146 4694 Deo
3185 4638 3383 4702 vivam,
3419 4637 3640 4694 Christo

2059 4742 2306 4798 confixus
2332 4754 2453 4793 sum
2475 4735 2648 4792 cruci.
2691 4735 2827 4789 Vivo
2854 4742 3038 4787 autem
3059 4732 3170 4803 jam
3207 4746 3314 4784 non
3343 4745 3464 4800 ego,
3504 4728 3640 4783 vivit

2059 4851 2192 4889 vero
2218 4835 2272 4887 in
2294 4847 2378 4887 me
2392 4829 2663 4886 Christus.
2689 4826 2845 4892 Quod
2862 4832 3048 4880 autem
3066 4836 3214 4877 nunc
3234 4823 3359 4876 vivo
3379 4821 3432 4874 in
3451 4836 3635 4884 carne,

2062 4925 2117 4978 in
2138 4922 2244 4977 ﬁde
2265 4921 2390 4974 vivo
2405 4919 2526 4973 Filii
2543 4918 2662 4980 Dei,
2676 4916 2769 4985 qui
2786 4914 2977 4970 dilexit
2995 4928 3102 4976 me,
3121 4921 3176 4966 et
3196 4910 3420 4966 tradidit
3436 4919 3637 4966 semct-

2065 5016 2242 5085 ipsum
2267 5027 2366 5081 pro
2380 5008 2540 5064 nobis
2567 5009 2662 5061 υ.»
2693 5006 2862 5076 igitur
2893 5013 3018 5058 ante
3042 5002 3230 5057 oculos
3256 5001 3457 5055 mentis
3480 5001 3640 5056 Cbri-

2056 5115 2200 5162 stum
2221 5118 2277 5158 sc
2294 5117 2396 5172 pro
2419 5099 2581 5155 nobis
2604 5096 2976 5151 immolantem
3005 5107 3395 5163 proponamus.
3428 5090 3519 5146 Sic
3546 5090 3639 5145 lict

384 5204 480 5242 πον
517 5189 641 5243 τινὰ
683 5192 794 5253 τοῖς
827 5191 926 5261 τῆς
970 5191 1210 5257 διανοίας
1252 5192 1462 5264 ὄμμασι
1495 5193 1590 5265 τὴν
1622 5194 1763 5265 ὑπὲρ
1800 5193 1952 5264 ἡμῶν

2056 5204 2116 5251 ιιι
2138 5193 2409 5255 vivamus,
2443 5205 2552 5244 non
2574 5189 2679 5258 ipsi
2702 5185 2888 5249 nobis,
2913 5184 3046 5254 quin
3069 5183 3254 5253 potius
3275 5183 3386 5237 Deo
3404 5223 3418 5245 ,
3453 5190 3640 5251 utpote

380 5281 667 5350 ὑπομένων
701 5283 935 5354 σφαγήν.
977 5283 1227 5354 Ζὴσομεν
1266 5284 1374 5354 γάρ
1404 5284 1577 5346 οὕτως
1611 5286 1821 5347 ἑαυτοῖς
1859 5285 1952 5356 μὲν

2053 5285 2256 5343 Christi
2286 5281 2551 5352 sanguine
2585 5277 2878 5347 redempti,
2905 5296 2922 5328 ‹
2947 5277 3040 5346 qui
3065 5275 3291 5331 tradidit
3318 5277 3582 5346 seipsum,
3613 5297 3630 5327 ι

381 5371 584 5439 οὐκέτι,
609 5373 728 5444 Θεῷ
775 5375 833 5428 δὲ
859 5375 1090 5446 μᾶλλον,
1124 5375 1198 5438 ὼς
1231 5376 1598 5447 ἠγορασμένοι
1647 5375 1724 5446 τῷ
1764 5376 1952 5446 αἵματι

2055 5387 2113 5430 ιιι
2125 5375 2235 5446 jam
2247 5373 2526 5444 Scriptura
2540 5377 2791 5428 testatur.
2804 5382 2934 5437 «pro
2949 5367 3124 5421 nobis.
3140 5386 3158 5418 ›
3173 5367 3433 5436 Praecepit
3455 5365 3662 5436 itaque.

380 5463 470 5516 τοῦ
501 5465 755 5535 Χριστοῦ,
780 5486 797 5518 ι
838 5467 930 5520 τοῦ
947 5467 1129 5530 δόντος
1156 5467 1346 5521 ἑαυτὸν
1386 5469 1526 5539 ὑπὲρ
1554 5467 1731 5540 ἡμῶν,
1765 5487 1782 5517 ι
1813 5467 1952 5522 κατά

2055 5463 2354 5520 sacerdotis
2387 5476 2551 5515 manu
2593 5473 2811 5513 sacrum
2841 5456 3106 5525 sanguine
3141 5456 3353 5526 aspergi
3384 5457 3639 5512 taberna-

450 5580 494 5612 "
524 5581 714 5637 lPetr.
764 5598 822 5647 ιι,
852 5581 941 5635 2‘2.
1020 5582 1062 5612 ¹⁹
1094 5581 1255 5637 Num.
1287 5600 1394 5649 six,
1447 5584 1499 5638 5.
1580 5584 1623 5616 ²⁰
1649 5583 1669 5638 ι
1695 5583 1840 5642 Petr.
1868 5598 1926 5649 ιι,

2084 5581 2123 5612 ¹¹
2164 5578 2328 5634 Hebr.
2364 5593 2476 5640 mu,
2518 5574 2697 5628 il—l5.
2763 5573 2803 5601 ²²
2839 5569 2971 5623 Luc.
3012 5585 3083 5634 ιι,
3115 5568 3204 5624 ‘25.
3280 5567 3390 5624 "ll
3418 5567 3546 5625 Cor.
3577 5585 3638 5635 ι,

389 5653 468 5708 15.
547 5654 591 5683 ’⁸
621 5652 794 5718 Galat.
835 5668 894 5719 ιι,
944 5652 1029 5719 19,
1067 5651 1155 5705 20.
