4052 6196
463 223 567 279 631

1455 229 1513 284 S.
1551 230 1824 288 CYRILLI
1862 234 2333 295 ALEXANDRIN!
2370 239 2688 299 ARCHIEP.

466 339 673 400 culum,
705 332 1116 408 idqiiesepties;
1143 339 1393 394 comburi
1428 357 1561 399 vero
1586 353 1754 402 totam
1788 345 2015 402 vitulam

2141 347 2241 415 τὰς
2276 349 2519 423 Γραφάς.
2547 352 2885 426 Προσέταττέ
2914 362 2977 425 γε
3016 356 3123 428 μὴν
3152 360 3217 430 τῇ
3247 357 3340 413 τοῦ
3369 357 3559 433 ἱερέως
3590 378 3710 432 χιι-

467 429 614 483 nulla
640 428 1027 500 illiusexcepta
1055 432 1304 501 corporis
1318 441 1493 503 parte,
1518 437 1615 492 sed
1637 454 1748 493 una
1766 452 1893 493 cum
1913 455 2039 496 car-

465 520 628 577 nibus
663 528 825 590 atque
848 524 1212 579 excrementis
1250 525 1450 595 pellem
1477 546 1491 585 :
1524 530 1767 603 itemque
1789 533 2039 603 corporis

465 608 691 679 reliqua.
734 610 1049 667 Sanctiﬁcat
1068 614 1216 668 enim
1243 614 1497 673 Christus
1534 632 1635 676 suo
1660 624 1924 693 sanguine
1946 640 2040 680 vc-

465 715 588 753 rum
619 700 1066 768 tabernaculum,
1106 706 1253 775 quod
1296 718 1381 763 est
1411 709 1674 778 Ecclesia,
1693 713 1867 785 idque
1915 732 2039 787 per-

463 789 603 845 fecte
626 830 641 855 ,
692 789 798 846 hoc
827 800 949 857 est,
1003 794 1222 850 abunde
1254 804 1311 852 et
1359 800 1667 869 epulenter.
1700 804 1781 871 ιιι,
1816 806 2033 876 opinor,

463 878 751 949 signiﬁcat,
785 882 988 951 septies
1010 884 1146 939 illud
1172 889 1571 959 aspergendum
1591 906 1713 949 esse
1748 895 2034 965 sanguine.

462 968 818 1038 Septenarius
840 973 988 1026 enim
1015 990 1280 1031 numerus
1301 977 1671 1047 perfectorum
1692 992 1778 1038 est
1794 983 2032 1055 signum.

462 1058 587 1128 igne
619 1059 688 1115 ad
711 1060 829 1116 haec
846 1063 1139 1132 iuvencam
1184 1074 1307 1135 post
1338 1071 1727 1126 mactationem
1757 1074 2031 1140 comburi,

461 1149 707 1207 indicare
733 1153 1116 1222 probationem
1139 1156 1207 1210 ad
1232 1167 1467 1214 mortem
1499 1177 1702 1232 usque,
1734 1180 1902 1234 quam
1932 1180 2037 1236 pro

459 1241 616 1299 nobis
656 1241 911 1299 Christus
951 1246 1232 1311 sustinuit,
1268 1249 1508 1306 videtur.
1543 1254 1847 1325 Argentum
1883 1259 2035 1313 enim

458 1331 515 1387 in
555 1332 680 1401 igne
709 1335 997 1403 probatur,
1049 1344 1112 1392 ut
1154 1340 1336 1411 regius
1386 1342 1595 1399 Psaltes
1624 1348 1771 1402 canit
1800 1365 1813 1401 :
1858 1367 1875 1401 ι
1901 1349 2035 1405 Pro-
2060 1370 2073 1383 ν

458 1422 599 1477 basti
619 1439 742 1488 nos,
763 1425 909 1481 Deus
935 1445 949 1494 ;
979 1428 1103 1499 igne
1127 1444 1229 1485 nos
1251 1434 1575 1491 examinasti
1604 1477 1617 1498 ,
1660 1439 1803 1494 sicut
1824 1441 2033 1495 exami~

457 1522 619 1570 natur
664 1526 954 1588 argentum
976 1522 1042 1577 ".
1087 1542 1107 1575 ι
1151 1523 1478 1584 Obedientia
1523 1544 1658 1583 vero
1697 1530 1764 1584 ad
1798 1531 2033 1588 mortem

2142 443 2218 513 ρὶ,
2249 445 2708 516 καταρῤαίνεσθαι
2760 446 2840 518 τῷ
2890 448 3080 518 αἵματι
3135 449 3233 519 τὴν
3282 451 3447 518 ἀγίαν
3481 453 3706 523 σκηνὴν,

2139 535 2234 588 καὶ
2260 534 2417 589 τοῦτο
2439 536 2669 601 ἑπτάκις
2690 554 2706 570 ·
2738 539 3228 611 καταπίμπρασθαι
3252 541 3310 594 δὲ
3330 542 3428 612 τὴν
3455 540 3707 612 δάμαλιν,

2137 619 2349 684 οὐδενὸς
2378 622 2438 674 τὸ
2477 622 2698 693 σύμπαν
2740 624 3142 697 ὲκϐεὸλημὲνου
3168 628 3277 681 τῶν
3301 630 3401 683 ὅσα
3440 631 3586 684 ἐστὶν
3613 633 3711 685 αὐ-

2136 710 2237 780 τῆς
2255 727 2270 743 ·
2303 711 2418 766 ἀλλ’
2441 713 2576 785 όμοῢ
2604 717 2716 779 τοῖς
2748 714 2941 787 κρέασι
2970 718 3062 771 καὶ
3089 718 3300 790 κόπρῳ,
3326 719 3386 772 τὸ
3411 719 3583 791 δέρμα
3612 724 3708 776 καὶ

2136 800 2206 854 τά
2241 800 2402 856 λοιπά
2442 802 2535 858 τοῦ
2572 804 2839 876 σώματος.
2886 808 3125 877 Ἀγιάζει
3163 809 3273 882 γάρ
3300 813 3329 865 6
3366 812 3599 882 Χριστὸς
3629 814 3708 884 τῷ

2141 891 2254 962 ἰδίῳ
2284 893 2475 965 αἵματι
2503 894 2600 967 τὴν
2629 896 2995 968 ἀληθεστέραν
3033 901 3257 970 σκηνὴν,
3298 900 3564 965 τουτέστι,
3605 903 3705 973 τὴν

2151 984 2479 1057 Ἐκκλησίαν
2503 1004 2516 1019 ·
2542 985 2830 1055 ἀγιάζειδὲ
2857 988 3097 1054 τελείως,
3122 992 3386 1056 τουτέστι,
3412 993 3701 1057 πλουσίως.

2137 1075 2306 1131 Τοῦτο
2336 1076 2463 1147 γὰρ,
2491 1072 2645 1148 οἶμαι
2669 1119 2685 1145 ,
2718 1080 2832 1134 ἔστι
2866 1079 2927 1134 τὸ
2963 1081 3194 1144 ἑπτάκις
3232 1082 3307 1152 τῷ
3351 1084 3546 1153 αἵματι
3599 1101 3702 1137 κα-

2134 1169 2523 1241 ταρῤαίνεσθαι
2552 1170 2651 1240 τὴν
2678 1174 2899 1243 σκηνήν.
2934 1172 3283 1245 Τελειότητος
3309 1174 3367 1229 δὲ
3399 1178 3645 1246 σημεῖον,
3674 1178 3704 1230 6

2138 1261 2330 1333 μέχρις
2367 1260 2503 1315 ἑπτὰ
2539 1263 2796 1332 προήκων
2839 1262 3089 1335 ἀριθμός.
3119 1266 3191 1318 Τὸ
3233 1265 3289 1319 δέ
3330 1282 3394 1334 γε
3445 1267 3578 1336 πυρὶ
3604 1266 3702 1339 τὴν

2134 1351 2365 1421 δάμαλιν
2413 1353 2908 1425 καταπίμπρασθαι
2950 1355 3087 1425 μετά
3125 1355 3221 1427 τὴν
3256 1357 3490 1426 σφαγὴν,
3526 1359 3702 1428 ὑπεμ-

2134 1441 2344 1511 φαίνειν
2399 1442 2542 1497 ἔοικε
2585 1444 2684 1515 τὴν
2747 1444 2907 1516 μέχρι
2975 1445 3201 1501 Θανάτου
3252 1448 3595 1519 δοκιμασίαν,
3636 1450 3703 1520 ἣν

2136 1532 2273 1604 ὑπὲρ
2294 1533 2448 1603 ἡμῶν
2474 1533 2677 1604 ὑπέστη
2700 1535 2953 1605 Χριστός.
2980 1537 3343 1607 Δοκιμάζεται
3360 1539 3468 1611 γὰρ
3491 1540 3548 1594 ὲν
3569 1541 3703 1611 πυρὶ

460 1621 631 1675 usque
674 1609 928 1678 probavit
973 1613 1382 1682 quodammodo
1419 1619 1701 1676 Christum
1726 1662 1740 1686 ,
1787 1632 1850 1677 ut
1884 1624 2017 1680 εἰσιν(

2132 1624 2192 1677 τὸ
2221 1625 2501 1695 ἀργύριον,
2549 1627 2694 1680 κατά
2739 1627 2800 1680 τὸ
2846 1631 2903 1681 ὲν
2947 1629 3196 1700 Ψαλμοῖς
3225 1609 3593 1701 ὑμνούμενον,
3622 1609 3701 1687 ὅτι

458 1699 609 1765 hinc,
641 1699 861 1770 opinor,
897 1702 1317 1766 animadvertas.
1344 1710 1413 1764 Et
1439 1711 1555 1780 ipse
1586 1683 1735 1766 alibi.
1756 1713 2017 1770 Zacharia

2139 1728 2157 1762 ι
2209 1683 2567 1783 Ἐ’δοκίμασας
2615 1715 2781 1784 ἡμᾶς,
2830 1718 2859 1770 6
2907 1683 3597 1792 Θεὸς,.ὲπύρωσας“ήμές;

461 1794 741 1865 propheta:
769 1811 902 1853 voce
924 1798 1001 1853 ait
1016 1798 1129 1855 fere
1149 1801 1216 1856 ad
1230 1803 1557 1872 justiﬁeatos
1576 1806 1630 1860 in
1652 1807 1776 1871 ﬁde,
1794 1808 1899 1865 hoc
1922 1816 2027 1875 est,

455 1898 555 1952 pro
573 1883 775 1953 quibus
804 1894 1037 1941 mortem
1063 1891 1295 1960 oppetiit
1320 1909 1333 1945 :
1370 1910 1389 1943 ‹
1412 1892 1479 1946 Ει
1509 1893 1687 1950 dicam
1708 1894 1777 1948 ad
1804 1910 1899 1950 eos
1925 1913 1938 1950 :
1972 1896 2031 1952 Si

456 1974 659 2029 bonum
686 1984 770 2030 est
791 1974 956 2049 404
993 1977 1050 2032 in
1082 1989 1378 2050 conspectu
1427 1992 1627 2048 vestro,
1669 1985 1794 2041 date
1820 2001 2029 2042 merce-

452 2064 578 2121 dem
620 2081 830 2133 meam;
879 2079 975 2124 aut
1005 2071 1270 2127 remittite
1299 2073 1363 2128 ²⁶.
1393 2093 1411 2125 ι
1469 2074 1652 2145 Pergit
1694 2076 1962 2146 propheta
2008 2094 2023 2132 :

458 2175 478 2209 ι
505 2158 574 2212 Et
597 2166 908 2215 statuerunt
940 2162 1249 2217 mercedem
1277 2179 1454 2219 meam
1477 2166 1700 2237 triginta
1715 2177 2022 2240 argenteos.

450 2248 519 2325 lit
561 2248 699 2305 dixit
737 2250 1002 2308 Dominus
1026 2254 1092 2308 ad
1128 2270 1214 2310 me
1245 2273 1258 2309 :
1292 2256 1513 2327 Depone
1548 2274 1644 2314 eos
1675 2259 1733 2314 in
1766 2261 2027 2317 conﬂato-

451 2340 614 2405 rium,
634 2349 690 2398 et
710 2342 1073 2399 considerabo
1089 2344 1133 2400 si
1155 2347 1450 2416 probatum
1469 2357 1574 2414 est,
1602 2350 1745 2405 sicut
1760 2352 2043 2422 probatus-

448 2447 569 2487 sum
597 2433 666 2488 ab
697 2434 767 2489 iis
790 2435 858 2488 ".
897 2453 917 2486 ι
953 2434 1094 2491 llinc
1134 2448 1361 2508 apparet
1398 2440 1545 2496 clare
1587 2442 1656 2497 ad
1707 2449 2021 2499 extremum

450 2537 621 2592 usque
656 2523 911 2593 spiritum
945 2526 1237 2595 probatum
1279 2544 1401 2585 esse
1445 2530 1754 2600 Christum,
1789 2542 1854 2589 ut
1901 2534 2023 2606 igne

446 2611 536 2668 hic
553 2613 830 2669 exurenda
856 2623 981 2685 post
998 2618 1386 2673 mactationem
1414 2620 1584 2677 vitula
1610 2621 1733 2677 fuit.
1758 2623 1867 2679 Sed
1884 2624 2021 2679 nihil

442 2717 512 2759 ex
560 2717 626 2758 ea
657 2703 1046 2776 abjiciendum.
1094 2709 1266 2765 Totus
1307 2712 1456 2766 enim
1498 2724 1722 2770 sanctus
1769 2714 2023 2772 Christus

442 2800 559 2861 est,
601 2801 659 2851 et
687 2812 882 2854 carnes
928 2800 1217 2872 pellisque,
1266 2802 1371 2860 hoc
1415 2814 1522 2872 est,
1553 2816 1663 2863 tam
1710 2824 1832 2880 quae
1880 2818 2021 2865 tecta

443 2895 602 2953 sunt,
647 2903 812 2958 quam
858 2906 981 2961 qum
1034 2903 1222 2964 aperta
1283 2905 1338 2952 et
1398 2898 1579 2954 obvia.
1626 2900 1833 2956 Natura
1871 2902 2021 2957 enim

2132 1801 2396 1873 πυροῦται
2451 1803 2515 1857 τὺ
2568 1804 2849 1877 ἀργύριον.
2909 1825 2928 1859 ι
2968 1808 3089 1862 Ὀτι
3126 1808 3182 1862 δὲ
3229 1809 3296 1863 δι’
3329 1810 3574 1880 ὑπακοῆς
3602 1812 3701 1883 τῆς

2133 1894 2293 1964 μέχρι
2313 1893 2542 1949 θανάτου
2567 1895 2953 1968 δεδοκίμασται
2981 1900 3182 1970 τρόπον
3225 1902 3346 1957 τινὰ
3382 1905 3413 1957 6
3438 1903 3697 1974 Χριστὸς,

2128 1984 2417 2052 ὲκδείξειεν
2472 1984 2538 2040 ἂν
2581 1986 2682 2040 οὐκ
2728 1988 3065 2057 ἀσυμφανῶς
3127 1991 3322 2057 ἐκεῖνο,
3376 1988 3528 2061 οἶμαί
3575 2009 3697 2046 που.

2131 2076 2273 2147 Ἔφη
2307 2077 2405 2146 μὲν
2439 2074 2547 2147 γάρ
2578 2094 2682 2129 που
2726 2075 2815 2130 διὰ
2845 2079 3027 2148 φωνῆς
3072 2079 3342 2151 Ζαχαρίου
3374 2080 3464 2132 τοῦ
3492 2082 3699 2152 προφή-

2124 2184 2239 2232 του,
2264 2169 2406 2238 τάχα
2446 2186 2545 2221 που
2586 2169 2722 2240 πρὸς
2753 2170 2880 2233 τοὺς
2921 2171 2978 2225 ὲν
3006 2170 3183 2224 πίστει
3218 2171 3693 2242 δεδικαιωμένους,

2125 2260 2290 2331 ἤγουν
2318 2259 2457 2331 ὑπὲρ
2507 2252 2584 2314 ὧν
2638 2261 2905 2315 ἀπέθανεο
2940 2280 2959 2315 ι
2998 2262 3107 2316 Καὶ
3155 2262 3266 2334 ἐρῶ
3307 2263 3444 2335 πρὸς
3482 2263 3694 2327 αὐτούς’

2124 2351 2186 2405 Et
2233 2338 2399 2405 καλδν
2443 2350 2671 2405 ἐνώπιον
2708 2352 2861 2423 ὑμῶν
2910 2355 3047 2416 ἔστι,
3093 2353 3216 2406 δότε
3266 2355 3561 2425 στήσαντες
3606 2354 3713 2409 τὸν.

2127 2442 2317 2512 μισθόν
2347 2459 2470 2514 μου,
2506 2442 2538 2514 ἢ
2569 2443 2897 2499 ἀπείπασθε.
2933 2462 2954 2497 ι
2987 2441 3122 2499 Εἶτά
3150 2461 3314 2515 φησιν
3340 2446 3369 2498 6
3391 2448 3692 2519 προφήτης·

2131 2554 2149 2586 ι
2178 2534 2285 2588 Καὶ
2312 2533 2546 2605 ἔστησαν
2565 2535 2660 2589 τὸν
2687 2532 2887 2604 μισθόν
2904 2553 3027 2608 μου,
3049 2536 3348 2608 τριάκοντα
3375 2537 3694 2610 ἀργυρίους.

2123 2628 2234 2683 Καὶ
2261 2625 2383 2683 εἷπε
2415 2627 2617 2700 Κύριος
2642 2629 2779 2701 πρός
2819 2645 2911 2699 με’
2947 2629 3127 2693 Κάθες
3171 2631 3366 2693 αὐτοὺς
3398 2632 3480 2690 είς
3502 2630 3564 2681 τὸ
3592 2646 3697 2699 χω·

2122 2721 2431 2795 νευτήριον,
2471 2718 2566 2776 καὶ
2616 2718 2810 2789 σκέψαι
2843 2721 2891 2773 εἰ
2924 2720 3144 2791 δόκιμόν
3196 2723 3376 2784 ἐστιν,
3409 2720 3468 2774 ὃν
3494 2721 3697 2789 τρόπον

2123 2811 2487 2884 ἐδοκιμάσθην
2514 2812 2657 2881 ὑπὲρ
2698 2811 2896 2866 αὐτῶν.
2928 2809 3167 2866 »Οὐκοῦν
3196 2812 3571 2883 ὑπεμφὴνειεν
3594 2809 3691 2875 ἃν,

2118 2903 2194 2968 ὡς
2232 2903 2388 2974 ἔφην,
2431 2903 2493 2957 τὸ
2528 2904 2693 2975 μέχρι
2740 2902 2972 2957 θανάτου
3012 2901 3397 2974 δεδοκιμάσθαι
3436 2901 3689 2974 Χριστὸν,

443 2978 606 3042 Deus,
632 2988 717 3035 est
745 2981 909 3037 homo
926 2983 1123 3051 factus,
1159 2986 1255 3043 sed
1298 2992 1509 3059 peccati
1549 3007 1746 3061 expers
1767 2994 2012 3048 omnino.

2119 2995 2180 3047 τὸ
2237 2996 2370 3066 πυρὶ
2421 2995 2521 3066 τὴν
2575 2993 2805 3064 δάμαλιν
2858 2993 3351 3065 καταπίμπρασθαι
3402 2993 3541 3064 μετά
3593 2991 3695 3063 τὴν

439 3069 737 3125 Cedrinum
779 3081 961 3130 autem
992 3076 1219 3146 lignum,
1268 3088 1323 3133 et
1360 3080 1647 3152 hyssopus,
1677 3089 1733 3138 et
1760 3084 2014 3151 coccinea

441 3161 576 3216 vitta
598 3177 692 3217 seu
720 3162 872 3219 ﬁlum
891 3167 1063 3222 cineri
1098 3169 1442 3239 injiciuntur;
1470 3174 1618 3227 cedri
1649 3175 1797 3244 ligno
1828 3175 2014 3231 ineor-

442 3255 751 3323 ruptionem
788 3256 949 3312 nobis
978 3260 1296 3329 designante
1347 3262 1541 3333 (vincit
1571 3265 1720 3319 enim
1770 3266 2013 3336 putrefa-

439 3344 678 3399 ctionem
733 3346 994 3418 cedrus);
1031 3349 1268 3420 hyssopo
1334 3359 1518 3407 autem
1574 3356 1953 3425 purgationem
1995 3374 2013 3412 :

420 3434 608 3490 herba
639 3435 788 3490 enim
840 3436 956 3493 haec
987 3439 1334 3512 abstergendi
1358 3445 1471 3499 vim
1512 3443 1698 3513 habet,
1733 3456 1789 3502 et
1835 3448 2013 3505 visee-

439 3530 559 3577 rum
594 3524 968 3583 immunditias
1006 3544 1103 3584 sua
1133 3538 1333 3588 natura
1378 3534 1667 3604 tabefacit;
1694 3540 2011 3597 coccineum

435 3629 565 3669 vero
603 3614 755 3671 ﬁlum
798 3616 1068 3689 signiﬁcat
1095 3621 1259 3678 Verbi
1307 3624 1738 3685 incarnationem
1772 3650 1785 3685 :
1824 3632 2009 3704 impli-

433 3705 603 3760 citum
635 3706 783 3762 enim
839 3711 995 3780 quasi
1040 3714 1190 3770 carni
1230 3724 1286 3772 et
1327 3720 1577 3789 sanguini
1618 3721 1860 3778 Verbum
1893 3736 2005 3794 est;

431 3796 720 3865 probatum
738 3815 870 3856 vero
886 3812 1113 3874 propter
1132 3821 1231 3862 nos
1250 3808 1414 3863 etiam
1442 3810 1497 3865 in
1528 3811 1673 3882 igne,
1701 3822 1757 3869 et
1771 3816 1839 3871 ad
1864 3832 2013 3871 mor-

433 3898 541 3945 tem
583 3908 777 3963 usque,
808 3901 870 3949 ut
908 3896 1020 3966 jam
1045 3896 1303 3954 diximus.
1336 3899 1443 3958 Sed
1478 3905 1597 3975 ejus
1626 3908 1807 3976 passio
1836 3918 1893 3964 et
1921 3910 2006 3966 in-

429 3984 761 4040 carnationis
787 3987 980 4042 modus
1004 3988 1475 4063 incorruptionem
1501 3997 1661 4053 nobis
1680 3999 2006 4068 puritatem-

428 4088 536 4141 que
578 4076 913 4133 conciliavit.
969 4081 1262 4139 Justiﬁcati
1304 4086 1453 4141 enim
1498 4104 1689 4145 sumus
1751 4090 1807 4145 in
1848 4092 2001 4162 ipso,

426 4168 595 4222 animi
641 4176 699 4224 et
747 4171 1019 4227 viscerum
1058 4177 1316 4233 sordibus
1369 4181 1571 4247 elutis,
1615 4185 1890 4254 siquidem
1920 4196 2006 4243 est

427 4273 555 4313 vere
602 4259 660 4313 in
689 4259 1019 4331 baptismate
1062 4266 1227 4328 salus.
1269 4276 1324 4322 et
1368 4273 1627 4339 potentiae
1669 4291 1780 4330 non
1821 4278 2005 4331 carnis

2119 3084 2352 3156 σφαγὴν.
2404 3085 2551 3155 Πλὴν
2605 3086 2759 3140 οὐδὲν
2803 3086 3108 3157 ἀπόϐλητον
3150 3085 3339 3155 αὐτῆς.
3377 3084 3537 3147 Ὀλος
3583 3082 3695 3155 γὰρ

2118 3177 2272 3244 ἅγιος
2315 3177 2345 3229 6
2387 3177 2643 3248 Χριστὸς,
2673 3179 2769 3232 καὶ
2810 3177 2881 3231 τὰ
2912 3177 3073 3249 κρέα,
3105 3176 3281 3231 καὶτὸ
3316 3175 3511 3248 δέρμα,
3538 3192 3693 3229 τουτ-

2118 3265 2255 3327 έστι,
2283 3264 2353 3318 τά
2377 3281 2434 3318 τε
2468 3266 2527 3319 ὲν
2553 3266 2926 3337 κατακαλύψει
2952 3267 3331 3338 κεκρυμμένα,
3361 3265 3457 3318 καὶ
3485 3264 3555 3318 τά
3591 3264 3692 3334 ἑμ-

2116 3354 2257 3424 φανῆ
2313 3357 2406 3408 καὶ
2453 3356 2737 3426 πρόχειρα.
2778 3356 2911 3419 Θεὸς
2976 3357 3085 3428 γὰρ
3124 3352 3192 3426 ἦν
3239 3355 3418 3423 φύσει,
3451 3352 3690 3422 γεγονὼς

2113 3444 2235 3499 καθ’
2272 3448 2441 3517 ἡμᾶς
2474 3445 2614 3517 πλὴν
2663 3447 2764 3500 οὐκ
2810 3447 2966 3511 εἰδὼς
2998 3448 3291 3518 ἁμαρτίαν.
3341 3446 3600 3518 Κέδρινον
3633 3444 3691 3498 δὲ

2113 3536 2288 3603 ξύλον,
2320 3539 2411 3592 καὶ
2449 3538 2547 3609 μέν
2570 3555 2651 3592 τοι
2682 3539 2775 3593 καὶ
2809 3536 3082 3603 ὖσσωπος,
3116 3540 3210 3593 καὶ
3240 3538 3471 3608 κλῶσμα
3499 3537 3690 3590 κόκκι-

2112 3646 2222 3689 νον,
2255 3627 2585 3699 ὲμὸάλλεται
2618 3631 2685 3701 τῇ
2720 3628 2932 3700 σποδῷ,
2978 3629 3072 3684 τοῦ
3122 3629 3222 3701 μὲν
3264 3629 3545 3697 κεδρίνου,
3591 3627 3692 3699 τὴν

2113 3719 2421 3792 ἀφθαρσίαν
2448 3721 2675 3784 ἀστείως
2699 3722 2831 3790 ἡμῖν
2857 3719 3289 3790 ὑπεμφαίνοντος
3309 3736 3323 3750 ·
3351 3719 3567 3789 σήψεως
3582 3718 3691 3789 γὰρ

2111 3809 2347 3880 ἀμείνων
2380 3810 2413 3881 ὴ
2457 3810 2666 3884 κέδρος
2705 3810 2803 3879 τῆς
2836 3810 2891 3863 δὲ
2929 3809 3205 3875 ὑσσώπου,
3236 3808 3336 3880 τὴν
3377 3809 3648 3880 κάθαρσιν
3670 3825 3685 3838 ο

2113 3900 2388 3973 σμηκτικὴ
2419 3901 2526 3973 γὰρ
2549 3904 2582 3972 ἡ
2613 3900 2741 3967 πόα,
2759 3901 2856 3954 καὶ
2878 3901 2976 3965 τὰς
3001 3903 3059 3954 ἐν
3085 3900 3412 3970 σπλάγχνοις
3439 3898 3689 3970 ἀκαθαρ-

2111 3994 2230 4058 σίας
2261 3994 2574 4064 ἐκτήκουσα
2608 3992 2874 4064 φυσικῶς·
2915 3992 3009 4047 τοῦ
3049 3992 3106 4047 δὲ
3143 3993 3401 4047 κοκκίνου
3429 3989 3686 4061 κλώσμα-

2108 4103 2217 4151 τος,
2249 4085 2348 4158 τὴν
2385 4085 2522 4162 πρρς
2556 4086 2736 4155 σάρκα
2764 4084 2858 4138 τοῦ
2897 4084 3072 4154 Λόγου
3105 4084 3408 4156 συνδρομὴν
3446 4079 3506 4137 εὖ
3540 4082 3687 4153 μάλα

2108 4178 2641 4250 κατασημαίνοντος’
2674 4178 2949 4249 ὲνεπλάκη
2994 4177 3103 4249 γάρ
3134 4176 3325 4247 ὥσπερ
3352 4177 3382 4228 6
3408 4175 3581 4243 Λόγος
3615 4174 3682 4245 τῇ

2109 4270 2271 4342 σαρκὶ
2309 4270 2402 4325 καὶ
2443 4270 2658 4340 αἵματι,
2692 4268 3073 4340 δεδοκίμασται
3101 4268 3159 4321 δὲ
3192 4268 3260 4324 δι’
3294 4264 3442 4337 ἡμᾶς
3472 4266 3567 4319 καὶ
3595 4264 3687 4319 διὰ

425 4348 670 4404 sordium
697 4350 990 4422 depositio,
1020 4355 1114 4411 sed
1137 4359 1488 4417 conscientia:
1514 4362 1673 4420 bona:
1700 4366 2006 4440 interroga-

2119 4360 2278 4432 πυρὸς
2314 4359 2410 4414 καὶ
2455 4361 2618 4432 μέχρι
2661 4359 2915 4424 θανάτου,
2965 4358 3219 4430 καθάπερ
3268 4357 3404 4428 ἔφην
3434 4356 3681 4425 ἔναγχος.

424 4444 500 4497 tio
532 4442 589 4497 in
627 4444 800 4500 Deum
827 4463 840 4499 :
866 4462 966 4517 per
991 4463 1154 4518 quem
1193 4450 1522 4509 delictorum
1562 4459 1818 4515 remissio
1861 4459 2001 4517 facta

410 4540 538 4599 est,
591 4544 856 4605 sequente
901 4539 1126 4594 omnino
1193 4541 1318 4597 ﬁdei
1383 4545 1760 4606 confessiones
1806 4554 1999 4622 gratia.

419 4627 561 4693 Quin
604 4642 740 4683 vero
772 4640 1024 4688 mortuus
1063 4648 1165 4703 pro
1195 4635 1358 4692 nobis
1389 4637 1642 4696 Christus
1666 4642 1810 4696 viam
1844 4652 2000 4714 pate-

420 4716 612 4772 fecerit
659 4716 729 4771 ad
776 4717 1247 4790 incorruptionem
1283 4726 1585 4798 vitamque,
1616 4731 1846 4787 dubium
1878 4749 1999 4790 esse

422 4814 598 4876 potest
617 4809 845 4865 nemini.
905 4810 1009 4879 Qui
1047 4822 1231 4871 autem
1288 4817 1513 4874 vitulam
1574 4821 1912 4889 combussit,
1943 4833 1999 4880 et

417 4899 593 4954 cineri
626 4901 848 4958 miscuit
894 4902 1102 4974 lignum
1130 4907 1437 4976 cedrinum,
1472 4920 1530 4966 et
1570 4911 1891 4984 hyssopum,
1933 4931 1998 4973 ac

418 4989 703 5045 coccinum
723 5032 738 5058 ,
770 5001 934 5064 atque
982 4995 1120 5050 adeo
1165 4997 1409 5054 cinerem
1441 5001 1701 5070 colligens
1726 5043 1740 5066 ,
1773 5004 1995 5074 impuri,

417 5080 619 5151 inquit,
668 5092 799 5139 sunt
847 5103 1021 5158 usque
1056 5088 1123 5142 ad
1174 5104 1496 5159 vesperam;
1527 5092 1631 5147 etsi
1665 5093 1793 5148 lotis
1828 5096 1997 5150 vesti-

416 5174 615 5229 mentis
644 5178 861 5247 purgati
902 5187 1065 5248 atque
1097 5180 1290 5235 mundi
1341 5190 1558 5245 essent;
1606 5183 1723 5253 lege
1762 5183 1995 5241 fortasse

415 5264 729 5323 declarante
754 5267 1006 5324 humana;
1033 5269 1466 5327 imbellicilatem
1484 5281 1712 5339 naturas,
1741 5275 1991 5345 etquod,

416 5353 460 5407 si
483 5364 740 5412 accurate
756 5357 1141 5430 subtiliterque
1163 5371 1350 5416 nostra
1366 5373 1695 5429 scrutemur,
1708 5380 1870 5420 nemo
1885 5381 1993 5421 non

416 5448 846 5516 reprehensione
868 5450 1085 5522 dignus,
1114 5452 1365 5524 quisquis
1393 5453 1459 5509 ad
1488 5455 1903 5513 sacriﬁcandum
1924 5459 1995 5514 sit

478 5624 525 5657 ’⁵
553 5625 694 5682 Psal.
736 5642 856 5697 va,
912 5630 991 5685 10.
1070 5631 1360 5690 "Zachar.
1403 5652 1475 5699 xx,
1510 5636 1607 5695 Η.
1654 5639 1695 5671 ’⁷
1721 5636 1879 5706 ibid.,
1916 5637 1996 5693 l5.

2113 4450 2251 4505 Ἀλλ’
2284 4447 2350 4522 ἦν
2381 4450 2444 4505 τὸ
2479 4450 2650 4515 πάθος
2685 4450 2877 4517 αὐτοῦ,
2907 4450 3000 4504 καὶ
3020 4450 3049 4503 6
3077 4450 3175 4519 τῆς
3214 4447 3684 4521 ὲνανθρωπήσεως

2098 4541 2318 4611 τρόπος,
2364 4540 2674 4611 ἀφθαρσίας
2705 4543 2839 4613 ἡμῖν
2872 4540 2968 4595 καὶ
3005 4538 3353 4612 καθαρισμοῦ
3396 4538 3678 4610 πρόξενος.

2098 4633 2504 4703 Δεδικαιὼμεθα
2534 4632 2645 4706 γάρ
2684 4636 2743 4686 ὲν
2788 4633 2936 4705 αὐτῷ
2961 4633 3053 4688 τὸν
3088 4632 3146 4686 ὲν
3175 4631 3320 4703 ψυχῇ
3355 4631 3447 4684 καὶ¹
3473 4630 3682 4698 σπλάγο

2100 4743 2251 4796 χνοις
2277 4726 2719 4798 ἀποτρεψάμενοι
2748 4725 3043 4798 μολυσμὸν,
3077 4724 3239 4796 εἴπερ
3286 4723 3432 4779 ἐστὶν
3462 4720 3683 4793 ἀληθῶς

2099 4819 2160 4871 τὸ
2202 4819 2468 4889 σωτήριον
2497 4817 2786 4889 βάπτισμα
2814 4817 2959 4888 καὶὴ
2986 4818 3084 4888 τῆς
3111 4816 3415 4886 δυνάμεως,
3449 4814 3512 4867 οὐ
3545 4829 3681 4885 σαρ-

2101 4909 2195 4975 κὸς
2256 4911 2516 4975 ἀπόθεσις
2576 4909 2748 4982 ῥύπου
2780 4949 2797 4975 ,
2863 4908 3001 4962 ἀλλά
3061 4907 3418 4978 συνειδήσεως
3468 4903 3679 4973 ἀγαθῆς

2099 5001 2438 5073 ἐπερώτημα
2479 5003 2560 5066 είς
2598 5001 2729 5055 Θεόν
2748 5017 2762 5032 ο
2797 5000 2864 5053 δι’
2892 4994 3064 5070 οὗπερ
3090 4999 3158 5053 ἂν
3184 4999 3394 5068 γένοιτο
3421 4996 3679 5066 πλημμε-

2097 5094 2161 5165 λη
2173 5095 2358 5163 μάτων
2379 5095 2412 5164 ὴ
2437 5094 2648 5163 ἄφεσις,
2676 5092 2868 5163 ἕψεται
2900 5092 3117 5154 πάντως
3139 5093 3255 5153 ταῖς
3282 5089 3376 5143 τοῦ
3401 5086 3678 5141 πιστεύειν

2098 5185 2410 5255 ὁμολογίαις
2440 5187 2473 5257 ή
2503 5185 2680 5257 χάρις.
2724 5184 2848 5238 Ὀτι
2875 5184 2932 5238 δὲ
2965 5182 3027 5236 τὸ
3060 5182 3205 5255 ὑπὲρ
3235 5181 3394 5253 ἡμῶν
3423 5179 3677 5234 τεθνάναι

2101 5276 2356 5347 Χριστὸν,
2384 5276 2503 5340 ὁδὸς
2537 5276 2759 5345 γέγονεν
2784 5277 2865 5340 είς
2896 5274 3204 5347 ἀφθαρσίαν
3246 5274 3340 5327 καὶ
3375 5270 3543 5342 ζωὴν,
3586 5270 3678 5322 οὐ·

2099 5367 2331 5439 δαμόθεν
2387 5367 2708 5438 ἀμφίλογον.
2767 5367 2826 5420 ’0
2880 5367 2938 5420 δὲ
2994 5362 3388 5435 κατεμπιπρὰς
3419 5358 3674 5431 δάμαλιν,

2101 5461 2197 5514 καὶ
2225 5458 2543 5531 ἀναμίσγων
2580 5463 2645 5532 τῇ
2684 5460 2873 5530 σποδιᾷ
2910 5460 2966 5514 τὸ
2998 5457 3243 5529 κέδρινον
3276 5455 3451 5524 ξύλον,
3482 5454 3583 5526 τήν
3614 5468 3675 5507 τε
