4052 6196
329 282 436 338 6'53

1318 289 1870 359 ,CLAPH-YRORUM
1910 293 1979 352 IN
2017 295 2355 360 NUMEROS
2390 304 2617 363 LIBER.

3468 287 3477 297 ’
3506 320 3610 378 636

329 403 603 465 ὕσσωπον.
642 403 737 457 καὶ
779 403 841 458 τὸ
883 404 1153 473 κόκκινον,
1200 409 1294 466 καὶ
1328 412 1431 483 μέν
1458 431 1542 468 τοι
1573 417 1602 469 6
1634 416 1879 487 συλλέγω

1980 461 1986 478 .
2015 424 2322 493 ordinatus,
2353 426 2617 483 nimirum
2651 430 2780 500 quia
2808 430 2931 488 viva
2965 442 3019 489 et
3058 448 3214 490 sacra
3234 449 3357 503 res;
3386 438 3480 493 sed
3504 441 3615 497 etsi

326 496 422 567 τὴν
463 494 712 562 σποδιὰν,
745 496 1071 569 ἀκάθαρτοι,
1104 501 1293 572 φησὶν,
1333 503 1438 569 ἕως
1488 505 1756 578 ἑσπέρας,
1794 510 1913 562 καί-

2013 511 2140 579 quis
2160 512 2303 570 forte
2351 516 2423 570 sit
2450 517 2519 571 ad
2571 519 2853 576 meliorem
2910 522 3130 578 vivendi
3158 524 3391 579 formam
3422 527 3610 584 tradu-

322 603 405 640 τοι
475 586 897 659 φαιδρυνάμενοι
973 590 1044 645 τά
1120 592 1343 664 ἀμφια,
1406 600 1500 652 καὶ
1574 600 1879 671 ὑπάρχοντε

2012 605 2155 664 ctus,
2188 610 2265 668 et,
2307 605 2487 673 quoad
2529 608 2649 679 ejus
2675 609 2792 665 ﬁeri
2830 619 3048 681 potest,
3083 630 3258 684 purus
3296 616 3464 682 vivat,
3495 633 3607 673 non

323 678 591 750 καθαροί·
658 681 1113 749 καταδεικνύντος
1178 687 1322 757 τάχα
1405 707 1511 745 που
1568 692 1665 745 τοῦ
1741 692 1879 764 νόμοι

2011 691 2225 746 carebit
2249 696 2680 765 reprehensione
2701 703 3050 757 sacriﬁcium.
3075 705 3236 777 M5
3262 707 3434 762 Nemo
3456 707 3605 763 enim

320 772 382 825 τὸ
402 772 501 843 τῆς
528 772 878 845 ἀνθρωπίνης
905 774 1119 843 φύσεως
1159 779 1402 847 ἀσθενὲς,
1433 784 1531 837 καὶ
1575 785 1660 838 ὅτι
1694 784 1879 838 λεπτῶ

2010 780 2174 852 digne
2221 784 2525 845 Salvatoris
2569 794 2744 848 nostri
2790 795 2963 865 tangit
3005 772 3283 867 mysteria.
3332 799 3522 869 Neque
3547 799 3603 856 id

322 879 379 916 τε
421 864 515 917 καὶ
543 864 790 936 ἀκριϐῶς
816 868 864 920 εἰ
896 867 1166 939 ἐρευνῷτο
1195 871 1263 926 τά
1290 872 1415 928 καθ’
1443 876 1614 946 ἡμᾶς,
1657 876 1906 931 ἀνεπιτί-

321 971 491 1025 μητος
523 955 807 1021 παντελῶς
830 958 1005 1023 οὐδεὶς
1037 961 1145 1017 τῶν
1172 966 1524 1037 τεταγμένων
1554 971 1635 1033 είς
1665 968 1906 1044 λειτουρ-

317 1047 462 1114 γίαν,
501 1047 661 1119 δῆλον
694 1049 751 1102 δὲ
778 1051 860 1105 ὅτι
888 1051 988 1124 τὴν
1022 1054 1174 1109 θείαν
1197 1075 1257 1112 τε
1291 1060 1386 1114 καὶ
1419 1061 1589 1133 ίεράν,
1622 1064 1760 1119 ἀλλά
1800 1067 1903 1121 κάν

314 1154 400 1201 τις
439 1137 527 1209 εἴη
575 1140 736 1210 τυχὸν
765 1140 874 1194 τῶν
919 1146 1000 1206 είς
1043 1145 1242 1216 ἄριστα
1277 1148 1427 1220 βιοῦν
1455 1153 1768 1225 ᾑρημένων,
1806 1157 1903 1210 καὶ

316 1230 397 1319 εἰς
458 1230 584 1286 ὅσον
631 1227 743 1287 οἶόν
783 1250 844 1286 τε
882 1234 1145 1307 καθαρὸς,
1180 1240 1282 1294 οὐκ
1321 1240 1624 1315 ἀμώμητον
1662 1245 1773 1313 ἕξει
1803 1247 1901 1319 τὴν

316 1318 678 1393 λειτουργίαν.
732 1323 918 1391 ’Ἄξιος
972 1327 1084 1401 γάρ
1134 1330 1313 1397 οὐδεὶς
1341 1333 1454 1389 τῶν
1501 1335 1596 1389 τοῦ
1645 1338 1900 1410 Σωτῆρος

310 1412 469 1484 ἡμῶν
496 1416 813 1489 μυστηρίων
869 1420 1177 1490 ἀποθίγειν.
1220 1425 1331 1478 Καὶ
1362 1425 1675 1499 θαυμαστὸν
1710 1430 1895 1486 οὐδέν’

306 1504 594 1561 ἀναπείσει
634 1508 743 1581 γὰρ
785 1512 935 1582 ἡμᾶς
964 1515 994 1567 6
1028 1513 1186 1582 λόγος
1223 1517 1252 1569 6
1291 1517 1457 1588 ἱερὸς.
1501 1519 1645 1575 οὕτω
1675 1521 1850 1592 λέγων
1877 1541 1893 1558 σ

311 1614 332 1648 ι
368 1598 577 1667 Ἄστρα
612 1599 673 1654 δὲ
719 1602 783 1655 οὐ
812 1603 1030 1676 καθαρά
1061 1604 1293 1662 ἐνώπιον
1317 1609 1506 1685 αὐτοῦ.
1551 1631 1570 1664 ›
1607 1615 1817 1671 Οὐκοῦν
1846 1619 1894 1671 εί

305 1687 658 1779 συγκρίνοιτο
701 1691 772 1745 τά
814 1691 939 1748 καθ’
969 1695 1122 1765 ⁴ἡμᾶς
1161 1700 1227 1768 τῇ
1262 1699 1596 1775 καθαρότητι
1632 1705 1726 1759 τοῦ
1760 1708 1893 1779 Χρι-

2008 888 2140 930 sane
2177 876 2489 934 mirandum
2540 881 2761 940 divinus
2793 900 2977 944 sermo
3000 887 3161 943 nobis
3188 888 3345 945 facile
3373 906 3602 960 persua-

2005 964 2160 1020 serit.
2211 986 2230 1019 ι
2271 968 2472 1037 Astra,
2536 971 2753 1044 inquit,
2806 991 2920 1032 non
2972 986 3100 1033 sunt
3159 978 3365 1034 munda
3410 995 3597 1036 coram

2006 1054 2127 1124 ipse
2149 1058 2215 1112 ”.
2245 1077 2263 1110 ι
2305 1059 2485 1128 Quare
2513 1063 2560 1118 si
2598 1066 2723 1135 quis
2748 1075 2937 1123 nostra
2976 1086 3104 1126 cum
3127 1069 3332 1126 Christi
3356 1073 3597 1142 puritate

2003 1151 2321 1219 contulerit,
2350 1154 2635 1213 immunda
2660 1172 2963 1230 appareant
2992 1172 3155 1234 atque
3195 1164 3422 1219 sordida
3440 1206 3456 1230 ,
3486 1175 3543 1221 et
3564 1182 3596 1221 a

2001 1239 2204 1297 divinis
2228 1244 2388 1316 longe
2438 1251 2709 1318 superari.
2758 1253 2988 1309 Miretur
3020 1271 3152 1310 vero
3202 1257 3328 1326 quis
3360 1272 3471 1311 non
3504 1258 3592 1313 iu-

1994 1331 2142 1403 juria
2173 1334 2515 1392 Psalmistam
2566 1340 2815 1398 divinum
2849 1353 3140 1401 canentem
3171 1362 3184 1399 :
3225 1364 3242 1398 ι
3275 1345 3331 1401 Si
3378 1347 3591 1418 iniqui-

2001 1432 2139 1481 tates
2177 1426 2579 1498 observaveris,
2620 1433 2870 1501 Domine,
2906 1437 3031 1507 quis
3080 1439 3420 1494 sustinebit?
3453 1438 3592 1506 Quia

1995 1518 2143 1587 apud
2198 1526 2252 1574 te
2283 1523 2602 1592 pr0pitiatio
2645 1534 2730 1581 est
2755 1528 2821 1582 “.
2882 1547 2900 1578 ι
2931 1529 3277 1599 Improbatur
3314 1546 3447 1585 vero
3494 1532 3590 1603 qui

1996 1607 2102 1663 sibi
2158 1611 2401 1668 mundus
2445 1614 2687 1670 videtur.
2748 1616 2918 1672 Multo
2953 1619 3102 1673 enim
3154 1606 3359 1674 rectius
3423 1634 3588 1690 quam

1989 1700 2143 1770 juxta
2169 1700 2466 1775 humanam
2489 1708 2882 1773 conditionem,
2913 1717 2973 1764 ut
2995 1709 3248 1765 dicebam
3269 1751 3283 1775 ,
3312 1711 3463 1765 omni
3495 1726 3589 1766 va-

302 1776 455 1871 στοῦ,
489 1778 779 1871 ἀκάθαρτα
806 1781 903 1836 καὶ
930 1766 1344 1858 μεμολυσμένα,
1386 1766 1480 1845 καὶ
1526 1766 1633 1847 υπὸ
1677 1766 1879 1867 δίκησιι

1994 1806 2119 1847 care
2141 1793 2415 1861 crimine,
2469 1804 2525 1851 et
2550 1813 2671 1852 eam
2722 1815 2845 1869 quae
2883 1801 2940 1855 in
2986 1800 3149 1856 nobis
3196 1809 3283 1856 est
3326 1801 3540 1871 puritas
3567 1843 3583 1869 ,

301 1866 455 1922 ἔσται
481 1870 584 1941 τὴν
615 1870 787 1926 θείαν.
823 1872 1136 1946 Θαυμάσειε
1167 1878 1212 1931 δ’
1239 1879 1306 1933 ἀν
1332 1898 1416 1946 τις
1445 1884 1540 1938 καὶ
1574 1866 1889 1958 σφόδραεί-

299 1958 477 2023 κότως
524 1961 618 2015 τὸν
653 1961 794 2016 θεῖον
829 1963 1060 2033 λέγοντα
1089 1968 1345 2038 Μελῳδόν
1369 1984 1383 2001 ⁸
1432 1989 1452 2024 ι
1490 1972 1620 2027 Ἐὰν
1659 1976 1890 2047 ἀνομίας

298 2054 666 2121 παρατηρεῑς,
702 2052 900 2125 Κύριε,
930 2054 1013 2119 τίς
1039 2057 1445 2130 ὑποστήσεται;
1478 2063 1594 2118 Ὀτι
1627 2066 1780 2135 παρά
1807 2068 1890 2121 σοὶ

294 2143 326 2197 ὁ
357 2141 584 2212 ἱλασμός
624 2145 795 2199 ἐστιν.
840 2164 861 2199 ι
907 2148 1259 2220 Ἐπιτιμᾶται
1297 2151 1361 2223 δὴ
1391 2148 1484 2207 οὖν
1517 2155 1613 2209 καὶ
1649 2159 1677 2210 6
1712 2158 1888 2212 δοκῶν

292 2228 438 2288 εἶναι
466 2236 725 2309 καθαρός.
763 2238 906 2292 Πολὺ
952 2241 1062 2312 γὰρ
1116 2241 1364 2310 ἄμεινον,
1392 2244 1469 2310 ὡς
1498 2245 1657 2318 ἔφην,
1680 2248 1715 2318 ἢ
1747 2250 1889 2304 κατά

292 2322 591 2398 ἀνθρώπου
620 2329 804 2398 φύσιν,
840 2330 902 2387 τὸ
942 2333 1301 2407 ἀπλημμελὲς
1341 2338 1656 2406 παντελῶς,
1691 2343 1788 2396 καὶ
1825 2344 1888 2397 τὸ

290 2420 356 2473 ὲν
391 2422 527 2492 ἡμῖν
577 2422 954 2497 καθαρότητος
999 2425 1299 2497 πλησιάσαι
1339 2429 1583 2502 Χριστῷ.
1638 2432 1785 2499 Ἐξω
1825 2434 1883 2489 δὲ

286 2514 394 2584 τῆς
421 2514 777 2587 παρεμϐολῆς
812 2518 1146 2590 ἀωχέεσθαι
1193 2521 1305 2575 δεῖν
1345 2522 1448 2597 ἔφη
1503 2523 1566 2578 τὸ
1614 2524 1760 2599 ὔδωρ
1787 2526 1882 2582 τοῦ

287 2606 586 2677 ἁγνισμοῦ,
620 2609 718 2663 καὶ
747 2611 869 2682 οὐχὶ
908 2611 973 2683 δὴ
1011 2614 1211 2684 μᾶλλον
1241 2618 1300 2671 ὲν
1330 2617 1469 2689 αὐτῇ
1505 2620 1571 2690 τῇ
1603 2620 1885 2691 παρεμϐο-

284 2698 380 2770 λῇ.
420 2698 570 2764 Ἐξω
593 2699 702 2773 γάρ
731 2701 924 2776 ὥσπερ
953 2705 1053 2777 τῆς
1095 2705 1362 2763 Ἰουδαίων
1388 2710 1718 2783 Συναγωγῆς
1759 2713 1792 2784 ή
1823 2713 1881 2767 ἐν

282 2788 515 2861 Χριστῷ
569 2790 859 2863 κάθαρσις.
917 2793 1277 2868 ’Δπεφοίτησε
1331 2800 1441 2872 γάρ
1503 2801 1677 2873 αὐτῆς
1733 2805 1883 2857 lavre-

282 2876 527 2935 λέστατα
553 2879 759 2950 λέγων’
781 2902 800 2934 ι
850 2884 983 2940 Ἰδοὺ
1022 2888 1244 2958 ἀφίεται
1297 2891 1427 2964 ὑμῖν
1465 2892 1495 2945 6
1531 2888 1682 2958 οἶκος
1726 2893 1880 2965 ὑμῶν

282 2969 514 3041 ἔρημος.
555 2990 576 3025 ι
618 2975 980 3048 Μετερρύηκε
1020 2979 1077 3034 δὲ
1103 2980 1295 3056 ὥσπερ
1356 2983 1449 3039 ἐπὶ
1500 2983 1571 3039 τά
1607 2984 1735 3057 ἔθνη
1771 2985 1883 3039 λοι-

1992 1880 2212 1939 Christo
2244 1888 2491 1956 proxime
2522 1891 2805 1946 accedere.
2835 1892 3193 1947 Fundendam
3219 1907 3352 1948 vero
3386 1908 3585 1962 aquam

1990 1973 2375 2043 puriﬁcantem
2417 1985 2576 2033 extra
2606 1988 2786 2035 castra
2818 1996 2939 2037 esse
2986 1982 3084 2048 ait,
3114 1982 3300 2053 potius
3328 1999 3495 2054 quam
3526 1984 3585 2040 in

1990 2065 2107 2136 ipsa
2134 2075 2333 2123 castra.
2372 2070 2577 2126 Christi
2609 2073 2757 2127 enim
2797 2074 3013 2144 puritas
3063 2084 3220 2130 extra
3267 2075 3585 2132 Judzeorum

1987 2167 2073 2213 est
2112 2157 2472 2232 Synagogam.
2515 2163 2593 2218 Ea
2631 2163 2780 2218 enim
2834 2180 2960 2219 cum
3013 2166 3239 2231 exisset,
3286 2167 3459 2223 libere
3505 2167 3586 2224 sic

1986 2252 2278 2321 praedixit:
2325 2272 2345 2306 ι
2396 2254 2539 2311 Ecce
2585 2256 2934 2326 relinquetur
2965 2258 3126 2313 vobis
3173 2258 3372 2314 domus
3397 2268 3582 2315 vestra

1986 2340 2204 2397 deserta
2231 2344 2297 2399 '°.
2337 2363 2356 2395 ι
2384 2343 2801 2403 Proﬂuxitvero
2824 2348 3049 2403 demum
3087 2349 3245 2419 quasi
3274 2348 3341 2404 ad
3390 2356 3585 2421 gentes

1983 2435 2293 2490 emundans
2322 2436 2420 2492 Dei
2448 2438 2643 2509 gratia,
2679 2448 2845 2511 atque
2865 2484 2879 2506 ,
2935 2451 2995 2497 ut
3022 2443 3175 2497 Pauli
3202 2442 3389 2499 verbis
3434 2452 3580 2510 utar,

1992 2542 2011 2576 ι
2045 2524 2149 2591 Qui
2176 2526 2337 2597 longe
2374 2528 2541 2598 positi
2572 2537 2754 2596 erant,
2779 2530 2909 2586 facti
2946 2540 3077 2586 sunt
3110 2549 3280 2604 prope
3309 2534 3376 2588 ".
3415 2554 3432 2587 ι
3470 2535 3577 2591 Vo-

1983 2626 2118 2673 cates
2138 2618 2289 2673 enim
2316 2634 2414 2688 per
2444 2619 2609 2675 [idem
2635 2630 2785 2687 sunt,
2812 2632 2868 2677 et
2890 2623 3108 2693 justitia
3145 2624 3204 2680 in
3244 2624 3470 2680 Christo
3494 2626 3580 2680 di-

1984 2716 2128 2774 latae,
2172 2711 2396 2766 credere
2433 2712 2753 2770 nolentibus
2800 2715 3084 2771 lsraelitis.
3113 2716 3271 2783 Quod
3301 2733 3434 2773 vero
3470 2718 3577 2772 im-

1981 2802 2238 2873 puritatis
2286 2818 2450 2859 omne
2500 2820 2677 2875 genus
2718 2809 3004 2879 detergere
3059 2808 3228 2863 etiam
3287 2809 3579 2865 commode

1979 2910 2121 2965 aqua
2140 2894 2390 2950 lustralis
2412 2896 2610 2965 possit,
2643 2897 2724 2952 sic
2749 2898 2993 2953 ostendit
3016 2898 3302 2968 Scriptura
3328 2917 3342 2954 :
3374 2920 3392 2951 ι
3414 2900 3578 2968 Quis-

1978 2986 2103 3055 quis
2135 2985 2370 3040 cadaver
2396 2987 2711 3057 contigerit,
2757 2987 3223 3058 inquinabitur”.
3262 3009 3281 3042 ›
3321 2990 3441 3046 Non
3480 2992 3581 3047 ali-

281 3060 398 3160 πὺν
484 3063 859 3133 ἀφαγνίζουσα
899 3069 1094 3140 χάρις’
1140 3072 1235 3126 καὶ
1263 3072 1341 3138 ὡς
1369 3075 1398 3127 6
1422 3075 1637 3140 Παῦλός
1667 3092 1834 3149 φησιν
1857 3094 1871 3109 ι

1980 3083 2065 3132 ter
2102 3085 2287 3133 autem
2336 3092 2401 3133 ea
2458 3077 2839 3148 inquinatione
2869 3080 3241 3145 liberabitur,
3276 3079 3384 3135 nisi
3434 3096 3578 3150 aqua

288 3167 311 3243 ι
363 3151 427 3204 Oi
482 3155 699 3225 μακρὰν
748 3156 1036 3226 γεγόνασιν
1088 3163 1275 3231 ίγγύς.
1333 3183 1353 3217 ι
1415 3165 1725 3239 Κέκληνται
1768 3168 1877 3242 γὰρ

1980 3180 2247 3242 purgante
2271 3179 2593 3243 aspergatur
2609 3172 2698 3228 die
2723 3173 2909 3239 tertio,
2941 3181 3035 3228 aut
3068 3173 3305 3243 septimo
3327 3172 3574 3229 demum.

277 3242 376 3298 διὰ
403 3245 663 3312 πίστεως,
689 3249 782 3302 καὶ
808 3251 907 3321 τὴν
929 3252 989 3305 ὲν
1011 3253 1234 3326 Χριστῷ
1266 3256 1614 3332 δικαιοσύνην
1636 3261 1876 3314 πεπλου-

276 3335 541 3420 τήκασιν,
574 3337 819 3394 ἀπειθεῖν
846 3341 1118 3413 ἑλομένων
1139 3344 1249 3398 τῶν
1278 3345 1337 3413 ἐξ
1381 3347 1618 3420 Ἰσραήλ.
1660 3350 1784 3405 Ὅτι
1819 3351 1876 3405 δὲ

281 3425 400 3477 πᾶν
432 3419 573 3488 εἶδος
610 3426 953 3499 ἀκαθαρσίας
984 3431 1335 3505 διασμήξειεν
1366 3436 1432 3490 ἂν
1459 3419 1559 3491 καὶί
1580 3438 1701 3509 λίαν
1725 3441 1877 3495 εὐκό·

278 3514 392 3579 λως
431 3516 495 3569 τὸ
545 3516 692 3591 ὕδωρ
745 3522 841 3576 τοῦ
905 3523 1200 3595 ἁγνισμοῦ,
1252 3526 1498 3599 διεσάφει
1548 3529 1742 3601 λέγων,
1799 3533 1874 3598 ὡς

284 3625 305 3659 ι
341 3607 412 3661 Εἴ
459 3625 546 3674 τις
600 3609 815 3683 ἆψαιτοξ
851 3616 1072 3688 νεκροῦ,
1129 3622 1633 3694 καταμιανθήσεται
1676 3645 1695 3678 ι
1748 3627 1870 3698 μέν’

276 3698 660 3789 ἀπαλλαχθείη
716 3704 760 3757 δ’
789 3703 857 3759 ἂν
901 3708 1000 3779 οὐχ
1039 3710 1243 3782 ἑτέρως
1284 3712 1379 3766 τοῦ
1440 3715 1869 3789 ωμόεὸηκότος,

277 3788 328 3840 εἰ
362 3788 440 3861 μὴ
479 3793 901 3865 καταρραίνοιτο
944 3796 1024 3868 τῷ
1059 3797 1209 3852 ὕδατι
1258 3799 1353 3854 τοῦ
1408 3788 1684 3875 ἁγνισμοῦ
1727 3805 1872 3860 κατά

279 3877 380 3951 τὴν
408 3881 600 3953 τρίτην
628 3884 722 3939 καὶ
747 3885 981 3959 ἑϐδόμην
1013 3890 1249 3962 ἡμέραν.
1296 3893 1407 3947 Καὶ
1440 3896 1709 3967 νεκρότης
1743 3898 1866 3968 μὲν,

280 3972 556 4042 σωμάτων
595 3975 812 4047 φθορὰ,
863 3980 961 4034 καὶ
1000 3981 1345 4055 ἀκαθαρσίας
1389 3987 1680 4058 σύμϐολον.
1721 3991 1780 4044 '0
1812 3991 1870 4044 δὲ

275 4061 372 4153 τοῦ
398 4062 592 4130 ὓδατος
613 4069 929 4141 ραντισμδς,
950 4073 1403 4149 ἀναμεμιγμένης
1429 4081 1579 4147 αὑτῷ
1603 4082 1704 4153 τῆς
1736 4100 1868 4137 σπο-

273 4152 371 4208 δοῦ
406 4156 506 4226 τῆς
537 4157 827 4229 δαμάλεως
850 4164 943 4216 καὶ
966 4163 1078 4218 τῶν
1117 4166 1342 4239 ἐτέρων,
1365 4169 1536 4235 τύπος
1570 4173 1636 4227 ἂν
1658 4152 1744 4244 εῐη
1772 4173 1865 4228 τοῦ

276 4243 435 4313 ἀγίου
460 4244 861 4320 βαπτίσματος.
883 4253 1091 4307 Οὐκοῦν
1115 4257 1143 4309 6
1170 4261 1382 4331 νεκροῖς
1414 4259 1598 4332 ἔργοις
1630 4243 1864 4330 καὶτοῖς

275 4335 358 4397 είς
407 4336 613 4408 φθοράν
673 4340 978 4412 μιάσμασιν
1020 4345 1372 4419 ἐνεχόμενος
1408 4352 1545 4425 ἔργα
1591 4354 1649 4409 δὲ
1683 4357 1866 4431 νεκρό-

1977 3262 2223 3320 Cadaver
2285 3272 2370 3320 est
2440 3264 2726 3335 corruptio
2804 3281 3138 3336 corporum,
3208 3266 3576 3337 impuritatis-

1978 3369 2085 3425 que
2127 3355 2363 3427 signum.
2393 3354 2563 3427 Aquze
2604 3372 2736 3412 vero
2766 3358 3035 3428 aspersio,
3088 3361 3378 3414 commisto
3408 3356 3575 3413 simul

1976 3448 2162 3504 cinere
2210 3449 2279 3504 de
2320 3448 2491 3504 vitula
2550 3450 2807 3520 aliisque,
2872 3459 3033 3522 typus
3082 3458 3170 3505 est
3198 3450 3572 3520 baptismatis.

1974 3540 2146 3611 igitur
2193 3541 2288 3611 qui
2343 3557 2510 3612 opera
2536 3551 2758 3597 mortua
2798 3549 2855 3598 et
2892 3542 3269 3614 corruptionis
3296 3541 3574 3613 inquina-

1975 3639 2162 3686 menta
2188 3631 2357 3688 habet
2409 3632 2602 3706 (opera
2631 3649 2766 3689 vero
2793 3643 3009 3689 mortua
3049 3649 3168 3691 esse
3209 3634 3447 3691 dicimus
3469 3635 3576 3689 im-

1972 3723 2091 3793 pias
2119 3737 2183 3778 ac
2204 3723 2393 3779 noxias
2416 3726 2915 3795 concupiscentias,
2946 3746 2965 3777 ‹
2993 3724 3436 3791 fornicationem,
3467 3726 3574 3781 im-

1973 3812 2321 3879 munditiam,
2344 3814 2655 3879 libidinem,
2679 3815 3183 3884 concupiscentiam
3217 3815 3475 3869 malam”
3497 3815 3572 3885 ι),

1971 3919 2081 3959 non
2115 3905 2278 3959 aliter
2309 3905 2505 3960 evadat
2532 3906 2792 3970 mundus,
2833 3907 2940 3961 nisi
2992 3905 3313 3971 mundetur,
3347 3905 3574 3961 sordes-

1970 4010 2078 4065 que
2123 3994 2325 4050 eluerit
2359 4009 2522 4049 sacro
2554 3995 2993 4065 regenerationis
3021 3995 3262 4059 lavacro,
3294 3994 3460 4049 tertio
3485 3994 3572 4050 vel

1970 4086 2206 4156 septimo
2233 4085 2344 4141 die.
2392 4086 2460 4140 Et
2487 4087 2689 4152 tertius
2720 4086 2952 4157 quidem
2996 4085 3118 4142 dies
3145 4086 3573 4143 resurrectionis

1967 4175 2241 4249 signiﬁcat
2270 4185 2508 4248 tempus,
2535 4178 2817 4245 ultimum,
2844 4179 3097 4250 inquam,
3119 4186 3339 4249 tempus
3360 4188 3417 4235 et
3441 4195 3571 4250 per-

1968 4269 2193 4335 fectum,
2226 4285 2338 4339 quo
2360 4268 2687 4340 Unigenitus
2721 4272 2889 4327 homo
2922 4271 3103 4327 factus
3125 4280 3232 4326 est.
3260 4270 3318 4326 Si
3342 4287 3477 4328 vero
3515 4278 3573 4328 et

1970 4361 2169 4417 domus
2197 4361 2521 4432 inquinetur
2560 4369 2785 4416 mortuo
2818 4363 3059 4432 quodam
3088 4363 3145 4417 in
3179 4379 3266 4426 ea,
3297 4363 3567 4418 immundi

274 4444 436 4523 τητος
460 4431 529 4485 τά
563 4433 767 4504 σαρκὸς
798 4431 939 4491 εἶναί
979 4456 1159 4510 φαμεν
1200 4442 1391 4498 ἀνόσιά
1428 4463 1488 4499 τε
1526 4447 1621 4501 καὶ
1660 4448 1864 4522 βέϐηλα

1980 4468 2187 4523 quoque
2233 4431 2399 4509 erunt
2448 4452 2507 4508 in
2537 4467 2660 4508 eam
2691 4431 3090 4523 ingredientes.
3121 4452 3384 4522 Supellex
3431 4453 3566 4508 item

276 4520 446 4591 πάθη,
490 4540 508 4575 ι
548 4524 826 4606 πορνείαν,
866 4528 1246 4602 ἀκαθαρσίαν,
1307 4534 1511 4602 πάθος,
1568 4520 1866 4612 ἐπιθυμίαν

276 4614 456 4703 κακήν
478 4627 494 4643 ·
526 4634 544 4666 ι
584 4616 682 4687 οὐχ
713 4618 917 4691 ἑτέρως
947 4622 1014 4676 ἂν
1040 4622 1154 4693 ἔχοι
1193 4624 1255 4678 τὸ
1291 4625 1553 4703 καθαρὸν,
1580 4631 1629 4683 εί
1659 4630 1734 4702 μὴ
1755 4633 1866 4701 ἀφ·-

275 4702 550 4787 αγνίζοιτό
587 4724 645 4761 τε
670 4708 869 4766 καὶτὸν
894 4713 1170 4786 μολυσμὸν
1184 4716 1437 4788 ἀπονίψοι
1463 4720 1554 4775 διὰ
1584 4721 1677 4775 τοῦ
1709 4724 1866 4793 ἁγίου

279 4794 679 4889 anticipatos,
708 4802 852 4857 κατά
890 4821 948 4857 τε
984 4807 1084 4878 τὴν
1118 4810 1309 4881 τρίτην
1342 4812 1437 4865 καὶ
1462 4812 1563 4884 τὴν
1602 4814 1862 4889 ἑϐδόμην.

277 4886 384 4939 Καὶ
415 4890 673 4958 σημαίνει
704 4893 807 4963 μὲν
832 4896 866 4965 ή
904 4896 1061 4969 τρίτη
1089 4900 1181 4954 τὸν
1218 4899 1320 4972 τῆς
1353 4902 1704 4971 ἀναστάσεως
1734 4886 1860 4961 και-

276 4974 390 5045 ρον,
428 4979 522 5032 τὸν
555 4980 785 5053 ἔσχατόν
827 5003 887 5039 τε
936 4989 1031 5043 καὶ
1078 4990 1155 5054 ὡς
1204 4994 1262 5048 ἐν
1295 4995 1437 5050 τέλει
1482 4995 1689 5063 λοιπὸν,
1737 5000 1861 5054 καθ’

274 5067 334 5119 ὃν
360 5070 588 5139 γέγονεν
626 5075 913 5150 ἄνθρωπος
948 5083 977 5135 6
1020 5084 1351 5158 Μονογενής.
1383 5086 1448 5142 Εἰ
1480 5089 1536 5142 δὲ
1565 5088 1629 5162 δὴ
1667 5093 1759 5145 καὶ
1784 5087 1863 5145 οἷ-

275 5176 370 5225 κος
411 5168 846 5237 καταμιαίνοιτο,
879 5173 1032 5243 φησὶ,
1075 5173 1371 5241 τεθνεῶτός
1415 5197 1559 5245 τινος
1599 5184 1656 5235 ὲν
1690 5183 1858 5254 αὐτῷ,

273 5253 574 5325 ἀκάθαρτοι
608 5259 704 5328 μὲν
735 5263 783 5314 οί
808 5263 1173 5330 εἰσϐαίνοντες
1216 5270 1275 5322 ἐν
1302 5270 1473 5343 αὐτῷ.
1507 5273 1770 5348 Βδελυρὸν
1806 5277 1864 5330 δὲ

274 5343 369 5397 καὶ
429 5346 624 5412 σκεῦος
679 5350 825 5407 ἀπαν
884 5357 976 5409 καὶ
1021 5358 1243 5428 ἀγγεῖον
1292 5363 1354 5416 οὐ
1386 5368 1860 5439 πεπωπασμένον·

276 5433 412 5504 πλὴν
442 5435 520 5508 τῷ
546 5438 699 5495 ῦδατι
731 5444 824 5498 τοῦ
854 5447 1120 5519 ἁγνισμοῦ
1168 5453 1262 5505 καὶ
1301 5452 1478 5508 ταῦτα
1514 5456 1864 5531 διακαθαίρε-

273 5538 361 5576 tat
403 5529 549 5583 κατά
594 5530 686 5587 τὸν
723 5535 839 5589 ἴσον
861 5539 1084 5611 τρόπον,
1118 5543 1260 5598 κατά
1296 5544 1394 5615 τὴν
1423 5548 1613 5622 τρίτην
1639 5553 1732 5606 καὶ

1967 4545 2148 4601 omnis
2174 4544 2313 4600 diris
2353 4544 2463 4600 erit
2507 4560 2686 4610 saera,
2714 4552 2772 4600 et
2807 4560 2904 4600 vas
2923 4560 3035 4600 non
3083 4552 3430 4614 coopertum,
3457 4545 3565 4599 nisi

1963 4646 2016 4693 et
2046 4638 2164 4694 haec
2190 4653 2330 4708 aqua
2345 4637 2609 4709 piaculari
2638 4636 2806 4709 406
2828 4636 2899 4693 ad
2918 4636 3179 4693 eumdem
3198 4635 3423 4691 modum
3454 4642 3569 4692 ter-

1964 4730 2044 4785 tio
2076 4745 2141 4786 ac
2168 4729 2405 4801 septimo
2439 4728 2530 4783 die
2558 4736 2988 4799 perpurgentur.
3037 4728 3141 4783 Per
3181 4726 3406 4783 domum
3432 4740 3569 4780 vero

1966 4818 2305 4874 immundam
2333 4827 2390 4874 et
2423 4833 2552 4873 vasa
2581 4819 2735 4889 ejus,
2767 4834 2973 4890 vasque
3009 4834 3117 4874 non
3170 4827 3426 4889 apertum
3445 4856 3459 4880 ,
3488 4815 3569 4869 le-

1969 4911 2194 4982 gislator
2229 4910 2391 4965 nobis
2444 4909 2737 4965 ostendere
2786 4910 3021 4965 fortasse
3057 4910 3307 4965 videatur
3349 4908 3567 4963 Judae-

1969 5017 2131 5067 rum,
2183 5015 2306 5070 qua:
2361 4999 2657 5054 Dominum
2691 5016 2853 5055 suum
2901 5000 3130 5065 occidit,
3187 5001 3563 5071 Synagogam,

1969 5108 2094 5163 qua:
2121 5091 2355 5163 junctim
2398 5106 2497 5161 per
2547 5091 2776 5148 domum
2825 5092 3206 5162 intelligatur;
3240 5091 3565 5161 singulatim

1969 5199 2102 5238 vero
2124 5199 2220 5252 per
2252 5198 2382 5238 vasa
2402 5183 2636 5255 singula.
2672 5184 2848 5238 Homo
2886 5183 3035 5238 enim
3070 5183 3218 5237 vasis
3257 5183 3433 5237 instar
3458 5191 3564 5238 est.

1962 5274 2119 5342 Quod
2145 5282 2330 5329 autem
2366 5274 2474 5329 illis
2497 5291 2607 5330 non
2629 5274 2787 5331 [ιι-ωτι
2814 5291 2972 5330 mens
2999 5274 3090 5340 sit,
3124 5283 3290 5345 atque
3319 5274 3458 5329 adeo
3484 5274 3555 5329 ad

1962 5366 2339 5437 suscipiendas
2372 5368 2566 5423 sordes
2586 5367 2745 5423 valde
2780 5375 3054 5437 prompta,
3081 5375 3139 5421 et
3160 5367 3228 5422 ad
3251 5382 3563 5438 quamcun-

1961 5477 2069 5534 que
2110 5459 2436 5532 injustitiam
2481 5459 2876 5517 admittendam
2908 5460 3017 5530 jam
3052 5468 3290 5524 assueta,
3323 5458 3563 5515 obscure

1962 5573 2060 5629 per
2087 5569 2216 5609 vasa
2263 5567 2374 5607 non
2420 5560 2612 5622 operta
2641 5552 2984 5623 designatur,
3012 5551 3067 5605 in
3090 5566 3213 5622 quae
3244 5549 3409 5606 noxia
3435 5564 3567 5621 qua

402 5641 507 5741 Job
536 5660 627 5741 ἐν,
658 5649 736 5704 18.
816 5652 860 5685 ¹⁹
894 5653 1233 5713 Psal.cxx1x.
1267 5659 1320 5728 5,
1343 5661 1391 5716 4.
1468 5664 1512 5695 ⁸ο
1538 5665 1728 5724 Matth.
1770 5687 1872 5726 χχιι

1981 5672 2031 5728 8.
2127 5670 2166 5702 ³¹
2205 5667 2406 5739 Ephcs.
2435 5682 2491 5729 ιι,
2528 5666 2608 5732 l5,
2648 5666 2729 5721 l7.
2810 5667 2852 5698 ³³
2882 5666 3045 5722 Num.
3071 5683 3178 5733 xu,
3219 5666 3304 5721 ll.
3380 5666 3424 5699 ³³
3456 5661 3561 5721 Co-

274 5703 402 5765 loss.
418 5727 499 5780 ιιι,
533 5714 588 5771 5.
