4052 6196
432 231 540 287 6'55

1453 237 1509 294 S.
1550 236 1825 296 CYRILLI
1863 239 2332 297 ALEXANDRINI
2371 241 2689 298 ARCHIEP.

3582 244 3688 302 656

427 363 557 412 sunt
583 353 742 410 facile
761 353 1004 424 irrepere
1029 359 1260 425 queunt,
1285 351 1406 436 sive
1431 355 1728 421 stelliones,
1755 358 1868 413 sive
1898 358 2005 414 alia

2127 358 2347 431 ἑϐδόμην
2376 359 2608 431 ἡμέραν.
2643 356 2806 414 Οἶκον
2851 359 2908 412 δὲ
2932 360 3024 413 τὸν
3056 361 3484 432 μεμολυσμένον,
3516 364 3691 436 σκεύη

425 447 725 504 animantia
774 445 1094 504 domestica.
1154 447 1224 503 At
1280 433 1857 519 ﬁde-justiﬁcatorum
1897 467 2008 506 non

427 541 552 595 talis
573 547 656 594 est
679 538 917 594 animus.
955 539 1172 596 Firmus
1197 540 1344 594 enim
1366 549 1451 595 est
1472 547 1527 596 et
1552 550 1796 610 opertus,
1822 551 2009 599 etnon

426 629 583 683 facile
606 630 674 684 ab
707 630 774 684 iis
803 646 925 698 qua:
963 645 1164 685 nocere
1199 632 1378 686 solent
1422 631 1750 688 invasibilis.
1783 633 1889 690 Sed
1923 635 2005 701 si,

427 723 522 785 ait,
557 739 686 777 casu
729 723 853 791 quis
883 723 1127 793 tetigerit
1172 725 1257 778 vel
1290 725 1660 790 vulneratum,
1711 727 1796 781 vel
1821 742 1884 782 os
1913 727 2011 782 ho—

429 813 593 867 minis
625 814 828 867 mortui
856 853 870 877 ,
922 822 1018 868 aut
1062 815 1373 883 sepulcrum
1399 856 1414 879 ,
1441 816 1550 871 erit
1573 825 1628 870 et
1651 817 1742 872 hic
1774 818 2012 873 immun-

428 905 535 960 dus
564 905 628 958 ³⁸.
669 906 1030 960 Vulneratum
1078 923 1244 977 porro
1299 909 1533 964 dicimus
1593 911 1688 981 qui
1739 912 1904 967 corde
1939 914 2012 968 sit

426 1011 594 1065 σκετο,
625 997 994 1058 vulneratum,
1035 998 1280 1068 inquam,
1307 1001 1660 1056 Stecularibus
1676 1001 1967 1058 desideriis
1993 1045 2008 1070 ,

429 1085 512 1138 vel
548 1085 839 1139 mundanis
868 1086 1287 1156 cupiditatibus,
1315 1105 1410 1143 seu
1454 1091 1687 1145 carneis.
1716 1090 2012 1148 Cadaveris

429 1192 560 1230 vero
609 1191 671 1230 os
707 1177 1041 1246 accipiemus
1088 1188 1148 1232 ut
1187 1179 1522 1248 impuritatis
1551 1181 1686 1250 quid
1717 1182 2008 1252 reliquum.

431 1266 841 1320 Monumentum
867 1278 1048 1323 autem
1084 1279 1168 1324 est
1196 1271 1264 1325 ad
1305 1273 1705 1328 recordandum
1744 1275 2012 1344 quodam-

430 1360 593 1412 modo
635 1360 802 1414 etiam
849 1362 1134 1417 exstinctae
1165 1363 1518 1432 impuritatis.
1566 1365 1826 1420 Diabolus
1864 1367 2013 1421 enim

430 1449 711 1504 interdum
749 1467 844 1506 cor
881 1453 1153 1509 vulnerat.
1187 1454 1326 1509 Victi
1363 1471 1496 1510 vero
1548 1471 1615 1509 ex
1647 1465 1802 1525 parte
1833 1458 2016 1513 carnis

429 1539 819 1597 affectionibus
861 1559 962 1598 nos
1008 1545 1172 1598 etiam
1224 1544 1327 1615 ipsi
1398 1554 1761 1615 aegrotamus,
1799 1562 1908 1600 non
1959 1547 2014 1600 in

429 1632 716 1702 quodlibet
757 1641 936 1688 tamen
970 1643 1255 1704 peccatum
1304 1637 1628 1701 incidentes,
1664 1637 1717 1690 in
1769 1637 2018 1706 reliquiis

435 1733 615 1788 tamen
649 1726 770 1793 eius
807 1726 987 1781 adhuc
1030 1727 1324 1792 haerentes,
1369 1728 1424 1782 in
1453 1729 1662 1782 mundo
1709 1744 2014 1784 versamur.
2049 1715 2089 1768 Β

434 1817 503 1872 Ut
526 1815 569 1871 si
607 1817 741 1872 iram
775 1818 898 1887 quis
929 1819 1149 1873 vincere
1181 1827 1411 1874 conatur
1439 1828 1535 1874 aut
1577 1820 1884 1884 avaritiam,
1909 1836 2018 1875 non

431 1907 656 1979 cﬂ‘ugiet
688 1916 867 1964 tamen
900 1925 999 1979 per
1025 1911 1209 1964 omnia
1231 1927 1517 1965 excessum
1547 1927 1642 1966 seu
1676 1927 2008 1981 exsuperan-

436 1999 588 2055 tiam.
615 1999 673 2054 Id
719 2001 971 2070 equidem
1012 2002 1208 2070 opinor
1233 2001 1300 2056 de
1342 2001 1570 2070 reliquis
1593 2002 1854 2057 vitiorum
1890 2017 2019 2057 sen-

436 2090 703 2156 tiendum,
739 2107 858 2147 esse
897 2092 1275 2146 immunditias
1297 2093 1559 2160 quasdam
1588 2112 1599 2145 :
1625 2094 1782 2162 cujus
1804 2093 2020 2163 signum

435 2180 506 2234 sit
530 2181 941 2251 autsymbolum
969 2181 1171 2235 mortui
1204 2181 1442 2236 hominis
1471 2198 1553 2235 os.
1583 2181 1690 2237 Sed
1717 2193 1772 2238 et
1806 2185 2020 2254 passio-

436 2286 564 2324 nem
593 2271 706 2340 jam
729 2279 1044 2340 superatam
1073 2270 1342 2326 memoria
1380 2279 1715 2340 repetentes,
1745 2289 1809 2328 ac
1831 2275 2023 2344 sopitae

437 2359 703 2430 voluptati
740 2359 1069 2415 accedentes
1096 2360 1345 2431 propius,
1378 2361 1656 2416 interdum
1689 2377 1800 2418 non
1826 2379 2024 2434 parum

437 2448 816 2518 inquinamur.
855 2450 1219 2506 Abscedimus
1248 2467 1380 2506 vero
1417 2451 1486 2506 ab
1540 2451 1627 2508 his
1669 2462 2022 2523 peccatorum

433 2539 609 2605 vitiis,
658 2540 976 2612 detergente
1003 2557 1105 2598 nos
1145 2542 1396 2608 Christo,
1426 2554 1482 2599 et
1517 2545 1633 2600 suis
1657 2556 2024 2619 perpurgante

433 2631 793 2686 cruciatibus.
827 2634 1056 2690 Mortem
1087 2635 1233 2690 enim
1265 2651 1367 2706 pro
1390 2636 1551 2693 nobis
1577 2638 1736 2704 obiit,
1755 2649 1812 2694 et
1849 2639 2022 2698 livore

438 2725 561 2792 ejus
585 2739 777 2780 omnes
798 2725 976 2780 sanati
1009 2742 1201 2783 sumus
1225 2727 1290 2782 ³⁸.
1325 2728 1392 2784 Et
1423 2737 1649 2799 peccata
1685 2739 1875 2787 nostra
1906 2731 2025 2802 ipse

436 2815 602 2881 tollit,
652 2825 844 2887 estque
870 2817 1015 2888 apud
1063 2819 1281 2875 Patrem
1318 2819 1618 2878 advocatus
1649 2824 2027 2894 propeccatis

439 2908 646 2962 nostris
682 2927 694 2961 :
727 2923 831 2964 nec
859 2925 960 2979 pro
992 2911 1198 2967 nostris
1233 2919 1467 2978 tantum,
1493 2914 1588 2968 sed
1627 2922 1682 2968 et
1727 2929 1830 2984 pro
1855 2914 2026 2970 totius

440 2996 655 3061 mundi,
684 3004 746 3051 ut
777 2999 1106 3068 quibusdam
1135 3001 1330 3056 beatus
1362 3002 1602 3057 Joannes
1630 3003 1852 3073 scripsit
1874 3004 1938 3057 ³⁸.
1966 3003 2025 3058 ln

441 3085 561 3156 ipso
612 3088 794 3159 itaque
821 3092 1002 3146 omnis
1054 3091 1384 3162 purificatio,
1429 3093 1610 3148 omnis
1635 3094 1869 3163 justitia,
1905 3109 2028 3149 san-

439 3178 724 3246 ctimonia,
747 3189 802 3235 et
828 3183 1132 3252 redemptio
1158 3202 1170 3236 :
1199 3199 1325 3238 cum
1357 3200 1468 3253 quo
1507 3193 1564 3239 et
1601 3199 1700 3254 per
1720 3201 1881 3255 quem
1912 3186 2026 3242 Deo

441 3282 508 3322 ac
538 3268 700 3340 407
729 3271 875 3326 Patri
908 3272 1081 3343 gloria
1114 3289 1237 3328 cum
1255 3281 1444 3329 sancto
1471 3273 1680 3345 Spiritu
1728 3277 1782 3331 in
1827 3278 2027 3334 saecula

448 3356 793 3416 saeCulorum.
819 3362 1016 3418 Amen.

2108 465 2168 502 τε
2196 450 2266 502 τὰ
2288 451 2345 503 ὲν
2369 447 2539 519 αὐτῷ,
2572 449 2668 503 καὶ⁵
2695 449 2915 518 ἀγγεῖον
2959 449 3022 502 οὐ
3061 450 3519 520 πεπωπασμένον,
3542 453 3570 505 6
3599 469 3689 505 νο-

2113 539 2347 612 μοθέτης
2389 542 2523 612 ἡμῖν
2568 539 2626 594 ἐν
2673 539 2882 604 τούτοις
2918 539 3216 609 ὑποδηλοῦν
3242 539 3438 606 ἔοικεν,
3461 541 3562 612 τὴν
3596 559 3692 597 κυ-

2114 632 2386 702 ριοκτόνον
2419 632 2558 703 τάχα
2592 649 2694 686 που
2731 632 2840 687 τῶν
2873 631 3140 685 Ἰουδαίων
3170 633 3528 703 Συναγωγὴν·
3565 634 3691 687 συλο

2110 721 2314 793 λὴδδην
2337 723 2455 793 μὲν,
2490 722 2719 778 ἀπασῶν
2748 721 2824 786 ώς
2851 723 2908 777 ὲν
2931 724 3062 794 οίκῳ
3086 722 3386 793 νοουμένην
3405 740 3419 754 ο
3453 723 3691 776 καθέκα-

2113 830 2237 867 στον
2265 813 2341 878 δὲ,
2370 813 2560 886 ὥσπερ
2588 814 2675 868 διὰ
2697 813 2808 867 τῶν
2838 815 3067 868 σκευῶν.
3113 813 3313 876 Σκεῦος
3333 815 3440 886 γὰρ
3463 814 3555 868 ἐπὶ
3587 815 3693 884 γῆς

2110 907 2139 959 6
2185 905 2639 977 ἄνθρωπος.”οτι
2679 907 2737 960 δὲ
2787 906 2971 969 αὐτοῖς
3015 906 3116 960 ούκ
3167 905 3417 975 ἀσφαλὴς
3465 909 3493 958 6
3545 905 3690 968 νοῦς,

2111 997 2325 1068 ἕτοιμος⁸
2379 998 2435 1050 δὲ
2491 997 2611 1051 λίαν
2662 998 2742 1060 είς
2786 996 3118 1068 μολυσμοὺς,
3169 997 3263 1050 καὶ
3313 996 3451 1067 πρὸς
3495 996 3556 1049 τὸ
3585 999 3694 1050 πᾶν

2111 1087 2290 1140 ὁτιοῦν
2321 1086 2657 1154 εἰσδέξασθαι
2685 1087 2796 1140 τῶν
2829 1087 3036 1140 ἀδικεῖν
3068 1085 3355 1152 εἰωθότων,
3388 1086 3698 1139 ὑπαινίττεο

2112 1180 2200 1234 ταί
2239 1199 2356 1244 πως
2385 1180 2472 1234 διὰ
2507 1179 2616 1234 τῶν
2663 1180 2900 1249 ἀγγείων
2948 1180 3055 1234 τῶν
3093 1179 3154 1232 ού
3197 1178 3654 1248 πεπωπασμένων
3677 1217 3693 1240 ,

2114 1273 2194 1335 είς
2248 1270 2284 1324 ἀ
2334 1273 2448 1334 τοῖς
2493 1270 2733 1324 ἐθέλουσι
2786 1267 3123 1322 κατολισθείν
3161 1267 3412 1334 εὔκολον,
3451 1267 3553 1321 κᾶν
3584 1267 3694 1320 εἴτε

2114 1357 2520 1422 ἀσκαλαϐῶτες,
2561 1358 2659 1411 εἰτ’
2688 1353 2781 1412 οὖν
2827 1357 3014 1427 ἕτερόν
3043 1375 3096 1410 τι
3129 1357 3237 1411 τῶν
3263 1356 3562 1409 ὲνοικιδίων
3593 1356 3698 1409 ὺπ-
3737 1386 3743 1427 δ

2117 1451 2273 1521 ἀρχοι
2303 1449 2476 1514 ζώων.
2523 1449 2662 1504 Ἀλλ’
2679 1450 2772 1517 ὅγε
2800 1448 2909 1501 τῶν
2941 1452 2998 1502 ὲν
3023 1449 3204 1502 πίστει
3235 1447 3695 1517 δεδικαιωμένων,

2115 1544 2214 1612 οὐχ
2244 1538 2344 1595 ὦδε
2369 1541 2479 1610 ἔχει
2501 1540 2644 1603 νοῦς.
2680 1539 2952 1612 Ἀσφαλὴς
2980 1540 3087 1610 γὰρ
3116 1539 3211 1593 καὶ
3239 1539 3700 1609 πεπωπασμένος,

2118 1635 2354 1697 καὶτοῖς
2399 1633 2604 1688 ἀδικεῖν
2650 1631 2898 1685 εἰωθόσιν
2937 1632 3036 1700 οὐχ
3068 1630 3364 1701 ἁλώσιμος.
3401 1631 3564 1684 Ἀλλά
3596 1631 3702 1684 κάν

2119 1727 2170 1780 εί
2209 1743 2292 1790 τις
2321 1725 2546 1796 ἅψηται,
2580 1725 2766 1795 φησὶν,
2805 1724 2838 1794 ἢ
2865 1721 3200 1795 τραυματίου
3233 1723 3414 1794 τυχὸν,
3446 1723 3480 1793 ἢ
3509 1723 3700 1776 ὀστέου

2121 1818 2338 1890 νεκροῦ,
2369 1817 2400 1889 ἢ
2425 1818 2730 1889 μνήματος,
2765 1815 2861 1869 καλ⁸
2887 1814 3060 1878 οὕτως
3100 1813 3242 1867 ἔστω
3269 1813 3699 1885 μεμολυσμένος.

2121 1911 2233 1966 Καὶ
2271 1911 2613 1981 τραυματίαν
2645 1905 2785 1962 εἷναί
2825 1924 3005 1978 φαμεν
3039 1906 3128 1959 τὸν
3156 1907 3253 1976 οὐχ
3279 1907 3407 1975 ὑγιᾶ
3438 1904 3536 1976 τὴν
3567 1922 3706 1976 καρα

2121 2002 2264 2064 δίαν,
2293 1999 2838 2072 τετραυματισμένον
2865 1998 2922 2051 δὲ
2953 1997 3163 2070 ὥσπερ,
3191 1999 3224 2068 ἢ
3264 1997 3583 2067 ἐπιθυμίαις
3607 2013 3705 2050 κοι-

2124 2091 2432 2162 σμικαῖς,’ἢ
2466 2089 2736 2160 θελήμασι
2775 2093 3086 2160 κοσμικοῖς,
3130 2090 3228 2144 εἴτ’
3257 2087 3351 2144 οὖν
3397 2092 3701 2160 σαρκικοῖς.

2121 2183 2336 2256 Νεκροῦ
2376 2183 2433 2236 δὲ
2465 2183 2650 2237 ὀστέον
2689 2183 3106 2255 παραδεξόμεθα
3140 2183 3205 2237 ἂν
3252 2186 3331 2248 είς
3363 2183 3706 2254 ἀκαθαρσίας

2121 2275 2392 2346 λείψανον·
2432 2275 2621 2346 μνῆμα
2663 2275 2722 2328 δὲ
2763 2269 2852 2339 αὖ,
2886 2276 2967 2337 είς
3010 2274 3316 2345 ἀνάμνησιν
3343 2274 3544 2345 τρόπον
3581 2275 3702 2328 τινά

2123 2367 2217 2420 καὶ
2264 2365 2642 2436 ἀποθανούσης
2696 2366 3056 2437 ἀκαθαρσίας.
3111 2367 3343 2438 Πλήττει
3398 2365 3507 2436 γὰρ
3558 2365 3706 2419 ἐστιν

2123 2459 2211 2512 ὅτε
2234 2457 2331 2527 τὴν
2361 2456 2590 2527 καρδίαν
2609 2458 2636 2510 ὁ
2665 2456 2930 2520 Σατανᾶς.
2966 2455 3298 2527 Ἠττώμενοι
3329 2456 3387 2508 δὲ
3411 2455 3514 2510 ἀνὰ
3542 2457 3707 2526 μέρος

2124 2551 2233 2613 τοῖς
2260 2547 2362 2618 τῆς
2398 2547 2600 2618 σαρκὸς
2635 2545 2834 2601 πάθεσι
2886 2548 2982 2602 καὶ
3024 2549 3189 2619 ἡμεῖς
3241 2547 3396 2601 αὐτοὶ⁵
3444 2545 3712 2616 νοσοῦμεν

2124 2640 2226 2693 οὐκ
2269 2641 2350 2703 είς
2393 2638 2537 2693 ἅπαν
2567 2639 2666 2711 τὴν
2705 2641 2791 2710 ἐφ’
2809 2638 2988 2692 ὁτιοῦν
3019 2639 3315 2711 ἁμαρτίαν,
3350 2639 3409 2691 έν
3437 2637 3712 2706 λειψάνοις

2125 2731 2181 2785 δὲ
2218 2731 2388 2802 αὐτῆς
2421 2731 2502 2785 ἔτι.
2535 2731 2760 2794 στάντες
2786 2729 3139 2802 διατελοῦμεν
3175 2731 3233 2783 ὲν
3261 2729 3468 2800 κόσμῳ.
3498 2723 3626 2782 Οἷόν
3657 2729 3710 2781 τί

2127 2838 2291 2892 φημι’
2315 2824 2538 2895 κρατεῖν
2569 2821 2849 2892 έπείγεταί
2888 2838 2973 2885 τις
3011 2821 3203 2892 ὀργῆς,
3243 2822 3275 2894 ἢ
3320 2821 3708 2893 φιλαργυρίας,

2126 2911 2410 2982 διαφεύγει
2477 2913 2534 2967 δὲ
2591 2913 2691 2967 οὐκ
2749 2911 2982 2966 εἰσάπαν
3025 2911 3126 2984 τὴν
3155 2912 3481 2982 ὑπερϐολήν.
3515 2909 3710 2972 Τοῦτο,

2128 3001 2301 3075 οἶμαι,
2333 3004 2450 3058 ἐστι
2482 3003 2544 3058 τὸ
2596 3006 2652 3058 έν
2694 3003 2968 3075 λειψάνοις
2996 3001 3137 3057 εἶναί
3166 3019 3316 3066 τινας
3347 3000 3713 3072 ἀκαθαρσίας,

2131 3091 2194 3150 οῦ
2223 3097 2446 3166 σημεῖον
2483 3094 2550 3150 ἂν
2581 3095 2794 3164 γένοιτο
2829 3094 2924 3149 τοῦ
2954 3095 3151 3167 νεκροῦ
3191 3096 3252 3148 τὸ
3290 3094 3503 3149 ὀστοῦν.
3552 3093 3719 3147 Ἀλλά

2133 3189 2229 3244 καὶ
2273 3188 2480 3253 πάθους
2509 3189 2608 3260 ἡδη
2654 3187 3010 3260 νενικημένου
3055 3187 3193 3260 πρὸς
3237 3188 3544 3258 ἀνάμνησιν
3576 3185 3719 3238 καθ-

2137 3279 2308 3343 ιέντες
2340 3276 2432 3333 τὸν
2464 3277 2610 3346 νοῦν,
2665 3279 2760 3333 καὶ
2793 3279 3147 3350 τεθαμμένης
3185 3278 3380 3350 ἡδονῆς
3415 3277 3584 3346 ἔγγὺς
3609 3277 3718 3330 ἱόν-

2131 3388 2225 3435 τες
2262 3369 2373 3425 ἐσθ’
2403 3371 2492 3446 δτε
2525 3370 2958 3443 πλημμελοῦμεν
2990 3371 3052 3426 οὐ
3084 3369 3318 3444 μικρῶς.
3359 3369 3721 3436 ’Δπαλλαττό-

449 3452 590 3523 μεθα
643 3453 700 3508 δὲ
751 3455 859 3508 τῶν
931 3457 1190 3510 τοιούτων
1233 3459 1610 3532 αίτιαμᾶτων,
1665 3463 2061 3534 διασμήχοντος
2099 3465 2248 3537 ἡμᾶς
2279 3463 2373 3518 τοῦ
2408 3463 2684 3535 Χριστοῦ,
2729 3464 2824 3518 καὶ
2851 3463 2929 3535 τῷ
2963 3464 3079 3537 ὲδίῳ
3110 3464 3272 3518 πάθει
3337 3461 3719 3536 διακαθαίρον-

446 3560 558 3606 τος.
603 3545 862 3600 Ἀπέθανε
897 3547 1006 3618 γὰρ
1039 3549 1178 3620 ὑπὲρ
1215 3551 1394 3622 ἡμῶν,
1430 3552 1526 3606 καὶ
1563 3552 1640 3624 τῷ
1673 3552 1902 3624 μώλωπι
1935 3554 2099 3610 αὑτοῦ
2151 3556 2310 3626 ἡμεῖς
2351 3554 2602 3626 ίάθημεν.
2673 3555 2782 3608 Καὶ
2849 3555 3012 3618 αὐτὸς
3083 3555 3183 3619 τὰς
3220 3555 3496 3627 ἁμαρτίας
3562 3555 3723 3626 ἡμῶν

448 3635 615 3705 αἴρει,
657 3638 752 3690 καὶ
789 3638 905 3692 ἐστι
953 3641 1302 3713 παράκλητος
1337 3642 1475 3715 πρὸς
1520 3645 1609 3698 τὸν
1655 3647 1879 3718 Πατέρα
1911 3649 2040 3720 περὶ
2083 3647 2192 3701 τῶν
2241 3646 2563 3719 ἁμαρτιῶν·
2630 3646 2692 3700 ού
2745 3647 2876 3720 περὶ
2926 3646 3038 3700 τῶν
3073 3647 3356 3718 ἡμετέρων
3409 3647 3464 3700 δὲ
3515 3648 3719 3716 μόνον,

444 3721 585 3780 ἀλλὰ
614 3727 708 3781 καὶ
740 3731 868 3801 περὶ
901 3731 1022 3784 ὅλου
1056 3733 1150 3786 τοῦ
1181 3733 1412 3805 κόσμου,
1479 3735 1624 3790 καθά
1688 3737 1935 3809 γέγραφέ
1965 3756 2107 3793 τισιν
2145 3742 2173 3793 6
2202 3738 2489 3804 θεσπέσιος
2531 3738 2805 3810 Ἰωάννης.
2861 3739 2950 3793 Ἐν
2980 3738 3129 3809 αὐτῷ
3162 3738 3226 3809 δὴ
3247 3734 3397 3809 οὖνὴ
3436 3740 3590 3792 πᾶσα
3621 3739 3722 3791 κά-

450 3823 664 3897 θαρσις,
707 3829 739 3896 ἡ
777 3827 926 3880 πᾶσα
967 3827 1270 3894 δικαίωσις,
1298 3833 1326 3884 6
1354 3831 1647 3902 ἁγιασμὸς,
1682 3835 1714 3904 ἡ
1745 3833 2036 3899 λύτρωσις,
2078 3836 2175 3890 σὺν
2223 3833 2373 3906 αὐτῷ
2422 3851 2483 3888 τε
2525 3835 2620 3889 καὶ
2661 3833 2729 3887 δι’
2793 3832 2962 3888 αὐτοῦ
3031 3832 3109 3905 τῷ
3155 3832 3274 3906 Θεῷ
3328 3834 3424 3888 καὶ
3475 3835 3655 3905 Πατρὶ
3686 3832 3721 3904 ἡ

451 3916 580 3986 δόξα
624 3920 721 3974 σὺν
751 3919 892 3990 ἀγίῳ
926 3919 1203 3992 Πνεύματι
1244 3925 1323 3988 είς
1363 3925 1490 3989 τοὺς
1523 3925 1728 3991 αίῶνας
1759 3927 1872 3982 τῶν
1905 3926 2137 3984 αἰώνων.
2181 3927 2378 4000 Ἀμήν.

962 4036 1040 4091 De
1060 4049 1307 4112 serpente
1345 4059 1510 4099 teneo.

524 4125 576 4178 l.
605 4126 750 4179 Deus
766 4129 991 4196 quidem
1013 4141 1246 4188 mortem
1266 4149 1377 4188 non
1398 4135 1551 4201 fecit,
1588 4153 1768 4207 neque
1785 4138 1998 4195 delecta

455 4221 546 4268 tur
564 4215 806 4283 pernicie
836 4218 1162 4286 viventium,
1181 4223 1323 4278 sicut
1345 4227 1611 4297 scriptum
1637 4239 1722 4284 est
1746 4231 1811 4285 ³⁷.
1835 4232 2031 4288 Omnia

455 4306 602 4360 enim
628 4308 872 4364 condidit
906 4321 968 4366 ut
989 4313 1374 4382 subsisterent,
1397 4327 1562 4388 atque
1607 4323 1879 4378 salutares
1903 4333 2032 4380 sunt

2463 4044 2603 4113 Περὶ
2639 4043 2746 4098 τοῦ
2773 4043 2965 4112 ὄφεως
2997 4042 3104 4098 τοῦ
3133 4042 3390 4112 χαλκοῦ.

2203 4145 2271 4192 α’.
2317 4137 2378 4192 '0
2414 4136 2512 4207 μὲν
2543 4136 2677 4200 Θεὸς
2715 4135 2942 4189 θάνατον
2975 4135 3077 4188 οὐκ
3126 4135 3404 4205 εποίησεν,
3435 4133 3560 4189 οὐδὲ
3595 4138 3724 4209 τέρ-

2138 4248 2298 4284 πεται
2332 4231 2416 4283 ἐπ’
2464 4229 2708 4300 ἀπωλείᾳ
2752 4227 2991 4292 ζώντων,
3038 4226 3181 4280 κατά
3212 4227 3272 4280 τὸ
3309 4228 3719 4297 γεγραμμένον.

2142 4323 2364 4376 Ἐκτισε
2395 4321 2502 4393 γὰρ
2534 4322 2610 4384 εἰς
2642 4321 2700 4373 τὸ
2732 4315 2871 4372 εἶναι
2898 4318 2969 4370 τὰ
2999 4317 3177 4372 πάντα
3199 4358 3214 4383 ,
3250 4318 3344 4370 καὶ
3373 4319 3636 4389 σωτήριοι
3666 4322 3720 4373 αί

456 4398 645 4452 mundi
674 4403 1073 4470 generationes.
1115 4405 1219 4460 Sed
1258 4416 1614 4479 posteaquam
1659 4415 1836 4468 nostri
1868 4431 2024 4484 gene-

2138 4415 2379 4486 γενέσεις
2399 4414 2492 4468 τοῦ
2511 4413 2738 4484 κόσμου.
2773 4410 2991 4482 Ἐπειδὴ
3011 4410 3066 4463 δὲ
3086 4409 3178 4464 τοῦ
3203 4410 3396 4480 γένους
3416 4413 3448 4480 ἡ
3473 4411 3721 4482 ἀπαρχὴ,

457 4489 532 4542 ris
549 4490 824 4558 primitiae,
849 4493 952 4548 hoc
975 4505 1077 4560 est,
1107 4496 1297 4561 Adam,
1337 4499 1710 4557 inobedientia
1757 4512 1813 4558 et
1849 4507 2034 4576 negle-

457 4587 545 4633 cto
567 4579 754 4634 divino
779 4596 1051 4654 praecepto
1089 4586 1319 4643 oﬂ‘endit
1371 4588 1686 4648 Creatorem
1709 4635 1722 4658 ,
1778 4595 1904 4650 ideo
1940 4597 2034 4652 de-

457 4669 643 4740 lapsus
695 4680 780 4726 est
821 4673 876 4727 in
941 4677 1376 4746 corruptionem,
1435 4689 1490 4735 et
1542 4683 1780 4738 hominis
1839 4693 2035 4742 natura

458 4762 746 4817 maledicta
781 4774 883 4829 est,
927 4775 1092 4837 atque
1146 4770 1285 4825 adeo
1339 4781 1512 4827 totum
1551 4790 1725 4844 genus
1782 4784 2034 4830 nostrum

458 4868 636 4922 poena:
658 4855 986 4927 subjectum.
1033 4859 1145 4915 Nos
1190 4877 1321 4916 vero
1352 4863 1559 4930 miseri,
1593 4867 1810 4920 etiamsi
1841 4866 1896 4921 in
1953 4868 2037 4923 in-

458 4950 813 5018 corruptione
835 4952 968 5016 nati,
1003 4953 1263 5025 deinceps
1322 4958 1466 5013 sicut
1499 4961 1708 5016 umbra:
1756 4979 1821 5017 ac
1862 4965 2036 5019 veluti

460 5039 647 5095 herbae
687 5041 741 5096 in
769 5044 914 5114 agris
942 5061 1135 5114 parum
1158 5063 1223 5102 ac
1251 5049 1342 5102 vix
1369 5051 1796 5119 elliorescentes,
1853 5056 2036 5125 proci-

461 5131 642 5187 dimus
689 5144 887 5203 praeter
925 5136 1242 5206 opinionem
1279 5140 1333 5194 in
1373 5148 1577 5196 terram
1616 5151 1873 5214 tanquam
1918 5162 2037 5200 ma-

463 5233 601 5278 trem
629 5235 892 5280 nostram.
921 5228 1059 5284 llinc
1085 5229 1262 5285 sancti
1292 5233 1441 5287 varie
1479 5235 1878 5301 exclamarunt,
1929 5247 2040 5292 sta-

465 5325 578 5372 tum
604 5327 853 5373 nostrum
876 5321 1245 5389 deplorantes.
1273 5324 1474 5392 Aperte
1497 5325 1644 5379 enim
1676 5327 1805 5381 licet
1841 5327 2035 5382 audire

460 5405 684 5461 beatum
719 5409 889 5463 David
923 5410 1247 5465 clamantem
1277 5431 1288 5465 :
1321 5432 1337 5462 ι
1372 5415 1544 5470 llomo
1569 5418 1794 5471 vanitati
1840 5418 2037 5472 similis

463 5497 639 5556 factus
666 5509 750 5554 est
768 5500 831 5554 ³⁸.
866 5520 882 5552 ι
916 5502 997 5556 Ad
1035 5503 1149 5557 hare
1176 5504 1380 5560 Isaias:
1421 5527 1437 5559 ι
1471 5507 1802 5565 Omniscaro
1825 5509 2033 5575 fenum,

2135 4512 2414 4564 τουτέστιν
2467 4509 2662 4580 Ἀδὰμ,
2699 4506 3132 4578 κατηρῥώστησε
3157 4505 3256 4576 τὴν
3287 4505 3596 4576 παρακοὴν,
3632 4507 3722 4557 καὶ

2131 4607 2230 4674 τῆς
2264 4604 2413 4667 θείας
2443 4601 2720 4670 ἀλογήσας
2751 4598 2969 4668 ἐντολῆς
2995 4637 3010 4656 ,
3044 4596 3456 4668 προσκέκρουκε
3490 4596 3571 4666 τῷ
3603 4596 3723 4665 Θεῷ

2131 4691 2483 4763 δημιουργῷ,
2535 4689 2790 4759 ταύτῃτοι
2836 4685 3174 4739 κατώλισθεν
3220 4686 3300 4748 είς
3343 4683 3581 4754 φθοράνε
3631 4687 3724 4738 καὶ

2133 4781 2402 4853 ἐπάρατος
2434 4780 2531 4851 μὲν
2565 4780 2596 4849 ἡ
2636 4776 2922 4848 ἀνθρώπου
2971 4773 3134 4843 φύσις
3159 4815 3172 4838 ,
3208 4775 3302 4828 καὶ
3338 4775 3443 4826 ὑπὸ
3471 4773 3632 4844 δίκην
3668 4774 3725 4826 τὸ

2134 4874 2310 4943 γένος.
2373 4863 2567 4943 Ἡμεῖς
2612 4870 2668 4924 δὲ
2710 4870 2759 4922 οἱ
2811 4867 3042 4930 τάλανες
3092 4865 3273 4920 καίτοι
3330 4867 3620 4934 γεγονότες
3667 4866 3720 4916 ὲν

2137 4962 2446 5036 ἀφθαρσίᾳ,
2488 4964 2668 5024 σκιαῖς
2699 4962 2756 5013 ἐν
2804 4960 2904 5029 ίσῳ
2934 4957 3123 5011 λοιπὸν
3168 4958 3264 5010 καὶ
3307 4956 3467 5020 πόαις
3512 4958 3634 5018 ταῖς
3666 4957 3720 5008 ὲν

2136 5057 2312 5127 ἀγρῷ,
2348 5055 2517 5125 βραχὺ
2556 5052 2650 5105 καὶ
2683 5051 2836 5123 μόλις
2862 5050 3222 5120 νοστήσαντες
3243 5092 3255 5113 ,
3298 5047 3571 5116 πίπτομεν
3598 5047 3719 5098 ἀδο-

2137 5149 2320 5219 κήτως
2347 5147 2422 5209 ώς
2465 5145 2555 5197 ἐπὶ
2585 5143 2799 5215 μητέρα
2827 5141 2926 5213 τὴν
2969 5140 3095 5211 γῆν.
3151 5138 3437 5192 Ἐντεῦθεν
3482 5139 3531 5190 οί
3575 5139 3719 5204 ἆγιοι

2136 5236 2408 5308 διαφόρως
2432 5234 2844 5305 ἀνακεκράγασι
2871 5231 2939 5285 τὰ
2979 5231 3103 5284 καθ’
3127 5233 3278 5301 ἡμᾶς
3305 5227 3717 5299 ἀνοιμώζοντες.

2145 5326 2332 5379 Ἔστιν
2373 5322 2466 5379 οῦν
2498 5325 2714 5378 ἀκούειν
2746 5321 3050 5392 ἀναφανδὸν
3087 5320 3318 5392 βοῶντος
3349 5319 3444 5373 τοῦ
3483 5319 3582 5389 μὲν
3620 5333 3722 5388 μαι

2144 5419 2334 5490 καρίου
2369 5419 2550 5472 Δαθίδ·
2600 5439 2617 5470 ι
2667 5415 2988 5486 Ἀνθρωπος
3033 5414 3352 5484 ματαιότητι
3381 5409 3665 5482 ὡμοιώθηο
3697 5427 3716 5458 ι

2157 5509 2376 5563 Ἦσαῖόυ
2421 5510 2477 5563 δὲ
2513 5491 2610 5563 αὖ·Δ
2659 5528 2677 5560 ι
2715 5508 2873 5560 Πᾶσα
2923 5503 3061 5576 σὰρξ
3098 5505 3173 5568 ώς
3213 5505 3406 5576 χόρτος
3441 5505 3538 5556 καὶ
3573 5502 3722 5556 πᾶσα

542 5611 1016 5678 “l.e\it.3xu,~l.
1097 5617 1140 5650 ³⁵
1180 5619 1278 5675 lsa.
1313 5639 1420 5688 Hll,
1584 5627 1854 5681 “Hoan.
1889 5642 1923 5688 ι,
1975 5625 2107 5691 1,2.
2189 5625 2230 5656 ’ν
2285 5624 2411 5696 Sap.
2471 5642 2507 5685 l.
2563 5625 2641 5678 l5.
2725 5621 2768 5654 ”
2821 5621 3188 5693 malacum,
3237 5632 3288 5687 .L

3738 1425 3746 1451 ι
