4052 6196
328 298 438 356 G37

1320 307 1842 371 GLAPHYRORUM
1881 313 1949 369 IN
1986 314 2317 374 NUMEROS
2354 317 2580 375 LIBER.

3487 331 3598 390 838

336 409 461 476 δόξα
485 410 797 483 ἀνθρώπου,
823 414 899 479 ῶς
927 415 1088 481 ἄνθος
1115 416 1326 490 χόρτου.
1355 439 1374 473 ι
1405 424 1761 495 Καθικόμεθα
1786 425 1903 496 γὰρ1

2019 439 2076 484 et
2095 431 2267 501 gloria
2293 431 2414 502 ejus
2429 432 2586 502 quasi
2607 430 2710 488 llos
2739 434 2852 489 feni
2878 435 2943 490 ³⁹.
2975 455 2994 488 ι
3032 436 3112 492 Eo
3141 437 3292 493 enim
3306 440 3593 497 calamita-

335 502 409 565 ὡς
442 503 603 575 ἔφην,
641 506 723 569 εις
762 507 923 561 τοῦτο
953 507 1139 564 λοιπὸν
1170 510 1487 584 ἀθλιότητός
1522 532 1580 569 τε
1610 515 1706 570 καὶ
1730 517 1919 570 ταλαι-

335 593 575 667 πωρίας,
610 595 687 661 ὡς
727 597 945 671 ὅτῳπερ
982 600 1050 655 ἀν
1082 602 1307 668 εἰκότως
1334 605 1404 660 τά
1432 606 1554 660 καθ’
1598 607 1746 679 ἡμᾶς
1775 624 1918 680 παρ-

332 684 677 753 ιικάζοντος,
726 691 802 763 μὴ
863 692 931 745 ἂν
978 693 1238 750 δύνασθαι
1280 697 1486 767 λέγειν,
1548 700 1730 754 καίτοι
1795 700 1916 755 λίαν

331 777 491 841 ὄντας
517 781 716 848 σοφοὺς
740 783 871 846 τοὺς
894 785 1402 859 Πνευματοφὸρους.
1452 789 1588 843 Ἀλλ’
1617 792 1676 844 ἐν
1707 789 1916 856 τούτοις

332 870 644 938 γεγονότας,
675 874 737 927 ού
767 876 1035 947 περιεῖδεν
1056 880 1084 932 6
1115 881 1372 952 Ποιητής·
1403 880 1603 952 ἠξίωσε
1631 882 1687 936 δέ
1716 883 1916 955 μᾶλλον

332 962 427 1015 καὶ
456 963 673 1033 φειδοῦς
698 967 793 1021 καὶ
816 967 997 1037 λόγου,
1027 972 1121 1025 καὶ
1152 972 1382 1027 θανάτου
1404 974 1500 1029 καὶ
1533 974 1744 1044 φθορᾶς
1766 975 1917 1029 ἐλτευ⁹

332 1052 523 1124 θέρους
561 1054 844 1126 ἀπέφηνεν
889 1060 948 1112 ἐν
974 1060 1215 1133 Χριστῷ.
1241 1064 1387 1129 Πῶς,
1431 1066 1465 1138 ἢ
1507 1066 1632 1120 τίνα
1677 1068 1912 1139 τρόπον;

331 1143 605 1215 Πρόδηλον
649 1147 748 1217 μὲν
794 1146 1001 1214 ἅπασι,
1058 1151 1162 1206 κᾶν
1197 1156 1245 1207 εί
1293 1157 1366 1227 μή
1416 1174 1501 1219 τις
1541 1156 1689 1226 λέγοι
1727 1158 1911 1230 τυχόν·

331 1232 475 1304 πλὴν
510 1236 604 1286 καὶ
640 1237 698 1288 ἐν
728 1237 911 1301 αὐτοῖς
939 1239 1149 1293 κατίδοι
1181 1259 1264 1301 τις
1293 1242 1360 1297 ἂν
1388 1248 1502 1308 τοῖς
1538 1245 1915 1318 ἀρχαιοτέροις

330 1325 682 1397 Γράμμασιν,
726 1328 821 1383 τοῦ
873 1331 1172 1403 μυστηρίου
1214 1335 1315 1406 τὴν
1361 1335 1610 1408 δύναμιν.
1666 1339 1817 1409 Ἔχει
1858 1338 1914 1392 δὲ

329 1417 503 1482 οὕτως
530 1419 588 1471 ἐν
606 1422 720 1485 τοῖς
759 1423 1058 1495 ’Δριθμοῖς’
1091 1444 1112 1477 ι
1141 1427 1250 1480 Kal
1274 1428 1581 1499 ἐπάραντες
1608 1430 1666 1497 ἐξ
1697 1431 1795 1501 “ap
1817 1429 1911 1484 τοῦ

329 1509 484 1579 ὅρους
519 1512 637 1565 ὁδὸν
679 1515 770 1566 ἐπὶ
806 1514 1080 1570 θάλασσαν
1122 1518 1413 1591 Ἐρυθρὰν,
1461 1520 1912 1593 περιεκύκλωσαν

326 1602 426 1673 τήν
470 1604 577 1674 γῆν
637 1606 836 1678 Ἑδὼμ’
887 1609 982 1663 καὶ
1032 1609 1454 1682 ὠλιγοψύχωσεν
1499 1615 1528 1666 6
1575 1613 1703 1677 λαὸς
1745 1614 1805 1668 ἐν
1844 1615 1910 1684 τῇ

327 1695 429 1766 ὀδῷ
450 1711 462 1725 ·
493 1697 587 1750 καὶ
620 1699 905 1755 κατελάλει
927 1704 956 1755 6
984 1702 1111 1766 λαὸς
1136 1704 1273 1776 πρὸς
1294 1705 1387 1758 τὸν
1410 1704 1543 1759 Θεὸν
1569 1706 1711 1760 κατά
1737 1706 1908 1774 Μωσῆ

2020 524 2093 579 tis
2118 533 2176 579 et
2210 524 2445 579 miseriae
2489 525 2812 593 recidimus,
2862 529 3328 599 quemadmodum
3371 532 3504 597 dixi,
3535 542 3596 591 ut

2018 614 2207 673 nullus
2247 616 2659 684 quantumlibet
2698 618 2965 687 praeditus
3002 621 3276 691 sapientia
3325 622 3599 680 divinitus

2014 704 2281 775 inspirata
2306 706 2481 775 possit
2510 707 2717 774 dicere,
2744 709 2835 765 ‘cui
2866 710 3065 765 merito
3094 726 3182 766 res
3203 721 3410 768 nostrae
3447 728 3599 768 com-

2017 797 2197 867 parari
2247 805 2471 867 queant.
2529 799 3020 857 Verumenimvero
3067 818 3169 858 nos
3236 804 3311 859 ita
3368 805 3599 861 aﬂ‘ectos

2015 884 2245 941 Creator
2282 902 2392 942 non
2409 886 2680 959 despexit,
2708 899 2763 945 at
2785 892 2968 961 potius
2996 908 3095 948 sua
3133 908 3267 949 cura
3284 895 3597 966 benignita-

2017 986 2183 1048 teque
2210 987 2297 1035 est
2334 979 2612 1050 dignatus,
2659 992 2823 1052 atque
2854 999 2886 1038 a
2919 992 3095 1040 morte
3137 994 3193 1040 et
3240 987 3597 1056 corruptione

2013 1071 2219 1127 liberos
2242 1087 2341 1142 per
2376 1071 2659 1128 Christum
2683 1075 2939 1131 reddidit.
2967 1076 3216 1144 Quonam
3248 1093 3380 1134 vero
3397 1078 3598 1133 modo?

2016 1165 2364 1220 Manifestum
2391 1174 2475 1220 est
2499 1167 2696 1230 cuivis,
2739 1168 3051 1223 tacentibus
3077 1170 3244 1224 etiam
3294 1170 3594 1228 omnibus:

2015 1266 2286 1326 praeterea
2328 1269 2397 1309 ex
2447 1256 2733 1311 veteribus
2764 1257 2930 1311 etiam
2984 1258 3211 1327 scriptis
3265 1258 3425 1313 facile
3474 1258 3600 1328 quis

2014 1347 2285 1418 intelligat
2323 1347 2489 1418 hujus
2532 1347 2779 1419 mysterii
2837 1349 2971 1402 vim.
3014 1349 3096 1404 Ita
3146 1364 3278 1404 vero
3328 1349 3495 1404 habet
3539 1350 3593 1404 in

2012 1440 2155 1495 libro
2175 1440 2541 1494 Numerorum
2578 1457 2591 1493 :
2626 1458 2643 1489 ι
2673 1439 2741 1494 Et
2765 1438 2995 1509 profecti
3040 1455 3070 1494 a
3127 1447 3312 1495 monte
3353 1440 3465 1494 Hor
3497 1456 3598 1511 per

2013 1529 2157 1584 viam
2179 1528 2246 1583 ad
2273 1542 2419 1582 mare
2436 1526 2707 1591 Rubrum,
2730 1527 3127 1581 circumierunt
3155 1534 3357 1581 terram
3380 1526 3553 1582 Edom
3579 1544 3593 1580 :

2011 1629 2068 1676 et
2098 1620 2332 1691 populus
2358 1619 2535 1674 factus
2566 1626 2650 1672 est
2698 1617 3065 1688 pusillanimis
3088 1617 3156 1672 ad
3188 1617 3359 1671 Deum
3405 1624 3597 1672 contra

2014 1712 2222 1776 Mosen,
2248 1710 2498 1767 dicentes
2534 1730 2547 1765 :
2573 1711 2753 1778 Quare
2780 1709 3018 1766 eduxisti
3040 1726 3141 1765 nos
3168 1725 3237 1765 ex
3257 1708 3511 1780 Egypto,
3535 1717 3599 1765 ut

326 1784 604 1853 λέγοντες·
644 1788 762 1843 Ἵνα
789 1790 842 1844 τί
872 1791 1140 1864 ἐξήγαγες
1166 1796 1314 1866 ἡμᾶς
1342 1794 1403 1860 ἐξ
1433 1797 1733 1882 Αἰγύπτου,
1768 1797 1903 1851 ἀπο-

2011 1819 2115 1859 nos
2142 1804 2198 1857 in
2231 1804 2336 1857 hoc
2362 1803 2581 1858 deserto
2610 1801 2986 1857 interliceres?
3018 1800 3157 1867 Quia
3192 1801 3283 1857 hic
3315 1816 3419 1856 nec
3440 1801 3598 1870 panis

328 1881 532 1933 κτεῖναι
574 1881 721 1952 ἡμᾶς
769 1883 829 1936 ἐν
857 1886 923 1954 τῇ
965 1886 1333 1957 ἐρήμῳ;”οτι
1382 1887 1482 1943 οὐκ
1514 1887 1662 1961 ἔστιν
1707 1888 1906 1959 ἄρτος,

325 1969 444 2022 οὐδὲ
485 1968 650 2041 ὕδωρ.
709 1972 775 2026 Ἦ
822 1972 881 2027 δὲ
922 1973 1069 2047 ψυχὴ
1111 1976 1268 2048 ήμῶν
1301 1976 1679 2048 προσώχθισεν
1729 1981 1789 2034 ἐν
1830 1980 1909 2052 τῷ

325 2058 473 2129 ἄρτῳ
498 2059 579 2131 τῷ
624 2061 859 2135 διακένῳ
901 2064 1094 2136 τούτῳ.
1130 2067 1241 2120 Kal
1268 2067 1556 2123 ἀπέστειλε
1586 2070 1791 2143 Κύριος
1828 2074 1909 2138 είς

324 2149 415 2203 τὸν
452 2150 578 2207 λαὸν
605 2153 734 2217 τοὺς
766 2154 919 2223 ὄφεις
961 2157 1088 2220 τοὺς
1131 2157 1530 2226 θανατοῦντας,
1563 2162 1658 2216 καὶ
1688 2163 1908 2221 ἐδακνον

322 2242 414 2297 τὸν
458 2243 604 2298 λαόν.
657 2246 771 2301 Kal
826 2247 1097 2313 ἀπέθανεν
1149 2252 1178 2304 6
1228 2250 1356 2316 λαὸς
1407 2253 1574 2318 πολὺς
1614 2254 1724 2310 τῶν
1775 2257 1908 2313 υἱῶν

336 2332 570 2403 Ἰσραήλ.
625 2335 735 2388 Καὶ
780 2338 1225 2409 παραγενόμενος
1272 2342 1303 2395 6
1348 2341 1478 2407 λαὸς
1522 2344 1659 2417 πρὸς
1700 2348 1907 2419 Μωσήν

323 2423 510 2494 ἔλεγεν
539 2426 642 2492 ὅτι,
700 2428 1154 2501 Ἥμαρτήκαμεν,
1198 2431 1280 2486 ὅτι
1326 2433 1775 2508 κατελαλήσαμεν
1809 2438 1905 2493 τοῦ

324 2516 528 2590 Κυρίου
572 2519 832 2575 καὶκατὰ
873 2521 991 2577 σοῦ.
1036 2519 1201 2588 Εῦξαι
1232 2521 1325 2580 οὖν
1359 2527 1495 2598 πρὸς
1540 2510 1775 2599 Κύριον,
1811 2533 1906 2587 καὶ

322 2609 570 2678 ἀφελέτω
584 2611 677 2680 ἀφ’
705 2612 860 2685 ήμῶν
892 2614 983 2668 τὸν
1003 2614 1144 2686 ὅφιν.
1176 2618 1286 2671 Kal
1314 2617 1517 2689 ηὔξατο
1547 2622 1755 2693 Μωσῆς
1778 2624 1907 2695 περὶ

319 2698 413 2752 τοῦ
462 2700 615 2755 λαοῦ.
650 2704 760 2758 Kal
788 2701 909 2760 εἶπε
955 2706 1159 2779 Κύριος
1198 2709 1336 2781 πρὸς
1374 2712 1582 2783 Μωσῆν
1606 2729 1621 2743 ·
1669 2714 1906 2786 Ποίησον

316 2791 531 2863 σεαυτῷ
561 2792 704 2863 ὅφιν,
744 2796 838 2849 καὶ
883 2794 972 2860 θές
1012 2797 1175 2853 αὑτὸν
1206 2799 1300 2854 ἐπὶ
1334 2801 1579 2872 σημείου,
1617 2804 1726 2858 Καὶ
1752 2804 1906 2860 ἐσται

320 2880 414 2935 ἐάν
445 2882 584 2954 δάκῃ
614 2883 738 2952 ὄφις
765 2884 1073 2958 ἄνθρωπον,
1105 2890 1211 2954 πᾶς
1240 2891 1269 2944 6
1293 2889 1621 2963 δεδηγμένος
1658 2894 1783 2948 ἰδὼν
1806 2895 1905 2949 αύ-

317 2975 409 3028 τδν
451 2975 698 3047 ζήσεται.
734 2978 845 3032 Kal
878 2980 1134 3052 ἐποίησεν
1161 2984 1190 3036 6
1236 2984 1443 3055 Μωσῆς
1480 2985 1605 3056 ὅφιν
1644 2986 1901 3057 χαλκοῦν,

318 3065 412 3118 καὶ
458 3065 687 3137 ἔστησεν
724 3068 889 3123 αὐτὸν
935 3072 1028 3124 ἐπὶ
1075 3073 1325 3145 σημείου.
1371 3075 1485 3129 Kal
1528 3074 1744 3144 ἐγένετο
1775 3078 1904 3132 ὅταν

2013 1901 2120 1958 est,
2145 1908 2247 1947 nec
2279 1908 2439 1961 aqua.
2475 1891 2671 1945 Anima
2712 1898 2897 1946 nostra
2940 1889 3207 1945 abhorret
3245 1904 3277 1943 a
3304 1906 3447 1959 pane
3492 1889 3597 1945 isto

2013 1983 2143 2040 lcvi.
2164 1984 2233 2039 Et
2251 1982 2401 2037 misit
2419 1983 2565 2037 Deus
2590 1990 2873 2052 serpentes
2893 1981 2950 2035 in
2976 1980 3240 2051 populum
3258 1980 3594 2046 mortiferos,

2014 2076 2110 2147 qui
2139 2073 2456 2130 morderent
2476 2072 2758 2142 populum.
2782 2071 2851 2126 Et
2864 2071 3072 2126 multus
3096 2071 3335 2140 populus
3355 2069 3596 2125 ﬁliorum

2013 2167 2181 2224 Israel
2210 2164 2572 2220 moriebatur.
2603 2162 2906 2233 Aggressus
2922 2167 3108 2216 autem
3127 2161 3362 2230 populus
3386 2159 3594 2225 Mosen,

2014 2258 2272 2314 dicebant
2298 2275 2311 2310 :
2334 2253 2869 2324 Peccavimus,vquia
2893 2253 3138 2309 oblocuti
3160 2251 3597 2307 sumusDomino

2011 2358 2070 2405 et
2097 2349 2218 2405 tibi.
2246 2347 2353 2405 Ora
2381 2347 2548 2419 igitur
2585 2345 2899 2409 Dominum,
2924 2353 2985 2399 ut
3010 2345 3163 2400 tollat
3188 2343 3357 2416 5.08
3379 2358 3408 2397 a
3438 2339 3598 2398 nobis

2011 2448 2346 2511 serpentem.
2370 2440 2439 2494 Et
2469 2440 2648 2494 oravit
2680 2438 2856 2493 Moses
2882 2436 3173 2492 Dominum
3224 2449 3324 2504 pro
3371 2432 3594 2504 populo.

2011 2526 2271 2597 Dixitque
2299 2525 2565 2580 Dominus
2595 2524 2665 2579 ad
2690 2525 2876 2579 Mosen
2913 2543 2926 2577 :
2962 2523 3068 2578 Fac
3110 2523 3210 2577 tibi
3256 2530 3593 2593 serpentem,

2010 2621 2067 2667 et
2093 2628 2235 2682 pone
2262 2612 2411 2667 hunc
2437 2612 2493 2666 in
2527 2612 2764 2683 signum.
2804 2612 3034 2682 Fietque
3069 2619 3152 2677 ut,
3190 2626 3315 2666 cum
3353 2626 3596 2666 momor-

2011 2703 2157 2759 derit
2189 2719 2420 2775 serpens
2443 2703 2747 2767 hominem,
2772 2704 2954 2758 omnis
2984 2702 3265 2772 quifuerit
3293 2717 3514 2757 morsus
3543 2710 3600 2757 et

2011 2795 2293 2852 intueatur
2328 2796 2497 2861 hunc,
2524 2796 2599 2851 sit
2626 2796 2892 2850 victurus.
2938 2795 3198 2864 Fecitque
3246 2793 3423 2849 Moses
3474 2808 3596 2848 ser-

2009 2896 2232 2961 pentcm
2261 2904 2494 2953 aeneum,
2517 2897 2574 2943 et
2604 2887 2799 2943 statuit
2822 2902 2951 2943 eum
2974 2886 3028 2940 in
3049 2886 3286 2958 signum.
3310 2884 3596 2940 Etaccidit

2012 2989 2093 3047 ut,
2128 2995 2255 3036 cum
2294 2994 2521 3050 serpens
2549 2978 2940 3033 momordisset
2985 2975 3291 3040 hominem,
3322 2975 3597 3044 aspiceret

2010 3075 2079 3130 ad
2116 3084 2427 3145 serpentem
2461 3089 2699 3137 aeneum,
2739 3080 2795 3128 et
2819 3071 3031 3126 viveret
3079 3069 3143 3124 ‘°.
3194 3088 3212 3121 ι
3267 3068 3596 3124 Serviebant

318 3154 543 3212 ἔδακνεν
562 3158 592 3209 6
614 3156 739 3226 ὄφις
763 3160 1073 3231 ἄνθρωπον,
1099 3164 1192 3217 xal
1214 3164 1513 3235 ἐπέϐλεψεν
1544 3168 1637 3221 ἐπὶ
1663 3166 1756 3221 τὸν
1780 3167 1903 3238 ὅφιν

2009 3167 2158 3223 enim
2184 3166 2239 3221 in
2263 3165 2518 3237 Egypto,
2543 3172 2599 3220 et
2616 3162 2955 3219 intolerabili
2986 3160 3253 3216 servitute
3278 3159 3548 3230 oppressi,
3564 3175 3597 3214 a

316 3248 408 3301 τὸν
444 3249 702 3318 χαλκοῦν,
734 3252 830 3306 καὶ
864 3251 983 3323 ἐζη.
1020 3273 1042 3306 ι
1087 3255 1377 3327 Ἐθήτευον
1411 3256 1512 3327 μὲν
1552 3257 1662 3330 γὰρ
1706 3260 1765 3314 ἐν
1808 3261 1904 3314 Al-

318 3340 531 3412 γύπτῳ,
551 3343 644 3397 καὶ
664 3344 925 3417 ἀφορήτῳ
936 3345 1150 3418 δουλείᾳ.
1168 3347 1594 3421 κατηχθισμὲνοι
1613 3350 1906 3423 λελύτρων-

316 3448 406 3485 ται
447 3433 601 3505 παρά
627 3433 792 3501 Θεοῦ,
833 3435 1047 3507 πολλῶν
1092 3439 1186 3492 κα)⁸
1214 3439 1564 3508 ἀξιαγάστων
1603 3441 1903 3510 γεγονότων

317 3523 436 3577 ἐκεῖ
465 3524 725 3594 σημείων.
768 3527 1254 3599 Μετεστοιχειοῦτο
1286 3531 1388 3601 μιν
1424 3531 1535 3603 γὰρ
1563 3533 1642 3596 είς
1669 3526 1808 3603 αἷμα
1841 3531 1903 3586 τὸ

320 3612 481 3684 ὕδωρ,
502 3613 764 3687 βάτραχοί
785 3633 843 3670 τε
872 3619 967 3675 καὶ
998 3622 1247 3686 σκνῖπες,
1280 3622 1375 3675 καὶ
1404 3622 1501 3693 μέν
1518 3639 1602 3677 τοι
1625 3623 1721 3676 καὶ
1743 3623 1901 3677 κυνό-

322 3720 477 3772 μυιαι
500 3745 515 3771 ,
565 3706 661 3759 καὶ⁵
689 3706 932 3780 χαλάζης
960 3711 1251 3780 ἐπαγωγαὶ
1283 3713 1567 3783 μονονουχὶ
1596 3713 1696 3785 τῆς
1729 3714 1900 3781 Δίγυ-

320 3793 490 3847 πτίων
519 3795 954 3867 κατεστράτευον
978 3799 1101 3870 γῆς·
1139 3800 1462 3865 ἐκολάζοντο
1486 3803 1543 3855 δὲ
1572 3803 1668 3857 καὶ
1697 3803 1895 3874 σκότῳ,

316 3886 411 3939 καὶ
438 3886 547 3939 τῶν
575 3888 937 3958 πρωτοτόκων
959 3891 988 3944 6
1009 3890 1237 3957 θάνατος
1256 3893 1547 3966 ἀφορήτως
1576 3894 1901 3965 κατῃκίζετο

316 3976 439 4039 τοὺς
478 3977 822 4035 πλεονεκτεῖν
867 3982 1197 4053 ᾑρημένους,
1228 3984 1365 4038 Θεοῦ
1403 3985 1723 4056 παραδόξως
1764 3987 1900 4040 ἀνα-

319 4063 581 4132 σώζοντος
609 4070 737 4132 τοὺς
767 4070 826 4137 ἐξ
868 4070 1107 4142 Ἰσραήλ.
1134 4066 1269 4127 Εἶτα
1295 4073 1384 4128 διά
1413 4074 1584 4145 μέσης
1625 4073 1900 4147 θαλάσσης

319 4155 486 4220 ἰόντες
502 4158 578 4222 ὡς
604 4159 696 4213 ἐπὶ
724 4161 896 4233 ξηρᾶς
922 4162 1121 4228 ἀθλίως
1142 4166 1488 4230 ἀπολωλότας
1514 4166 1748 4222 ἐθεῶντο
1771 4168 1898 4233 τοὺς

314 4243 665 4311 Αἰγυπτίους.
699 4249 901 4320 Ἀρτον
929 4250 1172 4321 ἐδέχοντο
1201 4253 1291 4308 τὸν
1317 4255 1376 4323 ἐξ
1416 4256 1647 4327 ούρανοῦ
1667 4272 1681 4286 ’
1718 4257 1897 4311 καθίει

314 4335 422 4408 γὰρ
450 4339 634 4403 αὐτοῖς
664 4341 724 4394 τὸ
774 4342 950 4412 μάννα
987 4344 1139 4408 Θεός.
1176 4347 1376 4404 Εἵπετο
1418 4348 1475 4402 δὲ
1506 4349 1583 4414 ὼς
1629 4351 1687 4402 ἐν
1722 4351 1898 4424 πέτρᾳ

317 4428 602 4499 νοούμενος
635 4433 889 4503 Χριστός·
922 4436 1017 4489 καὶ
1052 4438 1329 4510 ἀδοκήτως
1367 4440 1571 4512 νάμασι
1608 4442 1894 4514 δεδιψηκό-

314 4537 409 4584 τας
447 4521 616 4591 ἠλέει.
656 4525 936 4590 Παναλκὲς
967 4527 1075 4600 γὰρ
1111 4529 1174 4583 τὸ
1206 4529 1380 4597 Θείον,
1414 4534 1510 4587 καὶ
1542 4533 1792 4604 ἀφθόνως
1824 4535 1893 4589 τὰ

315 4610 539 4684 ζωαρκῆ
582 4613 924 4688 δωρούμενον
959 4622 1073 4685 τοῖς
1114 4621 1497 4695 ἀνακειμένοις
1531 4625 1703 4697 αὐτῷ.
1751 4626 1894 4680 Ἀλλ’

312 4702 359 4753 οἱ
393 4703 500 4755 τῶν
528 4704 702 4770 οὕτως
736 4708 1030 4781 ἐξαιρέτων
1063 4711 1470 4780 ἀπολαύσαντες
1498 4716 1744 4785 ἀγαθῶν,
1778 4717 1895 4770 όλίυ

312 4808 428 4857 νοις
480 4795 793 4868 ἐλέγχονται
840 4801 1044 4866 πόνοις.
1100 4804 1223 4859 Ὅτι
1274 4806 1367 4859 καὶ
1424 4807 1739 4879 ἀμνήμονες
1787 4809 1897 4863 τῶν

314 4886 460 4956 παρά
486 4888 643 4953 Θεοῦ,
668 4892 763 4944 xal
783 4892 983 4961 ήκιστα
1010 4895 1109 4966 μὲν
1134 4897 1338 4968 ἑδραῖοι
1368 4898 1506 4970 πρὸς
1534 4900 1595 4953 τὸ
1619 4901 1897 4956 πιστεύειν

313 4979 480 5051 αὐτῷ,
510 4980 730 5054 θρασεῖς
750 4984 805 5040 δέ
832 4987 923 5040 καὶ
949 4988 1361 5047 εὐκατάσειστοι
1392 4996 1486 5047 καὶ
1513 4993 1719 5066 ἕτοιμοι
1754 4997 1893 5069 πρὸς

315 5074 698 5145 μικροιῖκυχίαν,
748 5078 842 5132 καὶ
874 5079 945 5133 τὰ
975 5083 1060 5151 ἐφ’
1091 5078 1173 5147 οἷς
1204 5086 1525 5156 τετίμηνται
1564 5088 1891 5159 παραλόγως

312 5166 663 5236 ἠγνοηκότες.
705 5168 995 5225 Διὰκενον
1037 5173 1146 5246 γὰρ
1187 5174 1443 5229 καλοῦσιν
1482 5175 1645 5247 ἄρτον
1693 5177 1786 5232 τὸν
1831 5178 1892 5244 ἐξ

310 5255 560 5325 ούρανοῦ,
589 5259 682 5314 καὶ
702 5261 802 5333 τὴν
830 5262 939 5316 τῶν
967 5264 1175 5319 ὑδάτων
1195 5267 1496 5339 ἐπῃτιῶντο
1525 5268 1742 5323 σπάνιν-
1768 5269 1890 5323 καί-

318 5361 391 5398 τοι
432 5350 813 5423 μεμαθηκότες
856 5354 931 5418 ῶς
964 5356 1228 5427 ἀνήνυτον
1256 5357 1406 5412 οὐδὲν
1441 5361 1505 5430 τῇ
1541 5359 1662 5432 θείᾳ
1708 5377 1768 5412 τε
1800 5360 1896 5413 καὶ

316 5436 607 5513 ἀπορρήτῳ
649 5443 841 5514 φύσει,
871 5446 906 5517 ἡ
939 5448 1033 5501 καὶ
1071 5448 1354 5520 ποταμίων
1388 5450 1644 5522 ναμάτων
1678 5452 1893 5523 μητέρα

319 5533 407 5604 τὴν
436 5536 743 5609 ἀκρότομον
775 5539 959 5605 αὐτοῖς
988 5542 1194 5615 πέτραν
1222 5542 1417 5597 ἐτίθει.
1461 5544 1894 5615 Ἀπροφάσιστον

386 5711 432 5743 ³⁸⁵
466 5710 566 5767 lsa.
600 5729 686 5779 τι..
720 5713 770 5769 6.
853 5714 895 5746 ⁸⁸
928 5715 1087 5772 Num.
1123 5732 1230 5784 xxi,
1275 5717 1394 5773 4-9.

2005 3260 2120 3314 Deo
2152 3267 2282 3313 sunt
2313 3256 2607 3327 redempti,
2643 3254 2838 3310 multis
2862 3261 2919 3309 et
2945 3252 3234 3324 stupendis
3284 3252 3457 3323 signis
3516 3252 3592 3307 ibi

2004 3350 2189 3405 editis.
2206 3348 2644 3405 Convertebatur
2659 3346 2807 3402 enim
2824 3361 2965 3417 aqua
2977 3345 3033 3400 in
3046 3344 3369 3416 sanguinem
3387 3360 3401 3409 ;
3422 3358 3591 3408 ranae,

2006 3450 2065 3498 et
2094 3442 2322 3507 culices,
2378 3442 2623 3511 itemque
2670 3439 2980 3511 cynomyia,
3032 3453 3097 3493 ac
3117 3436 3330 3509 grando
3369 3435 3594 3491 inducta

2004 3539 2219 3587 tantum
2288 3545 2401 3586 non
2465 3528 2847 3601 [Egyptiorum
2926 3534 3128 3581 terram
3174 3524 3591 3596 expugnabant;

2003 3620 2071 3675 ad
2133 3620 2253 3675 hate
2309 3619 2690 3676 obruebantur
2732 3617 2996 3681 tenebris,
3062 3625 3120 3672 et
3181 3631 3331 3671 mors
3382 3614 3592 3684 primo-

2002 3710 2316 3782 genitorum
2363 3726 2461 3766 eos
2504 3709 2833 3780 occupabat,
2894 3708 2989 3778 qui
3039 3707 3384 3778 tyrannidem
3413 3707 3470 3761 in
3507 3705 3593 3776 ip-

2002 3820 2094 3860 sos
2128 3818 2386 3860 exercere
2406 3803 2684 3867 volebant,
2711 3803 2825 3857 Deo
2852 3801 3073 3862 interim
3116 3800 3388 3855 lsraclitas
3419 3799 3587 3853 mira-

2001 3893 2187 3949 biliter
2220 3901 2492 3949 servante.
2522 3892 2728 3947 Deinde
2751 3908 2854 3963 per
2880 3892 3126 3947 medium
3150 3906 3303 3946 mare
3325 3899 3590 3958 tanquam

2000 4002 2100 4057 per
2122 3985 2330 4040 siccum
2353 3983 2584 4053 profecti
2609 3981 2895 4052 Egyptios
2914 3982 3118 4036 misere
3157 3979 3387 4051 periisse
3433 3979 3590 4034 vide-

2001 4085 2152 4131 runt.
2181 4076 2385 4130 Panem
2423 4072 2589 4128 etiam
2611 4072 2957 4144 accipiebant
2983 4088 3014 4128 e
3048 4073 3190 4128 cmlo
3227 4091 3240 4126 :
3269 4073 3416 4127 Deus
3440 4071 3591 4127 enim

2000 4166 2136 4238 ipsis
2168 4165 2491 4221 demittebat
2542 4180 2761 4219 manna.
2806 4163 3055 4220 Tandem
3110 4163 3368 4221 Christus
3413 4163 3589 4219 veluti

2001 4260 2058 4314 in
2084 4264 2239 4328 petra
2284 4256 2614 4321 intellectus,
2664 4255 2959 4327 insperatis
3005 4255 3228 4312 ﬂuentis
3279 4254 3587 4311 sitientium

1999 4360 2085 4407 est
2112 4349 2391 4405 misertus.
2428 4348 2629 4403 Potens
2652 4348 2800 4403 enim
2830 4354 2916 4403 est
2962 4348 3059 4403 Dei
3084 4364 3290 4403 numen
3345 4348 3402 4402 in
3456 4348 3586 4412 illis,

1999 4450 2164 4512 atque
2185 4440 2392 4496 affatim
2424 4454 2546 4509 quae
2575 4438 2642 4494 ad
2665 4439 2833 4494 vitam
2856 4446 2985 4493 sunt
3032 4436 3345 4493 necessaria
3389 4452 3591 4506 suppe-

1997 4534 2135 4589 ditat
2163 4534 2244 4589 eis
2269 4533 2363 4603 qui
2404 4532 2507 4603 ipsi
2558 4530 2867 4586 consecrati
2926 4536 3074 4585 sunt.
3124 4529 3217 4584 lsti
3255 4535 3438 4583 autem
3491 4529 3588 4598 qui

1995 4634 2077 4682 tot
2099 4625 2299 4682 eximia
2320 4630 2684 4695 perceperunt
2704 4622 2870 4686 bona,
2891 4620 3104 4678 debiles
3124 4626 3272 4684 sunt,
3295 4627 3351 4674 et
3375 4619 3590 4690 exiguis

1991 4719 2277 4779 laboribus
2302 4717 2672 4773 succumbunt
2704 4714 2874 4786 :quia
2900 4722 2958 4770 et
2990 4714 3153 4769 obliti
3196 4721 3327 4769 sunt
3371 4710 3587 4768 beneﬁ-

1997 4812 2209 4866 ciorum
2254 4810 2375 4875 Dei,
2410 4824 2591 4879 neque
2629 4806 2819 4863 ﬁrmos
2861 4806 2930 4861 ad
2995 4805 3334 4861 credendum
3369 4805 3419 4857 ei
3466 4818 3585 4858 sese

1999 4901 2396 4965 exhibuerunt,
2443 4899 2824 4953 inconstantes
2864 4911 2999 4951 vero
3027 4895 3294 4963 facileque
3354 4891 3587 4946 mobiles

1997 4993 2172 5057 fuere,
2187 4992 2452 5061 valdeque
2466 4990 2532 5045 ad
2555 4990 2902 5044 timiditatem
2917 4987 3205 5057 proclives,
3219 4992 3275 5037 et
3293 4983 3583 5046 bonorum,

1996 5084 2200 5157 quibus
2236 5098 2266 5137 a
2312 5083 2423 5137 Deo
2472 5081 2655 5137 all‘ecti
2705 5088 2853 5145 sunt,
2902 5078 3100 5135 stolide
3144 5076 3339 5148 ignari.
3382 5076 3585 5130 Panem

1995 5176 2143 5232 enim
2169 5176 2448 5232 cmlestcm
2505 5173 2784 5244 appellant
2816 5172 3000 5233 levem,
3049 5178 3105 5225 et
3145 5184 3409 5239 aquarum
3460 5168 3583 5222 ino-

1994 5270 2139 5340 piam
2169 5269 2415 5338 culpant,
2467 5267 2571 5322 etsi
2594 5268 2705 5336 jam
2741 5266 2871 5320 olim
2896 5262 3233 5333 experientia
3262 5261 3583 5315 didicissent

1995 5361 2135 5416 nihil
2162 5375 2282 5414 esse
2319 5358 2661 5428 impossibile
2695 5355 2840 5426 apud
2864 5354 3105 5408 divinam
3124 5361 3287 5421 atque
3334 5351 3584 5406 inell‘abi-

1992 5453 2102 5508 lem
2137 5461 2413 5516 naturam,
2438 5466 2560 5520 qua:
2593 5448 2728 5518 ipsis
2752 5447 2945 5501 duram
2978 5453 3189 5515 petram
3227 5442 3473 5513 posuerit
3524 5443 3582 5503 in

1997 5546 2206 5601 fontem
2270 5557 2561 5614 aquarum.
2610 5539 2746 5596 Cum
2775 5538 2941 5611 igitur
2993 5546 3200 5594 tcmcre
3250 5551 3315 5595 ac
3366 5536 3583 5597 nefaria
