4052 6196
429 293 533 350 639

1455 295 1512 352 8.
1556 295 1834 352 CYRILLI
1873 292 2344 350 ALEXANDRINI
2383 293 2705 358 ARCHIEP.

3596 297 3702 356 cm

430 408 916 465 obmurmurarent
971 409 1114 476 Deo,
1169 412 1446 469 morsibus
1499 421 1821 484 serpentum
1887 418 2014 466 sunt

2117 409 2173 463 δὲ
2215 407 2354 463 κατὰ
2389 407 2526 462 Θεοῦ
2562 406 2876 479 ποιούμενοι
2919 408 3018 480 τὴν
3052 408 3414 482 κατάρῤησιν,
3452 412 3564 475 τοῖς
3593 413 3704 468 τῶν

430 498 628 568 puniti.
686 499 893 555 Deinde
940 502 1152 557 reversi
1196 502 1264 557 ad
1289 519 1368 569 se,
1398 513 1752 574 peccatorum
1791 515 2018 557 suorum

429 590 766 658 agnitionem
789 590 1044 662 lacrymis
1073 600 1378 660 testantur,
1416 594 1755 650 conﬁtentur
1794 594 2015 658 delicta,

428 686 486 734 et
509 679 870 734 mediatorem
915 681 1211 752 implorant
1249 685 1456 750 Mosen,
1489 693 1550 739 ut
1595 683 2018 740 misericordem

431 769 568 839 ipsis
602 778 658 824 et
682 771 954 839 placatum
980 773 1238 830 redderet
1273 777 1466 832 Deum.
1519 777 1621 832 llic
1658 793 1790 832 vero
1832 777 2016 846 proci-

430 861 567 916 dens
594 862 807 928 orabat,
844 872 900 920 et
931 866 1207 922 mandatis
1246 870 1506 938 supernis
1558 869 1846 933 obediens,
1897 883 2016 923 ser-

431 962 652 1022 pentem
677 953 916 1010 confecit
957 973 1192 1022 aeneum,
1216 975 1402 1028 quem,
1448 961 1504 1014 in
1539 961 1711 1014 altum
1742 969 2013 1024 erectum,

432 1060 646 1100 morsos
671 1046 872 1103 intueri
901 1049 1132 1121 jubebat
1166 1041 1344 1122 :quod
1377 1052 1602 1123 quidem
1625 1051 1890 1107 facientes
1923 1067 2019 1106 cu-

435 1135 723 1192 rabantur.

499 1320 553 1374 2.
583 1319 690 1375 Sed
717 1321 842 1391 quis
877 1321 949 1376 sit
998 1321 1263 1391 spiritalis
1302 1323 1467 1394 hujus
1501 1323 1745 1378 historiae
1795 1339 2012 1388 sensus,

432 1424 597 1483 atque
623 1413 753 1468 item
785 1429 1040 1485 magnum
1055 1423 1110 1468 et
1141 1415 1421 1470 excellens
1441 1415 1498 1469 in
1527 1416 1633 1470 hoc
1663 1416 2013 1487 mysterium,

431 1522 530 1576 par
568 1513 650 1560 est
684 1515 744 1560 ut
767 1516 1026 1563 accurate
1060 1508 1224 1580 409
1259 1509 1624 1579 inquiramus.
1652 1509 1843 1578 Neque
1865 1509 2016 1563 enim

431 1594 668 1650 sufﬁciet
718 1595 904 1650 littera
952 1598 1430 1666 prudentioribus,
1477 1598 1575 1654 sed
1605 1598 1869 1669 mysteria
1895 1614 2016 1668 qua:

433 1689 486 1742 in
515 1687 656 1759 typis
680 1688 872 1742 latent.
897 1689 1007 1759 Age
1051 1689 1241 1761 igitur,
1276 1689 1544 1757 dicamus,
1573 1707 1640 1745 ex
1665 1691 1835 1762 ﬁgura
1887 1707 2013 1744 rur-

431 1793 528 1834 sus
557 1779 626 1834 ad
657 1781 990 1845 universale,
1022 1791 1079 1837 et
1103 1783 1251 1852 quod
1287 1798 1480 1838 verum
1510 1792 1615 1849 est,
1638 1783 2013 1838 narrationem
2047 1762 2088 1817 Β

434 1871 805 1927 traducentes.
843 1872 978 1927 Nam
1011 1874 1229 1943 pertaesi
1256 1874 1442 1928 divina
1470 1881 1528 1930 et
1573 1889 1812 1945 superna
1847 1873 2012 1940 bona,

433 1964 954 2035 inconsideratequc
976 1975 1204 2020 ruentes
1234 1967 1300 2020 ad
1347 1967 1399 2020 id
1425 1966 1574 2035 quod
1599 1966 1904 2036 jucundum
1931 1973 2018 2020 est

431 2054 618 2124 potius
648 2070 812 2123 quam
857 2057 924 2110 ad
959 2056 1011 2110 id
1039 2057 1187 2126 quod
1213 2057 1348 2110 utile
1377 2065 1481 2121 est,
1515 2066 1571 2111 et
1594 2057 1815 2112 virtutis
1835 2058 2018 2128 operi-

431 2144 537 2198 bus
565 2145 784 2214 rejectis
817 2146 1023 2200 addicti
1051 2147 1309 2217 turpibus
1337 2147 1649 2203 actionibus
1695 2149 2016 2204 benefacto-

429 2251 547 2291 rem
574 2237 776 2308 injuria
806 2238 1111 2304 aﬁ‘ecimus,
1171 2255 1352 2310 neque
1371 2257 1482 2296 uno
1505 2242 1668 2296 modo
1693 2241 2015 2297 Creatorem

427 2327 780 2385 offendimus.
823 2328 978 2386 Unde
1002 2330 1170 2385 etiam
1200 2347 1303 2386 nos
1335 2332 1538 2404 objecti
1568 2348 1760 2388 sumus
1784 2350 2015 2404 serpen-

429 2427 568 2484 tum,
594 2419 1025 2491 intelligibilium
1061 2422 1292 2486 scilicet,
1329 2423 1636 2488 morsibus,
1671 2424 1768 2494 qui
1792 2432 1894 2480 nos
1917 2440 2016 2495 per

426 2513 641 2583 singula
664 2521 889 2582 peccata
903 2521 1231 2584 pungentes,
1250 2515 1462 2584 laqueis
1475 2516 1670 2570 mortis
1687 2515 2010 2588 subjiciunt.

427 2604 560 2660 Nam
618 2604 811 2659 harum
867 2613 1266 2661 venenatarum
1331 2607 1634 2662 bestiarum
1656 2610 1912 2679 princeps
1933 2617 2016 2665 est

425 2694 592 2750 draco
617 2694 718 2749 iste
738 2704 1005 2765 apostata,
1034 2697 1141 2752 hoc
1169 2703 1272 2762 est,
1300 2697 1547 2763 Satanas,
1569 2699 1726 2769 cujus
1740 2700 2016 2755 morsibus

425 2789 638 2859 primus
666 2788 832 2843 homo
854 2791 1041 2860 periit,
1072 2790 1178 2846 hoc
1230 2799 1333 2853 est.
1388 2790 1580 2846 Adam.
1612 2791 1797 2862 Serpit
1833 2801 2017 2848 autem

424 2880 689 2951 deinceps
724 2890 982 2952 tanquam
1025 2899 1090 2938 ex
1121 2883 1304 2938 radice
1344 2883 1511 2938 etiam
1560 2883 1616 2937 in
1649 2899 1770 2948 nos,
1821 2885 1915 2954 qui
1949 2901 2018 2940 ex

422 2987 488 3026 ea
527 2973 777 3043 prognati
814 2989 1026 3041 sumus,
1087 2975 1231 3029 istud
1294 2976 1517 3030 malum.
1567 2975 1770 3030 Salvati
1833 2986 2017 3032 autem

423 3083 617 3123 sumus
683 3069 1112 3139 quodammodo.
1170 3070 1362 3124 Intuiti
1433 3071 1579 3125 enim
1649 3085 1842 3126 sumus
1913 3087 2016 3127 nos

425 3169 762 3229 serpentem,
814 3159 921 3214 hoc
982 3167 1084 3223 cst,
1140 3157 1443 3214 Christum.
1495 3159 1615 3226 Quo
1671 3161 2015 3232 igiturmodo

425 3249 520 3318 qui
551 3257 744 3318 suapte
798 3255 996 3302 natura
1061 3247 1242 3302 bonus
1295 3257 1398 3312 est,
1443 3249 1553 3304 imo
1613 3249 1731 3321 ipsa
1775 3251 2012 3316 bonitas,

426 3339 628 3410 poterit
679 3355 799 3395 esse
850 3339 1112 3410 serpens?
1179 3339 1316 3407 Quia
1356 3340 1532 3398 factus
1573 3351 1658 3399 est
1708 3343 1863 3414 juxta
1890 3359 2011 3410 nos,

425 3429 521 3499 qui
552 3429 730 3484 libero
752 3428 983 3484 arbitrio
1019 3429 1173 3500 pravi
1199 3447 1412 3498 sumus,
1445 3433 1600 3505 juxta
1639 3432 1774 3488 illud
1805 3451 1818 3486 :
1853 3451 1870 3484 ι
1908 3433 2013 3488 Fa-

427 3531 550 3577 ctus
574 3530 659 3576 est
703 3521 760 3575 in
809 3521 1230 3580 similitudinem
1258 3526 1444 3580 carnis
1471 3524 1684 3595 peccati
1709 3525 1789 3591 “;
1837 3524 2010 3580 item:

435 3632 453 3665 ι
485 3613 635 3668 Inter
661 3613 884 3684 iniquos
904 3622 1191 3686 reputatus
1213 3623 1298 3672 est
1336 3617 1401 3670 δ’.
1435 3635 1453 3668 ›
1483 3615 1641 3682 Quod
1681 3624 1863 3671 autem
1913 3632 2014 3674 nos

429 3705 580 3770 mali,
608 3720 717 3760 non
747 3704 972 3776 quidem
997 3722 1026 3761 a
1050 3707 1162 3762 Deo
1179 3708 1374 3771 creati,
1403 3705 1498 3761 sed
1526 3707 1768 3777 prolapsi
1801 3707 1858 3762 in
1881 3708 2014 3765 vitia

426 3815 526 3870 per
551 3807 834 3869 peccatum
861 3799 1210 3870 tyrannidem
1236 3798 1293 3852 in
1320 3813 1420 3852 nos
1456 3813 1742 3864 exercens,
1783 3800 2015 3856 manife-

427 3899 573 3946 stum
623 3891 722 3946 tibi
746 3890 910 3946 faciet
926 3891 1042 3962 ipse
1064 3890 1340 3956 Christus,
1362 3891 1584 3946 dicens:
1614 3910 1632 3943 ι
1677 3891 1735 3947 Si
1767 3908 1864 3949 vos
1888 3909 2014 3948 cum

425 3983 548 4038 sitis
567 3983 717 4048 mali,
743 3983 894 4038 scitis
913 3983 1057 4038 bona
1071 3982 1202 4038 dare
1223 3983 1351 4038 ﬁliis
1369 3983 1590 4049 vestris,
1614 3992 1820 4054 quanto
1844 3986 2014 4057 magis

425 4075 590 4129 Pater
631 4084 815 4128 vester
853 4074 1095 4129 caelestis
1149 4075 1302 4130 dedit
1337 4075 1481 4130 bona
1524 4075 1649 4132 data
1698 4077 2016 4147 petentibus

425 4164 647 4219 eum“?
673 4184 690 4215 ι
715 4163 971 4218 Christus
988 4163 1152 4234 igitur
1169 4174 1251 4219 est
1269 4182 1494 4234 serpens
1511 4175 1768 4238 tanquam
1789 4169 1841 4224 in
1863 4169 2016 4223 simi-

425 4253 658 4308 litudine
671 4254 904 4324 peccati,
923 4254 1050 4324 quia
1066 4253 1242 4308 factus
1253 4263 1336 4308 est
1351 4255 1537 4309 homo.
1550 4255 1808 4313 Attamen
1825 4260 1868 4313 si
1889 4261 2015 4330 quis

423 4361 552 4400 eum
571 4345 990 4416 intelligibiliter
1007 4344 1308 4412 intueatur,
1328 4348 1582 4418 superior
1595 4349 1706 4404 erit
1735 4358 1931 4416 morte,
1957 4359 2014 4407 et

2043 3103 2084 3160 C

2119 501 2294 572 ὄφεων
2323 503 2596 574 δήγμασιν
2630 502 2974 567 ἐκολάζοντο.
3023 499 3156 556 Εἶτα
3192 504 3292 575 τῆς
3329 505 3479 574 σφῶν
3523 506 3704 561 αὐτῶν

2121 594 2504 667 πλημμελείας
2557 596 2842 668 ἐρχόμενοι
2896 594 3032 665 πρὸς
3085 595 3411 666 ἀνάμνησιν,
3463 597 3704 670 δακρυρς

2121 689 2303 759 ροοῦσι
2331 688 2537 753 λοιπὸν,
2573 689 2666 742 καὶ
2697 686 3020 758 ὁμολογοῦσι
3051 687 3120 740 τὰ
3150 686 3496 758 ἐγκλήματα,
3525 706 3706 759 παρα-

2120 762 2344 836 καλοῦσι
2367 782 2460 836 τὸν
2489 781 2861 852 μεσιτεύοντα,
2884 780 3028 851 φημὶ
3052 779 3116 852 δὴ
3134 782 3360 848 Μωσέα,
3384 783 3706 854 φιλοικτείρ-

2123 873 2260 945 μονα
2285 891 2342 927 τε
2371 874 2466 927 καὶ
2494 874 2654 944 ἧπιον
2684 873 2770 925 ἐπ’
2795 872 2978 934 αὐτοῖς
3006 872 3345 942 καταστῆσαι
3371 872 3523 928 Θεόν.
3565 872 3622 926 Ὀ
3647 872 3706 926 δὲ

2119 965 2481 1036 προσπίπτων
2534 964 2811 1034 ἐλιπάρει,
2864 965 2976 1025 τοῖς
3026 979 3086 1031 γε
3133 961 3241 1034 μὴν
3286 963 3493 1017 ἄνωθεν
3542 967 3704 1020 εῖκων

2118 1057 2400 1125 νεύμασιν,
2444 1055 2568 1123 ὅφιν
2617 1052 2901 1123 εἰργάζετο
2933 1052 3190 1122 χαλκοῦν,
3231 1051 3366 1120 ὑψοῦ
3410 1071 3469 1106 τε
3503 1055 3700 1121 ἐτίθει,

2118 1148 2213 1201 καὶ
2243 1147 2352 1206 τοῖς
2387 1140 2779 1210 πληττομένοις
2824 1137 3076 1192 ἐκέλευεν
3112 1137 3378 1201 ἀτενίζειν
3409 1140 3490 1202 εἰς
3517 1139 3700 1194 αὐτόν’

2117 1239 2146 1293 ὁ
2176 1239 2239 1308 δὴ
2276 1235 2371 1290 καὶ
2398 1234 2632 1306 δρῶντες
2667 1229 2954 1296 ἐσώζοντο.

2191 1331 2257 1400 β’.
2323 1327 2484 1382 Ἀλλὰ
2515 1326 2601 1389 τίς
2640 1327 2668 1378 ὁ
2699 1324 2875 1393 λόγος,
2907 1323 3042 1377 ἀλλὰ
3069 1324 3121 1376 τί
3149 1324 3210 1377 τὸ
3239 1324 3384 1393 μέγα
3413 1325 3508 1377 καὶ
3541 1323 3703 1390 σοφὸν

2121 1420 2443 1492 μυστήριον,
2479 1415 2959 1485 πολυπραγμονεῖν
3000 1413 3312 1467 ἀκόλουθον.
3357 1413 3429 1466 Οὐ
3460 1412 3570 1483 γὰρ
3603 1413 3703 1484 ἀρε

2119 1513 2272 1566 κέσει
2295 1511 2356 1563 τὸ
2377 1508 2614 1580 γράμμα
2643 1508 2755 1568 τοῖς
2784 1503 3245 1573 νουνεχεστέροις,
3273 1504 3616 1573 ἐγκέχωσται
3643 1503 3702 1557 δὲ

2117 1597 2306 1668 ῶσπερ
2333 1597 2446 1659 τοῖς
2471 1595 2662 1656 τύποις
2689 1591 2759 1645 τὰ
2791 1593 3085 1662 μυστήρια.
3127 1589 3336 1644 Οὐκοῦν
3368 1591 3500 1663 φέρε
3526 1591 3700 1661 λέγω·

2122 1711 2242 1764 μεν,
2272 1691 2347 1753 ὡς
2375 1690 2440 1742 ὲκ
2469 1687 2640 1741 τύπου
2681 1685 2844 1739 πάλιν
2873 1684 2965 1738 ἐπὶ
2996 1684 3058 1736 τὸ
3093 1683 3324 1737 καθόλου
3353 1685 3446 1737 καὶ
3469 1683 3700 1753 γενικώ-

2116 1799 2294 1855 τερον,
2345 1779 2438 1834 καὶ
2480 1778 2622 1855 ὁπερ
2667 1776 2816 1830 ἐστὶν
2865 1775 3064 1846 ἀληθὲς
3123 1775 3593 1846 μεταπλάττοντες
3640 1774 3704 1829 τὸ

2114 1875 2381 1946 διήγημα.
2420 1872 2926 1946 Δυσαρεστούμενοι
2959 1872 3068 1942 γὰρ
3101 1873 3215 1935 τοῖς
3247 1871 3397 1942 παρὰ
3427 1870 3564 1924 Θεοῦ
3605 1869 3702 1924 καὶ

2115 1966 2321 2020 ἄνωθεν
2348 1965 2592 2035 ἀγαθοῖς,
2626 1967 2719 2020 καὶ
2748 1963 3180 2026 ὰκατασκὲπτως
3207 1963 3374 2024 ἰόντες
3400 1962 3492 2014 ἐπὶ
3514 1960 3576 2014 τὸ
3599 1959 3700 2032 ’ήδῦ

2119 2061 2318 2132 μᾶλλον
2366 2058 2398 2130 ἦ
2430 2059 2492 2112 τὸ
2535 2058 2837 2129 συμφέρον,
2883 2056 2979 2109 καὶ
3021 2057 3089 2108 τὰ
3122 2054 3223 2124 τῆς
3257 2053 3462 2124 ἀρετῆς
3491 2053 3704 2122 γυμνά-

2117 2167 2301 2221 σματα
2317 2165 2393 2201 πα
2400 2147 2575 2220 ρωθού
2584 2164 2754 2219 μενοι,
2774 2145 3159 2218 προσκείμενοι
3174 2144 3231 2196 δὲ
3253 2145 3366 2206 τοῖς
3380 2142 3700 2212 αἰσχίστοις,

2115 2239 2500 2310 λελυπήκαμεν
2545 2237 2635 2292 τὸν
2682 2237 3002 2307 εὐεργέτην,
3054 2234 3584 2306 προσκεκρούκαμεν
3636 2234 3700 2286 ού

2115 2325 2360 2382 καθ’ένα
2384 2328 2582 2396 τρόπον
2610 2327 2688 2399 τῷ
2714 2325 3064 2400 Δημιουργῷ.
3097 2325 3368 2398 Ταύτῃτοι
3402 2322 3702 2378 πεπτώκα-

2119 2441 2218 2496 μεν
2246 2423 2351 2477 ὁπὸ
2378 2422 2444 2477 τὰ
2470 2422 2580 2476 τῶν
2607 2421 2786 2490 ὄφεων
2818 2421 3094 2492 δήγματαο
3127 2418 3304 2488 ὁφεων
3334 2417 3393 2471 δέ
3418 2435 3563 2489 φημι
3591 2417 3703 2471 τῶν

2116 2515 2345 2586 νοητῶν,
2387 2514 2436 2567 οἳ
2485 2513 2572 2567 διὰ
2612 2513 2796 2584 πάσης
2841 2514 2989 2584 ἡμᾶς
3032 2512 3360 2583 πλήττοντες
3391 2511 3702 2581 ἁμαρτίας.

2115 2608 2228 2670 τοῖς
2268 2604 2364 2659 τοῦ
2402 2604 2631 2658 θανάτου
2659 2604 2878 2675 δεσμοῖς
2912 2603 3302 2675 ὑποφέρουσιν.
3353 2601 3604 2673 Ἐξάρχει
3646 2601 3704 2655 δὲ

2118 2697 2308 2768 ῶσπερ
2333 2696 2430 2766 τῆς
2455 2695 2566 2748 τῶν
2594 2695 2814 2748 ἰοϐόλων
2850 2694 3054 2764 θηρίων
3098 2693 3338 2764 πληθύος
3369 2693 3397 2746 6
3426 2693 3648 2762 δράκων
3675 2694 3703 2745 ὁ

2117 2789 2429 2857 ἀποστάτης
2454 2827 2469 2848 ,
2498 2785 2777 2839 τουτέστιν
2802 2786 2830 2837 6
2857 2785 3124 2848 Σατανᾶς,
3166 2778 3228 2838 οὗ
3267 2787 3380 2847 τοῖς
3425 2783 3704 2854 δήγμασιν

2119 2881 2175 2933 ὲν
2197 2880 2393 2951 ἀρχαῖς
2419 2895 2478 2931 τε
2510 2879 2605 2931 καὶ
2633 2875 2870 2949 πρώτοις
2890 2877 3143 2930 διόλωλεν
3170 2877 3197 2929 6
3219 2875 3315 2930 ἄνθ
3324 2892 3522 2946 ρωπος.
3543 2890 3706 2928 τουτο

2118 2969 2285 3031 ἐστιν,
2322 2969 2350 3020 6
2399 2966 2586 3036 Ἀδάμ.
2627 2966 2824 3037 Ἔρπει
2846 2966 2906 3019 δὲ
2939 2965 3187 3036 καθάπερ
3226 2966 3288 3016 ὲκ
3317 2963 3474 3034 ῥίζης
3499 2964 3595 3017 καὶ
3620 2965 3703 3028 είς

2117 3061 2268 3131 ἡμᾶς
2289 3057 2348 3111 τὸ
2375 3058 2565 3122 κακὸν,
2593 3059 2720 3120 τοὺς
2751 3057 2809 3124 ἐξ
2837 3058 3007 3128 αὐτῆς
3031 3057 3343 3126 γεγονότας.
3374 3056 3706 3128 Σεσώσμεθα

2117 3149 2172 3202 δέ
2205 3165 2328 3201 τινα
2357 3148 2582 3219 τρόπον.
2615 3148 2934 3219 Τεθεόιμεθα
2972 3149 3080 3219 γὰρ
3114 3148 3207 3200 τὸν
3242 3147 3385 3216 ὁφιν,
3431 3147 3703 3212 τουτέστι,

2115 3239 2368 3314 Χριστόν.
2407 3238 2531 3302 Πῶς
2560 3235 2654 3294 οῦν
2684 3240 2806 3310 ὁφις
2835 3242 2861 3292 6
2901 3238 3105 3307 ἀγαθὸς
3133 3241 3274 3292 κατὰ
3306 3238 3465 3308 φύσιν
3489 3240 3516 3292 6
3546 3238 3703 3302 Θεὸς,

2119 3334 2319 3404 μᾶλλον
2347 3333 2405 3387 δὲ
2449 3332 2776 3403 αὐτόχρημα
2817 3332 2878 3384 τὸ
2904 3329 3139 3399 ἁγαθόνς
3191 3330 3313 3383 Ὀτι
3356 3330 3545 3398 γέγονε
3577 3329 3704 3383 καθ’

2113 3428 2293 3498 ἡμᾶς,
2330 3427 2457 3491 τοὺς
2485 3429 2550 3481 ὲκ
2589 3423 2962 3497 προαιρέσεως
2990 3422 3280 3494 πονηροὺς,
3337 3441 3357 3474 ι
3390 3422 3616 3490 Γέγονεν
3646 3423 3705 3474 ὲν

2114 3519 2420 3592 ὁμοιώματι
2447 3519 2646 3591 σαρκὸς
2671 3517 3003 3588 ἁμαρτίας»
3036 3516 3150 3580 καὶ,
3186 3535 3205 3567 ι
3247 3515 3336 3568 Ἐν
3361 3517 3477 3577 τοῖς
3497 3513 3706 3578 ἀδίκοις

2119 3610 2505 3682 κατελογίσθη.
2559 3628 2578 3661 ι
2627 3609 2749 3664 Ὀτι
2796 3609 2852 3662 δὲ
2887 3611 3052 3680 ἡμεῖς
3101 3608 3361 3679 πονηροὶ,
3417 3606 3704 3675 γεγονότες

2113 3705 2170 3758 δὲ
2207 3705 2305 3776 οὐχ
2329 3703 2502 3768 οὕτως
2525 3702 2678 3774 παρὰ
2695 3701 2852 3765 Θεοῦ,
2885 3701 3326 3774 μεταρρυηκότες
3357 3699 3413 3752 δὲ
3440 3700 3521 3761 είς
3543 3697 3705 3751 τοῦτο

2115 3795 2484 3866 φαυλότητος,
2531 3794 2620 3848 διά
2651 3811 2732 3847 τοι
2775 3791 2872 3863 τὴν
2923 3790 3045 3846 καθ’
3094 3789 3250 3862 ἡμῶν
3287 3791 3703 3861 τυραννήσασαν

2117 3887 2415 3959 ἁμαρτίαν,
2465 3886 2745 3957 διατρανοῖ
2790 3883 2965 3952 λέγων
3012 3881 3106 3936 καὶ
3153 3880 3315 3944 αὐτὸς
3353 3880 3383 3931 6
3428 3879 3698 3950 Χριστός·

2120 3999 2140 4034 ι
2169 3981 2232 4034 Εἰ
2257 3977 2349 4032 οὖν
2387 3979 2547 4050 ὑμεῖς
2581 3976 2809 4048 πονηροὶ
2840 3975 3012 4038 ὄντες,
3049 3972 3229 4027 οἴδατε
3272 3969 3482 4040 δόματα
3519 3969 3701 4039 ἀγαθὰ

2113 4072 2316 4127 διδόναι
2361 4073 2474 4134 τοῖς
2515 4069 2726 4134 τέκνοις
2777 4067 2964 4139 ὑμῶν·
3004 4067 3153 4136 πόσῳ
3198 4065 3398 4136 μᾶλλον
3434 4065 3464 4117 6
3511 4062 3698 4135 Πατὴρ

2115 4164 2268 4236 ὑμῶν
2299 4165 2327 4218 ὁ
2355 4162 2604 4233 οὐράνιος
2637 4161 2799 4215 δώσει
2823 4158 3005 4228 ἀγαθὰ
3034 4161 3146 4220 τοῖς
3177 4156 3418 4211 αἰτοῦσιν
3451 4154 3646 4218 αὐτόν;
3677 4173 3696 4206 ι

2118 4259 2280 4326 Ὄφις
2311 4257 2375 4326 δὴ
2405 4251 2506 4326 οῦν,
2530 4256 2558 4308 6
2588 4253 2842 4327 Χριστὸς,
2875 4250 2934 4315 ὁς
2968 4254 3026 4305 ὲν
3053 4249 3360 4322 ὁμοιώματι
3396 4247 3664 4318 πονηρίας
3684 4290 3700 4311 ,

2113 4349 2193 4402 ὅτι
2231 4348 2454 4416 γέγονεν
2501 4345 2806 4416 ἄνθρωπος.
2855 4342 2996 4397 Ἀλλ’
3031 4341 3085 4396 εῐ
3126 4359 3210 4405 τις
3252 4341 3412 4396 αὐτὸν
3446 4339 3702 4393 θεάσαιτο

423 4436 620 4492 evadet
643 4439 1079 4509 corruptionem,
1109 4454 1435 4510 morsusque
1470 4447 1805 4507 contemnet,
1831 4450 1887 4498 et
1913 4460 2008 4500 ve-

2116 4438 2337 4511 νοητῶς,
2370 4438 2607 4508 ἀμείνων
2638 4436 2787 4489 ἔσται
2816 4435 3024 4506 φθορᾶς
3044 4475 3057 4498 ,
3091 4434 3185 4487 καὶ
3219 4432 3574 4503 ύπεραλεῖται
3605 4430 3701 4483 θά-

424 4544 758 4584 nenosorum
787 4529 1006 4584 turbam
1036 4531 1195 4586 nihili
1224 4531 1407 4587 faciet.
1449 4533 1799 4590 Intuebimur
1821 4545 2008 4593 autem

421 4619 700 4676 Christum
728 4622 774 4675 si
802 4621 1123 4691 mysterium
1146 4622 1213 4677 de
1259 4622 1378 4693 ipso
1420 4635 1568 4680 recte
1603 4626 2002 4698 intelligamus,

424 4712 768 4782 ﬁrmiterque
793 4713 1102 4768 credamus.
1129 4714 1287 4781 Quod
1313 4731 1438 4771 cum
1463 4728 1657 4789 suapte
1685 4729 1883 4776 natura
1937 4723 2012 4778 sit

424 4807 590 4868 Deus,
634 4805 810 4860 factus
838 4805 908 4860 sit
940 4805 1125 4870 homo,
1155 4817 1319 4877 atque
1360 4810 1578 4866 etiamsi
1624 4812 1791 4868 fuerit
1829 4814 1884 4868 in
1930 4814 2007 4870 si-

425 4899 737 4953 militudine
777 4899 986 4968 peccati
1019 4899 1084 4965 “,
1111 4901 1474 4959 nihilominus
1502 4913 1683 4960 tamen
1706 4907 2008 4976 permansit

425 4990 622 5045 bonus.
650 4991 849 5046 Factus
880 5002 964 5046 est
993 4991 1138 5046 enim
1163 4993 1305 5049 sicut
1353 5011 1473 5060 nos,
1502 5013 1612 5050 non
1638 5007 1697 5051 ut
1717 4998 2006 5054 nobiscum

423 5093 572 5139 esset
599 5085 793 5148 malus,
821 5084 917 5139 sed
944 5094 1005 5140 ut
1029 5103 1129 5142 nos
1159 5088 1334 5143 honos
1350 5089 1590 5145 efficeret
1608 5108 1705 5160 per
1740 5093 2004 5163 Spiritum

425 5181 696 5236 sanctum,
751 5174 845 5243 qui
886 5191 988 5230 nos
1035 5179 1447 5234 transformavit
1497 5182 1564 5234 ad
1619 5198 1781 5237 omne
1835 5201 2008 5254 genus

424 5264 664 5318 virtutis.
685 5263 925 5334 Serpens
956 5266 1138 5336 itaque
1175 5279 1259 5323 est
1286 5270 1339 5322 in
1370 5271 1606 5340 signum.
1647 5271 1932 5342 Siquidem
1955 5284 2011 5328 et

2114 4550 2290 4594 νατον,
2323 4530 2417 4584 καὶ
2444 4529 2700 4599 ἀλογήσει
2729 4528 3047 4599 δηγμάτων,
3079 4525 3176 4579 καὶ
3207 4527 3306 4596 τῆς
3335 4524 3442 4576 τῶν
3481 4523 3701 4576 ἰοϐόλων

2113 4621 2352 4691 πληθύος
2381 4621 2441 4674 οὐ
2475 4623 2734 4693 φροντιεῖ.
2779 4617 3051 4689 Ὀψόμεθα
3077 4617 3135 4669 δὲ
3163 4616 3406 4687 Χριστὸν
3428 4614 3701 4676 συνιέντες

2109 4712 2287 4785 ὀρθῶς
2328 4710 2389 4764 τὸ
2433 4712 2518 4763 ἐπ’
2569 4709 2720 4781 αύτῷ
2771 4711 3091 4781 μυστήριον.
3127 4711 3238 4762 Καὶ
3280 4707 3568 4780 ἀραρότως
3611 4725 3702 4761 πι-

2111 4806 2393 4869 στεύοντες
2430 4806 2513 4859 ὅτι
2545 4804 2679 4867 Θεὸς
2711 4803 2786 4857 ῶν
2834 4803 2976 4856 κατὰ
3005 4801 3187 4870 φύσιν,
3236 4803 3458 4869 γέγονεν
3492 4800 3703 4872 ἀνθρω-

2115 4912 2236 4960 ποςο
2273 4895 2387 4950 ἀλλ’
2433 4896 2480 4949 εἰ
2513 4896 2604 4948 καὶ
2639 4890 2706 4966 ἦν
2757 4895 2814 4946 ὲν
2853 4891 3158 4963 ὁμοιώματι
3205 4893 3467 4964 πονηρίας
3493 4933 3508 4956 ,
3549 4892 3703 4947 οὐδὲν

2113 4985 2275 5062 ἧττον
2312 4988 2731 5059 ἀπομεμένηκεν
2764 4985 2984 5053 ἀγαθός.
3020 4986 3216 5054 Γέγονε
3242 4983 3350 5055 γὰρ
3379 4985 3500 5038 καθ’
3527 4987 3699 5056 ἡμᾶς,

2113 5083 2211 5153 οὐχ
2242 5082 2328 5134 ἵνα
2372 5079 2489 5152 μεθ’
2530 5078 2687 5150 ήμῶν
2726 5077 2900 5148 ὁρῷτο
2944 5075 3206 5148 πονηρὸς,
3255 5076 3368 5130 ἀλλ’
3416 5075 3502 5129 ἵνα
3551 5077 3702 5146 ἡμᾶς

2114 5173 2352 5242 ἀγαθοὺς
2377 5171 2697 5242 ἐργάσηται,
2729 5169 2804 5240 τῷ
2835 5168 2976 5240 ἁγίῳ
3007 5165 3498 5239 μεταστοιχειώσας
3530 5166 3700 5220 [Ias-J-

2113 5285 2243 5339 ματι
2272 5266 2408 5336 πρὸς
2441 5267 2550 5318 πᾶν
2589 5260 2728 5326 εἶδος
2755 5262 2976 5334 ἀρετῆς.
3028 5262 3150 5315 Ἐπὶ
3177 5261 3405 5331 σημείου
3435 5277 3498 5328 γε
3533 5260 3643 5330 μὴν
3672 5260 3698 5312 6

424 5357 677 5411 Christus
703 5357 976 5412 exaltatus
1017 5369 1100 5413 est
1152 5360 1204 5414 in
1240 5363 1538 5430 pretiosam
1579 5378 1821 5429 crucem,
1867 5366 2012 5420 sicut

2116 5359 2252 5428 ὁφις.
2296 5356 2516 5428 ’Υψώθη
2543 5356 2650 5427 γὰρ
2678 5358 2705 5409 6
2733 5354 2966 5426 Χριστὸς
2996 5355 3089 5408 ἐπὶ
3113 5354 3205 5407 τοῦ
3230 5353 3411 5423 τιμίου
3441 5351 3696 5424 σταυροῦ,

427 5445 543 5512 ipse
582 5445 688 5500 hoc
738 5445 944 5502 ludatis
981 5447 1245 5513 declarat,
1288 5451 1452 5524 410
1503 5453 1740 5510 dicens:
1807 5475 1825 5506 ι
1873 5457 2010 5512 Cum

2116 5450 2380 5507 καὶτοῦτο
2403 5449 2564 5513 αὐτὸς
2596 5448 2869 5512 Ἰουδαίοις
2893 5444 3230 5524 προσεφώνει
3253 5446 3448 5515 λέγων·
3482 5464 3501 5496 ι
3527 5445 3699 5499 Ὅταν

427 5536 797 5592 οτίιιιίινριίιίδ
818 5538 1015 5595 Filium
1045 5542 1307 5610 hominis,
1339 5553 1468 5601 tunc
1493 5549 1836 5618 cognoscetis
1855 5548 2002 5619 quod

2110 5543 2355 5616 ύψώσετε
2382 5542 2472 5595 τὸν
2498 5542 2626 5595 Υίδν
2654 5538 2746 5595 τοῦ
2777 5539 3086 5613 ἀνθρώπου,
3137 5538 3258 5592 τότε
3299 5535 3574 5607 γνώσεσθε
3617 5534 3699 5590 δτι

501 5645 542 5676 ⁸³
571 5646 727 5701 Rom.
761 5665 871 5715 mi,
896 5650 948 5703 ἓ.
1027 5653 1071 5686 ⁸³
1096 5654 1196 5710 lsa.
1229 5673 1337 5724 LIII,
1369 5657 1446 5712 l2.
1529 5661 1572 5692 ⁸³
1595 5659 1782 5715 Matth.
1811 5675 1901 5726 ιιι,
1951 5660 2005 5714 ll

2116 5658 2152 5691 “
2187 5659 2230 5714 ll
2265 5657 2392 5714 Cor.
2433 5673 2483 5724 γ,
2523 5655 2615 5709 2i.
