4052 6196
318 301 414 360 611

1339 303 1863 362 GLAPHYRORUM
1901 304 1970 360 IN
2008 305 2339 362 NUMEROS
2365 306 2591 362 LIBER.

3476 311 3582 368 612

321 419 574 491 ἐγώειμι.
591 436 609 471 ι
623 418 744 475 Ὀτι
761 420 816 475 δὲ
835 420 895 475 τύ
906 437 1000 484 πος
1016 422 1095 485 εἰς
1115 423 1176 476 τὸ
1190 421 1354 477 αὐτοῦ
1374 423 1558 494 βλέπει
1586 424 1900 495 μυστήριον1

2008 440 2109 495 ego
2139 440 2261 479 sum
2302 424 2367 478 ⁸⁸.
2412 443 2430 475 ι
2465 423 2599 478 Item
2627 420 2769 492 quod
2816 430 2976 495 typus
3000 420 3068 478 ad
3121 421 3226 478 boc
3264 425 3585 494 mysterium

319 511 615 582 ἀναμάθοις
638 510 803 564 αὐτοῦ
827 512 1078 580 λέγοντος
1109 513 1384 584 ἐναργῶς·
1427 512 1697 585 (Ὥσπερ
1735 515 1842 586 γὰρ
1873 517 1902 569 ὁ

318 603 525 672 Μωσῆς
549 601 733 671 ὕψωσε
760 603 850 656 τ’ὸν
867 603 990 670 ὅφιν
1016 605 1074 657 ὲν
1094 607 1159 675 τῇ
1184 606 1376 676 ἐρήμῳ
1392 622 1406 636 ο
1429 605 1600 668 οὕτως
1623 605 1900 676 ὑψωθῆναι

318 696 394 748 δεῖ
408 695 500 747 τὸν
531 695 656 747 Υἰὸν
677 693 770 747 τοῦ
791 693 1096 766 ἀνθρώπου.
1123 716 1141 748 ι
1162 695 1412 760 Χαλκοῦς
1435 697 1493 750 δὲ
1519 699 1547 748 ὁ
1571 698 1693 766 ὄφις
1707 694 1795 769 ἦν,
1814 697 1902 751 διὰ

315 785 374 838 τὺ
401 784 601 856 εὖηχές
625 801 684 838 τε
711 785 807 838 καὶ
831 787 1202 855 εὐφωνότατον
1230 787 1327 840 τοῦ
1351 788 1495 840 θείου
1527 807 1585 841 τε
1617 789 1711 842 καὶ
1741 789 1904 856 εὐαγ-

317 876 530 944 γελικοῦ
579 877 954 949 κηρύγματος.
1002 879 1256 950 Ἀνήκοος
1297 879 1406 951 γὰρ
1449 880 1622 945 οὐδεὶς
1666 880 1773 933 τῶν
1814 880 1902 934 διὰ

317 969 552 1041 Χριστοῦ
575 969 983 1041 θεσπισμάτων,
1005 970 1121 1024 ἀλλ’
1146 973 1225 1034 εἰς
1248 972 1467 1026 ἃπασαν
1493 973 1591 1044 μὲν
1611 973 1708 1044 τὴν
1733 974 1905 1027 ὑπου-

318 1063 514 1132 ράνιον.
562 1063 624 1116 τὺ
669 1064 755 1116 ἐπ’
788 1064 952 1118 αὐτοῦ
984 1064 1227 1118 λαλείται
1273 1066 1592 1135 μυστήριον,
1629 1067 1724 1119 καὶ
1753 1065 1901 1136 αὐτῷ

195 1159 203 1176 ⁸
316 1152 520 1221 κάμψει
557 1153 664 1205 πᾶν
699 1151 850 1218 γόνυ,
884 1153 978 1206 καὶ
1007 1155 1157 1206 πᾶσα
1191 1153 1416 1222 γλῶσσα
1445 1153 1900 1224 ἐξομολογήσεται

316 1243 396 1295 ὅτι
431 1243 633 1313 Κύριος
677 1241 880 1312 Ἰησοῦς
919 1243 1174 1313 Χριστὸς,
1207 1246 1284 1307 εἰς
1317 1243 1474 1310 δόξαν
1499 1244 1633 1298 Θεοῦ
1665 1244 1896 1316 Πατρός.

329 1335 382 1386 Ἀ
394 1339 520 1404 μήν.

385 1490 430 1519 ⁸⁸
467 1491 622 1545 Joan.
661 1505 777 1555 vm,
810 1488 902 1545 28.
979 1489 1024 1520 “
1058 1488 1216 1544 Joan.
1256 1505 1337 1556 ιιι,
1364 1489 1450 1543 14.

2010 515 2289 586 reSpiciat,
2322 517 2577 570 similiter
2596 532 2663 570 ex
2694 516 2812 585 ipso
2831 516 3092 571 didiceris
3119 524 3306 586 aperte
3327 515 3539 571 dicente
3566 533 3582 570 :

2016 628 2034 660 ι
2084 609 2241 664 Sicut
2267 609 2444 664 Moses
2485 608 2746 662 exaltavit
2795 620 3108 678 serpentem
3156 607 3212 662 in
3239 606 3482 672 deserto,
3510 607 3586 662 ita

2008 708 2226 770 oportet
2254 700 2484 755 exaltari
2506 701 2703 755 Filium
2737 700 2976 754 hominis
2999 699 3063 752 ".
3107 719 3125 750 ›
3157 698 3429 754 Caeterum
3463 713 3585 758 ser-

2009 809 2146 863 pens
2175 801 2498 847 erataneus
2524 801 2751 863 propter
2788 791 3168 846 suavissimam
3203 800 3257 844 et
3287 790 3583 844 maximam

2005 885 2356 939 vocalitatem
2394 873 2594 938 divina:
2655 883 3089 952 evangelicaaque
3134 880 3582 950 praedicationis:

2006 974 2138 1044 quia
2167 989 2332 1028 nemo
2357 982 2441 1029 est
2464 973 2599 1043 quin
2621 973 2861 1028 audierit
2900 971 3104 1026 Christi
3132 972 3374 1034 oracula,
3394 979 3586 1040 utpote

2003 1080 2125 1134 quae
2150 1080 2248 1134 per
2273 1065 2592 1120 universum
2618 1065 2810 1120 orbem
2841 1071 3114 1118 terrarum
3132 1062 3411 1133 divulgata
3440 1061 3580 1116 sint:

2000 1162 2058 1208 et
2081 1154 2183 1223 ipsi
2207 1153 2461 1208 ﬂectetur
2483 1169 2644 1210 omne
2667 1169 2832 1224 genu,
2889 1152 3178 1222 omnisque
3219 1151 3404 1220 lingua
3449 1166 3583 1204 con-

2002 1244 2253 1299 ﬁtebitur
2277 1246 2427 1316 quod
2451 1247 2721 1300 Dominus
2743 1253 2934 1316 noster
2961 1245 3122 1300 Jesus
3151 1243 3406 1299 Christus
3431 1241 3500 1296 sit
3526 1241 3585 1296 in

2000 1338 2175 1408 gloria
2209 1337 2306 1392 Dei
2332 1337 2529 1392 Patris.
2555 1338 2753 1392 Amen.

999 1844 1717 1936 FRAGMENTA
1775 1841 2021 1935 ι)υο
2081 1845 2205 1932 ιΝ
2281 1844 2901 1952 NUMEROS.

466 2157 760 2231 Ἀφελεῖτε
789 2156 958 2227 ὑμεῖς
989 2155 1092 2211 ἀπ’
1122 2156 1308 2212 αὑτοῦ
1338 2156 1637 2227 ἀφαίρεμα
1655 2153 1755 2226 (1).

383 2301 447 2353 Οἱ
480 2300 577 2369 μὲν
619 2296 758 2350 κατὰ
787 2295 950 2365 νόμον
986 2292 1078 2347 τοῦ
1111 2293 1357 2356 Μωσέως
1406 2291 1652 2363 ἱερᾶσθαι
1697 2288 1894 2359 κεκλη-

319 2391 489 2461 μένοι,
517 2388 746 2450 δεκάτας
780 2385 1024 2457 ὲδέχοντο
1057 2383 1210 2456 παρὰ
1241 2384 1348 2437 τῶν
1382 2381 1512 2436 υἱῶν
1552 2380 1786 2452 Ἰσραὴλ,
1821 2378 1899 2442 ὡς

321 2481 512 2553 μερίδα
551 2479 644 2534 καὶ
673 2479 871 2549 κλῆρον
895 2475 1054 2530 Θεοῦ.
1086 2474 1552 2548 Προσεκομίζοντο
1576 2474 1632 2527 δὲ
1659 2470 1812 2527 αὐτοὶ
1837 2471 1900 2524 τὸ

317 2568 632 2621 ἐπιδέκατον
657 2566 735 2636 τῷ
763 2565 1086 2637 κατάρχοντι
1111 2566 1205 2618 καὶ
1232 2565 1518 2635 ἡγουμένῳ
1549 2564 1646 2634 τῆς
1677 2559 1900 2633 ἱερωσύ-

315 2674 439 2728 νης,
472 2656 719 2710 τουτέστι
745 2655 822 2725 τῷ
873 2653 1104 2725 Ἀαρών·
1135 2653 1192 2718 ὃς
1226 2655 1318 2707 καὶ
1351 2655 1430 2716 εἰς
1462 2652 1629 2706 τύπον
1660 2651 1898 2704 τέθειται

315 2747 406 2800 τοῦ
435 2744 696 2818 Χριστοῦ,
730 2746 828 2797 οὐκ
857 2746 914 2797 ὲν
951 2748 1018 2816 τῇ
1053 2743 1245 2816 πρώτῃ
1275 2747 1446 2815 σκηνῇ
1477 2745 1541 2814 τῇ
1571 2743 1670 2812 τὴν
1710 2742 1898 2795 στάσιν

317 2838 514 2910 ἐχούσῃ
541 2835 893 2907 λειτουργῶν,
928 2835 1040 2890 ἀλλ’
1072 2838 1129 2891 ὲν
1149 2840 1216 2908 τῇ
1252 2835 1499 2907 ὲσωτέρᾳ
1525 2835 1620 2890 καὶ
1653 2849 1900 2904 κεκρυμ-

322 2931 476 3002 μένῃ.

319 3061 472 3117 Δαϐὲ
519 3061 634 3131 τὴν
666 3061 895 3131 ῥάϐδον
937 3061 1035 3114 και
1094 3059 1512 3197 ἐθξῆκλησίασον
1577 3056 1691 3127 τὴν
1745 3072 1901 3112 συν-

977 3147 1137 3197 αγωτ
1180 3147 1238 3184 ν.

977 3147 1238 3201 αγωτην.

399 3262 763 3333 Ἐπιτήρησον
808 3256 890 3314 ὅτι
936 3259 1171 3331 βεϐαιῶν
1206 3259 1285 3323 εἰς
1338 3258 1542 3321 πίστιν,
1594 3255 1733 3328 πρδς
1769 3253 1900 3308 ἀνά-

325 3370 513 3424 μνησιν
529 3356 625 3424 τῆς
643 3355 699 3405 ἐν
715 3352 974 3422 Αἰγύπτῳ
994 3349 1385 3423 τερατουργίας
1405 3350 1673 3420 ἀποφέρει
1703 3347 1900 3417 λέγων’

329 3462 348 3494 ι
383 3443 527 3496 Λαϐὲ
560 3445 658 3514 τὴν
693 3443 886 3512 ῥάϐδον
934 3445 992 3496 ὲν
1032 3445 1098 3514 τῇ
1139 3443 1282 3514 χειρί
1319 3459 1412 3495 σου
1457 3442 1514 3495 ἐν
1553 3436 1585 3516 ᾖ
1623 3441 1902 3506 ὲπάταξας

323 3536 410 3589 τὸν
442 3535 708 3606 ποταμόν.
744 3556 760 3588 ι
792 3535 859 3591 Et
885 3552 1006 3590 mox
1029 3550 1048 3589 :
1085 3554 1104 3588 ι
1135 3535 1319 3606 Πέτρᾳ
1344 3534 1738 3605 παρεικάζεται
1766 3535 1903 3605 Χρι-

327 3628 445 3692 στὸς
472 3628 562 3682 διὰ
591 3628 652 3682 τὸ
676 3628 981 3701 ἄθραυστον
1015 3629 1112 3682 καὶ
1139 3629 1455 3698 ἁκλὸνητον.
1493 3645 1512 3679 ι

1927 2155 1976 2214 Β

2145 2149 2335 2216 XVIII,
2387 2149 2476 2204 26.
2507 2149 2738 2204 Demetis
2773 2166 2862 2205 vos
2900 2167 2965 2206 ea:
2990 2166 3050 2205 eo
3067 2150 3436 2222 demptionem.

2073 2283 2178 2351 Qui
2198 2285 2502 2340 secundum
2529 2285 2729 2357 Moysis
2749 2287 2924 2357 legem
2957 2285 3023 2341 ad
3073 2286 3440 2342 sacerdotium
3481 2301 3582 2342 vo-

2000 2379 2107 2434 cati
2131 2386 2328 2445 erant,
2358 2379 2700 2450 accipiebant
2729 2396 2759 2435 a
2793 2379 2919 2435 ﬁliis
2955 2380 3170 2436 lsraelis
3197 2380 3435 2435 decimas
3457 2389 3582 2435 tan-

2001 2483 2166 2537 quam
2214 2477 2425 2538 partem
2469 2477 2785 2539 sortemque
2823 2469 2941 2524 Dei.
2986 2469 3126 2523 Tum
3169 2477 3225 2524 et
3267 2470 3370 2539 ipsi
3419 2470 3582 2539 hujus

1999 2561 2155 2616 facta:
2188 2561 2291 2615 sibi
2321 2561 2617 2616 oblationis
2642 2571 2852 2631 partem
2883 2563 3151 2616 decimam
3180 2562 3399 2632 praesidi
3429 2563 3584 2631 prin-

2003 2652 2224 2722 cipique
2267 2652 2561 2707 sacerdotii
2609 2654 2984 2717 exsolvebant,
3020 2653 3071 2706 id
3097 2661 3180 2707 est
3203 2651 3440 2718 Aaroni;
3485 2653 3579 2722 qui

2001 2741 2223 2812 quidem
2255 2757 2356 2796 ceu
2389 2750 2548 2812 typus
2595 2742 2800 2798 Christi
2844 2742 3176 2796 constitutus
3220 2740 3342 2803 fuit,
3388 2756 3497 2794 non
3524 2740 3580 2794 in

2005 2833 2282 2887 anteriore
2312 2833 2668 2887 tabernaculo
2699 2833 2794 2886 ubi
2817 2831 3177 2886 versabantur
3199 2831 3457 2896 ministri,
3483 2831 3581 2886 sed

2002 2920 2060 2975 in
2099 2921 2361 2976 interiore
2395 2931 2451 2977 et
2475 2921 2780 2977 recondito.

2157 3057 2274 3113 XX.
2310 3059 2361 3113 8.
2401 3057 2543 3129 Cape
2568 3059 2771 3129 virgam
2799 3065 2847 3111 et
2867 3058 3163 3112 concionem
3189 3073 3433 3111 convoca.

2074 3261 2468 3318 Animadverte
2496 3261 2665 3331 quod,
2694 3260 2762 3315 ad
2794 3259 3050 3315 ﬁduciam
3075 3258 3416 3323 ﬁrmandam,
3452 3275 3582 3330 pro-

2003 3355 2279 3428 digiorum
2305 3355 2360 3409 in
2380 3352 2612 3426 Egypto
2646 3361 2990 3424 patratorum
3018 3353 3341 3407 memoriam
3384 3352 3438 3407 ei
3491 3368 3582 3406 re-

2001 3446 2162 3503 fricat
2208 3445 2445 3502 dicens:
2490 3463 2508 3496 ‹
2543 3443 2689 3515 Cape
2735 3459 2901 3498 manu
2939 3453 3032 3499 tua
3078 3444 3289 3515 virgam
3328 3459 3435 3514 qua
3480 3443 3584 3498 ﬂu-

2006 3553 2134 3592 men
2179 3535 2521 3607 percussisti.
2580 3555 2598 3588 ι
2639 3535 2711 3589 Et
2769 3551 2891 3590 mox
2941 3551 2959 3590 :
3017 3535 3191 3590 Petrae
3239 3543 3589 3604 comparatur

2007 3625 2260 3683 Christus
2286 3635 2514 3697 propter
2535 3625 2867 3682 soliditatem
2883 3633 2939 3681 et
2964 3624 3423 3681 immobilitatem.
3455 3645 3474 3677 ι

392 3785 469 3858 (1)
510 3785 697 3842 Edidit
749 3785 888 3857 Ang.
919 3784 1022 3840 Mai
1068 3792 1214 3840 tomo
1249 3782 1318 3838 ΠΙ
1347 3781 1680 3840 Bibliotheca:
1729 3798 1876 3839 nova
1914 3781 2162 3848 Patrum,
2186 3795 2244 3852 p.
2293 3781 2392 3836 104
2422 3779 2651 3853 (Romae,
2677 3779 2858 3852 1845),
2906 3797 2975 3836 ex
3006 3789 3197 3836 catena
3238 3780 3512 3837 Vaticana.
