4060 6192
448 293 559 355 663

1466 286 1540 343 '5.
1581 285 1855 343 CYRILLI
1892 282 2361 342 ALEXAme
2398 281 2700 342 ARCHIEP

460 477 3703 520 mm

1204 668 1433 756 ΤΟΥ
1505 669 1649 755 ΕΝ
1722 664 2087 752 ΑΓΙΟΙΣ
2148 662 2587 752 ΠΑΤΡΟΣ
2659 661 2980 751 ΗΜΩΝ

1452 874 2685 1051 ΚΥΡΙΛΛΟΥ

1514 1172 2080 1229 ΔΡΧΙΕΠΙΣΚΟΠΟΥ
2110 1171 2635 1228 ΔΛΕΞΔΝΔΡΕΙΔΣ
2659 1211 2676 1240 ,

743 1338 1538 1465 ΓΛΑΦΥΡΩΝ
1595 1344 1839 1458 ΕΙΣ
1874 1338 2082 1456 ΤΟ
2125 1335 3431 1456 ΔΕΥΤΕΡΟΝΟΜΙΟΝ

1846 1558 2315 1647 ΒΙΒΛΙΟΝ.

1288 1910 1449 2108 s.
1556 1919 1727 2065 P.
1825 1913 2009 2067 N.
2108 1908 2883 2069 CYBILLI

1584 2201 2055 2261 ALEXANDRIE
2091 2201 2613 2261 ARCHIEPISCOPI

706 2379 1785 2498 GLAPHYRORUM
1932 2381 2081 2497 IN
2218 2375 3477 2559 DEUTERONOMIUM

1876 2614 2277 2705 LIBER.
3252 2633 3263 2641 ’

463 2940 624 3015 ιιι
659 2941 737 2996 De
790 2942 957 2998 vitula
988 2945 1140 3017 cujus
1168 2945 1318 3001 nervi
1359 2944 1551 3001 concisi
1607 2956 1733 3002 sunt
1764 2946 1821 3002 in
1874 2944 2037 3002 valle.
2071 2996 2074 3009 ,

2142 2946 2284 3018 Περὶ
2338 2944 2449 3017 τῆς
2491 2943 3124 3018 νενευροκοπουμένης
3164 2942 3474 3014 δαμάλεως
3523 2942 3594 2998 ἐν
3638 2940 3727 3014 τῇ

538 3120 590 3175 1.
637 3141 655 3173 ι
683 3122 1037 3179 Multifariam
1086 3124 1382 3195 multisque
1412 3125 1591 3180 modis
1618 3126 1751 3180 olim
1782 3127 1931 3182 Deus
1957 3127 2034 3182 lo-

465 3216 629 3264 cutus
647 3209 896 3278 patribus
918 3226 1017 3279 per
1045 3212 1364 3281 praphetas,
1411 3210 1465 3264 in
1501 3211 1588 3264 his
1611 3211 1818 3266 ultimis
1843 3210 2040 3265 diebus

465 3300 684 3354 locutus
708 3308 792 3354 est
814 3300 974 3355 nobis
998 3317 1097 3370 per
1122 3302 1340 3366 Filium,
1372 3316 1535 3371 quem
1555 3302 1737 3371 posuit
1761 3302 2038 3357 haeredem

465 3388 733 3453 omnium,
756 3405 853 3459 per
871 3406 1034 3459 quem
1065 3400 1120 3446 et
1145 3392 1339 3447 saecula
1366 3392 1692 3448 condidit".
1719 3412 1738 3446 ι
1767 3392 2038 3450 Cancrum

466 3479 561 3550 qui
606 3487 751 3535 recte
801 3481 1115 3551 intelligunt
1145 3484 1315 3554 quod,
1358 3500 1482 3543 cum
1518 3492 1710 3555 suapte
1745 3494 1942 3540 natura
1969 3486 2040 3541 sit

465 3569 631 3633 Deus,
667 3569 951 3625 demiserit
973 3587 1031 3627 se
1080 3572 1138 3628 in
1164 3573 1596 3630 exinanitionem
1630 3575 1696 3641 “,
1754 3575 2039 3646 factusque

466 3660 539 3715 sit
559 3675 708 3725 caro,
736 3659 790 3715 et
816 3661 1144 3717 habitaverit
1175 3664 1231 3718 in
1255 3664 1435 3731 nobis,
1463 3666 1618 3736 juxta
1648 3666 1957 3737 Scripturas
1969 3668 2036 3734 δ’,

465 3749 705 3805 divinam
733 3752 1296 3825 pretiosissimamque
1323 3756 1548 3826 gratiam
1573 3767 1702 3812 sunt
1733 3759 2036 3814 consecuti.

473 3860 492 3893 ι
520 3840 796 3910 Quotquot
822 3842 969 3896 enim
997 3853 1326 3914 receperunt
1374 3860 1523 3912 eum,
1566 3846 1719 3902 dedit
1770 3847 1853 3903 eis
1881 3856 2039 3918 pote-

467 3934 664 3980 statem
691 3928 835 3985 ﬁlios
856 3931 954 3985 Dei
991 3931 1109 3987 ﬁeri
1148 3933 1215 3986 '°.
1252 3953 1270 3984 ι
1306 3932 1409 4000 Qui
1432 3943 1613 3988 autem
1639 3950 1769 3990 vere
1792 3935 2040 3989 divinum

2799 3013 3076 3101 φάραγγι.

2211 3136 2283 3187 α’.
2323 3148 2343 3182 ι
2373 3126 2704 3201 Πολυμερῶς
2725 3127 2820 3182 καὶ
2840 3124 3198 3199 πολυτρόπως
3224 3123 3389 3180 πάλαι
3417 3126 3446 3179 6
3465 3124 3602 3190 Θεὸς
3623 3125 3724 3179 λα-

2137 3220 2310 3291 λήσας
2341 3222 2452 3284 τοῖς
2478 3219 2748 3291 πατράσιν
2778 3221 2836 3274 ἐν
2865 3221 2976 3283 τοῖς
3006 3218 3335 3290 προφήταις,
3362 3218 3448 3271 ἐπ’
3471 3217 3724 3288 ἐσχάτων

2137 3310 2244 3366 τῶν
2278 3310 2499 3382 ἡμερῶν
2546 3308 2750 3364 τούτων
2780 3307 3040 3379 ἐλάλησεν
3077 3308 3211 3379 ἡμῖν
3254 3308 3314 3361 ὲν
3345 3306 3481 3378 Υίῷ,
3507 3307 3568 3361 ὃν
3593 3308 3726 3379 ἔθη-

2139 3417 2235 3455 κεν
2280 3400 2617 3472 κληρονόμον
2672 3402 2890 3454 πάντων
2913 3440 2928 3464 ,
2977 3398 3045 3453 δι’
3082 3392 3144 3453 οὗ
3196 3399 3291 3454 καὶ
3336 3399 3463 3462 τοὺς
3514 3399 3724 3463 αίῶνας

2168 3492 2414 3562 ποίησεν.
2441 3510 2460 3543 ι
2511 3489 2647 3544 Ἀλλ’
2678 3492 2727 3544 οἱ
2783 3490 2881 3562 μὲν
2920 3488 3193 3553 συνιέντες
3234 3488 3412 3561 ὀρθῶς
3461 3490 3544 3544 ὅτι
3588 3488 3727 3554 Θεὸς

2139 3582 2217 3638 ὢν
2262 3580 2422 3653 φύσει
2450 3621 2466 3645 ,
2518 3582 2775 3641 καθίκετο
2825 3581 2923 3652 μὲν
2965 3583 3045 3645 εἰς
3096 3581 3346 3644 κένωσιν,
3394 3579 3478 3635 ὅτι
3530 3579 3726 3650 γέγονε

2140 3675 2299 3748 σὰρξ,
2352 3677 2443 3729 καὶ
2491 3674 2800 3746 ἐσκήνωσεν
2852 3676 2911 3727 ὲν
2945 3674 3102 3744 ἡμῖν,
3168 3674 3308 3727 κατὰ
3337 3672 3437 3737 τὰς
3469 3673 3722 3745 Γραφὰς,

2136 3766 2236 3837 τὴν
2262 3766 2416 3820 θείαν
2442 3784 2501 3820 τε
2531 3767 2626 3820 καὶ
2652 3765 2977 3836 ἀξιόληπτον
3018 3765 3499 3833 ὲκπεπλουτήκασι
3533 3765 3724 3835 χάριν.

2146 3877 2164 3910 ι
2192 3859 2347 3911 Ὅσοι
2388 3857 2497 3929 γὰρ
2546 3855 2735 3910 ἔλαϐον
2783 3854 2965 3921 αὑτὸν,
2999 3854 3199 3908 ἔδωκεν
3235 3854 3419 3917 αύτοῖς
3467 3853 3725 3918 ἐξουσίαν

2139 3950 2305 4003 τέκνα
2351 3946 2487 4001 Θεοῦ
2531 3946 2804 4017 γενέσθαι,
2841 3963 2860 3996 ι
2894 3945 3076 4015 φησίν.
3124 3946 3187 3998 Οί
3226 3944 3283 3998 δὲ
3316 3944 3407 3998 τὸν
3446 3944 3593 3999 θεῖον
3625 3946 3728 3998 καὶ

465 4021 629 4083 atque
661 4020 899 4074 salutare
934 4020 1107 4090 ipsius
1130 4021 1372 4076 Verbum
1426 4022 1775 4092 depulerunt,
1824 4024 2045 4080 excide-

2142 4040 2405 4110 σωτήριον
2426 4037 2641 4108 ἀληθῶς
2664 4035 3013 4106 διωθούμενοι
3032 4036 3191 4105 λόγον
3211 4034 3597 4107 διωλισθήκασι
3618 4035 3728 4105 τῆς

465 4113 598 4157 runt
636 4122 752 4174 spe,
784 4117 842 4162 et
882 4111 1009 4163 mali
1034 4112 1174 4166 male
1196 4116 1501 4181 perierunt,
1530 4115 1733 4184 quippe
1754 4114 2042 4186 quihujus

2139 4128 2372 4193 ἐλπίδος,
2404 4127 2566 4182 κακοὶ
2599 4127 2780 4190 κακῶς
2808 4126 3119 4181 ἀπολώλασι
3142 4142 3156 4157 '
3189 4126 3280 4179 τὸν
3307 4124 3415 4179 τῶν
3444 4125 3582 4179 ὅλων
3607 4127 3729 4178 Σω-

468 4194 711 4248 universi
733 4196 1069 4253 Salvatorem
1094 4216 1159 4254 ac
1186 4202 1605 4272 Redemptorem
1631 4205 1796 4274 impie
1848 4213 2042 4260 contu-

2139 4219 2282 4291 τῆρα
2327 4219 2423 4272 καὶ
2462 4218 2756 4289 Δυτρωτὴν
2793 4217 3023 4281 ἀνοσίως
3070 4216 3535 4289 περιυϐρίζοντες.
3591 4211 3727 4270 Εἶεν
3816 4241 3820 4243 Α

469 4287 631 4359 melia
657 4288 957 4345 atl‘ecerint.
980 4292 1293 4349 Istiusmodi
1339 4311 1560 4350 rursum
1610 4295 1817 4351 fuerint
1850 4298 2040 4354 miseri
2071 4302 2074 4355 ξ

2139 4287 2284 4362 δίαν
2312 4309 2406 4363 καὶ
2434 4287 2589 4362 οὗτοι
2614 4309 2663 4362 οἱ
2694 4287 2922 4370 τάλανες
2965 4287 3231 4371 Ἰουδαῖοι,
3261 4287 3344 4370 οἷς
3375 4305 3470 4360 καὶ
3496 4302 3667 4370 αὒτδς
3695 4310 3727 4360 6

466 4377 663 4445 Judaei,
708 4381 871 4452 412
918 4399 1057 4453 quos
1087 4393 1143 4441 et
1174 4387 1289 4456 ipse
1336 4387 1603 4458 propheta
1653 4387 1920 4445 Jeremias
1943 4390 2041 4446 de-

2139 4398 2424 4469 προφήτης
2461 4395 2731 4469 Ἱερεμίας
2768 4394 3085 4467 ὲποιμὼζει,
3111 4393 3287 4463 λέγων
3310 4408 3324 4423 ⁸
3362 4411 3384 4446 ι
3422 4393 3521 4457 Τίς
3553 4391 3726 4447 δώσει

464 4472 661 4542 plorat,
699 4473 929 4530 dicens:
966 4496 983 4527 ι
1022 4475 1158 4544 Quis
1207 4478 1360 4535 dabit
1380 4479 1545 4549 capiti
1583 4494 1706 4536 meo
1732 4495 1960 4549 aquam,
1987 4489 2045 4536 et

2139 4489 2204 4560 τῇ
2239 4488 2446 4558 κεφαλῇ
2479 4505 2579 4558 μου
2614 4487 2779 4559 ὕδωρ,
2807 4486 2902 4541 καὶ¹
2940 4489 3054 4551 τοῖς
3085 4484 3381 4556 ὀφθαλμοῖς
3412 4484 3599 4555 πηγὴν
3626 4484 3726 4539 δα-

437 4563 637 4619 .oculis
674 4565 813 4620 meis
835 4565 1041 4621 fontem
1083 4569 1472 4641 lacrymarum,
1518 4580 1575 4626 et
1609 4570 1820 4626 deﬂebo
1862 4587 2040 4642 popu-

463 4651 576 4705 lum
607 4654 756 4707 hunc
779 4655 868 4710 die
895 4665 951 4710 et
976 4667 1137 4712 nocte
1160 4660 1203 4690 ⁸¹
1229 4661 1251 4714 ?
1279 4681 1297 4712 ι
1327 4661 1465 4717 Cum
1493 4663 1638 4717 enim
1665 4664 1855 4718 liceret
1906 4666 2040 4735 ipsis

461 4757 583 4797 esse
610 4744 920 4801 illustribus
936 4756 1099 4819 atque
1112 4753 1461 4808 aemulatione
1485 4753 1684 4824 dignis,
1712 4755 2037 4825 hipraasenti

463 4829 723 4888 felicitate
771 4836 1005 4904 privati,
1055 4856 1164 4909 quo
1208 4851 1369 4912 pacto
1415 4858 1528 4898 non
1573 4844 1723 4917 digni
1784 4846 1894 4901 sint
1941 4847 2037 4917 qui

465 4924 698 4978 mortuis
715 4926 976 4998 deinceps
993 4934 1458 4989 annumerentur?
1478 4934 1688 5002 Quibus
1703 4937 1897 4992 merito
1913 4938 2037 5008 quis

462 5014 853 5082 illamentetur,
905 5021 1106 5075 amoris
1152 5032 1465 5095 mutumque
1513 5026 1827 5084 dilectionis
1854 5031 2034 5103 lacry-

462 5116 579 5158 mas
627 5106 989 5173 profundens.
1040 5110 1201 5166 Omni
1234 5114 1421 5184 itaque
1451 5116 1597 5172 bono
1635 5119 1832 5190 privati
1883 5130 2031 5188 sunt,

460 5200 623 5261 atque
651 5210 719 5249 ex
737 5196 869 5265 ipsis
897 5201 1303 5268 quodammodo
1350 5206 1722 5266 fundamentis
1771 5213 2036 5269 subrutus

459 5290 543 5336 est
573 5283 898 5341 inobediens
929 5289 1111 5346 lsrael.
1147 5294 1577 5368 Transmigravit
1606 5302 1752 5355 enim
1784 5302 2037 5359 Christus

459 5372 528 5427 ad
561 5386 772 5443 gentes,
802 5387 859 5431 et
880 5378 1102 5437 Iudaeus
1135 5384 1202 5438 ad
1251 5389 1587 5444 credendum
1619 5392 1808 5449 tardus
1858 5396 1947 5451 vix
1979 5397 2036 5452 in

459 5463 661 5534 exiguo
690 5481 924 5523 numero
949 5482 1035 5527 est
1057 5475 1316 5534 salvatus.
1354 5480 1413 5537 ld
1452 5483 1623 5549 enim,
1655 5485 1915 5553 arbitror,
1951 5496 2037 5543 est

2136 4581 2339 4650 κρύων,
2374 4580 2469 4633 καὶ
2489 4580 2791 4651 κλαύσομαι
2815 4580 2906 4633 τὸν
2932 4577 3058 4632 λαὸν
3086 4578 3300 4648 ἡμέρας
3328 4578 3421 4630 καὶ
3448 4577 3716 4643 νυκτός;ι

2136 4666 2229 4733 Οἷς
2255 4670 2365 4741 γὰρ
2396 4669 2513 4736 ἐξὸν
2556 4666 2695 4724 εῐναι
2732 4671 3006 4741 λαμπροῖς
3050 4669 3144 4722 καὶ
3185 4664 3591 4736 ἁξιοζηλώτοις,
3622 4667 3725 4719 καὶ

2139 4763 2240 4831 τῆς
2260 4758 2483 4831 ἐνούσης
2512 4759 2810 4832 εὐημερίας
2837 4758 3209 4831 ἐστερημένοι,
3239 4757 3353 4821 πῶς
3376 4758 3478 4811 οὐκ
3507 4756 3573 4811 ἂν
3607 4751 3724 4811 εἷεν

2141 4852 2282 4917 ἄξιοι
2307 4852 2400 4906 τοῦ
2424 4853 2518 4907 καὶ
2540 4854 2599 4907 ὲν
2637 4852 2736 4925 ίσῳ
2776 4853 2960 4907 λοιπὸν
2990 4856 3103 4917 τοῖς
3134 4852 3393 4906 τεθνεῶσι
3422 4853 3725 4923 καταλογίο

2143 4944 2365 5011 ζεσθαις
2393 4941 2488 5008 Οἷς
2524 4945 2590 4999 ἂν
2628 4946 2852 5008 εἰκότως
2888 4942 3248 4998 ὲπικωκύσειε
3277 4944 3374 4997 καὶ
3402 4943 3464 4997 τὸ
3492 4943 3552 5009 ἐξ
3578 4944 3724 5013 ἀγά-

2143 5053 2250 5106 πης
2280 5036 2375 5089 καὶ
2403 5034 2752 5105 φιλαλληλίας
2794 5033 3076 5099 ὲπιστάξαι
3126 5034 3380 5104 δάκρυον.
3414 5034 3627 5099 Παντὸς
3651 5033 3720 5106 δὴ

2139 5121 2232 5179 οὖν
2270 5126 2465 5197 ἔρημοι
2508 5126 2792 5195 γεγόνασιν
2831 5124 3057 5194 ἀγαθοῦ,
3101 5125 3196 5180 καὶ
3223 5123 3284 5189 ἐξ
3321 5123 3500 5178 αὐτῶν
3529 5123 3722 5195 ὥσπερ

2132 5218 2455 5288 κατεσείσθη
2473 5217 2689 5289 βάθρων
2716 5219 2744 5270 6
2765 5214 2974 5286 ὲξήνιος
3001 5215 3238 5286 Ἰσραήλ.
3262 5214 3717 5283 Μεταπεφοίτηκε

2131 5309 2239 5380 γὰρ
2264 5309 2358 5363 ἐπὶ
2385 5311 2454 5364 τὰ
2486 5308 2614 5380 ἐθνη
2646 5307 2909 5381 Χριστός’
2942 5307 3176 5372 σώζεται
3208 5307 3264 5360 δὲ
3299 5307 3394 5361 καὶ
3438 5306 3594 5377 μόλις
3640 5307 3721 5370 ὡς

2133 5400 2190 5450 ὲν
2220 5399 2469 5470 ὀλιγοστῇ
2504 5397 2668 5470 μοίρᾳ
2696 5397 2882 5451 λοιπὸν
2920 5398 2949 5450 6
2976 5395 3255 5468 δυσμαθὴς
3295 5395 3567 5458 Ἰουδαῖος.
3604 5396 3718 5448 Καὶ

2132 5488 2290 5541 τοῦτό
2325 5490 2493 5554 ἐστιν,
2529 5483 2702 5559 οἶμαι,
2734 5488 2796 5540 τὸ
2827 5487 2915 5541 διὰ
2964 5489 3147 5559 φωνῆς
3192 5487 3417 5542 Ἡσαΐου
3448 5500 3715 5558 προφητι-

530 5569 996 5645 "Hebr.i,t,2.
1073 5583 1120 5617 δ’
1146 5586 1385 5661 Philipp.
1411 5607 1469 5658 ιι,
1502 5593 1553 5648 7.
1632 5594 1863 5652 “Joan.
1907 5596 2065 5662 1,14.
2147 5598 2503 5664 “ibid.,i2.
2577 5595 2961 5664 "Jerem.lx,
3000 5596 3050 5652 i.
