4060 6192
412 255 521 311 6ίὸ

1269 249 1791 310 GLAPHYRORUM
1830 248 1898 305 IN
1935 243 2532 309 DEUTEBONOMIUM
2566 253 2786 312 LIBER.

3568 265 3676 324 646

411 372 484 426 κιῖ
496 387 524 434 ς
556 365 916 441 ὑμνούμενονο
945 383 964 418 ι
1003 357 1114 420 Kal
1140 366 1188 419 εί
1217 367 1293 438 μὴ
1313 368 1518 439 Κύριος
1538 365 1766 420 Σαϐαὼθ
1794 368 1978 433 ἐγκατ-

2101 365 2249 432 quod
2273 383 2372 437 per
2401 385 2593 426 vocem
2618 373 2770 428 Isaia!
2807 370 3122 427 celebratur
3152 388 3164 426 :
3204 391 3223 423 ι
3265 373 3381 430 Nisi
3410 375 3556 435 Deus
3577 381 3676 437 Sa-

426 461 620 516 έλιπεν
677 461 808 530 ἡμῖν
857 458 1104 528 σπέρμα,
1144 457 1220 521 ὠς
1265 458 1476 528 Σόδομα
1519 459 1585 512 ἂν
1632 458 1989 529 ἐγενήθημεν,

409 553 505 607 καὶ
537 551 614 614 ὡς
631 551 669 602 Γ
673 551 885 622 όμορρα
909 549 974 603 ἂν
999 548 1384 620 ὡμοιώθημεν.
1409 569 1427 602 ι
1454 550 1591 620 Φέρε
1609 545 1724 614 οὖν,
1752 550 1801 601 εί
1823 549 1990 613 δοκεῖ,

409 644 504 696 καὶ
533 642 592 705 ἐξ
619 641 799 694 αὐτῶν
839 641 947 694 τῶν
987 641 1294 695 Μωσαῖκῶν
1339 643 1778 713 καταθρήσωμεν
1818 641 1992 708 λόγων

408 731 503 786 τοῦ
547 731 848 803 μυστηρίου
878 730 977 802 τὴν
1027 731 1275 802 δύναμιν.
1318 733 1634 800 Γέγραπται
1675 730 1782 800 γὰρ
1819 731 1991 794 οὕτως

408 824 467 875 ἐν
497 822 582 892 τῷ
602 822 1007 893 Δευτερονομίῳ
1030 843 1042 855 ·
1087 842 1106 875 ι
1143 823 1268 876 Ἐὰν
1307 823 1363 877 δὲ
1404 823 1600 893 εὑρεθῇ
1649 821 1991 894 τραυματίας

408 917 466 966 ἐν
492 916 558 984 τῇ
594 916 686 984 γῇ,
726 914 792 983 ἣν
826 913 1029 984 Κύριος
1061 915 1090 966 6
1121 914 1254 977 Θεός
1300 931 1392 967 σου
1430 912 1613 967 δίδωσί
1661 931 1743 967 σοι
1791 913 1991 984 κληροο

408 1007 663 1074 νομῆσαι,
703 1003 1006 1068 πεπτωκὼς
1039 1007 1096 1058 ἐν
1123 1005 1203 1076 τῷ
1229 1005 1416 1076 πεδίῳ,
1460 1004 1552 1058 καὶ
1579 1006 1678 1058 οὐκ
1703 1006 1874 1058 οίδασι
1897 1005 1988 1058 τὸν

409 1094 740 1160 πατάξαντα,
765 1095 1110 1161 ἐξελεύσεται
1136 1101 1168 1166 ἡ
1203 1097 1460 1168 γερουσία
1484 1113 1576 1150 σου
1605 1097 1699 1151 καὶ
1727 1098 1776 1150 oi
1805 1097 1987 1168 κριταί

406 1207 522 1253 σου,
559 1191 652 1242 καὶ
689 1191 1119 1262 ἐκμετρήσουσιν
1166 1193 1258 1244 ἐπὶ
1294 1191 1392 1254 τὰς
1431 1191 1616 1254 πόλεις
1655 1191 1752 1254 τὰς
1803 1192 1988 1262 κύκλῳ

403 1280 499 1334 τοῦ
527 1279 886 1350 τραυματίου.
929 1281 1038 1334 Καὶ
1069 1280 1279 1350 ἑσταιή
1320 1279 1474 1344 πόλις
1516 1282 1548 1350 ἡ
1585 1279 1874 1348 ἐγγίζουσιν.
1910 1280 1986 1350 τῷ

403 1374 740 1446 τραυματίᾳ,
797 1374 892 1427 καὶ
942 1373 1171 1444 λήψεται
1223 1375 1256 1445 ἡ
1310 1375 1572 1445 γερουσία
1623 1375 1722 1444 τῆς
1778 1373 1986 1437 πόλεως

403 1465 620 1535 ἐκείνης
668 1463 898 1534 δάμαλιν
939 1467 1002 1518 ἐκ
1058 1464 1195 1534 βοῶν
1240 1466 1362 1535 ἥτις
1403 1467 1505 1518 οὐκ
1555 1465 1860 1536 εἴργασται,
1893 1468 1987 1519 καὶ

402 1560 523 1631 ἥτις
559 1557 659 1628 οὐχ
703 1557 922 1611 εἵλκυσε
957 1558 1152 1625 ζυγόνο
1185 1559 1281 1611 καὶ
1323 1557 1782 1612 καταϐιϐάσουσιν
1817 1560 1849 1630 ἡ
1895 1575 1986 1626 γε·

406 1650 594 1722 ρουσία
623 1649 722 1719 τῆς
753 1649 960 1713 πόλεως
981 1649 1196 1720 ἐκείνης
1225 1649 1323 1720 τὴν
1353 1649 1585 1718 δάμαλιν
1611 1651 1691 1713 είς
1727 1649 1987 1719 φάραγγα

2097 456 2262 513 baotb
2300 461 2615 531 reliquisset
2647 465 2808 520 nobis
2839 482 3025 524 semen
3044 508 3058 533 ,
3085 466 3227 524 sicut
3262 469 3497 526 Sodoma
3521 487 3673 529 esse—

2095 566 2218 606 mus
2235 551 2382 618 facti,
2413 564 2470 610 et
2490 555 2812 614 Gomorrhze
2837 562 3121 618 assimilati
3151 565 3214 617 ⁸³.
3253 583 3270 616 ι
3313 563 3420 618 Sed
3477 580 3597 634 age,
3626 565 3671 621 si

2093 641 2332 707 videtur,
2373 645 2735 704 Mosaicorum
2763 653 3058 708 verborum
3090 657 3336 726 mysterii
3363 657 3474 710 vim
3514 673 3675 712 erua-

2093 749 2234 787 mus.
2258 736 2334 789 Ita
2357 738 2505 791 enim
2539 740 2596 793 in
2618 741 3045 802 Deuteronomio
3086 749 3351 818 scriptum
3392 750 3626 804 habetur
3655 767 3670 803 :

2101 824 2203 880 «Si
2259 828 2582 886 vulneratus
2645 833 2811 890 fuerit
2858 838 3115 895 inventus
3183 842 3236 896 in
3297 851 3440 896 terra
3505 857 3670 910 quam

2090 915 2362 974 Dominus
2419 922 2566 978 Deus
2611 934 2737 982 tuus
2784 928 2937 984 dabit
3006 933 3104 987 tibi
3162 934 3216 988 in
3269 935 3669 999 baereditalem,

2093 1015 2404 1075 prostratus
2433 1012 2488 1067 in
2514 1029 2729 1085 campo,
2782 1035 2884 1074 nec
2910 1031 3125 1079 constat
3171 1025 3297 1094 quis
3325 1027 3670 1095 percusserit

2091 1111 2218 1150 eum
2256 1115 2270 1151 :
2312 1108 2445 1156 tunc
2474 1117 2696 1162 senatus
2735 1118 2864 1164 tuus
2889 1122 2943 1166 et
2971 1113 3185 1182 judices
3210 1115 3286 1169 tui
3328 1116 3576 1180 exibunt,
3613 1125 3671 1172 ct

2092 1189 2392 1246 metientur
2419 1195 2486 1248 ad
2505 1197 2755 1254 civitates
2781 1217 2902 1270 qua:
2927 1213 3054 1257 sunt
3075 1205 3130 1258 in
3153 1206 3387 1259 circuitu
3411 1207 3668 1261 vulnera-

2093 1281 2150 1334 ti.
2190 1283 2257 1336 Et
2306 1284 2452 1340 illius
2503 1287 2745 1346 civitatis
2775 1309 2896 1362 qua:
2953 1295 3056 1364 ipsi
3102 1297 3390 1352 vulnerato
3419 1299 3668 1368 proxima

2089 1381 2210 1431 est.
2254 1385 2478 1433 senatus
2527 1381 2760 1452 accipiet
2805 1386 3033 1441 vitulam
3090 1404 3157 1442 ex
3223 1391 3487 1445 armentis
3547 1406 3670 1460 quas

2090 1466 2333 1521 nondum
2391 1471 2686 1556 laboravit,
2754 1493 2858 1533 nec
2903 1481 3071 1535 traxit
3123 1483 3338 1552 jugum,
3395 1483 3667 1555 ducetque

2089 1565 2314 1612 senatus
2345 1559 2494 1615 illius
2520 1563 2760 1621 civitatis
2792 1567 3022 1622 vitulam
3062 1570 3117 1623 in
3168 1571 3363 1625 vallem
3392 1587 3664 1642 asperam,

2091 1663 2212 1715 qua:
2245 1650 2450 1708 inculta
2482 1664 2585 1722 est,
2607 1673 2710 1713 nec
2742 1661 3064 1715 seminatur.
3087 1663 3156 1716 Et
3181 1678 3380 1718 nervos
3414 1666 3668 1720 concidet

402 1716 688 1814 τραχεῖαν,
710 1741 832 1811 ἥτις
879 1741 979 1793 οὐκ
1025 1716 1332 1811 εἴργασται,
1375 1716 1495 1793 οῦδὲ
1541 1716 1840 1810 σπείρεται.
1877 1716 1978 1794 Kal

2090 1741 2273 1797 vitulaa
2303 1745 2359 1798 in
2390 1747 2549 1812 valle,
2601 1751 2975 1822 accedentque
3024 1755 3340 1811 sacerdotes
3363 1765 3420 1810 et
3450 1757 3663 1822 levita;

402 1835 866 1905 νευροκοπήσουσι
892 1832 989 1904 τὴν
1004 1831 1234 1902 δάμαλιν
1259 1833 1316 1887 ἐν
1337 1835 1402 1903 τῇ
1421 1833 1686 1904 φάραγγι,
1711 1832 1806 1887 καὶ
1821 1848 1988 1904 προσ-

401 1925 710 1978 ελεύσονται
751 1925 798 1977 οἱ
835 1925 1000 1995 ίερεῖς
1031 1923 1126 1977 xal
1175 1925 1224 1977 οἱ
1255 1922 1481 1980 Λευῖται
1501 1964 1516 1986 ,
1548 1924 1630 1977 ὅτι
1661 1923 1860 1988 αὐτοὺς
1901 1925 1987 1991 ἐξ·

399 2016 622 2083 ελέξατο
669 2015 872 2087 Κύριος
899 2016 928 2067 6
972 2014 1104 2079 Θεός
1144 2033 1261 2079 σου,
1302 2015 1650 2087 παραστῆναι
1686 2015 1855 2086 αὐτῷ,
1891 2016 1986 2069 καὶ

397 2110 640 2179 εὐλογεῖν
671 2109 764 2162 ἐπ)⁸
801 2107 878 2179 τῷ
912 2108 1135 2180 ὀνόματι
1167 2108 1352 2174 αὐτοῦ,
1382 2109 1476 2162 καὶ
1515 2109 1608 2162 ἐπὶ
1642 2107 1722 2178 τῷ
1755 2108 1985 2180 στόματι

398 2202 580 2254 αὐτῶν
623 2201 777 2255 ἔσται
808 2202 958 2255 πᾶσα
1001 2201 1305 2270 ἀντιλογία,
1340 2201 1436 2256 καὶ
1483 2202 1634 2256 πᾶσα
1688 2201 1824 2272 ἁφή.
1875 2202 1986 2255 Kal

399 2294 602 2364 πᾶσαή
633 2293 893 2365 γερουσία
921 2293 1019 2363 τῆς
1064 2293 1274 2356 πόλεως
1317 2293 1552 2364 ἐκείνης,
1585 2293 1636 2347 οἱ
1669 2291 1984 2362 ἐγγίζοντες

395 2384 472 2455 τῷ
495 2383 830 2456 τραυματίᾳ,
863 2384 1109 2454 νίψονται
1135 2385 1238 2448 τὰς
1269 2387 1456 2456 χεῖρας
1484 2385 1577 2438 ἐπὶ
1606 2385 1706 2456 τὴν
1739 2383 1982 2457 κεφαλὴν

395 2476 493 2546 τῆς
513 2475 800 2546 δαμάλεως
821 2476 923 2548 τῆς
948 2493 1311 2548 νενευροκοπη
1321 2478 1508 2548 μένης,
1538 2479 1598 2531 ἐν
1623 2481 1690 2550 τῇ
1716 2477 1978 2547 φάραγγι,

398 2568 491 2621 καὶ
540 2567 938 2638 ἀποκριθέντες
990 2569 1238 2640 ἐροῦσινο
1294 2571 1360 2622 Al
1427 2571 1608 2641 χεῖρες
1673 2569 1832 2640 ἡμῶν
1882 2569 1982 2623 οὐκ

397 2659 616 2730 ἐξέχεαν
638 2660 702 2713 τὸ
739 2656 880 2731 αἷμα
907 2661 1096 2715 τοῦτο’
1132 2663 1230 2715 καὶ
1266 2663 1316 2714 οἱ
1363 2660 1634 2730 ὀφθαλμοὶ
1679 2659 1840 2731 ήμῶν
1883 2661 1981 2731 οὐχ

397 2751 725 2822 ἑωράκασιν.
769 2752 959 2815 Ἴλεως
995 2750 1154 2820 γενοῦ
1181 2750 1261 2822 τῷ
1299 2749 1416 2822 λαῷ
1461 2767 1555 2803 σου
1602 2750 1840 2821 Ἰσραὴλ,
1875 2749 1982 2804 K6-

397 2860 512 2914 ριε,
550 2843 644 2907 οὓς
671 2843 962 2915 ἐλυτρὼσω
986 2847 1049 2898 ἐκ
1075 2845 1181 2915 γῆς
1204 2845 1504 2914 Δίγύπτου,
1531 2843 1620 2898 ἴνα
1651 2844 1725 2914 μὴ
1757 2843 1980 2914 γένηται

394 2929 534 3006 αἷμα
574 2936 812 2989 ἀναίτιον
858 2937 915 2989 ἐν
950 2936 1029 3007 τῷ
1078 2936 1193 3006 λαῷ
1231 2953 1324 2990 σου
1369 2936 1607 3007 Ἰσραήλ.
1651 2935 1761 2989 Kal
1804 2935 1981 3000 ἐξιλα-

2088 1833 2217 1900 quia
2251 1835 2353 1890 hos
2390 1839 2554 1909 elegit
2585 1841 2850 1898 Dominus
2877 1845 3018 1900 Deus
3044 1853 3172 1901 tuus
3192 1887 3206 1913 ,
3241 1857 3302 1902 ut
3329 1849 3668 1904 adducerent

2089 1922 2212 1993 ipsi,
2238 1935 2404 1997 atque
2432 1929 2825 1990 benedicerent
2850 1938 2905 1990 in
2935 1939 3157 1992 nomine
3183 1940 3374 2010 ipsius,
3399 1951 3455 1996 et
3490 1942 3546 1996 in
3568 1958 3667 1998 ore

2089 2015 2334 2085 ipsorum
2369 2031 2515 2076 esset
2545 2027 2725 2080 omnis
2758 2031 3133 2084 controversia
3189 2048 3462 2103 omneque
3511 2035 3664 2104 judi-

2087 2107 2253 2164 cium.
2281 2110 2418 2166 Tum
2456 2122 2602 2171 totus
2625 2128 2848 2174 senatus
2887 2120 3038 2175 illius
3065 2122 3303 2178 civitatis
3347 2125 3442 2194 qui
3463 2141 3664 2196 appro-

2085 2199 2355 2270 pinquant
2393 2206 2702 2273 vulnerato,
2748 2209 3011 2267 lavabunt
3062 2229 3257 2270 manus
3285 2231 3452 2286 super
3501 2226 3666 2288 caput

2085 2289 2290 2356 vitulus,
2343 2296 2499 2364 cujus
2538 2300 2691 2352 nervi
2726 2309 2856 2354 sunt
2882 2304 3087 2358 concisi
3135 2305 3190 2359 in
3216 2306 3376 2372 valle,
3429 2307 3665 2379 datoque

2085 2397 2348 2452 responso
2371 2387 2558 2443 dicent
2587 2407 2600 2442 :
2621 2389 2811 2446 Manus
2832 2401 3034 2448 nostra:
3057 2410 3167 2449 non
3192 2396 3509 2453 eﬂuderunt
3535 2415 3662 2454 san-

2083 2474 2306 2543 guinem
2331 2478 2500 2544 hunc,
2544 2497 2724 2551 neque
2757 2485 2901 2538 oculi
2953 2487 3123 2540 nostri
3166 2487 3441 2542 viderunt.
3471 2490 3664 2561 Propi-

2085 2567 2196 2622 tius
2216 2567 2292 2623 sis
2315 2571 2517 2639 populo
2542 2580 2637 2627 tuo
2669 2573 2855 2639 Israel,
2885 2592 3048 2645 quem
3074 2577 3380 2644 redemisti,
3409 2581 3660 2645 Domine.

2081 2671 2113 2710 e
2150 2665 2296 2712 terra
2336 2659 2574 2732 Egypti,
2614 2671 2676 2717 ut
2735 2681 2846 2720 non
2888 2667 2960 2722 sit
3013 2669 3237 2738 sanguis
3288 2669 3552 2725 innocens
3604 2671 3659 2726 in

2081 2747 2284 2815 pepulo
2309 2757 2402 2804 tuo
2428 2751 2613 2806 Israel.
2646 2754 2712 2807 Et
2745 2759 2968 2826 sanguis
2989 2757 3164 2826 ipsius
3206 2760 3540 2815 remittetur.
3578 2761 3660 2817 Tu

2081 2847 2264 2893 autem
2301 2842 2458 2896 tolles
2480 2845 2798 2914 sanguinem
2827 2848 3176 2905 innocentem
3209 2867 3275 2905 ex
3303 2853 3464 2907 nobis
3503 2853 3658 2924 ipsis,

2080 2930 2124 2985 si
2150 2931 2347 2987 feceris
2369 2934 2516 3004 quod
2557 2935 2762 2991 bonum
2793 2947 2849 2994 et
2891 2941 3154 3010 placitum
3207 2959 3390 3000 coram
3429 2947 3660 3002 Domino

393 3026 652 3098 σθήσεται
690 3029 872 3089 αὐτοῖς
909 3027 970 3080 τὸ
1000 3023 1161 3100 αἷμα.
1203 3028 1274 3081 Σὺ
1315 3028 1371 3081 δὲ
1413 3029 1626 3099 ἐξαρεῖς
1655 3027 1718 3080 τὸ
1755 3021 1894 3098 αἷμα
1919 3027 1978 3081 τὸ
2005 3050 2047 3110 C
2082 3023 2194 3079 Deo
2216 3033 2311 3080 tuo
2331 3028 2397 3082 ⁵³.
2430 3047 2449 3080 ι

392 3121 630 3175 ἀναίτιον
664 3121 724 3186 ἐξ
753 3122 909 3193 ἡμῶν
937 3121 1148 3175 αὐτῶν·
1176 3122 1269 3176 ἐὰν
1290 3121 1346 3175 δὲ
1370 3125 1570 3195 ποιήσῃ
1602 3121 1664 3174 τὸ
1696 3120 1858 3174 καλὸν
1879 3121 1974 3174 καὶ

391 3215 621 3286 ἀρεστὸν
653 3215 894 3268 ἐναντίον
925 3213 1132 3286 Κυρίου
1162 3215 1257 3267 τοῦ
1292 3213 1427 3267 Θεοῦ
1459 3231 1576 3268 σου.
1611 3232 1630 3266 ι

464 3305 530 3376 β’.
550 3307 1028 3378 Τετραυμάτισται
1053 3308 1149 3378 μὲν
1173 3303 1266 3360 οὖν
1289 3306 1356 3360 δι’
1375 3307 1524 3377 ἡμᾶς
1548 3307 1576 3360 6
1604 3304 1972 3376 Ἐμμανουήλο

395 3398 802 3468 μεμαλάκισται
822 3399 929 3471 γὰρ
955 3399 1041 3454 διὰ
1072 3399 1170 3462 τὰς
1203 3398 1474 3469 ἁμαρτίας
1506 3397 1681 3468 ἡμῶν,
1714 3397 1856 3451 κατὰ
1876 3397 1975 3459 τὰς

392 3491 635 3562 Γραφάς.
687 3490 938 3562 Εὕρηται
978 3491 1035 3544 δὲ
1072 3492 1231 3544 τοῦτο
1269 3489 1454 3544 παθὼν
1491 3490 1550 3543 ἐν
1586 3492 1652 3561 τῇ
1690 3489 1799 3542 τῶν
1837 3491 1972 3544 Ἰουο

387 3583 555 3635 δαίων
593 3585 688 3653 γῇ,
747 3584 843 3635 καὶ
890 3582 996 3649 ἔξω
1045 3583 1220 3653 πύλης
1257 3581 1634 3654 Ἰερουσαλήμ.
1682 3581 1828 3654 Πλὴν
1871 3583 1973 3637 οὐκ

387 3675 591 3745 ᾔδεσαν
639 3673 732 3727 τὸν
778 3673 1114 3738 πατάξαντα,
1151 3673 1267 3736 πῶς
1307 3673 1340 3744 ἢ
1392 3674 1510 3726 τίνα
1558 3673 1776 3744 τρόπον.
1810 3673 1874 3725 Τί
1905 3673 1970 3744 δὴ

387 3766 496 3836 ἄρα
513 3766 680 3836 φησὶν
701 3767 730 3818 6
756 3765 920 3834 νόμος
939 3805 954 3828 ,
987 3764 1178 3817 Καίτοι
1199 3764 1300 3833 τῆς
1332 3764 1600 3818 Ἰουδαίων
1627 3765 1973 3836 ἀνοσιότητος

388 3855 549 3925 ἔργον
609 3851 746 3908 εἶναί
795 3871 975 3925 φαμεν
1033 3853 1102 3908 τὰ
1153 3853 1295 3906 κατὰ
1341 3853 1574 3924 Χριστοῦ
1621 3854 1969 3926 τολμήματα.

387 3945 554 3998 Αὐτοὶ
581 3945 692 4015 γὰρ
714 3945 930 4014 Πιλάτῳ
958 3945 1310 4015 προσήγαγον
1329 3960 1342 3974 ·
1373 3943 1528 3997 αὐτοὶ
1549 3943 1972 4015 διακεκραγότες

388 4038 568 4091 ἁλοῖεν
608 4037 702 4091 ἄν·
747 4055 766 4087 ι
805 4032 959 4106 Alps,
1013 4031 1158 4106 αἶρε,
1223 4034 1534 4105 σταύρωσον
1585 4034 1809 4088 αὐτόν.»
1863 4036 1972 4087 Καὶ

385 4129 580 4182 πάλιν·
620 4145 641 4180 ι
683 4127 810 4180 Ἐάν
847 4127 921 4196 μὴ
949 4125 1138 4178 τοῦτον
1185 4124 1537 4196 ἀποκτείνῃς,
1583 4123 1682 4175 οὐκ
1720 4117 1774 4175 ἐἴ
1821 4122 1972 4192 φίλος

389 4220 482 4274 ιοῦ
517 4219 816 4290 Καίσαρος.
855 4237 873 4270 ι
927 4219 1037 4272 Kal
1075 4221 1123 4272 οί
1164 4218 1438 4272 θεσπέσιοι
1490 4217 1548 4270 δὲ
1594 4216 1834 4286 μαθηταὶ
1870 4217 1970 4288 τῆς

387 4313 612 4367 ἐκείνων
641 4311 972 4382 δυστροπίας
1013 4312 1382 4382 κατηγόρευον
1410 4309 1674 4380 ἐναργῶς,
1707 4308 1844 4380 πρὸς
1879 4309 1969 4363 τὸν

388 4405 448 4457 ὲν
465 4406 716 4476 οὐρανοῖς
734 4405 949 4473 Πατέρα
965 4402 1122 4466 Θεδν,
1143 4402 1238 4454 ὡδὶ
1261 4401 1524 4470 λέγοντες·
1537 4419 1554 4451 ι
1580 4401 1696 4454 Ἐπ’
1713 4400 1969 4471 ἀληθείας

388 4497 500 4564 γάρ
540 4495 889 4566 συνήχθησαν
942 4497 1000 4547 ἐν
1046 4497 1112 4564 τῇ
1161 4493 1312 4545 πόλει
1351 4491 1523 4563 ταύτῃ
1565 4493 1658 4544 ἐπὶ
1696 4492 1788 4546 τὸν
1815 4493 1968 4561 ἇγιον

391 4588 558 4641 παῖδὰ
593 4603 686 4640 σου
728 4585 937 4656 Ἰησοῦν
967 4585 1222 4656 Χριστὸν,
1256 4583 1314 4636 ὃν
1343 4583 1584 4654 ἔχρισας,
1630 4583 1872 4655 Ἡρώδης
1908 4601 1968 4637 τε

388 4681 484 4734 καὶ
511 4679 734 4742 Πόντιος
761 4677 989 4740 Πιλᾶτος
1019 4678 1117 4728 σὺν
1144 4674 1318 4727 ἔθνεσι
1346 4675 1440 4728 καὶ
1469 4675 1616 4738 λαοῖς
1673 4675 1906 4746 Ἰσραήλ.
1942 4693 1961 4727 ι

403 4773 526 4824 Ἕνα
533 4769 810 4840 ργέστατα
823 4768 880 4820 δὲ
893 4768 985 4820 καὶ
997 4764 1297 4834 ἀναφανδὸν
1312 4766 1340 4817 6
1359 4765 1623 4834 μακάριος
1637 4765 1840 4833 Πέτρος
1856 4768 1965 4828 τοῖς

404 4861 670 4916 Ἰουδαίων
690 4859 835 4922 λαοῖς
861 4857 1203 4928 ἐπιπλήττει,
1222 4853 1414 4923 λέγων,
1434 4854 1563 4907 ποτὲ
1591 4854 1690 4924 μὲν
1719 4854 1802 4907 ὅτι
1828 4873 1846 4906 ι
1866 4855 1968 4910 Τὸν

389 4952 632 5025 ἀρχηγὸν
657 4952 756 5022 τῆς
778 4950 925 5020 ζωῆς
936 4947 1312 5008 ἀπεκτείνατε,
1338 4964 1357 4996 ι
1391 4945 1516 4999 ποτέ
1536 4945 1595 4998 δὲ
1610 4939 1678 4999 αὖ
1694 4961 1708 4975 ·
1738 4962 1758 4996 ι
1781 4943 1967 5016 Ὑμεῖς

388 5046 448 5100 δὲ
495 5047 587 5098 τὸν
619 5045 773 5113 ἅγιον
817 5042 913 5095 καὶ
957 5042 1162 5095 δίκαιον
1201 5037 1533 5111 ἠρνήσασθε,
1563 5038 1658 5092 καὶ
1691 5038 1966 5110 ᾐτήσασθε

391 5142 557 5214 ἄνδρα
596 5141 760 5210 φονέα
789 5137 1111 5210 χαρισθῆναι
1153 5137 1301 5205 ὑμῖν.
1337 5152 1356 5184 ι
1393 5132 1458 5185 Τί
1485 5127 1579 5185 οὗν
1615 5132 1723 5203 ἄρα
1749 5132 1912 5201 φησὶν
1941 5133 1970 5184 6

391 5236 575 5305 νόμος,
626 5235 709 5287 ὅτι
754 5233 856 5286 οὐκ
896 5231 1070 5284 οἴδασι
1109 5229 1202 5280 τὸν
1240 5225 1595 5292 πατάξαντας
1640 5223 1916 5286 Μυστικὺς
1943 5224 1972 5275 ὁ

389 5323 568 5392 λόγος,
597 5323 693 5376 καὶ
725 5322 788 5376 οὒ
838 5323 1004 5375 πᾶσιν
1049 5318 1234 5375 ἁπλῶς
1283 5317 1632 5387 ἐγκείμενος·
1686 5316 1867 5386 μόνοις
1913 5313 1970 5367 δὲ

391 5419 528 5486 τάχα
553 5411 829 5483 γνώριμος
862 5415 974 5473 τοῖς
999 5409 1210 5464 νοοῦσιν
1248 5409 1426 5478 ὀρθῶς
1455 5408 1516 5461 τὸ
1549 5409 1846 5478 μυστήριον
1879 5407 1970 5459 τοῦ

388 5502 647 5574 Χριστοῦ.
682 5503 874 5573 ’ῼοντο
913 5500 1022 5573 γάρ
1069 5499 1119 5551 οἱ
1164 5497 1275 5551 τῶν
1329 5498 1600 5552 Ἰουδαίων
1639 5495 1969 5568 καθηγηταὶ,

495 5676 544 5710 ⁸⁸
573 5676 680 5731 lsa.
717 5690 756 5738 I.
782 5677 836 5732 9.
947 5677 993 5709 ⁸³
1032 5675 1186 5734 Deut.
1221 5693 1332 5746 ut,
1364 5677 1480 5734 1-8.

393 5747 437 5780 ⁸²
469 5746 592 5805 Act.
625 5761 709 5815 tu,
742 5747 828 5816 14,
862 5746 947 5804 15.

1594 5677 1662 5711 ⁸⁸⁸
1697 5675 1806 5733 lsa.
1843 5691 1958 5742 Lm,
1989 5674 2043 5730 5.

2146 3296 2308 3369 513
2345 3297 2398 3352 2.
2430 3299 2762 3357 Vulneratus
2795 3302 3015 3380 quidem
3047 3313 3269 3376 propter
3296 3322 3398 3365 nos
3420 3317 3504 3366 est
3527 3310 3660 3365 Em-o

2073 3391 2291 3446 manuel
2314 3409 2325 3444 :
2352 3392 2560 3463 languit
2580 3395 2725 3448 enim
2749 3405 2973 3465 prOpter
2992 3407 3214 3468 peccata
3239 3408 3426 3455 nostra
3451 3402 3537 3468 ³³⁸,
3568 3419 3657 3458 se-

2074 3483 2315 3538 cundum
2335 3484 2668 3556 Scripturas.
2683 3489 2846 3544 Visus
2859 3497 2943 3544 est
2965 3500 3150 3546 autem
3173 3493 3278 3548 hoc
3295 3495 3405 3563 pati
3431 3495 3486 3549 in
3513 3505 3656 3551 terra

2072 3574 2388 3632 Judaaorum
2420 3587 2475 3633 et
2497 3589 2650 3634 extra
2677 3589 2863 3650 portas
2885 3576 3208 3639 Jerusalem.
3250 3585 3412 3656 Atqui
3440 3588 3656 3658 ignora-

2073 3679 2205 3725 runt
2236 3687 2400 3742 quem
2435 3675 2826 3743 percusserint.
2869 3676 3154 3742 Quomodo
3187 3688 3282 3732 aut
3310 3695 3418 3747 qua
3445 3681 3654 3737 ratione

2072 3759 2178 3816 boc
2204 3762 2436 3818 allirmat
2467 3765 2598 3819 lex?
2625 3767 2694 3818 At
2720 3781 2850 3821 vero
2879 3782 2980 3822 nos
3007 3768 3240 3822 dicimus
3265 3769 3364 3822 ista
3394 3769 3656 3826 adversus

2071 3851 2349 3907 Christum
2377 3856 2586 3909 scelera
2623 3855 2693 3909 ab
2722 3857 2908 3926 impiis
2935 3857 3136 3912 Judwis
3167 3866 3476 3926 perpetrata
3511 3876 3649 3915 esse.

2070 3945 2206 3999 Nam
2255 3946 2344 4000 isti
2383 3947 2557 4000 Pilato
2587 3962 2712 4001 eum
2739 3948 3126 4014 adduxerunt;
3164 3948 3252 4004 isti
3294 3949 3424 4004 item
3453 3952 3652 4021 depre-

2071 4033 2229 4119 hensi
2271 4044 2400 4089 sunt
2448 4035 2856 4091 vociferantes:
2905 4055 2924 4089 ι
2971 4037 3142 4103 Tolle,
3186 4040 3354 4106 tolle;
3391 4043 3651 4114 crucifige

2070 4139 2198 4178 eum
2237 4124 2304 4177 “.
2345 4144 2364 4176 ι
2399 4125 2466 4180 Et
2496 4140 2729 4180 rursus:
2773 4145 2792 4177 ‹
2832 4127 2948 4182 Nisi
3005 4127 3154 4182 hunc
3197 4127 3488 4197 occideris,
3541 4148 3651 4186 non

2071 4233 2131 4272 es
2176 4217 2387 4272 amicus
2439 4217 2668 4273 Caesaris
2699 4219 2763 4272 ".
2807 4237 2826 4270 ›
2865 4219 2998 4274 Item
3024 4220 3196 4275 divini
3225 4221 3480 4293 discipuli
3519 4240 3652 4279 con-

2071 4319 2379 4380 queruntur
2402 4311 2578 4381 palam
2600 4309 2667 4364 ad
2699 4311 2869 4364 Deum
2897 4327 2962 4366 ac
3000 4312 3215 4366 Patrem
3243 4315 3542 4378 caelestem,
3577 4316 3653 4371 ita

2003 4383 2044 4437 Ῑ)
2073 4401 2320 4456 dicentes
2352 4419 2364 4454 :
2403 4419 2419 4453 ι
2451 4400 2585 4455 Vere
2612 4400 2760 4453 enim
2792 4409 3170 4454 convenerunt
3199 4403 3252 4454 in
3293 4403 3512 4456 civitate
3547 4405 3651 4459 ista

2072 4500 2263 4546 contra
2317 4500 2568 4546 sanctum
2613 4505 2849 4560 puerum
2908 4499 3061 4544 tuum
3105 4491 3315 4554 Iesum,
3375 4507 3540 4561 quem
3591 4502 3650 4548 tu

2070 4582 2300 4645 unxisti,
2346 4581 2593 4634 Herodes
2636 4588 2692 4634 et
2733 4579 2940 4634 Pilatus
2989 4595 3095 4633 una
3150 4595 3274 4634 cum
3310 4581 3564 4651 gentibus
3596 4587 3653 4636 et

2068 4675 2272 4745 pepulo
2310 4675 2526 4729 lsraelis
2549 4673 2615 4726 “.
2647 4693 2665 4724 ι
2695 4671 2880 4742 Longe
2917 4682 3100 4726 autem
3139 4672 3546 4728 evidentissime
3587 4689 3653 4730 ac

2067 4766 2508 4821 manifestissime
2558 4765 2752 4820 beatus
2813 4764 3008 4820 Petrus
3059 4762 3250 4834 objicit
3310 4767 3513 4834 populo
3558 4766 3654 4820 Ju-

2075 4858 2340 4922 daaorum,
2364 4856 2493 4910 alibi
2517 4855 2740 4926 quidem
2766 4854 2876 4910 sic:
2912 4873 2931 4905 ι
2963 4855 3073 4908 Vos
3101 4853 3295 4908 ducem
3328 4856 3454 4909 vitae
3480 4855 3652 4909 inter-

2073 4949 2319 5012 fecistis;
2353 4967 2371 4999 1
2405 4962 2554 5002 nunc
2577 4961 2710 5002 vero
2740 4946 2819 5000 sic
2851 4963 2864 4999 :
2904 4964 2923 4996 ι
2963 4945 3072 4999 Vos
3090 4954 3338 4999 sanctum
3371 4953 3427 4999 et
3441 4947 3650 5014 justum

2073 5037 2401 5107 denegastis,
2441 5045 2498 5091 et
2553 5035 2768 5105 petistis
2799 5033 2954 5088 vobis
2993 5032 3171 5087 virum
3196 5032 3526 5087 homicidam
3555 5033 3653 5087 do-

2074 5127 2192 5183 nari
2229 5128 2296 5180 ".
2326 5146 2344 5177 ι
2389 5126 2571 5193 Quare
2604 5141 2735 5195 ergo
2776 5123 2970 5178 asserit
3010 5122 3096 5178 lex
3145 5123 3291 5195 quod
3348 5123 3652 5194 ignorarint

2066 5233 2229 5288 quem
2286 5217 2711 5288 percusserint?
2761 5216 3020 5287 Mysticus
3068 5224 3153 5270 est
3209 5229 3412 5278 sermo,
3472 5229 3652 5284 neque

2066 5310 2322 5364 omnibus
2373 5310 2695 5380 simpliciter
2739 5309 3062 5377 expositus;
3097 5307 3192 5362 sed
3227 5314 3439 5360 tantum
3487 5314 3652 5360 notus

2069 5401 2177 5457 illis
2205 5401 2300 5470 qui
2336 5408 2482 5454 recte
2505 5398 2713 5454 Christi
2742 5397 3063 5468 mysterium
3095 5397 3426 5465 intelligunt.
3481 5395 3648 5450 Putao

2069 5494 2202 5548 bant
2224 5491 2372 5546 enim
2401 5490 2714 5545 Iudaeorum
2740 5489 3040 5560 principes,
3068 5489 3272 5558 quique
3295 5487 3478 5557 impiis
3502 5487 3651 5555 ipso-

2152 5675 2198 5707 ”
2230 5671 2388 5728 Joau.
2427 5686 2537 5734 ιιι,
2566 5667 2648 5722 l5.
2743 5661 2792 5700 "
2825 5661 2978 5722 ibid..
3017 5661 3104 5720 l2.
3195 5660 3242 5693 ⁵⁸
3275 5658 3394 5714 Act.
3430 5673 3503 5726 tv,
3537 5656 3636 5717 27.
