  <div class='ocr_page' id='page_1' title='image "/cluster/home/n/w/nwhite01/storage/ocr_20150623/69/hvd.32044073501983/329.png"; bbox 0 0 4060 6192; ppageno 0'>
   <div class='ocr_carea' id='block_1_1' title="bbox 403 227 508 282">
    <p class='ocr_par' dir='ltr' id='par_1_1' title="bbox 403 227 508 282">
     <span class='ocr_line' id='line_1_1' title="bbox 403 227 508 282; baseline -0.067 0"><span class='ocrx_word' id='word_1_1' title='bbox 403 227 508 282; x_wconf 66' lang='grc' dir='ltr'>ϐἕτ</span> 
     </span>
    </p>
   </div>
   <div class='ocr_carea' id='block_1_2' title="bbox 1431 213 2670 279">
    <p class='ocr_par' dir='ltr' id='par_1_2' title="bbox 1431 213 2670 279">
     <span class='ocr_line' id='line_1_2' title="bbox 1431 213 2670 279; baseline -0.007 0"><span class='ocrx_word' id='word_1_2' title='bbox 1431 221 1487 279; x_wconf 86' lang='lat' dir='ltr'>S.</span> <span class='ocrx_word' id='word_1_3' title='bbox 1528 220 1804 279; x_wconf 78' lang='lat' dir='ltr'>CYRILLI</span> <span class='ocrx_word' id='word_1_4' title='bbox 1844 213 2312 274; x_wconf 76' lang='lat' dir='ltr'>ALEXANDle</span> <span class='ocrx_word' id='word_1_5' title='bbox 2353 213 2670 272; x_wconf 76' lang='lat' dir='ltr'>ABCHIEP.</span> 
     </span>
    </p>
   </div>
   <div class='ocr_carea' id='block_1_3' title="bbox 3564 213 3668 270">
    <p class='ocr_par' dir='ltr' id='par_1_3' title="bbox 3564 213 3668 270">
     <span class='ocr_line' id='line_1_3' title="bbox 3564 213 3668 270; baseline 0 0"><span class='ocrx_word' id='word_1_6' title='bbox 3564 213 3668 270; x_wconf 72' lang='grc'>648</span> 
     </span>
    </p>
   </div>
   <div class='ocr_carea' id='block_1_4' title="bbox 406 313 2013 403">
    <p class='ocr_par' dir='ltr' id='par_1_4' title="bbox 406 313 1984 403">
     <span class='ocr_line' id='line_1_4' title="bbox 406 313 1984 403; baseline -0.006 -11"><span class='ocrx_word' id='word_1_7' title='bbox 406 351 528 394; x_wconf 89' lang='lat' dir='ltr'>rum</span> <span class='ocrx_word' id='word_1_8' title='bbox 565 333 811 392; x_wconf 84' lang='lat' dir='ltr'>consiliis</span> <span class='ocrx_word' id='word_1_9' title='bbox 839 313 1336 397; x_wconf 70' lang='lat' dir='ltr'>Communicabant,</span> <span class='ocrx_word' id='word_1_10' title='bbox 1366 333 1512 403; x_wconf 92' lang='lat' dir='ltr'>quod</span> <span class='ocrx_word' id='word_1_11' title='bbox 1537 333 1800 388; x_wconf 79' lang='lat' dir='ltr'>vicissent</span> <span class='ocrx_word' id='word_1_12' title='bbox 1824 329 1984 386; x_wconf 88' lang='lat' dir='ltr'>Chri-</span> 
     </span>
    </p>
   </div>
   <div class='ocr_carea' id='block_1_5' title="bbox 2115 313 3673 403">
    <p class='ocr_par' dir='ltr' id='par_1_5' title="bbox 2115 326 3673 398">
     <span class='ocr_line' id='line_1_5' title="bbox 2115 326 3673 398; baseline -0.002 -16"><span class='ocrx_word' id='word_1_13' title='bbox 2115 331 2183 383; x_wconf 86' lang='lat' dir='ltr'>:ui</span> <span class='ocrx_word' id='word_1_14' title='bbox 2207 330 2258 382; x_wconf 85' lang='grc' dir='ltr'>οί</span> <span class='ocrx_word' id='word_1_15' title='bbox 2282 331 2395 392; x_wconf 79' lang='grc' dir='ltr'>τοῖς</span> <span class='ocrx_word' id='word_1_16' title='bbox 2424 329 2660 391; x_wconf 84' lang='grc' dir='ltr'>ἀνοσίοις</span> <span class='ocrx_word' id='word_1_17' title='bbox 2701 326 2880 382; x_wconf 80' lang='grc' dir='ltr'>αὐτῶν</span> <span class='ocrx_word' id='word_1_18' title='bbox 2912 327 3296 390; x_wconf 80' lang='grc' dir='ltr'>κοινωνοῦντες</span> <span class='ocrx_word' id='word_1_19' title='bbox 3336 327 3673 398; x_wconf 84' lang='grc' dir='ltr'>σκέμμασιν,</span> 
     </span>
    </p>
   </div>
   <div class='ocr_carea' id='block_1_6' title="bbox 405 417 1984 492">
    <p class='ocr_par' dir='ltr' id='par_1_6' title="bbox 405 417 1984 492">
     <span class='ocr_line' id='line_1_6' title="bbox 405 417 1984 492; baseline -0.008 -10"><span class='ocrx_word' id='word_1_20' title='bbox 405 437 552 484; x_wconf 91' lang='lat' dir='ltr'>stum</span> <span class='ocrx_word' id='word_1_21' title='bbox 577 425 743 481; x_wconf 90' lang='lat' dir='ltr'>etiam</span> <span class='ocrx_word' id='word_1_22' title='bbox 785 424 1039 486; x_wconf 90' lang='lat' dir='ltr'>invitum,</span> <span class='ocrx_word' id='word_1_23' title='bbox 1071 429 1127 476; x_wconf 91' lang='lat' dir='ltr'>et</span> <span class='ocrx_word' id='word_1_24' title='bbox 1158 421 1262 475; x_wconf 90' lang='lat' dir='ltr'>sibi</span> <span class='ocrx_word' id='word_1_25' title='bbox 1301 422 1434 492; x_wconf 89' lang='lat' dir='ltr'>ipsis</span> <span class='ocrx_word' id='word_1_26' title='bbox 1459 423 1602 477; x_wconf 90' lang='lat' dir='ltr'>hanc</span> <span class='ocrx_word' id='word_1_27' title='bbox 1645 436 1763 476; x_wconf 90' lang='lat' dir='ltr'>rem</span> <span class='ocrx_word' id='word_1_28' title='bbox 1809 417 1984 473; x_wconf 88' lang='lat' dir='ltr'>ascri-</span> 
     </span>
    </p>
   </div>
   <div class='ocr_carea' id='block_1_7' title="bbox 407 509 1984 584">
    <p class='ocr_par' dir='ltr' id='par_1_7' title="bbox 407 509 1984 584">
     <span class='ocr_line' id='line_1_7' title="bbox 407 509 1984 584; baseline -0.007 -14"><span class='ocrx_word' id='word_1_29' title='bbox 407 517 636 580; x_wconf 87' lang='lat' dir='ltr'>bentes,</span> <span class='ocrx_word' id='word_1_30' title='bbox 706 511 1016 584; x_wconf 80' lang='lat' dir='ltr'>gaudebant</span> <span class='ocrx_word' id='word_1_31' title='bbox 1085 510 1308 580; x_wconf 88' lang='lat' dir='ltr'>quidem</span> <span class='ocrx_word' id='word_1_32' title='bbox 1377 519 1638 581; x_wconf 80' lang='lat' dir='ltr'><strong>tanquam</strong></span> <span class='ocrx_word' id='word_1_33' title='bbox 1695 509 1984 564; x_wconf 76' lang='lat' dir='ltr'>victores:</span> 
     </span>
    </p>
   </div>
   <div class='ocr_carea' id='block_1_8' title="bbox 407 602 1986 675">
    <p class='ocr_par' dir='ltr' id='par_1_8' title="bbox 407 602 1986 675">
     <span class='ocr_line' id='line_1_8' title="bbox 407 602 1986 675; baseline -0.006 -12"><span class='ocrx_word' id='word_1_34' title='bbox 407 616 667 663; x_wconf 73' lang='lat' dir='ltr'>caeterum</span> <span class='ocrx_word' id='word_1_35' title='bbox 712 603 1038 675; x_wconf 83' lang='lat' dir='ltr'>ignorabant</span> <span class='ocrx_word' id='word_1_36' title='bbox 1083 602 1228 672; x_wconf 90' lang='lat' dir='ltr'>quod</span> <span class='ocrx_word' id='word_1_37' title='bbox 1303 603 1492 658; x_wconf 87' lang='lat' dir='ltr'>volens</span> <span class='ocrx_word' id='word_1_38' title='bbox 1550 617 1743 672; x_wconf 87' lang='lat' dir='ltr'>passus</span> <span class='ocrx_word' id='word_1_39' title='bbox 1807 610 1986 664; x_wconf 86' lang='lat' dir='ltr'>esset,</span> 
     </span>
    </p>
   </div>
   <div class='ocr_carea' id='block_1_9' title="bbox 408 693 1990 763">
    <p class='ocr_par' dir='ltr' id='par_1_9' title="bbox 408 693 1990 763">
     <span class='ocr_line' id='line_1_9' title="bbox 408 693 1990 763; baseline -0.006 -8"><span class='ocrx_word' id='word_1_40' title='bbox 408 707 465 755; x_wconf 90' lang='lat' dir='ltr'>et</span> <span class='ocrx_word' id='word_1_41' title='bbox 505 698 683 754; x_wconf 81' lang='lat' dir='ltr'>Patris</span> <span class='ocrx_word' id='word_1_42' title='bbox 733 697 790 750; x_wconf 93' lang='lat' dir='ltr'><strong>in</strong></span> <span class='ocrx_word' id='word_1_43' title='bbox 847 695 952 749; x_wconf 89' lang='lat' dir='ltr'>hoc</span> <span class='ocrx_word' id='word_1_44' title='bbox 1007 695 1270 750; x_wconf 91' lang='lat' dir='ltr'>obediens</span> <span class='ocrx_word' id='word_1_45' title='bbox 1317 695 1605 759; x_wconf 83' lang='lat' dir='ltr'><strong>voluntati,</strong></span> <span class='ocrx_word' id='word_1_46' title='bbox 1635 693 1990 763; x_wconf 84' lang='lat' dir='ltr'>semetipsum</span> 
     </span>
    </p>
   </div>
   <div class='ocr_carea' id='block_1_10' title="bbox 411 783 1988 857">
    <p class='ocr_par' dir='ltr' id='par_1_10' title="bbox 411 783 1988 857">
     <span class='ocr_line' id='line_1_10' title="bbox 411 783 1988 857; baseline -0.006 -12"><span class='ocrx_word' id='word_1_47' title='bbox 411 788 695 845; x_wconf 86' lang='lat' dir='ltr'>tradiderit</span> <span class='ocrx_word' id='word_1_48' title='bbox 734 802 835 857; x_wconf 90' lang='lat' dir='ltr'>pro</span> <span class='ocrx_word' id='word_1_49' title='bbox 873 787 1032 841; x_wconf 90' lang='lat' dir='ltr'>nobis</span> <span class='ocrx_word' id='word_1_50' title='bbox 1057 787 1122 840; x_wconf 77' lang='grc'>⁸⁸.</span> <span class='ocrx_word' id='word_1_51' title='bbox 1157 787 1237 840; x_wconf 83' lang='lat' dir='ltr'>Ex</span> <span class='ocrx_word' id='word_1_52' title='bbox 1268 799 1377 855; x_wconf 90' lang='lat' dir='ltr'><strong>quo</strong></span> <span class='ocrx_word' id='word_1_53' title='bbox 1402 793 1591 855; x_wconf 88' lang='lat' dir='ltr'>aperte</span> <span class='ocrx_word' id='word_1_54' title='bbox 1615 785 1791 840; x_wconf 87' lang='lat' dir='ltr'>Pilato</span> <span class='ocrx_word' id='word_1_55' title='bbox 1816 783 1948 838; x_wconf 84' lang='lat' dir='ltr'>dicit</span> <span class='ocrx_word' id='word_1_56' title='bbox 1974 800 1988 836; x_wconf 88' lang='lat'><strong>:</strong></span> 
     </span>
    </p>
   </div>
   <div class='ocr_carea' id='block_1_11' title="bbox 418 873 1993 947">
    <p class='ocr_par' dir='ltr' id='par_1_11' title="bbox 418 873 1993 947">
     <span class='ocr_line' id='line_1_11' title="bbox 418 873 1993 947; baseline -0.003 -15"><span class='ocrx_word' id='word_1_57' title='bbox 418 901 436 932; x_wconf 79' lang='grc' dir='ltr'>ι</span> <span class='ocrx_word' id='word_1_58' title='bbox 466 881 585 937; x_wconf 87' lang='lat' dir='ltr'>Non</span> <span class='ocrx_word' id='word_1_59' title='bbox 620 879 854 933; x_wconf 84' lang='lat' dir='ltr'>haberes</span> <span class='ocrx_word' id='word_1_60' title='bbox 894 885 1218 947; x_wconf 90' lang='lat' dir='ltr'>potestatem</span> <span class='ocrx_word' id='word_1_61' title='bbox 1261 877 1428 931; x_wconf 85' lang='lat' dir='ltr'>ullam</span> <span class='ocrx_word' id='word_1_62' title='bbox 1478 884 1670 931; x_wconf 87' lang='lat' dir='ltr'>contra</span> <span class='ocrx_word' id='word_1_63' title='bbox 1725 891 1834 940; x_wconf 88' lang='lat' dir='ltr'>me,</span> <span class='ocrx_word' id='word_1_64' title='bbox 1885 873 1993 928; x_wconf 91' lang='lat' dir='ltr'>nisi</span> 
     </span>
    </p>
   </div>
   <div class='ocr_carea' id='block_1_12' title="bbox 411 965 1996 1037">
    <p class='ocr_par' dir='ltr' id='par_1_12' title="bbox 411 965 1996 1037">
     <span class='ocr_line' id='line_1_12' title="bbox 411 965 1996 1037; baseline -0.006 -8"><span class='ocrx_word' id='word_1_65' title='bbox 411 979 556 1029; x_wconf 88' lang='lat' dir='ltr'>esset</span> <span class='ocrx_word' id='word_1_66' title='bbox 591 970 689 1024; x_wconf 88' lang='lat' dir='ltr'>tibi</span> <span class='ocrx_word' id='word_1_67' title='bbox 718 985 748 1024; x_wconf 92' lang='lat' dir='ltr'>e</span> <span class='ocrx_word' id='word_1_68' title='bbox 787 971 1042 1036; x_wconf 89' lang='lat' dir='ltr'>supernis</span> <span class='ocrx_word' id='word_1_69' title='bbox 1066 969 1191 1024; x_wconf 89' lang='lat' dir='ltr'>data</span> <span class='ocrx_word' id='word_1_70' title='bbox 1223 970 1290 1024; x_wconf 75' lang='grc' dir='ltr'>δ’.</span> <span class='ocrx_word' id='word_1_71' title='bbox 1322 987 1338 1020; x_wconf 77' lang='grc' dir='ltr'>ι</span> <span class='ocrx_word' id='word_1_72' title='bbox 1374 969 1538 1023; x_wconf 89' lang='lat' dir='ltr'>Pater</span> <span class='ocrx_word' id='word_1_73' title='bbox 1577 967 1745 1037; x_wconf 78' lang='lat' dir='ltr'><strong>igitur</strong></span> <span class='ocrx_word' id='word_1_74' title='bbox 1768 965 1996 1020; x_wconf 83' lang='lat' dir='ltr'><strong>tradidit</strong></span> 
     </span>
    </p>
   </div>
   <div class='ocr_carea' id='block_1_13' title="bbox 414 1057 1995 1136">
    <p class='ocr_par' dir='ltr' id='par_1_13' title="bbox 414 1057 1995 1136">
     <span class='ocr_line' id='line_1_13' title="bbox 414 1057 1995 1136; baseline -0.006 -16"><span class='ocrx_word' id='word_1_75' title='bbox 414 1064 633 1127; x_wconf 87' lang='lat' dir='ltr'>Filium,</span> <span class='ocrx_word' id='word_1_76' title='bbox 676 1070 862 1132; x_wconf 89' lang='lat' dir='ltr'>atque,</span> <span class='ocrx_word' id='word_1_77' title='bbox 912 1070 973 1116; x_wconf 92' lang='lat' dir='ltr'>ut</span> <span class='ocrx_word' id='word_1_78' title='bbox 1019 1061 1093 1115; x_wconf 89' lang='lat' dir='ltr'>ita</span> <span class='ocrx_word' id='word_1_79' title='bbox 1145 1061 1413 1124; x_wconf 87' lang='lat' dir='ltr'>dicamus,</span> <span class='ocrx_word' id='word_1_80' title='bbox 1443 1059 1558 1129; x_wconf 91' lang='lat' dir='ltr'>ipse</span> <span class='ocrx_word' id='word_1_81' title='bbox 1583 1057 1995 1136; x_wconf 85' lang='lat' dir='ltr'>Emmanuelem</span> 
     </span>
    </p>
   </div>
   <div class='ocr_carea' id='block_1_14' title="bbox 413 1150 1996 1226">
    <p class='ocr_par' dir='ltr' id='par_1_14' title="bbox 413 1150 1996 1226">
     <span class='ocr_line' id='line_1_14' title="bbox 413 1150 1996 1226; baseline -0.003 -17"><span class='ocrx_word' id='word_1_82' title='bbox 413 1155 703 1226; x_wconf 88' lang='lat' dir='ltr'>percussit.</span> <span class='ocrx_word' id='word_1_83' title='bbox 740 1154 880 1208; x_wconf 83' lang='lat' dir='ltr'>Hinc</span> <span class='ocrx_word' id='word_1_84' title='bbox 918 1162 974 1208; x_wconf 92' lang='lat' dir='ltr'>et</span> <span class='ocrx_word' id='word_1_85' title='bbox 1007 1154 1062 1208; x_wconf 92' lang='lat' dir='ltr'><strong>in</strong></span> <span class='ocrx_word' id='word_1_86' title='bbox 1095 1153 1238 1208; x_wconf 88' lang='lat' dir='ltr'>libro</span> <span class='ocrx_word' id='word_1_87' title='bbox 1267 1154 1607 1208; x_wconf 89' lang='lat' dir='ltr'>Psalmorum</span> <span class='ocrx_word' id='word_1_88' title='bbox 1637 1150 1840 1207; x_wconf 88' lang='lat' dir='ltr'>Christi</span> <span class='ocrx_word' id='word_1_89' title='bbox 1869 1166 1996 1220; x_wconf 87' lang='lat' dir='ltr'>per-</span> 
     </span>
    </p>
   </div>
   <div class='ocr_carea' id='block_1_15' title="bbox 414 1242 1998 1311">
    <p class='ocr_par' dir='ltr' id='par_1_15' title="bbox 414 1242 1998 1311">
     <span class='ocr_line' id='line_1_15' title="bbox 414 1242 1998 1311; baseline -0.004 -9"><span class='ocrx_word' id='word_1_90' title='bbox 414 1261 548 1303; x_wconf 86' lang='lat' dir='ltr'>sona</span> <span class='ocrx_word' id='word_1_91' title='bbox 592 1245 979 1310; x_wconf 87' lang='lat' dir='ltr'>introducitur,</span> <span class='ocrx_word' id='word_1_92' title='bbox 1036 1245 1227 1300; x_wconf 91' lang='lat' dir='ltr'>dicens</span> <span class='ocrx_word' id='word_1_93' title='bbox 1259 1245 1326 1299; x_wconf 91' lang='lat' dir='ltr'>de</span> <span class='ocrx_word' id='word_1_94' title='bbox 1353 1244 1668 1300; x_wconf 66' lang='lat' dir='ltr'>Iudaeorum</span> <span class='ocrx_word' id='word_1_95' title='bbox 1716 1242 1998 1311; x_wconf 86' lang='lat' dir='ltr'>impietate</span> 
     </span>
    </p>
   </div>
   <div class='ocr_carea' id='block_1_16' title="bbox 415 1334 1998 1403">
    <p class='ocr_par' dir='ltr' id='par_1_16' title="bbox 415 1334 1998 1403">
     <span class='ocr_line' id='line_1_16' title="bbox 415 1334 1998 1403; baseline -0.004 -11"><span class='ocrx_word' id='word_1_96' title='bbox 415 1338 485 1398; x_wconf 79' lang='lat' dir='ltr'>ad</span> <span class='ocrx_word' id='word_1_97' title='bbox 515 1339 736 1392; x_wconf 88' lang='lat' dir='ltr'>Patrem</span> <span class='ocrx_word' id='word_1_98' title='bbox 767 1337 1044 1392; x_wconf 84' lang='lat' dir='ltr'>euelestem</span> <span class='ocrx_word' id='word_1_99' title='bbox 1073 1352 1138 1391; x_wconf 90' lang='lat' dir='ltr'>ac</span> <span class='ocrx_word' id='word_1_100' title='bbox 1163 1337 1334 1391; x_wconf 91' lang='lat' dir='ltr'>Deum</span> <span class='ocrx_word' id='word_1_101' title='bbox 1365 1353 1378 1390; x_wconf 91' lang='lat'>:</span> <span class='ocrx_word' id='word_1_102' title='bbox 1420 1355 1438 1387; x_wconf 83' lang='grc' dir='ltr'>ι</span> <span class='ocrx_word' id='word_1_103' title='bbox 1473 1334 1647 1400; x_wconf 85' lang='lat' dir='ltr'>Quem</span> <span class='ocrx_word' id='word_1_104' title='bbox 1678 1341 1735 1388; x_wconf 91' lang='lat' dir='ltr'>tu</span> <span class='ocrx_word' id='word_1_105' title='bbox 1771 1347 1998 1403; x_wconf 80' lang='lat' dir='ltr'>percus-</span> 
     </span>
    </p>
   </div>
   <div class='ocr_carea' id='block_1_17' title="bbox 416 1425 2000 1499">
    <p class='ocr_par' dir='ltr' id='par_1_17' title="bbox 416 1425 2000 1499">
     <span class='ocr_line' id='line_1_17' title="bbox 416 1425 2000 1499; baseline -0.003 -13"><span class='ocrx_word' id='word_1_106' title='bbox 416 1430 556 1496; x_wconf 86' lang='lat' dir='ltr'>sisti,</span> <span class='ocrx_word' id='word_1_107' title='bbox 587 1430 690 1499; x_wconf 90' lang='lat' dir='ltr'>ipsi</span> <span class='ocrx_word' id='word_1_108' title='bbox 716 1429 994 1498; x_wconf 87' lang='lat' dir='ltr'>persecuti</span> <span class='ocrx_word' id='word_1_109' title='bbox 1015 1437 1162 1494; x_wconf 85' lang='lat' dir='ltr'>sunt,</span> <span class='ocrx_word' id='word_1_110' title='bbox 1189 1437 1246 1483; x_wconf 91' lang='lat' dir='ltr'>et</span> <span class='ocrx_word' id='word_1_111' title='bbox 1268 1445 1434 1499; x_wconf 88' lang='lat' dir='ltr'>super</span> <span class='ocrx_word' id='word_1_112' title='bbox 1449 1427 1693 1482; x_wconf 90' lang='lat' dir='ltr'>dolorem</span> <span class='ocrx_word' id='word_1_113' title='bbox 1708 1425 2000 1481; x_wconf 83' lang='lat' dir='ltr'>vulnerum</span> 
     </span>
    </p>
   </div>
   <div class='ocr_carea' id='block_1_18' title="bbox 418 1515 2001 1590">
    <p class='ocr_par' dir='ltr' id='par_1_18' title="bbox 418 1515 2001 1590">
     <span class='ocr_line' id='line_1_18' title="bbox 418 1515 2001 1590; baseline -0.006 -13"><span class='ocrx_word' id='word_1_114' title='bbox 418 1537 670 1577; x_wconf 89' lang='lat' dir='ltr'>meorum</span> <span class='ocrx_word' id='word_1_115' title='bbox 699 1520 1034 1575; x_wconf 90' lang='lat' dir='ltr'>addiderunt</span> <span class='ocrx_word' id='word_1_116' title='bbox 1067 1522 1133 1573; x_wconf 73' lang='grc' dir='ltr'>⁸ο.</span> <span class='ocrx_word' id='word_1_117' title='bbox 1163 1539 1180 1571; x_wconf 74' lang='grc' dir='ltr'>ι</span> <span class='ocrx_word' id='word_1_118' title='bbox 1225 1521 1303 1575; x_wconf 86' lang='lat' dir='ltr'>Ne</span> <span class='ocrx_word' id='word_1_119' title='bbox 1336 1521 1504 1590; x_wconf 81' lang='lat' dir='ltr'>igitur</span> <span class='ocrx_word' id='word_1_120' title='bbox 1532 1519 1760 1588; x_wconf 80' lang='lat' dir='ltr'>posthac</span> <span class='ocrx_word' id='word_1_121' title='bbox 1786 1515 2001 1586; x_wconf 82' lang='lat' dir='ltr'>magni-</span> 
     </span>
    </p>
   </div>
   <div class='ocr_carea' id='block_1_19' title="bbox 419 1607 1996 1681">
    <p class='ocr_par' dir='ltr' id='par_1_19' title="bbox 419 1607 1996 1681">
     <span class='ocr_line' id='line_1_19' title="bbox 419 1607 1996 1681; baseline -0.005 -12"><span class='ocrx_word' id='word_1_122' title='bbox 419 1613 518 1668; x_wconf 73' lang='lat' dir='ltr'>fice</span> <span class='ocrx_word' id='word_1_123' title='bbox 540 1629 660 1668; x_wconf 88' lang='lat' dir='ltr'>sese</span> <span class='ocrx_word' id='word_1_124' title='bbox 685 1612 896 1677; x_wconf 81' lang='lat' dir='ltr'>etl‘erat,</span> <span class='ocrx_word' id='word_1_125' title='bbox 929 1619 1091 1681; x_wconf 88' lang='lat' dir='ltr'>atque</span> <span class='ocrx_word' id='word_1_126' title='bbox 1121 1611 1403 1680; x_wconf 90' lang='lat' dir='ltr'>superbiat</span> <span class='ocrx_word' id='word_1_127' title='bbox 1421 1609 1636 1665; x_wconf 87' lang='lat' dir='ltr'>Domini</span> <span class='ocrx_word' id='word_1_128' title='bbox 1659 1607 1996 1670; x_wconf 85' lang='lat' dir='ltr'>interfector,</span> 
     </span>
    </p>
   </div>
   <div class='ocr_carea' id='block_1_20' title="bbox 2090 419 3675 491">
    <p class='ocr_par' dir='ltr' id='par_1_20' title="bbox 2090 419 3675 491">
     <span class='ocr_line' id='line_1_20' title="bbox 2090 419 3675 491; baseline -0.001 -16"><span class='ocrx_word' id='word_1_129' title='bbox 2090 422 2172 475; x_wconf 85' lang='grc' dir='ltr'>ὃτι</span> <span class='ocrx_word' id='word_1_130' title='bbox 2199 422 2597 491; x_wconf 73' lang='grc' dir='ltr'>κεκρατήκασι,</span> <span class='ocrx_word' id='word_1_131' title='bbox 2633 419 2727 474; x_wconf 85' lang='lat' dir='ltr'>xui</span> <span class='ocrx_word' id='word_1_132' title='bbox 2768 419 2866 489; x_wconf 84' lang='grc' dir='ltr'>οὐχ</span> <span class='ocrx_word' id='word_1_133' title='bbox 2907 419 3122 483; x_wconf 79' lang='grc' dir='ltr'>ἑκόντος</span> <span class='ocrx_word' id='word_1_134' title='bbox 3155 419 3394 490; x_wconf 80' lang='grc' dir='ltr'>Χριστοῦ</span> <span class='ocrx_word' id='word_1_135' title='bbox 3428 419 3523 474; x_wconf 85' lang='lat' dir='ltr'>xui</span> <span class='ocrx_word' id='word_1_136' title='bbox 3551 423 3675 483; x_wconf 81' lang='grc' dir='ltr'>ταῖς</span> 
     </span>
    </p>
   </div>
   <div class='ocr_carea' id='block_1_21' title="bbox 2090 511 3678 585">
    <p class='ocr_par' dir='ltr' id='par_1_21' title="bbox 2090 511 3678 585">
     <span class='ocr_line' id='line_1_21' title="bbox 2090 511 3678 585; baseline -0.001 -20"><span class='ocrx_word' id='word_1_137' title='bbox 2090 512 2300 566; x_wconf 78' lang='grc' dir='ltr'>ἑαυτῶν</span> <span class='ocrx_word' id='word_1_138' title='bbox 2327 512 2679 583; x_wconf 84' lang='grc' dir='ltr'>δυστροπίαις</span> <span class='ocrx_word' id='word_1_139' title='bbox 2701 513 2761 566; x_wconf 86' lang='grc' dir='ltr'>τὸ</span> <span class='ocrx_word' id='word_1_140' title='bbox 2787 515 2975 585; x_wconf 82' lang='grc' dir='ltr'>χρῆμα</span> <span class='ocrx_word' id='word_1_141' title='bbox 3003 511 3426 582; x_wconf 81' lang='grc' dir='ltr'>προσνέμοντες,</span> <span class='ocrx_word' id='word_1_142' title='bbox 3456 511 3678 582; x_wconf 74' lang='grc' dir='ltr'>ἔχαιρον</span> 
     </span>
    </p>
   </div>
   <div class='ocr_carea' id='block_1_22' title="bbox 2094 603 3677 676">
    <p class='ocr_par' dir='ltr' id='par_1_22' title="bbox 2094 603 3677 676">
     <span class='ocr_line' id='line_1_22' title="bbox 2094 603 3677 676; baseline -0.001 -17"><span class='ocrx_word' id='word_1_143' title='bbox 2094 606 2194 676; x_wconf 76' lang='grc' dir='ltr'>μὲν</span> <span class='ocrx_word' id='word_1_144' title='bbox 2220 605 2296 668; x_wconf 83' lang='grc' dir='ltr'>ὡς</span> <span class='ocrx_word' id='word_1_145' title='bbox 2329 604 2696 675; x_wconf 82' lang='grc' dir='ltr'>νενικηκότες,</span> <span class='ocrx_word' id='word_1_146' title='bbox 2738 607 2833 659; x_wconf 80' lang='grc' dir='ltr'>καὶ</span> <span class='ocrx_word' id='word_1_147' title='bbox 2870 605 2970 659; x_wconf 78' lang='grc' dir='ltr'>οὐκ</span> <span class='ocrx_word' id='word_1_148' title='bbox 3005 603 3225 676; x_wconf 63' lang='grc' dir='ltr'>⁴ᾔδεισαν</span> <span class='ocrx_word' id='word_1_149' title='bbox 3277 605 3360 657; x_wconf 79' lang='grc' dir='ltr'>ὅτι</span> <span class='ocrx_word' id='word_1_150' title='bbox 3408 603 3677 658; x_wconf 79' lang='grc' dir='ltr'>πέπονθεν</span> 
     </span>
    </p>
   </div>
   <div class='ocr_carea' id='block_1_23' title="bbox 2092 695 3677 768">
    <p class='ocr_par' dir='ltr' id='par_1_23' title="bbox 2092 695 3677 768">
     <span class='ocr_line' id='line_1_23' title="bbox 2092 695 3677 768; baseline -0.001 -18"><span class='ocrx_word' id='word_1_151' title='bbox 2092 696 2255 759; x_wconf 75' lang='grc' dir='ltr'>ἑκὼν,</span> <span class='ocrx_word' id='word_1_152' title='bbox 2296 696 2390 750; x_wconf 83' lang='lat' dir='ltr'>xui</span> <span class='ocrx_word' id='word_1_153' title='bbox 2421 699 2534 761; x_wconf 83' lang='grc' dir='ltr'>τοῖς</span> <span class='ocrx_word' id='word_1_154' title='bbox 2559 696 2654 751; x_wconf 89' lang='grc' dir='ltr'>τοῦ</span> <span class='ocrx_word' id='word_1_155' title='bbox 2696 697 2908 768; x_wconf 78' lang='grc' dir='ltr'>[ἰατρὸς</span> <span class='ocrx_word' id='word_1_156' title='bbox 2934 696 3199 766; x_wconf 80' lang='grc' dir='ltr'>ἑπόμενος</span> <span class='ocrx_word' id='word_1_157' title='bbox 3224 695 3512 766; x_wconf 85' lang='grc' dir='ltr'>νεύμασιν,</span> <span class='ocrx_word' id='word_1_158' title='bbox 3550 697 3677 748; x_wconf 78' lang='grc' dir='ltr'>ἐαυ-</span> 
     </span>
    </p>
   </div>
   <div class='ocr_carea' id='block_1_24' title="bbox 2092 787 3681 860">
    <p class='ocr_par' dir='ltr' id='par_1_24' title="bbox 2092 787 3681 860">
     <span class='ocr_line' id='line_1_24' title="bbox 2092 787 3681 860; baseline 0 -20"><span class='ocrx_word' id='word_1_159' title='bbox 2092 789 2183 841; x_wconf 90' lang='grc' dir='ltr'>τὸν</span> <span class='ocrx_word' id='word_1_160' title='bbox 2225 788 2457 842; x_wconf 82' lang='grc' dir='ltr'>δέδωκεν</span> <span class='ocrx_word' id='word_1_161' title='bbox 2507 787 2648 860; x_wconf 83' lang='grc' dir='ltr'>ὑπὲρ</span> <span class='ocrx_word' id='word_1_162' title='bbox 2694 789 2872 860; x_wconf 78' lang='grc' dir='ltr'>ἡμῶν.</span> <span class='ocrx_word' id='word_1_163' title='bbox 2915 787 3025 842; x_wconf 81' lang='lat' dir='ltr'>Kui</span> <span class='ocrx_word' id='word_1_164' title='bbox 3073 788 3204 858; x_wconf 89' lang='grc' dir='ltr'>γοῦν</span> <span class='ocrx_word' id='word_1_165' title='bbox 3250 789 3469 860; x_wconf 84' lang='grc' dir='ltr'>Πιλάτῳ</span> <span class='ocrx_word' id='word_1_166' title='bbox 3517 788 3681 858; x_wconf 74' lang='grc' dir='ltr'>φησὶν</span> 
     </span>
    </p>
   </div>
   <div class='ocr_carea' id='block_1_25' title="bbox 2095 878 3680 952">
    <p class='ocr_par' dir='ltr' id='par_1_25' title="bbox 2095 878 3680 952">
     <span class='ocr_line' id='line_1_25' title="bbox 2095 878 3680 952; baseline -0.002 -17"><span class='ocrx_word' id='word_1_167' title='bbox 2095 882 2340 952; x_wconf 78' lang='grc' dir='ltr'>ἐναργῶς</span> <span class='ocrx_word' id='word_1_168' title='bbox 2362 899 2376 914; x_wconf 80' lang='grc' dir='ltr'><strong>ο</strong></span> <span class='ocrx_word' id='word_1_169' title='bbox 2411 899 2429 932; x_wconf 85' lang='grc' dir='ltr'>ι</span> <span class='ocrx_word' id='word_1_170' title='bbox 2464 882 2576 936; x_wconf 78' lang='grc' dir='ltr'>Οὐκ</span> <span class='ocrx_word' id='word_1_171' title='bbox 2603 878 2749 952; x_wconf 80' lang='grc' dir='ltr'>εἶχες</span> <span class='ocrx_word' id='word_1_172' title='bbox 2783 882 2904 935; x_wconf 79' lang='grc' dir='ltr'>κατ’</span> <span class='ocrx_word' id='word_1_173' title='bbox 2932 879 3066 951; x_wconf 74' lang='grc' dir='ltr'>ἐμοῦ</span> <span class='ocrx_word' id='word_1_174' title='bbox 3108 881 3357 947; x_wconf 73' lang='grc' dir='ltr'>ἐξουσίαν</span> <span class='ocrx_word' id='word_1_175' title='bbox 3399 881 3680 948; x_wconf 74' lang='grc' dir='ltr'>οὐδεμίαν,</span> 
     </span>
    </p>
   </div>
   <div class='ocr_carea' id='block_1_26' title="bbox 2097 966 3684 1043">
    <p class='ocr_par' dir='ltr' id='par_1_26' title="bbox 2097 966 3684 1043">
     <span class='ocr_line' id='line_1_26' title="bbox 2097 966 3684 1043; baseline 0.001 -21"><span class='ocrx_word' id='word_1_176' title='bbox 2097 971 2145 1023; x_wconf 86' lang='grc' dir='ltr'>εἰ</span> <span class='ocrx_word' id='word_1_177' title='bbox 2174 969 2248 1041; x_wconf 87' lang='grc' dir='ltr'>μὴ</span> <span class='ocrx_word' id='word_1_178' title='bbox 2279 966 2348 1041; x_wconf 80' lang='grc' dir='ltr'>ἦν</span> <span class='ocrx_word' id='word_1_179' title='bbox 2387 988 2469 1024; x_wconf 86' lang='grc' dir='ltr'>σοι</span> <span class='ocrx_word' id='word_1_180' title='bbox 2511 971 2794 1043; x_wconf 76' lang='grc' dir='ltr'>δεδομένον</span> <span class='ocrx_word' id='word_1_181' title='bbox 2823 971 3047 1024; x_wconf 81' lang='grc' dir='ltr'>ἀνωθεν.</span> <span class='ocrx_word' id='word_1_182' title='bbox 3090 990 3109 1023; x_wconf 76' lang='grc' dir='ltr'>ι</span> <span class='ocrx_word' id='word_1_183' title='bbox 3155 971 3364 1026; x_wconf 79' lang='grc' dir='ltr'>Οὐκοῦν</span> <span class='ocrx_word' id='word_1_184' title='bbox 3396 972 3632 1025; x_wconf 82' lang='grc' dir='ltr'>δέδωκεν</span> <span class='ocrx_word' id='word_1_185' title='bbox 3654 972 3684 1023; x_wconf 72' lang='grc' dir='ltr'>ὁ</span> 
     </span>
    </p>
   </div>
   <div class='ocr_carea' id='block_1_27' title="bbox 2098 1061 3687 1134">
    <p class='ocr_par' dir='ltr' id='par_1_27' title="bbox 2098 1061 3687 1134">
     <span class='ocr_line' id='line_1_27' title="bbox 2098 1061 3687 1134; baseline -0.001 -18"><span class='ocrx_word' id='word_1_186' title='bbox 2098 1063 2287 1134; x_wconf 82' lang='grc' dir='ltr'>Πατὴρ</span> <span class='ocrx_word' id='word_1_187' title='bbox 2316 1061 2408 1116; x_wconf 91' lang='grc' dir='ltr'>τὸν</span> <span class='ocrx_word' id='word_1_188' title='bbox 2439 1062 2588 1127; x_wconf 85' lang='grc' dir='ltr'>Υίὸν,</span> <span class='ocrx_word' id='word_1_189' title='bbox 2619 1063 2734 1126; x_wconf 83' lang='lat' dir='ltr'>xui,</span> <span class='ocrx_word' id='word_1_190' title='bbox 2769 1063 2836 1117; x_wconf 73' lang='grc' dir='ltr'>ἶν’</span> <span class='ocrx_word' id='word_1_191' title='bbox 2864 1061 3036 1126; x_wconf 77' lang='grc' dir='ltr'>οὕτως</span> <span class='ocrx_word' id='word_1_192' title='bbox 3077 1062 3342 1133; x_wconf 78' lang='grc' dir='ltr'>εἴπωμεν,</span> <span class='ocrx_word' id='word_1_193' title='bbox 3384 1063 3549 1120; x_wconf 79' lang='grc' dir='ltr'>αὐτὸς</span> <span class='ocrx_word' id='word_1_194' title='bbox 3594 1062 3687 1115; x_wconf 86' lang='grc' dir='ltr'>τὸν</span> 
     </span>
    </p>
   </div>
   <div class='ocr_carea' id='block_1_28' title="bbox 2111 1153 3688 1225">
    <p class='ocr_par' dir='ltr' id='par_1_28' title="bbox 2111 1153 3688 1225">
     <span class='ocr_line' id='line_1_28' title="bbox 2111 1153 3688 1225; baseline 0 -18"><span class='ocrx_word' id='word_1_195' title='bbox 2111 1154 2460 1225; x_wconf 76' lang='grc' dir='ltr'>Ἐμμανουὴλ</span> <span class='ocrx_word' id='word_1_196' title='bbox 2502 1154 2736 1219; x_wconf 75' lang='grc' dir='ltr'>πατάξαι</span> <span class='ocrx_word' id='word_1_197' title='bbox 2781 1155 3020 1224; x_wconf 86' lang='grc' dir='ltr'>λέγεται.</span> <span class='ocrx_word' id='word_1_198' title='bbox 3055 1155 3166 1208; x_wconf 70' lang='grc' dir='ltr'>Καὶ</span> <span class='ocrx_word' id='word_1_199' title='bbox 3224 1154 3354 1223; x_wconf 89' lang='grc' dir='ltr'>γοῦν</span> <span class='ocrx_word' id='word_1_200' title='bbox 3405 1156 3464 1206; x_wconf 79' lang='grc' dir='ltr'>ἐν</span> <span class='ocrx_word' id='word_1_201' title='bbox 3518 1153 3688 1224; x_wconf 77' lang='grc' dir='ltr'>βίϐλῳ</span> 
     </span>
    </p>
   </div>
   <div class='ocr_carea' id='block_1_29' title="bbox 2099 1246 3689 1320">
    <p class='ocr_par' dir='ltr' id='par_1_29' title="bbox 2099 1246 3689 1320">
     <span class='ocr_line' id='line_1_29' title="bbox 2099 1246 3689 1320; baseline 0.001 -20"><span class='ocrx_word' id='word_1_202' title='bbox 2099 1246 2346 1317; x_wconf 80' lang='grc' dir='ltr'>Ψαλμῶν</span> <span class='ocrx_word' id='word_1_203' title='bbox 2397 1247 2458 1300; x_wconf 83' lang='grc' dir='ltr'>τὸ</span> <span class='ocrx_word' id='word_1_204' title='bbox 2506 1246 2742 1318; x_wconf 77' lang='grc' dir='ltr'>Χριστοῦ</span> <span class='ocrx_word' id='word_1_205' title='bbox 2784 1247 3078 1320; x_wconf 77' lang='grc' dir='ltr'>πρόσωπον</span> <span class='ocrx_word' id='word_1_206' title='bbox 3135 1247 3470 1316; x_wconf 73' lang='grc' dir='ltr'>εἰσφέρεται,</span> <span class='ocrx_word' id='word_1_207' title='bbox 3528 1246 3689 1314; x_wconf 79' lang='grc' dir='ltr'>λέγον</span> 
     </span>
    </p>
   </div>
   <div class='ocr_carea' id='block_1_30' title="bbox 2102 1322 3691 1410">
    <p class='ocr_par' dir='ltr' id='par_1_30' title="bbox 2102 1322 3691 1410">
     <span class='ocr_line' id='line_1_30' title="bbox 2102 1322 3691 1410; baseline -0.001 -18"><span class='ocrx_word' id='word_1_208' title='bbox 2102 1322 2364 1409; x_wconf 79' lang='grc' dir='ltr'>περὶτῆς</span> <span class='ocrx_word' id='word_1_209' title='bbox 2409 1337 2518 1392; x_wconf 87' lang='grc' dir='ltr'>τῶν</span> <span class='ocrx_word' id='word_1_210' title='bbox 2560 1338 2828 1393; x_wconf 78' lang='grc' dir='ltr'>Ἰουδαίων</span> <span class='ocrx_word' id='word_1_211' title='bbox 2883 1339 3249 1410; x_wconf 81' lang='grc' dir='ltr'>ἀνοσιότητος,</span> <span class='ocrx_word' id='word_1_212' title='bbox 3300 1338 3435 1409; x_wconf 86' lang='grc' dir='ltr'>πρὸς</span> <span class='ocrx_word' id='word_1_213' title='bbox 3489 1337 3581 1391; x_wconf 89' lang='grc' dir='ltr'>τὸν</span> <span class='ocrx_word' id='word_1_214' title='bbox 3629 1339 3691 1390; x_wconf 79' lang='grc' dir='ltr'>ὲν</span> 
     </span>
    </p>
   </div>
   <div class='ocr_carea' id='block_1_31' title="bbox 2100 1428 3691 1501">
    <p class='ocr_par' dir='ltr' id='par_1_31' title="bbox 2100 1428 3691 1501">
     <span class='ocr_line' id='line_1_31' title="bbox 2100 1428 3691 1501; baseline 0 -19"><span class='ocrx_word' id='word_1_215' title='bbox 2100 1431 2214 1492; x_wconf 83' lang='grc' dir='ltr'>τοῖς</span> <span class='ocrx_word' id='word_1_216' title='bbox 2241 1429 2490 1500; x_wconf 82' lang='grc' dir='ltr'>οὐρανοῖς</span> <span class='ocrx_word' id='word_1_217' title='bbox 2534 1431 2760 1501; x_wconf 85' lang='grc' dir='ltr'>Πατέρα</span> <span class='ocrx_word' id='word_1_218' title='bbox 2803 1430 2896 1483; x_wconf 87' lang='lat' dir='ltr'>xui</span> <span class='ocrx_word' id='word_1_219' title='bbox 2938 1428 3093 1492; x_wconf 79' lang='grc' dir='ltr'>Θεὸν,</span> <span class='ocrx_word' id='word_1_220' title='bbox 3127 1430 3206 1482; x_wconf 81' lang='grc' dir='ltr'>ὅτι</span> <span class='ocrx_word' id='word_1_221' title='bbox 3254 1447 3273 1480; x_wconf 88' lang='grc' dir='ltr'>ι</span> <span class='ocrx_word' id='word_1_222' title='bbox 3306 1431 3404 1483; x_wconf 75' lang='grc' dir='ltr'>’ον</span> <span class='ocrx_word' id='word_1_223' title='bbox 3444 1430 3510 1482; x_wconf 76' lang='grc' dir='ltr'>σὺ</span> <span class='ocrx_word' id='word_1_224' title='bbox 3554 1429 3691 1482; x_wconf 78' lang='grc' dir='ltr'>ἑπά-</span> 
     </span>
    </p>
   </div>
   <div class='ocr_carea' id='block_1_32' title="bbox 2102 1519 3693 1592">
    <p class='ocr_par' dir='ltr' id='par_1_32' title="bbox 2102 1519 3693 1592">
     <span class='ocr_line' id='line_1_32' title="bbox 2102 1519 3693 1592; baseline 0.001 -20"><span class='ocrx_word' id='word_1_225' title='bbox 2102 1519 2288 1584; x_wconf 80' lang='grc' dir='ltr'>ταξας,</span> <span class='ocrx_word' id='word_1_226' title='bbox 2319 1519 2472 1574; x_wconf 74' lang='grc' dir='ltr'>αὐτοὶ</span> <span class='ocrx_word' id='word_1_227' title='bbox 2495 1520 2848 1586; x_wconf 79' lang='grc' dir='ltr'>κατεδίωξαν,</span> <span class='ocrx_word' id='word_1_228' title='bbox 2882 1523 2977 1574; x_wconf 80' lang='grc' dir='ltr'>καὶ</span> <span class='ocrx_word' id='word_1_229' title='bbox 3006 1521 3098 1574; x_wconf 72' lang='grc' dir='ltr'>ἐπὶ</span> <span class='ocrx_word' id='word_1_230' title='bbox 3115 1521 3176 1574; x_wconf 85' lang='grc' dir='ltr'>τὸ</span> <span class='ocrx_word' id='word_1_231' title='bbox 3195 1521 3358 1589; x_wconf 82' lang='grc' dir='ltr'>άλγος</span> <span class='ocrx_word' id='word_1_232' title='bbox 3387 1521 3496 1574; x_wconf 90' lang='grc' dir='ltr'>τῶν</span> <span class='ocrx_word' id='word_1_233' title='bbox 3524 1539 3693 1592; x_wconf 77' lang='grc' dir='ltr'>τραυ-</span> 
     </span>
    </p>
   </div>
   <div class='ocr_carea' id='block_1_33' title="bbox 2109 1609 3692 1683">
    <p class='ocr_par' dir='ltr' id='par_1_33' title="bbox 2109 1609 3692 1683">
     <span class='ocr_line' id='line_1_33' title="bbox 2109 1609 3692 1683; baseline 0.002 -19"><span class='ocrx_word' id='word_1_234' title='bbox 2109 1613 2293 1682; x_wconf 82' lang='grc' dir='ltr'>μάτων</span> <span class='ocrx_word' id='word_1_235' title='bbox 2325 1629 2426 1682; x_wconf 89' lang='grc' dir='ltr'>μου</span> <span class='ocrx_word' id='word_1_236' title='bbox 2449 1612 2811 1683; x_wconf 84' lang='grc' dir='ltr'>προσέθηκαν.</span> <span class='ocrx_word' id='word_1_237' title='bbox 2856 1631 2874 1664; x_wconf 84' lang='grc'><strong>›</strong></span> <span class='ocrx_word' id='word_1_238' title='bbox 2912 1613 3001 1683; x_wconf 85' lang='grc' dir='ltr'>Μὴ</span> <span class='ocrx_word' id='word_1_239' title='bbox 3037 1613 3179 1683; x_wconf 86' lang='grc' dir='ltr'>μέγα</span> <span class='ocrx_word' id='word_1_240' title='bbox 3207 1613 3270 1683; x_wconf 83' lang='grc' dir='ltr'>δὴ</span> <span class='ocrx_word' id='word_1_241' title='bbox 3296 1609 3391 1668; x_wconf 76' lang='grc' dir='ltr'>οὖν</span> <span class='ocrx_word' id='word_1_242' title='bbox 3423 1613 3692 1683; x_wconf 72' lang='grc' dir='ltr'>φρονείτω</span> 
     </span>
    </p>
   </div>
   <div class='ocr_carea' id='block_1_34' title="bbox 419 1679 2013 1776">
    <p class='ocr_par' dir='ltr' id='par_1_34' title="bbox 419 1679 2004 1774">
     <span class='ocr_line' id='line_1_34' title="bbox 419 1679 2004 1774; baseline -0.005 -16"><span class='ocrx_word' id='word_1_243' title='bbox 419 1711 605 1774; x_wconf 86' lang='lat' dir='ltr'>utpote</span> <span class='ocrx_word' id='word_1_244' title='bbox 643 1702 736 1772; x_wconf 87' lang='lat' dir='ltr'><strong>qui</strong></span> <span class='ocrx_word' id='word_1_245' title='bbox 770 1717 878 1756; x_wconf 91' lang='lat' dir='ltr'>non</span> <span class='ocrx_word' id='word_1_246' title='bbox 925 1679 1146 1772; x_wconf 35' lang='lat' dir='ltr'>ips—imet</span> <span class='ocrx_word' id='word_1_247' title='bbox 1192 1679 1433 1755; x_wconf 76' lang='lat' dir='ltr'>vicerint</span> <span class='ocrx_word' id='word_1_248' title='bbox 1469 1709 1731 1769; x_wconf 81' lang='lat' dir='ltr'><strong>tanquam</strong></span> <span class='ocrx_word' id='word_1_249' title='bbox 1756 1697 2004 1752; x_wconf 90' lang='lat' dir='ltr'>imbecil-</span> 
     </span>
    </p>
   </div>
   <div class='ocr_carea' id='block_1_35' title="bbox 2115 1679 3692 1776">
    <p class='ocr_par' dir='ltr' id='par_1_35' title="bbox 2115 1679 3692 1776">
     <span class='ocr_line' id='line_1_35' title="bbox 2115 1679 3692 1776; baseline 0.001 -20"><span class='ocrx_word' id='word_1_250' title='bbox 2115 1679 2294 1756; x_wconf 79' lang='grc' dir='ltr'>λοιπὸν</span> <span class='ocrx_word' id='word_1_251' title='bbox 2385 1679 2734 1773; x_wconf 76' lang='grc' dir='ltr'>κυριοκτόνος</span> <span class='ocrx_word' id='word_1_252' title='bbox 2754 1722 2770 1735; x_wconf 69' lang='grc'><strong><em>⁸</em></strong></span> <span class='ocrx_word' id='word_1_253' title='bbox 2797 1705 2858 1758; x_wconf 75' lang='grc' dir='ltr'>οὐ</span> <span class='ocrx_word' id='word_1_254' title='bbox 2895 1679 3002 1776; x_wconf 78' lang='grc' dir='ltr'>γὰρ</span> <span class='ocrx_word' id='word_1_255' title='bbox 3035 1679 3231 1759; x_wconf 74' lang='grc' dir='ltr'>αὐτίκα</span> <span class='ocrx_word' id='word_1_256' title='bbox 3256 1679 3692 1776; x_wconf 53' lang='grc' dir='ltr'>κεκρατήκασιν,</span> 
     </span>
    </p>
   </div>
   <div class='ocr_carea' id='block_1_36' title="bbox 419 1788 2002 1862">
    <p class='ocr_par' dir='ltr' id='par_1_36' title="bbox 419 1788 2002 1862">
     <span class='ocr_line' id='line_1_36' title="bbox 419 1788 2002 1862; baseline -0.007 -11"><span class='ocrx_word' id='word_1_257' title='bbox 419 1796 524 1851; x_wconf 89' lang='lat' dir='ltr'>lem</span> <span class='ocrx_word' id='word_1_258' title='bbox 568 1793 872 1858; x_wconf 87' lang='lat' dir='ltr'>Christum,</span> <span class='ocrx_word' id='word_1_259' title='bbox 927 1801 983 1848; x_wconf 88' lang='lat' dir='ltr'>at</span> <span class='ocrx_word' id='word_1_260' title='bbox 1016 1792 1199 1862; x_wconf 87' lang='lat' dir='ltr'>potius</span> <span class='ocrx_word' id='word_1_261' title='bbox 1243 1792 1456 1847; x_wconf 88' lang='lat' dir='ltr'>discant</span> <span class='ocrx_word' id='word_1_262' title='bbox 1480 1808 1548 1847; x_wconf 81' lang='lat' dir='ltr'>ex</span> <span class='ocrx_word' id='word_1_263' title='bbox 1587 1791 1768 1862; x_wconf 84' lang='lat' dir='ltr'>Moyse</span> <span class='ocrx_word' id='word_1_264' title='bbox 1795 1788 2002 1842; x_wconf 85' lang='lat' dir='ltr'>verita—</span> 
     </span>
    </p>
   </div>
   <div class='ocr_carea' id='block_1_37' title="bbox 421 1877 2003 1956">
    <p class='ocr_par' dir='ltr' id='par_1_37' title="bbox 421 1877 2003 1956">
     <span class='ocr_line' id='line_1_37' title="bbox 421 1877 2003 1956; baseline -0.008 -14"><span class='ocrx_word' id='word_1_265' title='bbox 421 1895 550 1942; x_wconf 90' lang='lat' dir='ltr'>tem.</span> <span class='ocrx_word' id='word_1_266' title='bbox 587 1887 844 1956; x_wconf 77' lang='lat' dir='ltr'>Ignorant</span> <span class='ocrx_word' id='word_1_267' title='bbox 875 1884 1022 1940; x_wconf 90' lang='lat' dir='ltr'>enim</span> <span class='ocrx_word' id='word_1_268' title='bbox 1052 1899 1217 1952; x_wconf 88' lang='lat' dir='ltr'>quem</span> <span class='ocrx_word' id='word_1_269' title='bbox 1250 1883 1642 1953; x_wconf 88' lang='lat' dir='ltr'>percusserint.</span> <span class='ocrx_word' id='word_1_270' title='bbox 1673 1880 1850 1946; x_wconf 85' lang='lat' dir='ltr'>Quare</span> <span class='ocrx_word' id='word_1_271' title='bbox 1878 1877 2003 1931; x_wconf 89' lang='lat' dir='ltr'>vul-</span> 
     </span>
    </p>
   </div>
   <div class='ocr_carea' id='block_1_38' title="bbox 422 1971 2006 2047">
    <p class='ocr_par' dir='ltr' id='par_1_38' title="bbox 422 1971 2006 2047">
     <span class='ocr_line' id='line_1_38' title="bbox 422 1971 2006 2047; baseline -0.007 -14"><span class='ocrx_word' id='word_1_272' title='bbox 422 1986 671 2034; x_wconf 89' lang='lat' dir='ltr'>neratum</span> <span class='ocrx_word' id='word_1_273' title='bbox 708 1977 935 2047; x_wconf 88' lang='lat' dir='ltr'>quidem</span> <span class='ocrx_word' id='word_1_274' title='bbox 977 1975 1103 2030; x_wconf 87' lang='lat' dir='ltr'>vide</span> <span class='ocrx_word' id='word_1_275' title='bbox 1156 1975 1212 2028; x_wconf 88' lang='lat' dir='ltr'><strong>in</strong></span> <span class='ocrx_word' id='word_1_276' title='bbox 1260 1983 1409 2028; x_wconf 88' lang='lat' dir='ltr'>terra</span> <span class='ocrx_word' id='word_1_277' title='bbox 1444 1973 1762 2029; x_wconf 78' lang='lat' dir='ltr'>Judaeorum</span> <span class='ocrx_word' id='word_1_278' title='bbox 1789 1971 2006 2024; x_wconf 87' lang='lat' dir='ltr'>Emma-</span> 
     </span>
    </p>
   </div>
   <div class='ocr_carea' id='block_1_39' title="bbox 422 2063 2004 2141">
    <p class='ocr_par' dir='ltr' id='par_1_39' title="bbox 422 2063 2004 2141">
     <span class='ocr_line' id='line_1_39' title="bbox 422 2063 2004 2141; baseline -0.008 -13"><span class='ocrx_word' id='word_1_279' title='bbox 422 2077 663 2130; x_wconf 89' lang='lat' dir='ltr'>nuelem.</span> <span class='ocrx_word' id='word_1_280' title='bbox 701 2071 860 2141; x_wconf 88' lang='lat' dir='ltr'><strong>Apud</strong></span> <span class='ocrx_word' id='word_1_281' title='bbox 897 2086 994 2125; x_wconf 87' lang='lat' dir='ltr'>eos</span> <span class='ocrx_word' id='word_1_282' title='bbox 1046 2076 1232 2124; x_wconf 89' lang='lat' dir='ltr'>autem</span> <span class='ocrx_word' id='word_1_283' title='bbox 1283 2081 1629 2137; x_wconf 88' lang='lat' dir='ltr'>nequaquam</span> <span class='ocrx_word' id='word_1_284' title='bbox 1671 2063 2004 2134; x_wconf 89' lang='lat' dir='ltr'>completum</span> 
     </span>
    </p>
   </div>
   <div class='ocr_carea' id='block_1_40' title="bbox 422 2153 2005 2234">
    <p class='ocr_par' dir='ltr' id='par_1_40' title="bbox 422 2153 2005 2234">
     <span class='ocr_line' id='line_1_40' title="bbox 422 2153 2005 2234; baseline -0.009 -14"><span class='ocrx_word' id='word_1_285' title='bbox 422 2173 506 2220; x_wconf 87' lang='lat' dir='ltr'>est</span> <span class='ocrx_word' id='word_1_286' title='bbox 554 2163 727 2234; x_wconf 87' lang='lat' dir='ltr'>ipsius</span> <span class='ocrx_word' id='word_1_287' title='bbox 775 2160 1118 2231; x_wconf 83' lang='lat' dir='ltr'>mysterium,</span> <span class='ocrx_word' id='word_1_288' title='bbox 1168 2157 1263 2213; x_wconf 91' lang='lat' dir='ltr'>sed</span> <span class='ocrx_word' id='word_1_289' title='bbox 1301 2158 1484 2228; x_wconf 88' lang='lat' dir='ltr'>potius</span> <span class='ocrx_word' id='word_1_290' title='bbox 1526 2157 1756 2226; x_wconf 86' lang='lat' dir='ltr'>ﬁgurate</span> <span class='ocrx_word' id='word_1_291' title='bbox 1795 2153 2005 2209; x_wconf 86' lang='lat' dir='ltr'>sacriﬁ-</span> 
     </span>
    </p>
   </div>
   <div class='ocr_carea' id='block_1_41' title="bbox 423 2246 2006 2325">
    <p class='ocr_par' dir='ltr' id='par_1_41' title="bbox 423 2246 2006 2325">
     <span class='ocr_line' id='line_1_41' title="bbox 423 2246 2006 2325; baseline -0.008 -13"><span class='ocrx_word' id='word_1_292' title='bbox 423 2267 605 2313; x_wconf 84' lang='lat' dir='ltr'>catum</span> <span class='ocrx_word' id='word_1_293' title='bbox 639 2255 695 2309; x_wconf 89' lang='lat' dir='ltr'>in</span> <span class='ocrx_word' id='word_1_294' title='bbox 731 2255 951 2325; x_wconf 81' lang='lat' dir='ltr'>regione</span> <span class='ocrx_word' id='word_1_295' title='bbox 980 2267 1043 2307; x_wconf 91' lang='lat' dir='ltr'><strong>ac</strong></span> <span class='ocrx_word' id='word_1_296' title='bbox 1097 2261 1243 2306; x_wconf 89' lang='lat' dir='ltr'>terra</span> <span class='ocrx_word' id='word_1_297' title='bbox 1279 2249 1546 2321; x_wconf 88' lang='lat' dir='ltr'>gentium.</span> <span class='ocrx_word' id='word_1_298' title='bbox 1593 2246 1758 2318; x_wconf 68' lang='grc' dir='ltr'>[ιιά</span> <span class='ocrx_word' id='word_1_299' title='bbox 1811 2265 1831 2297; x_wconf 81' lang='grc' dir='ltr'>ι</span> <span class='ocrx_word' id='word_1_300' title='bbox 1869 2246 2006 2301; x_wconf 85' lang='lat' dir='ltr'>Nam</span> 
     </span>
    </p>
   </div>
   <div class='ocr_carea' id='block_1_42' title="bbox 423 2335 2007 2409">
    <p class='ocr_par' dir='ltr' id='par_1_42' title="bbox 423 2335 2007 2409">
     <span class='ocr_line' id='line_1_42' title="bbox 423 2335 2007 2409; baseline -0.009 -6"><span class='ocrx_word' id='word_1_301' title='bbox 423 2349 469 2404; x_wconf 91' lang='lat' dir='ltr'>si</span> <span class='ocrx_word' id='word_1_302' title='bbox 516 2349 772 2402; x_wconf 87' lang='lat' dir='ltr'>inventus</span> <span class='ocrx_word' id='word_1_303' title='bbox 793 2345 982 2408; x_wconf 78' lang='lat' dir='ltr'>fuerit,</span> <span class='ocrx_word' id='word_1_304' title='bbox 1006 2344 1102 2409; x_wconf 88' lang='lat' dir='ltr'>ait,</span> <span class='ocrx_word' id='word_1_305' title='bbox 1127 2343 1464 2402; x_wconf 86' lang='lat' dir='ltr'>vulneratus,</span> <span class='ocrx_word' id='word_1_306' title='bbox 1487 2337 1753 2408; x_wconf 87' lang='lat' dir='ltr'>accipient</span> <span class='ocrx_word' id='word_1_307' title='bbox 1779 2335 2007 2390; x_wconf 88' lang='lat' dir='ltr'>vitulam</span> 
     </span>
    </p>
   </div>
   <div class='ocr_carea' id='block_1_43' title="bbox 330 2431 2008 2511">
    <p class='ocr_par' dir='ltr' id='par_1_43' title="bbox 330 2431 2008 2511">
     <span class='ocr_line' id='line_1_43' title="bbox 330 2431 2008 2511; baseline -0.008 -16"><span class='ocrx_word' id='word_1_308' title='bbox 330 2473 336 2480; x_wconf 90' lang='lat'><strong><em>-</em></strong></span> <span class='ocrx_word' id='word_1_309' title='bbox 420 2441 536 2511; x_wconf 72' lang='lat' dir='ltr'><strong>iugi</strong></span> <span class='ocrx_word' id='word_1_310' title='bbox 568 2449 624 2494; x_wconf 89' lang='lat' dir='ltr'>et</span> <span class='ocrx_word' id='word_1_311' title='bbox 665 2439 868 2493; x_wconf 87' lang='lat' dir='ltr'>laboris</span> <span class='ocrx_word' id='word_1_312' title='bbox 895 2444 1176 2506; x_wconf 84' lang='lat' dir='ltr'>expertem</span> <span class='ocrx_word' id='word_1_313' title='bbox 1215 2452 1228 2487; x_wconf 89' lang='lat'><strong>:</strong></span> <span class='ocrx_word' id='word_1_314' title='bbox 1255 2434 1414 2503; x_wconf 85' lang='lat' dir='ltr'>cujus</span> <span class='ocrx_word' id='word_1_315' title='bbox 1444 2432 1499 2486; x_wconf 91' lang='lat' dir='ltr'>in</span> <span class='ocrx_word' id='word_1_316' title='bbox 1530 2431 1742 2485; x_wconf 83' lang='lat' dir='ltr'>vallem-</span> <span class='ocrx_word' id='word_1_317' title='bbox 1756 2443 2008 2499; x_wconf 89' lang='lat' dir='ltr'>asperam</span> 
     </span>
    </p>
   </div>
   <div class='ocr_carea' id='block_1_44' title="bbox 429 2522 2009 2596">
    <p class='ocr_par' dir='ltr' id='par_1_44' title="bbox 429 2522 2009 2596">
     <span class='ocr_line' id='line_1_44' title="bbox 429 2522 2009 2596; baseline -0.009 -7"><span class='ocrx_word' id='word_1_318' title='bbox 429 2535 606 2590; x_wconf 67' lang='lat' dir='ltr'>ductae</span> <span class='ocrx_word' id='word_1_319' title='bbox 635 2545 835 2586; x_wconf 88' lang='lat' dir='ltr'>nervos</span> <span class='ocrx_word' id='word_1_320' title='bbox 860 2527 1152 2583; x_wconf 89' lang='lat' dir='ltr'>concidant</span> <span class='ocrx_word' id='word_1_321' title='bbox 1179 2542 1277 2596; x_wconf 90' lang='lat' dir='ltr'>per</span> <span class='ocrx_word' id='word_1_322' title='bbox 1299 2540 1396 2580; x_wconf 91' lang='lat' dir='ltr'>eos</span> <span class='ocrx_word' id='word_1_323' title='bbox 1424 2524 1517 2595; x_wconf 90' lang='lat' dir='ltr'>qui</span> <span class='ocrx_word' id='word_1_324' title='bbox 1545 2523 1612 2577; x_wconf 90' lang='lat' dir='ltr'>ad</span> <span class='ocrx_word' id='word_1_325' title='bbox 1641 2522 2009 2578; x_wconf 86' lang='lat' dir='ltr'>sacerdotium</span> 
     </span>
    </p>
   </div>
   <div class='ocr_carea' id='block_1_45' title="bbox 424 2613 2010 2684">
    <p class='ocr_par' dir='ltr' id='par_1_45' title="bbox 424 2613 2010 2684">
     <span class='ocr_line' id='line_1_45' title="bbox 424 2613 2010 2684; baseline -0.009 -4"><span class='ocrx_word' id='word_1_326' title='bbox 424 2623 661 2681; x_wconf 88' lang='lat' dir='ltr'>ordinati</span> <span class='ocrx_word' id='word_1_327' title='bbox 687 2629 834 2676; x_wconf 89' lang='lat' dir='ltr'>sunt.</span> <span class='ocrx_word' id='word_1_328' title='bbox 864 2618 1072 2675; x_wconf 87' lang='lat' dir='ltr'>Deinde</span> <span class='ocrx_word' id='word_1_329' title='bbox 1107 2618 1234 2672; x_wconf 91' lang='lat' dir='ltr'>lotis</span> <span class='ocrx_word' id='word_1_330' title='bbox 1265 2615 1517 2670; x_wconf 89' lang='lat' dir='ltr'>manibus</span> <span class='ocrx_word' id='word_1_331' title='bbox 1538 2629 1705 2683; x_wconf 90' lang='lat' dir='ltr'>super</span> <span class='ocrx_word' id='word_1_332' title='bbox 1725 2613 1897 2684; x_wconf 90' lang='lat' dir='ltr'>ipsam</span> <span class='ocrx_word' id='word_1_333' title='bbox 1922 2613 2010 2666; x_wconf 84' lang='lat' dir='ltr'>di-</span> 
     </span>
    </p>
   </div>
   <div class='ocr_carea' id='block_1_46' title="bbox 425 2705 2010 2776">
    <p class='ocr_par' dir='ltr' id='par_1_46' title="bbox 425 2705 2010 2776">
     <span class='ocr_line' id='line_1_46' title="bbox 425 2705 2010 2776; baseline -0.01 -2"><span class='ocrx_word' id='word_1_334' title='bbox 425 2725 598 2776; x_wconf 90' lang='lat' dir='ltr'>cant:</span> <span class='ocrx_word' id='word_1_335' title='bbox 658 2716 850 2770; x_wconf 79' lang='lat' dir='ltr'><strong>Manus</strong></span> <span class='ocrx_word' id='word_1_336' title='bbox 901 2720 1105 2767; x_wconf 72' lang='lat' dir='ltr'>nostra:</span> <span class='ocrx_word' id='word_1_337' title='bbox 1161 2726 1274 2765; x_wconf 94' lang='lat' dir='ltr'>non</span> <span class='ocrx_word' id='word_1_338' title='bbox 1325 2707 1640 2763; x_wconf 71' lang='lat' dir='ltr'>effuderunt</span> <span class='ocrx_word' id='word_1_339' title='bbox 1689 2705 2010 2776; x_wconf 87' lang='lat' dir='ltr'>sanguinem</span> 
     </span>
    </p>
   </div>
   <div class='ocr_carea' id='block_1_47' title="bbox 428 2795 2011 2870">
    <p class='ocr_par' dir='ltr' id='par_1_47' title="bbox 428 2795 2011 2870">
     <span class='ocr_line' id='line_1_47' title="bbox 428 2795 2011 2870; baseline -0.009 -8"><span class='ocrx_word' id='word_1_340' title='bbox 428 2809 578 2864; x_wconf 90' lang='lat' dir='ltr'>hunc</span> <span class='ocrx_word' id='word_1_341' title='bbox 633 2807 700 2860; x_wconf 86' lang='grc'>⁶¹.</span> <span class='ocrx_word' id='word_1_342' title='bbox 734 2824 752 2857; x_wconf 76' lang='grc' dir='ltr'>ι</span> <span class='ocrx_word' id='word_1_343' title='bbox 811 2803 939 2858; x_wconf 82' lang='lat' dir='ltr'>Haec</span> <span class='ocrx_word' id='word_1_344' title='bbox 981 2801 1150 2855; x_wconf 89' lang='lat' dir='ltr'>vitula</span> <span class='ocrx_word' id='word_1_345' title='bbox 1197 2807 1282 2855; x_wconf 91' lang='lat' dir='ltr'>est</span> <span class='ocrx_word' id='word_1_346' title='bbox 1324 2806 1485 2870; x_wconf 89' lang='lat' dir='ltr'>typus</span> <span class='ocrx_word' id='word_1_347' title='bbox 1531 2795 1754 2862; x_wconf 87' lang='lat' dir='ltr'>Christi,</span> <span class='ocrx_word' id='word_1_348' title='bbox 1797 2803 1860 2849; x_wconf 90' lang='lat' dir='ltr'>ut</span> <span class='ocrx_word' id='word_1_349' title='bbox 1900 2795 2011 2866; x_wconf 90' lang='lat' dir='ltr'>jam</span> 
     </span>
    </p>
   </div>
   <div class='ocr_carea' id='block_1_48' title="bbox 425 2889 2013 2972">
    <p class='ocr_par' dir='ltr' id='par_1_48' title="bbox 425 2889 2013 2972">
     <span class='ocr_line' id='line_1_48' title="bbox 425 2889 2013 2972; baseline -0.009 -17"><span class='ocrx_word' id='word_1_350' title='bbox 425 2898 800 2972; x_wconf 65' lang='lat' dir='ltr'>praediximus.</span> <span class='ocrx_word' id='word_1_351' title='bbox 831 2894 1013 2950; x_wconf 80' lang='lat' dir='ltr'>Vitula</span> <span class='ocrx_word' id='word_1_352' title='bbox 1043 2892 1287 2963; x_wconf 90' lang='lat' dir='ltr'>quidem,</span> <span class='ocrx_word' id='word_1_353' title='bbox 1327 2899 1601 2960; x_wconf 88' lang='lat' dir='ltr'>quatenus</span> <span class='ocrx_word' id='word_1_354' title='bbox 1640 2889 1898 2960; x_wconf 89' lang='lat' dir='ltr'>jugorum</span> <span class='ocrx_word' id='word_1_355' title='bbox 1919 2903 2013 2941; x_wconf 76' lang='lat' dir='ltr'>ex-</span> 
     </span>
    </p>
   </div>
   <div class='ocr_carea' id='block_1_49' title="bbox 428 2979 2084 3080">
    <p class='ocr_par' dir='ltr' id='par_1_49' title="bbox 428 2979 2084 3080">
     <span class='ocr_line' id='line_1_49' title="bbox 428 2979 2084 3080; baseline -0.01 -33"><span class='ocrx_word' id='word_1_356' title='bbox 428 3007 554 3063; x_wconf 90' lang='lat' dir='ltr'>pers</span> <span class='ocrx_word' id='word_1_357' title='bbox 574 2998 692 3046; x_wconf 89' lang='lat' dir='ltr'>est:</span> <span class='ocrx_word' id='word_1_358' title='bbox 717 3004 844 3045; x_wconf 88' lang='lat' dir='ltr'>nam</span> <span class='ocrx_word' id='word_1_359' title='bbox 874 2987 975 3042; x_wconf 90' lang='lat' dir='ltr'>etsi</span> <span class='ocrx_word' id='word_1_360' title='bbox 1006 2985 1109 3041; x_wconf 92' lang='lat' dir='ltr'>sub</span> <span class='ocrx_word' id='word_1_361' title='bbox 1138 2985 1270 3054; x_wconf 90' lang='lat' dir='ltr'>jugo</span> <span class='ocrx_word' id='word_1_362' title='bbox 1303 2982 1469 3036; x_wconf 85' lang='lat' dir='ltr'>fuerit</span> <span class='ocrx_word' id='word_1_363' title='bbox 1499 2988 1772 3050; x_wconf 84' lang='lat' dir='ltr'>quatenus</span> <span class='ocrx_word' id='word_1_364' title='bbox 1821 2979 2008 3042; x_wconf 90' lang='lat' dir='ltr'>homo,</span> <span class='ocrx_word' id='word_1_365' title='bbox 2040 3019 2084 3080; x_wconf 65' lang='grc' dir='ltr'>Ο</span> 
     </span>
    </p>
   </div>
   <div class='ocr_carea' id='block_1_50' title="bbox 429 3071 2012 3152">
    <p class='ocr_par' dir='ltr' id='par_1_50' title="bbox 429 3071 2012 3152">
     <span class='ocr_line' id='line_1_50' title="bbox 429 3071 2012 3152; baseline -0.01 -11"><span class='ocrx_word' id='word_1_366' title='bbox 429 3095 608 3141; x_wconf 86' lang='lat' dir='ltr'>tamen</span> <span class='ocrx_word' id='word_1_367' title='bbox 654 3082 914 3152; x_wconf 90' lang='lat' dir='ltr'>quoniam</span> <span class='ocrx_word' id='word_1_368' title='bbox 947 3086 1138 3148; x_wconf 87' lang='lat' dir='ltr'>suapte</span> <span class='ocrx_word' id='word_1_369' title='bbox 1180 3085 1381 3131; x_wconf 89' lang='lat' dir='ltr'>natura</span> <span class='ocrx_word' id='word_1_370' title='bbox 1412 3075 1560 3128; x_wconf 91' lang='lat' dir='ltr'>Deus</span> <span class='ocrx_word' id='word_1_371' title='bbox 1598 3080 1701 3136; x_wconf 90' lang='lat' dir='ltr'>est,</span> <span class='ocrx_word' id='word_1_372' title='bbox 1739 3071 1863 3126; x_wconf 91' lang='lat' dir='ltr'>ideo</span> <span class='ocrx_word' id='word_1_373' title='bbox 1895 3071 2012 3141; x_wconf 87' lang='lat' dir='ltr'>jugi</span> 
     </span>
    </p>
   </div>
   <div class='ocr_carea' id='block_1_51' title="bbox 423 3164 2013 3247">
    <p class='ocr_par' dir='ltr' id='par_1_51' title="bbox 423 3164 2013 3247">
     <span class='ocr_line' id='line_1_51' title="bbox 423 3164 2013 3247; baseline -0.012 -14"><span class='ocrx_word' id='word_1_374' title='bbox 423 3192 641 3247; x_wconf 80' lang='lat' dir='ltr'>expers.</span> <span class='ocrx_word' id='word_1_375' title='bbox 692 3173 957 3228; x_wconf 89' lang='lat' dir='ltr'>Divinitas</span> <span class='ocrx_word' id='word_1_376' title='bbox 995 3171 1145 3225; x_wconf 90' lang='lat' dir='ltr'>enim</span> <span class='ocrx_word' id='word_1_377' title='bbox 1188 3176 1271 3222; x_wconf 91' lang='lat' dir='ltr'>est</span> <span class='ocrx_word' id='word_1_378' title='bbox 1296 3167 1488 3227; x_wconf 84' lang='lat' dir='ltr'>libera,</span> <span class='ocrx_word' id='word_1_379' title='bbox 1519 3164 1767 3232; x_wconf 91' lang='lat' dir='ltr'>nullique</span> <span class='ocrx_word' id='word_1_380' title='bbox 1798 3169 2013 3216; x_wconf 90' lang='lat' dir='ltr'>creato-</span> 
     </span>
    </p>
   </div>
   <div class='ocr_carea' id='block_1_52' title="bbox 430 3251 2012 3334">
    <p class='ocr_par' dir='ltr' id='par_1_52' title="bbox 430 3251 2012 3334">
     <span class='ocr_line' id='line_1_52' title="bbox 430 3251 2012 3334; baseline -0.011 -13"><span class='ocrx_word' id='word_1_381' title='bbox 430 3282 554 3321; x_wconf 90' lang='lat' dir='ltr'>rum</span> <span class='ocrx_word' id='word_1_382' title='bbox 593 3265 884 3334; x_wconf 82' lang='lat' dir='ltr'>subjecta;</span> <span class='ocrx_word' id='word_1_383' title='bbox 933 3261 1068 3331; x_wconf 91' lang='lat' dir='ltr'><strong>quin</strong></span> <span class='ocrx_word' id='word_1_384' title='bbox 1116 3258 1302 3329; x_wconf 89' lang='lat' dir='ltr'>potius</span> <span class='ocrx_word' id='word_1_385' title='bbox 1353 3255 1669 3311; x_wconf 85' lang='lat' dir='ltr'>dominatur</span> <span class='ocrx_word' id='word_1_386' title='bbox 1718 3251 2012 3318; x_wconf 86' lang='lat' dir='ltr'>universis,</span> 
     </span>
    </p>
   </div>
   <div class='ocr_carea' id='block_1_53' title="bbox 429 3349 2016 3424">
    <p class='ocr_par' dir='ltr' id='par_1_53' title="bbox 429 3349 2016 3424">
     <span class='ocr_line' id='line_1_53' title="bbox 429 3349 2016 3424; baseline -0.009 -16"><span class='ocrx_word' id='word_1_387' title='bbox 429 3362 594 3424; x_wconf 89' lang='lat' dir='ltr'>atque</span> <span class='ocrx_word' id='word_1_388' title='bbox 627 3352 765 3406; x_wconf 87' lang='lat' dir='ltr'>adeo</span> <span class='ocrx_word' id='word_1_389' title='bbox 803 3351 906 3404; x_wconf 90' lang='lat' dir='ltr'>sub</span> <span class='ocrx_word' id='word_1_390' title='bbox 943 3355 1211 3419; x_wconf 86' lang='lat' dir='ltr'>potestate</span> <span class='ocrx_word' id='word_1_391' title='bbox 1245 3361 1343 3401; x_wconf 85' lang='lat' dir='ltr'>sua</span> <span class='ocrx_word' id='word_1_392' title='bbox 1369 3352 1522 3399; x_wconf 90' lang='lat' dir='ltr'>tenet</span> <span class='ocrx_word' id='word_1_393' title='bbox 1543 3358 1764 3398; x_wconf 91' lang='lat' dir='ltr'>omnem</span> <span class='ocrx_word' id='word_1_394' title='bbox 1794 3349 2016 3397; x_wconf 89' lang='lat' dir='ltr'>creatu-</span> 
     </span>
    </p>
   </div>
   <div class='ocr_carea' id='block_1_54' title="bbox 430 3435 2015 3507">
    <p class='ocr_par' dir='ltr' id='par_1_54' title="bbox 430 3435 2015 3507">
     <span class='ocr_line' id='line_1_54' title="bbox 430 3435 2015 3507; baseline -0.007 -10"><span class='ocrx_word' id='word_1_395' title='bbox 430 3458 570 3497; x_wconf 91' lang='lat' dir='ltr'>ram.</span> <span class='ocrx_word' id='word_1_396' title='bbox 598 3441 894 3503; x_wconf 70' lang='lat' dir='ltr'>Cacterum,</span> <span class='ocrx_word' id='word_1_397' title='bbox 934 3439 1064 3493; x_wconf 87' lang='lat' dir='ltr'>licet</span> <span class='ocrx_word' id='word_1_398' title='bbox 1095 3446 1287 3507; x_wconf 89' lang='lat' dir='ltr'>suapte</span> <span class='ocrx_word' id='word_1_399' title='bbox 1317 3444 1510 3490; x_wconf 87' lang='lat' dir='ltr'>natura</span> <span class='ocrx_word' id='word_1_400' title='bbox 1557 3435 1730 3489; x_wconf 87' lang='lat' dir='ltr'>Filius</span> <span class='ocrx_word' id='word_1_401' title='bbox 1757 3441 2015 3503; x_wconf 90' lang='lat' dir='ltr'>tanquam</span> 
     </span>
    </p>
   </div>
   <div class='ocr_carea' id='block_1_55' title="bbox 431 3517 2018 3588">
    <p class='ocr_par' dir='ltr' id='par_1_55' title="bbox 431 3517 2018 3588">
     <span class='ocr_line' id='line_1_55' title="bbox 431 3517 2018 3588; baseline -0.006 -7"><span class='ocrx_word' id='word_1_402' title='bbox 431 3527 577 3581; x_wconf 88' lang='lat' dir='ltr'>Deus</span> <span class='ocrx_word' id='word_1_403' title='bbox 626 3525 765 3578; x_wconf 91' lang='lat' dir='ltr'>liber</span> <span class='ocrx_word' id='word_1_404' title='bbox 810 3523 900 3588; x_wconf 87' lang='lat' dir='ltr'>sit,</span> <span class='ocrx_word' id='word_1_405' title='bbox 942 3522 1120 3577; x_wconf 83' lang='lat' dir='ltr'>factus</span> <span class='ocrx_word' id='word_1_406' title='bbox 1169 3529 1254 3576; x_wconf 89' lang='lat' dir='ltr'>est</span> <span class='ocrx_word' id='word_1_407' title='bbox 1300 3529 1483 3575; x_wconf 89' lang='lat' dir='ltr'>tamen</span> <span class='ocrx_word' id='word_1_408' title='bbox 1529 3519 1820 3574; x_wconf 91' lang='lat' dir='ltr'>nobiscum</span> <span class='ocrx_word' id='word_1_409' title='bbox 1846 3517 2018 3572; x_wconf 91' lang='lat' dir='ltr'>veluti</span> 
     </span>
    </p>
   </div>
   <div class='ocr_carea' id='block_1_56' title="bbox 429 3612 2019 3686">
    <p class='ocr_par' dir='ltr' id='par_1_56' title="bbox 429 3612 2019 3686">
     <span class='ocr_line' id='line_1_56' title="bbox 429 3612 2019 3686; baseline -0.003 -15"><span class='ocrx_word' id='word_1_410' title='bbox 429 3617 600 3672; x_wconf 90' lang='lat' dir='ltr'>homo</span> <span class='ocrx_word' id='word_1_411' title='bbox 637 3623 692 3670; x_wconf 90' lang='lat' dir='ltr'>et</span> <span class='ocrx_word' id='word_1_412' title='bbox 731 3614 1053 3686; x_wconf 83' lang='lat' dir='ltr'>subjugalis.</span> <span class='ocrx_word' id='word_1_413' title='bbox 1089 3614 1304 3668; x_wconf 86' lang='lat' dir='ltr'>Idcirco</span> <span class='ocrx_word' id='word_1_414' title='bbox 1337 3612 1628 3668; x_wconf 89' lang='lat' dir='ltr'>nobiscum</span> <span class='ocrx_word' id='word_1_415' title='bbox 1652 3613 1828 3668; x_wconf 92' lang='lat' dir='ltr'>Deum</span> <span class='ocrx_word' id='word_1_416' title='bbox 1853 3627 2019 3667; x_wconf 85' lang='lat' dir='ltr'>voca-</span> 
     </span>
    </p>
   </div>
   <div class='ocr_carea' id='block_1_57' title="bbox 430 3704 2020 3776">
    <p class='ocr_par' dir='ltr' id='par_1_57' title="bbox 430 3704 2020 3776">
     <span class='ocr_line' id='line_1_57' title="bbox 430 3704 2020 3776; baseline -0.004 -12"><span class='ocrx_word' id='word_1_417' title='bbox 430 3710 526 3767; x_wconf 89' lang='lat' dir='ltr'>bat</span> <span class='ocrx_word' id='word_1_418' title='bbox 574 3710 808 3764; x_wconf 88' lang='lat' dir='ltr'>Patrem.</span> <span class='ocrx_word' id='word_1_419' title='bbox 864 3708 976 3763; x_wconf 86' lang='lat' dir='ltr'>Nos</span> <span class='ocrx_word' id='word_1_420' title='bbox 1021 3707 1167 3762; x_wconf 90' lang='lat' dir='ltr'>enim</span> <span class='ocrx_word' id='word_1_421' title='bbox 1209 3705 1482 3776; x_wconf 87' lang='lat' dir='ltr'>subjugati</span> <span class='ocrx_word' id='word_1_422' title='bbox 1535 3720 1726 3760; x_wconf 91' lang='lat' dir='ltr'>sumus</span> <span class='ocrx_word' id='word_1_423' title='bbox 1763 3704 2020 3774; x_wconf 89' lang='lat' dir='ltr'>potestati</span> 
     </span>
    </p>
   </div>
   <div class='ocr_carea' id='block_1_58' title="bbox 433 3797 2020 3867">
    <p class='ocr_par' dir='ltr' id='par_1_58' title="bbox 433 3797 2020 3867">
     <span class='ocr_line' id='line_1_58' title="bbox 433 3797 2020 3867; baseline -0.004 -9"><span class='ocrx_word' id='word_1_424' title='bbox 433 3803 654 3858; x_wconf 71' lang='lat' dir='ltr'>divinae.</span> <span class='ocrx_word' id='word_1_425' title='bbox 697 3799 1064 3867; x_wconf 85' lang='lat' dir='ltr'>Quamobrem</span> <span class='ocrx_word' id='word_1_426' title='bbox 1104 3799 1276 3852; x_wconf 90' lang='lat' dir='ltr'>vitula</span> <span class='ocrx_word' id='word_1_427' title='bbox 1299 3797 1524 3867; x_wconf 88' lang='lat' dir='ltr'>quidem</span> <span class='ocrx_word' id='word_1_428' title='bbox 1550 3805 1634 3852; x_wconf 91' lang='lat' dir='ltr'>est</span> <span class='ocrx_word' id='word_1_429' title='bbox 1658 3804 1930 3866; x_wconf 88' lang='lat' dir='ltr'>quatenus</span> <span class='ocrx_word' id='word_1_430' title='bbox 1960 3810 2020 3851; x_wconf 91' lang='lat' dir='ltr'>se</span> 
     </span>
    </p>
   </div>
   <div class='ocr_carea' id='block_1_59' title="bbox 434 3889 2022 3961">
    <p class='ocr_par' dir='ltr' id='par_1_59' title="bbox 434 3889 2022 3961">
     <span class='ocr_line' id='line_1_59' title="bbox 434 3889 2022 3961; baseline -0.004 -13"><span class='ocrx_word' id='word_1_431' title='bbox 434 3893 656 3949; x_wconf 88' lang='lat' dir='ltr'>demisit</span> <span class='ocrx_word' id='word_1_432' title='bbox 700 3891 803 3946; x_wconf 91' lang='lat' dir='ltr'>sub</span> <span class='ocrx_word' id='word_1_433' title='bbox 840 3891 1033 3961; x_wconf 86' lang='lat' dir='ltr'>jugum</span> <span class='ocrx_word' id='word_1_434' title='bbox 1086 3897 1299 3943; x_wconf 62' lang='lat' dir='ltr'>natura:</span> <span class='ocrx_word' id='word_1_435' title='bbox 1333 3889 1586 3943; x_wconf 66' lang='lat' dir='ltr'>humanae</span> <span class='ocrx_word' id='word_1_436' title='bbox 1614 3905 1627 3941; x_wconf 91' lang='lat'><strong>:</strong></span> <span class='ocrx_word' id='word_1_437' title='bbox 1658 3896 1811 3942; x_wconf 86' lang='lat' dir='ltr'>extra</span> <span class='ocrx_word' id='word_1_438' title='bbox 1829 3889 2022 3958; x_wconf 85' lang='lat' dir='ltr'>jugum</span> 
     </span>
    </p>
   </div>
   <div class='ocr_carea' id='block_1_60' title="bbox 433 3977 2024 4050">
    <p class='ocr_par' dir='ltr' id='par_1_60' title="bbox 433 3977 2024 4050">
     <span class='ocr_line' id='line_1_60' title="bbox 433 3977 2024 4050; baseline -0.004 -13"><span class='ocrx_word' id='word_1_439' title='bbox 433 3999 568 4037; x_wconf 87' lang='lat' dir='ltr'>vero</span> <span class='ocrx_word' id='word_1_440' title='bbox 603 3989 708 4044; x_wconf 89' lang='lat' dir='ltr'>est,</span> <span class='ocrx_word' id='word_1_441' title='bbox 747 3989 974 4050; x_wconf 88' lang='lat' dir='ltr'>pr0pter</span> <span class='ocrx_word' id='word_1_442' title='bbox 1001 3980 1229 4050; x_wconf 75' lang='lat' dir='ltr'>gloriam</span> <span class='ocrx_word' id='word_1_443' title='bbox 1268 3978 1508 4043; x_wconf 88' lang='lat' dir='ltr'>deitatis,</span> <span class='ocrx_word' id='word_1_444' title='bbox 1557 3993 1678 4047; x_wconf 79' lang='lat' dir='ltr'>quae</span> <span class='ocrx_word' id='word_1_445' title='bbox 1706 3977 1930 4032; x_wconf 91' lang='lat' dir='ltr'>omnino</span> <span class='ocrx_word' id='word_1_446' title='bbox 1958 3977 2024 4030; x_wconf 87' lang='lat' dir='ltr'>li-</span> 
     </span>
    </p>
   </div>
   <div class='ocr_carea' id='block_1_61' title="bbox 436 4065 2024 4139">
    <p class='ocr_par' dir='ltr' id='par_1_61' title="bbox 436 4065 2024 4139">
     <span class='ocr_line' id='line_1_61' title="bbox 436 4065 2024 4139; baseline -0.004 -11"><span class='ocrx_word' id='word_1_447' title='bbox 436 4073 568 4128; x_wconf 82' lang='lat' dir='ltr'>hera</span> <span class='ocrx_word' id='word_1_448' title='bbox 599 4081 705 4126; x_wconf 86' lang='lat' dir='ltr'>est.</span> <span class='ocrx_word' id='word_1_449' title='bbox 742 4071 812 4124; x_wconf 88' lang='lat' dir='ltr'><strong>At</strong></span> <span class='ocrx_word' id='word_1_450' title='bbox 840 4071 968 4123; x_wconf 77' lang='lat' dir='ltr'>vide</span> <span class='ocrx_word' id='word_1_451' title='bbox 996 4071 1224 4125; x_wconf 90' lang='lat' dir='ltr'>vitulam</span> <span class='ocrx_word' id='word_1_452' title='bbox 1263 4071 1318 4124; x_wconf 90' lang='lat' dir='ltr'>in</span> <span class='ocrx_word' id='word_1_453' title='bbox 1344 4071 1539 4124; x_wconf 87' lang='lat' dir='ltr'>vallem</span> <span class='ocrx_word' id='word_1_454' title='bbox 1569 4085 1818 4139; x_wconf 86' lang='lat' dir='ltr'>asperam</span> <span class='ocrx_word' id='word_1_455' title='bbox 1856 4065 1912 4122; x_wconf 82' lang='lat' dir='ltr'>et</span> <span class='ocrx_word' id='word_1_456' title='bbox 1941 4067 2024 4122; x_wconf 89' lang='lat' dir='ltr'>in-</span> 
     </span>
    </p>
   </div>
   <div class='ocr_carea' id='block_1_62' title="bbox 437 4163 2020 4232">
    <p class='ocr_par' dir='ltr' id='par_1_62' title="bbox 437 4163 2020 4232">
     <span class='ocr_line' id='line_1_62' title="bbox 437 4163 2020 4232; baseline -0.001 -13"><span class='ocrx_word' id='word_1_457' title='bbox 437 4165 641 4219; x_wconf 89' lang='lat' dir='ltr'>cultam</span> <span class='ocrx_word' id='word_1_458' title='bbox 677 4163 991 4217; x_wconf 88' lang='lat' dir='ltr'>deductam.</span> <span class='ocrx_word' id='word_1_459' title='bbox 1031 4163 1167 4216; x_wconf 85' lang='lat' dir='ltr'>Nam</span> <span class='ocrx_word' id='word_1_460' title='bbox 1204 4171 1327 4232; x_wconf 88' lang='lat' dir='ltr'>post</span> <span class='ocrx_word' id='word_1_461' title='bbox 1376 4164 1744 4221; x_wconf 88' lang='lat' dir='ltr'>venerandam</span> <span class='ocrx_word' id='word_1_462' title='bbox 1779 4178 2020 4228; x_wconf 88' lang='lat' dir='ltr'>crucem,</span> 
     </span>
    </p>
   </div>
   <div class='ocr_carea' id='block_1_63' title="bbox 438 4254 2022 4326">
    <p class='ocr_par' dir='ltr' id='par_1_63' title="bbox 438 4254 2022 4326">
     <span class='ocr_line' id='line_1_63' title="bbox 438 4254 2022 4326; baseline 0.001 -16"><span class='ocrx_word' id='word_1_463' title='bbox 438 4255 659 4326; x_wconf 87' lang='lat' dir='ltr'><strong>quando</strong></span> <span class='ocrx_word' id='word_1_464' title='bbox 679 4255 994 4310; x_wconf 89' lang='lat' dir='ltr'>vulneratus</span> <span class='ocrx_word' id='word_1_465' title='bbox 1014 4254 1271 4310; x_wconf 90' lang='lat' dir='ltr'>inventus</span> <span class='ocrx_word' id='word_1_466' title='bbox 1301 4263 1386 4310; x_wconf 90' lang='lat' dir='ltr'>est</span> <span class='ocrx_word' id='word_1_467' title='bbox 1417 4255 1688 4320; x_wconf 88' lang='lat' dir='ltr'>Christus,</span> <span class='ocrx_word' id='word_1_468' title='bbox 1717 4257 1971 4312; x_wconf 91' lang='lat' dir='ltr'>discessit</span> <span class='ocrx_word' id='word_1_469' title='bbox 1991 4273 2022 4312; x_wconf 91' lang='lat' dir='ltr'>e</span> 
     </span>
    </p>
   </div>
   <div class='ocr_carea' id='block_1_64' title="bbox 439 4346 2099 4440">
    <p class='ocr_par' dir='ltr' id='par_1_64' title="bbox 439 4346 2099 4440">
     <span class='ocr_line' id='line_1_64' title="bbox 439 4346 2099 4440; baseline -0.003 -36"><span class='ocrx_word' id='word_1_470' title='bbox 439 4357 587 4404; x_wconf 88' lang='lat' dir='ltr'>terra</span> <span class='ocrx_word' id='word_1_471' title='bbox 624 4347 962 4411; x_wconf 66' lang='lat' dir='ltr'>Judaaorum,</span> <span class='ocrx_word' id='word_1_472' title='bbox 983 4346 1345 4417; x_wconf 87' lang='lat' dir='ltr'>migravitque</span> <span class='ocrx_word' id='word_1_473' title='bbox 1369 4347 1424 4406; x_wconf 86' lang='lat' dir='ltr'>in</span> <span class='ocrx_word' id='word_1_474' title='bbox 1450 4347 1728 4418; x_wconf 81' lang='lat' dir='ltr'>regionem</span> <span class='ocrx_word' id='word_1_475' title='bbox 1753 4348 2020 4418; x_wconf 85' lang='lat' dir='ltr'>gentium,</span> <span class='ocrx_word' id='word_1_476' title='bbox 2057 4385 2099 4440; x_wconf 68' lang='grc' dir='ltr'><strong>Β</strong></span> 
     </span>
    </p>
   </div>
   <div class='ocr_carea' id='block_1_65' title="bbox 437 4435 2022 4508">
    <p class='ocr_par' dir='ltr' id='par_1_65' title="bbox 437 4435 2022 4508">
     <span class='ocr_line' id='line_1_65' title="bbox 437 4435 2022 4508; baseline -0.001 -16"><span class='ocrx_word' id='word_1_477' title='bbox 437 4454 560 4508; x_wconf 85' lang='lat' dir='ltr'>quae</span> <span class='ocrx_word' id='word_1_478' title='bbox 581 4452 861 4506; x_wconf 89' lang='lat' dir='ltr'>nunquam</span> <span class='ocrx_word' id='word_1_479' title='bbox 893 4437 1040 4490; x_wconf 84' lang='lat' dir='ltr'>culta</span> <span class='ocrx_word' id='word_1_480' title='bbox 1066 4435 1189 4500; x_wconf 83' lang='lat' dir='ltr'>fuit,</span> <span class='ocrx_word' id='word_1_481' title='bbox 1230 4451 1408 4506; x_wconf 87' lang='lat' dir='ltr'>neque</span> <span class='ocrx_word' id='word_1_482' title='bbox 1434 4452 1620 4491; x_wconf 89' lang='lat' dir='ltr'>semen</span> <span class='ocrx_word' id='word_1_483' title='bbox 1644 4436 1876 4506; x_wconf 88' lang='lat' dir='ltr'>accepit.</span> <span class='ocrx_word' id='word_1_484' title='bbox 1907 4436 2022 4491; x_wconf 84' lang='lat' dir='ltr'>An-</span> 
     </span>
    </p>
   </div>
   <div class='ocr_carea' id='block_1_66' title="bbox 440 4527 2026 4599">
    <p class='ocr_par' dir='ltr' id='par_1_66' title="bbox 440 4527 2026 4599">
     <span class='ocr_line' id='line_1_66' title="bbox 440 4527 2026 4599; baseline -0.002 -15"><span class='ocrx_word' id='word_1_485' title='bbox 440 4538 660 4598; x_wconf 90' lang='lat' dir='ltr'>tequam</span> <span class='ocrx_word' id='word_1_486' title='bbox 713 4529 864 4584; x_wconf 90' lang='lat' dir='ltr'>enim</span> <span class='ocrx_word' id='word_1_487' title='bbox 905 4527 1158 4583; x_wconf 88' lang='lat' dir='ltr'>Christus</span> <span class='ocrx_word' id='word_1_488' title='bbox 1180 4528 1360 4583; x_wconf 81' lang='lat' dir='ltr'>illuxit</span> <span class='ocrx_word' id='word_1_489' title='bbox 1390 4529 1524 4599; x_wconf 89' lang='lat' dir='ltr'>ipsis</span> <span class='ocrx_word' id='word_1_490' title='bbox 1561 4529 1837 4599; x_wconf 83' lang='lat' dir='ltr'>gentibus,</span> <span class='ocrx_word' id='word_1_491' title='bbox 1865 4537 2026 4582; x_wconf 89' lang='lat' dir='ltr'>erant</span> 
     </span>
    </p>
   </div>
   <div class='ocr_carea' id='block_1_67' title="bbox 441 4615 2023 4687">
    <p class='ocr_par' dir='ltr' id='par_1_67' title="bbox 441 4615 2023 4687">
     <span class='ocr_line' id='line_1_67' title="bbox 441 4615 2023 4687; baseline -0.001 -16"><span class='ocrx_word' id='word_1_492' title='bbox 441 4617 499 4671; x_wconf 89' lang='lat' dir='ltr'>in</span> <span class='ocrx_word' id='word_1_493' title='bbox 541 4615 750 4670; x_wconf 91' lang='lat' dir='ltr'>mundo</span> <span class='ocrx_word' id='word_1_494' title='bbox 781 4617 934 4670; x_wconf 89' lang='lat' dir='ltr'>velut</span> <span class='ocrx_word' id='word_1_495' title='bbox 977 4626 1122 4672; x_wconf 87' lang='lat' dir='ltr'>terra</span> <span class='ocrx_word' id='word_1_496' title='bbox 1148 4618 1396 4687; x_wconf 64' lang='lat' dir='ltr'>quaedam</span> <span class='ocrx_word' id='word_1_497' title='bbox 1421 4619 1574 4673; x_wconf 88' lang='lat' dir='ltr'>arida</span> <span class='ocrx_word' id='word_1_498' title='bbox 1607 4625 1770 4687; x_wconf 91' lang='lat' dir='ltr'>atque</span> <span class='ocrx_word' id='word_1_499' title='bbox 1796 4618 2023 4681; x_wconf 88' lang='lat' dir='ltr'>inculta,</span> 
     </span>
    </p>
   </div>
   <div class='ocr_carea' id='block_1_68' title="bbox 438 4708 2027 4781">
    <p class='ocr_par' dir='ltr' id='par_1_68' title="bbox 438 4708 2027 4781">
     <span class='ocr_line' id='line_1_68' title="bbox 438 4708 2027 4781; baseline 0.002 -17"><span class='ocrx_word' id='word_1_500' title='bbox 438 4717 496 4765; x_wconf 93' lang='lat' dir='ltr'>et</span> <span class='ocrx_word' id='word_1_501' title='bbox 539 4708 729 4763; x_wconf 91' lang='lat' dir='ltr'>divino</span> <span class='ocrx_word' id='word_1_502' title='bbox 769 4708 952 4763; x_wconf 86' lang='lat' dir='ltr'>fructu</span> <span class='ocrx_word' id='word_1_503' title='bbox 989 4725 1180 4764; x_wconf 88' lang='lat' dir='ltr'>vacua.</span> <span class='ocrx_word' id='word_1_504' title='bbox 1213 4711 1354 4766; x_wconf 81' lang='lat' dir='ltr'>Hinc</span> <span class='ocrx_word' id='word_1_505' title='bbox 1384 4718 1440 4765; x_wconf 90' lang='lat' dir='ltr'>et</span> <span class='ocrx_word' id='word_1_506' title='bbox 1464 4710 1730 4781; x_wconf 87' lang='lat' dir='ltr'>propheta</span> <span class='ocrx_word' id='word_1_507' title='bbox 1753 4710 1923 4766; x_wconf 89' lang='lat' dir='ltr'>Isaias</span> <span class='ocrx_word' id='word_1_508' title='bbox 1957 4711 2027 4767; x_wconf 88' lang='lat' dir='ltr'>de</span> 
     </span>
    </p>
   </div>
   <div class='ocr_carea' id='block_1_69' title="bbox 441 4798 2028 4868">
    <p class='ocr_par' dir='ltr' id='par_1_69' title="bbox 441 4798 2028 4868">
     <span class='ocr_line' id='line_1_69' title="bbox 441 4798 2028 4868; baseline 0.003 -13"><span class='ocrx_word' id='word_1_509' title='bbox 441 4801 545 4855; x_wconf 89' lang='lat' dir='ltr'>hac</span> <span class='ocrx_word' id='word_1_510' title='bbox 584 4808 731 4855; x_wconf 88' lang='lat' dir='ltr'>terra</span> <span class='ocrx_word' id='word_1_511' title='bbox 766 4798 842 4854; x_wconf 86' lang='lat' dir='ltr'>ait</span> <span class='ocrx_word' id='word_1_512' title='bbox 867 4816 881 4852; x_wconf 86' lang='lat'><strong>:</strong></span> <span class='ocrx_word' id='word_1_513' title='bbox 927 4820 944 4851; x_wconf 81' lang='grc' dir='ltr'>ι</span> <span class='ocrx_word' id='word_1_514' title='bbox 981 4801 1211 4866; x_wconf 68' lang='lat' dir='ltr'>Laetare,</span> <span class='ocrx_word' id='word_1_515' title='bbox 1235 4802 1475 4868; x_wconf 86' lang='lat' dir='ltr'>deserta,</span> <span class='ocrx_word' id='word_1_516' title='bbox 1502 4803 1782 4858; x_wconf 90' lang='lat' dir='ltr'>siticulosa</span> <span class='ocrx_word' id='word_1_517' title='bbox 1804 4811 1860 4858; x_wconf 93' lang='lat' dir='ltr'>et</span> <span class='ocrx_word' id='word_1_518' title='bbox 1885 4803 2028 4859; x_wconf 69' lang='lat' dir='ltr'>villa:</span> 
     </span>
    </p>
   </div>
   <div class='ocr_carea' id='block_1_70' title="bbox 443 4891 2019 4961">
    <p class='ocr_par' dir='ltr' id='par_1_70' title="bbox 443 4891 2019 4961">
     <span class='ocr_line' id='line_1_70' title="bbox 443 4891 2019 4961; baseline 0.001 -16"><span class='ocrx_word' id='word_1_519' title='bbox 443 4891 636 4961; x_wconf 90' lang='lat' dir='ltr'>ipsius.</span> <span class='ocrx_word' id='word_1_520' title='bbox 671 4891 919 4946; x_wconf 78' lang='lat' dir='ltr'>Exsultet</span> <span class='ocrx_word' id='word_1_521' title='bbox 957 4891 1195 4959; x_wconf 87' lang='lat' dir='ltr'>deserta,</span> <span class='ocrx_word' id='word_1_522' title='bbox 1223 4902 1278 4948; x_wconf 91' lang='lat' dir='ltr'>et</span> <span class='ocrx_word' id='word_1_523' title='bbox 1303 4893 1497 4948; x_wconf 85' lang='lat' dir='ltr'>ﬂoreat</span> <span class='ocrx_word' id='word_1_524' title='bbox 1521 4894 1663 4950; x_wconf 88' lang='lat' dir='ltr'>sicut</span> <span class='ocrx_word' id='word_1_525' title='bbox 1691 4894 1877 4948; x_wconf 90' lang='lat' dir='ltr'>lilium</span> <span class='ocrx_word' id='word_1_526' title='bbox 1903 4894 1965 4947; x_wconf 72' lang='grc' dir='ltr'>θ’.</span> <span class='ocrx_word' id='word_1_527' title='bbox 2001 4913 2019 4946; x_wconf 71' lang='grc' dir='ltr'>ι</span> 
     </span>
    </p>
   </div>
   <div class='ocr_carea' id='block_1_71' title="bbox 441 4982 2026 5055">
    <p class='ocr_par' dir='ltr' id='par_1_71' title="bbox 441 4982 2026 5055">
     <span class='ocr_line' id='line_1_71' title="bbox 441 4982 2026 5055; baseline 0.003 -19"><span class='ocrx_word' id='word_1_528' title='bbox 441 4982 651 5038; x_wconf 88' lang='lat' dir='ltr'>Idcirco</span> <span class='ocrx_word' id='word_1_529' title='bbox 682 4982 831 5053; x_wconf 87' lang='lat' dir='ltr'>regio</span> <span class='ocrx_word' id='word_1_530' title='bbox 877 4991 973 5037; x_wconf 87' lang='lat' dir='ltr'>aut</span> <span class='ocrx_word' id='word_1_531' title='bbox 1002 4984 1300 5039; x_wconf 90' lang='lat' dir='ltr'>multitudo</span> <span class='ocrx_word' id='word_1_532' title='bbox 1335 4986 1580 5055; x_wconf 84' lang='lat' dir='ltr'>gentium</span> <span class='ocrx_word' id='word_1_533' title='bbox 1623 4987 1770 5041; x_wconf 83' lang='lat' dir='ltr'>haud</span> <span class='ocrx_word' id='word_1_534' title='bbox 1815 4987 2026 5041; x_wconf 87' lang='lat' dir='ltr'>incom-</span> 
     </span>
    </p>
   </div>
   <div class='ocr_carea' id='block_1_72' title="bbox 443 5071 2024 5143">
    <p class='ocr_par' dir='ltr' id='par_1_72' title="bbox 443 5071 2024 5143">
     <span class='ocr_line' id='line_1_72' title="bbox 443 5071 2024 5143; baseline 0.001 -17"><span class='ocrx_word' id='word_1_535' title='bbox 443 5071 602 5126; x_wconf 87' lang='lat' dir='ltr'>mode</span> <span class='ocrx_word' id='word_1_536' title='bbox 623 5072 994 5140; x_wconf 65' lang='lat' dir='ltr'>aequiparatur</span> <span class='ocrx_word' id='word_1_537' title='bbox 1012 5087 1223 5142; x_wconf 72' lang='lat' dir='ltr'>aspera:</span> <span class='ocrx_word' id='word_1_538' title='bbox 1238 5072 1457 5127; x_wconf 88' lang='lat' dir='ltr'>cuidam</span> <span class='ocrx_word' id='word_1_539' title='bbox 1481 5073 1809 5143; x_wconf 64' lang='lat' dir='ltr'>incultzeque</span> <span class='ocrx_word' id='word_1_540' title='bbox 1841 5082 2024 5129; x_wconf 73' lang='lat' dir='ltr'>term.</span> 
     </span>
    </p>
   </div>
   <div class='ocr_carea' id='block_1_73' title="bbox 442 5159 2031 5230">
    <p class='ocr_par' dir='ltr' id='par_1_73' title="bbox 442 5159 2031 5230">
     <span class='ocr_line' id='line_1_73' title="bbox 442 5159 2031 5230; baseline 0 -14"><span class='ocrx_word' id='word_1_541' title='bbox 442 5160 524 5216; x_wconf 90' lang='lat' dir='ltr'>Ibi</span> <span class='ocrx_word' id='word_1_542' title='bbox 555 5161 631 5214; x_wconf 89' lang='lat' dir='ltr'>ait</span> <span class='ocrx_word' id='word_1_543' title='bbox 659 5177 670 5211; x_wconf 87' lang='lat'><strong>:</strong></span> <span class='ocrx_word' id='word_1_544' title='bbox 706 5179 724 5209; x_wconf 75' lang='grc' dir='ltr'>ι</span> <span class='ocrx_word' id='word_1_545' title='bbox 764 5160 961 5215; x_wconf 75' lang='lat' dir='ltr'>Vitula:</span> <span class='ocrx_word' id='word_1_546' title='bbox 982 5163 1141 5215; x_wconf 84' lang='lat' dir='ltr'>nervi</span> <span class='ocrx_word' id='word_1_547' title='bbox 1173 5159 1505 5215; x_wconf 87' lang='lat' dir='ltr'>concidendi</span> <span class='ocrx_word' id='word_1_548' title='bbox 1545 5169 1671 5215; x_wconf 90' lang='lat' dir='ltr'>sunt</span> <span class='ocrx_word' id='word_1_549' title='bbox 1696 5178 1795 5230; x_wconf 90' lang='lat' dir='ltr'>per</span> <span class='ocrx_word' id='word_1_550' title='bbox 1815 5161 2031 5216; x_wconf 87' lang='lat' dir='ltr'>divinos</span> 
     </span>
    </p>
   </div>
   <div class='ocr_carea' id='block_1_74' title="bbox 440 5253 2033 5324">
    <p class='ocr_par' dir='ltr' id='par_1_74' title="bbox 440 5253 2033 5324">
     <span class='ocr_line' id='line_1_74' title="bbox 440 5253 2033 5324; baseline -0.001 -12"><span class='ocrx_word' id='word_1_551' title='bbox 440 5253 762 5311; x_wconf 84' lang='lat' dir='ltr'>sacerdotes</span> <span class='ocrx_word' id='word_1_552' title='bbox 807 5253 870 5307; x_wconf 75' lang='grc'>⁸³.</span> <span class='ocrx_word' id='word_1_553' title='bbox 915 5273 933 5305; x_wconf 74' lang='grc' dir='ltr'>ι</span> <span class='ocrx_word' id='word_1_554' title='bbox 973 5253 1178 5308; x_wconf 91' lang='lat' dir='ltr'>Christi</span> <span class='ocrx_word' id='word_1_555' title='bbox 1220 5254 1370 5308; x_wconf 84' lang='lat' dir='ltr'>enim</span> <span class='ocrx_word' id='word_1_556' title='bbox 1413 5255 1736 5324; x_wconf 85' lang='lat' dir='ltr'>mysterium</span> <span class='ocrx_word' id='word_1_557' title='bbox 1763 5254 1908 5324; x_wconf 87' lang='lat' dir='ltr'>apud</span> <span class='ocrx_word' id='word_1_558' title='bbox 1932 5270 2033 5310; x_wconf 91' lang='lat' dir='ltr'>nos</span> 
     </span>
    </p>
   </div>
   <div class='ocr_carea' id='block_1_75' title="bbox 2106 1795 3692 1868">
    <p class='ocr_par' dir='ltr' id='par_1_75' title="bbox 2106 1795 3692 1868">
     <span class='ocr_line' id='line_1_75' title="bbox 2106 1795 3692 1868; baseline 0.003 -20"><span class='ocrx_word' id='word_1_559' title='bbox 2106 1796 2183 1858; x_wconf 83' lang='grc' dir='ltr'>ὡς</span> <span class='ocrx_word' id='word_1_560' title='bbox 2211 1795 2566 1860; x_wconf 82' lang='grc' dir='ltr'>ἀσθενοῦντος</span> <span class='ocrx_word' id='word_1_561' title='bbox 2608 1797 2869 1865; x_wconf 86' lang='grc' dir='ltr'>Χριστοῦ,</span> <span class='ocrx_word' id='word_1_562' title='bbox 2911 1797 3333 1868; x_wconf 82' lang='grc' dir='ltr'>μανθανέτωσαν</span> <span class='ocrx_word' id='word_1_563' title='bbox 3358 1798 3414 1851; x_wconf 80' lang='grc' dir='ltr'>δὲ</span> <span class='ocrx_word' id='word_1_564' title='bbox 3445 1798 3536 1852; x_wconf 81' lang='grc' dir='ltr'>διὰ</span> <span class='ocrx_word' id='word_1_565' title='bbox 3564 1801 3692 1853; x_wconf 88' lang='grc' dir='ltr'>Μω-</span> 
     </span>
    </p>
   </div>
   <div class='ocr_carea' id='block_1_76' title="bbox 2109 1887 3695 1962">
    <p class='ocr_par' dir='ltr' id='par_1_76' title="bbox 2109 1887 3695 1962">
     <span class='ocr_line' id='line_1_76' title="bbox 2109 1887 3695 1962; baseline 0.003 -23"><span class='ocrx_word' id='word_1_566' title='bbox 2109 1888 2247 1951; x_wconf 82' lang='grc' dir='ltr'>σέως</span> <span class='ocrx_word' id='word_1_567' title='bbox 2274 1887 2336 1940; x_wconf 86' lang='grc' dir='ltr'>τὸ</span> <span class='ocrx_word' id='word_1_568' title='bbox 2359 1887 2578 1958; x_wconf 85' lang='grc' dir='ltr'>ἀληθές.</span> <span class='ocrx_word' id='word_1_569' title='bbox 2615 1889 2688 1942; x_wconf 81' lang='grc' dir='ltr'>Οὐ</span> <span class='ocrx_word' id='word_1_570' title='bbox 2717 1890 2825 1958; x_wconf 81' lang='grc' dir='ltr'>γὰρ</span> <span class='ocrx_word' id='word_1_571' title='bbox 2872 1887 3016 1943; x_wconf 80' lang='grc' dir='ltr'>ἴσασι</span> <span class='ocrx_word' id='word_1_572' title='bbox 3053 1889 3144 1943; x_wconf 84' lang='grc' dir='ltr'>τὸν</span> <span class='ocrx_word' id='word_1_573' title='bbox 3179 1888 3519 1954; x_wconf 80' lang='grc' dir='ltr'>πατάξαντα.</span> <span class='ocrx_word' id='word_1_574' title='bbox 3549 1892 3695 1962; x_wconf 88' lang='grc' dir='ltr'>Ὅρα</span> 
     </span>
    </p>
   </div>
   <div class='ocr_carea' id='block_1_77' title="bbox 2105 1976 3695 2050">
    <p class='ocr_par' dir='ltr' id='par_1_77' title="bbox 2105 1976 3695 2050">
     <span class='ocr_line' id='line_1_77' title="bbox 2105 1976 3695 2050; baseline 0.003 -22"><span class='ocrx_word' id='word_1_575' title='bbox 2105 1976 2284 2029; x_wconf 80' lang='grc' dir='ltr'>τοίνυν</span> <span class='ocrx_word' id='word_1_576' title='bbox 2326 1976 2414 2029; x_wconf 87' lang='grc' dir='ltr'>τὸν</span> <span class='ocrx_word' id='word_1_577' title='bbox 2470 1979 3009 2049; x_wconf 82' lang='grc' dir='ltr'>τετραυματισμένον</span> <span class='ocrx_word' id='word_1_578' title='bbox 3049 1981 3108 2032; x_wconf 83' lang='grc' dir='ltr'>ὲν</span> <span class='ocrx_word' id='word_1_579' title='bbox 3156 1982 3223 2050; x_wconf 83' lang='grc' dir='ltr'>τῇ</span> <span class='ocrx_word' id='word_1_580' title='bbox 3263 1980 3372 2032; x_wconf 88' lang='grc' dir='ltr'>τῶν</span> <span class='ocrx_word' id='word_1_581' title='bbox 3421 1981 3695 2034; x_wconf 85' lang='grc' dir='ltr'>Ἰουδαίων</span> 
     </span>
    </p>
   </div>
   <div class='ocr_carea' id='block_1_78' title="bbox 2107 2066 3690 2144">
    <p class='ocr_par' dir='ltr' id='par_1_78' title="bbox 2107 2066 3690 2144">
     <span class='ocr_line' id='line_1_78' title="bbox 2107 2066 3690 2144; baseline 0.008 -28"><span class='ocrx_word' id='word_1_582' title='bbox 2107 2069 2201 2137; x_wconf 82' lang='grc' dir='ltr'>γῇ,</span> <span class='ocrx_word' id='word_1_583' title='bbox 2247 2066 2338 2120; x_wconf 78' lang='grc' dir='ltr'>τὸν</span> <span class='ocrx_word' id='word_1_584' title='bbox 2393 2067 2764 2140; x_wconf 84' lang='grc' dir='ltr'>Ἐμμανουήλ.</span> <span class='ocrx_word' id='word_1_585' title='bbox 2813 2069 2886 2122; x_wconf 92' lang='grc' dir='ltr'>Τὸ</span> <span class='ocrx_word' id='word_1_586' title='bbox 2931 2070 2987 2122; x_wconf 83' lang='grc' dir='ltr'>δὲ</span> <span class='ocrx_word' id='word_1_587' title='bbox 3035 2071 3122 2124; x_wconf 70' lang='grc' dir='ltr'>ἐπ’</span> <span class='ocrx_word' id='word_1_588' title='bbox 3166 2071 3317 2141; x_wconf 80' lang='grc' dir='ltr'>αὐτῷ</span> <span class='ocrx_word' id='word_1_589' title='bbox 3369 2075 3690 2144; x_wconf 78' lang='grc' dir='ltr'>μυστήριον,</span> 
     </span>
    </p>
   </div>
   <div class='ocr_carea' id='block_1_79' title="bbox 2109 2157 3695 2234">
    <p class='ocr_par' dir='ltr' id='par_1_79' title="bbox 2109 2157 3695 2234">
     <span class='ocr_line' id='line_1_79' title="bbox 2109 2157 3695 2234; baseline 0.004 -24"><span class='ocrx_word' id='word_1_590' title='bbox 2109 2157 2240 2230; x_wconf 87' lang='grc' dir='ltr'>παρ’</span> <span class='ocrx_word' id='word_1_591' title='bbox 2271 2157 2458 2222; x_wconf 83' lang='grc' dir='ltr'>αὐτοῖς</span> <span class='ocrx_word' id='word_1_592' title='bbox 2487 2159 2588 2229; x_wconf 85' lang='grc' dir='ltr'>μὲν</span> <span class='ocrx_word' id='word_1_593' title='bbox 2624 2160 2874 2231; x_wconf 82' lang='grc' dir='ltr'>οὐδαμῶς</span> <span class='ocrx_word' id='word_1_594' title='bbox 2900 2160 3276 2232; x_wconf 80' lang='grc' dir='ltr'>πληρούμενον</span> <span class='ocrx_word' id='word_1_595' title='bbox 3299 2179 3313 2192; x_wconf 87' lang='grc'><strong>·</strong></span> <span class='ocrx_word' id='word_1_596' title='bbox 3353 2164 3695 2234; x_wconf 71' lang='grc' dir='ltr'>αἰνιγματω-</span> 
     </span>
    </p>
   </div>
   <div class='ocr_carea' id='block_1_80' title="bbox 2107 2248 3694 2325">
    <p class='ocr_par' dir='ltr' id='par_1_80' title="bbox 2107 2248 3694 2325">
     <span class='ocr_line' id='line_1_80' title="bbox 2107 2248 3694 2325; baseline 0.003 -23"><span class='ocrx_word' id='word_1_597' title='bbox 2107 2248 2214 2314; x_wconf 90' lang='grc' dir='ltr'>δῶς</span> <span class='ocrx_word' id='word_1_598' title='bbox 2245 2249 2302 2302; x_wconf 83' lang='grc' dir='ltr'>δὲ</span> <span class='ocrx_word' id='word_1_599' title='bbox 2328 2250 2529 2320; x_wconf 83' lang='grc' dir='ltr'>μᾶλλον</span> <span class='ocrx_word' id='word_1_600' title='bbox 2556 2251 3007 2323; x_wconf 82' lang='grc' dir='ltr'>ίερουργούμενον</span> <span class='ocrx_word' id='word_1_601' title='bbox 3029 2255 3086 2306; x_wconf 84' lang='grc' dir='ltr'>ὲν</span> <span class='ocrx_word' id='word_1_602' title='bbox 3117 2256 3182 2325; x_wconf 81' lang='grc' dir='ltr'>τῇ</span> <span class='ocrx_word' id='word_1_603' title='bbox 3211 2255 3322 2307; x_wconf 84' lang='grc' dir='ltr'>τῶν</span> <span class='ocrx_word' id='word_1_604' title='bbox 3347 2254 3520 2308; x_wconf 82' lang='grc' dir='ltr'>ἐθνῶν</span> <span class='ocrx_word' id='word_1_605' title='bbox 3544 2254 3694 2325; x_wconf 73' lang='grc' dir='ltr'>χώρα</span> 
     </span>
    </p>
   </div>
   <div class='ocr_carea' id='block_1_81' title="bbox 2108 2339 3695 2412">
    <p class='ocr_par' dir='ltr' id='par_1_81' title="bbox 2108 2339 3695 2412">
     <span class='ocr_line' id='line_1_81' title="bbox 2108 2339 3695 2412; baseline 0 -19"><span class='ocrx_word' id='word_1_606' title='bbox 2108 2356 2167 2393; x_wconf 86' lang='grc' dir='ltr'>τε</span> <span class='ocrx_word' id='word_1_607' title='bbox 2199 2340 2293 2394; x_wconf 85' lang='lat' dir='ltr'>xui</span> <span class='ocrx_word' id='word_1_608' title='bbox 2314 2343 2406 2412; x_wconf 84' lang='grc' dir='ltr'>γῇ.</span> <span class='ocrx_word' id='word_1_609' title='bbox 2447 2359 2466 2390; x_wconf 78' lang='grc' dir='ltr'>ι</span> <span class='ocrx_word' id='word_1_610' title='bbox 2492 2340 2554 2392; x_wconf 77' lang='lat' dir='ltr'>Et</span> <span class='ocrx_word' id='word_1_611' title='bbox 2585 2339 2692 2411; x_wconf 78' lang='grc' dir='ltr'>γὰρ</span> <span class='ocrx_word' id='word_1_612' title='bbox 2730 2341 2827 2411; x_wconf 77' lang='grc' dir='ltr'>μὲν</span> <span class='ocrx_word' id='word_1_613' title='bbox 2872 2340 3142 2411; x_wconf 86' lang='grc' dir='ltr'>εὑρεθείη,</span> <span class='ocrx_word' id='word_1_614' title='bbox 3171 2342 3357 2412; x_wconf 70' lang='grc' dir='ltr'>φησὶν,</span> <span class='ocrx_word' id='word_1_615' title='bbox 3383 2343 3412 2394; x_wconf 84' lang='grc' dir='ltr'><strong>ὁ</strong></span> <span class='ocrx_word' id='word_1_616' title='bbox 3440 2357 3695 2412; x_wconf 76' lang='grc' dir='ltr'>τραυμα-</span> 
     </span>
    </p>
   </div>
   <div class='ocr_carea' id='block_1_82' title="bbox 2109 2430 3696 2504">
    <p class='ocr_par' dir='ltr' id='par_1_82' title="bbox 2109 2430 3696 2504">
     <span class='ocr_line' id='line_1_82' title="bbox 2109 2430 3696 2504; baseline 0 -20"><span class='ocrx_word' id='word_1_617' title='bbox 2109 2431 2249 2495; x_wconf 88' lang='grc' dir='ltr'>τίας,</span> <span class='ocrx_word' id='word_1_618' title='bbox 2287 2431 2546 2500; x_wconf 77' lang='grc' dir='ltr'>λήψονται</span> <span class='ocrx_word' id='word_1_619' title='bbox 2573 2431 2804 2501; x_wconf 82' lang='grc' dir='ltr'>δάμαλιν</span> <span class='ocrx_word' id='word_1_620' title='bbox 2834 2430 3001 2500; x_wconf 75' lang='grc' dir='ltr'>ζυγοῦ</span> <span class='ocrx_word' id='word_1_621' title='bbox 3041 2432 3136 2486; x_wconf 79' lang='grc' dir='ltr'>καὶ</span> <span class='ocrx_word' id='word_1_622' title='bbox 3158 2432 3335 2486; x_wconf 87' lang='grc' dir='ltr'>πόνων</span> <span class='ocrx_word' id='word_1_623' title='bbox 3363 2432 3660 2504; x_wconf 84' lang='grc' dir='ltr'>ἀπείρατον</span> <span class='ocrx_word' id='word_1_624' title='bbox 3680 2447 3696 2464; x_wconf 75' lang='grc' dir='ltr'><strong>ο</strong></span> 
     </span>
    </p>
   </div>
   <div class='ocr_carea' id='block_1_83' title="bbox 2111 2523 3702 2595">
    <p class='ocr_par' dir='ltr' id='par_1_83' title="bbox 2111 2523 3702 2595">
     <span class='ocr_line' id='line_1_83' title="bbox 2111 2523 3702 2595; baseline -0.001 -18"><span class='ocrx_word' id='word_1_625' title='bbox 2111 2525 2206 2578; x_wconf 77' lang='grc' dir='ltr'>καὶ</span> <span class='ocrx_word' id='word_1_626' title='bbox 2231 2524 2295 2595; x_wconf 84' lang='grc' dir='ltr'>δὴ</span> <span class='ocrx_word' id='word_1_627' title='bbox 2338 2523 2807 2588; x_wconf 75' lang='grc' dir='ltr'>καταδιὸἁσαντες</span> <span class='ocrx_word' id='word_1_628' title='bbox 2847 2523 3016 2595; x_wconf 80' lang='grc' dir='ltr'>αὐτὴν</span> <span class='ocrx_word' id='word_1_629' title='bbox 3055 2527 3134 2588; x_wconf 90' lang='grc' dir='ltr'>είς</span> <span class='ocrx_word' id='word_1_630' title='bbox 3179 2527 3436 2595; x_wconf 82' lang='grc' dir='ltr'>τραχεῖαν</span> <span class='ocrx_word' id='word_1_631' title='bbox 3479 2525 3576 2577; x_wconf 86' lang='lat' dir='ltr'>xui</span> <span class='ocrx_word' id='word_1_632' title='bbox 3607 2525 3702 2577; x_wconf 80' lang='grc' dir='ltr'>ἀν-</span> 
     </span>
    </p>
   </div>
   <div class='ocr_carea' id='block_1_84' title="bbox 2112 2614 3700 2687">
    <p class='ocr_par' dir='ltr' id='par_1_84' title="bbox 2112 2614 3700 2687">
     <span class='ocr_line' id='line_1_84' title="bbox 2112 2614 3700 2687; baseline 0.002 -21"><span class='ocrx_word' id='word_1_633' title='bbox 2112 2615 2309 2686; x_wconf 82' lang='grc' dir='ltr'>ήροτον</span> <span class='ocrx_word' id='word_1_634' title='bbox 2339 2614 2624 2685; x_wconf 86' lang='grc' dir='ltr'>φάραγγα,</span> <span class='ocrx_word' id='word_1_635' title='bbox 2647 2615 3153 2686; x_wconf 86' lang='grc' dir='ltr'>νευροκοπείτωσαν</span> <span class='ocrx_word' id='word_1_636' title='bbox 3180 2615 3268 2670; x_wconf 79' lang='grc' dir='ltr'>διὰ</span> <span class='ocrx_word' id='word_1_637' title='bbox 3286 2616 3396 2670; x_wconf 91' lang='grc' dir='ltr'>τῶν</span> <span class='ocrx_word' id='word_1_638' title='bbox 3419 2616 3700 2687; x_wconf 81' lang='grc' dir='ltr'>τεταγμέ-</span> 
     </span>
    </p>
   </div>
   <div class='ocr_carea' id='block_1_85' title="bbox 2113 2705 3700 2779">
    <p class='ocr_par' dir='ltr' id='par_1_85' title="bbox 2113 2705 3700 2779">
     <span class='ocr_line' id='line_1_85' title="bbox 2113 2705 3700 2779; baseline 0.001 -21"><span class='ocrx_word' id='word_1_639' title='bbox 2113 2723 2220 2758; x_wconf 87' lang='grc' dir='ltr'>νων</span> <span class='ocrx_word' id='word_1_640' title='bbox 2247 2706 2324 2770; x_wconf 85' lang='grc' dir='ltr'>είς</span> <span class='ocrx_word' id='word_1_641' title='bbox 2365 2705 2695 2777; x_wconf 80' lang='grc' dir='ltr'>ἱερουργίαν.</span> <span class='ocrx_word' id='word_1_642' title='bbox 2734 2705 3154 2777; x_wconf 77' lang='grc' dir='ltr'>Ἀπονιψάμενοι</span> <span class='ocrx_word' id='word_1_643' title='bbox 3181 2707 3237 2759; x_wconf 80' lang='grc' dir='ltr'>δὲ</span> <span class='ocrx_word' id='word_1_644' title='bbox 3270 2707 3368 2770; x_wconf 80' lang='grc' dir='ltr'>τὰς</span> <span class='ocrx_word' id='word_1_645' title='bbox 3391 2709 3582 2779; x_wconf 86' lang='grc' dir='ltr'>χεῖρας</span> <span class='ocrx_word' id='word_1_646' title='bbox 3605 2709 3700 2760; x_wconf 79' lang='grc' dir='ltr'>ἐπ’</span> 
     </span>
    </p>
   </div>
   <div class='ocr_carea' id='block_1_86' title="bbox 2114 2793 3702 2867">
    <p class='ocr_par' dir='ltr' id='par_1_86' title="bbox 2114 2793 3702 2867">
     <span class='ocr_line' id='line_1_86' title="bbox 2114 2793 3702 2867; baseline 0.003 -22"><span class='ocrx_word' id='word_1_647' title='bbox 2114 2793 2276 2865; x_wconf 80' lang='grc' dir='ltr'>αὐτῇ.</span> <span class='ocrx_word' id='word_1_648' title='bbox 2309 2793 2594 2862; x_wconf 88' lang='grc' dir='ltr'>λεγόντων,</span> <span class='ocrx_word' id='word_1_649' title='bbox 2623 2793 2705 2847; x_wconf 82' lang='grc' dir='ltr'>ὅτι</span> <span class='ocrx_word' id='word_1_650' title='bbox 2743 2794 2810 2847; x_wconf 82' lang='grc' dir='ltr'>Δί</span> <span class='ocrx_word' id='word_1_651' title='bbox 2843 2797 3025 2865; x_wconf 83' lang='grc' dir='ltr'>χεῖρες</span> <span class='ocrx_word' id='word_1_652' title='bbox 3061 2798 3092 2866; x_wconf 84' lang='grc' dir='ltr'>ὴ</span> <span class='ocrx_word' id='word_1_653' title='bbox 3105 2795 3218 2866; x_wconf 91' lang='grc' dir='ltr'>μῶν</span> <span class='ocrx_word' id='word_1_654' title='bbox 3254 2797 3356 2849; x_wconf 81' lang='grc' dir='ltr'>οὐκ</span> <span class='ocrx_word' id='word_1_655' title='bbox 3387 2796 3610 2867; x_wconf 78' lang='grc' dir='ltr'>ἐξέχεαν</span> <span class='ocrx_word' id='word_1_656' title='bbox 3635 2797 3702 2850; x_wconf 77' lang='grc' dir='ltr'>τὸ</span> 
     </span>
    </p>
   </div>
   <div class='ocr_carea' id='block_1_87' title="bbox 2114 2879 3698 2956">
    <p class='ocr_par' dir='ltr' id='par_1_87' title="bbox 2114 2879 3698 2956">
     <span class='ocr_line' id='line_1_87' title="bbox 2114 2879 3698 2956; baseline 0.003 -22"><span class='ocrx_word' id='word_1_657' title='bbox 2114 2879 2255 2953; x_wconf 76' lang='grc' dir='ltr'>αἷμα</span> <span class='ocrx_word' id='word_1_658' title='bbox 2285 2880 2462 2936; x_wconf 86' lang='grc' dir='ltr'>τοῦτο.</span> <span class='ocrx_word' id='word_1_659' title='bbox 2497 2901 2516 2933; x_wconf 75' lang='grc' dir='ltr'>ι</span> <span class='ocrx_word' id='word_1_660' title='bbox 2542 2883 2785 2954; x_wconf 85' lang='grc' dir='ltr'>Δάμαλις</span> <span class='ocrx_word' id='word_1_661' title='bbox 2819 2883 2918 2954; x_wconf 84' lang='grc' dir='ltr'>μὲν</span> <span class='ocrx_word' id='word_1_662' title='bbox 2951 2879 3043 2937; x_wconf 78' lang='grc' dir='ltr'>οὖν</span> <span class='ocrx_word' id='word_1_663' title='bbox 3079 2885 3154 2948; x_wconf 82' lang='grc' dir='ltr'>ὡς</span> <span class='ocrx_word' id='word_1_664' title='bbox 3183 2885 3240 2936; x_wconf 85' lang='grc' dir='ltr'>ὲν</span> <span class='ocrx_word' id='word_1_665' title='bbox 3261 2884 3418 2954; x_wconf 78' lang='grc' dir='ltr'>τύπῳ</span> <span class='ocrx_word' id='word_1_666' title='bbox 3436 2881 3698 2956; x_wconf 86' lang='grc' dir='ltr'>Χριστοῦ,</span> 
     </span>
    </p>
   </div>
   <div class='ocr_carea' id='block_1_88' title="bbox 2116 2974 3703 3047">
    <p class='ocr_par' dir='ltr' id='par_1_88' title="bbox 2116 2974 3703 3047">
     <span class='ocr_line' id='line_1_88' title="bbox 2116 2974 3703 3047; baseline 0.001 -19"><span class='ocrx_word' id='word_1_667' title='bbox 2116 2975 2368 3047; x_wconf 89' lang='grc' dir='ltr'>καθάπερ</span> <span class='ocrx_word' id='word_1_668' title='bbox 2419 2975 2518 3046; x_wconf 75' lang='grc' dir='ltr'>ἥδη</span> <span class='ocrx_word' id='word_1_669' title='bbox 2572 2975 2926 3047; x_wconf 79' lang='grc' dir='ltr'>προείπομεν.</span> <span class='ocrx_word' id='word_1_670' title='bbox 2973 2974 3217 3046; x_wconf 85' lang='grc' dir='ltr'>Δάμαλις</span> <span class='ocrx_word' id='word_1_671' title='bbox 3258 2977 3379 3046; x_wconf 85' lang='grc' dir='ltr'>μὲν,</span> <span class='ocrx_word' id='word_1_672' title='bbox 3427 2976 3543 3029; x_wconf 83' lang='grc' dir='ltr'>ἀνθ’</span> <span class='ocrx_word' id='word_1_673' title='bbox 3573 2977 3703 3030; x_wconf 79' lang='grc' dir='ltr'>ὅτου</span> 
     </span>
    </p>
   </div>
   <div class='ocr_carea' id='block_1_89' title="bbox 2117 3064 3703 3137">
    <p class='ocr_par' dir='ltr' id='par_1_89' title="bbox 2117 3064 3703 3137">
     <span class='ocr_line' id='line_1_89' title="bbox 2117 3064 3703 3137; baseline -0.001 -17"><span class='ocrx_word' id='word_1_674' title='bbox 2117 3065 2212 3120; x_wconf 88' lang='lat' dir='ltr'>xui</span> <span class='ocrx_word' id='word_1_675' title='bbox 2238 3064 2402 3133; x_wconf 81' lang='grc' dir='ltr'>ζυγοῦ</span> <span class='ocrx_word' id='word_1_676' title='bbox 2432 3065 2749 3136; x_wconf 84' lang='grc' dir='ltr'>ἀπείρατος,</span> <span class='ocrx_word' id='word_1_677' title='bbox 2798 3065 2892 3119; x_wconf 88' lang='grc' dir='ltr'>καί</span> <span class='ocrx_word' id='word_1_678' title='bbox 2929 3065 3034 3118; x_wconf 82' lang='grc' dir='ltr'>ὑπὸ</span> <span class='ocrx_word' id='word_1_679' title='bbox 3079 3064 3243 3134; x_wconf 78' lang='grc' dir='ltr'>ζυγὸν</span> <span class='ocrx_word' id='word_1_680' title='bbox 3277 3067 3352 3130; x_wconf 85' lang='grc' dir='ltr'>ὡς</span> <span class='ocrx_word' id='word_1_681' title='bbox 3390 3065 3703 3137; x_wconf 79' lang='grc' dir='ltr'>ἄνθρωπος,</span> 
     </span>
    </p>
   </div>
   <div class='ocr_carea' id='block_1_90' title="bbox 2115 3153 3716 3228">
    <p class='ocr_par' dir='ltr' id='par_1_90' title="bbox 2115 3153 3716 3228">
     <span class='ocr_line' id='line_1_90' title="bbox 2115 3153 3716 3228; baseline 0.002 -20"><span class='ocrx_word' id='word_1_682' title='bbox 2115 3156 2209 3208; x_wconf 87' lang='lat' dir='ltr'>xui</span> <span class='ocrx_word' id='word_1_683' title='bbox 2235 3157 2340 3226; x_wconf 79' lang='grc' dir='ltr'>μὴν</span> <span class='ocrx_word' id='word_1_684' title='bbox 2371 3155 2476 3221; x_wconf 78' lang='grc' dir='ltr'>ἔξω</span> <span class='ocrx_word' id='word_1_685' title='bbox 2498 3156 2685 3226; x_wconf 83' lang='grc' dir='ltr'>ζυγοῦ,</span> <span class='ocrx_word' id='word_1_686' title='bbox 2711 3156 2800 3211; x_wconf 91' lang='grc' dir='ltr'>διά</span> <span class='ocrx_word' id='word_1_687' title='bbox 2819 3174 2901 3211; x_wconf 92' lang='grc' dir='ltr'>τοι</span> <span class='ocrx_word' id='word_1_688' title='bbox 2928 3157 2989 3211; x_wconf 88' lang='grc' dir='ltr'>τὸ</span> <span class='ocrx_word' id='word_1_689' title='bbox 3020 3153 3159 3211; x_wconf 78' lang='grc' dir='ltr'>εἶναι</span> <span class='ocrx_word' id='word_1_690' title='bbox 3181 3158 3324 3212; x_wconf 87' lang='grc' dir='ltr'>κατά</span> <span class='ocrx_word' id='word_1_691' title='bbox 3357 3158 3522 3228; x_wconf 82' lang='grc' dir='ltr'>φύσιν</span> <span class='ocrx_word' id='word_1_692' title='bbox 3545 3158 3716 3224; x_wconf 72' lang='grc' dir='ltr'>Θεές.</span> 
     </span>
    </p>
   </div>
   <div class='ocr_carea' id='block_1_91' title="bbox 2129 3247 3706 3319">
    <p class='ocr_par' dir='ltr' id='par_1_91' title="bbox 2129 3247 3706 3319">
     <span class='ocr_line' id='line_1_91' title="bbox 2129 3247 3706 3319; baseline 0 -19"><span class='ocrx_word' id='word_1_693' title='bbox 2129 3247 2444 3319; x_wconf 86' lang='grc' dir='ltr'>Ἐλεύθερον</span> <span class='ocrx_word' id='word_1_694' title='bbox 2467 3247 2575 3319; x_wconf 84' lang='grc' dir='ltr'>γὰρ</span> <span class='ocrx_word' id='word_1_695' title='bbox 2619 3249 2679 3302; x_wconf 86' lang='grc' dir='ltr'>τὸ</span> <span class='ocrx_word' id='word_1_696' title='bbox 2711 3249 2885 3316; x_wconf 87' lang='grc' dir='ltr'>Θεῖον,</span> <span class='ocrx_word' id='word_1_697' title='bbox 2926 3250 3020 3304; x_wconf 89' lang='lat' dir='ltr'>xui</span> <span class='ocrx_word' id='word_1_698' title='bbox 3055 3250 3227 3303; x_wconf 77' lang='grc' dir='ltr'>οὐδενὶ</span> <span class='ocrx_word' id='word_1_699' title='bbox 3257 3251 3362 3304; x_wconf 90' lang='grc' dir='ltr'>τῶν</span> <span class='ocrx_word' id='word_1_700' title='bbox 3394 3251 3562 3305; x_wconf 74' lang='grc' dir='ltr'>ὄντων</span> <span class='ocrx_word' id='word_1_701' title='bbox 3596 3251 3706 3303; x_wconf 83' lang='grc' dir='ltr'>ὐπ-</span> 
     </span>
    </p>
   </div>
   <div class='ocr_carea' id='block_1_92' title="bbox 2117 3337 3710 3413">
    <p class='ocr_par' dir='ltr' id='par_1_92' title="bbox 2117 3337 3710 3413">
     <span class='ocr_line' id='line_1_92' title="bbox 2117 3337 3710 3413; baseline 0.002 -22"><span class='ocrx_word' id='word_1_702' title='bbox 2117 3337 2479 3410; x_wconf 77' lang='grc' dir='ltr'>εζευγμένον·</span> <span class='ocrx_word' id='word_1_703' title='bbox 2508 3342 2890 3412; x_wconf 85' lang='grc' dir='ltr'>κατακρατοῦν</span> <span class='ocrx_word' id='word_1_704' title='bbox 2928 3343 2985 3396; x_wconf 81' lang='grc' dir='ltr'>δὲ</span> <span class='ocrx_word' id='word_1_705' title='bbox 3022 3342 3225 3413; x_wconf 84' lang='grc' dir='ltr'>μᾶλλον</span> <span class='ocrx_word' id='word_1_706' title='bbox 3262 3342 3370 3396; x_wconf 89' lang='grc' dir='ltr'>τῶν</span> <span class='ocrx_word' id='word_1_707' title='bbox 3411 3343 3570 3406; x_wconf 83' lang='grc' dir='ltr'>ὅλων,</span> <span class='ocrx_word' id='word_1_708' title='bbox 3608 3343 3710 3396; x_wconf 85' lang='lat' dir='ltr'>xui</span> 
     </span>
    </p>
   </div>
   <div class='ocr_carea' id='block_1_93' title="bbox 2119 3430 3708 3503">
    <p class='ocr_par' dir='ltr' id='par_1_93' title="bbox 2119 3430 3708 3503">
     <span class='ocr_line' id='line_1_93' title="bbox 2119 3430 3708 3503; baseline 0.002 -20"><span class='ocrx_word' id='word_1_709' title='bbox 2119 3430 2224 3484; x_wconf 83' lang='grc' dir='ltr'>ὑπὸ</span> <span class='ocrx_word' id='word_1_710' title='bbox 2257 3432 2446 3502; x_wconf 82' lang='grc' dir='ltr'>χεῖρας</span> <span class='ocrx_word' id='word_1_711' title='bbox 2471 3430 2591 3502; x_wconf 78' lang='grc' dir='ltr'>ἔχον</span> <span class='ocrx_word' id='word_1_712' title='bbox 2631 3433 2732 3503; x_wconf 77' lang='grc' dir='ltr'>τὴν</span> <span class='ocrx_word' id='word_1_713' title='bbox 2756 3433 3049 3503; x_wconf 82' lang='grc' dir='ltr'>σύμπασαν</span> <span class='ocrx_word' id='word_1_714' title='bbox 3083 3434 3280 3488; x_wconf 87' lang='grc' dir='ltr'>κτίσιν.</span> <span class='ocrx_word' id='word_1_715' title='bbox 3321 3435 3460 3487; x_wconf 79' lang='grc' dir='ltr'>Ἀλλ’</span> <span class='ocrx_word' id='word_1_716' title='bbox 3491 3433 3708 3487; x_wconf 74' lang='grc' dir='ltr'>ὲλεύθε⁸</span> 
     </span>
    </p>
   </div>
   <div class='ocr_carea' id='block_1_94' title="bbox 2121 3518 3710 3597">
    <p class='ocr_par' dir='ltr' id='par_1_94' title="bbox 2121 3518 3710 3597">
     <span class='ocr_line' id='line_1_94' title="bbox 2121 3518 3710 3597; baseline 0.002 -23"><span class='ocrx_word' id='word_1_717' title='bbox 2121 3537 2214 3593; x_wconf 90' lang='grc' dir='ltr'>ρος</span> <span class='ocrx_word' id='word_1_718' title='bbox 2241 3518 2316 3574; x_wconf 83' lang='grc' dir='ltr'>ὢν</span> <span class='ocrx_word' id='word_1_719' title='bbox 2345 3522 2486 3576; x_wconf 86' lang='grc' dir='ltr'>κατὰ</span> <span class='ocrx_word' id='word_1_720' title='bbox 2510 3521 2670 3592; x_wconf 87' lang='grc' dir='ltr'>φύσιν</span> <span class='ocrx_word' id='word_1_721' title='bbox 2701 3524 2729 3574; x_wconf 84' lang='grc' dir='ltr'>ὁ</span> <span class='ocrx_word' id='word_1_722' title='bbox 2758 3524 2883 3586; x_wconf 88' lang='grc' dir='ltr'>Υίὸς</span> <span class='ocrx_word' id='word_1_723' title='bbox 2899 3525 2976 3587; x_wconf 83' lang='grc' dir='ltr'>ὼς</span> <span class='ocrx_word' id='word_1_724' title='bbox 2997 3524 3150 3590; x_wconf 87' lang='grc' dir='ltr'>Θεὸς,</span> <span class='ocrx_word' id='word_1_725' title='bbox 3187 3525 3375 3594; x_wconf 82' lang='grc' dir='ltr'>γέγονε</span> <span class='ocrx_word' id='word_1_726' title='bbox 3402 3524 3524 3597; x_wconf 74' lang='grc' dir='ltr'>μεθ’</span> <span class='ocrx_word' id='word_1_727' title='bbox 3548 3524 3710 3596; x_wconf 79' lang='grc' dir='ltr'>ἡμῶν</span> 
     </span>
    </p>
   </div>
   <div class='ocr_carea' id='block_1_95' title="bbox 2119 3613 3710 3687">
    <p class='ocr_par' dir='ltr' id='par_1_95' title="bbox 2119 3613 3710 3687">
     <span class='ocr_line' id='line_1_95' title="bbox 2119 3613 3710 3687; baseline 0.001 -21"><span class='ocrx_word' id='word_1_728' title='bbox 2119 3613 2196 3677; x_wconf 82' lang='grc' dir='ltr'>ὡς</span> <span class='ocrx_word' id='word_1_729' title='bbox 2228 3613 2533 3683; x_wconf 78' lang='grc' dir='ltr'>ἄνθρωπος,</span> <span class='ocrx_word' id='word_1_730' title='bbox 2561 3615 2655 3668; x_wconf 86' lang='lat' dir='ltr'>xui</span> <span class='ocrx_word' id='word_1_731' title='bbox 2691 3614 2796 3668; x_wconf 85' lang='grc' dir='ltr'>ὑπὸ</span> <span class='ocrx_word' id='word_1_732' title='bbox 2840 3613 3023 3684; x_wconf 81' lang='grc' dir='ltr'>ζυγόν.</span> <span class='ocrx_word' id='word_1_733' title='bbox 3066 3615 3356 3684; x_wconf 87' lang='grc' dir='ltr'>Τοιγάρτοι</span> <span class='ocrx_word' id='word_1_734' title='bbox 3398 3614 3519 3686; x_wconf 79' lang='grc' dir='ltr'>μεθ’</span> <span class='ocrx_word' id='word_1_735' title='bbox 3547 3615 3710 3687; x_wconf 84' lang='grc' dir='ltr'>ὴμῶν</span> 
     </span>
    </p>
   </div>
   <div class='ocr_carea' id='block_1_96' title="bbox 2121 3705 3710 3778">
    <p class='ocr_par' dir='ltr' id='par_1_96' title="bbox 2121 3705 3710 3778">
     <span class='ocr_line' id='line_1_96' title="bbox 2121 3705 3710 3778; baseline 0.001 -19"><span class='ocrx_word' id='word_1_736' title='bbox 2121 3705 2254 3759; x_wconf 90' lang='grc' dir='ltr'>Θεὸν</span> <span class='ocrx_word' id='word_1_737' title='bbox 2269 3705 2613 3776; x_wconf 70' lang='grc' dir='ltr'>ἐπεγράφετο</span> <span class='ocrx_word' id='word_1_738' title='bbox 2638 3706 2730 3759; x_wconf 88' lang='grc' dir='ltr'>τὸν</span> <span class='ocrx_word' id='word_1_739' title='bbox 2752 3706 2991 3777; x_wconf 86' lang='grc' dir='ltr'>Πατέρα.</span> <span class='ocrx_word' id='word_1_740' title='bbox 3022 3707 3439 3778; x_wconf 75' lang='grc' dir='ltr'>Ὑπεζεύγμεθα</span> <span class='ocrx_word' id='word_1_741' title='bbox 3464 3708 3520 3761; x_wconf 82' lang='grc' dir='ltr'>δὲ</span> <span class='ocrx_word' id='word_1_742' title='bbox 3545 3709 3710 3778; x_wconf 76' lang='grc' dir='ltr'>ἡμεῖς</span> 
     </span>
    </p>
   </div>
   <div class='ocr_carea' id='block_1_97' title="bbox 2121 3793 3712 3869">
    <p class='ocr_par' dir='ltr' id='par_1_97' title="bbox 2121 3793 3712 3869">
     <span class='ocr_line' id='line_1_97' title="bbox 2121 3793 3712 3869; baseline 0.003 -23"><span class='ocrx_word' id='word_1_743' title='bbox 2121 3797 2187 3865; x_wconf 80' lang='grc' dir='ltr'>τῇ</span> <span class='ocrx_word' id='word_1_744' title='bbox 2221 3795 2318 3864; x_wconf 82' lang='grc' dir='ltr'>τῆς</span> <span class='ocrx_word' id='word_1_745' title='bbox 2340 3793 2592 3864; x_wconf 81' lang='grc' dir='ltr'>θεότητος</span> <span class='ocrx_word' id='word_1_746' title='bbox 2619 3795 2852 3868; x_wconf 78' lang='grc' dir='ltr'>ἐξουσίᾳ..</span> <span class='ocrx_word' id='word_1_747' title='bbox 2889 3797 3096 3850; x_wconf 79' lang='grc' dir='ltr'>Οὐκοῦν</span> <span class='ocrx_word' id='word_1_748' title='bbox 3121 3797 3350 3868; x_wconf 82' lang='grc' dir='ltr'>δάμαλις</span> <span class='ocrx_word' id='word_1_749' title='bbox 3383 3798 3501 3868; x_wconf 77' lang='grc' dir='ltr'>μὲν,</span> <span class='ocrx_word' id='word_1_750' title='bbox 3535 3800 3569 3869; x_wconf 78' lang='grc' dir='ltr'>ἡ</span> <span class='ocrx_word' id='word_1_751' title='bbox 3603 3798 3712 3851; x_wconf 69' lang='grc' dir='ltr'>ὑπὸ</span> 
     </span>
    </p>
   </div>
   <div class='ocr_carea' id='block_1_98' title="bbox 2125 3880 3711 3956">
    <p class='ocr_par' dir='ltr' id='par_1_98' title="bbox 2125 3880 3711 3956">
     <span class='ocr_line' id='line_1_98' title="bbox 2125 3880 3711 3956; baseline 0.005 -21"><span class='ocrx_word' id='word_1_752' title='bbox 2125 3880 2290 3952; x_wconf 81' lang='grc' dir='ltr'>ζυγὸν</span> <span class='ocrx_word' id='word_1_753' title='bbox 2335 3885 2458 3936; x_wconf 85' lang='grc' dir='ltr'>ὅσον</span> <span class='ocrx_word' id='word_1_754' title='bbox 2509 3880 2647 3955; x_wconf 79' lang='grc' dir='ltr'>ἧκον</span> <span class='ocrx_word' id='word_1_755' title='bbox 2693 3887 2772 3947; x_wconf 85' lang='grc' dir='ltr'>είς</span> <span class='ocrx_word' id='word_1_756' title='bbox 2810 3886 2907 3956; x_wconf 82' lang='grc' dir='ltr'>τὴν</span> <span class='ocrx_word' id='word_1_757' title='bbox 2943 3886 3125 3954; x_wconf 83' lang='grc' dir='ltr'>φύσιν,</span> <span class='ocrx_word' id='word_1_758' title='bbox 3161 3887 3266 3952; x_wconf 73' lang='grc' dir='ltr'>ἔξω</span> <span class='ocrx_word' id='word_1_759' title='bbox 3309 3888 3365 3942; x_wconf 84' lang='grc' dir='ltr'>δὲ</span> <span class='ocrx_word' id='word_1_760' title='bbox 3396 3887 3588 3955; x_wconf 83' lang='grc' dir='ltr'>ζυγοῦ,</span> <span class='ocrx_word' id='word_1_761' title='bbox 3619 3889 3711 3943; x_wconf 82' lang='grc' dir='ltr'>διὰ</span> 
     </span>
    </p>
   </div>
   <div class='ocr_carea' id='block_1_99' title="bbox 2123 3974 3709 4052">
    <p class='ocr_par' dir='ltr' id='par_1_99' title="bbox 2123 3974 3709 4052">
     <span class='ocr_line' id='line_1_99' title="bbox 2123 3974 3709 4052; baseline 0.005 -24"><span class='ocrx_word' id='word_1_762' title='bbox 2123 3974 2222 4045; x_wconf 82' lang='grc' dir='ltr'>τὴν</span> <span class='ocrx_word' id='word_1_763' title='bbox 2255 3977 2354 4046; x_wconf 80' lang='grc' dir='ltr'>τῆς</span> <span class='ocrx_word' id='word_1_764' title='bbox 2381 3975 2632 4046; x_wconf 79' lang='grc' dir='ltr'>θεότητος</span> <span class='ocrx_word' id='word_1_765' title='bbox 2669 3977 2848 4042; x_wconf 81' lang='grc' dir='ltr'>δόξαν,</span> <span class='ocrx_word' id='word_1_766' title='bbox 2887 3979 2980 4032; x_wconf 87' lang='lat' dir='ltr'>xui</span> <span class='ocrx_word' id='word_1_767' title='bbox 3027 3979 3088 4032; x_wconf 84' lang='grc' dir='ltr'>τὸ</span> <span class='ocrx_word' id='word_1_768' title='bbox 3127 3982 3358 4036; x_wconf 86' lang='grc' dir='ltr'>είσάπαν</span> <span class='ocrx_word' id='word_1_769' title='bbox 3397 3979 3709 4052; x_wconf 79' lang='grc' dir='ltr'>ἐλεύθερον.</span> 
     </span>
    </p>
   </div>
   <div class='ocr_carea' id='block_1_100' title="bbox 2137 4064 3714 4144">
    <p class='ocr_par' dir='ltr' id='par_1_100' title="bbox 2137 4064 3714 4144">
     <span class='ocr_line' id='line_1_100' title="bbox 2137 4064 3714 4144; baseline 0.005 -26"><span class='ocrx_word' id='word_1_770' title='bbox 2137 4064 2277 4118; x_wconf 82' lang='grc' dir='ltr'>Ἀλλ’</span> <span class='ocrx_word' id='word_1_771' title='bbox 2307 4065 2409 4136; x_wconf 83' lang='grc' dir='ltr'>ὅρα</span> <span class='ocrx_word' id='word_1_772' title='bbox 2450 4064 2548 4136; x_wconf 84' lang='grc' dir='ltr'>τὴν</span> <span class='ocrx_word' id='word_1_773' title='bbox 2591 4066 2826 4136; x_wconf 82' lang='grc' dir='ltr'>δάμαλιν</span> <span class='ocrx_word' id='word_1_774' title='bbox 2868 4069 2948 4132; x_wconf 87' lang='grc' dir='ltr'>είς</span> <span class='ocrx_word' id='word_1_775' title='bbox 2992 4073 3250 4139; x_wconf 75' lang='grc' dir='ltr'>τραχεῖαν</span> <span class='ocrx_word' id='word_1_776' title='bbox 3307 4071 3403 4124; x_wconf 85' lang='lat' dir='ltr'>xui</span> <span class='ocrx_word' id='word_1_777' title='bbox 3443 4071 3714 4144; x_wconf 82' lang='grc' dir='ltr'>ἀνήροτον</span> 
     </span>
    </p>
   </div>
   <div class='ocr_carea' id='block_1_101' title="bbox 2126 4157 3715 4236">
    <p class='ocr_par' dir='ltr' id='par_1_101' title="bbox 2126 4157 3715 4236">
     <span class='ocr_line' id='line_1_101' title="bbox 2126 4157 3715 4236; baseline 0.003 -25"><span class='ocrx_word' id='word_1_778' title='bbox 2126 4157 2546 4232; x_wconf 81' lang='grc' dir='ltr'>ἀποφερομένην</span> <span class='ocrx_word' id='word_1_779' title='bbox 2584 4161 2866 4232; x_wconf 88' lang='grc' dir='ltr'>φάραγγα.</span> <span class='ocrx_word' id='word_1_780' title='bbox 2915 4161 3070 4215; x_wconf 80' lang='grc' dir='ltr'>Μετὰ</span> <span class='ocrx_word' id='word_1_781' title='bbox 3115 4162 3224 4233; x_wconf 89' lang='grc' dir='ltr'>γάρ</span> <span class='ocrx_word' id='word_1_782' title='bbox 3269 4181 3350 4216; x_wconf 89' lang='grc' dir='ltr'>τοι</span> <span class='ocrx_word' id='word_1_783' title='bbox 3392 4164 3482 4217; x_wconf 86' lang='grc' dir='ltr'>τὸν</span> <span class='ocrx_word' id='word_1_784' title='bbox 3526 4165 3715 4236; x_wconf 85' lang='grc' dir='ltr'>τίμιον</span> 
     </span>
    </p>
   </div>
   <div class='ocr_carea' id='block_1_102' title="bbox 2129 4250 3714 4326">
    <p class='ocr_par' dir='ltr' id='par_1_102' title="bbox 2129 4250 3714 4326">
     <span class='ocr_line' id='line_1_102' title="bbox 2129 4250 3714 4326; baseline 0.006 -25"><span class='ocrx_word' id='word_1_785' title='bbox 2129 4250 2394 4320; x_wconf 87' lang='grc' dir='ltr'>σταυρὸν,</span> <span class='ocrx_word' id='word_1_786' title='bbox 2440 4252 2530 4303; x_wconf 84' lang='grc' dir='ltr'>ὅτε</span> <span class='ocrx_word' id='word_1_787' title='bbox 2591 4251 2931 4322; x_wconf 88' lang='grc' dir='ltr'>τραυματίας</span> <span class='ocrx_word' id='word_1_788' title='bbox 2980 4253 3220 4324; x_wconf 77' lang='grc' dir='ltr'>ηὕρηται</span> <span class='ocrx_word' id='word_1_789' title='bbox 3278 4255 3547 4326; x_wconf 80' lang='grc' dir='ltr'>Χριστὸς,</span> <span class='ocrx_word' id='word_1_790' title='bbox 3607 4255 3714 4325; x_wconf 82' lang='grc' dir='ltr'>τῆς</span> 
     </span>
    </p>
   </div>
   <div class='ocr_carea' id='block_1_103' title="bbox 2142 4342 3715 4419">
    <p class='ocr_par' dir='ltr' id='par_1_103' title="bbox 2142 4342 3715 4419">
     <span class='ocr_line' id='line_1_103' title="bbox 2142 4342 3715 4419; baseline 0.004 -24"><span class='ocrx_word' id='word_1_791' title='bbox 2142 4342 2417 4395; x_wconf 87' lang='grc' dir='ltr'>Ἰουδαίων</span> <span class='ocrx_word' id='word_1_792' title='bbox 2483 4344 2892 4414; x_wconf 70' lang='grc' dir='ltr'>ἀπο-πεφοίτηκε</span> <span class='ocrx_word' id='word_1_793' title='bbox 2945 4346 3082 4416; x_wconf 83' lang='grc' dir='ltr'>γῆς,</span> <span class='ocrx_word' id='word_1_794' title='bbox 3149 4348 3590 4419; x_wconf 78' lang='grc' dir='ltr'>μεταπεφοίτηκε</span> <span class='ocrx_word' id='word_1_795' title='bbox 3652 4347 3715 4400; x_wconf 78' lang='grc' dir='ltr'>δὲ</span> 
     </span>
    </p>
   </div>
   <div class='ocr_carea' id='block_1_104' title="bbox 2128 4431 3715 4507">
    <p class='ocr_par' dir='ltr' id='par_1_104' title="bbox 2128 4431 3715 4507">
     <span class='ocr_line' id='line_1_104' title="bbox 2128 4431 3715 4507; baseline 0.003 -23"><span class='ocrx_word' id='word_1_796' title='bbox 2128 4431 2314 4486; x_wconf 89' lang='grc' dir='ltr'>λοιπὸν</span> <span class='ocrx_word' id='word_1_797' title='bbox 2356 4433 2450 4486; x_wconf 76' lang='grc' dir='ltr'>ἐπὶ</span> <span class='ocrx_word' id='word_1_798' title='bbox 2498 4433 2596 4504; x_wconf 79' lang='grc' dir='ltr'>τὴν</span> <span class='ocrx_word' id='word_1_799' title='bbox 2627 4434 2737 4487; x_wconf 91' lang='grc' dir='ltr'>τῶν</span> <span class='ocrx_word' id='word_1_800' title='bbox 2789 4435 2958 4489; x_wconf 81' lang='grc' dir='ltr'>ἐθνῶν</span> <span class='ocrx_word' id='word_1_801' title='bbox 2997 4434 3204 4506; x_wconf 86' lang='grc' dir='ltr'>χώραν,</span> <span class='ocrx_word' id='word_1_802' title='bbox 3258 4437 3379 4506; x_wconf 77' lang='grc' dir='ltr'>ἥτις</span> <span class='ocrx_word' id='word_1_803' title='bbox 3435 4438 3535 4490; x_wconf 79' lang='grc' dir='ltr'>οὐκ</span> <span class='ocrx_word' id='word_1_804' title='bbox 3598 4436 3715 4507; x_wconf 78' lang='grc' dir='ltr'>εἴρ-</span> 
     </span>
    </p>
   </div>
   <div class='ocr_carea' id='block_1_105' title="bbox 2127 4521 3716 4596">
    <p class='ocr_par' dir='ltr' id='par_1_105' title="bbox 2127 4521 3716 4596">
     <span class='ocr_line' id='line_1_105' title="bbox 2127 4521 3716 4596; baseline 0.006 -25"><span class='ocrx_word' id='word_1_805' title='bbox 2127 4535 2348 4588; x_wconf 84' lang='grc' dir='ltr'>γασται,</span> <span class='ocrx_word' id='word_1_806' title='bbox 2405 4521 2526 4574; x_wconf 81' lang='grc' dir='ltr'>οὐδὲ</span> <span class='ocrx_word' id='word_1_807' title='bbox 2570 4523 2871 4593; x_wconf 87' lang='grc' dir='ltr'>σπείρεται.</span> <span class='ocrx_word' id='word_1_808' title='bbox 2909 4525 3024 4596; x_wconf 84' lang='grc' dir='ltr'>Πρὸ</span> <span class='ocrx_word' id='word_1_809' title='bbox 3077 4525 3186 4596; x_wconf 88' lang='grc' dir='ltr'>γάρ</span> <span class='ocrx_word' id='word_1_810' title='bbox 3213 4543 3296 4579; x_wconf 82' lang='grc' dir='ltr'>τοι</span> <span class='ocrx_word' id='word_1_811' title='bbox 3352 4525 3448 4578; x_wconf 86' lang='grc' dir='ltr'>τοῦ</span> <span class='ocrx_word' id='word_1_812' title='bbox 3489 4529 3582 4580; x_wconf 76' lang='grc' dir='ltr'>καὶ</span> <span class='ocrx_word' id='word_1_813' title='bbox 3615 4528 3716 4580; x_wconf 68' lang='grc' dir='ltr'>αὖ·</span> 
     </span>
    </p>
   </div>
   <div class='ocr_carea' id='block_1_106' title="bbox 2127 4609 3717 4682">
    <p class='ocr_par' dir='ltr' id='par_1_106' title="bbox 2127 4609 3717 4682">
     <span class='ocr_line' id='line_1_106' title="bbox 2127 4609 3717 4682; baseline 0.003 -19"><span class='ocrx_word' id='word_1_814' title='bbox 2127 4613 2240 4674; x_wconf 84' lang='grc' dir='ltr'>τοῖς</span> <span class='ocrx_word' id='word_1_815' title='bbox 2292 4609 2501 4663; x_wconf 80' lang='grc' dir='ltr'>ἔθνεσιν</span> <span class='ocrx_word' id='word_1_816' title='bbox 2565 4611 2870 4682; x_wconf 73' lang='grc' dir='ltr'>ἐπιλάμψαι</span> <span class='ocrx_word' id='word_1_817' title='bbox 2924 4614 3187 4682; x_wconf 84' lang='grc' dir='ltr'>Χριστὸν,</span> <span class='ocrx_word' id='word_1_818' title='bbox 3228 4615 3496 4670; x_wconf 81' lang='grc' dir='ltr'>διετέλουν</span> <span class='ocrx_word' id='word_1_819' title='bbox 3529 4618 3588 4668; x_wconf 77' lang='grc' dir='ltr'>ὲν</span> <span class='ocrx_word' id='word_1_820' title='bbox 3623 4615 3717 4669; x_wconf 84' lang='lat' dir='ltr'>x6-</span> 
     </span>
    </p>
   </div>
   <div class='ocr_carea' id='block_1_107' title="bbox 2132 4702 3721 4777">
    <p class='ocr_par' dir='ltr' id='par_1_107' title="bbox 2132 4702 3721 4777">
     <span class='ocr_line' id='line_1_107' title="bbox 2132 4702 3721 4777; baseline 0.005 -23"><span class='ocrx_word' id='word_1_821' title='bbox 2132 4718 2273 4772; x_wconf 82' lang='grc' dir='ltr'>σμῳ,</span> <span class='ocrx_word' id='word_1_822' title='bbox 2303 4702 2376 4771; x_wconf 86' lang='grc' dir='ltr'><strong>γῆ</strong></span> <span class='ocrx_word' id='word_1_823' title='bbox 2407 4719 2491 4767; x_wconf 86' lang='grc' dir='ltr'>τις</span> <span class='ocrx_word' id='word_1_824' title='bbox 2515 4702 2703 4775; x_wconf 81' lang='grc' dir='ltr'>ὥσπερ</span> <span class='ocrx_word' id='word_1_825' title='bbox 2737 4703 2876 4774; x_wconf 79' lang='grc' dir='ltr'>ξηρά</span> <span class='ocrx_word' id='word_1_826' title='bbox 2898 4707 2991 4758; x_wconf 73' lang='grc' dir='ltr'>καὶ</span> <span class='ocrx_word' id='word_1_827' title='bbox 3018 4707 3302 4777; x_wconf 83' lang='grc' dir='ltr'>ἀνήροτος,</span> <span class='ocrx_word' id='word_1_828' title='bbox 3331 4708 3424 4760; x_wconf 74' lang='grc' dir='ltr'>καὶ</span> <span class='ocrx_word' id='word_1_829' title='bbox 3445 4708 3544 4776; x_wconf 80' lang='grc' dir='ltr'>τῆς</span> <span class='ocrx_word' id='word_1_830' title='bbox 3573 4709 3721 4762; x_wconf 74' lang='grc' dir='ltr'>κατὰ</span> 
     </span>
    </p>
   </div>
   <div class='ocr_carea' id='block_1_108' title="bbox 2131 4792 3721 4870">
    <p class='ocr_par' dir='ltr' id='par_1_108' title="bbox 2131 4792 3721 4870">
     <span class='ocr_line' id='line_1_108' title="bbox 2131 4792 3721 4870; baseline 0.003 -24"><span class='ocrx_word' id='word_1_831' title='bbox 2131 4792 2265 4846; x_wconf 88' lang='grc' dir='ltr'>Θεὸν</span> <span class='ocrx_word' id='word_1_832' title='bbox 2291 4794 2595 4864; x_wconf 76' lang='grc' dir='ltr'>εὐκαρπίας</span> <span class='ocrx_word' id='word_1_833' title='bbox 2611 4796 2818 4866; x_wconf 80' lang='grc' dir='ltr'>ἐρήμη.</span> <span class='ocrx_word' id='word_1_834' title='bbox 2838 4798 2948 4850; x_wconf 80' lang='grc' dir='ltr'>Καὶ</span> <span class='ocrx_word' id='word_1_835' title='bbox 2969 4795 3100 4865; x_wconf 80' lang='grc' dir='ltr'>γοῦν</span> <span class='ocrx_word' id='word_1_836' title='bbox 3119 4800 3147 4851; x_wconf 80' lang='grc' dir='ltr'>ὁ</span> <span class='ocrx_word' id='word_1_837' title='bbox 3174 4800 3459 4870; x_wconf 84' lang='grc' dir='ltr'>προφήτης</span> <span class='ocrx_word' id='word_1_838' title='bbox 3489 4797 3721 4862; x_wconf 77' lang='grc' dir='ltr'>Ἡσαΐας</span> 
     </span>
    </p>
   </div>
   <div class='ocr_carea' id='block_1_109' title="bbox 2135 4885 3721 4962">
    <p class='ocr_par' dir='ltr' id='par_1_109' title="bbox 2135 4885 3721 4962">
     <span class='ocr_line' id='line_1_109' title="bbox 2135 4885 3721 4962; baseline 0.004 -24"><span class='ocrx_word' id='word_1_839' title='bbox 2135 4885 2265 4956; x_wconf 75' lang='grc' dir='ltr'>περὶ</span> <span class='ocrx_word' id='word_1_840' title='bbox 2296 4887 2486 4956; x_wconf 80' lang='grc' dir='ltr'>αὐτῆς,</span> <span class='ocrx_word' id='word_1_841' title='bbox 2537 4906 2556 4938; x_wconf 85' lang='grc' dir='ltr'>ι</span> <span class='ocrx_word' id='word_1_842' title='bbox 2595 4888 2965 4958; x_wconf 80' lang='grc' dir='ltr'>Εὐφράνθητι,</span> <span class='ocrx_word' id='word_1_843' title='bbox 3009 4889 3235 4960; x_wconf 75' lang='grc' dir='ltr'>ἔρημος,</span> <span class='ocrx_word' id='word_1_844' title='bbox 3292 4891 3481 4962; x_wconf 73' lang='grc' dir='ltr'>φησὶν,</span> <span class='ocrx_word' id='word_1_845' title='bbox 3533 4893 3630 4945; x_wconf 86' lang='lat' dir='ltr'>xui</span> <span class='ocrx_word' id='word_1_846' title='bbox 3662 4895 3721 4947; x_wconf 87' lang='grc' dir='ltr'>αί</span> 
     </span>
    </p>
   </div>
   <div class='ocr_carea' id='block_1_110' title="bbox 2136 4973 3722 5050">
    <p class='ocr_par' dir='ltr' id='par_1_110' title="bbox 2136 4973 3722 5050">
     <span class='ocr_line' id='line_1_110' title="bbox 2136 4973 3722 5050; baseline 0.006 -24"><span class='ocrx_word' id='word_1_847' title='bbox 2136 4973 2320 5044; x_wconf 87' lang='grc' dir='ltr'>κῶμαι</span> <span class='ocrx_word' id='word_1_848' title='bbox 2353 4975 2544 5041; x_wconf 78' lang='grc' dir='ltr'>αὐτῆς.</span> <span class='ocrx_word' id='word_1_849' title='bbox 2591 4975 2964 5044; x_wconf 78' lang='grc' dir='ltr'>Ἀγαλλιάσθω</span> <span class='ocrx_word' id='word_1_850' title='bbox 2995 4978 3220 5050; x_wconf 77' lang='grc' dir='ltr'>ἕρημος,</span> <span class='ocrx_word' id='word_1_851' title='bbox 3255 4981 3348 5033; x_wconf 79' lang='grc' dir='ltr'>καὶ</span> <span class='ocrx_word' id='word_1_852' title='bbox 3379 4979 3613 5034; x_wconf 87' lang='grc' dir='ltr'>ἀνθείτω</span> <span class='ocrx_word' id='word_1_853' title='bbox 3643 4980 3722 5044; x_wconf 84' lang='grc' dir='ltr'>ὡς</span> 
     </span>
    </p>
   </div>
   <div class='ocr_carea' id='block_1_111' title="bbox 2133 5065 3720 5144">
    <p class='ocr_par' dir='ltr' id='par_1_111' title="bbox 2133 5065 3720 5144">
     <span class='ocr_line' id='line_1_111' title="bbox 2133 5065 3720 5144; baseline 0.005 -26"><span class='ocrx_word' id='word_1_854' title='bbox 2133 5069 2338 5137; x_wconf 86' lang='grc' dir='ltr'>κρῖνον.</span> <span class='ocrx_word' id='word_1_855' title='bbox 2364 5086 2383 5118; x_wconf 75' lang='grc' dir='ltr'>ι</span> <span class='ocrx_word' id='word_1_856' title='bbox 2421 5065 2629 5121; x_wconf 77' lang='grc' dir='ltr'>Οῦκοῦν</span> <span class='ocrx_word' id='word_1_857' title='bbox 2676 5069 2908 5139; x_wconf 70' lang='grc' dir='ltr'>τραχείᾳ</span> <span class='ocrx_word' id='word_1_858' title='bbox 2952 5072 3059 5124; x_wconf 77' lang='grc' dir='ltr'>τινί</span> <span class='ocrx_word' id='word_1_859' title='bbox 3102 5072 3198 5124; x_wconf 82' lang='lat' dir='ltr'>xui</span> <span class='ocrx_word' id='word_1_860' title='bbox 3242 5071 3344 5124; x_wconf 83' lang='grc' dir='ltr'>οὐκ</span> <span class='ocrx_word' id='word_1_861' title='bbox 3382 5073 3720 5144; x_wconf 72' lang='grc' dir='ltr'>εἰργασμένῃ</span> 
     </span>
    </p>
   </div>
   <div class='ocr_carea' id='block_1_112' title="bbox 2133 5157 3720 5235">
    <p class='ocr_par' dir='ltr' id='par_1_112' title="bbox 2133 5157 3720 5235">
     <span class='ocr_line' id='line_1_112' title="bbox 2133 5157 3720 5235; baseline 0.001 -23"><span class='ocrx_word' id='word_1_862' title='bbox 2133 5159 2227 5228; x_wconf 76' lang='grc' dir='ltr'>γῇ,</span> <span class='ocrx_word' id='word_1_863' title='bbox 2258 5157 2355 5211; x_wconf 89' lang='lat' dir='ltr'>xui</span> <span class='ocrx_word' id='word_1_864' title='bbox 2403 5158 2639 5230; x_wconf 82' lang='grc' dir='ltr'>ἀκάρπῳ</span> <span class='ocrx_word' id='word_1_865' title='bbox 2674 5161 2957 5225; x_wconf 83' lang='grc' dir='ltr'>παντελῶς</span> <span class='ocrx_word' id='word_1_866' title='bbox 2999 5161 3096 5234; x_wconf 80' lang='grc' dir='ltr'>τὴν</span> <span class='ocrx_word' id='word_1_867' title='bbox 3135 5161 3242 5215; x_wconf 90' lang='grc' dir='ltr'>τῶν</span> <span class='ocrx_word' id='word_1_868' title='bbox 3285 5162 3456 5215; x_wconf 80' lang='grc' dir='ltr'>ἐθνῶν</span> <span class='ocrx_word' id='word_1_869' title='bbox 3514 5158 3720 5235; x_wconf 80' lang='grc' dir='ltr'>χώραν,</span> 
     </span>
    </p>
   </div>
   <div class='ocr_carea' id='block_1_113' title="bbox 2135 5248 3724 5324">
    <p class='ocr_par' dir='ltr' id='par_1_113' title="bbox 2135 5248 3724 5324">
     <span class='ocr_line' id='line_1_113' title="bbox 2135 5248 3724 5324; baseline 0.003 -23"><span class='ocrx_word' id='word_1_870' title='bbox 2135 5251 2253 5318; x_wconf 74' lang='grc' dir='ltr'>ἦτοι</span> <span class='ocrx_word' id='word_1_871' title='bbox 2284 5249 2513 5321; x_wconf 81' lang='grc' dir='ltr'>πληθὺν,</span> <span class='ocrx_word' id='word_1_872' title='bbox 2551 5248 2610 5306; x_wconf 83' lang='grc' dir='ltr'>εὖ</span> <span class='ocrx_word' id='word_1_873' title='bbox 2645 5252 2790 5322; x_wconf 84' lang='grc' dir='ltr'>μάλα</span> <span class='ocrx_word' id='word_1_874' title='bbox 2825 5255 3241 5324; x_wconf 81' lang='grc' dir='ltr'>παρεικαστέον.</span> <span class='ocrx_word' id='word_1_875' title='bbox 3259 5255 3408 5308; x_wconf 85' lang='grc' dir='ltr'>Ἐκεῖ</span> <span class='ocrx_word' id='word_1_876' title='bbox 3445 5274 3464 5306; x_wconf 83' lang='grc' dir='ltr'>ι</span> <span class='ocrx_word' id='word_1_877' title='bbox 3487 5256 3587 5308; x_wconf 79' lang='grc' dir='ltr'>Διὰ</span> <span class='ocrx_word' id='word_1_878' title='bbox 3623 5251 3724 5306; x_wconf 71' lang='grc' dir='ltr'>τῶν</span> 
     </span>
    </p>
   </div>
   <div class='ocr_carea' id='block_1_114' title="bbox 444 5341 2013 5417">
    <p class='ocr_par' dir='ltr' id='par_1_114' title="bbox 444 5343 2013 5416">
     <span class='ocr_line' id='line_1_114' title="bbox 444 5343 2013 5416; baseline -0.002 -14"><span class='ocrx_word' id='word_1_879' title='bbox 444 5360 512 5402; x_wconf 70' lang='lat' dir='ltr'>es</span> <span class='ocrx_word' id='word_1_880' title='bbox 554 5345 830 5416; x_wconf 83' lang='lat' dir='ltr'>gentibus,</span> <span class='ocrx_word' id='word_1_881' title='bbox 885 5353 947 5400; x_wconf 91' lang='lat' dir='ltr'>ut</span> <span class='ocrx_word' id='word_1_882' title='bbox 989 5345 1123 5410; x_wconf 80' lang='lat' dir='ltr'>dixi,</span> <span class='ocrx_word' id='word_1_883' title='bbox 1174 5343 1485 5410; x_wconf 82' lang='lat' dir='ltr'>conﬁcitur,</span> <span class='ocrx_word' id='word_1_884' title='bbox 1521 5353 1685 5414; x_wconf 89' lang='lat' dir='ltr'>atque</span> <span class='ocrx_word' id='word_1_885' title='bbox 1707 5345 2013 5401; x_wconf 75' lang='lat' dir='ltr'>conﬁtente:</span> 
     </span>
    </p>
   </div>
   <div class='ocr_carea' id='block_1_115' title="bbox 2115 5341 3725 5417">
    <p class='ocr_par' dir='ltr' id='par_1_115' title="bbox 2138 5341 3725 5417">
     <span class='ocr_line' id='line_1_115' title="bbox 2138 5341 3725 5417; baseline 0.003 -24"><span class='ocrx_word' id='word_1_886' title='bbox 2138 5341 2297 5394; x_wconf 85' lang='grc' dir='ltr'>θείων</span> <span class='ocrx_word' id='word_1_887' title='bbox 2337 5343 2639 5414; x_wconf 86' lang='grc' dir='ltr'>ίερουργῶν</span> <span class='ocrx_word' id='word_1_888' title='bbox 2669 5347 3119 5415; x_wconf 85' lang='grc' dir='ltr'>νευροκοπεῖσθαι</span> <span class='ocrx_word' id='word_1_889' title='bbox 3159 5346 3270 5400; x_wconf 86' lang='grc' dir='ltr'>δεῖν</span> <span class='ocrx_word' id='word_1_890' title='bbox 3324 5347 3461 5416; x_wconf 78' lang='grc' dir='ltr'>ἔφην</span> <span class='ocrx_word' id='word_1_891' title='bbox 3488 5349 3589 5417; x_wconf 80' lang='grc' dir='ltr'>τὴν</span> <span class='ocrx_word' id='word_1_892' title='bbox 3632 5345 3725 5398; x_wconf 64' lang='grc' dir='ltr'>δάν</span> 
     </span>
    </p>
   </div>
   <div class='ocr_carea' id='block_1_116' title="bbox 447 5435 2031 5505">
    <p class='ocr_par' dir='ltr' id='par_1_116' title="bbox 447 5435 2031 5505">
     <span class='ocr_line' id='line_1_116' title="bbox 447 5435 2031 5505; baseline 0.002 -18"><span class='ocrx_word' id='word_1_893' title='bbox 447 5436 760 5505; x_wconf 85' lang='lat' dir='ltr'>passionem</span> <span class='ocrx_word' id='word_1_894' title='bbox 790 5435 935 5505; x_wconf 88' lang='lat' dir='ltr'>ejus,</span> <span class='ocrx_word' id='word_1_895' title='bbox 964 5445 1421 5505; x_wconf 88' lang='lat' dir='ltr'>mortuorumque</span> <span class='ocrx_word' id='word_1_896' title='bbox 1450 5436 1939 5503; x_wconf 84' lang='lat' dir='ltr'>resurrectionem,</span> <span class='ocrx_word' id='word_1_897' title='bbox 1964 5436 2031 5490; x_wconf 87' lang='lat' dir='ltr'>ad</span> 
     </span>
    </p>
   </div>
   <div class='ocr_carea' id='block_1_117' title="bbox 2143 5433 3727 5511">
    <p class='ocr_par' dir='ltr' id='par_1_117' title="bbox 2143 5433 3727 5511">
     <span class='ocr_line' id='line_1_117' title="bbox 2143 5433 3727 5511; baseline 0.002 -23"><span class='ocrx_word' id='word_1_898' title='bbox 2143 5433 2322 5506; x_wconf 86' lang='grc' dir='ltr'>μαλιν.</span> <span class='ocrx_word' id='word_1_899' title='bbox 2363 5454 2382 5486; x_wconf 75' lang='grc' dir='ltr'>ι</span> <span class='ocrx_word' id='word_1_900' title='bbox 2418 5433 2664 5490; x_wconf 86' lang='grc' dir='ltr'>Τελεῖται</span> <span class='ocrx_word' id='word_1_901' title='bbox 2691 5436 2833 5507; x_wconf 75' lang='grc' dir='ltr'>γὰρ,’</span> <span class='ocrx_word' id='word_1_902' title='bbox 2857 5436 2933 5502; x_wconf 86' lang='grc' dir='ltr'>ὡς</span> <span class='ocrx_word' id='word_1_903' title='bbox 2967 5438 3126 5508; x_wconf 81' lang='grc' dir='ltr'>ἔφην,</span> <span class='ocrx_word' id='word_1_904' title='bbox 3171 5441 3301 5509; x_wconf 84' lang='grc' dir='ltr'>παρ’</span> <span class='ocrx_word' id='word_1_905' title='bbox 3339 5438 3500 5511; x_wconf 74' lang='grc' dir='ltr'>ἡμῶν</span> <span class='ocrx_word' id='word_1_906' title='bbox 3525 5441 3635 5502; x_wconf 78' lang='grc' dir='ltr'>τοῖς</span> <span class='ocrx_word' id='word_1_907' title='bbox 3663 5437 3727 5500; x_wconf 62' lang='lat' dir='ltr'>ei</span> 
     </span>
    </p>
   </div>
   <div class='ocr_carea' id='block_1_118' title="bbox 519 5539 2013 5623">
    <p class='ocr_par' dir='ltr' id='par_1_118' title="bbox 519 5539 2013 5623">
     <span class='ocr_line' id='line_1_118' title="bbox 519 5539 2013 5623; baseline 0.003 -18"><span class='ocrx_word' id='word_1_908' title='bbox 519 5539 565 5572; x_wconf 78' lang='grc'>⁸⁸</span> <span class='ocrx_word' id='word_1_909' title='bbox 584 5551 761 5623; x_wconf 74' lang='lat' dir='ltr'>Calat.</span> <span class='ocrx_word' id='word_1_910' title='bbox 787 5541 846 5622; x_wconf 86' lang='grc' dir='ltr'>ιι,</span> <span class='ocrx_word' id='word_1_911' title='bbox 865 5553 956 5608; x_wconf 75' lang='lat'>20.</span> <span class='ocrx_word' id='word_1_912' title='bbox 1032 5551 1079 5587; x_wconf 76' lang='grc'>⁸⁵</span> <span class='ocrx_word' id='word_1_913' title='bbox 1114 5553 1272 5610; x_wconf 79' lang='lat' dir='ltr'>Joan.</span> <span class='ocrx_word' id='word_1_914' title='bbox 1317 5571 1427 5622; x_wconf 68' lang='lat' dir='ltr'>xxx,</span> <span class='ocrx_word' id='word_1_915' title='bbox 1469 5555 1558 5610; x_wconf 80' lang='grc'>11.</span> <span class='ocrx_word' id='word_1_916' title='bbox 1633 5555 1677 5588; x_wconf 79' lang='grc' dir='ltr'>⁸ο</span> <span class='ocrx_word' id='word_1_917' title='bbox 1709 5555 1852 5611; x_wconf 89' lang='lat' dir='ltr'>Psal.</span> <span class='ocrx_word' id='word_1_918' title='bbox 1889 5571 2013 5610; x_wconf 76' lang='lat' dir='ltr'>val:</span> 
     </span>
    </p>
   </div>
   <div class='ocr_carea' id='block_1_119' title="bbox 2115 5539 3725 5623">
    <p class='ocr_par' dir='ltr' id='par_1_119' title="bbox 2115 5553 3725 5623">
     <span class='ocr_line' id='line_1_119' title="bbox 2115 5553 3725 5623; baseline 0.002 -15"><span class='ocrx_word' id='word_1_919' title='bbox 2115 5555 2178 5609; x_wconf 88' lang='lat'>.7.</span> <span class='ocrx_word' id='word_1_920' title='bbox 2263 5553 2305 5585; x_wconf 82' lang='grc'>⁶¹</span> <span class='ocrx_word' id='word_1_921' title='bbox 2356 5555 2515 5608; x_wconf 85' lang='lat' dir='ltr'>Deut.</span> <span class='ocrx_word' id='word_1_922' title='bbox 2558 5571 2666 5621; x_wconf 65' lang='grc' dir='ltr'>χιιι,</span> <span class='ocrx_word' id='word_1_923' title='bbox 2725 5555 2778 5623; x_wconf 84' lang='grc'>6,</span> <span class='ocrx_word' id='word_1_924' title='bbox 2816 5557 2867 5612; x_wconf 88' lang='lat'>7.</span> <span class='ocrx_word' id='word_1_925' title='bbox 2941 5556 3304 5618; x_wconf 76' lang='lat' dir='ltr'>&quot;Isa.xxxv.</span> <span class='ocrx_word' id='word_1_926' title='bbox 3361 5555 3409 5609; x_wconf 80' lang='grc' dir='ltr'>Ι.</span> <span class='ocrx_word' id='word_1_927' title='bbox 3487 5555 3725 5612; x_wconf 73' lang='lat' dir='ltr'>&quot;Deut.</span> 
     </span>
    </p>
   </div>
   <div class='ocr_carea' id='block_1_120' title="bbox 449 5620 646 5684">
    <p class='ocr_par' dir='ltr' id='par_1_120' title="bbox 449 5620 646 5684">
     <span class='ocr_line' id='line_1_120' title="bbox 449 5620 646 5684; baseline 0 -10"><span class='ocrx_word' id='word_1_928' title='bbox 449 5633 562 5684; x_wconf 77' lang='grc' dir='ltr'>ιχι,</span> <span class='ocrx_word' id='word_1_929' title='bbox 592 5620 646 5674; x_wconf 76' lang='lat'>4.</span> 
     </span>
    </p>
   </div>
  </div>
