4052 6196
323 284 426 342 σω

1171 279 1691 336 GLAPHYRORUM
1732 281 1798 334 lli
1840 282 2011 336 DEU'I
2028 284 2436 339 ERUNUMIUH
2474 285 2699 341 LIBER.

3475 302 3579 359 650

325 394 494 450 ἐθνῶν
517 393 579 448 τὸ
600 390 838 464 Χριστοῦ
870 392 1191 464 μυστήριον,
1214 395 1308 447 καὶ
1329 394 1713 466 ὁμολογοῦντες
1737 395 1892 450 αύτοῐ

2007 397 2267 469 mystieas
2303 398 2714 456 henedictiones
2739 401 3102 460 admittimur.
3134 406 3193 463 1d
3215 408 3456 468 arbitror
3476 426 3580 481 est.

322 486 383 539 τὸ
410 484 601 550 πάθος,
626 484 725 537 καὶ
751 483 852 553 τὴν
880 484 944 536 ὲκ
980 483 1188 556 νεκρῶν
1217 485 1534 552 ἀναϐίωσιν,
1567 489 1685 551 ταῖς
1710 505 1902 559 μυστι-

322 577 446 639 καῖς
497 575 798 647 προσίεμεν
851 575 1148 644 εὐλογίαις.
1200 576 1405 645 Τοῦτο,
1454 576 1642 649 οἶμαι,
1689 579 1806 633 ἔστι
1841 580 1902 633 τὸ

320 665 773 736 νευροκοπείσθαι
821 665 920 737 τὴν
963 665 1213 737 δάμαλιν.
1268 668 1745 737 Καταγγέλλοντες
1771 671 1900 741 γὰρ,

318 757 397 822 ὠς
438 757 597 829 ἔφην,
650 759 739 812 τὸν
785 758 1014 813 θάνατον
1056 758 1242 825 αὑτοῦ,
1300 760 1394 813 καὶ
1433 760 1614 831 μέντοι
1671 761 1766 815 καὶ
1802 762 1903 832 τὴν

319 847 638 913 ἀνάστασιν,
666 850 727 902 τὸ
761 849 957 903 σεπτὸν
973 848 1257 919 τελοῦμεν
1273 852 1594 923 μυστήριον.
1627 852 1766 905 Ἀλλ’
1787 853 1901 906 ὅσοι

320 937 417 1008 τῆς
445 938 717 993 Ἰουδαίων
744 940 1092 1012 ἀνοσιότητος
1121 941 1457 1009 ἀποφοιτῶσι
1486 942 1703 1014 μακρὰν
1733 943 1899 1012 ἀφέν-

317 1046 408 1091 τες
434 1029 534 1101 τὴν
562 1031 739 1095 πόλιν,
776 1032 835 1085 ὲν
927 1033 1392 1103 τετραυμάτισταί
1428 1050 1487 1086 τε
1532 1035 1627 1087 καὶ
1662 1034 1899 1105 ηὕρηται

318 1121 627 1188 πεπονθὼς,
662 1123 755 1175 ἐπὶ
784 1122 882 1194 τὴν
925 1126 1185 1194 τραχεῖαν
1226 1126 1323 1178 καὶ
1366 1124 1629 1196 ἀνήροτον
1672 1126 1898 1196 ἥκοντες

317 1213 611 1284 φάραγγα,
660 1216 778 1268 ἐκεῖ
829 1214 1072 1284 νίψονται
1117 1216 1216 1279 τὰς
1265 1218 1453 1287 χεῖρας
1498 1217 1582 1269 ἐπ’
1620 1217 1770 1289 αὐτῷ
1819 1216 1898 1289 τῷ

316 1302 563 1373 Χριστῷ.
604 1302 1015 1358 ’Δπολούσονται
1048 1305 1159 1376 γὰρ
1210 1306 1290 1369 εἰς
1326 1307 1416 1359 τὸν
1456 1306 1622 1362 αὑτοῦ
1669 1308 1897 1362 θάνατον

316 1394 708 1466 βαπτιζόμενοι
728 1412 743 1427 ⁸
770 1398 922 1450 τουτὶ
945 1396 1075 1469 γὰρ,
1105 1393 1282 1466 οἶμαι,
1304 1397 1440 1463 ἔστι,
1475 1398 1537 1451 τό
1560 1416 1573 1428 ·
1612 1399 1726 1452 Ἐπ’
1747 1398 1896 1469 αὐτῷ

316 1489 561 1557 νίψονται
589 1488 689 1551 τάς
722 1490 927 1558 χεῖρας.
966 1488 1384 1558 ὐμολογοῦντες
1419 1489 1476 1543 δὲ
1514 1491 1596 1544 ὅτι
1635 1491 1735 1560 τῆς
1766 1491 1895 1544 Ἰουο

314 1578 480 1633 δαίων
523 1580 869 1651 ἀνοσιότητος
927 1580 1186 1650 γεγόνασι
1242 1583 1524 1648 κοινωνοὶ,
1574 1582 1893 1653 κομιοῦνται

311 1669 410 1740 τὴν
448 1669 669 1738 ἄφεσιν.
708 1670 949 1723 Ἰουδαῖοι
993 1672 1091 1742 μὲν
1127 1672 1235 1743 γὰρ
1271 1673 1777 1745 ὲμπαροινήσαντες
1812 1672 1892 1745 τῷ

311 1757 557 1829 Χριστῷ,
609 1762 732 1824 ταῖς
779 1761 987 1815 ἑαυτῶν
1048 1762 1311 1832 κεφαλαῖς
1367 1764 1781 1833 καταγράφουσι
1827 1765 1889 1819 τὸ

310 1848 644 1922 δυσσέϐημα,
681 1851 949 1920 λέγοντες·
981 1872 1000 1905 ι
1035 1854 1108 1906 Τὸ
1134 1849 1272 1926 αἷμα
1305 1855 1471 1909 αὐτοῦ
1510 1858 1595 1926 ἐφ’
1618 1858 1765 1927 ἡμᾶς
1794 1857 1888 1911 καὶ

312 1941 403 1993 ἐπὶ
434 1942 505 1995 τά
542 1943 705 1997 τέκνα
745 1945 924 2016 ἡμῶν.
965 1965 984 1998 ι
1019 1948 1082 2001 Οἰ
1111 1948 1169 2001 δὲ
1209 1949 1308 2018 τῆς
1345 1948 1476 2021 παρ’
1506 1950 1673 2003 αὐτοῦ
1704 1950 1887 2022 γλιχό-

314 2050 462 2102 μενοι
509 2035 752 2107 χάριτος,
795 2039 893 2092 καὶ
933 2039 1033 2107 τὴν
1075 2038 1166 2092 διὰ
1204 2039 1299 2093 τοῦ
1356 2041 1513 2109 ἁγίου
1570 2041 1886 2113 Πνεῦματος

309 2124 599 2197 ζητοῦντες
639 2128 928 2201 κάθαρσιν,
972 2131 1038 2185 δι’
1067 2126 1142 2186 ὧν
1171 2132 1442 2200 ἐγνώκασι
1467 2135 1654 2204 τιμᾷν,
1701 2150 1887 2205 μονον-

307 2218 425 2288 ουχὶ
461 2218 559 2273 καὶ
608 2221 1037 2293 ἀνακεκράγασι,
1062 2221 1343 2293 λέγοντεςο
1379 2242 1398 2274 ι
1428 2224 1494 2276 Αἰ
1527 2227 1707 2296 χεῖρες
1726 2224 1885 2296 ήμῶν

307 2308 408 2361 οὐκ
432 2308 653 2380 ἐξέχεαν
677 2310 737 2364 τὸ
776 2307 916 2383 αἷμα
956 2312 1133 2368 τοῦτο.
1170 2333 1190 2366 ι
1238 2314 1325 2366 Ἐν
1371 2315 1594 2386 Χριστῷ
1626 2314 1689 2385 δὴ
1719 2311 1812 2369 οὖν
1849 2315 1882 2385 ἡ

306 2398 592 2469 κάθαρσις.
619 2401 736 2454 Κᾶν
752 2402 900 2466 εἴτις
920 2402 978 2470 ἐξ
995 2403 1260 2457 Ἰουδαίων
1285 2402 1459 2458 ἕλοιτο
1481 2407 1695 2474 φρονεῖν
1722 2403 1880 2477 ὀρθάο

304 2492 333 2546 ὃ
354 2494 418 2566 δὴ
446 2496 543 2550 καὶ
573 2496 864 2569 δεδράκασι
894 2500 991 2553 καὶ
1020 2498 1125 2571 πρό
1164 2516 1227 2568 γε
1256 2498 1364 2553 τῶν
1390 2498 1564 2553 ἄλλων
1599 2500 1648 2552 οἰ
1684 2498 1880 2553 θεσπέ-

305 2602 407 2640 σιοι
437 2587 697 2659 μαθηταὶ,
742 2591 835 2643 καὶ
865 2592 913 2644 οἰ
956 2591 1025 2644 δι’
1062 2591 1243 2645 αὐτῶν
1272 2592 1684 2656 πιστεύσαντες,
1714 2586 1794 2656 οἷς
1813 2591 1879 2646 ἄν

302 2692 383 2738 τις
411 2677 638 2743 εἰκότως
678 2679 774 2735 καὶ
821 2682 882 2735 τὸ
930 2682 1030 2752 τῆς
1076 2683 1369 2754 γερουσίας
1418 2683 1669 2755 περιθείη
1709 2685 1879 2755 πρόσ-

300 2785 450 2822 ωπον
470 2787 483 2801 '
510 2770 680 2841 τίμιοι
708 2772 816 2842 γὰρ
843 2774 936 2828 καὶ
959 2774 1270 2838 ἀπόλεκτοι,
1298 2774 1397 2845 τὴν
1426 2775 1519 2829 τοῦ
1558 2776 1774 2847 Ἰσραὴλ
1785 2779 1879 2831 ἁν-

299 2862 556 2933 οσιότητα
582 2865 1008 2936 παραιτούμενοι
1031 2867 1118 2921 διὰ
1159 2867 1394 2931 πίστεως
1416 2867 1517 2938 τῆς
1549 2870 1607 2922 ὲν
1631 2870 1871 2942 Χριστῷ,

297 2950 449 3009 δι’οὗ
478 2956 572 3010 καί⁵
604 2956 722 3027 μεθ’
761 2950 823 3010 οὗ
860 2958 939 3029 τῷ
988 2957 1106 3029 Θεῷ
1151 2959 1248 3012 καὶ
1293 2958 1469 3031 Πατρὶ
1519 2962 1552 3031 ἡ
1604 2960 1731 3025 δόξα
1779 2964 1876 3017 σὺν

298 3043 440 3115 ἁγίῳ
462 3046 740 3118 Πνεύματι
770 3049 849 3113 εἰς
870 3051 997 3113 τοὺς
1024 3050 1231 3116 αἰῶνας
1259 3050 1367 3106 τῶν
1404 3050 1636 3106 αἰώνων.
1675 3053 1867 3124 Ἀμήν.

861 3235 1309 3305 ὀνυχιζομένης.

363 3327 435 3375 α’.
471 3322 736 3388 Ἐξείλετο
761 3324 858 3395 μὲν
880 3326 940 3391 ἐξ
967 3326 1118 3380 οἰκου
1139 3327 1402 3394 δουλείας,
1423 3329 1517 3382 κα)⁸
1535 3329 1611 3393 ὠς
1635 3331 1697 3383 ἐκ
1717 3329 1876 3400 καμί-

296 3428 385 3465 νου
410 3412 638 3485 σιδηρᾶς
663 3414 787 3478 τοὺς
804 3414 863 3481 ὲξ
882 3416 1113 3486 αἵματος
1149 3418 1363 3490 Ἰσραὴλ
1388 3421 1417 3472 ὀ
1437 3419 1546 3473 τῶν
1566 3420 1701 3473 ὅλων
1716 3420 1868 3487 Θεὸς,

297 3505 576 3575 μονονουχὶ
596 3507 992 3578 πεπολεμηκὼς
1007 3510 1320 3578 Αἰγυπτίοις
1339 3530 1357 3562 ι
1378 3513 1434 3565 ὲν
1448 3512 1590 3582 χειρὶ
1613 3514 1869 3584 κραταιᾷ,

292 3597 386 3650 καὶ
413 3599 474 3651 ἐν
503 3598 747 3668 βραχίονι
771 3601 979 3671 ὑψηλῷ,
1010 3620 1028 3653 ι
1059 3602 1203 3656 καθά
1250 3602 1589 3673 γέγραπται·
1635 3604 1727 3657 καὶ
1752 3608 1870 3668 ταῖς

291 3688 395 3742 τῶν
410 3689 873 3747 πλεονεκτούντων
889 3694 1168 3758 ἀπονοίαις
1187 3694 1497 3762 ἀντεξάγων
1513 3695 1580 3747 τὰ
1591 3694 1691 3748 θαύ
1700 3712 1864 3765 ματα.

291 3778 590 3850 Εῖργασται
620 3782 730 3854 γὰρ
761 3788 962 3854 σημεῖα
1018 3785 1113 3839 καὶ
1152 3786 1373 3856 τέρατα,
1406 3786 1499 3839 καὶ
1533 3787 1867 3858 προστέταχε

294 3869 392 3938 μὲν
442 3869 721 3944 Θαλάσσης
776 3874 912 3929 ἰέναι
966 3875 1129 3946 μέσον
1185 3876 1261 3939 ὡς
1292 3877 1386 3929 ἐπὶ
1415 3877 1606 3947 ξηρᾶς.
1645 3877 1730 3941 Ὠς
1759 3877 1867 3931 δὲό

290 3961 430 4026 θεῖος
473 3962 577 4034 ἔφη
633 3964 822 4018 Δαϐίδ·
876 3986 894 4018 ι
944 3967 1406 4038 Ἐτροφοφόρησεν
1460 3968 1656 4030 αὐτοὺς
1687 3969 1746 4020 ὲν
1783 3971 1862 4040 ⁵τῇ

290 4054 505 4125 ἐρήμῳ,
554 4055 649 4108 καὶ
696 4058 862 4126 ἄρτον
911 4057 1141 4129 ούρανοῦ
1187 4057 1386 4112 ἔδωκεν
1428 4058 1633 4120 αὐτοῖς.
1668 4059 1865 4129 ’Ἄρτον

288 4146 540 4214 ἀγγέλων
560 4145 761 4215 ἔφαγεν
796 4147 1106 4220 ἄνθρωπος.
1134 4150 1324 4221 Πηγὰς
1349 4149 1549 4222 ἀνῆκεν
1577 4149 1803 4204 ὑδάτων.
1837 4169 1855 4202 ›
1906 4150 1909 4151 ⁷

292 4238 399 4290 Καὶ
427 4238 481 4290 τί
502 4239 613 4310 γὰρ
644 4239 710 4293 ἂν
738 4239 860 4311 οὐχὶ
884 4240 994 4294 τῶν
1029 4240 1149 4295 λίαν
1184 4241 1651 4314 τεθαυμασμένων
1681 4259 1863 4313 παρα-

288 4326 447 4394 δόξως
477 4330 868 4401 διεπεραίνετο.
899 4333 1106 4385 Οὐκοῦν
1131 4332 1205 4396 ὡς
1236 4334 1376 4397 θεῖος
1403 4334 1602 4405 γράφει
1632 4334 1858 4405 Μωσῆς·

345 3095 431 3115 ,ιτ
463 3095 740 3118 _,--r-----
772 3095 847 3113 --,
882 3095 992 3113 .--,
1026 3095 1227 3116 ........,
1270 3095 1362 3106 ....
1405 3095 1636 3106 ..η-η...
1689 3095 1867 3124 ..ι-..ιη

298 3157 436 3227 Περί
472 3158 584 3229 τῆς
636 3163 1015 3237 αἰχμαλώτου
1044 3164 1352 3237 γυναικὸς,
1388 3165 1747 3237 ξυρομένης,
1774 3167 1871 3222 καί
1897 3095 1944 3158 C

2004 487 2153 555 quod
2189 488 2372 543 vitula
2407 490 2564 544 nervi
2604 490 2714 545 sint
2754 493 2983 550 concisi.
3013 494 3151 562 Quia
3172 502 3585 567 annuntiantes.

2005 586 2065 631 ut
2091 578 2224 644 dixi,
2257 577 2431 648 ipsius
2454 589 2707 647 mortem,
2735 590 2899 653 atque
2933 584 3067 640 item
3101 591 3582 660 resurrectionem,

2002 671 2376 726 venerandum
2445 673 2767 744 mysterium
2818 677 3150 748 peragimus.
3200 681 3582 739 Verumenim—

2000 774 2134 814 vero
2183 762 2496 831 quicunque
2532 763 2846 820 Judaeorum
2885 766 3164 838 impietate
3194 771 3353 843 longe
3398 776 3582 832 reces-

2000 858 2208 915 serunt,
2249 850 2442 905 relicta
2486 851 2706 927 civitate
2742 854 2799 909 in
2843 871 2950 925 qua
2990 857 3105 927 ipse
3131 860 3451 919 vulneratus
3496 877 3582 920 est

1998 947 2055 992 et
2082 955 2293 1009 passus,
2326 940 2382 996 in
2411 957 2662 1013 asperam
2696 945 3069 1019 incultamque
3091 951 3290 1007 vallem
3322 955 3576 1024 profecti,

1998 1030 2259 1086 lavabunt
2307 1048 2503 1089 manus
2528 1050 2696 1105 super
2725 1038 2904 1109 ipsum
2932 1040 3247 1098 Dominum.
3272 1044 3434 1117 415
3464 1039 3578 1102 Ab-

1997 1120 2223 1177 luentur
2246 1124 2395 1179 enim
2426 1125 2482 1179 in
2515 1137 2750 1184 mortem
2783 1130 2957 1201 ipsius
2975 1132 3233 1203 baptizati
3262 1153 3275 1189 :
3299 1136 3405 1193 hoc
3428 1139 3577 1194 enim

1996 1213 2262 1281 arbitror,
2297 1225 2382 1271 est
2411 1218 2559 1287 quod
2592 1220 2661 1274 ab
2689 1221 2824 1291 ipsis
2844 1238 3039 1280 manus
3076 1226 3186 1281 sint
3210 1227 3428 1287 ablutas.
3478 1232 3577 1286 Ni-

1995 1305 2198 1360 mirum
2215 1314 2276 1361 ut
2300 1308 2381 1362 sic
2401 1308 2745 1377 conﬁtentes,
2772 1314 2919 1383 quod
2943 1315 3243 1386 impietatis
3260 1319 3574 1377 Iudaeorum

1994 1402 2292 1472 participes
2351 1403 2481 1470 sint,
2531 1416 2939 1476 consequentur
2981 1412 3384 1469 remissionem.
3437 1415 3573 1470 Nam

1991 1491 2164 1547 Judaei
2208 1492 2266 1547 in
2308 1492 2587 1549 Christum
2638 1496 2960 1554 debacchati
2989 1516 3087 1557 sua
3120 1503 3366 1573 ipsorum
3394 1507 3573 1577 capita

1992 1582 2394 1639 damnaverunt
2443 1587 2761 1657 impietatis,
2808 1592 3089 1649 dicentes:
3149 1614 3167 1645 ι
3204 1595 3573 1670 Sanguisejus

1992 1688 2160 1744 super
2210 1691 2314 1731 nos
2348 1685 2405 1732 et
2453 1692 2621 1747 super
2668 1680 2811 1736 ﬁlios
2851 1692 3072 1739 nostros
3106 1686 3171 1739 ".
3209 1706 3227 1737 ι
3257 1686 3359 1754 Qui
3387 1697 3569 1744 autem

1920 1756 1961 1811 Β
1991 1764 2061 1818 ab
2108 1765 2228 1836 ipso
2258 1770 2647 1839 exspectabant
2678 1774 2928 1844 gratiam,
2964 1778 3247 1848 sanctique
3269 1778 3567 1849 baptisma—

1990 1852 2064 1907 tis
2094 1855 2507 1914 mundationcm
2538 1863 2876 1930 quaerebant.
2901 1881 3002 1935 per
3020 1883 3143 1937 qua:
3181 1870 3565 1927 intellexerunt

1990 1957 2048 1998 se
2095 1943 2275 2014 ipsum
2326 1947 2618 2017 honorare,
2664 1959 2877 2009 tantum
2919 1971 3030 2011 non
3058 1959 3453 2028 exclamarunt,
3480 1963 3566 2017 di-

1988 2042 2176 2089 centes
2204 2053 2216 2088 :
2266 2055 2286 2087 ι
2325 2037 2518 2094 Manus
2546 2051 2750 2098 nostrae
2767 2061 2878 2099 non
2910 2047 3225 2105 eﬂuderunt
3246 2054 3566 2124 sanguinem

1988 2123 2141 2181 hunc
2178 2128 2245 2183 “.
2286 2148 2304 2179 ι
2350 2129 2411 2184 In
2455 2131 2675 2188 Christo
2715 2135 2883 2207 igitur
2929 2148 3015 2193 est
3058 2142 3389 2211 puriﬁcatio.
3425 2146 3495 2225 Et
3521 2147 3567 2201 si

1985 2219 2112 2289 quis
2159 2236 2224 2276 ex
2266 2221 2469 2280 Iudaeis
2521 2236 2672 2282 recte
2725 2231 2931 2286 sentire
2976 2234 3215 2290 voluerit
3263 2237 3409 2307 quod
3447 2219 3569 2309 q‘ui-

1987 2306 2114 2362 dem
2136 2309 2388 2367 fecerunt
2418 2330 2532 2384 pra:
2566 2316 2690 2373 aliis
2718 2308 2889 2373 divini
2915 2320 3193 2392 discipuli,
3233 2306 3439 2395 quique
3464 2306 3566 2395 per

1986 2398 2089 2455 hos
2116 2403 2492 2472 crediderunt,
2521 2409 2723 2477 quibus
2764 2426 2896 2467 sane
2940 2413 3086 2468 haud
3126 2415 3400 2471 immerito
3436 2432 3566 2487 per-

1985 2504 2211 2551 sonatus
2248 2497 2606 2568 imponetur;
2649 2511 2764 2558 tum
2806 2513 2863 2559 et
2910 2506 3013 2576 ipsi
3046 2506 3278 2562 fuissent
3308 2508 3563 2565 honorati

1983 2594 2041 2641 et
2079 2588 2264 2654 electi,
2291 2591 2630 2661 impietatem
2658 2596 2881 2665 quidem
2910 2598 3125 2654 lsraelis
3146 2599 3472 2664 devitantes,
3500 2616 3564 2658 ac

1982 2693 2043 2733 se
2094 2695 2193 2749 per
2246 2681 2409 2736 ﬁdem
2447 2686 2767 2754 cOpulantes
2796 2686 3036 2753 Christo,
3075 2705 3241 2759 quem
3275 2690 3434 2745 decet
3457 2691 3562 2745 lio-

1981 2783 2084 2822 nor
2120 2778 2177 2823 et
2212 2771 2463 2845 adoratio
2504 2789 2628 2829 cum
2663 2786 2874 2832 aeterno
2911 2780 3071 2835 Patre
3106 2788 3163 2834 et
3196 2782 3560 2837 consubstan-

1982 2857 2096 2912 tiali
2133 2857 2361 2928 Spiritu,
2411 2878 2559 2918 nunc
2598 2873 2655 2920 et
2692 2880 2909 2936 semper
2938 2877 2994 2922 et
3020 2868 3076 2945 in
3114 2870 3312 2925 saecula
3337 2872 3559 2927 saeculo~

1979 2964 2125 3003 rum.
2155 2949 2348 3008 Amen.

2077 3156 2157 3210 De
2199 3158 2419 3213 muliere
2463 3168 2639 3231 capta,
2677 3178 2801 3217 rasa
2837 3172 2886 3218 et
2925 3167 3182 3236 unguibus
3215 3170 3450 3239 pra’cisa.

2045 3341 2096 3395 1.
2132 3341 2351 3413 Eripuit
2395 3346 2617 3415 quidem
2647 3364 2716 3404 ex
2752 3350 2918 3405 domo
2957 3353 3256 3421 servitutis,
3284 3370 3348 3410 ac
3384 3352 3559 3412 veluti

1973 3447 2041 3488 ex
2089 3433 2312 3492 fornace
2361 3436 2540 3494 ferrea
2589 3440 2863 3498 lsraelitas
2917 3444 3082 3514 hujus
3111 3447 3360 3502 universi
3387 3449 3551 3513 Deus,

1972 3531 2187 3581 tantum
2210 3543 2320 3582 non
2346 3528 2549 3583 bellum
2578 3547 2774 3601 gerens
2798 3548 2923 3589 cum
2950 3534 3220 3609 Egyptiis
3250 3558 3269 3590 ι
3308 3539 3363 3594 ἱη
3390 3556 3553 3596 manu

1969 3615 2100 3671 forti
2143 3625 2200 3672 et
2248 3617 2475 3675 brachio
2529 3623 2766 3688 excelso,
2804 3643 2823 3676 ι
2881 3626 3025 3683 sicut
3060 3630 3327 3700 scriptum
3372 3642 3455 3688 est
3484 3635 3551 3697 "’,

1970 3698 2034 3762 ac
2060 3707 2357 3779 impiorum
2396 3714 2742 3783 tyrannidem
2773 3715 2836 3769 in’
2852 3716 3003 3787 ipsos
3025 3722 3400 3777 exercentium
3435 3740 3552 3779 ma—

1970 3802 2389 3871 chinationibus
2437 3819 2536 3859 sua
2583 3823 2865 3877 apponens
2907 3810 3188 3865 miracula.
3225 3813 3376 3869 Fecit
3405 3818 3551 3872 enim

1969 3892 2126 3963 signa
2174 3903 2228 3947 et
2270 3894 2537 3966 prodigia,
2559 3897 2831 3967 jussitque
2859 3915 2959 3970 per
2982 3916 3133 3957 mare
3168 3912 3424 3974 tanquam
3454 3924 3553 3978 per

1968 3979 2180 4033 aridam
2220 3979 2497 4037 incedere.
2524 3982 2612 4044 Et,
2643 3992 2706 4039 ut
2731 3985 2909 4056 inquit
2929 3988 3148 4044 divinus
3172 3992 3340 4047 David
3367 4012 3381 4048 :
3412 4014 3431 4047 ι
3457 3996 3549 4051 Ci—

1967 4068 2094 4122 hum
2148 4071 2384 4141 praebuit
2414 4072 2495 4127 eis
2526 4073 2579 4129 in
2632 4075 2870 4142 deserto,
2907 4095 3214 4152 panemque
3241 4085 3367 4140 εαξιί
3398 4086 3549 4142 dedit

1965 4158 2119 4228 ipsis.
2151 4162 2353 4215 Panem
2409 4166 2728 4235 angelorum
2757 4168 2874 4225 edit
2903 4170 3086 4228 homo.
3129 4174 3331 4232 Fontes
3362 4178 3553 4243 emisit

1964 4266 2230 4322 aquarum
2273 4254 2341 4308 “.
2379 4275 2399 4308 ›
2460 4257 2730 4326 Breviter,
2774 4263 2922 4331 quod
2967 4280 3079 4320 non
3124 4282 3290 4337 supra
3318 4270 3544 4326 modum

1962 4345 2214 4401 mirabile
2242 4355 2440 4417 praeter
2464 4366 2680 4406 omnem
2715 4353 3031 4422 opinionem
3058 4356 3189 4411 fecit
3211 4359 3234 4410 ?
3253 4358 3540 4427 Quocirca,

290 4436 309 4469 ι
341 4419 430 4484 Ὠς
459 4422 616 4485 ἀετὸς
671 4422 941 4476 σκεπάσαι
966 4423 1614 4490 νοσσιάναὺτοῦ,ὲδέξατο
1637 4425 1854 4491 αὐτοὺς,
1888 4444 1892 4500 j

1977 4437 2102 4492 sicut
2130 4437 2349 4493 divinus
2371 4442 2564 4496 scribit
2587 4419 2797 4514 Moyses
2826 4462 2838 4497 :
2889 4464 2906 4495 ι
2934 4419 3541 4524 Sicntaquila'protegit

286 4512 376 4565 καὶ
416 4513 679 4567 ἀνέλαϐεν
729 4515 928 4578 αὐτοὺς
975 4515 1071 4567 ἐπὶ
1102 4514 1210 4568 τῶν
1240 4516 1590 4588 μεταφρένων
1617 4515 1802 4570 αὑτοῦ.
1829 4536 1847 4567 ι

285 4600 345 4653 Ol
369 4600 447 4666 δὲ,
472 4604 555 4665 εἰς
587 4602 745 4655 τοῦτο
776 4602 1083 4674 καθήκοντο
1125 4603 1443 4669 δυσϐουλίας
1471 4607 1565 4660 καὶ
1591 4606 1853 4678 σκαιότη-

282 4706 369 4753 τος
420 4691 720 4762 λογισμῶν,
771 4694 867 4747 καὶ
908 4695 1115 4764 ἀγρίων
1157 4696 1622 4767 ἐπιχειρημάτων,
1647 4697 1855 4762 ὡςκαὶ

280 4782 523 4852 παρόντα
577 4783 716 4853 μετά
769 4785 970 4856 σαρκὸς
991 4785 1208 4840 ἐτέλουν
1239 4786 1331 4840 τὸν
1368 4787 1662 4858 Λυτρωτὴν
1695 4790 1854 4843 ἀπει-

279 4875 514 4941 θοῦντες.
545 4878 654 4931 Καὶ
691 4878 745 4931 τί
782 4878 937 4932 τοῦτο
982 4878 1150 4950 λέγω,
1194 4882 1263 4935 τὰ
1300 4880 1378 4933 ἔτι
1423 4882 1591 4952 χείρω
1625 4883 1845 4953 μεθείς;

289 4968 665 5024 ’Δπεκτείνασι
698 4969 807 5042 γὰρ
836 4970 1025 5043 θερμῷ
1065 4973 1158 5025 καλ⁵
1186 4972 1447 5044 ἀνημέρῳ
1488 4972 1679 5043 θράσει
1713 4975 1850 5046 πρὸς

275 5060 373 5130 τὴν
425 5061 688 5116 ἀνωτάτω
736 5063 925 5117 λοιπὸν
977 5064 1302 5136 ἀνοσιότητα
1359 5066 1847 5137 στρατηγούμενοι.

274 5151 463 5225 Ταύτῃ
484 5171 569 5207 τοι
589 5152 821 5220 ’δικαίως
874 5157 1264 5227 ἀποπέμπεται
1313 5157 1466 5231 μὲνὴ
1504 5163 1852 5231 κυριοκτόνος

285 5243 659 5317 Ἰερουσαλὴμ,
693 5248 788 5301 καὶ
822 5248 922 5319 τῆς
961 5249 1096 5319 πρὸς
1143 5248 1276 5302 Θεὸν
1305 5249 1633 5320 οἰκειότητος
1665 5252 1845 5322 ἐρήμη

273 5333 458 5391 λοιπὸν
501 5336 844 5410 δεδειγμένη,
893 5339 1030 5411 πρὸς
1061 5341 1171 5393 πᾶν
1209 5339 1389 5394 ὁτιοῦν
1424 5342 1847 5414 μετακεχώρηκε

273 5426 381 5482 τῶν
431 5428 639 5495 κακῶν,
672 5430 1003 5502 αὐτόκλητον
1051 5430 1241 5501 ὥσπερ
1265 5432 1368 5501 τῆς
1417 5432 1552 5495 ἰδίας
1606 5435 1850 5505 κεφαλῆς

277 5514 579 5597 κατέχουσα
612 5517 806 5589 δίκην.
841 5512 916 5591 ⁷ῌ
958 5520 1055 5573 καὶ
1090 5520 1253 5585 αὐτὸς
1287 5520 1610 5590 πεφώνηκεν
1645 5526 1675 5577 ό
1720 5525 1852 5597 Ἐμ-

1956 4526 2148 4581 nidum
2179 4544 2361 4595 suum,
2389 4532 2874 4602 assumpsitipsos,
2905 4543 3068 4604 atque
3094 4537 3304 4606 recepit
3330 4538 3387 4594 in
3413 4556 3537 4596 sca-

1954 4620 2114 4689 pulas
2146 4635 2277 4675 suas
2304 4622 2369 4676 6’.
2404 4642 2422 4673 ι
2464 4623 2557 4678 lsti
2588 4638 2718 4679 vero
2745 4626 2801 4679 in
2828 4634 3031 4680 tantam
3056 4626 3386 4686 dementiam
3419 4641 3539 4688 tan-
3633 4650 3637 4655 '

1956 4718 2178 4782 tamque
2227 4714 2621 4784 cogitationum
2664 4718 2987 4786 pravitatem
3011 4726 3174 4790 atque
3197 4736 3426 4792 operum
3450 4724 3534 4779 fe-

1954 4803 2171 4859 ritatem
2217 4805 2579 4872 devenerunt,
2632 4818 2691 4862 ut
2740 4809 2917 4879 ipsum
2966 4812 3269 4869 secundum
3312 4832 3535 4872 carnem

1956 4904 2280 4963 praesentem
2310 4898 2730 4969 Redemptorem
2772 4900 3068 4971 ignominia
3097 4905 3400 4964 aﬁ‘ecerint.
3425 4907 3531 4964 Sed

1957 4983 2090 5053 quid
2118 4984 2235 5038 bzec
2254 5000 2648 5053 commemoro,
2670 4991 3097 5056 prmtermittens
3119 4994 3223 5049 alia
3260 4995 3348 5051 his
3383 5005 3530 5053 atro-

1957 5075 2105 5130 ciora
2133 5075 2157 5128 ?
2186 5075 2584 5132 lnterfecerunt
2620 5078 2767 5133 enim
2792 5095 2917 5134 eum
2949 5081 3178 5137 ferventi
3212 5087 3531 5159 crudelique

1958 5167 2205 5232 audacia,
2258 5166 2326 5221 ad
2369 5176 2670 5224 extremam
2720 5170 2980 5242 deinceps
3010 5174 3345 5244 impietatem
3378 5182 3526 5236 elati.

1954 5256 2164 5312 Idcirco
2211 5266 2267 5312 et
2322 5260 2545 5329 quidem
2588 5262 2710 5332 jure
2757 5261 2921 5333 416
2969 5265 3251 5336 ablegatur
3305 5271 3526 5340 quidem

1955 5348 2171 5403 Domini
2202 5350 2542 5407 interfectrix
2577 5352 2877 5425 Synagoga,
2917 5356 3033 5411 sive
3060 5357 3382 5426 Jerusalem,
3416 5372 3473 5419 et
3499 5380 3528 5417 a

1956 5439 2054 5495 Dei
2095 5440 2337 5496 amicitia
2387 5443 2641 5507 alienata,
2694 5442 2763 5497 ad
2800 5444 3033 5512 quodvis
3061 5448 3276 5516 proruit
3302 5450 3529 5515 malum,

1957 5531 2278 5587 accersitam
2326 5533 2731 5602 quodammodo
2779 5535 2942 5605 capiti
2986 5551 3086 5592 suo
3112 5538 3383 5608 recipiens
3409 5557 3529 5613 pm-

345 5697 388 5729 "
428 5697 620 5753 Matth.
667 5716 832 5766 xxvii,
862 5701 950 5757 25.
1027 5703 1074 5735 "
1109 5704 1269 5760 Deut.
1318 5724 1428 5775 xxi,
1471 5710 1523 5765 7.
1603 5712 1647 5745 "
1674 5712 1815 5767 Psal.
1846 5728 1892 5768 c1

1977 5733 2036 5781 .v,
2073 5716 2156 5769 l2.
2232 5716 2277 5748 "
2314 5717 2452 5773 Psal.
2480 5734 2671 5773 uxvn.
2709 5720 2905 5779 23,96.
2984 5723 3026 5755 ἰ’
3052 5721 3211 5777 Deut.
3242 5738 3407 5794 XIX",
3437 5724 3526 5787 11.

597 5793 865 5855 ΡΑτιιοι..
913 5796 1027 5856 Gn.
1076 5798 1276 5858 LXIX.

3036 5810 3103 5873 21
