4060 6192
469 245 576 301 ’651

1493 244 1550 299 S.
1592 245 1868 300 CYRILLl
1907 247 2378 299 ALLKA'NDIUM
2420 247 2724 304 AlltllllEl’

3631 263 3738 320 659.

484 378 627 418 nam.
658 359 760 416 Cui
793 359 956 416 etiam
987 359 1101 430 ipse
1129 357 1450 414 Emmanuel
1485 360 1840 426 acclamabat,
1866 361 1941 415 ita
1965 360 2048 414 di-

2159 363 2419 432 μανουὴλ,
2447 362 2588 417 οὕτω
2623 364 2798 433 λέγων
2821 384 2833 398 ⁸
2879 388 2896 420 ‹
2931 369 3307 446 Ἰερουσαλὴμ,
3355 376 3740 453 Ἰερουσαλὴμ,

480 470 612 510 cens
643 472 655 508 :
692 473 709 505 α
737 453 1058 516 Jerusalem,
1085 451 1410 515 Jerusalem,
1440 468 1561 521 quae
1587 452 1794 507 occidis
1821 452 2059 522 prophe-

485 558 585 612 tas,
629 554 684 602 et
728 544 1003 615 lapidibus
1028 543 1221 598 obruis
1260 542 1354 611 qui
1379 541 1448 596 ad
1477 550 1526 596 te
1551 543 1885 596 mittuntur:
1917 557 2055 612 quo-

480 639 586 692 ties
613 634 760 689 volui
796 633 1054 702 colligere
1084 631 1225 685 filios
1261 638 1404 693 tuos,
1440 631 1584 686 sicut
1618 631 1814 702 gallina
1854 630 2058 702 colligit

478 727 655 797 pullos
681 739 810 780 suos
830 724 932 778 sub
961 724 1094 786 alas,
1126 731 1182 777 et
1211 722 1468 776 noluistis
1493 724 1506 776 l
1550 723 1690 777 Ecce
1714 723 2057 792 relinquetur

476 821 672 872 domus
722 825 906 872 vestra
957 816 1173 870 deserta
1226 817 1293 870 '°.
1324 835 1342 866 ι
1401 816 1536 870 Nam
1577 816 1723 886 quod
1777 816 2057 887 Synagoga

474 909 694 966 Christo
745 924 910 963 exosa
959 907 1229 978 ejusmodi
1284 923 1504 978 gravem
1548 907 2056 976 intolerandamque

473 1001 823 1071 persolutura
850 1008 996 1055 esset
1019 1015 1258 1068 pmnam,
1292 999 1406 1069 ipsa
1427 998 1591 1053 etiam
1621 999 1706 1054 lex
1735 998 1896 1053 nobis
1917 997 2055 1068 ligu-

475 1101 592 1149 rate
629 1091 977 1163 signiﬁcavit.
1035 1091 1114 1145 lta
1163 1091 1313 1145 enim
1368 1090 1577 1145 habet:
1636 1107 1653 1141 ‹
1689 1088 1747 1144 Si
1802 1105 2056 1160 egressus

473 1184 643 1239 fueris
689 1183 746 1237 in
791 1183 998 1237 bellum
1055 1189 1246 1236 contra
1299 1181 1486 1236 hostes
1532 1187 1674 1245 tuos,
1708 1189 1764 1235 et
1791 1181 2056 1236 Dominus

474 1275 694 1332 dederit
719 1274 866 1343 ipsos
904 1273 960 1326 in
989 1287 1186 1326 manus
1208 1279 1351 1336 tuas,
1379 1280 1436 1326 et
1469 1269 1778 1340 direptione
1805 1270 2055 1339 diripue-

473 1368 549 1423 ris
571 1382 688 1432 eos,
715 1365 1030 1434 viderisque
1051 1365 1108 1418 in
1131 1363 1439 1433 direptione
1462 1361 1749 1417 mulierem
1771 1361 2055 1436 pulchram

471 1460 676 1529 specie,
723 1465 886 1527 atque
917 1454 1301 1525 concupiveris
1349 1469 1502 1517 eam,-
1525 1463 1581 1508 et
1613 1451 1838 1506 duxeris
1875 1451 1970 1506 tibi
1997 1451 2052 1506 in

472 1564 736 1612 uxorem,
795 1545 1275 1614 introduxerisque
1328 1544 1384 1599 in
1431 1543 1656 1598 domum
1705 1551 1877 1617 tuam,
1937 1550 2054 1597 tum

2161 449 2193 516 ὴ
2219 449 2614 504 ἀποκτείνουσα
2651 454 2774 518 τοὺς
2797 458 3106 527 προφήτας,
3123 462 3215 513 καὶ
3241 463 3588 532 λιθοϐολοῦσα

2160 541 2602 612 ἀπεσταλμένους
2643 545 2780 616 πρὸς
2823 549 3026 622 αὐτὴν
3069 551 3303 619 ποσάκις
3345 557 3586 628 ἠθέλησα
3622 559 3751 616 ἑπι-

2161 635 2487 700 συναγαγεῖν
2513 634 2580 686 τὰ
2627 637 2793 690 τέκνα
2851 656 2967 705 σου,
3009 643 3068 696 ὃν
3101 648 3301 717 τρόπον
3341 649 3740 722 ὲπισυναγαγεί

2157 723 2305 792 ὅρνις
2334 725 2400 778 τὰ
2429 726 2616 780 νοσσία
2657 730 2857 800 ἑαυτῆς
2889 732 2992 786 ὑπὸ
3027 737 3126 801 τὰς
3165 740 3469 810 πτέρυγας,
3505 745 3601 797 καὶ
3636 745 3742 797 οὐκ

2157 815 2482 886 ἠθελήσατε.
2541 821 2670 874 Ἰδοὺ
2715 823 2935 893 ἀφίεται
2987 829 3016 881 ὁ
3075 826 3221 894 οἶκος
3271 834 3425 902 ὑμῶν
3451 835 3679 906 ἔρημος.
3712 856 3731 889 ι

2161 906 2280 959 Ὅτι
2304 907 2413 979 γὰρ
2445 909 2636 979 ἔμελλε
2666 913 2765 982 τὴν
2793 914 2935 968 οὕτω
2964 916 3142 990 δεινὴν
3181 923 3274 976 καὶ
3303 922 3582 979 δύσοιστον
3615 928 3744 982 ἀνα-

2156 996 2344 1068 τλῆναι
2384 998 2540 1071 δίκην
2587 1005 2620 1071 ἡ
2677 1003 2785 1056 τῶν
2831 1005 3098 1060 Ἰουδαίων
3133 1011 3428 1084 Συναγωγὴ
3480 1033 3752 1070 κατεστυ-

2155 1087 2366 1158 γημένη
2412 1091 2564 1160 παρὰ
2609 1093 2866 1163 Χριστοῦ.
2899 1097 2993 1150 καὶ
3021 1099 3185 1163 αὐτὸς
3225 1104 3359 1172 ἡμῖν
3399 1107 3744 1176 αἰνιγματωο

2154 1177 2262 1242 δῶς
2309 1183 2684 1252 παραδείξειεν
2735 1188 2802 1240 ἂν
2855 1190 2884 1240 ὁ
2934 1189 3114 1261 νόμος.
3172 1194 3323 1263 Ἔχει
3369 1199 3482 1269 γὰρ
3521 1199 3730 1264 οὕτως’

2161 1289 2181 1322 ‹
2221 1271 2345 1326 Ἐὰν
2385 1273 2442 1326 δὲ
2467 1275 2688 1350 ἐξέλθῃς
2712 1280 2790 1342 είς
2825 1280 3061 1351 πόλεμον
3088 1284 3179 1337 ἐπὶ
3208 1287 3334 1350 τοὺς
3359 1287 3589 1360 ἐχθρούς
3617 1308 3730 1352 σου.

2154 1363 2249 1417 καὶ
2273 1365 2498 1437 παραδῴ
2526 1369 2722 1433 αὐτοὺς
2743 1371 2946 1443 Κύριος
2976 1376 3152 1442 ὁΘεός
3191 1396 3284 1432 σου
3309 1381 3389 1443 είς
3417 1381 3516 1444 τὰς
3545 1385 3740 1452 χεῖράς

2156 1471 2271 1518 σου,
2303 1458 2396 1510 καὶ
2442 1461 2822 1536 προνομεύσῃς
2849 1467 2948 1536 τὴν
2969 1471 3246 1542 προνομὴν
3274 1471 3475 1535 αὐτῶν,
3499 1477 3593 1526 καὶ
3615 1475 3735 1547 ἴδῃς

2154 1547 2212 1598 ἐν
2258 1550 2324 1619 τῇ
2375 1554 2624 1623 προνομῇ
2657 1558 2892 1621 γυναῖκα
2917 1559 3089 1628 καλὴν
3125 1561 3204 1631 τῷ
3232 1563 3382 1624 εῖδει,
3411 1565 3506 1618 καὶ
3537 1565 3736 1620 ἐπιθυ-

471 1642 630 1697 rades
667 1646 832 1709 caput
871 1637 1011 1708 eius,
1039 1645 1096 1690 et
1119 1634 1384 1706 praecides
1406 1648 1618 1704 ungues
1643 1632 1833 1702 ipsius,
1872 1633 2048 1687 tolles-

2158 1638 2336 1711 μήσῃς
2365 1641 2556 1712 αὐτῆς,
2591 1645 2685 1696 καὶ
2704 1645 2874 1717 λάϐῃς
2902 1650 3071 1720 αὐτὴν
3094 1653 3310 1724 σεαυτῷ
3339 1659 3576 1723 γυναῖκα
3600 1675 3614 1690 ο
3639 1658 3736 1711 καὶ

469 1746 576 1800 que
608 1702 791 1784 vestes
824 1702 1158 1797 captivitatis
1189 1724 1258 1779 ab
1286 1739 1371 1790 ea,
1409 1733 1466 1780 et
1493 1702 1709 1779 sedebit
1738 1723 1884 1778 domi
1923 1731 2048 1788 tuae,

2154 1731 2376 1820 είσάξῃς
2407 1702 2576 1804 αὐτὴν
2595 1737 2675 1799 είς
2705 1737 2803 1809 τὴν
2816 1702 2998 1794 ’δίκίαν
3348 1702 3736 1820 ’κάγιῂἐξξήέὲῖξ

475 1835 529 1881 et
574 1822 773 1877 deﬂeat
823 1830 1033 1891 patrem
1081 1827 1138 1873 et
1187 1826 1420 1873 matrem
1457 1833 1614 1872 suam
1666 1816 1872 1871 mensis
1911 1816 2048 1872 dies.

467 1912 713 1966 Posthac
744 1908 1074 1980 ingredieris
1124 1908 1192 1962 ad
1238 1907 1433 1978 ipsam,
1483 1913 1541 1961 et
1589 1905 1928 1960 cohabitabis
1976 1904 2049 1970 ei,

467 2003 684 2072 eritque
723 2009 813 2056 tua
839 2015 998 2054 uxor.
1028 1999 1125 2054 Sin
1155 2005 1339 2051 autem
1367 1997 1538 2066 ipsam
1568 1995 1833 2061 nolueris,
1867 1994 2054 2050 dimit—

467 2103 551 2150 tes
571 2109 693 2149 eam
713 2093 968 2156 liberam,
1003 2105 1106 2145 nec
1137 2097 1364 2160 argento
1388 2087 1673 2154 divendes,
1701 2095 1795 2144 aut
1828 2105 1927 2159 per
1949 2103 2049 2158 po-

468 2173 695 2242 tentiam
717 2185 1015 2255 opprimes,
1048 2182 1175 2251 quia
1206 2196 1328 2235 eam
1359 2179 1661 2234 humiliasti
1684 2181 1749 2234 ⁷¹.
1783 2199 1800 2231 ι
1842 2181 2052 2236 Absur-

464 2277 596 2331 dum
619 2277 804 2346 itaque
838 2275 1078 2330 arbitror
1105 2273 1160 2326 in
1185 2271 1432 2327 historia:
1461 2277 1610 2326 textu
1631 2270 2050 2344 pervestigando

465 2370 739 2433 laborare,
789 2376 886 2423 aut
945 2376 1199 2423 accurate
1241 2363 1552 2435 expendere
1582 2379 1702 2434 quae
1735 2363 1791 2417 in
1838 2363 2050 2419 umbris

465 2461 842 2524 continentur,
899 2457 1170 2528 siquidem
1227 2455 1365 2509 nihil
1399 2453 1736 2508 diﬂicultatis
1775 2454 1830 2508 in
1861 2469 1919 2508 se
1949 2454 2048 2509 ha-

468 2554 599 2609 bent
627 2570 642 2619 ;
679 2551 898 2607 subtilis
918 2566 1053 2606 vero
1086 2558 1190 2614 est,
1223 2562 1453 2626 quaeque
1483 2562 1596 2602 non
1623 2547 1829 2616 absque
1852 2547 2042 2602 labore

465 2645 690 2716 intelligi
709 2643 905 2714 possit,
928 2650 1330 2714 praeceptorum
1353 2653 1528 2694 mens.
1575 2637 1831 2693 Eundum
1857 2637 2044 2709 itaque

463 2745 546 2794 est
574 2737 642 2793 ad
675 2735 1004 2808 Spiritalium
1027 2731 1520 2803 investigationem.

2149 1819 2247 1890 τὴν
2271 1821 2512 1894 κεφαλὴν
2545 1824 2737 1896 αὐτῆς,
2772 1829 2864 1881 καὶ
2903 1836 3265 1903 περιονυχιεῖς
3291 1835 3482 1907 αὐτὴν,
3507 1819 3604 1890 καὶ
3636 1855 3736 1891 πε-

2153 1911 2350 1981 ριελεῖς
2379 1913 2445 1966 τὰ
2472 1915 2662 1984 ἱμάτια
2687 1917 2789 1986 τῆς
2814 1921 3190 1990 αἰχμαλωσίας
3223 1925 3394 1995 αὐτῆς
3410 1927 3504 1980 ἀπ’
3533 1929 3730 1998 αὐτῆς,

2148 2002 2243 2054 καὶ
2264 2003 2534 2058 καθιείται
2560 2008 2618 2060 ὲν
2645 2011 2709 2080 τῇ
2730 2011 2878 2082 οἰκίᾳ
2912 2029 3025 2076 σου,
3079 2017 3172 2069 καὶ
3189 2018 3482 2073 κλαύσεται
3510 2021 3605 2074 τὸν
3627 2041 3733 2076 πα-

2148 2092 2278 2164 τέρα
2304 2096 2400 2148 καὶ
2425 2096 2523 2166 τὴν
2547 2098 2760 2170 μητέρα
2787 2102 2954 2171 μηνὸς
2979 2105 3217 2176 ἡμέρας.
3251 2109 3360 2162 Καὶ
3400 2110 3538 2180 μετὰ
3555 2111 3728 2165 ταῦτα

2143 2185 2424 2275 εἰσελεύσῃ
2465 2188 2602 2258 πρὸς
2644 2191 2832 2262 αὐτὴν,
2875 2195 2968 2247 καὶ
2999 2199 3388 2272 συνοικισθήσῃ
3438 2203 3601 2275 αὐτῇ,
3634 2205 3728 2257 καὶ

2143 2274 2292 2331 ἔσται
2326 2294 2418 2332 σου
2453 2281 2611 2354 γυνή.
2650 2283 2758 2336 Καὶ
2790 2283 2945 2340 ἔσται
2971 2286 3066 2342 ἐὰν
3093 2288 3167 2362 μὴ
3199 2289 3358 2366 θέλῃς
3416 2274 3608 2366 αὐτὴν,
3640 2295 3726 2362 ἐξ-

2145 2369 2470 2434 αποστελεῖς
2501 2373 2672 2442 αὐτὴν
2689 2374 3000 2448 ἐλευθέραν,
3023 2381 3118 2434 καὶ
3136 2383 3332 2453 πράσει
3359 2384 3421 2437 οὐ
3443 2386 3725 2456 πραθήσε-

2142 2477 2233 2513 ται
2267 2461 2553 2534 ἀργυρίου,
2581 2465 2680 2518 οὐκ
2708 2465 2993 2540 ἀθετήσεις
3019 2471 3206 2542 αὐτὴν,
3249 2474 3387 2528 διότι
3418 2477 3726 2532 ἐταπείνω-

2151 2567 2252 2614 σας
2276 2552 2468 2624 αὑτήν.
2497 2572 2518 2606 ι
2554 2555 2627 2609 Τὸ
2674 2557 2772 2628 μὲν
2800 2555 2892 2614 οὖν
2916 2565 3387 2634 περιεργάσασθαι
3433 2569 3532 2640 τῆς
3583 2571 3728 2624 ιστο-

2151 2640 2274 2711 ρίας
2305 2642 2399 2697 τὸν
2427 2643 2602 2713 λόγον,
2629 2647 2722 2700 καὶ
2746 2649 2943 2720 τέχνην
2994 2653 3261 2708 ποιεῖσθαι
3299 2655 3476 2712 θέλειν
3524 2659 3638 2713 τῶν
3664 2661 3728 2714 ὲν

2153 2734 2330 2796 σκιαῖς
2360 2733 2610 2804 βάσανον,
2645 2737 2850 2792 εἰκαῖον
2882 2735 3037 2811 οἶμαί
3064 2760 3164 2797 που
3185 2760 3200 2773 ·
3255 2745 3578 2818 δυσέφικτον
3613 2752 3727 2824 γὰρ

465 2830 646 2887 οὐδέν·
693 2831 845 2900 ψιλὸς
878 2829 936 2883 δὲ
968 2828 1032 2901 δὴ
1082 2827 1306 2899 σφόδρα,
1347 2826 1441 2880 καὶ
1473 2826 1569 2880 σὺν
1600 2823 1784 2896 ἱδρῶτι
1829 2824 2031 2897 ληπτδς
2066 2824 2177 2879 τῶν
2232 2826 2674 2900 τεθεσπισμένων
2725 2831 2754 2883 ὁ
2778 2833 2923 2898 νοῦς.
2958 2835 3116 2890 Ἰτέον
3153 2838 3217 2910 δὴ
3257 2835 3350 2893 οὖν
3379 2843 3458 2906 είς
3495 2823 3725 2914 ἔρευναν

456 2922 567 2976 τῶν
596 2918 999 2991 πνευματικῶν.

532 3013 587 3067 2.
617 3011 843 3083 Ecquod
875 3012 1024 3067 enim
1054 3009 1111 3064 in
1137 3009 1456 3064 universum
1490 3007 1658 3063 fuerit
1683 3009 1787 3063 hoc
1817 3007 2044 3072 bellum,

2225 3006 2290 3078 β’.
2317 3009 2413 3072 Τίς
2434 3009 2544 3080 γὰρ
2573 3010 2731 3075 ὅλως,
2765 3011 2798 3084 ἢ
2835 3013 2970 3084 πρὸς
2990 3014 3144 3079 τίνας
3184 3019 3343 3070 νοοίτ’
3375 3019 3442 3071 ἂν
3479 3021 3726 3089 γεγονὼς

445 3116 555 3162 σαυι
581 3105 845 3162 adversus
875 3119 1013 3173 quos
1053 3100 1311 3172 gestum?
1340 3099 1472 3153 item
1507 3114 1629 3168 qua:
1671 3099 1743 3152 sit
1789 3098 1882 3152 illa
1923 3097 2045 3166 pul-

2149 3099 2169 3150 b
2200 3099 2465 3169 πόλεμος;
2498 3101 2594 3154 καὶ
2611 3103 2691 3166 τίς
2721 3104 2753 3174 ἡ
2781 3104 2919 3175 καλὴ
2941 3105 3016 3175 τῷ
3042 3107 3169 3160 εῖδει
3193 3109 3286 3161 καὶ
3305 3110 3726 3186 εὐπρεπεστάτη

464 3199 595 3253 chra
628 3211 692 3250 ac
735 3191 1014 3265 praestanti
1058 3191 1234 3244 forma
1267 3187 1510 3243 mulier?
1542 3193 1599 3240 et
1625 3201 1724 3242 cur
1747 3186 1920 3256 ipsius
1949 3201 2040 3239 ca-

465 3287 578 3358 pilli
607 3285 888 3348 radantur,
940 3295 1256 3352 unguesque
1280 3278 1667 3349 praecidantur,
1689 3286 1852 3347 atque
1875 3294 2042 3332 exua-

466 3385 555 3428 tur
603 3373 850 3427 vestibus
893 3369 1262 3440 captivitatis?
1296 3369 1577 3441 Synagoga
1607 3368 1791 3437 itaque
1823 3368 2042 3424 Judzeo-

452 3481 609 3530 rum,
668 3473 730 3518 ut
753 3464 864 3534 jam
917 3470 1076 3516 antea
1125 3461 1384 3526 diximus,
1431 3460 1656 3516 servivit
1707 3460 1762 3514 in
1789 3459 2040 3530 Egypto.

456 3560 654 3613 Patres
693 3555 842 3610 enim
876 3553 1027 3618 olim,
1069 3560 1298 3623 urgente
1324 3553 1485 3616 fame,
1513 3568 1580 3607 eo
1617 3551 2040 3606 descenderunt.

461 3649 601 3705 Cum
641 3663 774 3702 vero
818 3645 1082 3716 temporis
1119 3659 1284 3699 cursu
1328 3643 1474 3697 aucti
1508 3643 1565 3696 in
1588 3642 2046 3696 innumerabilem

465 3745 633 3801 ferme
683 3739 1091 3796 multitudinem
1147 3737 1556 3801 excrevissent,
1615 3734 1882 3790 timebant
1941 3733 2045 3789 sibi

465 3835 720 3908 )Egyptii,
748 3850 815 3890 ne
841 3839 991 3889 tanto
1025 3845 1256 3885 numero
1287 3828 1411 3884 freti
1440 3829 1573 3899 ipsis
1602 3827 1956 3891 rebellarent,
1991 3835 2047 3880 et

463 3945 559 3984 eos
587 3927 682 3998 qui
716 3926 850 3980 olim
883 3923 1016 3994 ipsis
1046 3922 1309 3976 dominati
1347 3921 1584 3985 fuerant,
1608 3917 1769 3991 417
1802 3917 1858 3971 in
1892 3931 2046 3972 suam

465 4024 710 4091 ipsorum
733 4023 1061 4089 potestatem
1084 4014 1412 4085 redigerent.
1455 4013 1611 4067 llunc
1631 4010 1888 4066 Israelita:
1912 4024 2046 4063 con-

465 4109 714 4166 ﬁciendis
773 4105 1043 4162 lateribus
1109 4120 1222 4158 non
1278 4102 1632 4157 mediocriter
1681 4099 2042 4155 vexabantur.

464 4200 735 4256 Ceterum
785 4197 931 4251 Deus
973 4195 1173 4248 horum
1229 4192 1486 4246 misertus
1512 4200 1617 4246 est.
1645 4189 1855 4245 Bellum
1897 4189 2047 4244 enim

465 4289 672 4353 intulit,
721 4296 784 4342 ut
820 4285 956 4350 dixi,
986 4283 1204 4354 populis
1232 4280 1608 4354 Egyptiorum
1646 4279 2045 4339 intolerabilem

2142 3191 2278 3260 γυνή
2302 3206 2316 3254 ἶ
2343 3190 2394 3243 τί
2444 3191 2502 3244 δὲ
2546 3191 2609 3264 δὴ
2645 3189 2711 3246 αὖ
2754 3194 2816 3246 τὸ
2858 3196 3249 3265 ἁποψιλοῦσθαι
3283 3201 3380 3268 μὲν
3409 3202 3580 3273 αὐτὴν
3621 3203 3726 3276 τῆς

2144 3282 2387 3353 κεφαλῆς
2425 3284 2524 3354 τὴν
2559 3285 2757 3355 τρίχας
2807 3287 3242 3343 ἀπαλλάττεσθαι
3275 3292 3330 3344 δὲ
3363 3295 3456 3346 καὶ
3489 3295 3722 3366 ὀνύχων,

2144 3373 2241 3424 καὶ
2264 3373 2370 3426 τῶν
2394 3373 2495 3442 τῆς
2529 3376 2904 3446 αἰχμαλωσίας
2927 3378 3280 3450 ὲσθημάτων;
3308 3384 3539 3446 Οὐκοῦν.
3588 3385 3727 3439 καθ-

2145 3462 2288 3534 άπερ
2319 3464 2415 3535 ήδη
2456 3469 2738 3536 προεῖπον,
2798 3463 2888 3522 οἶά
2933 3487 3019 3533 τις
3064 3473 3408 3544 αἰχμάλωτος
3430 3475 3728 3547 ἐθήτευσεν

2144 3555 2465 3621 Αἰγυπτίοις
2519 3558 2551 3626 ἡ
2590 3558 2699 3611 τῶν
2732 3559 3002 3614 Ἰουδαίων
3040 3563 3362 3635 Συναγωγή.
3419 3568 3728 3624 Καθίκοντο

2150 3645 2248 3715 μὲν
2273 3646 2379 3716 γὰρ
2407 3649 2454 3699 οἱ
2487 3648 2722 3720 πατέρες
2742 3652 2823 3715 είς
2850 3653 3144 3720 Αίγυπτον,
3180 3655 3337 3726 λιμοῦ
3365 3660 3728 3733 κατωθήσαν-

2145 3751 2257 3800 τος,
2294 3736 2351 3788 ὲν
2401 3736 2618 3808 ἀρχαῖς.
2657 3740 2875 3813 Ἐπειδὴ
2902 3742 2959 3794 δὲ
2989 3745 3196 3815 μακρὸς
3236 3746 3563 3814 διῖππεύσας
3601 3753 3731 3823 χρό-

2146 3843 2260 3890 νος,
2287 3828 2481 3898 ἁδροὺς
2527 3831 2620 3882 καὶ
2663 3832 3128 3903 εὐτολμωτάτους,
3161 3839 3252 3890 καὶ
3275 3839 3513 3911 ἀριθμοῦ
3544 3844 3731 3912 κρείτ-

2146 3935 2307 4001 τονας
2335 3919 2579 3975 ἐπετέλει
2602 3921 2806 3988 λοιπὸν,
2853 3925 3121 3997 περιδεεῖς
3147 3925 3288 4000 ἦσαν
3309 3932 3620 4000 Αίγύπτιοι,
3647 3936 3728 4006 μὴ

2147 4011 2255 4081 ἄρα
2284 4011 2361 4081 τῷ
2405 4011 2596 4081 πλήθει
2636 4015 3012 4085 θαρσήσαντες
3061 4023 3588 4093 καταστρατεύοιντο
3625 4028 3730 4098 μὲν

2147 4100 2350 4166 αὐτῶν,
2375 4100 2480 4155 ὑπὸ
2509 4105 2668 4175 χεῖρα
2695 4105 2752 4158 δὲ
2784 4110 3020 4164 ποιοῖντο
3071 4110 3170 4182 τὴν
3206 4113 3356 4182 σφῶν
3387 4117 3515 4180 τοὺς
3553 4118 3730 4173 πάλαι

2148 4195 2578 4265 κεκρατηκότας.
2617 4197 2898 4251 Ἐντεῦθεν
2917 4201 2946 4253 ὁ
2981 4202 3198 4274 Ἰσραὴλ
3213 4207 3322 4270 τοῖς
3337 4208 3418 4270 είς
3443 4208 3730 4264 πλινθείαν

2149 4285 2368 4355 ἱδρῶσιν
2406 4287 2467 4339 οὐ
2506 4287 2741 4358 μετρίως
2801 4292 3145 4362 κατῃκίζετο.
3178 4296 3323 4368 Πλὴν
3369 4298 3518 4368 ἠλέει
3567 4300 3727 4366 Θεός.
3765 4366 3772 4371 ,

465 4381 521 4435 in
552 4377 830 4435 lsraelitas
860 4373 1209 4448 tyrannidem
1257 4371 1666 4435 exercentibus,
1699 4386 1904 4441 eosque
1944 4371 2044 4425 de-

2149 4344 2541 4447 Ilenolépnxsv
2570 4344 2700 4450 γάρ,
2727 4379 2803 4444 ὡς
2829 4344 2988 4453 έφὴιν,
3011 4344 3518 4443 hamati-£39635
3549 4344 3728 4465 9215;:-

466 4474 717 4530 vastavit.
770 4471 923 4527 Vidit
973 4475 1157 4524 autem
1189 4468 1246 4522 in
1292 4481 1355 4522 ea
1380 4465 1753 4520 devastatione
1775 4465 2046 4534 captivam

465 4565 764 4622 Ierusalem
790 4563 906 4618 sive
928 4560 1242 4618 Judzeorum
1274 4557 1709 4621 multitudinem,
1739 4571 1862 4626 quae
1885 4556 2047 4612 nobi-

465 4658 615 4714 litate
637 4661 859 4724 patrum
889 4650 1225 4707 clarescebat
1250 4667 1262 4703 :
1292 4648 1525 4720 pulchra
1551 4647 1700 4702 enim
1745 4647 2046 4702 admirabi-

465 4746 640 4816 lisque
660 4750 782 4798 erat
810 4748 1036 4812 prOpter
1057 4748 1260 4810 patres.
1292 4737 1429 4794 Cum
1458 4745 1641 4793 autem
1668 4737 1881 4809 aspexit
1903 4752 2044 4802 eam,

465 4845 520 4892 et
544 4833 856 4904 concupivit
884 4847 1025 4898 eam,
1059 4831 1164 4886 hoc
1194 4838 1298 4896 est,
1350 4830 1569 4902 dignam
1609 4845 1733 4900 quae
1766 4837 2043 4883 amaretur

465 4927 699 4992 censuit,
734 4941 798 4980 ac
825 4934 1039 4979 tantum
1063 4938 1175 4978 non
1214 4921 1532 4978 cohabitare
1563 4921 1666 4992 ipsi
1691 4920 1900 4986 volens,
1938 4920 2040 4974 bo-

465 5032 772 5087 norumque
821 5031 1048 5086 operum
1094 5015 1265 5084 ipsam
1307 5012 1524 5068 ellicere
1567 5020 1817 5078 matrem,
1866 5012 2041 5066 intro-

465 5110 620 5164 duxit
657 5124 777 5166 eam
820 5108 875 5162 in
917 5107 1140 5160 domum
1169 5120 1342 5160 suam.
1368 5104 1437 5158 At
1459 5104 1591 5174 quid
1623 5106 1728 5160 hac
1753 5105 1859 5160 sibi
1882 5104 2042 5159 vult?

465 5199 610 5254 Fixit
645 5199 701 5253 in
735 5197 957 5252 deserto
988 5203 1234 5249 sanctum
1274 5193 1710 5258 tabernaculum,
1736 5205 1816 5260 ut,
1831 5194 2040 5248 sacriﬁ~
2073 5187 2077 5191 ’

465 5292 564 5346 ciis
609 5288 877 5361 legalibus
903 5295 959 5342 et
979 5287 1160 5358 typico
1180 5286 1330 5340 cultu
1376 5285 1666 5348 instructa,
1694 5286 1932 5340 disceret
1956 5285 2038 5339 fa-

464 5384 625 5439 cilius
676 5378 879 5436 Christi
927 5378 1266 5449 mysterium.
1300 5377 1412 5431 ch
1439 5377 1585 5432 enim
1610 5385 1693 5431 est
1716 5377 2039 5448 paedagogus

466 5474 529 5526 ad
573 5472 875 5532 Christum,
918 5470 1060 5525 sicut
1093 5467 1286 5523 beatus
1309 5468 1510 5523 Paulus
1540 5468 1617 5522 ait
1643 5469 1707 5520 τ’.
1740 5468 2036 5537 Rcceptam

2143 4467 2250 4531 τῶς
2269 4471 2383 4533 τοῖς
2415 4470 2730 4537 Αἰγυπτίων
2754 4473 2994 4544 δεσμοῖς.
3036 4477 3273 4542 ἐξείλετο
3291 4482 3388 4535 καὶ
3415 4484 3724 4553 νενίκηκεν.

2143 4553 2299 4612 Εἷδεν
2351 4560 2408 4612 ὲν
2448 4563 2516 4632 τῇ
2558 4567 2806 4636 προνομῇ
2847 4565 2944 4636 τὴν
2975 4567 3312 4639 δορύληπτον
3349 4573 3726 4648 Ἰερουσαλὴμ.

2143 4652 2260 4722 ἦτοι
2287 4652 2386 4724 τὴν
2407 4653 2515 4706 τῶν
2555 4655 2824 4710 Ἰουδαίων
2864 4659 3076 4728 πληθὺν
3117 4662 3195 4733 τῷ
3210 4665 3309 4734 τῆς
3339 4667 3604 4738 πατρῴας
3634 4670 3726 4722 εὐ-

2143 4744 2359 4813 γενείας
2400 4744 2812 4802 διαστίλϐουσαν
2851 4751 3069 4806 κάλλει·
3133 4755 3274 4826 καλὴ
3304 4757 3413 4829 γὰρ
3465 4761 3562 4812 καὶ
3603 4762 3727 4827 ἀξι-

2148 4835 2386 4904 άγαστος
2432 4837 2520 4892 διὰ
2551 4840 2674 4902 τοὺς
2699 4842 2960 4912 πατέρας.
3012 4845 3226 4916 Ἐπειδὴ
3253 4847 3310 4900 δὲ
3342 4849 3597 4904 τεθέαται
3631 4853 3728 4906 καὶ

2146 4927 2492 5000 ἐπεθύμησεν
2523 4930 2712 5001 αὐτῆς,
2738 4934 3035 5019 τουτέστιν,
3059 4937 3381 5008 ἀξιέραστον
3404 4943 3724 5014 ἐποιήσατο,

2151 5021 2433 5090 μονονουχὶ
2459 5020 2516 5074 δὲ
2570 5023 2667 5076 καὶ
2702 5026 3022 5094 συνοικῆσαι
3069 5027 3320 5098 θελήσας,
3371 5033 3466 5086 καὶ
3503 5034 3726 5103 ἀγαθῶν

2149 5111 2579 5180 σπουδασμάτων
2606 5115 2774 5186 αὐτὴν
2803 5117 3084 5183 ἀποδεῖξαι
3140 5123 3373 5193 μητέρα,
3428 5125 3726 5195 εισήγαγεν

2147 5202 2227 5264 είς
2248 5198 2339 5253 τὸν
2369 5200 2498 5254 ἴδιον
2523 5198 2692 5258 οἷκον.
2736 5206 2846 5258 Καὶ
2875 5207 2926 5258 τί
2977 5207 3041 5279 δὴ
3091 5211 3250 5264 τοῦτὸ
3273 5216 3452 5278 ἐστινς
3480 5213 3726 5287 Ἐπηξεν

2144 5292 2200 5344 ὲν
2228 5293 2292 5361 τῇ
2321 5293 2512 5364 ἐρήμῳ
2544 5295 2643 5365 τὴν
2673 5297 2832 5365 ἁγίαν
2858 5299 3080 5370 σκηνὴν,
3105 5301 3192 5356 ἵνα
3222 5307 3342 5368 ταῖς
3387 5307 3528 5360 κατὰ
3556 5308 3725 5378 νόμον

2146 5382 2378 5446 θυσίαις,
2407 5386 2500 5437 καὶ
2547 5389 2663 5450 ταῖς
2710 5389 2768 5440 ὲν
2801 5389 2954 5460 τύπῳ
3005 5391 3276 5465 λατρείαις
3338 5398 3723 5470 παιδαγωγου-

2149 5473 2306 5543 μένη,
2343 5475 2592 5548 μανθάνῃ
2627 5479 2768 5532 κατὰ
2807 5479 2979 5554 βραχὺ
3019 5481 3081 5536 τὸ
3122 5485 3358 5556 Χριστοῦ
3394 5490 3720 5561 μυστήριον.

537 5651 583 5681 ⁷⁸
625 5651 814 5707 Matth.
859 5667 1009 5713 mu,
1040 5653 1228 5709 57-39.
1313 5654 1355 5685 ⁷⁸
1398 5653 1556 5709 Deut.
1585 5671 1691 5715 xxx.
1728 5658 1905 5712 lO-H.
1986 5661 2030 5690 ⁷¹

2154 5660 2244 5713 lat.
2294 5679 2368 5727 ιιι,
2395 5663 2483 5718 2i.
