4052 6196
303 286 408 346 653

1185 280 1705 336 GLAPHYRORUM
1743 281 1809 334 IN
1851 280 2448 340 DEUTERONOMIUM
2486 281 2708 338 LIBER.

3453 288 3555 344 654
3599 312 3611 328 ι

302 397 654 468 Παιδαγωγδς
693 396 801 466 γὰρ
844 395 874 448 6
922 395 1084 465 νόμος
1137 396 1232 449 ἐπὶ
1289 395 1542 466 Χριστὸν,
1567 394 1644 459 ὡς
1690 394 1820 464 γοῦν
1850 397 1879 450 6

1979 409 2162 455 autem
2217 401 2276 454 in
2313 400 2538 456 domum
2589 414 2744 455 suam
2798 399 2952 466 rasit,
2983 408 3040 454 et
3075 399 3418 458 circumcidit
3453 421 3556 460 un-

303 492 572 563 μακάριος
587 488 692 557 εφη
705 485 1387 555 Παῦλος.Εἰσοικισάμενος
1400 486 1491 538 καὶ
1508 484 1760 556 ὲξύρησε,
1784 486 1880 539 καὶ

299 583 505 652 ὀνύχων
535 578 834 650 ἀπήλλαξε,
875 579 968 631 καὶ
990 578 1097 630 τῶν
1113 578 1213 647 τῆς
1239 575 1615 647 αἰχμαλωσίας
1632 577 1876 646 ἀμφίων.

298 674 589 746 κεφαλὴν
617 674 714 744 μὲν
747 667 860 736 οὖν,
894 670 954 724 τὸ
979 670 1219 740 Γράμμα
1253 669 1314 722 τὺ
1367 669 1510 740 ἱερὸν
1542 669 1877 724 κατείθισταί

301 785 421 831 πως
458 769 543 829 εἰς
592 763 702 818 νοῦ
739 763 1006 816 ποιεῖσθαι
1051 761 1313 832 δήλωσινο
1364 762 1572 829 τρίχας
1596 762 1652 815 δὲ
1690 762 1790 826 τὰς
1819 766 1877 816 ὲν

298 861 435 930 αὐτῇ
466 861 579 921 τοῖς
605 858 686 919 είς
721 855 846 908 νοῦν
881 853 1205 923 παρεικάζει
1240 853 1559 922 νοήμασιν.
1598 855 1804 908 οὐκοῦν
1844 857 1876 927 η

299 950 522 1019 ξύρησις
561 946 688 1000 ’τῶν
736 943 938 1016 τριχῶν
963 943 1059 1015 τὴν
1100 943 1322 997 ἐννοιῶν
1347 943 1607 998 ἀπόθεσιν
1645 941 1704 998 εὖ
1731 945 1876 1016 μάλα

297 1041 630 1112 παραδηλοῖ·
653 1039 682 1092 ὂ
708 1039 772 1110 δὴ
805 1038 898 1090 καὶ
919 1035 1320 1107 λελυτρωμένος
1340 1037 1368 1088 6
1398 1037 1622 1106 ἀρχαῖος
1663 1036 1878 1108 Ἰσραὴλ

304 1133 541 1204 πληροῦν
565 1131 912 1192 ἐπετάττετο,
945 1127 1081 1180 Θεοῦ
1109 1128 1358 1197 λέγοντος
1381 1128 1628 1199 ἐναργῶς
1666 1128 1754 1182 διὰ
1781 1128 1875 1182 τοῦ

299 1225 576 1291 πανσόφου
621 1223 898 1284 Μωσέως·
941 1240 959 1271 ‹
989 1220 1102 1273 Οὐκ
1154 1219 1368 1273 ἔσονταί
1400 1237 1481 1273 σοι
1527 1219 1638 1273 θεοὶ
1679 1220 1876 1291 ἕτεροι,

298 1314 439 1384 πλὴν
467 1312 622 1384 ἐμοῦ.
647 1331 665 1363 ι
701 1313 810 1365 Καὶ
851 1311 1039 1364 πάλινο
1075 1330 1093 1361 ‹
1113 1311 1185 1364 Ού
1215 1311 1466 1380 ποιήσεις
1511 1308 1656 1362 οὕτω
1687 1311 1879 1381 Κυρίῳ

299 1405 376 1475 τῷ
412 1404 533 1473 Θεῴ
558 1421 669 1456 σου.
693 1421 712 1453 ι
751 1403 830 1456 Τά
859 1401 967 1473 γὰρ
993 1399 1337 1470 βδελύγματα
1372 1399 1408 1453 ἃ
1434 1399 1639 1469 Κύριος
1686 1400 1881 1470 ἐμίση-

303 1513 414 1565 σεν,
452 1496 712 1564 ἐποίησαν
745 1496 856 1557 τοῖς
908 1493 1050 1555 θεοῖς
1091 1491 1292 1546 αὐτῶν.
1333 1491 1420 1543 Ἑν
1467 1490 1726 1560 Αἰγύπτῳ
1780 1492 1879 1560 μὲν

302 1587 410 1659 γὰρ
444 1586 756 1656 ποιούμενοι
796 1584 895 1646 τὰς
922 1581 1224 1653 διατριϐὰς,
1252 1581 1446 1652 ἑτέρας
1476 1576 1622 1650 εἶχον
1646 1580 1875 1644 ἐννοίας,

1978 508 2131 564 gues,
2172 493 2527 564 vestibusque
2565 491 2898 563 captivitatis
2917 509 3039 548 eam
3079 494 3250 549 exuit.
3277 495 3450 552 Porro
3478 498 3557 552 fa-

1978 585 2191 640 miliare
2248 592 2334 639 est
2368 599 2535 640 sacrae
2580 583 2878 654 Scriptura:
2904 599 3003 654 per
3021 593 3198 655 caput,
3233 596 3459 640 mentem
3490 590 3561 643 si-

1976 676 2276 746 gniﬁcare:
2321 675 2542 748 capillos
2577 690 2708 731 vero
2769 675 2965 745 capitis
3007 691 3326 746 comparare
3358 680 3560 749 cogita-

1977 769 2202 823 tionibus
2226 769 2437 823 mentis.
2467 767 2728 823 Detonsio
2761 766 2928 838 igitur
2966 767 3290 836 capillorum
3329 770 3560 838 pulchre
3655 828 3662 833 ,

1974 857 2271 912 admodum
2290 857 2680 928 cogitationum
2707 857 2977 928 signiﬁcat
2998 857 3418 926 depositionem,
3439 875 3560 929 qua:

1975 950 2201 1020 quidem
2252 958 2412 1006 vetus
2458 951 2626 1005 Israel
2666 950 2984 1019 redemptus
3030 949 3211 1004 facere
3239 950 3556 1020 jubebatur,

1975 1043 2090 1097 Deo
2137 1050 2326 1113 aperte
2378 1058 2478 1112 per
2535 1040 2999 1110 sapientissimum
3047 1040 3265 1112 Moysen
3296 1042 3556 1098 dicente:

1985 1152 2003 1184 ι
2036 1133 2157 1188 Non
2209 1142 2376 1188 erunt
2429 1133 2525 1188 tibi
2556 1132 2632 1187 dii
2666 1133 2758 1187 alii
2789 1141 2988 1202 praeter
3011 1149 3118 1187 me.
3160 1151 3177 1183 ι
3219 1133 3288 1188 Ει
3314 1133 3514 1188 iterum
3543 1153 3555 1188 :

1985 1243 2003 1276 ι
2035 1225 2153 1280 Non
2185 1224 2354 1280 facies
2398 1225 2478 1280 sic
2529 1225 2761 1280 Domino
2812 1225 2924 1279 Deo
2976 1234 3070 1280 tuo
3101 1225 3165 1280 ⁷³.
3201 1243 3219 1278 ι
3257 1223 3558 1281 Abomina-

1977 1318 2158 1373 tiones
2187 1319 2334 1372 enim
2355 1333 2492 1386 quas
2514 1318 2709 1372 oderat
2731 1317 3014 1381 Dominus,
3043 1317 3298 1372 fecerunt
3314 1317 3558 1388 ipsorum

1977 1412 2102 1468 diis.
2137 1412 2272 1468 Cum
2308 1414 2455 1467 enim
2483 1413 2663 1468 adhuc
2695 1414 2751 1467 in
2788 1413 3020 1484 Egypto
3066 1413 3349 1484 degerent,
3402 1416 3559 1471 aliter

1978 1505 2306 1568 sentiebant,
2357 1513 2548 1574 utpote
2596 1505 2692 1574 qui
2749 1503 2993 1559 inﬁnitos
3034 1513 3292 1574 putarent
3319 1505 3472 1572 deos,
3503 1515 3558 1561 et

1978 1606 2257 1653 creaturas
2284 1597 2428 1652 ultra
2455 1595 2770 1652 Creatorem
2797 1597 3060 1662 colerent,
3108 1597 3366 1668 lignoque
3389 1607 3446 1654 et
3477 1599 3555 1654 la-

304 1681 529 1750 μυρίους
555 1674 694 1731 εἶναι
736 1678 1055 1747 νομίζοντες
1092 1675 1219 1738 τοὺς
1250 1673 1428 1738 θεοὺς,
1455 1675 1550 1726 καὶ
1589 1676 1656 1745 τῇ
1701 1672 1877 1726 κτίσει

1980 1691 2201 1761 pidibus
2229 1689 2472 1744 divinam
2499 1689 2726 1760 gloriam
2758 1689 3084 1744 tribuerent.
3117 1689 3221 1745 Ubi
3248 1699 3430 1744 autem
3458 1706 3558 1760 per

300 1770 361 1823 τὸ
388 1770 550 1832 σέϐας
584 1770 735 1838 παρὰ
772 1769 849 1840 τῷ
875 1770 1080 1840 Κτίστῃ
1113 1768 1444 1829 ἀνάπτοντες
1467 1782 1480 1795 ·
1507 1764 1684 1830 ξύλοις
1706 1781 1764 1817 τε
1783 1764 1877 1818 καὶ

1979 1759 2201 1854 Moysen
2233 1782 2288 1836 in
2317 1781 2686 1852 cognitionem
2729 1781 2847 1847 Dei,
2895 1780 2986 1850 qui
3035 1791 3226 1851 suapte
3264 1759 3467 1836 natura,
3499 1791 3555 1837 et

300 1859 466 1924 λίθοις
489 1859 833 1922 ἀνατιθέντες
863 1858 960 1930 τὴν
1001 1859 1175 1923 δόξαν.
1221 1855 1438 1928 Ἐπειδὴ
1485 1855 1541 1908 δὲ
1582 1855 1874 1926 κέκληνται

296 1951 385 2006 διά
407 1951 649 2014 Μωσέως
674 1951 753 2014 εἰς
792 1950 1086 2018 ἐπίγνωσιν
1115 1947 1210 2002 τοῦ
1241 1948 1378 2001 Θεοῦ
1415 1946 1509 2000 τοῦ
1541 1946 1682 2001 κατὰ
1715 1946 1874 2018 φύσιν

294 2043 529 2114 ἀληθοῦς
555 2045 652 2097 καὶ
687 2043 871 2114 μόνου,
903 2042 1020 2106 πῶς
1063 2041 1212 2094 ἐστιν
1262 2040 1626 2111 ἀμφιϐάλλειν
1657 2041 1739 2093 ὅτι
1781 2039 1877 2092 καὶ

291 2134 495 2206 ἐτέρων
521 2133 704 2197 αὐτοῖς
737 2131 956 2186 ἐννοιῶν
1000 2131 1297 2201 καινότητα
1332 2131 1510 2201 πάντη
1541 2147 1601 2184 τε
1626 2129 1722 2184 καὶ
1749 2129 1879 2184 πάν-

288 2241 396 2289 τως
427 2225 773 2296 εἰσεκόμισεν
799 2225 828 2276 ὁ
873 2223 1090 2294 καιρός;
1123 2221 1294 2274 Τοῦτο
1337 2224 1432 2274 καὶ
1475 2223 1606 2292 ἡμῖν
1657 2221 1868 2289 ἐπείγε-

290 2317 415 2371 σθαι
455 2317 758 2388 κατορθοῦν
792 2317 820 2369 6
845 2315 1130 2380 θεσπέσιος
1177 2313 1387 2378 Παῦλος
1416 2315 1753 2387 προστέταχε
1796 2313 1879 2366 λέ-

285 2426 401 2479 γων
423 2425 438 2439 ·
468 2409 589 2480 «Μὴ
613 2425 782 2479 συσχη
793 2408 1084 2478 ματίζεσθε
1107 2407 1185 2477 τῷ
1214 2408 1370 2461 αἰῶνι
1395 2407 1595 2478 τούτῳο
1623 2406 1756 2460 ἀλλά
1777 2423 1875 2478 με-

285 2500 674 2572 ταμορφοῦσθε
687 2503 751 2571 τῇ
765 2499 1103 2552 ἀνακαινίσει
1126 2499 1220 2552 τοῦ
1233 2499 1350 2562 νοὸς
1367 2498 1542 2569 ὑμῶν,
1564 2499 1644 2562 εἰς
1659 2497 1721 2551 τὸ
1739 2497 1877 2551 δοκι·

291 2595 486 2665 μαζειν
513 2594 657 2664 ὑμᾶς
678 2592 732 2646 τί
760 2591 822 2645 τὸ
841 2592 1050 2661 θέλημα
1075 2591 1168 2644 τοῦ
1199 2591 1334 2644 Θεοῦ
1363 2592 1423 2646 τὸ
1446 2591 1648 2661 ἀγαθὸν
1672 2592 1766 2646 καὶ
1786 2592 1876 2645 εύ-

287 2686 519 2757 άρεστον
540 2686 634 2740 καὶ
650 2685 876 2740 τέλειον.
899 2702 918 2736 ι
948 2685 1020 2736 Τὸ
1053 2685 1150 2754 μὲν
1179 2679 1270 2738 οῦν
1286 2684 1572 2754 ψιλοῦσθαι
1587 2685 1685 2754 τὴν
1703 2701 1876 2753 κεφα-

289 2779 386 2852 λὴν
415 2779 574 2833 ταυτὶ
605 2777 668 2849 δή
716 2794 818 2830 που
875 2777 1090 2839 πάντως
1121 2777 1488 2848 ὑπεμφήνειεν
1519 2777 1603 2831 ἄν.
1637 2777 1709 2830 Τὸ
1733 2777 1789 2830 δὲ
1809 2776 1874 2848 δὴ

289 2872 384 2926 καὶ
414 2871 623 2942 ὀνύχων
650 2868 1088 2924 ἀπαλλάττεσθαι
1125 2868 1376 2940 μακρῶν,
1401 2867 1576 2938 ῥύπου
1615 2868 1708 2921 καὶ
1735 2869 1872 2922 ἀκα-

290 2942 827 3034 θαρσίαςίάποϐολὴν
853 2959 1250 3015 ἀπαινίττεται.
1288 2958 1518 3012 Ῥιπῶσι
1547 2959 1656 3030 γὰρ
1679 2959 1798 3012 λίαν
1823 2960 1872 3012 οἰ

1975 1881 2228 1946 vetuset
2256 1874 2407 1929 solus
2427 1882 2531 1938 est,
2575 1873 2751 1928 vocati
2806 1873 3050 1937 fuerunt,
3089 1887 3200 1942 quo
3244 1881 3404 1941 pacto
3448 1873 3555 1928 du.-

1976 1966 2130 2021 bium
2171 1980 2292 2020 esse
2326 1973 2523 2035 potest,
2553 1965 2686 2034 quin
2718 1964 2852 2018 illud
2879 1972 3096 2033 tempus
3132 1979 3302 2018 novas
3331 1964 3554 2019 omnino

1975 2056 2034 2111 in
2083 2056 2218 2126 ipsis
2263 2056 2624 2126 cogitationes
2669 2054 3166 2126 pepererit?ldem
3197 2055 3356 2110 nobis
3387 2071 3556 2126 agen-

1975 2147 2108 2203 dum
2129 2146 2296 2203 etiam
2321 2147 2544 2202 divinus
2581 2147 2784 2201 Paulus
2806 2147 3086 2216 pttecepit,
3126 2147 3316 2202 dicens
3343 2165 3356 2200 :
3394 2167 3412 2198 ‹
3443 2148 3555 2214 No-

1973 2243 2070 2299 lite
2120 2240 2455 2298 conformari
2503 2240 2633 2296 huic
2675 2241 2895 2306 seculo,
2950 2239 3046 2295 sed
3092 2239 3556 2295 transformemini

1975 2351 2074 2406 per
2115 2333 2528 2389 renovationem
2555 2331 2757 2387 mentis
2787 2339 3007 2397 vestra},
3044 2338 3105 2386 ut
3147 2333 3395 2403 probetis
3435 2348 3558 2403 quae

1975 2428 2047 2482 sit
2073 2427 2328 2482 voluntas
2348 2422 2443 2478 Dei
2466 2424 2628 2488 bona,
2654 2432 2711 2478 et
2733 2432 2954 2494 accepta
2973 2431 3137 2493 atque
3161 2424 3401 2493 perfecta
3429 2424 3496 2479 τί.
3531 2443 3549 2476 ι

1974 2515 2090 2571 lloc
2120 2515 2288 2586 igitur
2322 2529 2420 2585 per
2447 2513 2795 2569 abrasionem
2819 2514 3018 2584 capitis
3045 2514 3269 2571 omnino
3296 2519 3558 2576 ostende-

1973 2606 2066 2662 rit.
2103 2607 2206 2661 Per
2237 2604 2504 2674 unguium
2544 2610 2729 2658 autem
2760 2603 3070 2674 longiorum
3099 2607 3553 2676 amputationem,

1972 2697 2224 2753 sordium
2275 2703 2334 2750 et
2390 2693 2754 2749 immunditize
2807 2694 3208 2764 depositionem
3263 2698 3551 2768 signiﬁcat.

1971 2788 2139 2861 418
2163 2789 2295 2841 Nam
2328 2787 2364 2840 ii
2389 2786 2592 2856 quibus
2617 2785 3011 2855 promissiones
3051 2794 3202 2853 sunt,
3255 2791 3447 2846 sordes
3496 2791 3554 2847 in

1973 2879 2043 2934 iis
2076 2880 2222 2934 alere
2247 2885 2674 2932 consueverunt.
2714 2874 2871 2941 Quod
2906 2884 3091 2931 autem
3123 2893 3154 2932 a
3191 2879 3422 2949 pristina
3447 2881 3547 2936 im-

1972 2973 2244 3029 munditia
2293 2970 2580 3026 discedere
2629 2978 2882 3040 oporteat
2918 2971 3196 3039 lsraelem,
3218 2990 3382 3044 quem
3409 2977 3552 3033 Deus

290 3057 388 3125 τῆς
432 3057 623 3126 χρείας
666 3055 1105 3126 εὐμηκεστέρους
1156 3056 1281 3119 τοὺς
1335 3055 1531 3124 ὄνυχας
1568 3053 1733 3124 ἔχειν,
1768 3055 1868 3107 οὐκ

1972 3063 2214 3122 amicitia
2259 3078 2357 3148 sua
2406 3069 2492 3117 est
2534 3061 2808 3132 dignatus,
2855 3063 3062 3116 nemini
3099 3064 3330 3120 dubium
3361 3067 3550 3133 fuerit,

289 3151 388 3210 οἶδ’
445 3155 595 3217 ὅπως
654 3151 1023 3222 ἠγαπηκότες.
1081 3148 1156 3221 (1)
1213 3148 1535 3219 Ἀποφοιτᾷν
1599 3147 1706 3200 ἔδει
1770 3147 1860 3198 τὸν

301 3247 542 3319 Ἰσραὴλ,
557 3246 657 3316 τῆς
686 3245 820 3316 πρὸς
840 3243 971 3296 Θεὸν
987 3243 1316 3312 οἰκειότητος
1333 3240 1652 3310 ἠξιωμένον,
1671 3240 1771 3292 οὐκ
1791 3237 1860 3291 ἂν

293 3337 585 3392 ὲνδοιάσειέ
610 3353 708 3400 τις,
736 3335 1172 3404 ἀνακεκραγότος
1189 3332 1277 3385 τοῦ
1303 3332 1467 3401 νόμου
1496 3329 1700 3399 σαφῶςο
1739 3348 1756 3380 ι
1785 3327 1860 3382 Οὐ

289 3420 591 3489 φονεύσεις,
623 3422 683 3474 οὐ
712 3420 1036 3492 μοιχεύσεις,
1067 3422 1127 3474 οὑ
1161 3421 1699 3494 ψευδομαρτυρήσεις
1723 3419 1865 3474 κατά

288 3512 380 3567 τοῦ
411 3512 640 3584 πλησίον
665 3529 760 3566 σου
794 3513 1096 3583 μαρτυρίαν
1119 3512 1289 3583 ψευδῆ
1312 3528 1324 3542 ο
1356 3529 1374 3563 ι
1407 3513 1500 3565 καὶ
1527 3513 1629 3565 ὅσα
1654 3510 1864 3574 τούτοις

295 3605 688 3673 συνήρμοσται.
719 3604 799 3656 Τά
819 3603 875 3656 δὲ
901 3604 1002 3672 τῆς
1027 3603 1407 3674 αἰχμαλωσίας
1450 3601 1662 3672 ἱμάτια,
1696 3601 1864 3674 φαίην

290 3691 356 3746 ἂν
391 3691 571 3760 ἔγωγε
613 3691 712 3760 τῆς
738 3691 982 3756 δουλείας
1013 3692 1074 3745 τὸ
1104 3692 1310 3762 σχῆμα,
1342 3692 1436 3746 καὶ
1461 3693 1559 3762 τῆς
1584 3695 1640 3747 ὲν
1663 3692 1863 3761 φαυλό-

285 3799 408 3852 τητι
459 3783 737 3847 πολιτείας
775 3784 1112 3854 ἀναγράφειν
1165 3785 1293 3846 τοὺς
1335 3782 1559 3846 τύπους.
1597 3784 1864 3854 ’Υπενηλ-

288 3872 532 3945 λαγμένη
577 3875 675 3944 μὲν
709 3877 818 3945 γάρ
858 3877 969 3936 τοῖς
1010 3873 1104 3926 τοῦ
1149 3873 1394 3928 διαὸόλου
1452 3875 1740 3947 θελήμασι,
1767 3876 1863 3930 καὶ

288 3969 410 4028 ταῖς
463 3966 674 4018 ἐκείνου
737 3965 1071 4030 πλεονεξίαις
1117 3964 1469 4036 ὑποφέρουσα
1518 3965 1609 4019 τὸν
1639 3967 1862 4036 αὐχένα,

288 4057 488 4126 ἀμφιον
514 4057 703 4128 ὥσπερ
731 4074 784 4109 τι
808 4057 1101 4128 διερρωγὸς
1134 4057 1228 4110 καὶ
1271 4057 1457 4128 ῥυπῶν
1483 4058 1580 4128 τὴν
1608 4057 1866 4129 φιλοσαρ-

287 4147 407 4199 κίαν
449 4147 680 4217 ἐδέχετο.
719 4148 934 4220 Ἐπειδὴ
985 4149 1042 4202 δὲ
1074 4148 1377 4222 λελύτρωτο
1433 4149 1603 4220 νόμῳ,
1653 4147 1748 4202 καὶ
1793 4149 1865 4202 τά

288 4236 495 4306 ἀμείνω
526 4238 952 4293 κατεπαιδεύετο
985 4242 1202 4312 φρονεῖν
1227 4258 1288 4295 τε
1318 4242 1414 4307 καὶ
1440 4241 1594 4311 δρᾷν,
1635 4240 1736 4308 τῆς
1765 4241 1866 4310 ἀρ-

285 4325 447 4394 χαίας
469 4327 800 4397 φαυλότητος
824 4329 1130 4384 ἀπεδύσατο
1161 4331 1229 4384 τά
1265 4331 1610 4400 ἐγκλήματα,
1650 4331 1741 4385 καὶ
1777 4326 1865 4384 οἷά

1969 3159 2065 3232 qui
2090 3157 2266 3228 legem
2283 3139 2444 3208 'clare
2473 3153 2714 3207 audierit
2749 3155 3172 3211 concionantem
3201 3175 3214 3210 :
3259 3177 3277 3210 ι
3309 3159 3429 3215 Non
3455 3175 3550 3216 oc-

1967 3250 2140 3313 cides,
2191 3260 2302 3300 non
2358 3244 2744 3310 mmchaberis,
2801 3260 2913 3300 non
2971 3246 3178 3302 furtum
3206 3249 3397 3318 facies,
3440 3269 3551 3309 non

1967 3342 2119 3415 dices
2149 3338 2346 3392 falsum
2366 3335 2745 3392 testimonium
2765 3345 2957 3392 contra
2978 3340 3289 3408 proximum
3319 3351 3497 3410 tuum,
3525 3364 3544 3397 ι

1965 3442 2025 3490 et
2069 3431 2282 3501 reliqua
2307 3430 2394 3485 his
2421 3428 2622 3484 similia
2650 3429 2718 3483 ".
2760 3429 2932 3485 Porro
2960 3433 3288 3490 vestimenta
3319 3438 3550 3507 captivi-

1966 3524 2097 3579 tatis
2145 3521 2379 3577 dixerim
2417 3519 2674 3589 equidem
2717 3535 2839 3575 esse
2879 3520 3110 3593 ﬁguram
3137 3527 3440 3594 servitutis,
3464 3530 3551 3584 vi-

1967 3620 2145 3684 taeque
2196 3613 2251 3666 in
2290 3611 2561 3682 pravitate
2617 3618 2806 3682 typum
2855 3627 2967 3681 prae
2995 3630 3053 3670 se
3091 3615 3256 3672 ferre.
3295 3617 3548 3690 Subjecta

1965 3704 2116 3759 enim
2163 3701 2430 3758 voluntati
2469 3702 2697 3768 diaboli,
2757 3703 3039 3774 ipsiusque
3071 3710 3346 3778 tyrannidi
3376 3713 3543 3766 cervi-

1966 3811 2088 3851 cem
2148 3795 2392 3850 subdens
2437 3795 2610 3849 veluti
2649 3795 3033 3850 indumentum
3074 3801 3266 3854 tritum
3325 3803 3543 3859 sordida

1965 3885 2151 3941 carnis
2200 3885 2472 3940 desideria
2518 3885 2808 3941 contraxit.
2860 3888 3222 3957 Posteaquam
3266 3906 3402 3946 vero
3457 3909 3544 3948 re-

1966 3976 2186 4046 dempta
2211 3975 2330 4044 lege
2359 3982 2416 4028 et
2441 3974 2668 4028 meliora
2700 3990 2893 4044 sapere
2931 3993 2996 4031 ac
3035 3977 3214 4034 facere
3254 3980 3414 4036 docta
3439 3991 3544 4047 est,

1964 4066 2118 4121 exuit
2171 4063 2420 4136 pristinas
2464 4064 2749 4134 pravitatis
2783 4065 3034 4134 crimina,
3078 4084 3142 4124 ac
3171 4071 3326 4140 quasi
3359 4071 3544 4142 splen-

1966 4157 2150 4214 didam
2178 4156 2470 4227 quamdam
2501 4154 2745 4211 tunicam
2771 4155 3170 4215 institutionem
3191 4161 3418 4233 legalem
3438 4162 3542 4218 sibi

1967 4248 2166 4303 induit.
2210 4247 2389 4318 Atque
2411 4247 2536 4312 boc,
2560 4255 2622 4302 ut
2654 4247 2912 4314 arbitror,
2934 4258 3021 4306 est
3042 4252 3188 4322 quod
3221 4253 3381 4310 nobis
3409 4254 3544 4325 ipsis

1967 4337 2280 4393 faciendum
2329 4352 2450 4392 esse
2488 4337 2691 4393 Paulus
2731 4347 2939 4406 monet,
2967 4339 3042 4394 ita
3065 4342 3294 4397 dicens:
3335 4363 3352 4394 ι
3381 4345 3543 4399 Exuti

285 4433 404 4469 τινα
432 4418 634 4486 χιτῶνα
650 4419 901 4492 λαμπρὸν
929 4422 1028 4483 τὴν
1058 4422 1146 4476 διὰ
1180 4425 1345 4492 νόμου
1372 4423 1652 4476 παίδευσιν
1683 4422 1862 4494 ἑαυτῷ

1970 4437 2209 4486 veterem
2256 4430 2535 4485 hominem
2564 4445 2689 4484 cum
2718 4430 2932 4485 actibus
2967 4433 3101 4497 suis,
3131 4433 3420 4504 indutique
3441 4453 3543 4491 no-

282 4505 530 4575 περιθεὶς
555 4507 779 4562 διετέλει.
823 4511 1029 4565 λοιπόν.
1078 4513 1186 4565 Καὶ
1231 4511 1411 4578 τοῦτο,
1437 4509 1614 4584 οἶμαι,
1643 4512 1810 4576 ἐστιν,
1838 4512 1866 4566 ὃ

281 4595 342 4663 δὴ
395 4597 493 4650 καὶ⁸
534 4599 681 4670 ἡμᾶς
731 4603 928 4667 αὐτοὺς
975 4603 1258 4658 ἀναπείθει
1321 4605 1454 4676 δρᾷν
1506 4606 1536 4657 6
1581 4603 1866 4668 θεσπέσιος

285 4689 514 4756 Παῦλος,
563 4693 736 4763 λέγων
791 4696 998 4761 οὓτως·
1040 4717 1058 4750 ι
1101 4699 1564 4768 ’Δπεκδυσάμενοι
1610 4699 1702 4752 τὸν
1757 4715 1864 4752 πα·

286 4778 435 4834 λαιὸν
479 4783 767 4855 ἄνθρωπον
807 4789 903 4840 σὺν
933 4791 1048 4852 ταῖς
1073 4789 1339 4861 πράξεσιν
1379 4791 1569 4855 αὐτοῦ,
1602 4792 1696 4846 καὶ
1722 4793 1866 4845 ἐνδυ-

283 4873 507 4941 σάμενοι
537 4876 629 4929 τὸν
662 4877 780 4931 νέον
801 4879 892 4932 τὸν
915 4881 1372 4950 ἀνακαινούμενον
1413 4882 1737 4937 κατέἰκόνα
1764 4883 1858 4938 τοῦ

280 4961 562 5028 κτίσαντος
610 4965 791 5021 αὐτόν.
817 4985 834 5017 ι
873 4967 1390 5041 Ἀπαμφιεννύμεθα
1433 4971 1490 5024 δὲ
1537 4972 1630 5025 καὶ
1679 4972 1738 5026 ὲν
1785 4971 1864 5043 τῷ

281 5051 418 5122 ἁγίῳ
445 5052 804 5128 βαπτίσματι,
839 5063 1121 5132 μονονουχὶ
1141 5063 1617 5135 παραρῤίπτοντες
1648 5064 1724 5134 τῷ
1756 5066 1860 5118 Σα-

279 5143 411 5211 τανᾷ
444 5144 511 5196 τὰ
563 5145 662 5216 τῆς
700 5148 1075 5217 αἰχμαλωσίας
1127 5153 1337 5221 ἰμάτια.
1377 5152 1531 5206 Οῦτω
1586 5170 1644 5205 τε
1676 5153 1861 5206 λοιπὸν

281 5231 444 5284 αὑτὸν
484 5235 838 5306 ἐνδυσάμενοι
872 5241 962 5293 τὸν
1006 5242 1351 5315 Ἐμμανουὴλ
1405 5245 1730 5315 ἀνατίθεμεν
1779 5245 1856 5316 τῷ

281 5319 396 5393 Θεῷ
435 5325 529 5376 καὶ
579 5327 756 5398 Πατρὶ
799 5331 867 5382 τὰ
917 5334 1248 5403 χαριστήρια
1290 5334 1572 5402 λέγοντεςο
1607 5355 1624 5386 ι
1661 5335 1855 5402 Ἀγαλ‹

283 5409 485 5467 λιάσθω
526 5419 558 5486 ἡ
597 5418 744 5488 ψυχὴ
789 5439 892 5489 μου
920 5425 1012 5476 ἐπὶ
1038 5424 1114 5495 τῷ
1148 5426 1368 5496 Κυρίῳθ
1400 5426 1618 5480 ἐνέδυσε
1651 5427 1761 5498 γάρ
1789 5444 1855 5498 με

286 5504 492 5575 ἱμάτιον
555 5514 848 5583 σωτηρίου,
885 5518 978 5568 καὶ
1016 5517 1220 5586 χιτῶνα
1272 5519 1671 5589 εὐφροσύνης.»
1712 5521 1856 5592 Ἔφη

1962 4539 2093 4579 vum
2141 4524 2442 4589 hominem,
2495 4523 2588 4593 qui
2642 4533 2940 4578 renovatur
2993 4525 3060 4579 ad
3111 4526 3405 4596 imaginem
3458 4529 3544 4583 sui

1962 4615 2269 4672 conditoris
2301 4617 2367 4669 ⁷⁸.
2399 4634 2418 4667 ι
2471 4613 2740 4669 Exuimur
2773 4615 2920 4670 enim
2962 4615 3015 4671 in
3056 4627 3246 4673 sancto
3271 4617 3543 4688 baptismo

1962 4707 2285 4779 abjicientes
2316 4715 2526 4761 tantum
2575 4721 2687 4761 non
2743 4705 2956 4762 Satanas
3002 4709 3337 4780 captivitatis
3379 4708 3546 4766 vesti-

1962 4804 2164 4852 menta.
2195 4795 2372 4865 Atque
2396 4795 2473 4849 ita
2494 4794 2755 4864 deinceps
2785 4793 2965 4850 induti
3007 4797 3185 4866 ipsum
3214 4799 3544 4855 Emmanue-

1967 4891 2096 4953 lem,
2123 4887 2324 4959 gratias
2359 4887 2570 4957 agimus
2595 4903 2608 4940 :
2650 4905 2668 4940 ι
2693 4887 2945 4944 Exsultet
2967 4889 3148 4944 anima
3169 4872 3292 4946 mea
3324 4891 3380 4946 in
3432 4893 3542 4948 Do-

1969 4981 2156 5034 mino:
2186 4977 2315 5050 quia
2345 4978 2524 5032 induit
2558 4994 2646 5034 me
2666 4981 2995 5035 vestimento
3035 4982 3227 5038 salutis
3275 4991 3330 5039 et
3357 4987 3543 5044 tunica

1966 5069 2169 5124 laetitiae
2211 5069 2278 5121 ".
2325 5088 2342 5120 ι
2378 5069 2582 5124 Paulus
2618 5069 2784 5125 etiam
2829 5070 2964 5141 legis
3011 5071 3380 5142 peritissimus
3410 5077 3540 5133 alibi

1967 5161 2042 5214 ita
2091 5160 2170 5214 ait
2201 5178 2212 5213 :
2267 5179 2283 5210 ι
2313 5160 2530 5215 lnduite
2558 5162 2851 5216 Dominum
2883 5170 3132 5216 nostrum
3161 5164 3348 5220 Jesum
3377 5166 3542 5224 Chri-

1963 5259 2132 5312 stum,
2177 5265 2353 5319 ncque
2385 5252 2567 5306 carnis
2603 5268 2792 5307 curam
2839 5253 3012 5323 agatis
3045 5255 3110 5308 ad
3143 5259 3538 5328 concupiscem-

1963 5341 2093 5395 tiam
2140 5341 2204 5394 ⁷⁸.
2253 5360 2269 5392 ι
2318 5342 2510 5397 Viden‘
2569 5345 2844 5413 quomodo
2883 5347 3033 5400 exuti
3067 5350 3249 5403 carnis
3283 5359 3540 5421 tanquam

1966 5431 2298 5500 captivitatis
2319 5433 2586 5498 vestibus,
2617 5435 2901 5504 splendida
2931 5451 2996 5490 ac
3029 5437 3214 5492 divina
3240 5450 3392 5495 veste
3419 5452 3539 5498 uta-

1963 5539 2110 5590 mur,
2132 5520 2335 5578 Cbristi
2365 5523 2585 5593 inquam
2612 5525 2636 5577 ?
2659 5527 2778 5596 Ipse
2811 5528 2960 5582 enim
2991 5538 3076 5584 est
3109 5531 3291 5586 tunica
3313 5532 3536 5601 laetitiae,

361 5625 408 5656 "
436 5625 608 5680 Exod.
639 5644 728 5688 xx,
748 5630 802 5688 ‘2.
827 5631 917 5684 9.5.
972 5631 1019 5661 7‘
1041 5631 1194 5686 lium.
1228 5650 1320 5698 xu,
1343 5636 1396 5689 Ξ.
1456 5638 1501 5668 ⁷⁸
1532 5637 1699 5691 Exod.
1723 5655 1811 5703 xx,
1839 5640 1929 5704 l5,
1953 5657 2107 5713 seqq.
2176 5644 2222 5677 "
2247 5643 2362 5699 Col.
2384 5661 2464 5708 ιιι,
2491 5646 2544 5700 9.
2594 5647 2639 5679 ’⁷⁷
2662 5647 2767 5702 lsa.
2789 5665 2899 5712 ut,
2936 5651 3022 5717 10,
3065 5651 3112 5684 ⁷⁸
3140 5650 3292 5705 Rom.
3315 5668 3426 5712 nu,
3449 5653 3535 5709 16.

379 5719 456 5783 (l)
491 5717 671 5774 Codex
704 5721 1038 5794 Harlteanus,
1065 5727 1189 5779 ’Ότι
1222 5727 1278 5780 δὲ
1300 5729 1396 5800 τῆς
1435 5729 1662 5800 ἀρχαίας
1693 5733 1884 5804 ἀκαοαι

1970 5755 2028 5800 ας
2059 5739 2354 5811 ἀποφοιτᾷν
2388 5742 2510 5808 ἔδει,
2541 5759 2592 5798 κ.
2634 5759 2682 5795 τ.
2713 5742 2783 5811 λ.,
2813 5754 2865 5800 et
2896 5747 2977 5804 sic
3017 5748 3146 5820 legit
3174 5749 3459 5818 interpres.
