  <div class='ocr_page' id='page_1' title='image "/cluster/home/n/w/nwhite01/storage/ocr_20150623/69/hvd.32044015469349/013.png"; bbox 0 0 4018 6340; ppageno 0'>
   <div class='ocr_carea' id='block_1_1' title="bbox 436 278 2020 335">
    <p class='ocr_par' dir='ltr' id='par_1_1' title="bbox 436 278 2020 332">
     <span class='ocr_line' id='line_1_1' title="bbox 436 278 2020 332; baseline 0 -1"><span class='ocrx_word' id='word_1_1' title='bbox 436 278 506 331; x_wconf 73' lang='grc'><strong>15</strong></span> <span class='ocrx_word' id='word_1_2' title='bbox 1845 278 2020 332; x_wconf 68' lang='lat' dir='ltr'><strong>Vlilll.</strong></span> 
     </span>
    </p>
   </div>
   <div class='ocr_carea' id='block_1_2' title="bbox 2125 278 3710 335">
    <p class='ocr_par' dir='ltr' id='par_1_2' title="bbox 2125 280 3710 335">
     <span class='ocr_line' id='line_1_2' title="bbox 2125 280 3710 335; baseline 0.002 -3"><span class='ocrx_word' id='word_1_3' title='bbox 2125 280 2309 335; x_wconf 64' lang='grc' dir='ltr'><strong>ΡΛΡΛΞ</strong></span> <span class='ocrx_word' id='word_1_4' title='bbox 3643 281 3710 335; x_wconf 58' lang='lat' dir='ltr'><strong>Hi</strong></span> 
     </span>
    </p>
   </div>
   <div class='ocr_carea' id='block_1_3' title="bbox 421 388 3707 464">
    <p class='ocr_par' dir='ltr' id='par_1_3' title="bbox 421 388 3707 464">
     <span class='ocr_line' id='line_1_3' title="bbox 421 388 3707 464; baseline 0.001 -22"><span class='ocrx_word' id='word_1_5' title='bbox 421 388 627 456; x_wconf 74' lang='lat' dir='ltr'><strong>gilium,</strong></span> <span class='ocrx_word' id='word_1_6' title='bbox 659 395 713 442; x_wconf 88' lang='lat' dir='ltr'><strong>et</strong></span> <span class='ocrx_word' id='word_1_7' title='bbox 742 389 954 457; x_wconf 80' lang='lat' dir='ltr'><strong>quando</strong></span> <span class='ocrx_word' id='word_1_8' title='bbox 985 404 1106 443; x_wconf 79' lang='lat' dir='ltr'><strong>eum</strong></span> <span class='ocrx_word' id='word_1_9' title='bbox 1132 389 1363 445; x_wconf 88' lang='lat' dir='ltr'><strong>voluerit</strong></span> <span class='ocrx_word' id='word_1_10' title='bbox 1394 390 1535 445; x_wconf 86' lang='lat' dir='ltr'><strong>Deus</strong></span> <span class='ocrx_word' id='word_1_11' title='bbox 1558 390 1788 446; x_wconf 90' lang='lat' dir='ltr'><strong>transire</strong></span> <span class='ocrx_word' id='word_1_12' title='bbox 1809 390 1876 445; x_wconf 92' lang='lat' dir='ltr'><strong>de</strong></span> <span class='ocrx_word' id='word_1_13' title='bbox 1903 391 2005 445; x_wconf 91' lang='lat' dir='ltr'><strong>hoc</strong></span> <span class='ocrx_word' id='word_1_14' title='bbox 2040 403 2080 452; x_wconf 66' lang='grc' dir='ltr'><strong>Α</strong></span> <span class='ocrx_word' id='word_1_15' title='bbox 2111 394 2317 464; x_wconf 91' lang='lat' dir='ltr'><strong>pultum</strong></span> <span class='ocrx_word' id='word_1_16' title='bbox 2353 402 2436 448; x_wconf 88' lang='lat' dir='ltr'><strong>est</strong></span> <span class='ocrx_word' id='word_1_17' title='bbox 2462 393 2528 449; x_wconf 92' lang='lat' dir='ltr'><strong>ad</strong></span> <span class='ocrx_word' id='word_1_18' title='bbox 2555 392 2812 451; x_wconf 89' lang='lat' dir='ltr'><strong>Sanctum</strong></span> <span class='ocrx_word' id='word_1_19' title='bbox 2843 394 3174 460; x_wconf 83' lang='lat' dir='ltr'><strong>Marcellum,</strong></span> <span class='ocrx_word' id='word_1_20' title='bbox 3204 393 3289 448; x_wconf 98' lang='lat' dir='ltr'><strong>via</strong></span> <span class='ocrx_word' id='word_1_21' title='bbox 3322 391 3557 449; x_wconf 86' lang='lat' dir='ltr'><strong>Salaria.</strong></span> <span class='ocrx_word' id='word_1_22' title='bbox 3608 391 3707 448; x_wconf 78' lang='lat' dir='ltr'><strong>llic</strong></span> 
     </span>
    </p>
   </div>
   <div class='ocr_carea' id='block_1_4' title="bbox 428 478 2010 551">
    <p class='ocr_par' dir='ltr' id='par_1_4' title="bbox 428 478 2010 551">
     <span class='ocr_line' id='line_1_4' title="bbox 428 478 2010 551; baseline 0 -18"><span class='ocrx_word' id='word_1_23' title='bbox 428 478 635 544; x_wconf 60' lang='lat' dir='ltr'><strong>saeculo,</strong></span> <span class='ocrx_word' id='word_1_24' title='bbox 663 486 793 535; x_wconf 92' lang='lat' dir='ltr'><strong>tunc</strong></span> <span class='ocrx_word' id='word_1_25' title='bbox 820 489 999 536; x_wconf 88' lang='lat' dir='ltr'><strong>vestra</strong></span> <span class='ocrx_word' id='word_1_26' title='bbox 1031 481 1393 551; x_wconf 72' lang='lat' dir='ltr'><strong>prmccptioue</strong></span> <span class='ocrx_word' id='word_1_27' title='bbox 1420 480 1575 535; x_wconf 91' lang='lat' dir='ltr'><strong>nobis</strong></span> <span class='ocrx_word' id='word_1_28' title='bbox 1602 479 1833 535; x_wconf 79' lang='lat' dir='ltr'><strong>donetur</strong></span> <span class='ocrx_word' id='word_1_29' title='bbox 1858 478 2010 534; x_wconf 86' lang='lat' dir='ltr'><strong>Pela-</strong></span> 
     </span>
    </p>
   </div>
   <div class='ocr_carea' id='block_1_5' title="bbox 427 570 2007 639">
    <p class='ocr_par' dir='ltr' id='par_1_5' title="bbox 427 570 2007 639">
     <span class='ocr_line' id='line_1_5' title="bbox 427 570 2007 639; baseline -0.001 -13"><span class='ocrx_word' id='word_1_30' title='bbox 427 573 540 639; x_wconf 70' lang='lat' dir='ltr'><strong>gius</strong></span> <span class='ocrx_word' id='word_1_31' title='bbox 564 570 976 627; x_wconf 88' lang='lat' dir='ltr'><strong>archidiaconus</strong></span> <span class='ocrx_word' id='word_1_32' title='bbox 1006 580 1210 628; x_wconf 77' lang='lat' dir='ltr'><strong>noster.</strong></span> <span class='ocrx_word' id='word_1_33' title='bbox 1258 572 1410 627; x_wconf 92' lang='lat' dir='ltr'><strong>Tunc</strong></span> <span class='ocrx_word' id='word_1_34' title='bbox 1440 572 1642 627; x_wconf 82' lang='lat' dir='ltr'><strong>dimisit</strong></span> <span class='ocrx_word' id='word_1_35' title='bbox 1670 587 1860 627; x_wconf 90' lang='lat' dir='ltr'><strong>omnes</strong></span> <span class='ocrx_word' id='word_1_36' title='bbox 1886 587 2007 628; x_wconf 91' lang='lat' dir='ltr'><strong>cum</strong></span> 
     </span>
    </p>
   </div>
   <div class='ocr_carea' id='block_1_6' title="bbox 429 660 2008 733">
    <p class='ocr_par' dir='ltr' id='par_1_6' title="bbox 429 660 2008 733">
     <span class='ocr_line' id='line_1_6' title="bbox 429 660 2008 733; baseline -0.001 -16"><span class='ocrx_word' id='word_1_37' title='bbox 429 660 640 730; x_wconf 82' lang='lat' dir='ltr'><strong>Vigilio.</strong></span> <span class='ocrx_word' id='word_1_38' title='bbox 672 660 952 716; x_wconf 77' lang='lat' dir='ltr'><strong>Venerunt</strong></span> <span class='ocrx_word' id='word_1_39' title='bbox 977 662 1157 729; x_wconf 81' lang='lat' dir='ltr'><strong>itaque</strong></span> <span class='ocrx_word' id='word_1_40' title='bbox 1187 661 1238 714; x_wconf 91' lang='lat' dir='ltr'><strong>in</strong></span> <span class='ocrx_word' id='word_1_41' title='bbox 1263 661 1499 717; x_wconf 89' lang='lat' dir='ltr'><strong>Siciliam</strong></span> <span class='ocrx_word' id='word_1_42' title='bbox 1531 661 1582 715; x_wconf 89' lang='lat' dir='ltr'><strong>in</strong></span> <span class='ocrx_word' id='word_1_43' title='bbox 1612 662 1883 715; x_wconf 88' lang='lat' dir='ltr'><strong>civitatem</strong></span> <span class='ocrx_word' id='word_1_44' title='bbox 1907 662 2008 733; x_wconf 85' lang='lat' dir='ltr'><strong>Sy-</strong></span> 
     </span>
    </p>
   </div>
   <div class='ocr_carea' id='block_1_7' title="bbox 426 750 2015 820">
    <p class='ocr_par' dir='ltr' id='par_1_7' title="bbox 426 750 2015 820">
     <span class='ocr_line' id='line_1_7' title="bbox 426 750 2015 820; baseline 0.001 -16"><span class='ocrx_word' id='word_1_45' title='bbox 426 765 660 811; x_wconf 84' lang='lat' dir='ltr'><strong>racusas.</strong></span> <span class='ocrx_word' id='word_1_46' title='bbox 686 751 777 805; x_wconf 87' lang='lat' dir='ltr'><strong>ubi</strong></span> <span class='ocrx_word' id='word_1_47' title='bbox 794 750 1018 820; x_wconf 83' lang='lat' dir='ltr'><strong>Vigilius</strong></span> <span class='ocrx_word' id='word_1_48' title='bbox 1040 750 1287 815; x_wconf 75' lang='lat' dir='ltr'><strong>afﬂictus,</strong></span> <span class='ocrx_word' id='word_1_49' title='bbox 1305 751 1496 806; x_wconf 88' lang='lat' dir='ltr'><strong>calculi</strong></span> <span class='ocrx_word' id='word_1_50' title='bbox 1523 750 1764 805; x_wconf 84' lang='lat' dir='ltr'><strong>dolorem</strong></span> <span class='ocrx_word' id='word_1_51' title='bbox 1789 751 2015 817; x_wconf 84' lang='lat' dir='ltr'><strong>habens,</strong></span> 
     </span>
    </p>
   </div>
   <div class='ocr_carea' id='block_1_8' title="bbox 426 842 2016 911">
    <p class='ocr_par' dir='ltr' id='par_1_8' title="bbox 426 842 2016 911">
     <span class='ocr_line' id='line_1_8' title="bbox 426 842 2016 911; baseline -0.001 -14"><span class='ocrx_word' id='word_1_52' title='bbox 426 854 674 899; x_wconf 82' lang='lat' dir='ltr'><strong>mortuus</strong></span> <span class='ocrx_word' id='word_1_53' title='bbox 704 851 788 898; x_wconf 91' lang='lat' dir='ltr'><strong>est</strong></span> <span class='ocrx_word' id='word_1_54' title='bbox 816 852 864 896; x_wconf 69' lang='grc' dir='ltr'><strong>α.</strong></span> <span class='ocrx_word' id='word_1_55' title='bbox 908 842 1073 911; x_wconf 84' lang='lat' dir='ltr'><strong>Cujus</strong></span> <span class='ocrx_word' id='word_1_56' title='bbox 1118 858 1317 911; x_wconf 89' lang='lat' dir='ltr'><strong>corpus</strong></span> <span class='ocrx_word' id='word_1_57' title='bbox 1361 843 1581 898; x_wconf 89' lang='lat' dir='ltr'><strong>ductum</strong></span> <span class='ocrx_word' id='word_1_58' title='bbox 1626 842 1875 909; x_wconf 83' lang='lat' dir='ltr'><strong>Romam,</strong></span> <span class='ocrx_word' id='word_1_59' title='bbox 1926 857 2016 896; x_wconf 85' lang='lat' dir='ltr'><strong>sc—</strong></span> 
     </span>
    </p>
   </div>
   <div class='ocr_carea' id='block_1_9' title="bbox 2122 484 3704 557">
    <p class='ocr_par' dir='ltr' id='par_1_9' title="bbox 2122 484 3704 557">
     <span class='ocr_line' id='line_1_9' title="bbox 2122 484 3704 557; baseline -0.001 -19"><span class='ocrx_word' id='word_1_60' title='bbox 2122 484 2250 541; x_wconf 89' lang='lat' dir='ltr'><strong>fecit</strong></span> <span class='ocrx_word' id='word_1_61' title='bbox 2295 485 2666 543; x_wconf 86' lang='lat' dir='ltr'><strong>ordinationes</strong></span> <span class='ocrx_word' id='word_1_62' title='bbox 2715 487 2847 543; x_wconf 90' lang='lat' dir='ltr'><strong>duas</strong></span> <span class='ocrx_word' id='word_1_63' title='bbox 2893 503 2992 557; x_wconf 91' lang='lat' dir='ltr'><strong>per</strong></span> <span class='ocrx_word' id='word_1_64' title='bbox 3042 500 3285 541; x_wconf 88' lang='lat' dir='ltr'><strong>mensem</strong></span> <span class='ocrx_word' id='word_1_65' title='bbox 3333 484 3704 552; x_wconf 91' lang='lat' dir='ltr'><strong>Decembrem,</strong></span> 
     </span>
    </p>
   </div>
   <div class='ocr_carea' id='block_1_10' title="bbox 2123 574 3755 647">
    <p class='ocr_par' dir='ltr' id='par_1_10' title="bbox 2123 574 3755 647">
     <span class='ocr_line' id='line_1_10' title="bbox 2123 574 3755 647; baseline -0.002 -17"><span class='ocrx_word' id='word_1_66' title='bbox 2123 577 2469 647; x_wconf 78' lang='lat' dir='ltr'><strong>presbyteros</strong></span> <span class='ocrx_word' id='word_1_67' title='bbox 2497 575 2599 644; x_wconf 65' lang='lat'><strong>46,</strong></span> <span class='ocrx_word' id='word_1_68' title='bbox 2632 577 2891 632; x_wconf 89' lang='lat' dir='ltr'><strong>diacones</strong></span> <span class='ocrx_word' id='word_1_69' title='bbox 2921 577 3019 643; x_wconf 74' lang='lat' dir='ltr'><strong>i6,</strong></span> <span class='ocrx_word' id='word_1_70' title='bbox 3054 577 3339 646; x_wconf 90' lang='lat' dir='ltr'><strong>episcopos</strong></span> <span class='ocrx_word' id='word_1_71' title='bbox 3365 589 3464 645; x_wconf 88' lang='lat' dir='ltr'><strong>per</strong></span> <span class='ocrx_word' id='word_1_72' title='bbox 3492 574 3706 629; x_wconf 89' lang='lat' dir='ltr'><strong>diversa</strong></span> <span class='ocrx_word' id='word_1_73' title='bbox 3744 614 3755 624; x_wconf 91' lang='lat'><strong>.</strong></span> 
     </span>
    </p>
   </div>
   <div class='ocr_carea' id='block_1_11' title="bbox 2126 665 3712 737">
    <p class='ocr_par' dir='ltr' id='par_1_11' title="bbox 2126 665 3712 737">
     <span class='ocr_line' id='line_1_11' title="bbox 2126 665 3712 737; baseline -0.001 -17"><span class='ocrx_word' id='word_1_74' title='bbox 2126 667 2244 721; x_wconf 87' lang='lat' dir='ltr'><strong>loca</strong></span> <span class='ocrx_word' id='word_1_75' title='bbox 2277 682 2501 721; x_wconf 91' lang='lat' dir='ltr'><strong>numero</strong></span> <span class='ocrx_word' id='word_1_76' title='bbox 2522 667 2611 721; x_wconf 84' lang='grc'><strong>81.</strong></span> <span class='ocrx_word' id='word_1_77' title='bbox 2649 665 2714 721; x_wconf 83' lang='grc' dir='ltr'><strong>Ει</strong></span> <span class='ocrx_word' id='word_1_78' title='bbox 2735 668 2965 722; x_wconf 82' lang='lat' dir='ltr'><strong>cessavit</strong></span> <span class='ocrx_word' id='word_1_79' title='bbox 2988 667 3331 737; x_wconf 83' lang='lat' dir='ltr'><strong>episcopatus</strong></span> <span class='ocrx_word' id='word_1_80' title='bbox 3356 679 3569 720; x_wconf 86' lang='lat' dir='ltr'><strong>menses</strong></span> <span class='ocrx_word' id='word_1_81' title='bbox 3602 672 3712 719; x_wconf 89' lang='lat' dir='ltr'><strong>tres</strong></span> 
     </span>
    </p>
   </div>
   <div class='ocr_carea' id='block_1_12' title="bbox 2128 757 2527 828">
    <p class='ocr_par' dir='ltr' id='par_1_12' title="bbox 2128 757 2527 828">
     <span class='ocr_line' id='line_1_12' title="bbox 2128 757 2527 828; baseline 0 -16"><span class='ocrx_word' id='word_1_82' title='bbox 2128 757 2246 812; x_wconf 86' lang='lat' dir='ltr'><strong>dies</strong></span> <span class='ocrx_word' id='word_1_83' title='bbox 2271 758 2527 828; x_wconf 83' lang='lat' dir='ltr'><strong>quinque.</strong></span> 
     </span>
    </p>
   </div>
   <div class='ocr_carea' id='block_1_13' title="bbox 495 951 3723 1023">
    <p class='ocr_par' dir='ltr' id='par_1_13' title="bbox 495 951 3723 1023">
     <span class='ocr_line' id='line_1_13' title="bbox 495 951 3723 1023; baseline -0.001 -15"><span class='ocrx_word' id='word_1_84' title='bbox 495 966 521 993; x_wconf 70' lang='grc' dir='ltr'><strong>δ</strong></span> <span class='ocrx_word' id='word_1_85' title='bbox 566 955 812 1023; x_wconf 78' lang='lat' dir='ltr'><strong>Pelagius</strong></span> <span class='ocrx_word' id='word_1_86' title='bbox 853 955 1129 1010; x_wconf 83' lang='lat' dir='ltr'><strong>diaconus</strong></span> <span class='ocrx_word' id='word_1_87' title='bbox 1152 954 1203 1008; x_wconf 93' lang='lat' dir='ltr'><strong>in</strong></span> <span class='ocrx_word' id='word_1_88' title='bbox 1246 955 1608 1023; x_wconf 83' lang='lat' dir='ltr'><strong>suspicionem</strong></span> <span class='ocrx_word' id='word_1_89' title='bbox 1649 955 1813 1011; x_wconf 80' lang='lat' dir='ltr'><strong>occisi</strong></span> <span class='ocrx_word' id='word_1_90' title='bbox 1844 952 2019 1023; x_wconf 72' lang='lat' dir='ltr'><strong>Vigilii</strong></span> <span class='ocrx_word' id='word_1_91' title='bbox 2048 953 2303 1018; x_wconf 87' lang='lat' dir='ltr'><strong>incurrit;</strong></span> <span class='ocrx_word' id='word_1_92' title='bbox 2335 967 2521 1007; x_wconf 89' lang='lat' dir='ltr'><strong>verum</strong></span> <span class='ocrx_word' id='word_1_93' title='bbox 2549 951 2781 1020; x_wconf 79' lang='lat' dir='ltr'><strong>seipsum</strong></span> <span class='ocrx_word' id='word_1_94' title='bbox 2813 952 2879 1006; x_wconf 88' lang='lat' dir='ltr'><strong>de</strong></span> <span class='ocrx_word' id='word_1_95' title='bbox 2907 953 3052 1006; x_wconf 88' lang='lat' dir='ltr'><strong>illata</strong></span> <span class='ocrx_word' id='word_1_96' title='bbox 3081 952 3344 1017; x_wconf 74' lang='lat' dir='ltr'><strong>calumnia</strong></span> <span class='ocrx_word' id='word_1_97' title='bbox 3371 953 3723 1023; x_wconf 66' lang='lat' dir='ltr'><strong>expurgavit,‘</strong></span> 
     </span>
    </p>
   </div>
   <div class='ocr_carea' id='block_1_14' title="bbox 418 1025 1698 1096">
    <p class='ocr_par' dir='ltr' id='par_1_14' title="bbox 418 1025 1698 1096">
     <span class='ocr_line' id='line_1_14' title="bbox 418 1025 1698 1096; baseline -0.001 -16"><span class='ocrx_word' id='word_1_98' title='bbox 418 1035 473 1080; x_wconf 90' lang='lat' dir='ltr'><strong>ut</strong></span> <span class='ocrx_word' id='word_1_99' title='bbox 512 1036 662 1096; x_wconf 90' lang='lat' dir='ltr'><strong>patet</strong></span> <span class='ocrx_word' id='word_1_100' title='bbox 690 1026 823 1079; x_wconf 90' lang='lat' dir='ltr'><strong>infra</strong></span> <span class='ocrx_word' id='word_1_101' title='bbox 855 1027 906 1079; x_wconf 91' lang='lat' dir='ltr'><strong>in</strong></span> <span class='ocrx_word' id='word_1_102' title='bbox 934 1025 1050 1079; x_wconf 84' lang='lat' dir='ltr'><strong>Vita</strong></span> <span class='ocrx_word' id='word_1_103' title='bbox 1081 1025 1300 1093; x_wconf 78' lang='lat' dir='ltr'><strong>Pelagii.</strong></span> <span class='ocrx_word' id='word_1_104' title='bbox 1332 1027 1458 1079; x_wconf 68' lang='grc' dir='ltr'><strong>δεῖν.</strong></span> <span class='ocrx_word' id='word_1_105' title='bbox 1501 1025 1698 1080; x_wconf 61' lang='grc' dir='ltr'><strong>Βικιυδ.</strong></span> 
     </span>
    </p>
   </div>
   <div class='ocr_carea' id='block_1_15' title="bbox 3046 1022 3431 1074">
    <p class='ocr_par' dir='ltr' id='par_1_15' title="bbox 3046 1022 3431 1074">
     <span class='ocr_line' id='line_1_15' title="bbox 3046 1022 3431 1074; baseline -0.029 -4"><span class='ocrx_word' id='word_1_106' title='bbox 3046 1022 3099 1070; x_wconf 65' lang='grc' dir='ltr'><strong>ζ.</strong></span> <span class='ocrx_word' id='word_1_107' title='bbox 3347 1029 3431 1074; x_wconf 44' lang='grc' dir='ltr'><strong>,ηε</strong></span> 
     </span>
    </p>
   </div>
   <div class='ocr_carea' id='block_1_16' title="bbox 3390 1096 3415 1119">
    <p class='ocr_par' dir='ltr' id='par_1_16' title="bbox 3390 1096 3415 1119">
     <span class='ocr_line' id='line_1_16' title="bbox 3390 1096 3415 1119; baseline 0 0"><span class='ocrx_word' id='word_1_108' title='bbox 3390 1096 3415 1119; x_wconf 63' lang='grc' dir='ltr'>ἰ</span> 
     </span>
    </p>
   </div>
   <div class='ocr_carea' id='block_1_17' title="bbox 1419 1098 3409 1371">
    <p class='ocr_par' dir='ltr' id='par_1_17' title="bbox 1419 1098 3409 1371">
     <span class='ocr_line' id='line_1_17' title="bbox 1419 1098 3409 1371; baseline -0.002 -65"><span class='ocrx_word' id='word_1_109' title='bbox 1419 1193 2086 1371; x_wconf 64' lang='lat' dir='ltr'><strong>manu</strong></span> <span class='ocrx_word' id='word_1_110' title='bbox 2160 1195 2696 1305; x_wconf 67' lang='lat' dir='ltr'><strong>mum</strong></span> <span class='ocrx_word' id='word_1_111' title='bbox 3390 1098 3409 1233; x_wconf 60' lang='grc' dir='ltr'><strong>Ῡ²</strong></span> 
     </span>
    </p>
   </div>
   <div class='ocr_carea' id='block_1_18' title="bbox 1028 1383 2982 1504">
    <p class='ocr_par' dir='ltr' id='par_1_18' title="bbox 1028 1383 2982 1504">
     <span class='ocr_line' id='line_1_18' title="bbox 1028 1383 2982 1504; baseline 0.002 -7"><span class='ocrx_word' id='word_1_112' title='bbox 1028 1416 1094 1461; x_wconf 61' lang='grc' dir='ltr'><strong>(δ</strong></span> <span class='ocrx_word' id='word_1_113' title='bbox 1189 1383 1916 1501; x_wconf 68' lang='lat' dir='ltr'><strong>EPISTOLAZ</strong></span> <span class='ocrx_word' id='word_1_114' title='bbox 2020 1386 2204 1499; x_wconf 87' lang='lat' dir='ltr'><strong>ET</strong></span> <span class='ocrx_word' id='word_1_115' title='bbox 2294 1388 2982 1504; x_wconf 81' lang='lat' dir='ltr'><strong>DECRETA.</strong></span> 
     </span>
    </p>
   </div>
   <div class='ocr_carea' id='block_1_19' title="bbox 429 1616 3711 1697">
    <p class='ocr_par' dir='ltr' id='par_1_19' title="bbox 429 1616 3711 1697">
     <span class='ocr_line' id='line_1_19' title="bbox 429 1616 3711 1697; baseline -0.002 -12"><span class='ocrx_word' id='word_1_116' title='bbox 429 1628 754 1685; x_wconf 76' lang='lat' dir='ltr'><strong>EPISTULA</strong></span> <span class='ocrx_word' id='word_1_117' title='bbox 782 1629 924 1697; x_wconf 74' lang='lat' dir='ltr'><strong>(olim</strong></span> <span class='ocrx_word' id='word_1_118' title='bbox 945 1626 1010 1696; x_wconf 87' lang='grc'><strong>11)</strong></span> <span class='ocrx_word' id='word_1_119' title='bbox 1038 1624 1260 1682; x_wconf 82' lang='lat' dir='ltr'><strong>VIGILII</strong></span> <span class='ocrx_word' id='word_1_120' title='bbox 1286 1622 1515 1679; x_wconf 83' lang='lat' dir='ltr'><strong>ADHUC</strong></span> <span class='ocrx_word' id='word_1_121' title='bbox 1540 1621 2009 1678; x_wconf 64' lang='lat' dir='ltr'><strong>PSEUDOPAPE</strong></span> <span class='ocrx_word' id='word_1_122' title='bbox 2048 1632 2087 1689; x_wconf 75' lang='grc' dir='ltr'><strong>Β</strong></span> <span class='ocrx_word' id='word_1_123' title='bbox 2115 1640 2207 1679; x_wconf 91' lang='lat' dir='ltr'><strong>sus</strong></span> <span class='ocrx_word' id='word_1_124' title='bbox 2229 1664 2245 1691; x_wconf 94' lang='lat'><strong>,</strong></span> <span class='ocrx_word' id='word_1_125' title='bbox 2277 1633 2332 1679; x_wconf 91' lang='lat' dir='ltr'><strong>et</strong></span> <span class='ocrx_word' id='word_1_126' title='bbox 2361 1641 2530 1695; x_wconf 90' lang='lat' dir='ltr'><strong>usque</strong></span> <span class='ocrx_word' id='word_1_127' title='bbox 2558 1627 2624 1681; x_wconf 90' lang='lat' dir='ltr'><strong>ad</strong></span> <span class='ocrx_word' id='word_1_128' title='bbox 2655 1628 2790 1683; x_wconf 86' lang='lat' dir='ltr'><strong>ﬁnes</strong></span> <span class='ocrx_word' id='word_1_129' title='bbox 2813 1627 2959 1682; x_wconf 84' lang='lat' dir='ltr'><strong>orbis</strong></span> <span class='ocrx_word' id='word_1_130' title='bbox 2990 1634 3145 1680; x_wconf 68' lang='lat' dir='ltr'><strong>terra:</strong></span> <span class='ocrx_word' id='word_1_131' title='bbox 3181 1626 3340 1680; x_wconf 89' lang='lat' dir='ltr'><strong>verba</strong></span> <span class='ocrx_word' id='word_1_132' title='bbox 3372 1640 3559 1679; x_wconf 89' lang='lat' dir='ltr'><strong>eorum</strong></span> <span class='ocrx_word' id='word_1_133' title='bbox 3604 1616 3711 1679; x_wconf 84' lang='lat' dir='ltr'><strong>dis-</strong></span> 
     </span>
    </p>
   </div>
   <div class='ocr_carea' id='block_1_20' title="bbox 1004 1737 1483 1791">
    <p class='ocr_par' dir='ltr' id='par_1_20' title="bbox 1004 1737 1483 1791">
     <span class='ocr_line' id='line_1_20' title="bbox 1004 1737 1483 1791; baseline -0.004 0"><span class='ocrx_word' id='word_1_134' title='bbox 1004 1755 1068 1791; x_wconf 77' lang='lat' dir='ltr'><strong>AD</strong></span> <span class='ocrx_word' id='word_1_135' title='bbox 1101 1750 1407 1791; x_wconf 74' lang='lat' dir='ltr'><strong>surusmun</strong></span> <span class='ocrx_word' id='word_1_136' title='bbox 1444 1737 1483 1789; x_wconf 80' lang='lat'><strong>‘.</strong></span> 
     </span>
    </p>
   </div>
   <div class='ocr_carea' id='block_1_21' title="bbox 702 1847 1752 1918">
    <p class='ocr_par' dir='ltr' id='par_1_21' title="bbox 702 1847 1752 1918">
     <span class='ocr_line' id='line_1_21' title="bbox 702 1847 1752 1918; baseline -0.007 -10"><span class='ocrx_word' id='word_1_137' title='bbox 702 1854 938 1908; x_wconf 77' lang='lat' dir='ltr'><strong>Eutherii</strong></span> <span class='ocrx_word' id='word_1_138' title='bbox 969 1848 1430 1907; x_wconf 72' lang='lat' dir='ltr'><strong>consultationibus</strong></span> <span class='ocrx_word' id='word_1_139' title='bbox 1458 1847 1752 1918; x_wconf 74' lang='lat' dir='ltr'><strong>respondet.</strong></span> 
     </span>
    </p>
   </div>
   <div class='ocr_carea' id='block_1_22' title="bbox 501 1960 2019 2036">
    <p class='ocr_par' dir='ltr' id='par_1_22' title="bbox 501 1960 2019 2036">
     <span class='ocr_line' id='line_1_22' title="bbox 501 1960 2019 2036; baseline -0.009 -10"><span class='ocrx_word' id='word_1_140' title='bbox 501 1980 529 2010; x_wconf 70' lang='grc'><strong><em>⁸</em></strong></span> <span class='ocrx_word' id='word_1_141' title='bbox 558 1968 918 2026; x_wconf 86' lang='lat' dir='ltr'><strong>Dilectissimo</strong></span> <span class='ocrx_word' id='word_1_142' title='bbox 948 1966 974 2005; x_wconf 69' lang='grc' dir='ltr'>δ</span> <span class='ocrx_word' id='word_1_143' title='bbox 1006 1965 1158 2019; x_wconf 82' lang='lat' dir='ltr'><strong>fratri</strong></span> <span class='ocrx_word' id='word_1_144' title='bbox 1206 1961 1488 2036; x_wconf 76' lang='lat' dir='ltr'><strong>[Euthero]</strong></span> <span class='ocrx_word' id='word_1_145' title='bbox 1526 1960 1785 2017; x_wconf 88' lang='lat' dir='ltr'><strong>Eutherio</strong></span> <span class='ocrx_word' id='word_1_146' title='bbox 1818 1970 1841 1999; x_wconf 76' lang='grc' dir='ltr'><strong>ε</strong></span> <span class='ocrx_word' id='word_1_147' title='bbox 1874 1960 2019 2031; x_wconf 78' lang='lat' dir='ltr'><strong>Vigi-</strong></span> 
     </span>
    </p>
   </div>
   <div class='ocr_carea' id='block_1_23' title="bbox 440 2063 564 2119">
    <p class='ocr_par' dir='ltr' id='par_1_23' title="bbox 440 2063 564 2119">
     <span class='ocr_line' id='line_1_23' title="bbox 440 2063 564 2119; baseline -0.008 0"><span class='ocrx_word' id='word_1_148' title='bbox 440 2063 564 2119; x_wconf 73' lang='lat' dir='ltr'><strong>lius.</strong></span> 
     </span>
    </p>
   </div>
   <div class='ocr_carea' id='block_1_24' title="bbox 503 2170 2026 2243">
    <p class='ocr_par' dir='ltr' id='par_1_24' title="bbox 503 2170 2026 2243">
     <span class='ocr_line' id='line_1_24' title="bbox 503 2170 2026 2243; baseline -0.006 -9"><span class='ocrx_word' id='word_1_149' title='bbox 503 2180 744 2234; x_wconf 89' lang='lat' dir='ltr'><strong>Directas</strong></span> <span class='ocrx_word' id='word_1_150' title='bbox 756 2176 820 2231; x_wconf 92' lang='lat' dir='ltr'><strong>ad</strong></span> <span class='ocrx_word' id='word_1_151' title='bbox 840 2190 937 2232; x_wconf 91' lang='lat' dir='ltr'><strong>nos</strong></span> <span class='ocrx_word' id='word_1_152' title='bbox 949 2182 1052 2229; x_wconf 86' lang='lat' dir='ltr'><strong>tuae</strong></span> <span class='ocrx_word' id='word_1_153' title='bbox 1063 2172 1339 2229; x_wconf 90' lang='lat' dir='ltr'><strong>eharitatis</strong></span> <span class='ocrx_word' id='word_1_154' title='bbox 1358 2171 1632 2243; x_wconf 79' lang='lat' dir='ltr'><strong>epistolas,</strong></span> <span class='ocrx_word' id='word_1_155' title='bbox 1648 2170 1833 2242; x_wconf 91' lang='lat' dir='ltr'><strong>plenas</strong></span> <span class='ocrx_word' id='word_1_156' title='bbox 1845 2170 2026 2225; x_wconf 86' lang='lat' dir='ltr'><strong>catho-</strong></span> 
     </span>
    </p>
   </div>
   <div class='ocr_carea' id='block_1_25' title="bbox 432 2259 2028 2337">
    <p class='ocr_par' dir='ltr' id='par_1_25' title="bbox 432 2259 2028 2337">
     <span class='ocr_line' id='line_1_25' title="bbox 432 2259 2028 2337; baseline -0.008 -12"><span class='ocrx_word' id='word_1_157' title='bbox 432 2270 548 2326; x_wconf 60' lang='lat' dir='ltr'><strong>licae</strong></span> <span class='ocrx_word' id='word_1_158' title='bbox 561 2265 920 2337; x_wconf 89' lang='lat' dir='ltr'><strong>inquisitionis</strong></span> <span class='ocrx_word' id='word_1_159' title='bbox 930 2262 1288 2319; x_wconf 89' lang='lat' dir='ltr'><strong>sollicitudine</strong></span> <span class='ocrx_word' id='word_1_160' title='bbox 1301 2263 1376 2336; x_wconf 89' lang='lat' dir='ltr'><strong>[et</strong></span> <span class='ocrx_word' id='word_1_161' title='bbox 1391 2259 1806 2332; x_wconf 83' lang='lat' dir='ltr'><strong>sollicitudinis],</strong></span> <span class='ocrx_word' id='word_1_162' title='bbox 1818 2265 2028 2329; x_wconf 78' lang='lat' dir='ltr'><strong>gratan-</strong></span> 
     </span>
    </p>
   </div>
   <div class='ocr_carea' id='block_1_26' title="bbox 434 2352 2021 2428">
    <p class='ocr_par' dir='ltr' id='par_1_26' title="bbox 434 2352 2021 2428">
     <span class='ocr_line' id='line_1_26' title="bbox 434 2352 2021 2428; baseline -0.006 -13"><span class='ocrx_word' id='word_1_163' title='bbox 434 2368 518 2415; x_wconf 91' lang='lat' dir='ltr'><strong>ter</strong></span> <span class='ocrx_word' id='word_1_164' title='bbox 545 2358 881 2428; x_wconf 89' lang='lat' dir='ltr'><strong>accepimus,</strong></span> <span class='ocrx_word' id='word_1_165' title='bbox 908 2354 1288 2410; x_wconf 90' lang='lat' dir='ltr'><strong>benedicentcs</strong></span> <span class='ocrx_word' id='word_1_166' title='bbox 1331 2353 1424 2406; x_wconf 90' lang='lat' dir='ltr'><strong>Dei</strong></span> <span class='ocrx_word' id='word_1_167' title='bbox 1456 2352 1629 2406; x_wconf 82' lang='lat' dir='ltr'><strong>nostri</strong></span> <span class='ocrx_word' id='word_1_168' title='bbox 1659 2352 2021 2417; x_wconf 87' lang='lat' dir='ltr'><strong>clementiam,</strong></span> 
     </span>
    </p>
   </div>
   <div class='ocr_carea' id='block_1_27' title="bbox 432 2443 2025 2521">
    <p class='ocr_par' dir='ltr' id='par_1_27' title="bbox 432 2443 2025 2521">
     <span class='ocr_line' id='line_1_27' title="bbox 432 2443 2025 2521; baseline -0.004 -16"><span class='ocrx_word' id='word_1_169' title='bbox 432 2451 557 2521; x_wconf 86' lang='lat' dir='ltr'><strong>quia</strong></span> <span class='ocrx_word' id='word_1_170' title='bbox 588 2450 721 2505; x_wconf 90' lang='lat' dir='ltr'><strong>tales</strong></span> <span class='ocrx_word' id='word_1_171' title='bbox 750 2449 803 2502; x_wconf 89' lang='lat' dir='ltr'><strong>in</strong></span> <span class='ocrx_word' id='word_1_172' title='bbox 835 2447 1091 2503; x_wconf 81' lang='lat' dir='ltr'><strong>extremis</strong></span> <span class='ocrx_word' id='word_1_173' title='bbox 1138 2446 1320 2500; x_wconf 89' lang='lat' dir='ltr'><strong>mundi</strong></span> <span class='ocrx_word' id='word_1_174' title='bbox 1365 2444 1605 2515; x_wconf 87' lang='lat' dir='ltr'><strong>partibus</strong></span> <span class='ocrx_word' id='word_1_175' title='bbox 1652 2443 1897 2513; x_wconf 84' lang='lat' dir='ltr'><strong>dignatus</strong></span> <span class='ocrx_word' id='word_1_176' title='bbox 1943 2452 2025 2499; x_wconf 89' lang='lat' dir='ltr'><strong>est</strong></span> 
     </span>
    </p>
   </div>
   <div class='ocr_carea' id='block_1_28' title="bbox 433 2537 2025 2612">
    <p class='ocr_par' dir='ltr' id='par_1_28' title="bbox 433 2537 2025 2612">
     <span class='ocr_line' id='line_1_28' title="bbox 433 2537 2025 2612; baseline -0.006 -13"><span class='ocrx_word' id='word_1_177' title='bbox 433 2544 546 2599; x_wconf 89' lang='lat' dir='ltr'><strong>suis</strong></span> <span class='ocrx_word' id='word_1_178' title='bbox 579 2542 768 2598; x_wconf 90' lang='lat' dir='ltr'><strong>ovibus</strong></span> <span class='ocrx_word' id='word_1_179' title='bbox 810 2539 1095 2612; x_wconf 84' lang='lat' dir='ltr'><strong>providere</strong></span> <span class='ocrx_word' id='word_1_180' title='bbox 1135 2546 1408 2607; x_wconf 86' lang='lat' dir='ltr'><strong>pastores,</strong></span> <span class='ocrx_word' id='word_1_181' title='bbox 1443 2548 1538 2606; x_wconf 88' lang='lat' dir='ltr'><strong>per</strong></span> <span class='ocrx_word' id='word_1_182' title='bbox 1565 2551 1700 2605; x_wconf 89' lang='lat' dir='ltr'><strong>quos</strong></span> <span class='ocrx_word' id='word_1_183' title='bbox 1728 2543 1782 2590; x_wconf 88' lang='lat' dir='ltr'><strong>et</strong></span> <span class='ocrx_word' id='word_1_184' title='bbox 1812 2537 2025 2605; x_wconf 85' lang='lat' dir='ltr'><strong>pascuis</strong></span> 
     </span>
    </p>
   </div>
   <div class='ocr_carea' id='block_1_29' title="bbox 434 2627 2022 2700">
    <p class='ocr_par' dir='ltr' id='par_1_29' title="bbox 434 2627 2022 2700">
     <span class='ocr_line' id='line_1_29' title="bbox 434 2627 2022 2700; baseline -0.005 -12"><span class='ocrx_word' id='word_1_185' title='bbox 434 2634 651 2688; x_wconf 86' lang='lat' dir='ltr'><strong>valeant</strong></span> <span class='ocrx_word' id='word_1_186' title='bbox 674 2630 997 2686; x_wconf 88' lang='lat' dir='ltr'><strong>salutaribus</strong></span> <span class='ocrx_word' id='word_1_187' title='bbox 1011 2628 1300 2692; x_wconf 87' lang='lat' dir='ltr'><strong>abundare,</strong></span> <span class='ocrx_word' id='word_1_188' title='bbox 1316 2640 1370 2681; x_wconf 91' lang='lat' dir='ltr'><strong>et</strong></span> <span class='ocrx_word' id='word_1_189' title='bbox 1392 2628 1457 2681; x_wconf 89' lang='lat' dir='ltr'><strong>ab</strong></span> <span class='ocrx_word' id='word_1_190' title='bbox 1479 2627 1681 2697; x_wconf 85' lang='lat' dir='ltr'><strong>antiqui</strong></span> <span class='ocrx_word' id='word_1_191' title='bbox 1705 2627 1873 2681; x_wconf 88' lang='lat' dir='ltr'><strong>hostis</strong></span> <span class='ocrx_word' id='word_1_192' title='bbox 1893 2627 2022 2700; x_wconf 87' lang='lat' dir='ltr'><strong>[ini-</strong></span> 
     </span>
    </p>
   </div>
   <div class='ocr_carea' id='block_1_30' title="bbox 436 2716 2026 2796">
    <p class='ocr_par' dir='ltr' id='par_1_30' title="bbox 436 2716 2026 2796">
     <span class='ocr_line' id='line_1_30' title="bbox 436 2716 2026 2796; baseline -0.003 -18"><span class='ocrx_word' id='word_1_193' title='bbox 436 2724 530 2796; x_wconf 92' lang='lat' dir='ltr'><strong>qui</strong></span> <span class='ocrx_word' id='word_1_194' title='bbox 582 2721 734 2796; x_wconf 85' lang='lat' dir='ltr'><strong>lupi]</strong></span> <span class='ocrx_word' id='word_1_195' title='bbox 778 2720 1073 2791; x_wconf 85' lang='lat' dir='ltr'><strong>rapacitate</strong></span> <span class='ocrx_word' id='word_1_196' title='bbox 1096 2718 1328 2784; x_wconf 77' lang='lat' dir='ltr'><strong>servari,</strong></span> <span class='ocrx_word' id='word_1_197' title='bbox 1359 2727 1418 2773; x_wconf 93' lang='lat' dir='ltr'><strong>ut</strong></span> <span class='ocrx_word' id='word_1_198' title='bbox 1446 2718 1666 2773; x_wconf 86' lang='lat' dir='ltr'><strong>insidias</strong></span> <span class='ocrx_word' id='word_1_199' title='bbox 1695 2716 1721 2755; x_wconf 71' lang='grc' dir='ltr'><strong>ιι</strong></span> <span class='ocrx_word' id='word_1_200' title='bbox 1754 2730 2026 2789; x_wconf 87' lang='lat' dir='ltr'><strong>nequeant</strong></span> 
     </span>
    </p>
   </div>
   <div class='ocr_carea' id='block_1_31' title="bbox 440 2805 2026 2887">
    <p class='ocr_par' dir='ltr' id='par_1_31' title="bbox 440 2805 2026 2887">
     <span class='ocr_line' id='line_1_31' title="bbox 440 2805 2026 2887; baseline -0.003 -15"><span class='ocrx_word' id='word_1_201' title='bbox 440 2819 559 2887; x_wconf 87' lang='lat' dir='ltr'><strong>ejus</strong></span> <span class='ocrx_word' id='word_1_202' title='bbox 590 2816 953 2887; x_wconf 89' lang='lat' dir='ltr'><strong>subreptionis</strong></span> <span class='ocrx_word' id='word_1_203' title='bbox 980 2815 1273 2869; x_wconf 85' lang='lat' dir='ltr'><strong>incurrere.</strong></span> <span class='ocrx_word' id='word_1_204' title='bbox 1324 2805 1479 2867; x_wconf 88' lang='lat' dir='ltr'><strong>Unde</strong></span> <span class='ocrx_word' id='word_1_205' title='bbox 1509 2821 1712 2867; x_wconf 90' lang='lat' dir='ltr'><strong>certum</strong></span> <span class='ocrx_word' id='word_1_206' title='bbox 1745 2816 1827 2867; x_wconf 83' lang='lat' dir='ltr'><strong>est</strong></span> <span class='ocrx_word' id='word_1_207' title='bbox 1847 2855 1864 2881; x_wconf 95' lang='lat'><strong>,</strong></span> <span class='ocrx_word' id='word_1_208' title='bbox 1902 2815 2026 2884; x_wconf 84' lang='lat' dir='ltr'><strong>quia</strong></span> 
     </span>
    </p>
   </div>
   <div class='ocr_carea' id='block_1_32' title="bbox 436 2903 2024 2981">
    <p class='ocr_par' dir='ltr' id='par_1_32' title="bbox 436 2903 2024 2981">
     <span class='ocr_line' id='line_1_32' title="bbox 436 2903 2024 2981; baseline -0.004 -17"><span class='ocrx_word' id='word_1_209' title='bbox 436 2909 716 2981; x_wconf 79' lang='lat' dir='ltr'><strong>promissae</strong></span> <span class='ocrx_word' id='word_1_210' title='bbox 740 2923 836 2962; x_wconf 91' lang='lat' dir='ltr'><strong>vos</strong></span> <span class='ocrx_word' id='word_1_211' title='bbox 861 2904 1204 2963; x_wconf 87' lang='lat' dir='ltr'><strong>beatitudinis</strong></span> <span class='ocrx_word' id='word_1_212' title='bbox 1224 2903 1392 2973; x_wconf 81' lang='lat' dir='ltr'><strong>gratia</strong></span> <span class='ocrx_word' id='word_1_213' title='bbox 1415 2903 1793 2973; x_wconf 84' lang='lat' dir='ltr'><strong>subsequatur,</strong></span> <span class='ocrx_word' id='word_1_214' title='bbox 1814 2905 2024 2973; x_wconf 85' lang='lat' dir='ltr'><strong>quando</strong></span> 
     </span>
    </p>
   </div>
   <div class='ocr_carea' id='block_1_33' title="bbox 2122 1717 3708 1787">
    <p class='ocr_par' dir='ltr' id='par_1_33' title="bbox 2122 1717 3708 1787">
     <span class='ocr_line' id='line_1_33' title="bbox 2122 1717 3708 1787; baseline 0 -18"><span class='ocrx_word' id='word_1_215' title='bbox 2122 1720 2294 1783; x_wconf 85' lang='lat' dir='ltr'><strong>tensa,</strong></span> <span class='ocrx_word' id='word_1_216' title='bbox 2320 1717 2621 1773; x_wconf 82' lang='lat' dir='ltr'><strong>dilectionis</strong></span> <span class='ocrx_word' id='word_1_217' title='bbox 2661 1728 2764 1774; x_wconf 80' lang='lat' dir='ltr'><strong>tua:</strong></span> <span class='ocrx_word' id='word_1_218' title='bbox 2798 1719 2959 1773; x_wconf 91' lang='lat' dir='ltr'><strong>corda</strong></span> <span class='ocrx_word' id='word_1_219' title='bbox 2981 1718 3194 1772; x_wconf 88' lang='lat' dir='ltr'><strong>Christo</strong></span> <span class='ocrx_word' id='word_1_220' title='bbox 3218 1718 3563 1787; x_wconf 87' lang='lat' dir='ltr'><strong>probaverint</strong></span> <span class='ocrx_word' id='word_1_221' title='bbox 3588 1731 3708 1771; x_wconf 84' lang='lat' dir='ltr'><strong>esse</strong></span> 
     </span>
    </p>
   </div>
   <div class='ocr_carea' id='block_1_34' title="bbox 2120 1806 3710 1879">
    <p class='ocr_par' dir='ltr' id='par_1_34' title="bbox 2120 1806 3710 1879">
     <span class='ocr_line' id='line_1_34' title="bbox 2120 1806 3710 1879; baseline 0 -21"><span class='ocrx_word' id='word_1_222' title='bbox 2120 1807 2339 1874; x_wconf 84' lang='lat' dir='ltr'><strong>fidelia;</strong></span> <span class='ocrx_word' id='word_1_223' title='bbox 2392 1812 2568 1863; x_wconf 86' lang='lat' dir='ltr'><strong>tamen</strong></span> <span class='ocrx_word' id='word_1_224' title='bbox 2606 1810 2651 1865; x_wconf 89' lang='lat' dir='ltr'><strong>si</strong></span> <span class='ocrx_word' id='word_1_225' title='bbox 2697 1808 2821 1879; x_wconf 84' lang='lat' dir='ltr'><strong>quid</strong></span> <span class='ocrx_word' id='word_1_226' title='bbox 2862 1824 2930 1862; x_wconf 77' lang='lat' dir='ltr'><strong>ex</strong></span> <span class='ocrx_word' id='word_1_227' title='bbox 2969 1808 3052 1862; x_wconf 90' lang='lat' dir='ltr'><strong>his</strong></span> <span class='ocrx_word' id='word_1_228' title='bbox 3105 1808 3156 1861; x_wconf 92' lang='lat' dir='ltr'><strong>in</strong></span> <span class='ocrx_word' id='word_1_229' title='bbox 3190 1806 3429 1861; x_wconf 90' lang='lat' dir='ltr'><strong>Ecclesia</strong></span> <span class='ocrx_word' id='word_1_230' title='bbox 3460 1820 3578 1875; x_wconf 63' lang='lat' dir='ltr'><strong>quas</strong></span> <span class='ocrx_word' id='word_1_231' title='bbox 3609 1815 3710 1859; x_wconf 72' lang='lat' dir='ltr'><strong>tum</strong></span> 
     </span>
    </p>
   </div>
   <div class='ocr_carea' id='block_1_35' title="bbox 2120 1896 3707 1968">
    <p class='ocr_par' dir='ltr' id='par_1_35' title="bbox 2120 1896 3707 1968">
     <span class='ocr_line' id='line_1_35' title="bbox 2120 1896 3707 1968; baseline -0.003 -16"><span class='ocrx_word' id='word_1_232' title='bbox 2120 1899 2496 1968; x_wconf 80' lang='lat' dir='ltr'><strong>gubernationi</strong></span> <span class='ocrx_word' id='word_1_233' title='bbox 2536 1899 2648 1954; x_wconf 90' lang='lat' dir='ltr'><strong>Deo</strong></span> <span class='ocrx_word' id='word_1_234' title='bbox 2679 1901 2970 1954; x_wconf 83' lang='lat' dir='ltr'><strong>auxiliante</strong></span> <span class='ocrx_word' id='word_1_235' title='bbox 3013 1898 3296 1952; x_wconf 85' lang='lat' dir='ltr'><strong>commissa</strong></span> <span class='ocrx_word' id='word_1_236' title='bbox 3336 1905 3448 1960; x_wconf 89' lang='lat' dir='ltr'><strong>est,</strong></span> <span class='ocrx_word' id='word_1_237' title='bbox 3481 1896 3707 1950; x_wconf 84' lang='lat' dir='ltr'><strong>necdum</strong></span> 
     </span>
    </p>
   </div>
   <div class='ocr_carea' id='block_1_36' title="bbox 2121 1980 3702 2059">
    <p class='ocr_par' dir='ltr' id='par_1_36' title="bbox 2121 1980 3702 2059">
     <span class='ocr_line' id='line_1_36' title="bbox 2121 1980 3702 2059; baseline -0.003 -16"><span class='ocrx_word' id='word_1_238' title='bbox 2121 1991 2279 2059; x_wconf 90' lang='lat' dir='ltr'><strong>plena</strong></span> <span class='ocrx_word' id='word_1_239' title='bbox 2300 1991 2419 2045; x_wconf 91' lang='lat' dir='ltr'><strong>luce</strong></span> <span class='ocrx_word' id='word_1_240' title='bbox 2439 1991 2713 2055; x_wconf 85' lang='lat' dir='ltr'><strong>claruerit,</strong></span> <span class='ocrx_word' id='word_1_241' title='bbox 2741 1990 2807 2045; x_wconf 90' lang='lat' dir='ltr'><strong>ad</strong></span> <span class='ocrx_word' id='word_1_242' title='bbox 2836 1990 3082 2045; x_wconf 87' lang='lat' dir='ltr'><strong>eumdem</strong></span> <span class='ocrx_word' id='word_1_243' title='bbox 3110 1988 3312 2041; x_wconf 89' lang='lat' dir='ltr'><strong>fontem</strong></span> <span class='ocrx_word' id='word_1_244' title='bbox 3340 1986 3406 2041; x_wconf 89' lang='lat' dir='ltr'><strong>de</strong></span> <span class='ocrx_word' id='word_1_245' title='bbox 3429 2002 3535 2054; x_wconf 92' lang='lat' dir='ltr'><strong>quo</strong></span> <span class='ocrx_word' id='word_1_246' title='bbox 3564 1984 3652 2039; x_wconf 88' lang='lat' dir='ltr'><strong>illa</strong></span> <span class='ocrx_word' id='word_1_247' title='bbox 3676 1980 3702 2024; x_wconf 75' lang='grc' dir='ltr'>ἶ</span> 
     </span>
    </p>
   </div>
   <div class='ocr_carea' id='block_1_37' title="bbox 2117 2067 3711 2152">
    <p class='ocr_par' dir='ltr' id='par_1_37' title="bbox 2117 2067 3711 2152">
     <span class='ocr_line' id='line_1_37' title="bbox 2117 2067 3711 2152; baseline -0.006 -15"><span class='ocrx_word' id='word_1_248' title='bbox 2117 2081 2407 2137; x_wconf 89' lang='lat' dir='ltr'><strong>salutarius</strong></span> <span class='ocrx_word' id='word_1_249' title='bbox 2448 2090 2689 2135; x_wconf 89' lang='lat' dir='ltr'><strong>manarat</strong></span> <span class='ocrx_word' id='word_1_250' title='bbox 2732 2080 2983 2152; x_wconf 83' lang='lat' dir='ltr'><strong>lympha,</strong></span> <span class='ocrx_word' id='word_1_251' title='bbox 3016 2078 3319 2144; x_wconf 89' lang='lat' dir='ltr'><strong>rccurritis;</strong></span> <span class='ocrx_word' id='word_1_252' title='bbox 3361 2076 3506 2146; x_wconf 87' lang='lat' dir='ltr'><strong>quod</strong></span> <span class='ocrx_word' id='word_1_253' title='bbox 3533 2067 3711 2132; x_wconf 79' lang='lat' dir='ltr'><strong>debita</strong></span> 
     </span>
    </p>
   </div>
   <div class='ocr_carea' id='block_1_38' title="bbox 2123 2160 3708 2243">
    <p class='ocr_par' dir='ltr' id='par_1_38' title="bbox 2123 2160 3708 2243">
     <span class='ocr_line' id='line_1_38' title="bbox 2123 2160 3708 2243; baseline -0.004 -16"><span class='ocrx_word' id='word_1_254' title='bbox 2123 2173 2386 2227; x_wconf 88' lang='lat' dir='ltr'><strong>charitate</strong></span> <span class='ocrx_word' id='word_1_255' title='bbox 2432 2188 2620 2227; x_wconf 89' lang='lat' dir='ltr'><strong>sumus</strong></span> <span class='ocrx_word' id='word_1_256' title='bbox 2648 2171 2923 2243; x_wconf 80' lang='lat' dir='ltr'><strong>amplexi,</strong></span> <span class='ocrx_word' id='word_1_257' title='bbox 2971 2171 3095 2240; x_wconf 89' lang='lat' dir='ltr'><strong>quia</strong></span> <span class='ocrx_word' id='word_1_258' title='bbox 3145 2160 3465 2224; x_wconf 76' lang='lat' dir='ltr'><strong>fiducialiter</strong></span> <span class='ocrx_word' id='word_1_259' title='bbox 3509 2168 3708 2229; x_wconf 82' lang='lat' dir='ltr'><strong>dehis,</strong></span> 
     </span>
    </p>
   </div>
   <div class='ocr_carea' id='block_1_39' title="bbox 2124 2261 3711 2334">
    <p class='ocr_par' dir='ltr' id='par_1_39' title="bbox 2124 2261 3711 2334">
     <span class='ocr_line' id='line_1_39' title="bbox 2124 2261 3711 2334; baseline -0.004 -15"><span class='ocrx_word' id='word_1_260' title='bbox 2124 2264 2265 2319; x_wconf 90' lang='lat' dir='ltr'><strong>unde</strong></span> <span class='ocrx_word' id='word_1_261' title='bbox 2294 2264 2436 2334; x_wconf 92' lang='lat' dir='ltr'><strong>apud</strong></span> <span class='ocrx_word' id='word_1_262' title='bbox 2464 2280 2561 2321; x_wconf 89' lang='lat' dir='ltr'><strong>eos</strong></span> <span class='ocrx_word' id='word_1_263' title='bbox 2586 2264 2982 2320; x_wconf 85' lang='lat' dir='ltr'><strong>observantiam</strong></span> <span class='ocrx_word' id='word_1_264' title='bbox 3011 2277 3130 2317; x_wconf 90' lang='lat' dir='ltr'><strong>esse</strong></span> <span class='ocrx_word' id='word_1_265' title='bbox 3159 2261 3366 2316; x_wconf 79' lang='lat' dir='ltr'><strong>dixistis</strong></span> <span class='ocrx_word' id='word_1_266' title='bbox 3388 2261 3711 2328; x_wconf 80' lang='lat' dir='ltr'><strong>ambiguam,</strong></span> 
     </span>
    </p>
   </div>
   <div class='ocr_carea' id='block_1_40' title="bbox 2127 2344 3714 2426">
    <p class='ocr_par' dir='ltr' id='par_1_40' title="bbox 2127 2344 3714 2426">
     <span class='ocr_line' id='line_1_40' title="bbox 2127 2344 3714 2426; baseline -0.005 -13"><span class='ocrx_word' id='word_1_267' title='bbox 2127 2366 2309 2413; x_wconf 84' lang='lat' dir='ltr'><strong>nostra</strong></span> <span class='ocrx_word' id='word_1_268' title='bbox 2339 2354 2582 2412; x_wconf 85' lang='lat' dir='ltr'><strong>voluistis</strong></span> <span class='ocrx_word' id='word_1_269' title='bbox 2613 2356 2959 2426; x_wconf 86' lang='lat' dir='ltr'><strong>responsione</strong></span> <span class='ocrx_word' id='word_1_270' title='bbox 2998 2355 3219 2409; x_wconf 83' lang='lat' dir='ltr'><strong>firmari.</strong></span> <span class='ocrx_word' id='word_1_271' title='bbox 3266 2354 3604 2423; x_wconf 86' lang='lat' dir='ltr'><strong>Quapropter</strong></span> <span class='ocrx_word' id='word_1_272' title='bbox 3632 2344 3714 2406; x_wconf 88' lang='lat' dir='ltr'><strong>di-</strong></span> 
     </span>
    </p>
   </div>
   <div class='ocr_carea' id='block_1_41' title="bbox 2125 2442 3714 2511">
    <p class='ocr_par' dir='ltr' id='par_1_41' title="bbox 2125 2442 3714 2511">
     <span class='ocr_line' id='line_1_41' title="bbox 2125 2442 3714 2511; baseline -0.006 -8"><span class='ocrx_word' id='word_1_273' title='bbox 2125 2442 2411 2503; x_wconf 90' lang='lat' dir='ltr'><strong>lectionem</strong></span> <span class='ocrx_word' id='word_1_274' title='bbox 2458 2456 2603 2501; x_wconf 90' lang='lat' dir='ltr'><strong>tuam</strong></span> <span class='ocrx_word' id='word_1_275' title='bbox 2654 2447 2705 2501; x_wconf 90' lang='lat' dir='ltr'><strong>in</strong></span> <span class='ocrx_word' id='word_1_276' title='bbox 2756 2446 2984 2502; x_wconf 90' lang='lat' dir='ltr'><strong>Domino</strong></span> <span class='ocrx_word' id='word_1_277' title='bbox 3033 2446 3363 2509; x_wconf 86' lang='lat' dir='ltr'><strong>salutantes,</strong></span> <span class='ocrx_word' id='word_1_278' title='bbox 3397 2443 3464 2499; x_wconf 90' lang='lat' dir='ltr'><strong>de</strong></span> <span class='ocrx_word' id='word_1_279' title='bbox 3492 2442 3714 2511; x_wconf 79' lang='lat' dir='ltr'><strong>singulis</strong></span> 
     </span>
    </p>
   </div>
   <div class='ocr_carea' id='block_1_42' title="bbox 2124 2536 3713 2609">
    <p class='ocr_par' dir='ltr' id='par_1_42' title="bbox 2124 2536 3713 2609">
     <span class='ocr_line' id='line_1_42' title="bbox 2124 2536 3713 2609; baseline -0.003 -16"><span class='ocrx_word' id='word_1_280' title='bbox 2124 2540 2250 2609; x_wconf 88' lang='lat' dir='ltr'><strong>quid</strong></span> <span class='ocrx_word' id='word_1_281' title='bbox 2273 2537 2426 2609; x_wconf 76' lang='lat' dir='ltr'><strong>juxta</strong></span> <span class='ocrx_word' id='word_1_282' title='bbox 2458 2540 2776 2595; x_wconf 83' lang='lat' dir='ltr'><strong>catholicam</strong></span> <span class='ocrx_word' id='word_1_283' title='bbox 2812 2538 3147 2609; x_wconf 90' lang='lat' dir='ltr'><strong>disciplinam</strong></span> <span class='ocrx_word' id='word_1_284' title='bbox 3181 2546 3361 2592; x_wconf 88' lang='lat' dir='ltr'><strong>teneat</strong></span> <span class='ocrx_word' id='word_1_285' title='bbox 3404 2536 3713 2606; x_wconf 74' lang='lat' dir='ltr'><strong>apostolica:</strong></span> 
     </span>
    </p>
   </div>
   <div class='ocr_carea' id='block_1_43' title="bbox 2125 2630 3711 2701">
    <p class='ocr_par' dir='ltr' id='par_1_43' title="bbox 2125 2630 3711 2701">
     <span class='ocr_line' id='line_1_43' title="bbox 2125 2630 3711 2701; baseline -0.005 -14"><span class='ocrx_word' id='word_1_286' title='bbox 2125 2632 2270 2687; x_wconf 87' lang='lat' dir='ltr'><strong>sedis</strong></span> <span class='ocrx_word' id='word_1_287' title='bbox 2299 2632 2591 2686; x_wconf 60' lang='lat' dir='ltr'><strong>auctoritas</strong></span> <span class='ocrx_word' id='word_1_288' title='bbox 2617 2670 2632 2695; x_wconf 89' lang='lat'><strong>,</strong></span> <span class='ocrx_word' id='word_1_289' title='bbox 2673 2631 2928 2701; x_wconf 87' lang='lat' dir='ltr'><strong>subjectis</strong></span> <span class='ocrx_word' id='word_1_290' title='bbox 2960 2641 2984 2678; x_wconf 79' lang='grc' dir='ltr'><strong>ις</strong></span> <span class='ocrx_word' id='word_1_291' title='bbox 3015 2631 3277 2700; x_wconf 89' lang='lat' dir='ltr'><strong>aliquibus</strong></span> <span class='ocrx_word' id='word_1_292' title='bbox 3307 2630 3467 2683; x_wconf 88' lang='lat' dir='ltr'><strong>etiam</strong></span> <span class='ocrx_word' id='word_1_293' title='bbox 3497 2636 3711 2682; x_wconf 87' lang='lat' dir='ltr'><strong>sancta-</strong></span> 
     </span>
    </p>
   </div>
   <div class='ocr_carea' id='block_1_44' title="bbox 2124 2718 3709 2795">
    <p class='ocr_par' dir='ltr' id='par_1_44' title="bbox 2124 2718 3709 2795">
     <span class='ocr_line' id='line_1_44' title="bbox 2124 2718 3709 2795; baseline -0.007 -15"><span class='ocrx_word' id='word_1_294' title='bbox 2124 2740 2244 2780; x_wconf 88' lang='lat' dir='ltr'><strong>rum</strong></span> <span class='ocrx_word' id='word_1_295' title='bbox 2271 2724 2518 2795; x_wconf 90' lang='lat' dir='ltr'><strong>capitulis</strong></span> <span class='ocrx_word' id='word_1_296' title='bbox 2559 2723 2865 2792; x_wconf 82' lang='lat' dir='ltr'><strong>regularum</strong></span> <span class='ocrx_word' id='word_1_297' title='bbox 2890 2760 2903 2789; x_wconf 86' lang='lat'><strong>,</strong></span> <span class='ocrx_word' id='word_1_298' title='bbox 2936 2731 2991 2778; x_wconf 91' lang='lat' dir='ltr'><strong>te</strong></span> <span class='ocrx_word' id='word_1_299' title='bbox 3020 2722 3286 2777; x_wconf 85' lang='lat' dir='ltr'><strong>credimus</strong></span> <span class='ocrx_word' id='word_1_300' title='bbox 3316 2718 3709 2774; x_wconf 87' lang='lat' dir='ltr'><strong>instruendum.</strong></span> 
     </span>
    </p>
   </div>
   <div class='ocr_carea' id='block_1_45' title="bbox 2121 2808 3713 2891">
    <p class='ocr_par' dir='ltr' id='par_1_45' title="bbox 2121 2808 3713 2891">
     <span class='ocr_line' id='line_1_45' title="bbox 2121 2808 3713 2891; baseline -0.004 -21"><span class='ocrx_word' id='word_1_301' title='bbox 2121 2889 2125 2891; x_wconf 13' lang='grc' dir='ltr'><strong>Δ</strong></span> <span class='ocrx_word' id='word_1_302' title='bbox 2195 2813 2238 2870; x_wconf 88' lang='lat' dir='ltr'><strong>I.</strong></span> <span class='ocrx_word' id='word_1_303' title='bbox 2272 2808 2348 2870; x_wconf 75' lang='lat' dir='ltr'><strong>Ac</strong></span> <span class='ocrx_word' id='word_1_304' title='bbox 2374 2816 2603 2884; x_wconf 90' lang='lat' dir='ltr'><strong>primum</strong></span> <span class='ocrx_word' id='word_1_305' title='bbox 2636 2815 2702 2868; x_wconf 88' lang='lat' dir='ltr'><strong>de</strong></span> <span class='ocrx_word' id='word_1_306' title='bbox 2731 2815 2814 2869; x_wconf 91' lang='lat' dir='ltr'><strong>his</strong></span> <span class='ocrx_word' id='word_1_307' title='bbox 2844 2830 2979 2884; x_wconf 91' lang='lat' dir='ltr'><strong>quos</strong></span> <span class='ocrx_word' id='word_1_308' title='bbox 3008 2811 3355 2867; x_wconf 83' lang='lat' dir='ltr'><strong>Priscillianae</strong></span> <span class='ocrx_word' id='word_1_309' title='bbox 3382 2810 3602 2865; x_wconf 76' lang='lat' dir='ltr'><strong>lueresis</strong></span> <span class='ocrx_word' id='word_1_310' title='bbox 3632 2809 3713 2863; x_wconf 82' lang='lat' dir='ltr'><strong>in-</strong></span> 
     </span>
    </p>
   </div>
   <div class='ocr_carea' id='block_1_46' title="bbox 2130 2900 3713 2974">
    <p class='ocr_par' dir='ltr' id='par_1_46' title="bbox 2130 2900 3713 2974">
     <span class='ocr_line' id='line_1_46' title="bbox 2130 2900 3713 2974; baseline -0.004 -14"><span class='ocrx_word' id='word_1_311' title='bbox 2130 2906 2321 2960; x_wconf 86' lang='lat' dir='ltr'><strong>dicasti</strong></span> <span class='ocrx_word' id='word_1_312' title='bbox 2362 2906 2505 2960; x_wconf 89' lang='lat' dir='ltr'><strong>vitiis</strong></span> <span class='ocrx_word' id='word_1_313' title='bbox 2548 2906 2854 2974; x_wconf 88' lang='lat' dir='ltr'><strong>inquinari,</strong></span> <span class='ocrx_word' id='word_1_314' title='bbox 2885 2914 3071 2959; x_wconf 88' lang='lat' dir='ltr'><strong>sancta</strong></span> <span class='ocrx_word' id='word_1_315' title='bbox 3100 2913 3154 2958; x_wconf 88' lang='lat' dir='ltr'><strong>et</strong></span> <span class='ocrx_word' id='word_1_316' title='bbox 3192 2902 3547 2959; x_wconf 78' lang='lat' dir='ltr'><strong>conveniente</strong></span> <span class='ocrx_word' id='word_1_317' title='bbox 3584 2900 3713 2954; x_wconf 81' lang='lat' dir='ltr'><strong>reli-</strong></span> 
     </span>
    </p>
   </div>
   <div class='ocr_carea' id='block_1_47' title="bbox 437 2993 3711 3067">
    <p class='ocr_par' dir='ltr' id='par_1_47' title="bbox 437 2993 3711 3067">
     <span class='ocr_line' id='line_1_47' title="bbox 437 2993 3711 3067; baseline -0.002 -13"><span class='ocrx_word' id='word_1_318' title='bbox 437 3002 595 3056; x_wconf 87' lang='lat' dir='ltr'><strong>vobis</strong></span> <span class='ocrx_word' id='word_1_319' title='bbox 632 2998 927 3055; x_wconf 69' lang='lat' dir='ltr'><strong>caelestium</strong></span> <span class='ocrx_word' id='word_1_320' title='bbox 966 2997 1225 3067; x_wconf 78' lang='lat' dir='ltr'><strong>perfectio</strong></span> <span class='ocrx_word' id='word_1_321' title='bbox 1273 2996 1636 3051; x_wconf 88' lang='lat' dir='ltr'><strong>doctrinarum</strong></span> <span class='ocrx_word' id='word_1_322' title='bbox 1685 3007 1791 3050; x_wconf 88' lang='lat' dir='ltr'><strong>tam</strong></span> <span class='ocrx_word' id='word_1_323' title='bbox 1841 2997 2017 3050; x_wconf 83' lang='lat' dir='ltr'><strong>votiva</strong></span> <span class='ocrx_word' id='word_1_324' title='bbox 2046 2996 2088 3057; x_wconf 90' lang='lat' dir='ltr'>C</span> <span class='ocrx_word' id='word_1_325' title='bbox 2122 2997 2266 3066; x_wconf 84' lang='lat' dir='ltr'><strong>gioni</strong></span> <span class='ocrx_word' id='word_1_326' title='bbox 2294 2997 2569 3053; x_wconf 81' lang='lat' dir='ltr'><strong>catholicae</strong></span> <span class='ocrx_word' id='word_1_327' title='bbox 2591 3012 2685 3052; x_wconf 89' lang='lat' dir='ltr'><strong>eos</strong></span> <span class='ocrx_word' id='word_1_328' title='bbox 2713 2997 3067 3052; x_wconf 87' lang='lat' dir='ltr'><strong>detestatione</strong></span> <span class='ocrx_word' id='word_1_329' title='bbox 3091 2994 3303 3065; x_wconf 80' lang='lat' dir='ltr'><strong>julicas</strong></span> <span class='ocrx_word' id='word_1_330' title='bbox 3331 2993 3357 3031; x_wconf 66' lang='grc' dir='ltr'><strong>ιι</strong></span> <span class='ocrx_word' id='word_1_331' title='bbox 3388 2993 3711 3061; x_wconf 80' lang='lat' dir='ltr'><strong>arguendos,</strong></span> 
     </span>
    </p>
   </div>
   <div class='ocr_carea' id='block_1_48' title="bbox 437 3080 2022 3159">
    <p class='ocr_par' dir='ltr' id='par_1_48' title="bbox 437 3080 2022 3159">
     <span class='ocr_line' id='line_1_48' title="bbox 437 3080 2022 3159; baseline -0.004 -12"><span class='ocrx_word' id='word_1_332' title='bbox 437 3092 803 3147; x_wconf 90' lang='lat' dir='ltr'><strong>sciscitatione</strong></span> <span class='ocrx_word' id='word_1_333' title='bbox 851 3088 1195 3159; x_wconf 84' lang='lat' dir='ltr'><strong>perquiritur.</strong></span> <span class='ocrx_word' id='word_1_334' title='bbox 1246 3082 1511 3156; x_wconf 88' lang='lat' dir='ltr'><strong>Scriptum</strong></span> <span class='ocrx_word' id='word_1_335' title='bbox 1543 3095 1626 3141; x_wconf 87' lang='lat' dir='ltr'><strong>est</strong></span> <span class='ocrx_word' id='word_1_336' title='bbox 1654 3087 1795 3141; x_wconf 91' lang='lat' dir='ltr'><strong>enim</strong></span> <span class='ocrx_word' id='word_1_337' title='bbox 1829 3104 1841 3138; x_wconf 90' lang='lat'>:</span> <span class='ocrx_word' id='word_1_338' title='bbox 1878 3080 2022 3141; x_wconf 84' lang='lat' dir='ltr'><strong>Beati</strong></span> 
     </span>
    </p>
   </div>
   <div class='ocr_carea' id='block_1_49' title="bbox 437 3178 2022 3253">
    <p class='ocr_par' dir='ltr' id='par_1_49' title="bbox 437 3178 2022 3253">
     <span class='ocr_line' id='line_1_49' title="bbox 437 3178 2022 3253; baseline -0.003 -17"><span class='ocrx_word' id='word_1_339' title='bbox 437 3185 523 3253; x_wconf 85' lang='lat' dir='ltr'><strong>qui</strong></span> <span class='ocrx_word' id='word_1_340' title='bbox 550 3190 846 3237; x_wconf 82' lang='lat' dir='ltr'><strong>scrutantur</strong></span> <span class='ocrx_word' id='word_1_341' title='bbox 873 3180 1162 3233; x_wconf 80' lang='lat' dir='ltr'><strong>testimonia</strong></span> <span class='ocrx_word' id='word_1_342' title='bbox 1188 3179 1297 3249; x_wconf 86' lang='lat' dir='ltr'><strong>ejus</strong></span> <span class='ocrx_word' id='word_1_343' title='bbox 1325 3195 1341 3232; x_wconf 93' lang='lat'><strong><em>:</em></strong></span> <span class='ocrx_word' id='word_1_344' title='bbox 1368 3180 1423 3232; x_wconf 84' lang='lat' dir='ltr'><strong>in</strong></span> <span class='ocrx_word' id='word_1_345' title='bbox 1446 3186 1551 3232; x_wconf 87' lang='lat' dir='ltr'><strong>toto</strong></span> <span class='ocrx_word' id='word_1_346' title='bbox 1572 3178 1726 3232; x_wconf 87' lang='lat' dir='ltr'><strong>corde</strong></span> <span class='ocrx_word' id='word_1_347' title='bbox 1749 3180 2022 3249; x_wconf 70' lang='lat' dir='ltr'><strong>exquirunt</strong></span> 
     </span>
    </p>
   </div>
   <div class='ocr_carea' id='block_1_50' title="bbox 437 3269 2021 3345">
    <p class='ocr_par' dir='ltr' id='par_1_50' title="bbox 437 3269 2021 3345">
     <span class='ocr_line' id='line_1_50' title="bbox 437 3269 2021 3345; baseline -0.004 -16"><span class='ocrx_word' id='word_1_348' title='bbox 437 3292 554 3345; x_wconf 60' lang='lat' dir='ltr'><strong>qm</strong></span> <span class='ocrx_word' id='word_1_349' title='bbox 603 3273 773 3345; x_wconf 79' lang='lat' dir='ltr'><strong>(Psaf.</strong></span> <span class='ocrx_word' id='word_1_350' title='bbox 806 3271 1013 3342; x_wconf 75' lang='lat' dir='ltr'><strong>cxvru).</strong></span> <span class='ocrx_word' id='word_1_351' title='bbox 1060 3269 1174 3324; x_wconf 83' lang='lat' dir='ltr'><strong>Hoc</strong></span> <span class='ocrx_word' id='word_1_352' title='bbox 1220 3271 1420 3337; x_wconf 83' lang='lat' dir='ltr'><strong>igitur,</strong></span> <span class='ocrx_word' id='word_1_353' title='bbox 1471 3269 1637 3324; x_wconf 80' lang='lat' dir='ltr'><strong>frater</strong></span> <span class='ocrx_word' id='word_1_354' title='bbox 1685 3270 2021 3336; x_wconf 87' lang='lat' dir='ltr'><strong>charissime,</strong></span> 
     </span>
    </p>
   </div>
   <div class='ocr_carea' id='block_1_51' title="bbox 440 3361 2020 3438">
    <p class='ocr_par' dir='ltr' id='par_1_51' title="bbox 440 3361 2020 3438">
     <span class='ocr_line' id='line_1_51' title="bbox 440 3361 2020 3438; baseline -0.003 -18"><span class='ocrx_word' id='word_1_355' title='bbox 440 3364 775 3438; x_wconf 88' lang='lat' dir='ltr'><strong>propositum</strong></span> <span class='ocrx_word' id='word_1_356' title='bbox 805 3371 908 3417; x_wconf 74' lang='lat' dir='ltr'><strong>tua:</strong></span> <span class='ocrx_word' id='word_1_357' title='bbox 934 3361 1342 3416; x_wconf 89' lang='lat' dir='ltr'><strong>consultationis</strong></span> <span class='ocrx_word' id='word_1_358' title='bbox 1369 3368 1481 3415; x_wconf 87' lang='lat' dir='ltr'><strong>tota</strong></span> <span class='ocrx_word' id='word_1_359' title='bbox 1504 3370 1684 3415; x_wconf 90' lang='lat' dir='ltr'><strong>mente</strong></span> <span class='ocrx_word' id='word_1_360' title='bbox 1707 3369 2020 3427; x_wconf 89' lang='lat' dir='ltr'><strong>tractantes,</strong></span> 
     </span>
    </p>
   </div>
   <div class='ocr_carea' id='block_1_52' title="bbox 444 3450 2021 3525">
    <p class='ocr_par' dir='ltr' id='par_1_52' title="bbox 444 3450 2021 3525">
     <span class='ocr_line' id='line_1_52' title="bbox 444 3450 2021 3525; baseline -0.004 -13"><span class='ocrx_word' id='word_1_361' title='bbox 444 3456 512 3512; x_wconf 85' lang='lat' dir='ltr'><strong>de</strong></span> <span class='ocrx_word' id='word_1_362' title='bbox 542 3465 594 3512; x_wconf 86' lang='lat' dir='ltr'><strong>te</strong></span> <span class='ocrx_word' id='word_1_363' title='bbox 630 3467 846 3524; x_wconf 89' lang='lat' dir='ltr'><strong>quoque</strong></span> <span class='ocrx_word' id='word_1_364' title='bbox 892 3451 1177 3522; x_wconf 87' lang='lat' dir='ltr'><strong>provenire</strong></span> <span class='ocrx_word' id='word_1_365' title='bbox 1221 3451 1596 3507; x_wconf 89' lang='lat' dir='ltr'><strong>contendimus</strong></span> <span class='ocrx_word' id='word_1_366' title='bbox 1640 3450 2021 3525; x_wconf 87' lang='lat' dir='ltr'><strong>[confidimus],</strong></span> 
     </span>
    </p>
   </div>
   <div class='ocr_carea' id='block_1_53' title="bbox 442 3541 2025 3618">
    <p class='ocr_par' dir='ltr' id='par_1_53' title="bbox 442 3541 2025 3618">
     <span class='ocr_line' id='line_1_53' title="bbox 442 3541 2025 3618; baseline -0.003 -14"><span class='ocrx_word' id='word_1_367' title='bbox 442 3548 537 3618; x_wconf 90' lang='lat' dir='ltr'><strong>qui</strong></span> <span class='ocrx_word' id='word_1_368' title='bbox 566 3546 805 3616; x_wconf 85' lang='lat' dir='ltr'><strong>regulam</strong></span> <span class='ocrx_word' id='word_1_369' title='bbox 835 3542 1112 3599; x_wconf 75' lang='lat' dir='ltr'><strong>catholica:</strong></span> <span class='ocrx_word' id='word_1_370' title='bbox 1141 3541 1260 3598; x_wconf 84' lang='lat' dir='ltr'><strong>ﬁdei</strong></span> <span class='ocrx_word' id='word_1_371' title='bbox 1294 3542 1481 3597; x_wconf 87' lang='lat' dir='ltr'><strong>iisdem</strong></span> <span class='ocrx_word' id='word_1_372' title='bbox 1512 3542 1693 3598; x_wconf 85' lang='lat' dir='ltr'><strong>studes</strong></span> <span class='ocrx_word' id='word_1_373' title='bbox 1724 3552 1908 3599; x_wconf 90' lang='lat' dir='ltr'><strong>tenere</strong></span> <span class='ocrx_word' id='word_1_374' title='bbox 1932 3561 2025 3600; x_wconf 86' lang='lat' dir='ltr'><strong>ve-</strong></span> 
     </span>
    </p>
   </div>
   <div class='ocr_carea' id='block_1_54' title="bbox 440 3634 2025 3709">
    <p class='ocr_par' dir='ltr' id='par_1_54' title="bbox 440 3634 2025 3709">
     <span class='ocr_line' id='line_1_54' title="bbox 440 3634 2025 3709; baseline -0.002 -14"><span class='ocrx_word' id='word_1_375' title='bbox 440 3639 612 3709; x_wconf 85' lang='lat' dir='ltr'><strong>stigiis</strong></span> <span class='ocrx_word' id='word_1_376' title='bbox 639 3638 833 3708; x_wconf 92' lang='lat' dir='ltr'><strong>quibus</strong></span> <span class='ocrx_word' id='word_1_377' title='bbox 859 3650 977 3692; x_wconf 87' lang='lat' dir='ltr'><strong>eam</strong></span> <span class='ocrx_word' id='word_1_378' title='bbox 1007 3635 1060 3689; x_wconf 87' lang='lat' dir='ltr'><strong>in</strong></span> <span class='ocrx_word' id='word_1_379' title='bbox 1091 3634 1384 3704; x_wconf 88' lang='lat' dir='ltr'><strong>apostolica</strong></span> <span class='ocrx_word' id='word_1_380' title='bbox 1415 3634 1517 3689; x_wconf 87' lang='lat' dir='ltr'><strong>fide</strong></span> <span class='ocrx_word' id='word_1_381' title='bbox 1550 3644 1573 3673; x_wconf 76' lang='grc' dir='ltr'><strong>ι·</strong></span> <span class='ocrx_word' id='word_1_382' title='bbox 1602 3636 1883 3703; x_wconf 76' lang='lat' dir='ltr'><strong>cognoscis</strong></span> <span class='ocrx_word' id='word_1_383' title='bbox 1906 3651 2025 3692; x_wconf 89' lang='lat' dir='ltr'><strong>esse</strong></span> 
     </span>
    </p>
   </div>
   <div class='ocr_carea' id='block_1_55' title="bbox 444 3725 2023 3798">
    <p class='ocr_par' dir='ltr' id='par_1_55' title="bbox 444 3725 2023 3798">
     <span class='ocr_line' id='line_1_55' title="bbox 444 3725 2023 3798; baseline -0.003 -13"><span class='ocrx_word' id='word_1_384' title='bbox 444 3731 740 3787; x_wconf 76' lang='lat' dir='ltr'><strong>fundatam.</strong></span> <span class='ocrx_word' id='word_1_385' title='bbox 770 3726 835 3782; x_wconf 88' lang='lat' dir='ltr'><strong>Et</strong></span> <span class='ocrx_word' id='word_1_386' title='bbox 861 3725 1106 3798; x_wconf 89' lang='lat' dir='ltr'><strong>quamvis</strong></span> <span class='ocrx_word' id='word_1_387' title='bbox 1143 3740 1308 3781; x_wconf 89' lang='lat' dir='ltr'><strong>sonus</strong></span> <span class='ocrx_word' id='word_1_388' title='bbox 1335 3740 1521 3780; x_wconf 90' lang='lat' dir='ltr'><strong>eorum</strong></span> <span class='ocrx_word' id='word_1_389' title='bbox 1568 3731 1680 3780; x_wconf 91' lang='lat' dir='ltr'><strong>toto</strong></span> <span class='ocrx_word' id='word_1_390' title='bbox 1708 3726 1839 3781; x_wconf 90' lang='lat' dir='ltr'><strong>orbe</strong></span> <span class='ocrx_word' id='word_1_391' title='bbox 1866 3726 2023 3781; x_wconf 76' lang='lat' dir='ltr'><strong>diffu-</strong></span> 
     </span>
    </p>
   </div>
   <div class='ocr_carea' id='block_1_56' title="bbox 514 3864 2024 3938">
    <p class='ocr_par' dir='ltr' id='par_1_56' title="bbox 514 3864 2024 3938">
     <span class='ocr_line' id='line_1_56' title="bbox 514 3864 2024 3938; baseline -0.002 -14"><span class='ocrx_word' id='word_1_392' title='bbox 514 3881 540 3910; x_wconf 78' lang='grc' dir='ltr'>ι</span> <span class='ocrx_word' id='word_1_393' title='bbox 591 3870 717 3925; x_wconf 66' lang='lat' dir='ltr'><strong>Haec</strong></span> <span class='ocrx_word' id='word_1_394' title='bbox 766 3867 993 3938; x_wconf 88' lang='lat' dir='ltr'><strong>epistola</strong></span> <span class='ocrx_word' id='word_1_395' title='bbox 1040 3867 1301 3921; x_wconf 88' lang='lat' dir='ltr'><strong>hactenus</strong></span> <span class='ocrx_word' id='word_1_396' title='bbox 1348 3864 1601 3938; x_wconf 85' lang='lat' dir='ltr'><strong>inscripta</strong></span> <span class='ocrx_word' id='word_1_397' title='bbox 1643 3866 1743 3938; x_wconf 85' lang='lat' dir='ltr'><strong>fuit</strong></span> <span class='ocrx_word' id='word_1_398' title='bbox 1769 3864 2024 3938; x_wconf 87' lang='lat' dir='ltr'><strong>Eutherio</strong></span> 
     </span>
    </p>
   </div>
   <div class='ocr_carea' id='block_1_57' title="bbox 442 3936 2028 4007">
    <p class='ocr_par' dir='ltr' id='par_1_57' title="bbox 442 3936 2028 4007">
     <span class='ocr_line' id='line_1_57' title="bbox 442 3936 2028 4007; baseline -0.004 -8"><span class='ocrx_word' id='word_1_399' title='bbox 442 3943 556 3999; x_wconf 83' lang='lat' dir='ltr'><strong>sive</strong></span> <span class='ocrx_word' id='word_1_400' title='bbox 585 3936 892 3995; x_wconf 83' lang='lat' dir='ltr'><strong>Eleutherio</strong></span> <span class='ocrx_word' id='word_1_401' title='bbox 920 3937 1203 4007; x_wconf 90' lang='lat' dir='ltr'><strong>episcopo,</strong></span> <span class='ocrx_word' id='word_1_402' title='bbox 1235 3944 1291 3989; x_wconf 91' lang='lat' dir='ltr'><strong>ut</strong></span> <span class='ocrx_word' id='word_1_403' title='bbox 1319 3936 1446 3989; x_wconf 92' lang='lat' dir='ltr'><strong>olim</strong></span> <span class='ocrx_word' id='word_1_404' title='bbox 1474 3936 1776 3989; x_wconf 91' lang='lat' dir='ltr'><strong>monuimus</strong></span> <span class='ocrx_word' id='word_1_405' title='bbox 1806 3936 1855 3990; x_wconf 89' lang='lat' dir='ltr'><strong>in</strong></span> <span class='ocrx_word' id='word_1_406' title='bbox 1887 3939 2028 3992; x_wconf 90' lang='lat' dir='ltr'><strong>notis</strong></span> 
     </span>
    </p>
   </div>
   <div class='ocr_carea' id='block_1_58' title="bbox 443 4006 2024 4067">
    <p class='ocr_par' dir='ltr' id='par_1_58' title="bbox 443 4006 2024 4067">
     <span class='ocr_line' id='line_1_58' title="bbox 443 4006 2024 4067; baseline -0.004 0"><span class='ocrx_word' id='word_1_407' title='bbox 443 4013 511 4067; x_wconf 77' lang='lat' dir='ltr'><strong>ad</strong></span> <span class='ocrx_word' id='word_1_408' title='bbox 549 4012 880 4067; x_wconf 79' lang='lat' dir='ltr'><strong>Gratianum.</strong></span> <span class='ocrx_word' id='word_1_409' title='bbox 933 4006 1153 4062; x_wconf 80' lang='lat' dir='ltr'><strong>Certum</strong></span> <span class='ocrx_word' id='word_1_410' title='bbox 1198 4014 1282 4060; x_wconf 90' lang='lat' dir='ltr'><strong>est</strong></span> <span class='ocrx_word' id='word_1_411' title='bbox 1329 4015 1508 4060; x_wconf 89' lang='lat' dir='ltr'><strong>autem</strong></span> <span class='ocrx_word' id='word_1_412' title='bbox 1556 4006 1776 4060; x_wconf 89' lang='lat' dir='ltr'><strong>inscribi</strong></span> <span class='ocrx_word' id='word_1_413' title='bbox 1827 4007 2024 4061; x_wconf 87' lang='lat' dir='ltr'><strong>debere</strong></span> 
     </span>
    </p>
   </div>
   <div class='ocr_carea' id='block_1_59' title="bbox 443 4075 2025 4148">
    <p class='ocr_par' dir='ltr' id='par_1_59' title="bbox 443 4075 2025 4148">
     <span class='ocr_line' id='line_1_59' title="bbox 443 4075 2025 4148; baseline -0.004 -11"><span class='ocrx_word' id='word_1_414' title='bbox 443 4082 749 4144; x_wconf 79' lang='lat' dir='ltr'><strong>Profuturo,</strong></span> <span class='ocrx_word' id='word_1_415' title='bbox 781 4080 872 4148; x_wconf 91' lang='lat' dir='ltr'><strong>qui</strong></span> <span class='ocrx_word' id='word_1_416' title='bbox 902 4077 999 4132; x_wconf 90' lang='lat' dir='ltr'><strong>fuit</strong></span> <span class='ocrx_word' id='word_1_417' title='bbox 1027 4076 1700 4148; x_wconf 67' lang='lat' dir='ltr'><strong>episcopus-ltracarensis.</strong></span> <span class='ocrx_word' id='word_1_418' title='bbox 1734 4075 1888 4148; x_wconf 83' lang='lat' dir='ltr'><strong>Quod</strong></span> <span class='ocrx_word' id='word_1_419' title='bbox 1919 4093 2025 4131; x_wconf 87' lang='lat' dir='ltr'><strong>non</strong></span> 
     </span>
    </p>
   </div>
   <div class='ocr_carea' id='block_1_60' title="bbox 441 4147 2025 4221">
    <p class='ocr_par' dir='ltr' id='par_1_60' title="bbox 441 4147 2025 4221">
     <span class='ocr_line' id='line_1_60' title="bbox 441 4147 2025 4221; baseline -0.004 -14"><span class='ocrx_word' id='word_1_420' title='bbox 441 4152 618 4207; x_wconf 85' lang='lat' dir='ltr'><strong>solum</strong></span> <span class='ocrx_word' id='word_1_421' title='bbox 645 4147 837 4221; x_wconf 83' lang='lat' dir='ltr'><strong>probat</strong></span> <span class='ocrx_word' id='word_1_422' title='bbox 861 4149 1155 4221; x_wconf 81' lang='lat' dir='ltr'><strong>auctoritas</strong></span> <span class='ocrx_word' id='word_1_423' title='bbox 1181 4147 1525 4221; x_wconf 65' lang='lat' dir='ltr'><strong>vetustissimi</strong></span> <span class='ocrx_word' id='word_1_424' title='bbox 1554 4148 1753 4221; x_wconf 82' lang='lat' dir='ltr'><strong>codicis</strong></span> <span class='ocrx_word' id='word_1_425' title='bbox 1778 4147 2025 4221; x_wconf 67' lang='lat' dir='ltr'><strong>Ecclesia:</strong></span> 
     </span>
    </p>
   </div>
   <div class='ocr_carea' id='block_1_61' title="bbox 442 4216 2025 4289">
    <p class='ocr_par' dir='ltr' id='par_1_61' title="bbox 442 4216 2025 4289">
     <span class='ocr_line' id='line_1_61' title="bbox 442 4216 2025 4289; baseline -0.003 -14"><span class='ocrx_word' id='word_1_426' title='bbox 442 4216 834 4289; x_wconf 70' lang='lat' dir='ltr'><strong>Lugdunensis,</strong></span> <span class='ocrx_word' id='word_1_427' title='bbox 864 4218 958 4289; x_wconf 86' lang='lat' dir='ltr'><strong>sed</strong></span> <span class='ocrx_word' id='word_1_428' title='bbox 980 4220 1144 4271; x_wconf 88' lang='lat' dir='ltr'><strong>etiam</strong></span> <span class='ocrx_word' id='word_1_429' title='bbox 1172 4216 1601 4289; x_wconf 64' lang='lat' dir='ltr'><strong>Colbertjuiduo</strong></span> <span class='ocrx_word' id='word_1_430' title='bbox 1631 4218 1815 4289; x_wconf 83' lang='lat' dir='ltr'><strong>optimi</strong></span> <span class='ocrx_word' id='word_1_431' title='bbox 1847 4226 1900 4271; x_wconf 89' lang='lat' dir='ltr'><strong>et</strong></span> <span class='ocrx_word' id='word_1_432' title='bbox 1931 4234 2025 4271; x_wconf 91' lang='lat' dir='ltr'><strong>ve-</strong></span> 
     </span>
    </p>
   </div>
   <div class='ocr_carea' id='block_1_62' title="bbox 442 4286 2024 4357">
    <p class='ocr_par' dir='ltr' id='par_1_62' title="bbox 442 4286 2024 4357">
     <span class='ocr_line' id='line_1_62' title="bbox 442 4286 2024 4357; baseline -0.002 -12"><span class='ocrx_word' id='word_1_433' title='bbox 442 4286 722 4346; x_wconf 56' lang='lat' dir='ltr'><strong>tustissimi</strong></span> <span class='ocrx_word' id='word_1_434' title='bbox 752 4286 945 4355; x_wconf 79' lang='lat' dir='ltr'><strong>signati</strong></span> <span class='ocrx_word' id='word_1_435' title='bbox 987 4303 1133 4341; x_wconf 87' lang='lat' dir='ltr'><strong>num.</strong></span> <span class='ocrx_word' id='word_1_436' title='bbox 1164 4286 1268 4357; x_wconf 70' lang='grc'><strong>408</strong></span> <span class='ocrx_word' id='word_1_437' title='bbox 1298 4295 1353 4340; x_wconf 90' lang='lat' dir='ltr'><strong>et</strong></span> <span class='ocrx_word' id='word_1_438' title='bbox 1380 4286 1549 4353; x_wconf 76' lang='lat'><strong>5970,</strong></span> <span class='ocrx_word' id='word_1_439' title='bbox 1582 4288 1632 4341; x_wconf 89' lang='lat' dir='ltr'><strong>in</strong></span> <span class='ocrx_word' id='word_1_440' title='bbox 1661 4288 1851 4357; x_wconf 87' lang='lat' dir='ltr'><strong>quibus</strong></span> <span class='ocrx_word' id='word_1_441' title='bbox 1880 4289 2024 4342; x_wconf 86' lang='lat' dir='ltr'><strong>varia</strong></span> 
     </span>
    </p>
   </div>
   <div class='ocr_carea' id='block_1_63' title="bbox 440 4355 3375 4428">
    <p class='ocr_par' dir='ltr' id='par_1_63' title="bbox 440 4355 3375 4428">
     <span class='ocr_line' id='line_1_63' title="bbox 440 4355 3375 4428; baseline -0.001 -12"><span class='ocrx_word' id='word_1_442' title='bbox 440 4361 597 4416; x_wconf 83' lang='lat' dir='ltr'><strong>istius</strong></span> <span class='ocrx_word' id='word_1_443' title='bbox 624 4358 1081 4428; x_wconf 58' lang='lat' dir='ltr'><strong>epistolrecapita</strong></span> <span class='ocrx_word' id='word_1_444' title='bbox 1130 4355 1433 4428; x_wconf 87' lang='lat' dir='ltr'><strong>referuntur</strong></span> <span class='ocrx_word' id='word_1_445' title='bbox 1479 4372 1560 4428; x_wconf 15' lang='lat' dir='ltr'><strong>ex]</strong></span> <span class='ocrx_word' id='word_1_446' title='bbox 1597 4355 1822 4425; x_wconf 86' lang='lat' dir='ltr'><strong>epistola</strong></span> <span class='ocrx_word' id='word_1_447' title='bbox 1869 4373 2020 4426; x_wconf 70' lang='lat' dir='ltr'><strong>papa:</strong></span> <span class='ocrx_word' id='word_1_448' title='bbox 2052 4367 2099 4426; x_wconf 87' lang='lat' dir='ltr'><strong>D</strong></span> <span class='ocrx_word' id='word_1_449' title='bbox 2128 4355 2405 4415; x_wconf 76' lang='lat' dir='ltr'><strong>desinente</strong></span> <span class='ocrx_word' id='word_1_450' title='bbox 2435 4361 2545 4413; x_wconf 87' lang='lat' dir='ltr'><strong>fere</strong></span> <span class='ocrx_word' id='word_1_451' title='bbox 2580 4355 2808 4415; x_wconf 85' lang='lat' dir='ltr'><strong>decimo.</strong></span> <span class='ocrx_word' id='word_1_452' title='bbox 2853 4360 2992 4414; x_wconf 81' lang='lat' dir='ltr'><strong>Fieri</strong></span> <span class='ocrx_word' id='word_1_453' title='bbox 3031 4360 3172 4414; x_wconf 90' lang='lat' dir='ltr'><strong>enim</strong></span> <span class='ocrx_word' id='word_1_454' title='bbox 3220 4357 3375 4412; x_wconf 85' lang='lat' dir='ltr'><strong>facile</strong></span> 
     </span>
    </p>
   </div>
   <div class='ocr_carea' id='block_1_64' title="bbox 441 4425 2021 4499">
    <p class='ocr_par' dir='ltr' id='par_1_64' title="bbox 441 4425 2021 4499">
     <span class='ocr_line' id='line_1_64' title="bbox 441 4425 2021 4499; baseline -0.001 -15"><span class='ocrx_word' id='word_1_455' title='bbox 441 4429 621 4499; x_wconf 79' lang='lat' dir='ltr'><strong>Vigilii</strong></span> <span class='ocrx_word' id='word_1_456' title='bbox 651 4425 718 4482; x_wconf 79' lang='lat' dir='ltr'><strong>ad</strong></span> <span class='ocrx_word' id='word_1_457' title='bbox 766 4425 1104 4499; x_wconf 83' lang='lat' dir='ltr'><strong>Profuturum</strong></span> <span class='ocrx_word' id='word_1_458' title='bbox 1144 4427 1474 4499; x_wconf 82' lang='lat' dir='ltr'><strong>episcopum.</strong></span> <span class='ocrx_word' id='word_1_459' title='bbox 1531 4426 1795 4499; x_wconf 61' lang='lat' dir='ltr'><strong>Praeterea</strong></span> <span class='ocrx_word' id='word_1_460' title='bbox 1845 4425 2021 4482; x_wconf 80' lang='lat' dir='ltr'><strong>exstat</strong></span> 
     </span>
    </p>
   </div>
   <div class='ocr_carea' id='block_1_65' title="bbox 443 4496 2017 4571">
    <p class='ocr_par' dir='ltr' id='par_1_65' title="bbox 443 4496 2017 4571">
     <span class='ocr_line' id='line_1_65' title="bbox 443 4496 2017 4571; baseline -0.001 -16"><span class='ocrx_word' id='word_1_461' title='bbox 443 4496 650 4571; x_wconf 69' lang='lat' dir='ltr'><strong>integra</strong></span> <span class='ocrx_word' id='word_1_462' title='bbox 680 4513 802 4571; x_wconf 82' lang='lat' dir='ltr'><strong>cum</strong></span> <span class='ocrx_word' id='word_1_463' title='bbox 842 4497 944 4552; x_wconf 88' lang='lat' dir='ltr'><strong>hac</strong></span> <span class='ocrx_word' id='word_1_464' title='bbox 972 4497 1158 4571; x_wconf 73' lang='lat' dir='ltr'><strong>eadem</strong></span> <span class='ocrx_word' id='word_1_465' title='bbox 1181 4496 1548 4571; x_wconf 64' lang='lat' dir='ltr'><strong>inscriptione</strong></span> <span class='ocrx_word' id='word_1_466' title='bbox 1569 4497 1861 4571; x_wconf 65' lang='lat' dir='ltr'><strong>_i_n__o;»_timo</strong></span> <span class='ocrx_word' id='word_1_467' title='bbox 1893 4500 2017 4571; x_wconf 75' lang='lat' dir='ltr'><strong>item</strong></span> 
     </span>
    </p>
   </div>
   <div class='ocr_carea' id='block_1_66' title="bbox 442 4565 2018 4637">
    <p class='ocr_par' dir='ltr' id='par_1_66' title="bbox 442 4565 2018 4637">
     <span class='ocr_line' id='line_1_66' title="bbox 442 4565 2018 4637; baseline -0.003 -12"><span class='ocrx_word' id='word_1_468' title='bbox 442 4577 499 4625; x_wconf 89' lang='lat' dir='ltr'><strong>et</strong></span> <span class='ocrx_word' id='word_1_469' title='bbox 526 4565 895 4637; x_wconf 72' lang='lat' dir='ltr'><strong>antiquissimo</strong></span> <span class='ocrx_word' id='word_1_470' title='bbox 924 4566 1108 4621; x_wconf 87' lang='lat' dir='ltr'><strong>codice</strong></span> <span class='ocrx_word' id='word_1_471' title='bbox 1132 4565 1235 4619; x_wconf 71' lang='grc'><strong>449</strong></span> <span class='ocrx_word' id='word_1_472' title='bbox 1264 4566 1499 4634; x_wconf 88' lang='lat' dir='ltr'><strong>ejusdem</strong></span> <span class='ocrx_word' id='word_1_473' title='bbox 1531 4566 1869 4637; x_wconf 70' lang='lat' dir='ltr'><strong>bibliotheca:</strong></span> <span class='ocrx_word' id='word_1_474' title='bbox 1892 4568 2018 4623; x_wconf 82' lang='lat' dir='ltr'><strong>Co!-</strong></span> 
     </span>
    </p>
   </div>
   <div class='ocr_carea' id='block_1_67' title="bbox 440 4636 2021 4705">
    <p class='ocr_par' dir='ltr' id='par_1_67' title="bbox 440 4636 2021 4705">
     <span class='ocr_line' id='line_1_67' title="bbox 440 4636 2021 4705; baseline -0.003 -10"><span class='ocrx_word' id='word_1_475' title='bbox 440 4636 697 4703; x_wconf 65' lang='lat' dir='ltr'><strong>bertinte;</strong></span> <span class='ocrx_word' id='word_1_476' title='bbox 738 4640 789 4692; x_wconf 91' lang='lat' dir='ltr'><strong>in</strong></span> <span class='ocrx_word' id='word_1_477' title='bbox 822 4652 929 4705; x_wconf 90' lang='lat' dir='ltr'><strong>quo</strong></span> <span class='ocrx_word' id='word_1_478' title='bbox 969 4647 1146 4690; x_wconf 89' lang='lat' dir='ltr'><strong>tamen</strong></span> <span class='ocrx_word' id='word_1_479' title='bbox 1186 4638 1339 4691; x_wconf 90' lang='lat' dir='ltr'><strong>deest</strong></span> <span class='ocrx_word' id='word_1_480' title='bbox 1374 4643 1531 4704; x_wconf 88' lang='lat' dir='ltr'><strong>caput</strong></span> <span class='ocrx_word' id='word_1_481' title='bbox 1560 4636 1626 4689; x_wconf 91' lang='lat' dir='ltr'><strong>de</strong></span> <span class='ocrx_word' id='word_1_482' title='bbox 1655 4637 1885 4705; x_wconf 89' lang='lat' dir='ltr'><strong>primatu</strong></span> <span class='ocrx_word' id='word_1_483' title='bbox 1912 4638 2021 4691; x_wconf 81' lang='lat' dir='ltr'><strong>Ro-</strong></span> 
     </span>
    </p>
   </div>
   <div class='ocr_carea' id='block_1_68' title="bbox 441 4705 2019 4774">
    <p class='ocr_par' dir='ltr' id='par_1_68' title="bbox 441 4705 2019 4774">
     <span class='ocr_line' id='line_1_68' title="bbox 441 4705 2019 4774; baseline -0.004 -9"><span class='ocrx_word' id='word_1_484' title='bbox 441 4725 617 4765; x_wconf 70' lang='lat' dir='ltr'><strong>mana:</strong></span> <span class='ocrx_word' id='word_1_485' title='bbox 648 4708 914 4764; x_wconf 65' lang='lat' dir='ltr'><strong>Ecclesia).</strong></span> <span class='ocrx_word' id='word_1_486' title='bbox 946 4705 1011 4759; x_wconf 90' lang='lat' dir='ltr'><strong>Et</strong></span> <span class='ocrx_word' id='word_1_487' title='bbox 1038 4722 1169 4760; x_wconf 88' lang='lat' dir='ltr'><strong>sane</strong></span> <span class='ocrx_word' id='word_1_488' title='bbox 1199 4722 1319 4760; x_wconf 90' lang='lat' dir='ltr'><strong>cum</strong></span> <span class='ocrx_word' id='word_1_489' title='bbox 1348 4715 1541 4760; x_wconf 72' lang='lat' dir='ltr'><strong>caetera</strong></span> <span class='ocrx_word' id='word_1_490' title='bbox 1573 4708 1749 4774; x_wconf 89' lang='lat' dir='ltr'><strong>capita</strong></span> <span class='ocrx_word' id='word_1_491' title='bbox 1779 4706 2019 4761; x_wconf 89' lang='lat' dir='ltr'><strong>referan-</strong></span> 
     </span>
    </p>
   </div>
   <div class='ocr_carea' id='block_1_69' title="bbox 439 4774 2015 4847">
    <p class='ocr_par' dir='ltr' id='par_1_69' title="bbox 439 4774 2015 4847">
     <span class='ocr_line' id='line_1_69' title="bbox 439 4774 2015 4847; baseline -0.001 -15"><span class='ocrx_word' id='word_1_492' title='bbox 439 4790 531 4834; x_wconf 89' lang='lat' dir='ltr'><strong>tur</strong></span> <span class='ocrx_word' id='word_1_493' title='bbox 553 4781 754 4847; x_wconf 75' lang='lat' dir='ltr'><strong>integra</strong></span> <span class='ocrx_word' id='word_1_494' title='bbox 777 4779 829 4831; x_wconf 90' lang='lat' dir='ltr'><strong>in</strong></span> <span class='ocrx_word' id='word_1_495' title='bbox 852 4776 1037 4847; x_wconf 84' lang='lat' dir='ltr'><strong>codice</strong></span> <span class='ocrx_word' id='word_1_496' title='bbox 1058 4774 1161 4828; x_wconf 67' lang='lat'><strong>408</strong></span> <span class='ocrx_word' id='word_1_497' title='bbox 1180 4774 1489 4847; x_wconf 81' lang='lat' dir='ltr'><strong>Colbertino</strong></span> <span class='ocrx_word' id='word_1_498' title='bbox 1510 4784 1565 4829; x_wconf 92' lang='lat' dir='ltr'><strong>et</strong></span> <span class='ocrx_word' id='word_1_499' title='bbox 1586 4775 1637 4829; x_wconf 89' lang='lat' dir='ltr'><strong>in</strong></span> <span class='ocrx_word' id='word_1_500' title='bbox 1664 4775 2015 4844; x_wconf 85' lang='lat' dir='ltr'><strong>Lugdunensi,</strong></span> 
     </span>
    </p>
   </div>
   <div class='ocr_carea' id='block_1_70' title="bbox 444 4844 2016 4913">
    <p class='ocr_par' dir='ltr' id='par_1_70' title="bbox 444 4844 2016 4913">
     <span class='ocr_line' id='line_1_70' title="bbox 444 4844 2016 4913; baseline -0.002 -10"><span class='ocrx_word' id='word_1_501' title='bbox 444 4849 602 4903; x_wconf 89' lang='lat' dir='ltr'><strong>iidem</strong></span> <span class='ocrx_word' id='word_1_502' title='bbox 654 4844 832 4901; x_wconf 74' lang='lat' dir='ltr'><strong>tamen</strong></span> <span class='ocrx_word' id='word_1_503' title='bbox 879 4862 983 4900; x_wconf 89' lang='lat' dir='ltr'><strong>non</strong></span> <span class='ocrx_word' id='word_1_504' title='bbox 1015 4846 1213 4900; x_wconf 89' lang='lat' dir='ltr'><strong>habent</strong></span> <span class='ocrx_word' id='word_1_505' title='bbox 1241 4859 1361 4913; x_wconf 68' lang='lat' dir='ltr'><strong>qua:</strong></span> <span class='ocrx_word' id='word_1_506' title='bbox 1388 4844 1455 4898; x_wconf 86' lang='lat' dir='ltr'><strong>de</strong></span> <span class='ocrx_word' id='word_1_507' title='bbox 1484 4847 1716 4913; x_wconf 89' lang='lat' dir='ltr'><strong>primatu</strong></span> <span class='ocrx_word' id='word_1_508' title='bbox 1764 4847 2016 4900; x_wconf 72' lang='lat' dir='ltr'><strong>Romana:</strong></span> 
     </span>
    </p>
   </div>
   <div class='ocr_carea' id='block_1_71' title="bbox 440 4915 2015 4984">
    <p class='ocr_par' dir='ltr' id='par_1_71' title="bbox 440 4915 2015 4984">
     <span class='ocr_line' id='line_1_71' title="bbox 440 4915 2015 4984; baseline 0 -13"><span class='ocrx_word' id='word_1_509' title='bbox 440 4918 694 4974; x_wconf 71' lang='lat' dir='ltr'><strong>Ecclesia:</strong></span> <span class='ocrx_word' id='word_1_510' title='bbox 724 4916 990 4971; x_wconf 89' lang='lat' dir='ltr'><strong>adduntur</strong></span> <span class='ocrx_word' id='word_1_511' title='bbox 1014 4916 1063 4969; x_wconf 92' lang='lat' dir='ltr'><strong>iu</strong></span> <span class='ocrx_word' id='word_1_512' title='bbox 1092 4916 1409 4969; x_wconf 89' lang='lat' dir='ltr'><strong>collectione</strong></span> <span class='ocrx_word' id='word_1_513' title='bbox 1439 4931 1555 4984; x_wconf 86' lang='lat' dir='ltr'><strong>quae</strong></span> <span class='ocrx_word' id='word_1_514' title='bbox 1582 4915 1794 4984; x_wconf 72' lang='lat' dir='ltr'><strong>pncfcrt</strong></span> <span class='ocrx_word' id='word_1_515' title='bbox 1821 4931 2015 4971; x_wconf 86' lang='lat' dir='ltr'><strong>nomen</strong></span> 
     </span>
    </p>
   </div>
   <div class='ocr_carea' id='block_1_72' title="bbox 441 4931 2016 5054">
    <p class='ocr_par' dir='ltr' id='par_1_72' title="bbox 441 4931 2016 5054">
     <span class='ocr_line' id='line_1_72' title="bbox 441 4931 2015 4984; baseline 0 -13"><span class='ocrx_word' id='word_1_516' title='bbox 441 4931 694 4974; x_wconf 62' lang='lat' dir='ltr'><strong>tacetesra:</strong></span> <span class='ocrx_word' id='word_1_517' title='bbox 724 4931 990 4971; x_wconf 83' lang='lat' dir='ltr'><strong>adduntur</strong></span> <span class='ocrx_word' id='word_1_518' title='bbox 1014 4932 1063 4969; x_wconf 82' lang='lat' dir='ltr'><strong>tu</strong></span> <span class='ocrx_word' id='word_1_519' title='bbox 1092 4931 1409 4969; x_wconf 72' lang='lat' dir='ltr'><strong>correctione</strong></span> <span class='ocrx_word' id='word_1_520' title='bbox 1478 4932 1555 4969; x_wconf 87' lang='lat' dir='ltr'><strong>uae</strong></span> <span class='ocrx_word' id='word_1_521' title='bbox 1582 4931 1794 4984; x_wconf 76' lang='lat' dir='ltr'><strong>prancrt</strong></span> <span class='ocrx_word' id='word_1_522' title='bbox 1821 4931 2015 4971; x_wconf 86' lang='lat' dir='ltr'><strong>nomen</strong></span> 
     </span>
     <span class='ocr_line' id='line_1_73' title="bbox 441 4931 2016 5054; baseline -0.001 -12"><span class='ocrx_word' id='word_1_523' title='bbox 441 4988 655 5044; x_wconf 84' lang='lat' dir='ltr'><strong>lsidori.</strong></span> <span class='ocrx_word' id='word_1_524' title='bbox 699 4986 868 5042; x_wconf 89' lang='lat' dir='ltr'><strong>Porro</strong></span> <span class='ocrx_word' id='word_1_525' title='bbox 897 4987 1094 5039; x_wconf 90' lang='lat' dir='ltr'><strong>diserta</strong></span> <span class='ocrx_word' id='word_1_526' title='bbox 1135 4986 1375 5054; x_wconf 66' lang='lat' dir='ltr'><strong>epistolae</strong></span> <span class='ocrx_word' id='word_1_527' title='bbox 1404 4931 1469 5038; x_wconf 64' lang='lat' dir='ltr'><strong>ag</strong></span> <span class='ocrx_word' id='word_1_528' title='bbox 1499 4984 1837 5039; x_wconf 84' lang='lat' dir='ltr'><strong>Profuturum</strong></span> <span class='ocrx_word' id='word_1_529' title='bbox 1868 5001 2016 5040; x_wconf 83' lang='lat' dir='ltr'><strong>men-</strong></span> 
     </span>
    </p>
   </div>
   <div class='ocr_carea' id='block_1_73' title="bbox 441 5055 2015 5125">
    <p class='ocr_par' dir='ltr' id='par_1_73' title="bbox 441 5055 2015 5125">
     <span class='ocr_line' id='line_1_74' title="bbox 441 5055 2015 5125; baseline -0.001 -13"><span class='ocrx_word' id='word_1_530' title='bbox 441 5059 516 5112; x_wconf 92' lang='lat' dir='ltr'><strong>tio</strong></span> <span class='ocrx_word' id='word_1_531' title='bbox 539 5066 623 5113; x_wconf 86' lang='lat' dir='ltr'><strong>est</strong></span> <span class='ocrx_word' id='word_1_532' title='bbox 652 5059 704 5112; x_wconf 90' lang='lat' dir='ltr'><strong>in</strong></span> <span class='ocrx_word' id='word_1_533' title='bbox 739 5056 901 5125; x_wconf 81' lang='lat' dir='ltr'><strong>gestis</strong></span> <span class='ocrx_word' id='word_1_534' title='bbox 928 5056 1141 5110; x_wconf 88' lang='lat' dir='ltr'><strong>concilii</strong></span> <span class='ocrx_word' id='word_1_535' title='bbox 1180 5056 1335 5124; x_wconf 90' lang='lat' dir='ltr'><strong>primi</strong></span> <span class='ocrx_word' id='word_1_536' title='bbox 1367 5055 1730 5121; x_wconf 85' lang='lat' dir='ltr'><strong>Braeareusis,</strong></span> <span class='ocrx_word' id='word_1_537' title='bbox 1762 5056 1850 5109; x_wconf 89' lang='lat' dir='ltr'><strong>ubi</strong></span> <span class='ocrx_word' id='word_1_538' title='bbox 1879 5056 2015 5111; x_wconf 91' lang='lat' dir='ltr'><strong>dici-</strong></span> 
     </span>
    </p>
   </div>
   <div class='ocr_carea' id='block_1_74' title="bbox 439 5125 2019 5197">
    <p class='ocr_par' dir='ltr' id='par_1_74' title="bbox 439 5125 2019 5197">
     <span class='ocr_line' id='line_1_75' title="bbox 439 5125 2019 5197; baseline -0.001 -16"><span class='ocrx_word' id='word_1_539' title='bbox 439 5139 530 5182; x_wconf 90' lang='lat' dir='ltr'><strong>tur</strong></span> <span class='ocrx_word' id='word_1_540' title='bbox 557 5129 753 5197; x_wconf 87' lang='lat' dir='ltr'><strong>scripta</strong></span> <span class='ocrx_word' id='word_1_541' title='bbox 782 5125 859 5197; x_wconf 84' lang='lat' dir='ltr'><strong>ad</strong></span> <span class='ocrx_word' id='word_1_542' title='bbox 878 5126 1349 5197; x_wconf 79' lang='lat' dir='ltr'><strong>interrogationem</strong></span> <span class='ocrx_word' id='word_1_543' title='bbox 1385 5125 1500 5192; x_wconf 90' lang='lat' dir='ltr'><strong>ejus</strong></span> <span class='ocrx_word' id='word_1_544' title='bbox 1524 5133 1624 5197; x_wconf 86' lang='lat' dir='ltr'><strong>,_et</strong></span> <span class='ocrx_word' id='word_1_545' title='bbox 1655 5135 1871 5197; x_wconf 86' lang='lat' dir='ltr'><strong>propter</strong></span> <span class='ocrx_word' id='word_1_546' title='bbox 1900 5143 2019 5195; x_wconf 88' lang='lat' dir='ltr'><strong>pro-</strong></span> 
     </span>
    </p>
   </div>
   <div class='ocr_carea' id='block_1_75' title="bbox 439 5193 2021 5265">
    <p class='ocr_par' dir='ltr' id='par_1_75' title="bbox 439 5193 2021 5265">
     <span class='ocr_line' id='line_1_76' title="bbox 439 5193 2021 5265; baseline 0.001 -14"><span class='ocrx_word' id='word_1_547' title='bbox 439 5193 700 5253; x_wconf 78' lang='lat' dir='ltr'><strong>lixitatem</strong></span> <span class='ocrx_word' id='word_1_548' title='bbox 728 5196 891 5265; x_wconf 81' lang='lat' dir='ltr'><strong>gestis</strong></span> <span class='ocrx_word' id='word_1_549' title='bbox 918 5194 1133 5249; x_wconf 86' lang='lat' dir='ltr'><strong>minim‘e</strong></span> <span class='ocrx_word' id='word_1_550' title='bbox 1171 5205 1252 5249; x_wconf 91' lang='lat' dir='ltr'><strong>cst</strong></span> <span class='ocrx_word' id='word_1_551' title='bbox 1278 5196 1495 5249; x_wconf 85' lang='lat' dir='ltr'><strong>inserta.</strong></span> <span class='ocrx_word' id='word_1_552' title='bbox 1545 5193 1619 5265; x_wconf 77' lang='lat' dir='ltr'><strong>De</strong></span> <span class='ocrx_word' id='word_1_553' title='bbox 1648 5195 1734 5249; x_wconf 89' lang='lat' dir='ltr'><strong>die</strong></span> <span class='ocrx_word' id='word_1_554' title='bbox 1757 5193 1936 5249; x_wconf 79' lang='lat' dir='ltr'><strong>autem</strong></span> <span class='ocrx_word' id='word_1_555' title='bbox 1968 5206 2021 5252; x_wconf 89' lang='lat' dir='ltr'><strong>et</strong></span> 
     </span>
    </p>
   </div>
   <div class='ocr_carea' id='block_1_76' title="bbox 440 5264 2020 5333">
    <p class='ocr_par' dir='ltr' id='par_1_76' title="bbox 440 5264 2020 5333">
     <span class='ocr_line' id='line_1_77' title="bbox 440 5264 2020 5333; baseline 0 -12"><span class='ocrx_word' id='word_1_556' title='bbox 440 5283 583 5321; x_wconf 85' lang='lat' dir='ltr'><strong>anno</strong></span> <span class='ocrx_word' id='word_1_557' title='bbox 613 5283 719 5333; x_wconf 93' lang='lat' dir='ltr'><strong>quo</strong></span> <span class='ocrx_word' id='word_1_558' title='bbox 738 5264 869 5320; x_wconf 84' lang='lat' dir='ltr'><strong>data</strong></span> <span class='ocrx_word' id='word_1_559' title='bbox 898 5275 981 5319; x_wconf 91' lang='lat' dir='ltr'><strong>est</strong></span> <span class='ocrx_word' id='word_1_560' title='bbox 1013 5267 1196 5320; x_wconf 90' lang='lat' dir='ltr'><strong>inutile</strong></span> <span class='ocrx_word' id='word_1_561' title='bbox 1225 5281 1348 5319; x_wconf 65' lang='lat' dir='ltr'><strong>reor</strong></span> <span class='ocrx_word' id='word_1_562' title='bbox 1375 5281 1491 5319; x_wconf 76' lang='lat' dir='ltr'><strong>esse</strong></span> <span class='ocrx_word' id='word_1_563' title='bbox 1512 5265 1555 5317; x_wconf 89' lang='lat' dir='ltr'><strong>si</strong></span> <span class='ocrx_word' id='word_1_564' title='bbox 1584 5264 1868 5333; x_wconf 89' lang='lat' dir='ltr'><strong>disputem,</strong></span> <span class='ocrx_word' id='word_1_565' title='bbox 1901 5282 2020 5321; x_wconf 90' lang='lat' dir='ltr'><strong>cum</strong></span> 
     </span>
    </p>
   </div>
   <div class='ocr_carea' id='block_1_77' title="bbox 441 5335 2020 5402">
    <p class='ocr_par' dir='ltr' id='par_1_77' title="bbox 441 5335 2020 5402">
     <span class='ocr_line' id='line_1_78' title="bbox 441 5335 2020 5402; baseline 0.001 -12"><span class='ocrx_word' id='word_1_566' title='bbox 441 5353 509 5390; x_wconf 78' lang='lat' dir='ltr'><strong>ex</strong></span> <span class='ocrx_word' id='word_1_567' title='bbox 539 5335 724 5391; x_wconf 86' lang='lat' dir='ltr'><strong>codice</strong></span> <span class='ocrx_word' id='word_1_568' title='bbox 753 5337 1063 5391; x_wconf 85' lang='lat' dir='ltr'><strong>Colbertino</strong></span> <span class='ocrx_word' id='word_1_569' title='bbox 1115 5343 1326 5389; x_wconf 88' lang='lat' dir='ltr'><strong>constet</strong></span> <span class='ocrx_word' id='word_1_570' title='bbox 1354 5335 1607 5402; x_wconf 80' lang='lat' dir='ltr'><strong>scriptam</strong></span> <span class='ocrx_word' id='word_1_571' title='bbox 1637 5349 1755 5389; x_wconf 90' lang='lat' dir='ltr'><strong>esse</strong></span> <span class='ocrx_word' id='word_1_572' title='bbox 1784 5351 1849 5390; x_wconf 91' lang='lat' dir='ltr'><strong>eo</strong></span> <span class='ocrx_word' id='word_1_573' title='bbox 1879 5351 2020 5392; x_wconf 90' lang='lat' dir='ltr'><strong>anno</strong></span> 
     </span>
    </p>
   </div>
   <div class='ocr_carea' id='block_1_78' title="bbox 440 5404 2020 5524">
    <p class='ocr_par' dir='ltr' id='par_1_78' title="bbox 440 5404 2020 5524">
     <span class='ocr_line' id='line_1_79' title="bbox 440 5404 2020 5524; baseline 0.002 -66"><span class='ocrx_word' id='word_1_574' title='bbox 440 5421 550 5524; x_wconf 52' lang='lat' dir='ltr'><strong>quo</strong></span> <span class='ocrx_word' id='word_1_575' title='bbox 578 5405 811 5488; x_wconf 74' lang='lat' dir='ltr'><strong>Joannes</strong></span> <span class='ocrx_word' id='word_1_576' title='bbox 835 5407 1019 5489; x_wconf 80' lang='lat' dir='ltr'><strong>consul</strong></span> <span class='ocrx_word' id='word_1_577' title='bbox 1051 5404 1294 5489; x_wconf 42' lang='lat' dir='ltr'><strong>fuit‘post</strong></span> <span class='ocrx_word' id='word_1_578' title='bbox 1330 5404 1663 5489; x_wconf 79' lang='lat' dir='ltr'><strong>Belisarium,</strong></span> <span class='ocrx_word' id='word_1_579' title='bbox 1692 5406 1743 5459; x_wconf 89' lang='lat' dir='ltr'><strong>id</strong></span> <span class='ocrx_word' id='word_1_580' title='bbox 1773 5415 1854 5460; x_wconf 91' lang='lat' dir='ltr'><strong>est</strong></span> <span class='ocrx_word' id='word_1_581' title='bbox 1878 5421 2020 5461; x_wconf 88' lang='lat' dir='ltr'><strong>anno</strong></span> 
     </span>
     <span class='ocr_line' id='line_1_80' title="bbox 443 5473 2020 5524; baseline 0.002 -3"><span class='ocrx_word' id='word_1_582' title='bbox 443 5508 457 5521; x_wconf 87' lang='lat'><strong>.</strong></span> <span class='ocrx_word' id='word_1_583' title='bbox 479 5474 566 5524; x_wconf 78' lang='lat'><strong>58.</strong></span> <span class='ocrx_word' id='word_1_584' title='bbox 599 5475 842 5524; x_wconf 66' lang='lat' dir='ltr'><strong>Balaam:</strong></span> <span class='ocrx_word' id='word_1_585' title='bbox 868 5492 923 5524; x_wconf 79' lang='grc' dir='ltr'><strong>ιη</strong></span> <span class='ocrx_word' id='word_1_586' title='bbox 950 5473 1099 5524; x_wconf 85' lang='lat' dir='ltr'><strong>Nova</strong></span> <span class='ocrx_word' id='word_1_587' title='bbox 1129 5474 1325 5524; x_wconf 79' lang='lat' dir='ltr'><strong>(.oncrf.</strong></span> <span class='ocrx_word' id='word_1_588' title='bbox 1355 5474 1564 5524; x_wconf 73' lang='lat' dir='ltr'><strong>Lollect.</strong></span> <span class='ocrx_word' id='word_1_589' title='bbox 1604 5476 1673 5524; x_wconf 82' lang='lat' dir='ltr'><strong>At</strong></span> <span class='ocrx_word' id='word_1_590' title='bbox 1710 5476 1866 5524; x_wconf 65' lang='lat' dir='ltr'><strong>lenae.</strong></span> <span class='ocrx_word' id='word_1_591' title='bbox 1905 5492 2020 5524; x_wconf 82' lang='lat' dir='ltr'><strong>ma-</strong></span> 
     </span>
    </p>
   </div>
   <div class='ocr_carea' id='block_1_79' title="bbox 443 5473 2020 5544">
    <p class='ocr_par' dir='ltr' id='par_1_79' title="bbox 443 5473 2020 5544">
     <span class='ocr_line' id='line_1_81' title="bbox 443 5473 2020 5544; baseline 0.002 -19"><span class='ocrx_word' id='word_1_592' title='bbox 443 5473 566 5527; x_wconf 76' lang='lat'><strong>558.</strong></span> <span class='ocrx_word' id='word_1_593' title='bbox 599 5475 842 5529; x_wconf 70' lang='lat' dir='ltr'><strong>Baluzius</strong></span> <span class='ocrx_word' id='word_1_594' title='bbox 868 5477 923 5528; x_wconf 82' lang='lat' dir='ltr'><strong>in</strong></span> <span class='ocrx_word' id='word_1_595' title='bbox 950 5473 1099 5529; x_wconf 83' lang='lat' dir='ltr'><strong>Nova</strong></span> <span class='ocrx_word' id='word_1_596' title='bbox 1129 5474 1325 5528; x_wconf 83' lang='lat' dir='ltr'><strong>Concil.</strong></span> <span class='ocrx_word' id='word_1_597' title='bbox 1355 5474 1564 5529; x_wconf 80' lang='lat' dir='ltr'><strong>Collect.</strong></span> <span class='ocrx_word' id='word_1_598' title='bbox 1604 5476 1673 5528; x_wconf 81' lang='lat' dir='ltr'><strong>At</strong></span> <span class='ocrx_word' id='word_1_599' title='bbox 1710 5476 1866 5544; x_wconf 78' lang='lat' dir='ltr'><strong>longe</strong></span> <span class='ocrx_word' id='word_1_600' title='bbox 1904 5492 2020 5529; x_wconf 86' lang='lat' dir='ltr'><strong>ma-</strong></span> 
     </span>
    </p>
   </div>
   <div class='ocr_carea' id='block_1_80' title="bbox 441 5544 2013 5613">
    <p class='ocr_par' dir='ltr' id='par_1_80' title="bbox 441 5544 2013 5613">
     <span class='ocr_line' id='line_1_82' title="bbox 441 5544 2013 5613; baseline 0.002 -15"><span class='ocrx_word' id='word_1_601' title='bbox 441 5544 528 5613; x_wconf 87' lang='lat' dir='ltr'><strong>jor</strong></span> <span class='ocrx_word' id='word_1_602' title='bbox 556 5544 684 5599; x_wconf 88' lang='lat' dir='ltr'><strong>fides</strong></span> <span class='ocrx_word' id='word_1_603' title='bbox 724 5545 968 5599; x_wconf 64' lang='lat' dir='ltr'><strong>habenda</strong></span> <span class='ocrx_word' id='word_1_604' title='bbox 1012 5546 1228 5613; x_wconf 87' lang='lat' dir='ltr'><strong>reliquis</strong></span> <span class='ocrx_word' id='word_1_605' title='bbox 1279 5544 1529 5600; x_wconf 89' lang='lat' dir='ltr'><strong>omnibus</strong></span> <span class='ocrx_word' id='word_1_606' title='bbox 1578 5546 1870 5611; x_wconf 84' lang='lat' dir='ltr'><strong>codicibus,</strong></span> <span class='ocrx_word' id='word_1_607' title='bbox 1905 5554 2013 5601; x_wconf 89' lang='lat' dir='ltr'><strong>tum</strong></span> 
     </span>
    </p>
   </div>
   <div class='ocr_carea' id='block_1_81' title="bbox 442 5612 2011 5685">
    <p class='ocr_par' dir='ltr' id='par_1_81' title="bbox 442 5612 2011 5685">
     <span class='ocr_line' id='line_1_83' title="bbox 442 5612 2011 5685; baseline 0.001 -17"><span class='ocrx_word' id='word_1_608' title='bbox 442 5612 570 5668; x_wconf 83' lang='lat' dir='ltr'><strong>mss.</strong></span> <span class='ocrx_word' id='word_1_609' title='bbox 599 5616 979 5684; x_wconf 85' lang='lat' dir='ltr'><strong>antiquissimis</strong></span> <span class='ocrx_word' id='word_1_610' title='bbox 1006 5612 1289 5685; x_wconf 66' lang='lat' dir='ltr'><strong>Hispaniae,</strong></span> <span class='ocrx_word' id='word_1_611' title='bbox 1321 5615 1449 5670; x_wconf 89' lang='lat' dir='ltr'><strong>visis</strong></span> <span class='ocrx_word' id='word_1_612' title='bbox 1476 5623 1531 5669; x_wconf 91' lang='lat' dir='ltr'><strong>et</strong></span> <span class='ocrx_word' id='word_1_613' title='bbox 1559 5616 1766 5670; x_wconf 89' lang='lat' dir='ltr'><strong>collatis</strong></span> <span class='ocrx_word' id='word_1_614' title='bbox 1793 5616 1860 5671; x_wconf 90' lang='lat' dir='ltr'><strong>ab</strong></span> <span class='ocrx_word' id='word_1_615' title='bbox 1890 5617 2011 5670; x_wconf 86' lang='lat' dir='ltr'><strong>illu-</strong></span> 
     </span>
    </p>
   </div>
   <div class='ocr_carea' id='block_1_82' title="bbox 2124 3087 3713 3159">
    <p class='ocr_par' dir='ltr' id='par_1_82' title="bbox 2124 3087 3713 3159">
     <span class='ocr_line' id='line_1_84' title="bbox 2124 3087 3713 3159; baseline -0.003 -15"><span class='ocrx_word' id='word_1_616' title='bbox 2124 3091 2212 3159; x_wconf 89' lang='lat' dir='ltr'><strong>qui</strong></span> <span class='ocrx_word' id='word_1_617' title='bbox 2236 3090 2307 3144; x_wconf 85' lang='lat' dir='ltr'><strong>ita</strong></span> <span class='ocrx_word' id='word_1_618' title='bbox 2332 3106 2391 3145; x_wconf 90' lang='lat' dir='ltr'><strong>se</strong></span> <span class='ocrx_word' id='word_1_619' title='bbox 2416 3090 2514 3145; x_wconf 91' lang='lat' dir='ltr'><strong>sub</strong></span> <span class='ocrx_word' id='word_1_620' title='bbox 2536 3091 2871 3145; x_wconf 72' lang='lat' dir='ltr'><strong>abstinentia:</strong></span> <span class='ocrx_word' id='word_1_621' title='bbox 2894 3090 3158 3145; x_wconf 83' lang='lat' dir='ltr'><strong>simulatae</strong></span> <span class='ocrx_word' id='word_1_622' title='bbox 3187 3098 3449 3159; x_wconf 64' lang='lat' dir='ltr'><strong>praetextu</strong></span> <span class='ocrx_word' id='word_1_623' title='bbox 3475 3089 3542 3142; x_wconf 91' lang='lat' dir='ltr'><strong>ab</strong></span> <span class='ocrx_word' id='word_1_624' title='bbox 3572 3087 3713 3141; x_wconf 81' lang='lat' dir='ltr'><strong>escis</strong></span> 
     </span>
    </p>
   </div>
   <div class='ocr_carea' id='block_1_83' title="bbox 2122 3177 3711 3248">
    <p class='ocr_par' dir='ltr' id='par_1_83' title="bbox 2122 3177 3711 3248">
     <span class='ocr_line' id='line_1_85' title="bbox 2122 3177 3711 3248; baseline -0.003 -13"><span class='ocrx_word' id='word_1_625' title='bbox 2122 3182 2370 3235; x_wconf 89' lang='lat' dir='ltr'><strong>videntur</strong></span> <span class='ocrx_word' id='word_1_626' title='bbox 2412 3182 2653 3237; x_wconf 84' lang='lat' dir='ltr'><strong>carnium</strong></span> <span class='ocrx_word' id='word_1_627' title='bbox 2699 3181 3018 3235; x_wconf 88' lang='lat' dir='ltr'><strong>submovere</strong></span> <span class='ocrx_word' id='word_1_628' title='bbox 3043 3222 3057 3248; x_wconf 97' lang='lat'><strong>,</strong></span> <span class='ocrx_word' id='word_1_629' title='bbox 3098 3188 3157 3235; x_wconf 87' lang='lat' dir='ltr'><strong>ut</strong></span> <span class='ocrx_word' id='word_1_630' title='bbox 3193 3180 3297 3234; x_wconf 89' lang='lat' dir='ltr'><strong>hoc</strong></span> <span class='ocrx_word' id='word_1_631' title='bbox 3324 3177 3711 3233; x_wconf 81' lang='lat' dir='ltr'><strong>exsecrationis</strong></span> 
     </span>
    </p>
   </div>
   <div class='ocr_carea' id='block_1_84' title="bbox 2121 3269 3709 3341">
    <p class='ocr_par' dir='ltr' id='par_1_84' title="bbox 2121 3269 3709 3341">
     <span class='ocr_line' id='line_1_86' title="bbox 2121 3269 3709 3341; baseline -0.002 -16"><span class='ocrx_word' id='word_1_632' title='bbox 2121 3272 2299 3341; x_wconf 90' lang='lat' dir='ltr'><strong>potius</strong></span> <span class='ocrx_word' id='word_1_633' title='bbox 2326 3272 2506 3326; x_wconf 91' lang='lat' dir='ltr'><strong>animo</strong></span> <span class='ocrx_word' id='word_1_634' title='bbox 2534 3287 2693 3340; x_wconf 90' lang='lat' dir='ltr'><strong>quam</strong></span> <span class='ocrx_word' id='word_1_635' title='bbox 2724 3270 3027 3325; x_wconf 90' lang='lat' dir='ltr'><strong>devotionis</strong></span> <span class='ocrx_word' id='word_1_636' title='bbox 3056 3272 3353 3340; x_wconf 88' lang='lat' dir='ltr'><strong>probentur</strong></span> <span class='ocrx_word' id='word_1_637' title='bbox 3381 3270 3617 3324; x_wconf 86' lang='lat' dir='ltr'><strong>efficere.</strong></span> <span class='ocrx_word' id='word_1_638' title='bbox 3650 3269 3709 3323; x_wconf 88' lang='lat' dir='ltr'><strong>In</strong></span> 
     </span>
    </p>
   </div>
   <div class='ocr_carea' id='block_1_85' title="bbox 2122 3360 3715 3435">
    <p class='ocr_par' dir='ltr' id='par_1_85' title="bbox 2122 3360 3715 3435">
     <span class='ocr_line' id='line_1_87' title="bbox 2122 3360 3715 3435; baseline -0.003 -18"><span class='ocrx_word' id='word_1_639' title='bbox 2122 3377 2228 3432; x_wconf 87' lang='lat' dir='ltr'><strong>qua</strong></span> <span class='ocrx_word' id='word_1_640' title='bbox 2257 3378 2317 3418; x_wconf 89' lang='lat' dir='ltr'><strong>re</strong></span> <span class='ocrx_word' id='word_1_641' title='bbox 2346 3363 2471 3433; x_wconf 86' lang='lat' dir='ltr'><strong>quia</strong></span> <span class='ocrx_word' id='word_1_642' title='bbox 2503 3360 2895 3416; x_wconf 79' lang='lat' dir='ltr'><strong>nefandissimis</strong></span> <span class='ocrx_word' id='word_1_643' title='bbox 2925 3360 3231 3416; x_wconf 81' lang='lat' dir='ltr'><strong>Manichacis</strong></span> <span class='ocrx_word' id='word_1_644' title='bbox 3260 3376 3376 3435; x_wconf 80' lang='lat' dir='ltr'><strong>esse</strong></span> <span class='ocrx_word' id='word_1_645' title='bbox 3405 3360 3715 3416; x_wconf 82' lang='lat' dir='ltr'><strong>consimiles</strong></span> 
     </span>
    </p>
   </div>
   <div class='ocr_carea' id='block_1_86' title="bbox 2124 3455 3712 3528">
    <p class='ocr_par' dir='ltr' id='par_1_86' title="bbox 2124 3455 3712 3528">
     <span class='ocr_line' id='line_1_88' title="bbox 2124 3455 3712 3528; baseline 0 -18"><span class='ocrx_word' id='word_1_646' title='bbox 2124 3458 2509 3528; x_wconf 89' lang='lat' dir='ltr'><strong>approbantur.</strong></span> <span class='ocrx_word' id='word_1_647' title='bbox 2537 3456 2680 3525; x_wconf 90' lang='lat' dir='ltr'><strong>juste</strong></span> <span class='ocrx_word' id='word_1_648' title='bbox 2726 3455 2945 3510; x_wconf 89' lang='lat' dir='ltr'><strong>Patrum</strong></span> <span class='ocrx_word' id='word_1_649' title='bbox 2973 3456 3359 3510; x_wconf 85' lang='lat' dir='ltr'><strong>venerabilium</strong></span> <span class='ocrx_word' id='word_1_650' title='bbox 3401 3456 3712 3511; x_wconf 86' lang='lat' dir='ltr'><strong>constitutis</strong></span> 
     </span>
    </p>
   </div>
   <div class='ocr_carea' id='block_1_87' title="bbox 2124 3545 3711 3617">
    <p class='ocr_par' dir='ltr' id='par_1_87' title="bbox 2124 3545 3711 3617">
     <span class='ocr_line' id='line_1_89' title="bbox 2124 3545 3711 3617; baseline -0.003 -13"><span class='ocrx_word' id='word_1_651' title='bbox 2124 3549 2192 3604; x_wconf 89' lang='lat' dir='ltr'><strong>ab</strong></span> <span class='ocrx_word' id='word_1_652' title='bbox 2223 3549 2323 3603; x_wconf 92' lang='lat' dir='ltr'><strong>hac</strong></span> <span class='ocrx_word' id='word_1_653' title='bbox 2350 3548 2733 3617; x_wconf 89' lang='lat' dir='ltr'><strong>superstitione</strong></span> <span class='ocrx_word' id='word_1_654' title='bbox 2779 3547 2878 3601; x_wconf 92' lang='lat' dir='ltr'><strong>sub</strong></span> <span class='ocrx_word' id='word_1_655' title='bbox 2924 3547 3284 3602; x_wconf 88' lang='lat' dir='ltr'><strong>anathematis</strong></span> <span class='ocrx_word' id='word_1_656' title='bbox 3310 3554 3437 3600; x_wconf 90' lang='lat' dir='ltr'><strong>sunt</strong></span> <span class='ocrx_word' id='word_1_657' title='bbox 3464 3545 3711 3599; x_wconf 83' lang='lat' dir='ltr'><strong>intermi-</strong></span> 
     </span>
    </p>
   </div>
   <div class='ocr_carea' id='block_1_88' title="bbox 2123 3634 3711 3708">
    <p class='ocr_par' dir='ltr' id='par_1_88' title="bbox 2123 3634 3711 3708">
     <span class='ocr_line' id='line_1_90' title="bbox 2123 3634 3711 3708; baseline -0.003 -15"><span class='ocrx_word' id='word_1_658' title='bbox 2123 3639 2342 3693; x_wconf 89' lang='lat' dir='ltr'><strong>natione</strong></span> <span class='ocrx_word' id='word_1_659' title='bbox 2378 3637 2665 3708; x_wconf 85' lang='lat' dir='ltr'><strong>prohibiti,</strong></span> <span class='ocrx_word' id='word_1_660' title='bbox 2710 3637 2923 3706; x_wconf 91' lang='lat' dir='ltr'><strong>quando</strong></span> <span class='ocrx_word' id='word_1_661' title='bbox 2958 3634 2975 3675; x_wconf 74' lang='grc' dir='ltr'>ί</span> <span class='ocrx_word' id='word_1_662' title='bbox 3015 3636 3211 3705; x_wconf 89' lang='lat' dir='ltr'><strong>aliquid</strong></span> <span class='ocrx_word' id='word_1_663' title='bbox 3244 3637 3486 3691; x_wconf 88' lang='lat' dir='ltr'><strong>ciborum</strong></span> <span class='ocrx_word' id='word_1_664' title='bbox 3520 3644 3711 3689; x_wconf 88' lang='lat' dir='ltr'><strong>conla-</strong></span> 
     </span>
    </p>
   </div>
   <div class='ocr_carea' id='block_1_89' title="bbox 2126 3728 3712 3803">
    <p class='ocr_par' dir='ltr' id='par_1_89' title="bbox 2126 3728 3712 3803">
     <span class='ocr_line' id='line_1_91' title="bbox 2126 3728 3712 3803; baseline -0.001 -19"><span class='ocrx_word' id='word_1_665' title='bbox 2126 3732 2282 3800; x_wconf 79' lang='lat' dir='ltr'><strong>gione</strong></span> <span class='ocrx_word' id='word_1_666' title='bbox 2321 3732 2563 3787; x_wconf 89' lang='lat' dir='ltr'><strong>carnium</strong></span> <span class='ocrx_word' id='word_1_667' title='bbox 2605 3731 2834 3787; x_wconf 88' lang='lat' dir='ltr'><strong>credunt</strong></span> <span class='ocrx_word' id='word_1_668' title='bbox 2880 3729 3217 3803; x_wconf 87' lang='lat' dir='ltr'><strong>[carnalium</strong></span> <span class='ocrx_word' id='word_1_669' title='bbox 3261 3728 3539 3800; x_wconf 85' lang='lat' dir='ltr'><strong>creditur]</strong></span> <span class='ocrx_word' id='word_1_670' title='bbox 3592 3743 3712 3784; x_wconf 86' lang='lat' dir='ltr'><strong>esse</strong></span> 
     </span>
    </p>
   </div>
   <div class='ocr_carea' id='block_1_90' title="bbox 2124 3868 3713 3941">
    <p class='ocr_par' dir='ltr' id='par_1_90' title="bbox 2124 3868 3713 3941">
     <span class='ocr_line' id='line_1_92' title="bbox 2124 3868 3713 3941; baseline -0.003 -15"><span class='ocrx_word' id='word_1_671' title='bbox 2124 3870 2296 3926; x_wconf 89' lang='lat' dir='ltr'><strong>striss.</strong></span> <span class='ocrx_word' id='word_1_672' title='bbox 2324 3870 2534 3937; x_wconf 85' lang='lat' dir='ltr'><strong>Loaisa,</strong></span> <span class='ocrx_word' id='word_1_673' title='bbox 2564 3878 2674 3925; x_wconf 89' lang='lat' dir='ltr'><strong>tum</strong></span> <span class='ocrx_word' id='word_1_674' title='bbox 2705 3872 3004 3941; x_wconf 88' lang='lat' dir='ltr'><strong>impressis,</strong></span> <span class='ocrx_word' id='word_1_675' title='bbox 3028 3871 3080 3925; x_wconf 89' lang='lat' dir='ltr'><strong>in</strong></span> <span class='ocrx_word' id='word_1_676' title='bbox 3107 3869 3298 3939; x_wconf 88' lang='lat' dir='ltr'><strong>quibus</strong></span> <span class='ocrx_word' id='word_1_677' title='bbox 3328 3868 3713 3941; x_wconf 36' lang='lat' dir='ltr'><strong>caputAdepri-</strong></span> 
     </span>
    </p>
   </div>
   <div class='ocr_carea' id='block_1_91' title="bbox 2126 3938 3710 4009">
    <p class='ocr_par' dir='ltr' id='par_1_91' title="bbox 2126 3938 3710 4009">
     <span class='ocr_line' id='line_1_93' title="bbox 2126 3938 3710 4009; baseline -0.002 -15"><span class='ocrx_word' id='word_1_678' title='bbox 2126 3949 2273 3994; x_wconf 86' lang='lat' dir='ltr'><strong>matu</strong></span> <span class='ocrx_word' id='word_1_679' title='bbox 2307 3941 2561 3997; x_wconf 63' lang='lat' dir='ltr'><strong>Romana:</strong></span> <span class='ocrx_word' id='word_1_680' title='bbox 2589 3938 2840 3997; x_wconf 77' lang='lat' dir='ltr'><strong>Ecclesiae</strong></span> <span class='ocrx_word' id='word_1_681' title='bbox 2886 3938 3133 4005; x_wconf 83' lang='lat' dir='ltr'><strong>habetur,</strong></span> <span class='ocrx_word' id='word_1_682' title='bbox 3172 3956 3331 4009; x_wconf 85' lang='lat' dir='ltr'><strong>quam</strong></span> <span class='ocrx_word' id='word_1_683' title='bbox 3372 3940 3460 4009; x_wconf 86' lang='lat' dir='ltr'><strong>uni</strong></span> <span class='ocrx_word' id='word_1_684' title='bbox 3485 3938 3710 4009; x_wconf 75' lang='lat' dir='ltr'><strong>quher-</strong></span> 
     </span>
    </p>
   </div>
   <div class='ocr_carea' id='block_1_92' title="bbox 2129 4006 3708 4091">
    <p class='ocr_par' dir='ltr' id='par_1_92' title="bbox 2129 4006 3708 4091">
     <span class='ocr_line' id='line_1_94' title="bbox 2129 4006 3708 4091; baseline -0.003 -27"><span class='ocrx_word' id='word_1_685' title='bbox 2129 4011 2359 4091; x_wconf 83' lang='lat' dir='ltr'><strong>tino,de</strong></span> <span class='ocrx_word' id='word_1_686' title='bbox 2386 4028 2494 4091; x_wconf 68' lang='lat' dir='ltr'><strong>qpo</strong></span> <span class='ocrx_word' id='word_1_687' title='bbox 2521 4029 2626 4068; x_wconf 92' lang='lat' dir='ltr'><strong>non</strong></span> <span class='ocrx_word' id='word_1_688' title='bbox 2672 4014 2804 4091; x_wconf 69' lang='lat' dir='ltr'><strong>levis</strong></span> <span class='ocrx_word' id='word_1_689' title='bbox 2839 4013 3074 4091; x_wconf 78' lang='lat' dir='ltr'><strong>suspicio</strong></span> <span class='ocrx_word' id='word_1_690' title='bbox 3104 4006 3223 4066; x_wconf 80' lang='lat' dir='ltr'><strong>esse</strong></span> <span class='ocrx_word' id='word_1_691' title='bbox 3249 4010 3423 4091; x_wconf 74' lang='lat' dir='ltr'><strong>possit</strong></span> <span class='ocrx_word' id='word_1_692' title='bbox 3451 4008 3502 4063; x_wconf 91' lang='lat' dir='ltr'><strong>in</strong></span> <span class='ocrx_word' id='word_1_693' title='bbox 3535 4006 3708 4088; x_wconf 78' lang='lat' dir='ltr'><strong>Gallia</strong></span> 
     </span>
    </p>
   </div>
   <div class='ocr_carea' id='block_1_93' title="bbox 2127 4078 3708 4151">
    <p class='ocr_par' dir='ltr' id='par_1_93' title="bbox 2127 4078 3708 4151">
     <span class='ocr_line' id='line_1_95' title="bbox 2127 4078 3708 4151; baseline -0.003 -16"><span class='ocrx_word' id='word_1_694' title='bbox 2127 4082 2384 4151; x_wconf 88' lang='lat' dir='ltr'><strong>scriptum</strong></span> <span class='ocrx_word' id='word_1_695' title='bbox 2404 4078 2606 4148; x_wconf 76' lang='lat' dir='ltr'><strong>fuisse,</strong></span> <span class='ocrx_word' id='word_1_696' title='bbox 2639 4091 2693 4136; x_wconf 92' lang='lat' dir='ltr'><strong>et</strong></span> <span class='ocrx_word' id='word_1_697' title='bbox 2718 4084 2781 4137; x_wconf 93' lang='lat' dir='ltr'><strong>iis</strong></span> <span class='ocrx_word' id='word_1_698' title='bbox 2811 4078 3141 4151; x_wconf 84' lang='lat' dir='ltr'><strong>temporibus</strong></span> <span class='ocrx_word' id='word_1_699' title='bbox 3170 4078 3367 4151; x_wconf 77' lang='lat' dir='ltr'><strong>quibus</strong></span> <span class='ocrx_word' id='word_1_700' title='bbox 3394 4092 3567 4151; x_wconf 77' lang='lat' dir='ltr'><strong>causae</strong></span> <span class='ocrx_word' id='word_1_701' title='bbox 3593 4078 3708 4146; x_wconf 88' lang='lat' dir='ltr'><strong>epi-</strong></span> 
     </span>
    </p>
   </div>
   <div class='ocr_carea' id='block_1_94' title="bbox 2127 4149 3710 4221">
    <p class='ocr_par' dir='ltr' id='par_1_94' title="bbox 2127 4149 3710 4221">
     <span class='ocr_line' id='line_1_96' title="bbox 2127 4149 3710 4221; baseline -0.004 -16"><span class='ocrx_word' id='word_1_702' title='bbox 2127 4149 2413 4219; x_wconf 83' lang='lat' dir='ltr'><strong>scoporum</strong></span> <span class='ocrx_word' id='word_1_703' title='bbox 2442 4153 2823 4221; x_wconf 86' lang='lat' dir='ltr'><strong>appellantium</strong></span> <span class='ocrx_word' id='word_1_704' title='bbox 2852 4149 3032 4207; x_wconf 86' lang='lat' dir='ltr'><strong>sedem</strong></span> <span class='ocrx_word' id='word_1_705' title='bbox 3063 4149 3413 4221; x_wconf 32' lang='lat' dir='ltr'><strong>apes‘tolicam</strong></span> <span class='ocrx_word' id='word_1_706' title='bbox 3441 4149 3710 4221; x_wconf 69' lang='lat' dir='ltr'><strong>discepta-</strong></span> 
     </span>
    </p>
   </div>
   <div class='ocr_carea' id='block_1_95' title="bbox 2127 4215 3708 4291">
    <p class='ocr_par' dir='ltr' id='par_1_95' title="bbox 2127 4215 3708 4291">
     <span class='ocr_line' id='line_1_97' title="bbox 2127 4215 3708 4291; baseline -0.002 -18"><span class='ocrx_word' id='word_1_707' title='bbox 2127 4215 2343 4291; x_wconf 41' lang='lat' dir='ltr'><strong>ban-tur,</strong></span> <span class='ocrx_word' id='word_1_708' title='bbox 2374 4215 2667 4291; x_wconf 61' lang='lat' dir='ltr'><strong>praesertim</strong></span> <span class='ocrx_word' id='word_1_709' title='bbox 2697 4223 2988 4277; x_wconf 86' lang='lat' dir='ltr'><strong>inclinante</strong></span> <span class='ocrx_word' id='word_1_710' title='bbox 3014 4215 3209 4291; x_wconf 63' lang='lat' dir='ltr'><strong>ssceulo</strong></span> <span class='ocrx_word' id='word_1_711' title='bbox 3238 4236 3402 4291; x_wconf 77' lang='lat' dir='ltr'><strong>nono,</strong></span> <span class='ocrx_word' id='word_1_712' title='bbox 3420 4219 3517 4291; x_wconf 86' lang='lat' dir='ltr'><strong>sub</strong></span> <span class='ocrx_word' id='word_1_713' title='bbox 3544 4215 3708 4291; x_wconf 76' lang='lat' dir='ltr'><strong>Nico-</strong></span> 
     </span>
    </p>
   </div>
   <div class='ocr_carea' id='block_1_96' title="bbox 2126 4287 3707 4360">
    <p class='ocr_par' dir='ltr' id='par_1_96' title="bbox 2126 4287 3707 4360">
     <span class='ocr_line' id='line_1_98' title="bbox 2126 4287 3707 4360; baseline -0.003 -17"><span class='ocrx_word' id='word_1_714' title='bbox 2126 4290 2213 4343; x_wconf 90' lang='lat' dir='ltr'><strong>lao</strong></span> <span class='ocrx_word' id='word_1_715' title='bbox 2248 4290 2266 4343; x_wconf 92' lang='lat' dir='ltr'><strong>l</strong></span> <span class='ocrx_word' id='word_1_716' title='bbox 2303 4287 2468 4360; x_wconf 83' lang='lat' dir='ltr'><strong>papa,</strong></span> <span class='ocrx_word' id='word_1_717' title='bbox 2502 4299 2555 4344; x_wconf 91' lang='lat' dir='ltr'><strong>et</strong></span> <span class='ocrx_word' id='word_1_718' title='bbox 2598 4299 2781 4360; x_wconf 91' lang='lat' dir='ltr'><strong>postea</strong></span> <span class='ocrx_word' id='word_1_719' title='bbox 2816 4292 2865 4343; x_wconf 90' lang='lat' dir='ltr'><strong>iu</strong></span> <span class='ocrx_word' id='word_1_720' title='bbox 2900 4306 3057 4345; x_wconf 80' lang='lat' dir='ltr'><strong>causa</strong></span> <span class='ocrx_word' id='word_1_721' title='bbox 3090 4289 3337 4360; x_wconf 79' lang='lat' dir='ltr'><strong>Cerberti</strong></span> <span class='ocrx_word' id='word_1_722' title='bbox 3371 4287 3707 4360; x_wconf 79' lang='lat' dir='ltr'><strong>Rhemensis,</strong></span> 
     </span>
    </p>
   </div>
   <div class='ocr_carea' id='block_1_97' title="bbox 3450 4358 3707 4418">
    <p class='ocr_par' dir='ltr' id='par_1_97' title="bbox 3450 4358 3707 4418">
     <span class='ocr_line' id='line_1_99' title="bbox 3450 4358 3707 4418; baseline 0 -9"><span class='ocrx_word' id='word_1_723' title='bbox 3450 4358 3613 4418; x_wconf 90' lang='lat' dir='ltr'><strong>otuit,</strong></span> <span class='ocrx_word' id='word_1_724' title='bbox 3648 4365 3707 4410; x_wconf 87' lang='lat' dir='ltr'><strong>ut</strong></span> 
     </span>
    </p>
   </div>
   <div class='ocr_carea' id='block_1_98' title="bbox 2161 4426 3705 4486">
    <p class='ocr_par' dir='ltr' id='par_1_98' title="bbox 2161 4426 3705 4486">
     <span class='ocr_line' id='line_1_100' title="bbox 2161 4426 3705 4486; baseline -0.003 -2"><span class='ocrx_word' id='word_1_725' title='bbox 2161 4431 2212 4484; x_wconf 91' lang='lat' dir='ltr'><strong>ui</strong></span> <span class='ocrx_word' id='word_1_726' title='bbox 2236 4430 2490 4486; x_wconf 85' lang='lat' dir='ltr'><strong>adversus</strong></span> <span class='ocrx_word' id='word_1_727' title='bbox 2512 4429 2857 4485; x_wconf 81' lang='lat' dir='ltr'><strong>Hincmarum</strong></span> <span class='ocrx_word' id='word_1_728' title='bbox 2886 4429 3288 4484; x_wconf 90' lang='lat' dir='ltr'><strong>Laudunensem</strong></span> <span class='ocrx_word' id='word_1_729' title='bbox 3312 4443 3374 4482; x_wconf 94' lang='lat' dir='ltr'><strong>ac</strong></span> <span class='ocrx_word' id='word_1_730' title='bbox 3401 4426 3705 4480; x_wconf 86' lang='lat' dir='ltr'><strong>Rhotadum</strong></span> 
     </span>
    </p>
   </div>
   <div class='ocr_carea' id='block_1_99' title="bbox 2164 4497 3707 4574">
    <p class='ocr_par' dir='ltr' id='par_1_99' title="bbox 2164 4497 3707 4574">
     <span class='ocr_line' id='line_1_101' title="bbox 2164 4497 3707 4574; baseline -0.003 -21"><span class='ocrx_word' id='word_1_731' title='bbox 2164 4501 2563 4574; x_wconf 87' lang='lat' dir='ltr'><strong>uessionensem</strong></span> <span class='ocrx_word' id='word_1_732' title='bbox 2587 4501 2893 4574; x_wconf 78' lang='lat' dir='ltr'><strong>episcopos,</strong></span> <span class='ocrx_word' id='word_1_733' title='bbox 2926 4500 3108 4554; x_wconf 90' lang='lat' dir='ltr'><strong>sedem</strong></span> <span class='ocrx_word' id='word_1_734' title='bbox 3137 4498 3500 4574; x_wconf 71' lang='lat' dir='ltr'><strong>apostolicam</strong></span> <span class='ocrx_word' id='word_1_735' title='bbox 3520 4497 3707 4574; x_wconf 79' lang='lat' dir='ltr'><strong>appel-</strong></span> 
     </span>
    </p>
   </div>
   <div class='ocr_carea' id='block_1_100' title="bbox 2121 4567 3705 4641">
    <p class='ocr_par' dir='ltr' id='par_1_100' title="bbox 2121 4567 3705 4641">
     <span class='ocr_line' id='line_1_102' title="bbox 2121 4567 3705 4641; baseline -0.003 -18"><span class='ocrx_word' id='word_1_736' title='bbox 2121 4570 2316 4636; x_wconf 87' lang='lat' dir='ltr'><strong>lantes,</strong></span> <span class='ocrx_word' id='word_1_737' title='bbox 2346 4573 2554 4641; x_wconf 88' lang='lat' dir='ltr'><strong>eripere</strong></span> <span class='ocrx_word' id='word_1_738' title='bbox 2585 4567 2683 4641; x_wconf 80' lang='lat' dir='ltr'><strong>ipsi</strong></span> <span class='ocrx_word' id='word_1_739' title='bbox 2724 4567 3058 4641; x_wconf 81' lang='lat' dir='ltr'><strong>conabantur</strong></span> <span class='ocrx_word' id='word_1_740' title='bbox 3086 4569 3457 4641; x_wconf 85' lang='lat' dir='ltr'><strong>episcoporum</strong></span> <span class='ocrx_word' id='word_1_741' title='bbox 3483 4567 3705 4641; x_wconf 84' lang='lat' dir='ltr'><strong>judicia,</strong></span> 
     </span>
    </p>
   </div>
   <div class='ocr_carea' id='block_1_101' title="bbox 2125 4636 3705 4710">
    <p class='ocr_par' dir='ltr' id='par_1_101' title="bbox 2125 4636 3705 4710">
     <span class='ocr_line' id='line_1_103' title="bbox 2125 4636 3705 4710; baseline -0.003 -17"><span class='ocrx_word' id='word_1_742' title='bbox 2125 4636 2443 4710; x_wconf 75' lang='lat' dir='ltr'><strong>truncarent</strong></span> <span class='ocrx_word' id='word_1_743' title='bbox 2472 4636 2754 4710; x_wconf 82' lang='lat' dir='ltr'><strong>epistolam</strong></span> <span class='ocrx_word' id='word_1_744' title='bbox 2785 4641 2986 4710; x_wconf 76' lang='lat' dir='ltr'><strong>Vigilii,</strong></span> <span class='ocrx_word' id='word_1_745' title='bbox 3009 4636 3243 4693; x_wconf 76' lang='lat' dir='ltr'><strong>abscisso</strong></span> <span class='ocrx_word' id='word_1_746' title='bbox 3274 4636 3356 4710; x_wconf 76' lang='lat' dir='ltr'><strong>eo</strong></span> <span class='ocrx_word' id='word_1_747' title='bbox 3394 4636 3705 4710; x_wconf 58' lang='lat' dir='ltr'><strong>capiteque</strong></span> 
     </span>
    </p>
   </div>
   <div class='ocr_carea' id='block_1_102' title="bbox 2123 4705 3698 4780">
    <p class='ocr_par' dir='ltr' id='par_1_102' title="bbox 2123 4705 3698 4780">
     <span class='ocr_line' id='line_1_104' title="bbox 2123 4705 3698 4780; baseline -0.003 -18"><span class='ocrx_word' id='word_1_748' title='bbox 2123 4709 2226 4780; x_wconf 79' lang='lat' dir='ltr'><strong>ipsi</strong></span> <span class='ocrx_word' id='word_1_749' title='bbox 2264 4705 2661 4780; x_wconf 70' lang='lat' dir='ltr'><strong>iugulabantur.</strong></span> <span class='ocrx_word' id='word_1_750' title='bbox 2728 4705 2965 4765; x_wconf 41' lang='lat' dir='ltr'><strong>Carfde</strong></span> <span class='ocrx_word' id='word_1_751' title='bbox 3024 4706 3488 4780; x_wconf 77' lang='lat' dir='ltr'><strong>Aguirre,Concil.</strong></span> <span class='ocrx_word' id='word_1_752' title='bbox 3544 4705 3698 4780; x_wconf 66' lang='lat' dir='ltr'><strong>Hisp.</strong></span> 
     </span>
    </p>
   </div>
   <div class='ocr_carea' id='block_1_103' title="bbox 2124 4774 3705 4847">
    <p class='ocr_par' dir='ltr' id='par_1_103' title="bbox 2124 4774 3705 4847">
     <span class='ocr_line' id='line_1_105' title="bbox 2124 4774 3705 4847; baseline -0.001 -18"><span class='ocrx_word' id='word_1_753' title='bbox 2124 4774 2159 4847; x_wconf 57' lang='lat' dir='ltr'><strong>tl</strong></span> <span class='ocrx_word' id='word_1_754' title='bbox 2187 4778 2248 4841; x_wconf 91' lang='lat' dir='ltr'><strong>ll,</strong></span> <span class='ocrx_word' id='word_1_755' title='bbox 2266 4774 2473 4847; x_wconf 55' lang='lat' dir='ltr'><strong>p.978.</strong></span> <span class='ocrx_word' id='word_1_756' title='bbox 2507 4778 2609 4833; x_wconf 89' lang='lat' dir='ltr'><strong>Sed</strong></span> <span class='ocrx_word' id='word_1_757' title='bbox 2639 4780 2721 4833; x_wconf 92' lang='lat' dir='ltr'><strong>his</strong></span> <span class='ocrx_word' id='word_1_758' title='bbox 2741 4782 2978 4847; x_wconf 89' lang='lat' dir='ltr'><strong>omissis,</strong></span> <span class='ocrx_word' id='word_1_759' title='bbox 2996 4774 3135 4833; x_wconf 80' lang='lat' dir='ltr'><strong>hanc</strong></span> <span class='ocrx_word' id='word_1_760' title='bbox 3161 4778 3441 4847; x_wconf 89' lang='lat' dir='ltr'><strong>epistolam</strong></span> <span class='ocrx_word' id='word_1_761' title='bbox 3468 4792 3497 4830; x_wconf 91' lang='lat' dir='ltr'><strong>e</strong></span> <span class='ocrx_word' id='word_1_762' title='bbox 3523 4774 3705 4847; x_wconf 84' lang='lat' dir='ltr'><strong>codice</strong></span> 
     </span>
    </p>
   </div>
   <div class='ocr_carea' id='block_1_104' title="bbox 2122 4844 3703 4917">
    <p class='ocr_par' dir='ltr' id='par_1_104' title="bbox 2122 4844 3703 4917">
     <span class='ocr_line' id='line_1_106' title="bbox 2122 4844 3703 4917; baseline -0.001 -17"><span class='ocrx_word' id='word_1_763' title='bbox 2122 4844 2431 4917; x_wconf 83' lang='lat' dir='ltr'><strong>Colhertino</strong></span> <span class='ocrx_word' id='word_1_764' title='bbox 2456 4848 2734 4917; x_wconf 82' lang='lat' dir='ltr'><strong>descripsit</strong></span> <span class='ocrx_word' id='word_1_765' title='bbox 2756 4844 3023 4916; x_wconf 83' lang='lat' dir='ltr'><strong>Baluzius,</strong></span> <span class='ocrx_word' id='word_1_766' title='bbox 3048 4844 3499 4917; x_wconf 40' lang='lat' dir='ltr'><strong>unde—sequentes</strong></span> <span class='ocrx_word' id='word_1_767' title='bbox 3527 4844 3703 4898; x_wconf 88' lang='lat' dir='ltr'><strong>varias</strong></span> 
     </span>
    </p>
   </div>
   <div class='ocr_carea' id='block_1_105' title="bbox 2121 4916 2783 4987">
    <p class='ocr_par' dir='ltr' id='par_1_105' title="bbox 2121 4916 2783 4987">
     <span class='ocr_line' id='line_1_107' title="bbox 2121 4916 2783 4987; baseline 0.002 -17"><span class='ocrx_word' id='word_1_768' title='bbox 2121 4916 2380 4987; x_wconf 86' lang='lat' dir='ltr'><strong>lectiones</strong></span> <span class='ocrx_word' id='word_1_769' title='bbox 2399 4918 2783 4987; x_wconf 86' lang='lat' dir='ltr'><strong>decerpsimus.</strong></span> 
     </span>
    </p>
   </div>
   <div class='ocr_carea' id='block_1_106' title="bbox 2132 4985 3702 5110">
    <p class='ocr_par' dir='ltr' id='par_1_106' title="bbox 2132 4985 3702 5110">
     <span class='ocr_line' id='line_1_108' title="bbox 2132 4985 3702 5110; baseline -0.002 -68"><span class='ocrx_word' id='word_1_770' title='bbox 2132 4985 2399 5110; x_wconf 39' lang='lat' dir='ltr'><strong>vaflod.</strong></span> <span class='ocrx_word' id='word_1_771' title='bbox 2428 4985 2665 5044; x_wconf 86' lang='lat' dir='ltr'><strong>Colbert.</strong></span> <span class='ocrx_word' id='word_1_772' title='bbox 2687 5028 2702 5055; x_wconf 89' lang='lat'><strong>,</strong></span> <span class='ocrx_word' id='word_1_773' title='bbox 2737 4987 2937 5042; x_wconf 85' lang='lat' dir='ltr'><strong>Dilecto</strong></span> <span class='ocrx_word' id='word_1_774' title='bbox 2978 4988 3131 5056; x_wconf 75' lang='lat' dir='ltr'><strong>fratri</strong></span> <span class='ocrx_word' id='word_1_775' title='bbox 3160 4985 3441 5058; x_wconf 73' lang='lat' dir='ltr'><strong>Profuturo</strong></span> <span class='ocrx_word' id='word_1_776' title='bbox 3466 4986 3702 5057; x_wconf 85' lang='lat' dir='ltr'><strong>episcopo</strong></span> 
     </span>
     <span class='ocr_line' id='line_1_109' title="bbox 2181 5074 2371 5110; baseline 0 0"><span class='ocrx_word' id='word_1_777' title='bbox 2181 5074 2247 5110; x_wconf 76' lang='lat' dir='ltr'><strong>rm</strong></span> <span class='ocrx_word' id='word_1_778' title='bbox 2274 5074 2371 5110; x_wconf 80' lang='lat' dir='ltr'><strong>tus.</strong></span> 
     </span>
    </p>
   </div>
   <div class='ocr_carea' id='block_1_107' title="bbox 2181 5074 2371 5112">
    <p class='ocr_par' dir='ltr' id='par_1_107' title="bbox 2181 5074 2371 5112">
     <span class='ocr_line' id='line_1_110' title="bbox 2181 5074 2371 5112; baseline 0.016 -3"><span class='ocrx_word' id='word_1_779' title='bbox 2181 5074 2371 5112; x_wconf 80' lang='lat' dir='ltr'><strong>ramus.</strong></span> 
     </span>
    </p>
   </div>
   <div class='ocr_carea' id='block_1_108' title="bbox 2200 5074 3160 5199">
    <p class='ocr_par' dir='ltr' id='par_1_108' title="bbox 2200 5074 3160 5199">
     <span class='ocr_line' id='line_1_111' title="bbox 2200 5074 3160 5199; baseline 0.031 -23"><span class='ocrx_word' id='word_1_780' title='bbox 2200 5074 2385 5199; x_wconf 29' lang='lat'><strong>$8133.</strong></span> <span class='ocrx_word' id='word_1_781' title='bbox 2420 5129 2591 5185; x_wconf 82' lang='lat' dir='ltr'><strong>Vatic.</strong></span> <span class='ocrx_word' id='word_1_782' title='bbox 2632 5129 2824 5199; x_wconf 82' lang='lat' dir='ltr'><strong>Palat..</strong></span> <span class='ocrx_word' id='word_1_783' title='bbox 2857 5120 3160 5199; x_wconf 59' lang='lat' dir='ltr'><strong>Pt&#39;Ofumr&quot;?</strong></span> 
     </span>
    </p>
   </div>
   <div class='ocr_carea' id='block_1_109' title="bbox 2126 5195 3702 5319">
    <p class='ocr_par' dir='ltr' id='par_1_109' title="bbox 2126 5195 3702 5319">
     <span class='ocr_line' id='line_1_112' title="bbox 2126 5195 3702 5319; baseline -0.005 -65"><span class='ocrx_word' id='word_1_784' title='bbox 2126 5195 2222 5319; x_wconf 52' lang='lat' dir='ltr'><strong>df‘</strong></span> <span class='ocrx_word' id='word_1_785' title='bbox 2266 5199 2532 5267; x_wconf 85' lang='lat' dir='ltr'><strong>Colhert.,</strong></span> <span class='ocrx_word' id='word_1_786' title='bbox 2571 5211 2617 5254; x_wconf 84' lang='lat' dir='ltr'><strong>et</strong></span> <span class='ocrx_word' id='word_1_787' title='bbox 2647 5198 2710 5252; x_wconf 87' lang='lat' dir='ltr'><strong>ab</strong></span> <span class='ocrx_word' id='word_1_788' title='bbox 2754 5199 2932 5268; x_wconf 85' lang='lat' dir='ltr'><strong>iniqua</strong></span> <span class='ocrx_word' id='word_1_789' title='bbox 2970 5195 3261 5267; x_wconf 79' lang='lat' dir='ltr'><strong>rapacitate</strong></span> <span class='ocrx_word' id='word_1_790' title='bbox 3312 5203 3545 5262; x_wconf 70' lang='lat' dir='ltr'><strong>servam,</strong></span> <span class='ocrx_word' id='word_1_791' title='bbox 3572 5195 3702 5249; x_wconf 86' lang='lat' dir='ltr'><strong>insi-</strong></span> 
     </span>
     <span class='ocr_line' id='line_1_113' title="bbox 2163 5279 2399 5319; baseline 0 0"><span class='ocrx_word' id='word_1_792' title='bbox 2163 5284 2261 5319; x_wconf 75' lang='lat' dir='ltr'><strong>tas.</strong></span> <span class='ocrx_word' id='word_1_793' title='bbox 2292 5279 2399 5319; x_wconf 86' lang='lat' dir='ltr'><strong>etc.</strong></span> 
     </span>
    </p>
   </div>
   <div class='ocr_carea' id='block_1_110' title="bbox 2163 5279 2399 5332">
    <p class='ocr_par' dir='ltr' id='par_1_110' title="bbox 2163 5279 2399 5332">
     <span class='ocr_line' id='line_1_114' title="bbox 2163 5279 2399 5332; baseline 0.013 -12"><span class='ocrx_word' id='word_1_794' title='bbox 2163 5284 2261 5332; x_wconf 78' lang='lat' dir='ltr'><strong>tas,</strong></span> <span class='ocrx_word' id='word_1_795' title='bbox 2292 5279 2399 5323; x_wconf 90' lang='lat' dir='ltr'><strong>etc.</strong></span> 
     </span>
    </p>
   </div>
   <div class='ocr_carea' id='block_1_111' title="bbox 2199 5338 3052 5407">
    <p class='ocr_par' dir='ltr' id='par_1_111' title="bbox 2199 5338 3052 5407">
     <span class='ocr_line' id='line_1_115' title="bbox 2199 5338 3052 5407; baseline -0.001 -15"><span class='ocrx_word' id='word_1_796' title='bbox 2199 5347 2221 5375; x_wconf 75' lang='grc' dir='ltr'><strong><em>ο</em></strong></span> <span class='ocrx_word' id='word_1_797' title='bbox 2250 5339 2391 5393; x_wconf 88' lang='lat' dir='ltr'><strong>Idem</strong></span> <span class='ocrx_word' id='word_1_798' title='bbox 2423 5338 2567 5399; x_wconf 89' lang='lat' dir='ltr'><strong>cod.,</strong></span> <span class='ocrx_word' id='word_1_799' title='bbox 2599 5338 2883 5407; x_wconf 85' lang='lat' dir='ltr'><strong>apostolica</strong></span> <span class='ocrx_word' id='word_1_800' title='bbox 2910 5338 3052 5394; x_wconf 84' lang='lat' dir='ltr'><strong>sede.</strong></span> 
     </span>
    </p>
   </div>
   <div class='ocr_carea' id='block_1_112' title="bbox 2199 5407 2734 5473">
    <p class='ocr_par' dir='ltr' id='par_1_112' title="bbox 2199 5407 2734 5473">
     <span class='ocr_line' id='line_1_116' title="bbox 2199 5407 2734 5473; baseline 0.006 -12"><span class='ocrx_word' id='word_1_801' title='bbox 2199 5407 2217 5445; x_wconf 68' lang='grc' dir='ltr'><em>τ</em></span> <span class='ocrx_word' id='word_1_802' title='bbox 2248 5408 2393 5461; x_wconf 83' lang='lat' dir='ltr'><strong>Idem</strong></span> <span class='ocrx_word' id='word_1_803' title='bbox 2418 5407 2563 5473; x_wconf 80' lang='lat' dir='ltr'><strong>cod.,</strong></span> <span class='ocrx_word' id='word_1_804' title='bbox 2592 5408 2734 5464; x_wconf 78' lang='lat' dir='ltr'><strong>illuc.</strong></span> 
     </span>
    </p>
   </div>
   <div class='ocr_carea' id='block_1_113' title="bbox 2195 5477 2716 5543">
    <p class='ocr_par' dir='ltr' id='par_1_113' title="bbox 2195 5477 2716 5543">
     <span class='ocr_line' id='line_1_117' title="bbox 2195 5477 2716 5543; baseline 0.002 -11"><span class='ocrx_word' id='word_1_805' title='bbox 2195 5487 2219 5525; x_wconf 70' lang='lat'><strong>8</strong></span> <span class='ocrx_word' id='word_1_806' title='bbox 2250 5478 2426 5543; x_wconf 87' lang='lat' dir='ltr'><strong>Colb.,</strong></span> <span class='ocrx_word' id='word_1_807' title='bbox 2460 5477 2716 5533; x_wconf 71' lang='lat' dir='ltr'><strong>subiectis.</strong></span> 
     </span>
    </p>
   </div>
   <div class='ocr_carea' id='block_1_114' title="bbox 2191 5546 2806 5618">
    <p class='ocr_par' dir='ltr' id='par_1_114' title="bbox 2191 5546 2806 5618">
     <span class='ocr_line' id='line_1_118' title="bbox 2191 5546 2806 5618; baseline 0 -17"><span class='ocrx_word' id='word_1_808' title='bbox 2191 5546 2217 5618; x_wconf 58' lang='lat' dir='ltr'><strong>lt</strong></span> <span class='ocrx_word' id='word_1_809' title='bbox 2241 5547 2387 5601; x_wconf 86' lang='lat' dir='ltr'><strong>Idem</strong></span> <span class='ocrx_word' id='word_1_810' title='bbox 2413 5548 2559 5615; x_wconf 89' lang='lat' dir='ltr'><strong>cod.,</strong></span> <span class='ocrx_word' id='word_1_811' title='bbox 2583 5549 2806 5618; x_wconf 81' lang='lat' dir='ltr'><strong>judices.</strong></span> 
     </span>
    </p>
   </div>
   <div class='ocr_carea' id='block_1_115' title="bbox 2196 5616 3267 5690">
    <p class='ocr_par' dir='ltr' id='par_1_115' title="bbox 2196 5616 3267 5690">
     <span class='ocr_line' id='line_1_119' title="bbox 2196 5616 3267 5690; baseline -0.004 -17"><span class='ocrx_word' id='word_1_812' title='bbox 2196 5616 2208 5655; x_wconf 72' lang='grc' dir='ltr'>ί</span> <span class='ocrx_word' id='word_1_813' title='bbox 2246 5618 2507 5683; x_wconf 84' lang='lat' dir='ltr'><strong>Colbert.,</strong></span> <span class='ocrx_word' id='word_1_814' title='bbox 2546 5616 2608 5672; x_wconf 76' lang='lat' dir='ltr'><strong>ne</strong></span> <span class='ocrx_word' id='word_1_815' title='bbox 2635 5618 2950 5690; x_wconf 81' lang='lat' dir='ltr'><strong>quando.....</strong></span> <span class='ocrx_word' id='word_1_816' title='bbox 2984 5618 3267 5672; x_wconf 82' lang='lat' dir='ltr'><strong>crederent.</strong></span> 
     </span>
    </p>
   </div>
   <div class='ocr_carea' id='block_1_116' title="bbox 513 5728 3698 5803">
    <p class='ocr_par' dir='ltr' id='par_1_116' title="bbox 513 5728 3698 5803">
     <span class='ocr_line' id='line_1_120' title="bbox 513 5728 3698 5803; baseline 0.001 -20"><span class='ocrx_word' id='word_1_817' title='bbox 513 5731 533 5751; x_wconf 88' lang='lat'><strong><em>&#39;</em></strong></span> <span class='ocrx_word' id='word_1_818' title='bbox 567 5729 745 5803; x_wconf 68' lang='lat' dir='ltr'><strong>Prima</strong></span> <span class='ocrx_word' id='word_1_819' title='bbox 792 5729 1095 5803; x_wconf 65' lang='lat' dir='ltr'><strong>inscribitur</strong></span> <span class='ocrx_word' id='word_1_820' title='bbox 1120 5728 1171 5803; x_wconf 89' lang='lat' dir='ltr'><strong>in</strong></span> <span class='ocrx_word' id='word_1_821' title='bbox 1212 5729 1446 5803; x_wconf 72' lang='lat' dir='ltr'><strong>editione</strong></span> <span class='ocrx_word' id='word_1_822' title='bbox 1489 5730 1758 5803; x_wconf 76' lang='lat' dir='ltr'><strong>Mansiana</strong></span> <span class='ocrx_word' id='word_1_823' title='bbox 1797 5730 2031 5803; x_wconf 81' lang='lat' dir='ltr'><strong>Epistola</strong></span> <span class='ocrx_word' id='word_1_824' title='bbox 2062 5732 2235 5800; x_wconf 78' lang='lat' dir='ltr'><strong>Vigilii</strong></span> <span class='ocrx_word' id='word_1_825' title='bbox 2276 5747 2426 5801; x_wconf 77' lang='lat' dir='ltr'><strong>papa:</strong></span> <span class='ocrx_word' id='word_1_826' title='bbox 2464 5731 2682 5803; x_wconf 76' lang='lat' dir='ltr'><strong>nomine</strong></span> <span class='ocrx_word' id='word_1_827' title='bbox 2732 5732 2928 5802; x_wconf 89' lang='lat' dir='ltr'><strong>scripta</strong></span> <span class='ocrx_word' id='word_1_828' title='bbox 2963 5732 3029 5787; x_wconf 88' lang='lat' dir='ltr'><strong>ab</strong></span> <span class='ocrx_word' id='word_1_829' title='bbox 3074 5730 3404 5803; x_wconf 81' lang='lat' dir='ltr'><strong>Eutychiano</strong></span> <span class='ocrx_word' id='word_1_830' title='bbox 3443 5731 3698 5801; x_wconf 86' lang='lat' dir='ltr'><strong>quodam,</strong></span> 
     </span>
    </p>
   </div>
   <div class='ocr_carea' id='block_1_117' title="bbox 448 5796 2669 5874">
    <p class='ocr_par' dir='ltr' id='par_1_117' title="bbox 448 5796 2669 5874">
     <span class='ocr_line' id='line_1_121' title="bbox 448 5796 2669 5874; baseline 0.001 -20"><span class='ocrx_word' id='word_1_831' title='bbox 448 5813 603 5870; x_wconf 71' lang='lat' dir='ltr'><strong>quam</strong></span> <span class='ocrx_word' id='word_1_832' title='bbox 627 5801 810 5856; x_wconf 85' lang='lat' dir='ltr'><strong>videre</strong></span> <span class='ocrx_word' id='word_1_833' title='bbox 830 5808 911 5856; x_wconf 90' lang='lat' dir='ltr'><strong>est</strong></span> <span class='ocrx_word' id='word_1_834' title='bbox 931 5800 981 5855; x_wconf 90' lang='lat' dir='ltr'><strong>in</strong></span> <span class='ocrx_word' id='word_1_835' title='bbox 1012 5796 1275 5856; x_wconf 73' lang='lat' dir='ltr'><strong>Breviario</strong></span> <span class='ocrx_word' id='word_1_836' title='bbox 1305 5799 1542 5856; x_wconf 86' lang='lat' dir='ltr'><strong>Liberafi</strong></span> <span class='ocrx_word' id='word_1_837' title='bbox 1570 5800 1708 5858; x_wconf 86' lang='lat' dir='ltr'><strong>notis</strong></span> <span class='ocrx_word' id='word_1_838' title='bbox 1738 5796 2117 5859; x_wconf 82' lang='lat' dir='ltr'><strong>comitantibus</strong></span> <span class='ocrx_word' id='word_1_839' title='bbox 2134 5796 2486 5874; x_wconf 35' lang='lat' dir='ltr'><strong>vexscrip&#39;tam.</strong></span> <span class='ocrx_word' id='word_1_840' title='bbox 2518 5800 2669 5856; x_wconf 81' lang='lat' dir='ltr'><strong>Emr.</strong></span> 
     </span>
    </p>
   </div>
  </div>
