4018 6340
283 371 337 430 ,τ
1473 345 1823 410 EI’JSTOL.£
1867 343 1954 398 ET
1993 344 2330 407 uacuum.
3473 341 3537 403 ιε

280 491 530 564 pollutum
562 502 577 538 :
610 484 734 554 quia
778 483 846 538 de
889 482 976 536 his
1022 477 1271 534 omnibus
1317 490 1436 548 quae
1465 474 1530 529 ad
1561 475 1852 529 humanum
1881 473 1930 531 Α
1958 483 2085 539 gare
2115 480 2162 524 ε.
2207 469 2308 537 Qui
2352 469 2396 525 si
2438 469 2488 524 in
2520 483 2704 525 errore
2742 469 3171 539 permanserint,
3212 471 3344 528 socii
3385 472 3540 528 nobis

277 583 468 636 victum
483 572 855 632 misericordia
873 572 965 626 Dei
979 565 1470 640 contulitltribuit],
1487 565 1617 620 nihil
1632 564 1857 620 catholi-

280 674 345 730 cis
367 685 490 726 esse
506 668 776 739 iudicatur
797 663 1148 721 immundum.
1173 660 1264 716 Sic
1287 661 1429 716 enim
1459 654 1636 714 Titum
1665 657 1858 712 doctor

281 760 509 831 gentium
558 756 757 810 Paulus
803 759 990 808 monet
1038 749 1356 820 apostolus,
1402 747 1584 802 dicens
1618 765 1633 799 :
1667 746 1859 800 Omnia

281 847 462 903 munda
489 846 718 911 mundis,
764 842 1109 915 coinquinatis
1137 849 1307 894 autem
1332 845 1380 892 et
1407 838 1702 909 infidelibus
1730 835 1862 890 nihil

280 950 348 995 est
371 937 620 993 mundum
663 953 681 990 :
713 935 803 990 sed
827 934 1038 1005 polluta:
1080 940 1202 987 sunt
1243 947 1421 985 eorum
1465 947 1607 984 mens
1655 937 1704 984 et
1731 946 1859 982 con-

279 1031 506 1086 scientia.
540 1029 708 1083 Deum
737 1028 1046 1100 conﬁtentur
1069 1041 1124 1079 se
1148 1040 1328 1087 nosse,
1363 1023 1513 1093 {actis
1551 1030 1725 1075 autem
1767 1036 1860 1074 ne-

281 1132 423 1194 gant,
457 1119 832 1176 abominabiles
857 1127 906 1173 et
943 1117 1229 1180 increduli,
1261 1122 1310 1168 et
1337 1114 1407 1167 ad
1434 1129 1585 1168 omne
1617 1128 1744 1181 opus
1774 1111 1866 1165 bo-

283 1233 396 1272 num
422 1213 636 1284 reprobi
661 1211 789 1282 (Tit.
820 1209 883 1280 ι).
933 1208 1194 1264 Similiter
1221 1215 1276 1262 et
1302 1206 1409 1261 alio
1440 1205 1492 1260 in
1522 1205 1644 1260 loco
1674 1202 1740 1258 ad
1769 1201 1863 1264 Ti—

286 1305 554 1360 motheum
582 1303 650 1356 de
677 1299 982 1369 hujusmodi
1023 1297 1278 1352 cavendis
1305 1295 1579 1350 erroribus
1606 1293 1866 1364 pradica—

282 1399 391 1462 vit,
453 1396 641 1451 dicens
690 1411 704 1447 :
757 1393 824 1447 In
871 1391 1162 1448 novissimis
1231 1387 1540 1459 temporibus
1607 1385 1867 1442 discedent

279 1487 487 1557 quidam
515 1503 546 1537 a
575 1483 700 1553 ﬁde,
724 1481 1042 1535 attendentes
1069 1477 1335 1549 spiritibus
1362 1477 1575 1543 erroris,
1597 1485 1646 1531 et
1674 1474 1868 1529 doctri-

281 1579 358 1632 nis
385 1575 777 1634 dmoniorum,
804 1573 858 1626 in
888 1571 1146 1641 hypocrisi
1175 1568 1489 1639 loquentium
1518 1566 1866 1633 mendacium,

279 1678 328 1722 et
345 1667 684 1722 cauteriotam
697 1663 989 1717 habentium
1005 1678 1155 1716 suam
1175 1661 1565 1725 conscientiam,
1579 1657 1867 1729 prohiben-

282 1767 352 1811 tes
379 1753 589 1817 nubere,
619 1762 667 1806 et
695 1751 1010 1806 abstinentes
1039 1767 1072 1804 α
1098 1748 1224 1811 cibis
1261 1765 1386 1820 quos
1413 1746 1554 1802 Deus
1584 1747 1774 1800 creavit
1802 1745 1870 1798 ad

1959 575 2080 614 esse
2104 577 2208 614 non
2239 567 2482 630 possunt.

2031 651 2117 705 III.
2144 651 2215 705 De
2227 652 2311 705 his
2331 651 2421 720 qui
2451 651 2614 706 etiam
2647 649 2978 720 baptismatis
2999 651 3168 718 gratia
3189 655 3435 710 salutaris
3455 670 3545 710 acc

1961 751 2116 814 cepta
2145 743 2286 814 apud
2307 744 2532 798 Arianos
2560 744 2754 798 iterum
2781 741 3052 813 baptizati,
3082 744 3360 814 profundae
3384 763 3546 800 vora-

1961 835 2098 903 ginis
2127 842 2252 889 sunt
2275 842 2450 889 morte
2478 834 2728 900 demersi,
2761 833 2888 902 quid
2920 849 3014 904 per
3039 835 3280 905 singulos
3305 837 3546 907 ordines,

1961 922 2050 981 vel
2076 933 2265 981 tetates
2293 933 2698 980 antecessorum
2745 933 3053 981 nostrorum
3083 927 3298 983 decreta
3324 944 3550 986 censue-

1963 1028 2108 1084 runt,
2139 1032 2258 1086 quae
2286 1017 2570 1088 multiplici
2618 1026 2743 1072 sunt
2787 1018 2994 1088 digesta
3038 1021 3272 1091 ratione,
3302 1037 3333 1078 e
3361 1033 3550 1081 nostro

1964 1107 2162 1163 scrinio
2179 1109 2416 1164 revelata
2428 1107 2706 1181 [relevata]
2720 1109 2954 1179 capitula
2971 1110 3054 1164 his
3081 1112 3319 1181 subjecta
3345 1115 3551 1170 direxi-

1965 1214 2106 1254 mus.
2137 1198 2194 1254 Iu
2237 1201 2430 1270 quibus
2471 1209 2646 1256 tamen
2697 1201 2826 1256 illud
2855 1202 3075 1272 speciali
3101 1205 3361 1261 charitate
3385 1208 3550 1263 etiam

1965 1293 2220 1348 convenit
2247 1293 2554 1364 observari,
2589 1301 2646 1348 ut
2689 1293 2811 1362 quia
2837 1309 2936 1363 pro
2965 1295 3200 1364 peccatis
3226 1297 3470 1367 plurimis
3497 1298 3552 1353 in

1967 1383 2216 1452 gentibus
2263 1383 2515 1453 iniquitas
2553 1384 2640 1438 illa
2677 1384 2948 1449 subrexit,
2981 1386 3034 1439 in
3062 1376 3416 1443 mStimatione
3444 1381 3554 1442 fra-

1969 1472 2238 1527 ternitatis
2285 1480 2388 1526 tua:
2415 1473 2750 1543 aliorumque
2798 1475 3111 1543 pontilicum
3142 1491 3239 1547 per
3265 1493 3390 1533 suas
3417 1478 3554 1533 dim-

1967 1577 2123 1618 oeses
2149 1561 2592 1630 relinquatur,_ut
2607 1562 2650 1616 si
2678 1563 2908 1632 qualitas
2927 1573 2982 1620 et
3005 1561 3314 1634 pmnitentis
3341 1566 3558 1624 devotio

1971 1652 2134 1711 fuerit
2179 1654 2475 1724 approbata
2503 1695 2519 1722 ,
2549 1653 2891 1723 indulgentia:
2937 1671 3153 1726 quoque
3199 1658 3441 1714 remedio
3488 1660 3560 1714 sit

1973 1745 2165 1800 vicina.
2201 1743 2438 1811 Quorum
2476 1754 2655 1800 tamen
2698 1747 3066 1804 reconciliatio
3113 1765 3219 1804 non
3268 1765 3366 1820 per
3415 1751 3559 1805 illam

281 1844 670 1919 percipiendum
716 1858 831 1896 cum
878 1841 1165 1912 gratiarum
1196 1839 1398 1897 actione
1424 1833 1684 1906 ﬁdelibus.
1713 1844 1762 1892 et
1792 1834 1870 1887 his
1904 1849 1947 1908 Β
1976 1837 2376 1908 impositidnem
2405 1853 2598 1893 manus
2619 1881 2641 1909 ν,
2670 1853 2791 1909 quae
2817 1855 2914 1910 per
2953 1841 3347 1898 invocationem
3389 1845 3560 1899 sancti

281 1939 365 2008 qui
393 1941 744 2006 cognouerunt
773 1933 1037 1992 veritatem
1069 1947 1087 1984 :
1117 1930 1237 2000 quia
1279 1927 1447 1983 omnis
1493 1935 1732 1982 creatura
1773 1923 1873 1978 Dei

281 2025 415 2081 bona
433 2034 536 2092 est,
557 2032 606 2078 ct
633 2022 768 2076 nihil
791 2021 1150 2092 reﬁciendum,
1171 2017 1308 2090 quod
1331 2033 1443 2070 cum
1472 2016 1757 2086 gratiarum
1787 2030 1875 2066 ac-

284 2120 418 2175 tione
457 2116 736 2186 percipitur
779 2111 906 2184 (ΓΤ
907 2113 996 2166 im.
1026 2111 1123 2181 tv).
1175 2109 1301 2164 Iitec
1343 2107 1504 2176 igitur
1537 2105 1816 2176 sequentia
1848 2114 1874 2142 α

284 2218 501 2280 patrum
530 2204 914 2266 venerabilium
942 2203 1232 2258 constituta
1269 2199 1578 2269 specialiter
1626 2212 1722 2252 eos
1747 2211 1876 2252 cen-

284 2306 507 2356 suerunt
534 2313 654 2354 esse
676 2295 1010 2350 damnandos
1045 2293 1138 2362 qui
1166 2334 1181 2360 ,
1200 2306 1336 2361 cum
1365 2289 1618 2346 carnibus
1640 2288 1880 2343 abstine-

293 2396 447 2452 rent,
479 2403 544 2442 ea
571 2400 787 2456 quoque
813 2384 1107 2440 credebant
1134 2397 1254 2438 esse
1281 2380 1519 2446 vitanda,
1551 2393 1670 2448 qum
1697 2377 1877 2433 cami-

287 2481 392 2535 hus
418 2478 582 2542 luisse
608 2477 930 2540 videbantur
950 2474 1204 2530 admixta.
1237 2472 1370 2528 Nam
1399 2479 1455 2527 et
1480 2472 1596 2540 ipse
1622 2470 1881 2524 Dominus

289 2576 478 2629 noster
519 2564 674 2631 Jesus
716 2564 959 2622 Christus
988 2563 1058 2618 ita
1099 2561 1452 2632 praemonuit,
1490 2560 1675 2615 dicens
1708 2577 1720 2612 :
1754 2557 1880 2613 Non

289 2661 426 2733 quod
455 2661 617 2714 intrat
643 2661 696 2712 in
725 2675 782 2712 os
809 2658 1106 2727 coinquinat
1133 2656 1391 2709 hominem
1409 2695 1425 2723 ,
1448 2653 1537 2709 sed
1561 2668 1677 2725 qua:
1702 2669 1882 2724 proce-

289 2754 420 2806 dunt
433 2753 496 2806 de
515 2768 624 2815 ore,
645 2751 752 2812 haec
773 2758 1015 2821 suntqua:
1026 2747 1360 2818 coinquinant
1378 2746 1639 2805 hominem
1663 2743 1876 2816 (Matth.

291 2844 410 2914 xv).
453 2841 808 2911 Quapropter.
821 2855 923 2895 nec
949 2836 1330 2898 abstinentiam
1370 2835 1483 2898 Deo
1520 2834 1770 2906 placitam
1797 2848 1886 2889 re-

291 2935 616 3006 probamus,
651 2949 754 2988 nec
779 2947 875 2987 eos
903 2931 995 3000 qui
1033 2937 1386 2986 exsecrantur
1419 2927 1635 2984 Domini
1669 2932 1884 2982 creatu-

292 3043 412 3084 ram
445 3026 740 3096 recipimus
769 3025 824 3078 in
854 3021 1039 3078 nostra
1067 3019 1348 3082 societate.

359 3162 426 3218 II.
453 3162 532 3215 De
551 3154 863 3228 baptismo"
887 3169 1101 3225 quoque
1135 3163 1157 3192 ο
1185 3150 1502 3207 solemniter
1521 3148 1887 3221 adimplenda,

1976 1928 2206 1999 Spiritus
2235 1927 2295 1982 ﬁt
2320 1969 2335 1995 ,
2367 1938 2640 2000 operatur,
2685 1931 2778 1986 sed
2807 1946 2906 2000 per
2928 1932 3072 1986 illam
3101 1947 3207 2001 qua
3236 1931 3562 2003 poenitentiae

1975 2019 2177 2074 fructus
2203 2019 2518 2086 acquiritur,
2546 2027 2603 2074 et
2643 2029 2844 2076 sancta:
2870 2023 3263 2080 communionis
3289 2025 3558 2081 restitutis

1978 2110 2360 2184 {restitutione}
2391 2109 2418 2148 ιι
2444 2111 2736 2182 perﬁcitur.

2048 2221 2138 2277 IV.
2189 2222 2266 2277 De
2294 2221 2493 2277 fabrica
2523 2238 2654 2277 vero
2683 2222 2966 2293 cujuslibet
2995 2224 3237 2280 ecclesia:
3263 2266 3277 2292 ,
3317 2226 3362 2282 si
3388 2227 3560 2282 diruta

1978 2315 2142 2371 fuerit
2163 2354 2179 2381 ,
2215 2315 2562 2371 instauranda
2588 2357 2604 2383 ,
2635 2323 2690 2370 et
2717 2315 2761 2370 si
2791 2317 2842 2371 in
2873 2331 2939 2372 eo
2985 2317 3107 2372 loco
3145 2318 3565 2373 consecrationis

1979 2407 2294 2464 solemnitas
2319 2405 2514 2462 debeat
2535 2407 2737 2472 iterari,
2769 2407 2822 2462 in
2851 2422 2959 2477 quo
2985 2407 3290 2463 sanctuaria
3319 2423 3428 2462 non
3453 2405 3568 2462 fue-

1980 2498 2125 2565 rint,
2175 2497 2308 2552 nihil
2332 2497 2635 2567 iudicamus
2663 2497 2881 2553 ofﬁcere
2919 2496 2959 2563 ί,
2992 2498 3038 2553 si
3069 2513 3166 2568 per
3193 2513 3312 2553 eam
3351 2497 3570 2553 minimo

1982 2601 2125 2656 aqua
2147 2587 2430 2642 benedicta
2461 2577 3076 2660 [erorcizataj'jactetur
3099 2605 3112 2640 :
3136 2588 3261 2657 quia
3288 2601 3573 2643 consecra-

1982 2677 2185 2734 tionem
2215 2677 2508 2748 cujuslibet
2525 2679 2788 2745 ecclesize,
2820 2679 2873 2733 in
2895 2693 2999 2748 qua
3019 2678 3248 2755 Spiritus
3276 2679 3447 2735 sancti
3476 2693 3568 2735 ara

1984 2789 2093 2828 non
2123 2773 2342 2844 ponitur
2373 2772 2420 2840 i,
2443 2772 2810 2829 celebritatem
2839 2780 3048 2827 tantum
3077 2773 3273 2829 scimus
3300 2787 3420 2828 esse
3447 2772 3575 2829 mis-
3643 2765 3655 2780 ¹

1986 2877 2189 2917 sarum.
2221 2862 2290 2916 Et
2316 2862 2456 2929 ideo,
2486 2863 2531 2919 si
2559 2879 2663 2932 qua
2694 2872 3017 2918 sanctorum'
3046 2864 3265 2919 basilica
3306 2879 3338 2918 a
3382 2861 3575 2918 funda-

1988 2953 2185 3008 mentis
2212 2951 2373 3007 etiam
2393 2952 2562 3022 fuerit
2583 2955 2857 3031 innovata,
2881 2954 3006 3008 sine
3021 2954 3196 3023 aliqua
3218 2953 3574 3017 dubitatione,

1992 3058 2113 3099 cum
2144 3043 2196 3097 in
2226 3058 2290 3098 ea
2319 3045 2601 3099 missarum
2630 3043 2793 3098 fuerit
2821 3044 3090 3099 celebrata
3119 3045 3461 3108 solcmnitas,
3493 3053 3566 3098 to-

1993 3133 2100 3188 tius
2128 3131 2480 3189 sanctiﬁcatio
2510 3133 2932 3190 consecrationis
2971 3134 3299 3205 implebitur.
3349 3133 3405 3188 Si
3447 3149 3575 3189 vero

291 3213 549 3310 dig—{lite}
576 3213 720 3319 qam,
746 3213 1039 3315 ,poslgncg
1068 3242 1150 3297 vel
1179 3213 1892 3297 εδηχρτξινειοδεεῆ-νειευζ
1916 3213 1964 3277 C
1993 3225 2295 3319 sanctuaria
2341 3238 2462 3319 quae
2506 3224 2956 3319 habebat‘ahlata
2995 3233 3147 3293 sunt,
3179 3241 3362 3279 rursus
3389 3237 3575 3280 eorum

291 3343 538 3404 ctoritas,
570 3340 624 3395 in
651 3337 906 3406 subjectis
936 3346 1019 3390 tua
1046 3334 1280 3390 charitas
1308 3331 1587 3390 evidenter
1613 3340 1886 3400 agnoscet.

291 3433 433 3489 Illud
461 3440 642 3486 autem
667 3428 866 3484 novelli
887 3442 1004 3483 esse
1029 3425 1328 3495 judicamus
1356 3423 1574 3504 erroris,
1597 3422 1740 3492 quod
1767 3437 1890 3478 cum

293 3526 350 3580 in
384 3522 493 3578 ﬁne
521 3521 848 3593 psalmorum
898 3518 966 3573 ab
1012 3515 1260 3575 omnibus
1305 3513 1586 3570 catholicis
1623 3529 1690 3568 ex
1739 3527 1891 3570 more

291 3617 507 3671 dicatur
539 3631 552 3666 :
584 3611 764 3666 Gloria
796 3608 984 3675 Patri,
1024 3615 1074 3661 et
1104 3605 1242 3660 Filio
1267 3647 1284 3674 ,
1329 3613 1380 3659 et
1427 3604 1647 3675 Spiritui
1686 3613 1887 3671 sancto,

294 3707 501 3776 aliqui,
541 3705 674 3760 sicut
727 3701 931 3757 indicas
955 3742 970 3766 ,
1017 3698 1274 3753 subducta
1304 3712 1410 3752 una
1438 3697 1642 3768 syllaba
1667 3697 1890 3766 conjun-

291 3799 464 3862 ctiva,
502 3793 800 3866 perlectum
828 3798 1094 3848 conantur
1135 3789 1379 3844 minuere
1417 3787 1734 3842 vocabulum
1771 3787 1890 3842 Tri-

291 3889 506 3950 nitatis,
538 3885 766 3941 dicendo
813 3901 827 3937 :
877 3881 1058 3937 Gloria
1104 3881 1294 3945 Patri,
1334 3887 1384 3932 et
1434 3876 1617 3946 Filio,
1669 3876 1890 3949 Spiritui

289 3989 479 4034 sancto
506 3973 556 4032 δ.
584 3975 840 4044 Quamvis
869 3988 998 4043 ergo
1026 3973 1139 4043 ipsa
1170 3986 1268 4026 nos
1295 3969 1432 4028 ratio
1460 3969 1736 4024 evidenter
1760 3968 1891 4024 edo-

298 4079 444 4136 ceat,
476 4071 602 4141 quia
631 4069 888 4124 subducta
916 4081 1022 4121 una
1049 4065 1282 4137 syllaba,
1313 4077 1600 4133 personam
1631 4061 1747 4116 Filii
1781 4071 1806 4100 °
1835 4071 1892 4117 et

292 4161 535 4232 Spiritus
571 4159 740 4215 sancti
771 4173 932 4214 unam
962 4152 1358 4225 quodammodo
1402 4168 1520 4210 esse
1565 4151 1884 4220 designent;

290 4263 478 4309 tamen
503 4253 571 4307 ad
597 4267 834 4307 errorem
861 4250 1046 4304 talium
1073 4246 1496 4304 convincendum
1523 4246 1717 4304 sullicit
1744 4247 1888 4317 quod

288 4345 560 4400 Dominus
600 4340 754 4398 Jesus
799 4340 1046 4396 Christus
1105 4338 1392 4408 designans
1444 4338 1498 4391 in
1548 4338 1889 4396 invocatione

293 4434 584 4490 Trinitatis
637 4432 971 4488 credentium
1031 4430 1232 4485 debere
1284 4429 1548 4499 baptisma
1603 4429 1885 4496 celebrari,

291 4527 440 4581 dixit
465 4543 476 4578 :
506 4523 608 4589 Ite,
635 4523 810 4578 docete
830 4540 1004 4578 omnes
1032 4529 1224 4593 gentes,
1250 4520 1570 4590 baptizantes
1592 4537 1680 4574 eos
1705 4522 1760 4574 in
1789 4536 1886 4575 no-

287 4619 437 4671 mine
469 4587 663 4681 Patris,
700 4624 749 4670 et
781 4613 928 4680 Filii,
962 4624 1012 4668 et
1032 4587 1268 4683 Spiritus
1297 4587 1464 4664 sancti
1495 4610 1709 4682 (Matth.
1741 4597 1883 4684 in).
1919 4587 1966 4647 Ι)

283 4709 436 4780 Ergo
491 4724 615 4764 cum
663 4724 771 4764 non
827 4707 1022 4762 dixerit
1056 4725 1068 4759 :
1104 4704 1171 4760 In
1196 4705 1403 4759 nomine
1426 4701 1628 4773 Patris,
1657 4713 1706 4759 et
1734 4704 1885 4772 Filii,

285 4801 526 4870 Spiritus
564 4801 733 4853 sancti
770 4799 822 4865 ί,
853 4798 946 4854 sed
981 4795 1275 4866 mqualibus
1310 4794 1744 4852 distinctionibus
1782 4793 1886 4851 Pa-

285 4903 458 4955 trem,
491 4901 547 4946 et
577 4891 790 4958 Filium,
821 4901 877 4946 et
903 4891 1162 4961 Spiritum
1191 4896 1436 4944 sanctum
1461 4888 1682 4958 jusserit
1711 4890 1886 4945 nomi-

282 4984 444 5046 nari,
476 4991 691 5038 constat
735 4983 856 5037 illos
901 4982 1122 5036 omnino
1159 4996 1188 5034 a
1217 4981 1457 5036 doctrina
1496 4979 1765 5035 dominica
1793 4981 1888 5036 de-

280 5074 442 5128 viare
468 5111 482 5136 ,
525 5073 618 5142 qui
656 5072 856 5142 aliquid
903 5071 1029 5126 huic
1074 5070 1338 5126 voluerint
1375 5068 1699 5126 confessioni
1727 5069 1887 5126 dero-

369 5238 394 5265 ³
423 5227 606 5292 Colb.,
636 5229 991 5298 exsequenda.

367 5299 396 5337 δ
447 5299 626 5363 Colb.,
678 5298 758 5352 De
796 5298 1048 5368 baptismo
1095 5313 1288 5370 quoque
1333 5308 1696 5352 renascentum
1745 5298 1902 5352 trina.

281 5371 557 5424 mersione
593 5369 906 5434 solemniter,
938 5376 1044 5423 etc.

373 5451 396 5478 ε
442 5440 578 5494 Cod.
615 5438 791 5493 Vatic.
824 5435 994 5490 Palat.
1019 5477 1033 5502 ,
1083 5453 1277 5509 quoque
1327 5438 1700 5492 renascentium
1743 5438 1891 5506 trina,

277 5512 648 5568 immersione
676 5509 1010 5566 solemniter.
1219 5513 1222 5516 ’

368 5581 395 5618 ⁴
441 5581 628 5646 Colb.,
657 5579 838 5634 Gloria
878 5578 1028 5632 Patri
1066 5577 1206 5648 Filio
1245 5577 1464 5648 Spiritui
1501 5588 1700 5632 sancto.
1751 5577 1886 5634 Cod.

275 5651 419 5708 Vat.
452 5649 650 5716 Palat.,
683 5649 864 5704 Gloria
891 5648 1063 5712 Patri,
1099 5647 1258 5711 Filio,
1290 5648 1510 5713 Spiritui
1538 5658 1738 5706 sancta.

369 5733 397 5760 ⁸
426 5720 610 5787 Colb.,
643 5736 919 5791 personam
949 5718 1126 5791 Patris
1152 5729 1201 5772 et
1232 5717 1391 5782 Filii,
1421 5727 1528 5772 etc.

366 5793 389 5831 τ
435 5791 618 5855 Colb.,
645 5789 828 5844 Patris
862 5789 1009 5852 Filii,
1040 5797 1145 5843 etc.

363 5875 394 5914 ε
425 5862 606 5930 Colb.,
637 5861 960 5916 subtrahere.
995 5860 1106 5916 llos
1137 5863 1306 5936 itaque
1341 5869 1426 5914 tua
1463 5859 1690 5915 charitas
1722 5863 1886 5917 modis

1991 3317 2324 3389 repositione
2373 3314 2767 3390 [dispositione]
2815 3325 2871 3372 et
2918 3317 3199 3372 missarum
3239 3317 3578 3373 solemnitate

1991 3409 2350 3465 reverentiam
2377 3406 2819 3464 sanctiﬁcationis
2847 3407 3097 3478 accipiet.

2053 3513 2130 3575 ν.
2162 3519 2368 3576 Pascha
2395 3535 2528 3576 vero
2557 3518 2794 3575 futurum
2823 3534 2956 3585 nos,
2985 3519 3030 3574 si
3072 3518 3212 3575 Deus
3248 3517 3481 3574 voluerit
3527 3531 3578 3574 si

1993 3609 2339 3667 calendarum
2373 3607 2397 3646 ¹ι
2430 3609 2692 3667 Maiarum
2723 3609 2812 3665 die
2840 3609 3208 3666 celebraturos
3235 3624 3354 3664 esse
3379 3623 3572 3678 cognoo

1992 3700 2148 3756 scite.
2189 3697 2441 3755 Ordinem
2472 3715 2687 3770 quoque
2715 3715 2937 3772 precum
2968 3700 3021 3755 in
3051 3699 3364 3774 celebritate
3391 3699 3579 3754 missa-

1991 3804 2109 3844 rum
2140 3788 2286 3843 nullo
2318 3804 2415 3844 nos
2436 3797 2699 3863 tempore,
2729 3790 2875 3844 nulla
2906 3789 3197 3845 festivitate
3218 3789 3580 3860 signiﬁcamus

1989 3883 2191 3939 habere
2217 3883 2443 3938 divisum
2468 3881 2783 3958 [diversum]
2811 3881 2830 3921 ι
2868 3901 2881 3936 :
2913 3883 3008 3939 sed
3034 3898 3248 3954 semper
3275 3881 3464 3937 eodem
3495 3889 3581 3936 te-

1991 3989 2124 4030 nore
2149 4017 2164 4042 ,
2201 3974 2382 4030 oblata
2413 3973 2526 4029 Deo
2554 3990 2776 4030 munera
2806 3988 3146 4030 consecrare.
3201 3973 3423 4039 Quoties
3448 3986 3580 4026 vero

1990 4065 2279 4136 paschalis,
2309 4072 2403 4120 aut
2447 4063 2792 4121 Ascensionis
2819 4063 3052 4128 Domini,
3083 4062 3170 4117 vel
3208 4061 3579 4129 Pentecostes,

1991 4167 2047 4214 et
2075 4157 2406 4229 Epiphaniae,
2438 4165 2857 4224 sanctorumque
2880 4155 2974 4208 Dei
3003 4154 3163 4209 fuerit
3189 4152 3396 4224 agenda
3425 4151 3579 4208 festi-

1989 4252 2146 4318 vitas,
2179 4251 2388 4319 singula
2417 4247 2650 4318 capitula
2681 4246 2872 4302 diebus
2893 4254 3016 4316 apta
3045 4245 3438 4315 subjungimus,
3461 4245 3583 4315 qui-

1989 4346 2090 4400 bus
2119 4339 2687 4400 commemorationem
2709 4349 2914 4404 sancta!
2955 4340 3330 4408 solemnitatis,
3363 4349 3456 4395 aut
3485 4356 3580 4395 eo-

1991 4451 2110 4490 rum
2137 4435 2362 4490 l'acimus
2385 4473 2400 4499 ,
2433 4447 2660 4504 quorum
2689 4433 2933 4487 natalitia
2964 4434 3305 4490 celebramus
3335 4450 3347 4487 :
3381 4440 3578 4488 caetera

1989 4543 2122 4583 vero
2165 4527 2353 4583 ordine
2399 4534 2659 4582 consueto
2713 4527 3103 4597 prosequimur.
3145 4525 3488 4596 Quapropter
3523 4533 3582 4580 et

1989 4620 2158 4691 ipsius
2185 4619 2460 4676 canonica:
2488 4619 2661 4689 precis
2689 4626 2892 4672 textum
2938 4617 3230 4673 direximus
3272 4616 3457 4671 subter
3483 4614 3582 4668 ad-

1989 4710 2214 4783 jectum,
2238 4725 2398 4779 quem
2423 4709 2560 4776 (Deo
2582 4708 2840 4779 propitio)
2864 4723 2930 4763 ex
2959 4707 3254 4778 apostolica
3289 4705 3580 4762 traditione

1990 4804 2343 4875 suscepimus.
2377 4802 2440 4856 Et
2472 4809 2533 4857 ut
2558 4802 2798 4856 charitas
2820 4809 2908 4855 tua
2938 4807 3246 4868 cognoscat,
3277 4799 3470 4868 quibus
3493 4799 3578 4854 lo-

1989 4898 2070 4953 cis
2108 4896 2287 4964 aliqua
2337 4893 2715 4948 festivitatibus
2761 4900 2887 4962 apta
2933 4898 3266 4957 connectes,
3313 4890 3579 4961 paschalis

1989 4987 2094 5043 diei
2121 5000 2308 5058 preces
2327 4985 2572 5040 similiter
2601 4981 2804 5056 [simul]
2831 4983 3144 5052 adjecimus.
3173 4982 3270 5039 llis
3290 4983 3448 5052 igitur
3468 4980 3546 5036 Ira
3565 5011 3578 5023 -

1954 5091 1968 5107 ‘
1994 5078 2258 5135 ternitatis
2288 5087 2392 5138 tua:
2417 5075 2746 5146 inquisitioni
2777 5074 3081 5146 responsis,
3113 5073 3280 5130 Deum
3309 5078 3574 5138 nostrum,

1989 5234 2222 5294 omnibus
2251 5234 2320 5286 ad
2346 5233 2694 5304 confessionis,
2714 5241 2868 5287 recta:
2896 5233 3098 5286 studeat
3138 5232 3392 5286 tramitem
3430 5246 3577 5304 revo-

1989 5323 2125 5360 care.
2187 5305 2336 5369 Quod
2368 5298 2594 5374 si‘forte,
2627 5304 2762 5374 quod
2791 5303 2945 5374 absit,
2976 5305 3028 5356 in
3055 5319 3247 5368 errore,
3276 5308 3381 5355 etc.
3436 5298 3570 5356 Cod.

1992 5377 2139 5442 Vnt.,
2169 5373 2486 5439 subtrahere,
2516 5381 2622 5429 etc.
2642 5373 2710 5427 ut
2736 5383 2891 5429 notat
2911 5373 3178 5428 Baluzius.

2062 5445 2087 5484 ιι
2119 5445 2252 5508 Cod.
2279 5444 2798 5510 Vat.,~restitutione.

2070 5516 2082 5555 ί
2119 5517 2298 5579 Colb.,
2328 5515 2546 5584 e/ﬁcere.

2067 5588 2080 5637 i
2119 5586 2298 5650 Colb.,
2321 5581 2382 5638 in
2397 5601 2499 5656 qua
2515 5585 2814 5639 sanctuaria
2836 5601 2939 5640 non
2959 5592 3237 5653 ponuntur.
3262 5581 3397 5638 Cod.
3427 5583 3576 5649 ναι..

1989 5666 2224 5714 sanctum
2255 5672 2370 5710 ara.

2063 5729 2096 5770 ει
2122 5727 2296 5790 Colb.,
2326 5735 2502 5780 octavo
2533 5724 2739 5779 calend.
2765 5723 2900 5781 Cod.
2938 5725 3078 5792 Vah,
3103 5739 3195 5780 \‘lll
3224 5723 3430 5781 calend.

2067 5797 2080 5837 ‘
2119 5791 2252 5856 Cod.
2281 5795 2427 5864 ναι..
2460 5794 2734 5852 diversum.
