4018 6340
274 325 333 379 sl
1016 297 1020 301 ’
1437 304 1789 361 erlsroma
1833 306 1917 358 nr
1960 302 2305 357 DECRETA.
3462 298 3533 355 ea

281 444 451 490 zantcs
496 451 584 488 eos
618 404 923 487 luctamine
964 431 1135 486 Patris
1162 470 1176 494 ,
1231 439 1280 484 et
1327 427 1472 493 Filii,
1520 437 1567 482 et
1620 424 1847 495 Spiritus
1876 427 1919 484 ,Α
1953 420 2067 487 Dei,
2121 421 2204 477 cui
2253 419 2539 477 serviendo
2578 420 2835 490 regnalis,
2878 427 2935 475 et
2982 419 3255 491 rcguando
3296 418 3532 485 servitis,

274 527 459 583 sancti.
486 523 671 577 Amen.

271 630 598 690 LPISTOLA
650 632 946 706 (οιεηιιιι)
1002 629 1226 685 VIGILII
1271 626 1504 683 ADHUC
1554 623 1847 681 PSEUDO—

936 718 1141 776 ΡΑΡιΕ
1594 742 1597 743 ν

645 853 714 893 ΔΙ)
749 852 1026 893 CESARIUI
1063 848 1467 891 ABELATENSEI.

268 924 332 979 Ei
388 926 666 983 εὖξαι-ἰωῇ
727 927 1014 982 consulenti
1057 926 1123 980 de
1182 924 1502 995 injuugenda
1551 923 1850 993 pmuileulia

337 998 447 1067 regi
492 996 844 1122 gaudebam
878 998 941 1053 ob
974 998 1296 1052 incestuosas
1326 996 1533 1067 nuptias
1557 1001 1852 1050 contractas

336 1084 488 1137 respo
565 1084 594 1121 e
618 1107 637 1125 .

337 1158 695 1214 Dilectissimo
722 1157 873 1213 fratri
896 1155 1130 1213 Cmsario
1158 1156 1399 1225 Vigilius.

336 1251 394 1306 Si
418 1266 516 1321 pro
537 1250 914 1306 observatione
934 1250 1229 1306 caelestium
1254 1246 1628 1303 mandatorum
1658 1243 1853 1302 catho-

268 1342 385 1399 lica:
429 1342 569 1395 illius
616 1340 865 1396 Ecclesia:
893 1348 1195 1411 opportune
1224 1339 1308 1395 vel
1336 1339 1641 1409 importune
1676 1350 1856 1391 sacer-

268 1434 425 1488 dotes
443 1432 684 1499 singulos
709 1433 865 1487 decet
895 1434 1174 1494 instruere,
1206 1438 1409 1499 quanto
1450 1428 1616 1497 magis
1643 1427 1726 1483 his
1760 1426 1850 1494 qui

269 1523 560 1578 devotione
596 1522 849 1576 laudabili
877 1521 944 1577 de
973 1523 1132 1577 rebus
1159 1521 1260 1576 sibi
1299 1519 1473 1576 dubiis
1514 1518 1581 1573 ad
1618 1517 1854 1573 studium

270 1616 495 1670 veniunt
540 1615 872 1679 consulendi,
916 1615 1244 1685 competenti
1283 1628 1508 1669 necesse
1545 1620 1629 1667 est
1668 1610 1856 1665 ordine

269 1707 643 1778 respondere?
674 1707 809 1763 Hine
837 1715 919 1762 est
957 1706 1101 1776 quod
1127 1706 1348 1775 gloriosi
1375 1705 1467 1760 lllii
1497 1704 1666 1758 nostri
1714 1700 1857 1769 regis

1950 513 2175 581 gratiam
2204 510 2483 567 indefessis
2509 512 2793 567 cumulatis
2820 511 3111 582 operibus;
3140 521 3200 568 ut
3227 512 3279 568 in
3307 512 3390 569 his
3416 529 3536 583 qua:

1951 601 2106 657 vobis
2132 617 2232 672 pro
2261 601 2570 671 integritate
2595 609 2649 659 et
2668 600 2956 657 devotione
2984 601 3108 658 fidei
3131 610 3327 661 vestrae
3354 602 3538 660 Domi-

1952 709 2054 748 nus
2086 691 2342 762 singulari
2366 693 2566 763 pietate
2599 692 2885 758 concessit,
2915 702 3279 763 aguoscantur
3295 693 3441 766 juste
3473 710 3539 750 ac

1953 784 2342 839 convenienter
2393 782 2625 853 impleri,
2683 799 2845 854 quam
2895 783 3335 854 prazdicationem
3376 786 3539 843 docet

1952 875 2241 946 Apostolus
2291 894 2305 930 :
2360 872 2496 939 Quia
2541 877 2708 931 sancti
2750 893 2843 946 per
2885 876 3045 947 ﬁdem
3090 878 3318 939 vicerunt
3376 894 3539 951 regna

1955 967 2141 1039 (Hebr.
2173 965 2271 1039 ιι).
2302 965 2491 1034 Qualia
2515 967 2657 1022 enim
2686 981 2849 1037 regna
2876 968 2996 1039 plus
3022 969 3186 1027 armis
3223 968 3349 1026 ﬁdei
3374 985 3539 1041 quam

1953 1074 2214 1130 corporea
2243 1058 2555 1114 fortitudine
2580 1058 2843 1128 viceritis,
2865 1059 3028 1116 docet
3055 1060 3385 1118 immensitas
3403 1074 3538 1130 gen-

1956 1149 2089 1203 tium
2138 1147 2501 1218 subjectarum
2524 1188 2541 1215 ,
2580 1162 2699 1218 qua
2740 1157 2942 1218 quanto
2972 1149 3146 1219 major
3181 1150 3412 1221 assurgit
3440 1166 3542 1206 nu-

1954 1252 2135 1306 mero,
2154 1245 2305 1292 tanto
2331 1236 2539 1309 mystici
2577 1238 2745 1295 solius
2766 1237 3005 1309 perfecta
3034 1234 3348 1310 operatiOne
3372 1243 3540 1298 mira-

1956 1328 2067 1383 culi
2091 1337 2393 1399 superatur.
2423 1326 2575 1384 Unde
2593 1344 2695 1385 nos
2715 1328 2768 1383 in
2790 1328 3019 1387 Domino
3039 1331 3260 1388 nimium
3290 1332 3542 1388 convenit

1956 1418 2195 1488 gloriari,
2225 1420 2368 1489 quod
2409 1436 2518 1475 non
2546 1420 2879 1491 imperialem
2906 1423 3102 1491 solum,
3139 1423 3233 1481 sed
3259 1424 3424 1480 etiam
3452 1440 3543 1481 sa-

1957 1510 2285 1566 cerdotalem
2315 1510 2468 1566 vobis
2494 1510 2731 1566 animum
2762 1512 3062 1568 concedere
3075 1528 3174 1570 sua
3197 1512 3545 1571 miseratione

1957 1601 2208 1671 dignatus
2245 1608 2330 1656 est
2361 1618 2375 1654 :
2405 1608 2461 1655 et
2498 1600 2644 1670 quod
2671 1616 2861 1658 omnes
2895 1603 3179 1674 pontiﬁces
3214 1604 3437 1676 antiqua
3487 1605 3543 1660 in

1960 1691 2238 1747 offerendo
2267 1692 2528 1748 sacriﬁcia
2554 1693 2844 1750 traditione
2867 1694 3228 1766 deposcimus,
3256 1704 3546 1753 exorantes

271 1796 634 1852 Theodeberli
680 1798 1188 1866 imeﬂ-ogmionem,
1236 1811 1341 1866 qua
1387 1810 1486 1849 nos
1532 1808 1632 1864 per
1675 1791 1857 1845 Mode-—
1889 1790 1930 1848 Β
1961 1791 2020 1836 ut
2065 1782 2384 1837 catholicam
2429 1781 2589 1838 fidem
2618 1783 2875 1855 adunare,
2927 1800 3115 1855 regere
3162 1786 3443 1855 Dominus,
3488 1796 3546 1844 et

270 1888 443 1943 ricum
483 1888 657 1943 virum
684 1888 943 1944 illustrem
977 1888 1214 1958 legatum
1253 1902 1409 1942 suum
1436 1884 1858 1954 crediditrequi-

272 1980 509 2047 rendos,
552 1980 799 2036 duximus
845 1979 1273 2051 amplectendam
1319 1996 1333 2033 :
1374 1981 1427 2033 in
1475 1992 1581 2048 qua
1633 1976 1855 2045 gloriam

271 2085 427 2126 suam
483 2071 754 2126 desiderat
806 2071 1110 2139 informari;
1177 2069 1475 2142 cujusmodi
1542 2069 1856 2142 pmnilentia

270 2164 444 2234 possit
484 2164 623 2221 illius
663 2178 892 2236 purgare
917 2166 1213 2232 delictum,
1250 2165 1342 2236 qui
1381 2179 1503 2220 cum
1532 2178 1700 2219 uxore
1746 2162 1858 2217 fra.

274 2257 369 2310 tris
408 2258 491 2311 sui
533 2257 775 2312 illicitum
824 2258 1163 2328 prmsumpsit
1203 2257 1339 2312 inire
1377 2255 1705 2326 conjugium.
1758 2252 1855 2309 Gni

271 2363 372 2400 nos
399 2347 650 2416 equidem
676 2348 852 2403 missis
882 2346 1129 2404 affatibus
1146 2390 1163 2413 ,
1183 2362 1411 2417 quorum
1440 2355 1681 2402 tenorem
1714 2354 1856 2401 tuam

270 2440 580 2496 fraternitas
606 2441 660 2496 in
699 2441 954 2511 subjectis
979 2441 1257 2509 inveniet,
1288 2441 1394 2496 hoc
1422 2440 1657 2494 indicare
1698 2454 1856 2494 cura-

270 2531 473 2597 vimus,
503 2532 758 2600 quoniam
788 2532 894 2587 tale
931 2532 1275 2587 commissum
1330 2546 1437 2586 non
1477 2546 1643 2601 parva
1681 2529 1858 2585 cordis

268 2617 561 2675 afflictione
590 2621 766 2676 valeat
803 2621 1027 2692 expiari.
1067 2620 1172 2677 Sed
1197 2622 1323 2692 quia
1352 2621 1511 2693 (sicut
1540 2621 1857 2677 charitatem

269 2717 417 2762 tuam
446 2710 583 2765 bene
610 2727 771 2768 nosse
791 2710 1132 2784 conﬁdimus)
1157 2712 1347 2767 modus
1368 2711 1697 2782 poenitentiae
1721 2725 1860 2780 pra:-

267 2801 501 2855 scntium
532 2803 1078 2872 potiussacerdotum
1120 2802 1438 2874 inspectioni
1465 2804 1819 2858 committitur
1840 2843 1856 2869 ,

267 2903 328 2946 ut
348 2892 506 2962 juxta
534 2896 964 2965 compunctionis
992 2895 1243 2950 meritum
1267 2893 1435 2949 veniae
1455 2908 1669 2963 quoque
1691 2892 1862 2963 possit

267 2983 533 3053 indulgeri
564 2985 875 3049 remedium,
908 2993 1013 3039 tuae
1032 2985 1145 3040 hoc
1173 2984 1350 3054 podus
1376 2981 1719 3038 aestimationi
1741 2996 1863 3037 cre-

265 3073 440 3130 dimus
463 3073 895 3143 relinquendum.
919 3072 1257 3145 Quapropter
1285 3072 1521 3128 charitas
1549 3078 1675 3141 tua,
1691 3071 1859 3127 totius

1962 1871 2234 1927 custodire
2280 1880 2395 1926 toto
2442 1872 2575 1928 orbe
2624 1872 2895 1945 dignetur,
2945 1876 3167 1931 summis
3220 1876 3328 1933 hoc
3372 1878 3548 1947 pietas

1960 1972 2142 2019 vestra
2180 1963 2384 2019 viribus
2421 1964 2632 2034 effecit;
2661 1982 2784 2022 cum
2823 1984 2921 2039 per
2960 1985 3150 2026 omnes
3184 1971 3338 2040 regni
3381 1973 3548 2027 vestri

1960 2064 2176 2129 partes,
2206 2066 2261 2113 et
2307 2057 2587 2114 universos
2630 2056 2763 2114 ﬁnes
2810 2067 2987 2127 terrm,
3020 2076 3138 2116 eam
3189 2060 3347 2117 ﬁdem
3383 2076 3547 2132 quam

1960 2167 2058 2222 per
2085 2150 2420 2206 venerabiles
2442 2166 2657 2221 semper
2684 2151 3002 2208 Christiana:
3022 2151 3376 2211 confessionis
3398 2154 3547 2224 judi-

1960 2241 2046 2296 cio
2074 2238 2510 2312 complectendus
2544 2239 2835 2308 Nicamam,
2874 2241 3545 2314 Constantinopolitanam,

1962 2329 2286 2401 Ephesinam
2314 2330 2687 2401 primam,scd
2716 2339 2773 2386 et
2797 2330 3288 2389 Chalcedonensem
3312 2331 3551 2405 synodos

1960 2429 2173 2477 constat
2207 2420 2749 2491 irreprehensibiliter
2782 2421 3091 2489 solidatam,
3123 2422 3439 2479 inconcussa
3460 2422 3546 2492 ju-

1959 2515 2131 2571 beatis
2156 2532 2288 2586 pace
2309 2518 2539 2585 servari,
2578 2533 2679 2573 nec
2702 2517 3006 2574 Christiano
3033 2534 3359 2592 quemquam
3386 2534 3552 2578 voca-

1961 2608 2089 2663 bulo
2138 2610 2477 2680 nuncupetis,
2529 2610 2619 2682 qui
2663 2626 2723 2666 se
2772 2626 2802 2665 a
2850 2610 3193 2682 przefatarnm
3220 2610 3548 2686 synodorum

1963 2698 2168 2753 unitate
2209 2697 2449 2769 sejungit
2472 2716 2495 2753 ε,
2520 2707 2574 2755 et
2620 2699 2712 2771 qui
2741 2698 2906 2756 [idem
2934 2716 3123 2756 earum
3154 2716 3265 2757 non
3300 2701 3551 2758 omnibus

1960 2795 2165 2850 viribus
2204 2797 2461 2866 omnique
2504 2796 2746 2852 defendit
2771 2796 3007 2867 adnixa,
3045 2814 3154 2856 non
3199 2800 3550 2870 judicandum

1963 2886 2095 2957 (sed
2130 2886 2240 2956 jam
2265 2884 2560 2953 juJicatum
2588 2886 2637 2959 ¹)
2681 2888 2860 2957 potius
2901 2889 3239 2946 existimetis.
3287 2889 3387 2947 Cui
3441 2905 3549 2947 non

1963 2996 2095 3051 ergo
2139 2980 2481 3037 sacerdotum
2514 2979 2804 3050 jucundam
2832 2981 3250 3038 exsultationem
3274 2991 3331 3038 et
3356 2983 3548 3051 gaudia

1963 3080 2174 3138 inﬁnita
2199 3079 2472 3148 conciliet,
2500 3078 2647 3150 quod
2688 3078 2948 3135 insertum
2977 3094 3076 3150 per
3113 3079 3210 3135 Dei
3234 3081 3404 3138 nostri
3430 3095 3553 3151 gra-

266 3166 389 3222 faeti
444 3166 732 3236 qualitate,
780 3181 845 3221 ac
884 3166 1194 3236 paenitentis
1239 3165 1405 3235 ipsius
1446 3164 1858 3235 compunctione

1963 3176 2094 3230 tiam
2116 3172 2267 3229 cordi
2294 3178 2476 3228 vestro
2500 3171 2682 3227 lumen
2718 3172 3044 3243 evangelica;
3070 3174 3333 3240 veritatis,
3366 3176 3551 3246 perni-

266 3268 571 3332 pchpecta,
598 3258 902 3330 prmdicmm
923 3259 1214 3327 gloriosum
1229 3273 1409 3328 regem
1427 3257 1594 3312 lilium
1615 3265 1855 3313 nostrum

265 3363 321 3409 et
339 3354 409 3408 de
436 3352 696 3421 temporis
716 3351 1093 3406 observatione
1115 3366 1235 3406 non.
1250 3350 1471 3406 omittat~
1492 3350 1780 3418 instruere,
1801 3357 1858 3405 et

267 3459 335 3497 ne
363 3442 591 3497 ulterius
631 3441 738 3496 tale
765 3440 969 3509 aliquid
994 3441 1655 3510 prmsumaturﬁnstanter
1680 3454 1855 3509 expo-

264 3540 404 3587 scat.
428 3530 562 3585 lllud
605 3546 767 3600 quam
795 3531 1031 3587 maxime
1058 3530 1488 3601 praecavendum,
1520 3537 1581 3584 ut
1621 3545 1690 3585 ne
1716 3530 1854 3600 ipse,

264 3623 359 3694 qui
387 3623 496 3678 hoc
514 3623 752 3678 noscitur
771 3622 1077 3688 admisisse,
1093 3621 1160 3676 ad
1182 3621 1401 3677 eosdem
1419 3622 1656 3677 vomitus
1674 3638 1857 3676 rever-

267 3723 441 3781 tatur,
470 3714 563 3769 sed
591 3714 774 3770 divisis
802 3715 963 3769 etiam
988 3714 1408 3769 habitationibus
1432 3724 1857 3782 commanentcs,

268 3807 339 3861 ah
390 3806 536 3861 omni
584 3806 894 3879 suspicione
944 3806 1216 3862 commissi
1263 3805 1515 3861 facinoris
1568 3805 1859 3860 reddantur

270 3897 555 3952 immunes.
608 3897 866 3952 Dominus
905 3904 959 3952 te
1008 3896 1334 3951 incolumem
1363 3895 1647 3961 custodiat,
1694 3894 1862 3950 frater

269 3987 605 4044 charissime.
628 3987 818 4043 Datum
834 3987 1004 4058 pridie
1020 4003 1284 4044 nonarum
1306 3987 1637 4057 Martiarum,
1655 3986 1862 4045 Joanne

272 4078 387 4134 viro
412 4078 711 4134 clarissimo
736 4079 979 4135 consule.

491 4189 822 4247 EPISTOLA
851 4193 997 4265 (olim
1028 4192 1117 4263 IV)
1158 4191 1387 4248 VIGlLII
1425 4190 1629 4249 PAPE

836 4323 903 4361 AD
940 4323 1303 4363 JUSTINIANUM.

273 4395 415 4449 Dum
455 4394 786 4470 Iustiniani“
836 4399 1119 4470 imperator
1166 4416 1341 4470 eorum
1396 4399 1588 4469 Vigilio
1636 4400 1861 4470 legitime

346 4470 508 4519 electo
535 4467 693 4536 fidem
734 4467 995 4537 professus
1025 4475 1178 4535 esset,
1208 4468 1296 4522 ille
1328 4485 1393 4522 ex
1422 4467 1567 4522 hoste
1594 4470 1648 4521 in
1679 4467 1860 4539 defen-

1959 3266 2229 3324 ciosorum
2283 3274 2445 3335 atque
2478 3264 2851 3321 hrereticorum
2880 3265 3190 3335 dogmatum
3235 3274 3397 3323 nocte
3444 3268 3554 3323 dis-

1958 3373 2137 3424 cussa,
2167 3357 2454 3412 universali
2484 3356 2791 3426 resplendet
2826 3355 3120 3414 Ecclesiae!
3147 3357 3300 3414 Absit
3342 3373 3473 3430 ergo
3520 3376 3552 3413 a

1960 3452 2137 3516 nobis,
2169 3458 2229 3506 nt
2254 3449 2399 3521 quod
2427 3452 2679 3506 omnibus
2714 3449 2970 3505 fratribus
2989 3450 3328 3521 coepiscopis
3353 3452 3554 3507 nostris

1958 3559 2219 3616 generare
2238 3542 2487 3613 gaudium
2517 3542 2854 3612 prolitemur,
2880 3550 3123 3601 nostrum
3172 3558 3280 3599 non
3308 3550 3403 3598 aut
3428 3558 3554 3599 eum

1962 3636 2213 3693 omnibus
2240 3635 2529 3691 misceatur
2553 3675 2570 3702 ,
2614 3644 2710 3689 aut
2756 3633 2923 3704 (quod
2975 3637 3146 3705 magis
3187 3634 3406 3703 dignum
3444 3644 3551 3696 est)

1963 3745 2125 3800 supra
2153 3734 2381 3785 cunctos
2408 3728 2663 3783 emineat.
2688 3726 2764 3783 Ex
2791 3743 2897 3798 qua
2919 3742 2998 3793 re,
3026 3727 3348 3784 venerabilis
3378 3728 3554 3799 impe-

1962 3832 2137 3890 rator,
2180 3820 2373 3877 devota
2419 3820 2783 3877 venerationis
2810 3820 3171 3889 gratulatione
3210 3820 3551 3890 suscipimus,

1962 3912 2106 3984 quod
2153 3911 2347 3967 ardore
2381 3908 2527 3977 ﬁdei,
2556 3918 2612 3966 et
2639 3910 2820 3966 suavis
2858 3908 3148 3967 iracundia:
3186 3909 3555 3966 commotione

1962 4002 2237 4071 succensi,
2252 4001 2406 4057 nobis
2427 4001 2592 4057 etiam
2612 4001 2733 4072 pios
2755 4000 3029 4057 direxistis
3048 3998 3258 4065 allatus,
3281 4000 3334 4055 in
3356 3999 3553 4068 quibus

1962 4094 2134 4148 beatae.
2162 4090 2558 4149 recordationis
2577 4088 2930 4146 Celestinnm
2957 4097 3121 4158 atque
3149 4087 3386 4144 Leonem
3419 4102 3552 4158 apo-

1961 4184 2167 4241 stolicae
2184 4183 2327 4239 sedis
2340 4181 2621 4252 przesules,
2638 4180 2731 4249 qui
2753 4178 2990 4247 singulas
3009 4178 3240 4235 haereses
3257 4192 3357 4249 pro
3373 4177 3552 4235 divina

1961 4276 2064 4332 sibi
2097 4272 2503 4344 dispensatione
2529 4270 2849 4337 commissa,
2875 4285 2998 4326 cum
3036 4270 3279 4343 synodali
3323 4286 3557 4343 congre-

1963 4378 2180 4446 gatione
2213 4373 2560 4438 damnantes,
2581 4369 2710 4441 quid
2728 4371 2906 4428 cuncti
2938 4372 3264 4442 generaliter
3279 4374 3432 4443 sequi
3456 4373 3555 4430 de-

1964 4472 2137 4527 beant
2159 4467 2477 4542 Christiani,
2500 4481 2751 4522 mansura
2794 4467 2845 4521 in
2874 4481 3047 4522 atvum
3091 4467 3208 4536 lege
3235 4477 3552 4535 sanxerunt,

344 4553 538 4617 sarem,
561 4552 626 4629 ea:
642 4547 964 4606 persecutore
983 4539 1464 4629 ξηιρτιιτιιὶραιολινιεξζηξ
1479 4555 1544 4591 ea;
1563 4538 1858 4619 blaspheme

1967 4560 2216 4617 laudabili
2257 4538 2690 4616 commemoratis
2728 4557 2941 4614 alfcctu.
2988 4557 3227 4625 Quorum
3255 4557 3555 4629 probabilia

346 4608 402 4685 in
420 4674 452 4690 Η
473 4608 821 4690 confessorem
890 4607 1142 4690 mutatus,
1202 4610 1258 4661 in
1288 4607 1625 4689 'Authimum.
1654 4607 1862 4690 ejusque

346 4674 582 4757 cellegas
642 4677 907 4731 hcereticos
979 4678 1325 4732 auathematis
1403 4674 1714 4737 sententiain
1774 4674 1860 4733 in-

350 4755 520 4799 torsit.

347 4836 750 4893 Gloriosissimo
823 4846 880 4893 et
932 4838 1349 4895 clementissimo
1398 4838 1510 4895 ﬁlio
1559 4838 1865 4896 Iustiniano

272 4930 521 4997 Augusto
544 4929 767 4999 Vigilius
794 4931 1099 5001 cpiscopus.

350 5014 570 5075 Litteris
589 5020 888 5075 clementia:
908 5031 1129 5091 vestrae,
1142 5022 1375 5090 glorioso
1400 5022 1517 5078 viro
1537 5022 1647 5078 lilio
1678 5032 1863 5080 nostro

276 5111 564 5166 Dominico
583 5112 876 5178 exconsule
897 5120 1056 5183 atque
1081 5114 1308 5184 patricio
1328 5113 1627 5181 deferente,
1650 5123 1863 5172 assueta

273 5203 631 5258 veneratione
649 5204 931 5274 susceptis,
957 5204 1291 5273 jucunditate
1332 5204 1611 5277 multiplici
1652 5205 1867 5261 univer-

272 5294 380 5347 sali
427 5291 683 5349 Ecclesiae
722 5294 1061 5363 gaudendum
1102 5310 1223 5350 esse
1276 5296 1669 5365 perspeximus,
1717 5296 1865 5365 quod

271 5384 645 5440 Christianam
673 5386 851 5449 iidem,
883 5400 986 5455 qua
1015 5385 1193 5441 divina
1225 5385 1459 5442 Trinitas
1486 5386 1783 5441 honoratur
1811 5396 1867 5442 et

271 5478 499 5543 colitur,
532 5476 587 5531 in
616 5476 766 5532 nullo
794 5477 1125 5545 dissimilem,
1152 5477 1206 5530 in
1237 5475 1383 5531 nullo
1409 5477 1719 5547 permittitis
1746 5492 1867 5532 esse

270 5567 619 5634 discordem;
662 5576 718 5624 et
762 5568 903 5623 hanc
948 5568 1365 5624 clementissimo
1410 5568 1638 5639 imperio
1683 5575 1866 5623 vestro

1967 4652 2260 4711 constituta
2325 4658 2527 4708 sanctae
2583 4650 2977 4706 recordationis
3031 4648 3337 4717 llomnisda,
3389 4658 3555 4721 atque

1968 4745 2201 4803 Joannes
2251 4743 2457 4809 senior,
2503 4757 2603 4798 nec
2646 4757 2756 4797 non
2803 4749 2860 4797 et
2899 4740 3189 4812 Agapetus,
3240 4740 3559 4798 decessorea

1967 4834 2137 4891 nostri
2166 4848 2263 4903 per
2284 4832 2467 4888 omnia
2493 4838 2899 4899 conservantes,
2920 4830 3198 4888 universos
3225 4830 3557 4889 Nestorium:

1968 4932 2131 4994 atque
2179 4924 2525 4997 Eutychiana:
2550 4939 2813 4994 sequaces
2840 4924 3059 4979 haeresis
3095 4924 3251 4995 justa:
3294 4939 3556 4981 mucrone

1968 5020 2248 5075 sententia:
2297 5019 2662 5090 perculerunt.
2715 5018 2872 5087 Quod
2916 5034 3018 5075 nos
3083 5019 3308 5075 summis
3349 5019 3556 5074 viribus

1970 5112 2153 5181 sequi,
2188 5127 2506 5181 summoque
2533 5112 2733 5168 adnixu
2761 5110 3071 5179 defendere,
3119 5111 3337 5183 pietatis
3362 5117 3555 5165 vestra

1966 5204 2259 5260 clementia
2271 5203 2695 5259 indubitabiliter
2712 5213 2992 5273 agnoscat,
3010 5205 3105 5260 sed
3126 5212 3183 5262 et
3201 5203 3344 5259 beati
3360 5200 3555 5257 Leonis

1968 5297 2225 5366 epistolas
2272 5297 2340 5352 ad
2382 5306 2586 5353 sanctas
2629 5297 3020 5354 recordationis
3059 5296 3372 5352 Flavianum
3424 5302 3557 5352 tunc

1967 5386 2578 5458 Constantinopolitanae
2618 5389 2851 5446 civitatis
2870 5390 3185 5454 antistitem,
3215 5401 3321 5443 nec
3342 5401 3451 5443 non
3496 5396 3556 5443 et

1968 5478 2034 5532 ad
2071 5480 2500 5535 clementissima:
2549 5480 2823 5538 memorias
2865 5482 3100 5536 Leonem
3126 5478 3430 5551 principem
3458 5478 3555 5534 de-

1968 5570 2229 5635 stinatos;
2253 5570 2449 5641 quibus
2480 5571 2856 5628 haereticorum
2905 5570 2960 5625 id
3002 5575 3086 5625 est
3118 5567 3355 5627 Nestorii
3392 5578 3555 5639 atque

357 5767 375 5801 ¹
402 5765 624 5821 Ansulis
648 5763 851 5821 inclusa
872 5764 924 5821 in
953 5763 1168 5821 Labbeo
1196 5764 1396 5822 omissa
1423 5762 1753 5824 restituimus
1778 5780 1844 5822 ex
1883 5764 2119 5821 editione
2145 5763 2410 5822 Romana.
