4042 6530
485 426 556 480 25
1895 432 2116 490 YlGlLll
2160 435 2241 489 PA
2251 434 2360 489 P.E
3677 443 3749 499 Ἃ

482 548 795 620 Eutychetis
826 549 1122 623 perﬁdiam,
1147 552 1450 609 rationabili
1483 554 1796 619 assertione,
1823 554 1934 609 Deo
1965 556 2065 608 sibi
2096 561 2145 619 Α
2174 553 2331 623 (sicut
2357 568 2516 624 supra
2547 556 2907 629 meminimus)
2942 560 3231 617 secundum
3278 558 3563 632 pmsulum
3602 560 3748 614 sedis

480 639 791 709 inspirante,
845 643 1115 711 confudit,
1156 646 1375 699 omnino
1424 646 1812 715 amplectimur,
1860 659 1912 703 et
1958 666 2061 719 qua

480 740 696 802 oportet
723 733 985 791 charitate
1008 736 1358 792 defendimus.
1390 736 1456 791 Et
1486 740 1729 807 quamvis
1772 756 1871 797 nos
1901 746 2062 799 animi

480 820 713 894 ﬁdeique
765 835 980 893 nostra},
1026 828 1133 881 Dee
1163 828 1520 893 custodiente,
1567 829 1845 887 sinceritas
1874 844 2060 889 contra

477 933 542 972 ea
596 918 900 973 nullatenus
938 919 1120 980 venire
1158 921 1470 988 permittat;
1501 923 1831 993 perpendere
1881 936 2061 987 tamen

476 1010 639 1066 debet
665 1020 858 1065 vestra:
884 1011 1098 1089 pietatis
1124 1011 1435 1066 admiranda
1458 1016 1736 1084 prudentia
1753 1055 1767 1081 ,
1800 1019 1921 1086 quia
1950 1038 2060 1076 non

474 1100 623 1169 digni
645 1107 931 1156 censentur
960 1101 1242 1162 antistites,
1278 1102 1367 1181 qui
1399 1104 1741 1172 praefatorum
1773 1112 2057 1178 prresulum

475 1192 618 1245 sedis
671 1192 981 1262 apostolica:
1049 1193 1431 1249 inviolabiliter
1483 1197 1703 1253 minimc
1763 1205 2055 1271 constituta

471 1284 821 1339 servaverint.
850 1284 973 1340 Haec
1000 1300 1127 1357 ergo
1154 1301 1271 1356 qutc
1294 1286 1361 1342 de
1384 1288 1485 1345 ﬁde
1514 1305 1543 1342 a
1572 1289 1818 1359 Patribus
1845 1307 2057 1353 sancta-

471 1392 589 1429 rum
615 1384 847 1444 quatuor
871 1376 1218 1447 synodorum,
1243 1388 1295 1433 et
1317 1394 1347 1433 a
1368 1380 1657 1450 designatis
1685 1385 1853 1441 beate
1874 1404 2055 1443 recor-

470 1465 703 1519 dationis
730 1480 882 1535 papa:
910 1465 1105 1521 Leonis
1127 1469 1386 1538 epistolis,
1421 1480 1582 1541 atque
1600 1488 1629 1527 a
1659 1479 2051 1548 suprascripto-

468 1569 586 1609 rum
603 1555 1056 1634 praedecessorum
1075 1568 1376 1614 nostrorum
1400 1566 1727 1631 constitutis,
1749 1577 1871 1621 sunt
1892 1586 2053 1626 vene-

466 1645 712 1718 rabiliter
738 1644 977 1714 deﬁnita,
998 1664 1094 1725 per
1122 1651 1297 1703 omnia
1328 1667 1424 1706 nos
1453 1662 1757 1722 sequentes,
1782 1666 1835 1711 et
1863 1674 2049 1714 eorum

466 1732 725 1789 doctrina:
752 1738 1051 1803 contrarios
1070 1739 1329 1808 probabili
1358 1743 1665 1811 apostolica:
1693 1747 1833 1803 sedis
1859 1760 2048 1805 aucto-

464 1824 626 1881 ritate
654 1826 989 1895 damnantes,
1025 1832 1537 1900 anathematizamus
1577 1852 1690 1901 eos,
1740 1840 2047 1910 quicunque

2168 645 2476 712 apostolicm
2500 648 2811 714 constituta,
2845 651 2926 703 his
2954 653 3044 721 qui
3086 653 3427 723 resipuerint,
3460 660 3514 707 et
3543 666 3744 720 prmce-

2164 734 2402 790 dentium
2434 740 2781 809 synodorum,
2808 743 2895 796 vel
2924 746 3407 813 suprascriptorum
3438 740 3746 813 apostolici:

2163 826 2304 880 sedis
2334 827 2645 896 pontiﬁcum
2685 836 3020 901 suscelerint
3064 836 3372 899 constituta,
3413 833 3744 901 poenitentia:

2162 925 2217 970 et
2237 921 2627 983 communionis
2649 922 2853 977 aditum
2880 940 3197 985 resercmus.
3224 924 3329 981 Sed
3350 924 3473 993 quia
3496 925 3744 978 novimus

2160 1014 2340 1082 potius
2371 1014 2489 1084 plus
2522 1016 2641 1071 illos
2665 1018 2757 1086 qui
2782 1018 3086 1073 htereticam
3132 1018 3408 1087 perﬁdiam
3436 1018 3740 1080 destruunt,

2158 1102 2260 1157 sibi
2303 1105 2473 1173 magis
2514 1108 2771 1176 prodesse
2800 1109 3093 1163 errantium
3137 1108 3353 1162 vitando
3384 1106 3739 1170 consortium,

2156 1209 2317 1264 quam
2350 1198 2628 1252 sententia:
2665 1200 3150 1269 suprascriptorum
3183 1197 3401 1251 Patrum
3432 1195 3741 1265 multiplici-

2156 1290 2239 1338 ter
2265 1284 2507 1340 solidata:
2534 1287 2733 1356 aliquid
2765 1289 3028 1343 ﬁrmitatis
3058 1288 3369 1357 adiungere,
3412 1299 3571 1355 quam
3601 1301 3737 1340 con-

2154 1384 2261 1430 stat
2288 1378 2398 1430 suis
2421 1376 2717 1433 indubitate
2747 1380 2948 1435 viribus
2988 1380 3099 1434 Deo
3135 1388 3359 1434 auctore
3404 1377 3733 1431 subsistere:

2152 1465 2274 1522 ideo
2299 1468 2561 1524 hactenus
2587 1478 2837 1539 tanquam
2869 1486 2975 1525 non
3006 1472 3215 1525 noviter
3236 1471 3399 1525 latam
3429 1468 3734 1524 damnatio-

2152 1575 2275 1615 nem
2318 1563 2534 1617 minime
2583 1564 2823 1617 arbitrati
2850 1579 3035 1618 sumus
3084 1579 3223 1618 novo
3262 1563 3439 1632 aliquo
3494 1561 3735 1628 indigere

2151 1666 2432 1722 responso.
2461 1652 2562 1718 Qui
2590 1653 2732 1707 enim
2774 1654 3035 1709 hmrcsum
3068 1668 3292 1721 quarum
3331 1666 3491 1721 supra
3539 1649 3731 1704 memi-

2151 1742 2351 1812 nimus,
2372 1745 2456 1798 vel
2486 1745 2722 1801 omnium
2754 1746 2976 1802 aliarum
3006 1760 3126 1814 quae
3151 1753 3275 1799 sunt
3311 1744 3602 1814 apostolica
3633 1740 3731 1797 de-

2151 1830 2395 1887 ﬁnitione
2424 1843 2480 1888 et
2499 1835 2884 1890 constitutione
2905 1836 3188 1903 damnatm,
3218 1844 3514 1889 sectatores
3535 1832 3733 1888 fuerint

462 1915 531 1971 de
555 1917 677 1973 ﬁdei
703 1919 818 1999 ejus
838 1922 1175 2001 expositione
1204 1925 1284 1977 vel
1311 1926 1628 1995 rectitudine
1658 1939 1749 1989 aut
1770 1931 2037 2001 disputare

2150 1924 2373 1992 inventi,
2404 1941 2510 1980 non
2534 1933 2738 1980 tantum
2765 1943 2831 1981 ex
2877 1944 3013 1983 nova
3059 1928 3195 1996 lege,
3254 1928 3349 1981 sed
3378 1942 3443 1980 ex
3483 1927 3595 1995 ipSa
3628 1940 3728 1977 auo

458 1998 851 2076 perverse,aut
869 1998 1154 2066 inﬁdeliter
1182 2012 1425 2069 dubitare
1451 2019 1773 2085 tentaverint
1797 2038 1809 2073 :
1836 1998 1890 2075 et
1916 2038 2047 2078 con-

459 2099 543 2148 tra
574 2096 761 2151 eadem
796 2099 1111 2165 sentientes,
1145 2116 1261 2182 qua:
1296 2101 1362 2157 de
1406 2102 1509 2159 ﬁde
1539 2105 1590 2159 in
1622 2106 1855 2175 Nicaena,
1900 2111 2045 2166 Con-

457 2190 956 2260 stantinOpolitana,
1014 2194 1281 2264 Ephesina
1313 2196 1482 2266 prima
1514 2208 1569 2254 et
1596 2200 2042 2272 Chalcedonensi,

457 2280 811 2337 sanctissimis
838 2283 1077 2353 synodis‘,
1115 2300 1214 2339 nec
1244 2302 1350 2341 non
1380 2296 1434 2349 et
1461 2289 1632 2349 beata:
1657 2295 2044 2357 recordationis

459 2362 879 2447 pnedecessoris’
894 2375 1062 2429 nostri
1079 2374 1273 2432 Leonis
1286 2379 1544 2453 epistolis,
1569 2393 1794 2457 qnarum
1818 2384 2043 2449 fecimus

456 2464 813 2541 mentionem,
842 2467 925 2521 vel
955 2468 1219 2539 universis
1248 2487 1365 2542 qua:
1406 2472 1572 2543 ipsius
1598 2477 1775 2532 sanxit
1802 2480 2039 2534 auctori-

456 2562 561 2621 tas,
592 2558 1254 2628 continentur,catholicze
1279 2562 1397 2619 ﬁdei
1442 2567 1646 2623 unitate
1686 2572 2036 2640 secernimus,

454 2649 974 2720 amplectentesque,
1004 2663 1060 2719 et
1101 2655 1155 2709 in
1182 2656 1429 2713 omnibus
1457 2662 1869 2730 comprobantes
1914 2665 2039 2721 ﬁdei

452 2749 646 2796 vestrm
675 2742 932 2810 libellum,
965 2762 1123 2816 quem
1155 2750 1324 2803 nostri
1352 2750 1594 2821 obsequii
1621 2753 1880 2812 famulatu
1909 2767 2038 2816 tunc

452 2831 831 2900 praedecessori
861 2843 1047 2891 nostro
1070 2837 1170 2906 pia:
1191 2839 1576 2898 recordationis
1599 2843 1838 2916 Agapeto
1865 2850 2037 2917 pietas

450 2932 630 2978 vestra
653 2926 953 2982 orthodoxa
973 2928 1258 2985 devotione
1272 2932 1623 2999 contradidit;
1649 2935 1699 2988 in
1716 2950 1823 3004 quo
1835 2954 1898 2994 ea
1917 2956 2036 3009 qua:

450 3020 630 3067 mente
642 3015 846 3083 geritis,
878 3016 943 3071 ad
967 3018 1320 3075 eruditionem
1339 3021 1527 3076 intime
1547 3032 1646 3089 aeta
1656 3025 1739 3092 tis,
1758 3029 2035 3098 scriptum:

447 3116 663 3172 quoque
675 3106 981 3164 testimonio
991 3108 1324 3179 declarastis,
1340 3113 1574 3182 nihilque
1586 3131 1615 3170 a
1628 3119 2034 3186 saepedictorum

447 3195 908 3264 pmdecessorum
938 3208 1242 3255 nostrorum
1275 3201 1377 3256 ﬁde
1405 3202 1743 3261 deviantibus
1772 3210 1870 3263 sub
1897 3227 2032 3281 qua-

2151 2023 2358 2069 ctorum
2419 2031 2639 2069 suorum
2682 2016 2792 2084 jam
2838 2017 3043 2086 pridem
3096 2017 3440 2071 damnatione
3496 2014 3729 2085 perculsi

2147 2114 2288 2161 sunt.
2324 2104 2388 2159 Et
2415 2106 2541 2160 licet
2569 2109 2821 2176 pietatem
2844 2119 3073 2163 vestram
3104 2110 3260 2167 aliter
3278 2109 3345 2162 de
3369 2107 3730 2163 taciturnitate

2149 2205 2332 2250 nostra
2363 2198 2622 2266 suspicari
2653 2198 2738 2252 vel
2767 2199 3068 2267 intelligere
3100 2199 3329 2253 voluerit
3359 2199 3622 2268 malignus
3651 2198 3728 2252 in-

2147 2296 2372 2358 terprcs,
2421 2305 2522 2344 nos
2566 2299 2744 2344 tamen
2799 2306 2936 2360 quos
2982 2292 3171 2346 beatus
3216 2290 3405 2345 Petrus
3450 2293 3727 2360 apostolus

2146 2376 2199 2447 (1
2229 2378 2371 2432 Petr.
2398 2378 2474 2449 tu)
2504 2381 2647 2433 omni
2679 2381 2925 2449 poscenti
2952 2382 3215 2436 rationem
3248 2381 3472 2435 reddere
3503 2382 3590 2451 pia
3617 2392 3723 2435 tra-

2141 2467 2345 2523 ditione
2371 2469 2668 2533 constituit,
2701 2470 2886 2524 libenti
2917 2472 3096 2525 animo
3117 2472 3503 2525 Christianitati
3536 2480 3726 2526 vestra:

2140 2558 2573 2613 satisfaciendum
2621 2574 2741 2615 esse
2787 2561 3197 2635 perspeximus;
3238 2562 3551 2630 suppliciter
3596 2578 3724 2631 spe—

2140 2658 2320 2705 rantes
2350 2648 2662 2723 [pctentes],
2695 2659 2753 2705 ut
2776 2652 2970 2706 nullius
2996 2650 3335 2721 subrepé‘htrs
3372 2653 3575 2707 insidiis
3607 2654 3721 2722 pri-

2138 2740 2329 2806 vilegia
2385 2741 2529 2795 sedis
2581 2740 2728 2795 beati
2775 2740 2919 2795 Petri
2974 2742 3203 2809 apostoli
3255 2741 3723 2797 Christianissimis

2138 2830 2467 2898 temporibus
2519 2832 2711 2886 vestris
2758 2832 2811 2885 in
2848 2832 3027 2901 aliquo
3071 2833 3391 2902 permittatis
3445 2834 3713 2889 imminui.

2138 2920 2269 2986 Qua:
2296 2923 2340 2976 si
2372 2924 2675 2987 turbentur.
2706 2924 2850 2993 quod
2892 2940 3001 2977 non
3040 2925 3325 2989 credimus,
3358 2934 3452 2979 aut
3471 2927 3717 2980 minuan-

2138 3020 2225 3067 tur
2254 3013 2305 3068 in
2331 3013 2528 3084 aliquo,
2560 3014 2773 3069 violata:
2821 3014 2942 3068 ﬁdei
2974 3015 3140 3068 instar
3180 3015 3467 3070 ostendant
3507 3016 3714 3088 [oﬁ‘en-

2136 3103 2307 3175 dant].
2340 3103 2455 3159 Scit
2493 3105 2637 3159 enim
2666 3104 2944 3175 sapientiae
2982 3113 3171 3160 vestra:
3219 3104 3392 3175 pietas
3435 3107 3719 3176 singularis

2136 3196 2280 3250 illam
2311 3211 2369 3250 se
2396 3197 2732 3251 auctoritatis
2761 3197 2927 3266 ipsius
2957 3197 3100 3251 beati
3126 3195 3271 3250 Petri
3296 3198 3525 3266 apostoli
3556 3200 3716 3253 retri-

448 3286 582 3341 ἤδει
608 3289 894 3344 occasione
922 3304 1230 3354 servamus,
1277 3293 1376 3347 nisi
1404 3293 1569 3363 forte,
1600 3296 1815 3352 [mmsis
1843 3300 1895 3353 in
1926 3316 2031 3369 qua
2062 3303 2105 3364 ρ
2136 3285 2411 3340 butionem
2453 3287 2627 3341 modis
2672 3288 2924 3343 omnibus
2964 3289 3299 3354 meriturum,
3339 3303 3502 3356 quam
3528 3291 3614 3344 vel
3662 3291 3716 3344 in

447 3374 760 3433 volutantur
786 3388 1060 3448 amputata
1091 3382 1336 3450 caligine,
1385 3387 1802 3456 suprascriptam
1831 3390 1898 3445 de
1930 3390 2033 3447 ﬁde

446 3470 730 3525 veritatem
770 3472 1099 3541 pmnitentia:
1138 3477 1491 3542 competentis
1537 3478 1805 3534 voluerint
1845 3498 2033 3538 corre-

448 3559 634 3615 ctione
657 3562 883 3628 sectari;
915 3571 969 3617 et
995 3563 1262 3618 damnatis
1294 3568 1573 3633 omnibus,
1605 3585 1724 3639 qua:
1753 3581 1939 3627 contra
1970 3590 2031 3629 ea

448 3664 569 3718 qum
622 3650 828 3721 praefati
883 3654 1085 3707 sumus'
1120 3654 1431 3724 pravissima
1489 3658 1707 3728 quidam
1758 3662 2033 3731 impietate

447 3744 721 3811 dixerunt,
763 3745 1242 3815 subseriptionibus
1282 3751 1393 3804 suis
1431 3760 1484 3805 et
1533 3754 1763 3822 propriis
1812 3757 2032 3812 vocibus

449 3842 677 3892 cunctos
718 3836 1090 3891 hrcreticorum
1139 3850 1452 3909 respuentes
1497 3858 1729 3911 errores,
1773 3848 2031 3902 canonica

447 3925 650 3982 fuerint
684 3928 1018 3985 districtione
1066 3933 1342 3999 conversi;
1377 3942 1433 3988 ut
1477 3945 1604 3992 tunc
1641 3941 2041 3996 communionis

446 4032 618 4072 sacrm
657 4021 970 4091 mysterium
1008 4033 1337 4091 mereantur,
1376 4026 1502 4082 dum
1534 4030 1711 4083 omnia
1741 4047 1860 4101 quzc
1891 4048 2030 4102 prce-

446 4109 543 4164 fati
568 4126 751 4166 sumus
780 4114 1037 4169 canonica
1067 4123 1122 4169 et
1145 4118 1438 4185 apostolica
1469 4119 1800 4175 districtione
1838 4123 2031 4195 imple-

446 4203 611 4267 verit;
636 4203 761 4272 quia
790 4219 887 4258 nos
908 4206 1037 4260 nulli
1066 4209 1357 4276 corrigenti
1385 4225 1444 4265 se
1472 4212 1805 4280 paenitentiae
1853 4216 2029 4270 locum

449 4295 704 4348 convenit
728 4306 1030 4365 amputare.
1078 4298 1135 4352 In
1168 4298 1252 4355 his
1289 4315 1416 4356 vero
1466 4302 1519 4356 in
1550 4304 1742 4372 quibus
1783 4305 2029 4362 Mennam

448 4383 667 4437 fratrem
699 4393 754 4439 et.
793 4388 1174 4457 coepiscopum
1222 4399 1487 4459 nostrum,
1528 4408 1820 4449 memorem
1866 4397 2030 4453 libelli

422 4510 423 4513 η
448 4475 551 4538 sui,
585 4490 743 4543 quem
773 4477 1151 4545 prmdecessori
1181 4488 1369 4535 nostro
1398 4482 1568 4537 beata:
1598 4487 1868 4541 memoria:
1890 4489 2030 4558 Aga-

446 4576 595 4637 peto,
643 4568 998 4631 ordinationis
1030 4586 1138 4625 sua:
1176 4579 1444 4642 tempore,
1491 4583 1683 4630 vestra:
1733 4578 2030 4635 clementia:

2137 3377 2276 3433 illius
2305 3379 2612 3447 privilegiis,
2647 3380 2729 3433 vel
2762 3381 2813 3433 in
2845 3388 3029 3435 nostra
3052 3380 3240 3434 humili
3268 3389 3446 3434 vestra
3467 3397 3717 3436 servave-

2134 3470 2273 3535 ritis,
2302 3471 2413 3525 Deo
2437 3471 2590 3526 vobis
2618 3472 2910 3541 aspir-ante,
2936 3488 3187 3541 persona.
3243 3472 3465 3539 Tamen,
3497 3482 3558 3528 ut
3584 3490 3719 3529 cun-

2134 3567 2219 3615 eta
2250 3560 2503 3628 pietatem
2532 3570 2768 3616 vestram
2810 3562 3121 3630 informem,
3153 3572 3210 3619 et
3251 3564 3381 3618 nihil
3411 3581 3509 3634 pro
3538 3566 3715 3620 callidi

2133 3651 2461 3707 insidiatoris
2508 3652 2705 3707 astutia
2759 3654 2984 3708 ulterius
3023 3655 3354 3724 relinquatur
3386 3655 3714 3724 ambiguum,

2132 3742 2304 3797 beata:
2333 3742 2722 3799 recordationis
2750 3744 3164 3813 prmdecessoris
3197 3745 3366 3800 nostri
3394 3762 3545 3816 papae
3575 3746 3718 3803 Leo.

2133 3833 2238 3901 nis,
2264 3848 2383 3904 qua:
2411 3834 2637 3890 diversis
2666 3837 2733 3889 ad
2762 3835 3033 3891 Orientem
3074 3846 3197 3891 sunt
3226 3838 3430 3893 directa
3461 3841 3718 3910 tempori?

2132 3923 2234 3979 bus
2262 3924 2575 3990 constituta,
2599 3934 2799 3994 quanta
2831 3926 2899 3981 de
2935 3926 3177 3996 plurimis
3220 3927 3273 3980 in
3321 3930 3576 3997 prmsenti
3623 3944 3721 3984 ne-

2134 4016 2369 4070 cessaria
2411 4016 2757 4085 credidimus,
2800 4017 3279 4088 superadjecimus,
3322 4028 3576 4087 rogantes
3621 4036 3721 4091 per

2134 4106 2331 4178 ipsum,
2359 4108 2512 4178 cujus
2544 4125 2761 4165 causam
2788 4111 2993 4180 integre
3016 4125 3176 4179 agere
3199 4110 3464 4167 festinatis
3490 4121 3543 4168 et
3570 4115 3720 4183 cuni-

2134 4201 2204 4255 tis
2243 4199 2663 4257 Christianitatis
2692 4202 2903 4267 aﬁ'ectu,
2937 4212 2995 4257 ut
3026 4203 3274 4258 universa
3318 4204 3497 4273 legere
3543 4205 3718 4273 pietas

2133 4302 2311 4347 vestra
2359 4293 2624 4362 dignetur,
2671 4309 2740 4348 ne
2787 4293 2984 4362 aliquid
3028 4296 3261 4364 supersit
3303 4294 3447 4364 quod
3500 4294 3722 4351 minime

2134 4384 2423 4452 relegatur.
2467 4383 2592 4439 Scio
2622 4385 2762 4438 enim
2810 4385 2934 4453 quia
2965 4385 3104 4441 sicut
3152 4386 3289 4440 Deus
3342 4386 3497 4441 vobis
3546 4386 3720 4455 legem

2133 4475 2342 4529 dederit
2371 4474 2721 4537 voluntatem,
2757 4475 2826 4527 ita
2860 4484 3053 4536 cuncta
3101 4483 3412 4541 tractantes,
3456 4479 3719 4548 sapientia

2134 4569 2284 4623 vobis
2304 4568 2647 4635 singulariter
2675 4582 2704 4620 a
2736 4566 2848 4623 Deo
2877 4582 3133 4622 concessa
3162 4568 3465 4636 disponitis,
3518 4578 3576 4623 ut
3626 4587 3713 4626 nc-

447 4676 712 4717 consensu
732 4671 1069 4731 porrexerat,
1095 4674 1408 4733 sequentem
1430 4682 1616 4721 revera
1646 4669 1789 4723 εθάίε
1814 4680 2030 4739 εροειο-
2062 4671 2109 4730 ι)
2135 4675 2239 4728 que
2268 4660 2333 4715 de
2363 4660 2622 4728 religione
2649 4674 2823 4741 neque
2848 4659 2915 4713 de
2944 4659 3123 4728 aliquo
3152 4660 3462 4729 przejudicio
3493 4663 3720 4730 quilibet

447 4751 563 4806 lica:
592 4751 951 4822 disciplinam,
987 4754 1250 4808 haereticis
1282 4754 1506 4812 inferius
1526 4760 1945 4828 comprehensis,
1975 4760 2027 4813 id

449 4852 531 4895 est
566 4840 767 4896 Severo
812 4841 1165 4913 Eutychiano,
1200 4842 1359 4899 Petro
1398 4845 1699 4918 Apameno,
1747 4847 2023 4912 Anthimo,

422 4932 542 5000 qui
591 4933 754 4985 etiam
809 4931 1103 4988 Ecclesium
1157 4932 1807 5006 Constantinopolitanam
1864 4954 2026 5009 prava

448 5022 740 5077 ambitione
767 5032 1095 5092 pervaserat,
1127 5023 1344 5091 Xeneze,
1369 5027 1462 5081 sed
1492 5035 1547 5081 et
1570 5027 1870 5083 Theodosio
1898 5029 2026 5084 Alo-

448 5115 733 5180 xandrino,
758 5125 813 5171 et
841 5116 1194 5173 Constantino
1222 5117 1558 5185 Laodicensi,
1593 5131 1753 5192 atque
1792 5124 2026 5178 Antonio

450 5206 785 5266 Versentano
811 5208 1155 5281 Eutychianae
1178 5211 1413 5276 hmresis,
1440 5214 1533 5268 sed
1561 5224 1615 5270 et
1638 5214 1914 5282 Dioscoro,
1937 5216 2027 5283 qui

448 5302 501 5355 in
532 5299 959 5356 Chalcedonensi
1007 5301 1213 5372 synodo
1254 5304 1394 5358 inter
1440 5305 1575 5359 alios
1621 5305 1818 5373 legitur
1864 5306 2028 5360 fuisse

445 5392 750 5457 damnatus,
791 5400 847 5447 et
888 5392 1260 5449 defensoribus
1306 5406 1468 5463 atque
1518 5396 1838 5464 sequacibus
1889 5410 2026 5449 ana-

447 5487 627 5542 thema
657 5485 858 5542 dixisse
885 5485 1056 5555 pietas
1085 5495 1261 5541 vestra
1291 5485 1564 5541 mandavit
1589 5503 1601 5538 :
1634 5487 1685 5540 in
1714 5486 1859 5540 nullo
1877 5501 1904 5538 a
1927 5502 2028 5540 no-

444 5578 528 5633 bis
548 5577 761 5648 quidem
784 5578 1008 5634 moleste
1024 5579 1309 5647 suscipitur
1330 5593 1360 5632 a
1381 5577 1635 5647 praedicto
1657 5576 1820 5631 fratre
1842 5586 2027 5632 nostro

445 5670 533 5734 vel
560 5684 593 5723 a
618 5670 858 5738 quolibet
879 5670 985 5724 aiio
1017 5670 1071 5723 in
1116 5669 1398 5723 btereticos
1423 5668 1565 5721 dicta
1592 5668 1898 5723 damnatio:
1931 5666 2028 5721 sed

446 5768 502 5815 et
530 5760 757 5816 libenter
784 5760 1177 5829 amplectimur,
1205 5768 1260 5812 et
1282 5757 1422 5812 sedis
1451 5758 1759 5827 apostolica:
1788 5758 2025 5812 auctori-

447 5860 555 5906 tate
581 5851 869 5913 lirmamus,
902 5850 1190 5918 complices
1217 5849 1593 5915 damnatorum
1611 5847 1765 5915 simili
1796 5849 2022 5914 anathe-

447 5944 604 6000 matis
651 5944 858 5999 ultione
909 5941 1232 6013 plectentes;
1275 5956 1339 5996 er.
1388 5940 1635 5997 videlicet
1685 5940 1912 6009 ratione,
1965 5948 2022 5997 ut

2138 4752 2370 4817 ﬁdelium
2400 4754 2740 4811 sacerdotum
2769 4754 2938 4823 possit
2968 4754 3017 4807 in
3049 4754 3283 4822 qualibet
3321 4765 3474 4824 parte
3503 4758 3711 4811 vexari.

2137 4842 2425 4897 Rationem
2480 4844 2563 4897 his
2614 4844 2774 4912 igitur
2827 4846 3009 4915 (prout
3055 4844 3472 4899 Christianitatis
3527 4853 3722 4901 vest-as

2135 4935 2391 4993 meritum
2441 4935 2792 5003 postulabat),
2844 4936 3158 5004 inquantum
3203 4936 3485 5001 valuimus,
3538 4937 3718 4991 reddi-

2135 5026 2277 5079 disse
2303 5024 2559 5088 suﬁiciat;
2609 5025 2853 5093 quamvis
2896 5042 2994 5079 nos
3036 5026 3168 5081 nihil
3207 5036 3394 5081 contra
3421 5028 3720 5099 synodalia,

2136 5116 2223 5170 vel
2252 5115 2710 5185 praedecessorum
2750 5124 3057 5175 nostrorum
3087 5114 3374 5184 praesulum
3405 5119 3547 5173 sedis
3588 5133 3721 5187 apo-

2137 5208 2340 5262 stolicae
2370 5209 2679 5272 constituta,
2712 5216 2806 5261 aut
2833 5208 3166 5264 commisisse
3198 5208 3414 5278 aliquid,
3459 5218 3551 5264 aut
3598 5218 3721 5264 ten-

2142 5307 2286 5352 tasse
2314 5298 2621 5367 quisquam,
2666 5299 2793 5355 licet
2830 5306 3035 5353 astutus
3082 5308 3136 5353 et
3183 5299 3411 5363 subtilis,
3460 5300 3716 5355 inveniet.

2135 5387 2211 5441 Ea
2232 5403 2361 5445 vero
2388 5403 2510 5457 qua)
2538 5387 2658 5441 lidei
2688 5387 2968 5441 catholicae
2998 5388 3084 5442 vel
3109 5389 3303 5447 anima:
3338 5397 3532 5444 nostra:
3556 5405 3721 5459 expe-

2134 5476 2288 5531 diunt
2318 5477 2406 5545 (de
2433 5493 2563 5545 qua,
2586 5477 2725 5532 sicut
2748 5479 2894 5532 novit
2927 5480 3100 5549 pietas
3122 5488 3323 5543 vestra,
3346 5489 3400 5534 et
3424 5497 3519 5550 pro
3547 5497 3722 5537 sacci-

2133 5567 2298 5622 dotali
2322 5567 2521 5633 ofﬁcio,
2552 5575 2605 5623 et
2634 5584 2734 5638 pro
2764 5570 3146 5638 multiplicibus
3188 5571 3439 5640 prtestiu's
3484 5572 3719 5628 clemen-

2132 5663 2222 5719 tiae
2247 5671 2453 5727 vestras,
2485 5677 2701 5721 causam
2751 5662 2870 5733 plus
2899 5662 3018 5718 aliis
3045 5662 3219 5721 habeo
3248 5663 3540 5731 cogitandi)
3590 5679 3717 5733 sug-

2131 5768 2319 5823 gerere
2346 5770 2454 5807 non
2492 5750 2704 5809 omitto.
2737 5754 3004 5823 Imprimis
3026 5756 3410 5825 supplicantes,
3468 5764 3523 5809 et
3552 5756 3719 5825 ipsius

2129 5847 2273 5911 beati
2304 5847 2447 5913 Petri
2499 5850 2730 5918 apostoli
2760 5865 2918 5917 quem
2943 5850 3182 5917 diligitis,
3212 5849 3581 5904 intercedente
3615 5850 3719 5903 suf-

2126 5941 2316 6011 fragio,
2351 5941 2682 6012 postulantes
2705 5950 2762 5997 ut
2788 5958 3000 6015 semper
3026 5943 3093 5997 ad
3123 5944 3259 5999 hanc
3287 5943 3470 6000 sedem
3493 5953 3713 6015 apost04
