4042 6456
275 419 343 475 25
1465 408 1820 466 EPISTOLZE
1859 409 1948 465 ET
1987 407 2323 465 DECRETA.
3466 401 3533 456 26

276 532 435 585 licam
479 542 580 598 pro
597 518 946 597 disponendis
975 524 1276 594 reipublicae
1305 531 1495 578 vestrze
1527 526 1849 602 utilitatibus
1884 532 1927 592 Α
1963 527 2016 580 in
2045 523 2326 579 luereticos
2354 521 2576 577 inferius
2606 519 3048 588 comprehensos,
3075 518 3126 573 id
3155 524 3236 572 est
3268 517 3321 572 in
3365 515 3532 571 Seve-

278 619 629 682 orthodoxas,
657 626 712 672 et
739 617 848 671 Deo
873 616 1118 686 placitas,
1160 623 1215 669 et
1255 628 1446 682 rugam
1478 623 1570 668 aut
1596 616 1859 669 maculam

278 711 401 766 ﬁdei
449 725 558 764 non
605 709 882 773 habentes,
930 707 1218 776 dignemini
1266 706 1534 762 destinare
1579 721 1859 777 personas,

278 818 378 873 per
407 815 544 872 quas
572 808 628 854 et
655 815 718 854 ea
743 813 862 868 qua:
907 799 1120 871 publico
1141 807 1324 852 vestro
1353 797 1678 851 conveniunt
1718 795 1863 850 salu-

279 895 450 949 briter
495 891 832 957 ordinentur,
885 899 940 944 et
990 905 1090 960 pro
1129 890 1321 943 anima:
1368 896 1560 942 vestrm
1613 885 1864 941 mercede

280 984 562 1039 catholicae
582 981 874 1051 disciplinae
903 982 955 1035 in
984 981 1130 1035 nullo
1158 981 1509 1036 conturbetur
1535 980 1816 1047 integritas
1846 997 1860 1031 :

282 1085 345 1131 ut
374 1076 609 1130 universi
640 1089 828 1129 revera
858 1073 991 1127 illud
1019 1073 1207 1141 gratiae
1244 1073 1480 1127 caelestis
1511 1087 1704 1125 munus
1728 1071 1870 1139 jam,

283 1168 423 1221 sicut
451 1173 505 1219 et
542 1165 826 1230 credimus,
861 1164 1116 1234 pietatem
1146 1171 1376 1218 vestram
1424 1161 1625 1216 habere
1666 1174 1865 1227 cogno-

285 1263 458 1321 scant,
491 1254 650 1324 quod
681 1255 937 1308 Salomon
974 1254 1150 1307 adhuc
1201 1269 1232 1307 a
1276 1252 1504 1307 Domino
1534 1252 1864 1320 postulabat,

284 1345 475 1399 dicens
504 1363 517 1396 :
551 1342 712 1397 llabis
733 1360 876 1397 servo
901 1353 984 1397 tuo
1004 1359 1093 1397 cor
1121 1344 1319 1407 audire,
1359 1352 1408 1395 et
1435 1343 1676 1412 judicare
1701 1358 1868 1411 popu-

286 1434 393 1485 lum
424 1441 564 1484 tuum
591 1434 643 1485 in
667 1432 892 1501 jusfitia,
916 1442 962 1484 et
993 1431 1278 1502 intelligere
1305 1432 1439 1484 inter
1467 1432 1659 1484 malum
1702 1440 1749 1484 et
1788 1431 1872 1484 b0-

286 1539 409 1574 num
441 1521 562 1593 (III
593 1521 722 1592 Reg.
754 1521 854 1589 ιιι).
886 1520 953 1575 Et
988 1521 1112 1591 quia
1141 1537 1237 1590 per
1267 1521 1429 1574 lilium
1477 1530 1716 1576 nostrum
1765 1521 1872 1576 Do-

287 1612 548 1667 minicum
577 1611 924 1680 praesentium
951 1611 1266 1680 portitorem
1297 1612 1538 1680 quaedam
1562 1613 1730 1666 verbo
1757 1626 1876 1681 sugé

288 1701 528 1770 gerenda
577 1701 985 1768 mandavimus,
1033 1717 1314 1771 speramus
1368 1710 1427 1756 ut
1470 1718 1555 1771 ea,
1604 1703 1875 1773 aspirante

287 1794 446 1848 vobis
472 1793 717 1857 Domino,
748 1800 803 1847 et
822 1793 1052 1848 libenter
1073 1793 1261 1848 audire
1291 1794 1598 1862 dignemini,
1619 1803 1674 1849 et
1699 1795 1875 1848 maxi-

1961 631 2079 672 rum
2125 613 2540 680 Antiochenum,
2587 611 2804 666 Petrum
2847 609 3196 681 Apamenum,
3228 607 3540 663 Antbimum

1963 719 2179 775 quoque
2216 717 2565 774 pervaserem
2617 697 3226 768 Constantinopolitanae
3271 694 3539 759 Ecclesiae,

1966 805 2020 850 et
2050 794 2414 850 Theodosium
2467 790 2840 846 Alexandrinae
2877 787 3132 854 civitatis,
3183 801 3284 840 nec
3329 801 3438 840 non
3490 791 3545 838 et

1963 885 2395 947 Constantinum,
2420 890 2582 951 atque
2618 880 2911 935 Antonium
2939 877 3328 933 Versentanum
3376 873 3546 944 Euty-

1965 977 2170 1032 chiana:
2198 974 2436 1040 haeresis,
2468 972 2562 1027 sed
2590 980 2643 1026 et
2670 970 3005 1034 Dioscorum,
3049 967 3140 1039 qui
3172 967 3224 1020 in
3248 964 3548 1019 Chalcedo-

1966 1069 2121 1124 nensi
2142 1067 2347 1139 synodo
2370 1068 2511 1120 inter
2539 1065 2674 1118 alios
2695 1063 2889 1131 legitur
2912 1061 3074 1115 fuisse
3095 1060 3397 1121 damnatus,
3421 1070 3542 1110 cum

1968 1159 2338 1214 defensoribus
2378 1167 2538 1226 atque
2565 1154 2883 1225 sequacibus
2904 1154 3189 1207 anathema
3229 1151 3428 1205 dixisse
3453 1165 3548 1203 co-

1969 1253 2271 1320 gnovimus,
2322 1251 2376 1304 in
2410 1249 2604 1319 quibus
2631 1264 2738 1302 non
2779 1246 2978 1315 aliquid
3023 1259 3221 1299 novum
3267 1241 3546 1297 sententiae

1970 1342 2099 1397 olim
2128 1355 2158 1395 a
2186 1341 2433 1394 Patribus
2461 1339 2690 1393 decreL'e
2719 1337 2965 1406 junxisti,
2999 1351 3099 1390 nec
3128 1335 3321 1389 talibus
3347 1347 3551 1403 praesu-

1969 1430 2111 1485 libus
2134 1430 2281 1484 beati
2318 1429 2463 1484 Petri
2492 1429 2703 1483 vicariis
2743 1428 2793 1481 in
2823 1434 3072 1481 auctores
3099 1427 3360 1478 haeresum
3409 1424 3553 1492 ipsa-

1971 1536 2091 1576 rum
2123 1518 2245 1574 data
2268 1518 2536 1574 sententia
2565 1518 2780 1588 penitus
2809 1516 3102 1586 indigebat,
3134 1514 3258 1584 quia
3289 1513 3378 1581 qui
3401 1512 3553 1566 dam-

1974 1619 2114 1665 nata:
2153 1611 2421 1665 haereseos
2465 1617 2702 1664 sectator
2740 1608 3066 1676 agnoscitur,
3114 1621 3221 1660 non
3250 1613 3457 1659 tantum
3485 1620 3554 1665 ex

1977 1700 2190 1756 novella
2230 1700 2373 1768 lege,
2419 1699 2513 1755 sed
2553 1715 2623 1753 ex
2671 1699 2783 1768 ipsa
2810 1697 2921 1767 jam
2951 1699 3186 1752 auctoris
3227 1698 3308 1752 sui
3335 1696 3555 1751 damna-

1978 1791 2126 1844 tione
2155 1789 2433 1858 perculsus
2463 1796 2563 1853 est,
2589 1796 2739 1856 grate
2767 1787 3054 1842 admodum
3091 1796 3146 1841 et
3184 1787 3412 1840 libenter
3441 1800 3556 1838 am-

288 1897 380 1937 me
424 1897 544 1951 quae
577 1882 956 1938 ecclesiasticae
1003 1884 1142 1954 paci,
1167 1899 1232 1938 ac
1285 1883 1479 1939 dehinc
1515 1885 1879 1951 generalitatis
1908 1887 1956 1946 B
1982 1881 2288 1950 plectimur,
2322 1889 2378 1936 et
2416 1881 2754 1937 auctoritatis
2783 1880 2928 1935 sedis
2968 1880 3296 1950 apostolica},
3349 1879 3435 1934 cui
3462 1894 3561 1932 nos

291 1973 463 2040 quieti
490 1970 768 2041 profutura
797 1980 943 2038 sunt,
973 1979 1232 2028 consueta
1256 1971 1660 2027 Christianitate
1682 1981 1739 2027 et
1759 1989 1881 2044 pro-

294 2065 528 2118 videntia
557 2063 850 2134 diponatis.

533 2172 863 2234 EPISTOLA
897 2173 1040 2245 (olim
1068 2174 1136 2244 γ)
1169 2173 1393 2229 VlGlLll
1426 2173 1630 2231 ΡΑΡᾹΞ

911 2284 976 2320 AD
1016 2284 1249 2322 ΜΕΝΝᾹΜ.

296 2377 763 2456 Gratulatur_eum
804 2379 1362 2456 Iit-ereticis‘da‘nma‘tis
1408 2392 1618 2456 sanctas
1663 2392 1882 2456 quatuor

369 2448 677 2523 univerr'tles
697 2448 920 2523 synodos
941 2450 1178 2520 amplecti
1202 2466 1219 2502 :
1248 2450 1313 2503 ab
1342 2453 1526 2506 haeresi
1572 2448 1881 2523 resipiscen-

369 2527 446 2570 tes
465 2518 645 2571 debere
673 2519 829 2588 recipi
837 2558 852 2579 .

373 2609 731 2664 Dilectissimo
768 2609 920 2664 fratri
960 2609 1165 2664 Mennze
1194 2610 1448 2682 episcopo
1493 2611 1715 2683 Vigilius
1763 2613 1880 2684 epi—

297 2714 514 2768 scopus.

375 2789 520 2843 Licet
546 2791 812 2854 universa,
843 2798 1004 2858 prout
1049 2790 1164 2846 Deo
1204 2792 1494 2846 auxiliante
1527 2794 1796 2863 potuimus
1825 2791 1882 2849 et

298 2879 632 2934 credidimus
680 2881 954 2950 expedire,
987 2883 1205 2936 domino
1257 2884 1365 2936 lilio
1414 2893 1599 2938 nostro
1643 2885 1880 2939 serenis-

299 2973 438 3028 simo
466 2985 523 3028 et
547 2973 998 3030 Christianissimo
1037 2977 1351 3045 imperatori
1388 2977 1456 3032 de
1503 2979 1881 3035 ecclesiasticis

300 3067 478 3119 causis
506 3075 706 3121 nostra:
737 3068 1110 3121 insinuationis
1139 3084 1389 3123 sermone
1420 3072 1839 3138 suggesserimus
1864 3089 1878 3138 ;

300 3155 668 3210 necessarium
700 3165 877 3210 tamen
910 3156 1263 3224 judicavimus
1304 3167 1359 3212 et
1403 3158 1649 3212 charitati
1694 3168 1882 3214 vestrae

1982 1969 2125 2026 Deus
2152 1971 2443 2041 praesidere
2470 1972 2659 2037 voluit,
2704 1972 3111 2043 interpositione
3155 1971 3464 2024 ﬁrmamus:
3507 1976 3562 2023 et

1981 2063 2218 2118 universi
2262 2079 2450 2118 eorum
2491 2063 2802 2134 complices,
2849 2065 2934 2118 vel
2965 2080 3152 2119 omnes
3179 2063 3416 2118 haeretici
3446 2062 3562 2132 pari

1982 2153 2341 2209 damnationis
2357 2155 2638 2208 sententiae
2651 2155 3020 2223 subjacebunt.
3039 2155 3151 2211 [loc
3167 2153 3561 2220 tantummodo,

1981 2244 2122 2299 sicut
2165 2244 2476 2314 apostolicae
2523 2245 2877 2299 moderationi
2919 2247 3190 2311 convenit,
3237 2261 3336 2317 per
3382 2245 3561 2300 omnia

1982 2342 2342 2400 reservantes,
2368 2343 2428 2389 ut
2454 2335 2499 2389 si
2541 2335 2733 2403 aliquis
2756 2335 2842 2390 vel
2871 2351 3056 2390 eorum
3089 2337 3170 2390 vel
3198 2335 3561 2405 quorumlibet

1981 2425 2274 2480 errantium
2303 2423 2457 2493 quasi
2488 2425 2666 2492 agnita
2697 2425 2972 2479 catholica:
3002 2425 3123 2480 tidei
3149 2425 3372 2479 veritate
3394 2423 3566 2494 poeni-

1987 2517 2212 2570 tentiam
2243 2530 2408 2584 agens
2434 2517 2631 2571 reverti
2663 2517 2910 2583 voluerit,
2943 2525 2997 2571 et
3019 2517 3236 2572 hmresis
3265 2517 3315 2570 in
3344 2531 3447 2585 qua
3470 2531 3565 2569 vo-

1983 2607 2186 2663 lutatur
2214 2623 2397 2663 errore
2423 2616 2756 2678 contempto,
2785 2608 3071 2680 Scriptura:
3101 2624 3316 2678 quoque
3345 2606 3556 2677 profes-

1983 2699 2138 2753 sione
2191 2700 2498 2754 universam
2551 2715 2794 2754 errorum
2849 2715 3068 2754 suorum
3133 2714 3196 2753 ac
3244 2698 3564 2769 complicum

1982 2790 2316 2844 damnaverit
2343 2791 2683 2860 pravitatem,
2712 2799 2765 2844 et
2795 2790 3101 2860 apostolicae
3144 2804 3374 2858 sequens
3413 2788 3564 2842 insti-

1984 2886 2100 2930 tuta
2125 2878 2382 2932 doctrina:
2411 2880 2698 2934 anathema
2742 2879 2939 2934 dixerit
2967 2881 3015 2934 ei
3044 2879 3132 2948 qui
3161 2879 3246 2934 vel
3283 2879 3564 2949 praedictas

1985 2975 2218 3037 quatuor
2258 2969 2495 3040 synodos
2538 2972 2593 3024 in
2645 2970 2766 3025 ﬁdei
2812 2986 2972 3025 causa
3015 2987 3123 3026 non
3169 2971 3430 3039 sequitur,
3479 2969 3565 3022 vel

1982 3059 2156 3112 beatae
2180 3059 2567 3114 recordationis
2594 3060 3002 3130 praedecessoris
3056 3061 3222 3116 nostri
3252 3061 3446 3114 Leonis
3473 3075 3566 3112 ve-

1985 3148 2244 3202 nerabilia
2292 3149 2581 3203 constituta
2629 3150 2683 3203 in
2722 3149 2969 3203 omnibus
3007 3165 3112 3202 non
3164 3147 3467 3211 conﬁtetur,
3510 3155 3566 3202 et

210 3297 218 3302 .
301 3263 400 3317 per
427 3247 866 3302 Christianissimi
896 3247 987 3302 lilii
1015 3250 1183 3304 nostri
1215 3250 1721 3320 patriciiDominici
1761 3267 1880 3321 per—
1907 3255 1950 3317 c
1986 3253 2092 3291 non
2123 3238 2176 3291 in
2226 3239 2474 3293 omnibus
2495 3240 2695 3297 viribus
2723 3239 2972 3308 omnique
3001 3239 3160 3296 anil‘ni
3202 3239 3441 3307 sequitur
3467 3253 3568 3307 pu-

301 3353 492 3392 sonam
516 3339 713 3407 scripta
743 3338 1011 3406 dirigere:
1042 3340 1234 3408 quibus
1274 3356 1372 3394 nos
1417 3341 1605 3410 grandi
1645 3341 1882 3396 exsulta-

305 3429 452 3483 tione
473 3436 530 3483 et
549 3429 741 3496 gaudio
761 3430 1060 3498 suscepisse
1081 3433 1408 3500 cognoscite,
1427 3432 1569 3500 quod
1591 3431 1879 3500 Nictenam,

306 3519 978 3590 Constantinopolitanam,
1011 3521 1360 3591 Ephesinam,
1394 3532 1448 3578 et
1479 3523 1886 3579 Chalcedonen-

307 3625 422 3664 sem
449 3611 813 3666 sanctissimas
839 3613 1092 3682 synodos,
1121 3613 1174 3666 in
1201 3614 1393 3682 quibus
1423 3614 1544 3670 ﬁdei
1566 3615 1885 3670 orthodoxa:

310 3707 470 3768 atque
498 3701 808 3768 apostolicm
828 3701 1170 3756 fundamenta
1197 3713 1580 3770 monstrantur,
1606 3705 1744 3760 sicut
1768 3707 1888 3776 pol-

311 3787 620 3844 licitationis
661 3802 852 3844 vestra:
882 3799 1008 3846 tunc
1049 3792 1112 3845 ad
1153 3793 1603 3862 prmdecessorem
1644 3805 1884 3851 nostrum

309 3887 510 3933 sanctae
543 3880 933 3935 recordationis
961 3881 1257 3951 Agapctum
1300 3883 1462 3938 lectio
1489 3885 1612 3939 data
1639 3893 1886 3954 testatur,

309 3968 809 4048 inviolabilitervos
829 3972 1070 4026 asseritis
1092 3974 1382 4039 custodire,
1408 3985 1463 4030 et
1490 3977 1722 4030 maxime
1744 3977 1888 4032 beati

312 4058 511 4114 Leonis
541 4061 948 4129 prredecessoris
982 4064 1150 4117 nostri
1199 4065 1351 4133 sequi
1397 4065 1448 4119 in
1496 4067 1744 4122 omnibus
1767 4083 1890 4122 con-

310 4151 517 4207 stituta.
548 4152 685 4217 Quid
715 4161 796 4207 est
816 4153 1062 4207 charitati
1094 4163 1198 4208 tua:
1241 4156 1452 4223 dignius
1479 4158 1699 4212 honoris
1746 4158 1890 4228 quod

311 4242 617 4306 conveniat,
647 4243 747 4296 nisi
771 4259 800 4296 a
831 4242 1199 4300 Romanorum
1222 4246 1504 4315 prmsulum
1533 4263 1640 4302 non
1671 4248 1890 4302 deviare

311 4330 594 4387 doctrina?
619 4331 724 4385 Aut
749 4334 876 4403 quid
904 4335 1058 4389 nobis
1077 4335 1386 4404 jucundius,
1416 4338 1609 4406 quidve
1656 4340 1727 4394 sit
1764 4345 1889 4408 gra-

313 4421 418 4474 tius
439 4435 603 4488 quam
647 4421 766 4477 illos
791 4423 843 4476 in
867 4423 1064 4478 Christi
1085 4424 1296 4480 Domini
1321 4435 1376 4481 et
1399 4427 1693 4483 Salvatoris
1719 4431 1889 4484 nostri

295 4509 583 4581 lcbaritate
611 4512 915 4581 complecti,
945 4514 1035 4582 qui
1067 4513 1330 4582 majorum
1361 4523 1668 4571 nostrorum
1691 4526 1744 4571 et
1765 4534 1894 4587 prte-

1987 3328 2166 3396 ritate,
2213 3335 2342 3383 tunc
2390 3330 2780 3384 communionis
2828 3337 3024 3383 nostra:
3070 3330 3249 3398 (quam
3291 3328 3418 3381 nulli
3467 3342 3566 3380 nos

1984 3421 2461 3496 negareconvenit
2501 3422 2802 3493 poenitenti)
2830 3423 2928 3476 sub
2965 3421 3256 3490 apostolica
3304 3429 3566 3483 et_cano-

1986 3510 2124 3574 nica,
2152 3510 2289 3566 sicut
2318 3509 2521 3580 prmfati
2559 3527 2761 3577 sumus,
2789 3510 2983 3566 satisfa-
3005 3513 3150 3569 tione
3191 3510 3364 3565 modis
3392 3509 3565 3564 omni-

1986 3598 2087 3654 bus
2115 3608 2330 3669 agetur:
2347 3602 2470 3670 quia
2497 3601 2824 3671 Redemptor
2845 3610 3025 3655 noster
3045 3617 3152 3655 non
3170 3602 3316 3655 venit
3337 3601 3566 3670 aliquem

1986 3691 2232 3761 perdere,
2266 3690 2362 3746 sed
2391 3707 2578 3747 omnes
2605 3709 2703 3762 pro
2732 3709 2825 3748 sua
2848 3694 3045 3762 pietate
3070 3693 3294 3746 salvare.
3318 3690 3389 3745 Et
3411 3708 3566 3744 manu

1986 3780 2182 3835 domini
2212 3783 2505 3852 papaz.Dco
2530 3782 2771 3850 juvante,
2785 3797 2881 3851 per
2909 3783 3072 3851 ipsius
3092 3779 3570 3849 gratiam,Vigilius

1989 3871 2271 3941 episcopus
2299 3881 2495 3926 sancta:
2516 3871 2766 3926 Ecclesia:
2788 3873 3065 3927 catholica:
3092 3872 3237 3925 urbis
3267 3870 3449 3925 Roma:
3473 3870 3568 3922 has

1989 3961 2216 4015 schedas
2239 3961 2586 4030 epistolarum
2629 3962 3127 4031 suprascriptarum,
3159 3975 3293 4028 quas
3329 3972 3428 4026 ego
3459 3958 3569 4011 Deo

1985 4053 2210 4122 juvante
2247 4053 2461 4119 dictavi,
2492 4054 2607 4124 ipso
2637 4055 2927 4108 auxiliante
2975 4053 3200 4123 cognovi
3240 4059 3399 4120 atque
3445 4049 3571 4104 sub-

1990 4146 2198 4215 scripsi.
2230 4145 2299 4198 Et
2328 4148 2434 4200 alia
2459 4164 2615 4200 mmm
2643 4147 2949 4211 subscriptio
2995 4144 3164 4197 Flavii
3193 4141 3453 4196 Dominici
3476 4156 3572 4210 pa-

1992 4237 2146 4289 tricii.
2176 4235 2390 4290 Flavius
2439 4237 2746 4291 Dominicus
2783 4235 2862 4288 vir
2890 4234 3210 4288 clarissimus
3251 4245 3433 4286 comes
3475 4230 3572 4284 do-

1991 4326 2359 4389 mesticorum,
2411 4325 2668 4380 exconsnl
2712 4340 2774 4378 ac
2822 4324 3094 4394 patricius,
3141 4323 3237 4376 has
3277 4320 3500 4376 sebedas
3540 4334 3571 4373 a

1991 4417 2300 4470 beatissimo
2341 4425 2502 4484 atque
2552 4415 2848 4484 apostolico
2896 4429 3032 4485 papa
3076 4413 3264 4481 Vigilio
3311 4413 3365 4465 in
3409 4426 3570 4466 causa

1996 4507 2118 4560 lidei
2156 4507 2322 4561 factas
2351 4506 2416 4564 ad
2447 4506 2700 4560 domnum
2728 4515 2969 4560 nostrum
3000 4504 3356 4560 Justinianum
3397 4501 3572 4572 piissi-

314 4600 658 4655 decessorum
685 4599 826 4655 facta
855 4603 1198 4658 custodiunt?
1238 4603 1387 4659 Unde
1408 4606 1755 4674 spiritualiter
1802 4624 1891 4662 sa-
1923 4617 1972 4675 1)
1996 4612 2140 4650 mum
2163 4607 2217 4651 el
2245 4596 2751 4656 Christianissimum
2780 4598 3089 4668 principem,
3117 4596 3287 4651 sedet
3318 4593 3385 4646 ad
3425 4591 3574 4645 Men-

316 4689 548 4745 lutantes
577 4699 649 4756 te,
680 4692 975 4756 hortamur,
1001 4701 1055 4746 et
1082 4708 1184 4761 qua
1215 4710 1310 4749 nos
1332 4697 1584 4750 convenit
1612 4696 1893 4754 affectione

316 4778 649 4834 incessanter
675 4781 1016 4850 alloquimur,
1045 4793 1101 4835 ut
1152 4783 1292 4837 illius
1336 4801 1598 4851 normam,
1633 4787 1770 4839 illius
1800 4786 1894 4840 ad-

317 4871 690 4934 monitionem,
743 4870 886 4924 illius
939 4871 1099 4940 (sicut
1137 4881 1191 4926 et
1237 4874 1525 4943 promisisti
1571 4884 1625 4928 et
1664 4875 1890 4948 indicas)

317 4963 558 5030 sequaris
580 4963 632 5016 in
663 4963 908 5018 omnibus
935 4964 1245 5019 constituta.
1300 4965 1464 5020 Plena
1493 4977 1616 5021 sunt
1643 4970 1796 5022 enim
1829 4971 1895 5024 de

317 5051 555 5119 pnedicti
603 5050 1015 5120 prtedecessoris
1052 5054 1220 5107 nostri
1251 5063 1448 5108 sanctae
1479 5064 1535 5110 et
1575 5058 1895 5112 veneranda:

319 5141 712 5195 recordationis
733 5141 926 5197 Leonis
951 5143 1164 5212 scriptis
1185 5153 1379 5198 vestra:
1399 5144 1747 5200 fraternitatis
1770 5149 1897 5202 scri-

319 5231 426 5294 nia,
457 5245 577 5298 quae
606 5231 671 5284 ad
703 5231 1127 5299 pnedecessores
1157 5241 1277 5288 tuos
1316 5234 1564 5302 leguntur
1608 5238 1674 5292 ab
1703 5238 1894 5292 eodem

319 5321 586 5377 destinata
615 5321 868 5391 pontifice
906 5341 918 5375 :
966 5325 1286 5395 ibidemque,
1312 5341 1431 5395 quae
1467 5331 1663 5382 nostris
1695 5331 1897 5399 prcede-

317 5415 622 5468 cessoribus
658 5414 824 5468 vestri
870 5415 1231 5483 promiserint,
1265 5419 1590 5484 releguntur.
1645 5420 1749 5475 Sed
1781 5425 1894 5477 haec

316 5505 517 5559 dixisse
545 5505 776 5560 sutliciat
800 5524 812 5558 :
843 5507 1086 5576 Apostoli
1109 5522 1339 5576 namque
1363 5525 1540 5565 sermo
1562 5521 1685 5566 ante
1705 5515 1892 5569 oculos

319 5603 535 5650 nostros
563 5603 666 5655 est.
687 5597 778 5665 qui
807 5596 937 5652 dicit
961 5616 973 5650 :
994 5598 1320 5668 Sapientiam
1349 5601 1604 5661 loquimur
1621 5604 1754 5656 inter
1775 5621 1895 5674 perv

319 5686 477 5751 {actos
520 5684 575 5755 (ι
609 5684 729 5740 Cor.
774 5686 836 5756 ι).
884 5686 961 5742 De
1003 5687 1086 5742 his
1111 5703 1242 5743 vero
1277 5688 1472 5757 quibus
1509 5696 1561 5744 te
1601 5706 1893 5747 memorem

317 5776 483 5834 libelli
516 5793 676 5848 quem
701 5780 1066 5851 suprascripto
1102 5782 1479 5852 prtedecessori
1524 5793 1708 5840 nostro
1739 5787 1896 5840 tradi-

322 5870 500 5938 deras,
545 5878 602 5928 et
639 5878 929 5943 sequentes
969 5872 1278 5944 apostolica:
1306 5874 1596 5932 constituta
1639 5875 1893 5935 doctrina

1997 4705 2123 4744 nam
2152 4691 2322 4744 virum
2366 4692 2728 4746 beatissimum
2761 4690 3362 4760 Constantinopolitame
3400 4686 3573 4740 archi-

1995 4781 2305 4850 episcopum
2334 4782 2560 4836 civitatis
2590 4783 2849 4849 relegens,
2882 4779 3182 4843 conferens,
3198 4778 3568 4833 consentiens-

1996 4885 2100 4939 que
2144 4872 2462 4942 subscripsi,
2503 4872 2588 4926 die
2648 4889 2716 4926 xv
2761 4873 3008 4927 calendas
3054 4869 3316 4933 Octobris,
3365 4868 3572 4923 Justino

1996 4964 2112 5019 viro
2141 4966 2432 5021 clarissimo
2453 4967 2669 5022 consule
2689 4968 2858 5038 (Anno
2886 4967 3093 5021 Domini
3120 4966 3264 5032 5&0).

2203 5103 2532 5160 EPISTOLA
2571 5105 2715 5177 (olim
2759 5107 2848 5178 Vl)
2894 5106 3121 5162 VlGlLll
3159 5105 3359 5162 ΡΑΡᾹΞ

2376 5236 2445 5273 ΑΙ)
2482 5236 2751 5274 ΑῠΧΑΝΙυΜ
2789 5237 3190 5276 ΑιιιειΑτιεΝςειι.

1999 5330 2156 5387 Usum
2185 5332 2352 5402 pallii,
2382 5351 2527 5404 quem
2550 5335 2856 5402 postulabat,
2888 5336 3087 5402 differt,
3114 5334 3284 5406 quoad
3307 5333 3570 5388 certiorem

2493 5407 2649 5475 faciat
2693 5405 3070 5474 imperatorem.

2070 5515 2423 5572 Dilectissimo
2454 5517 2601 5571 fratri
2632 5517 2875 5573 Auxanio
2905 5520 3142 5587 Vigilius.

2070 5608 2279 5677 Scripta
2308 5607 2374 5662 de
2420 5607 2752 5662 ordinatione
2797 5609 3072 5664 charitatis
3115 5617 3322 5677 vestrm,
3367 5609 3570 5666 Joanne

2001 5700 2109 5755 ﬁlio
2139 5708 2323 5755 nostro
2352 5701 2683 5770 presbytero,
2714 5702 2805 5754 sed
2835 5710 2888 5755 et
2918 5700 3147 5756 Tercdio
3173 5701 3398 5756 diacono
3424 5701 3570 5756 dete-

1997 5791 2258 5856 rentibus,
2279 5807 2398 5846 cum
2425 5793 2584 5847 animi
2605 5793 2823 5861 spiritali
2846 5793 3198 5859 gratulatione
3219 5795 3565 5864 suscepimus,

2002 5882 2224 5941 Domino
2253 5885 2447 5954 gratias
2474 5884 2786 5953 referentes,
2810 5882 2932 5953 quia
2961 5883 3062 5941 hoc
3087 5887 3138 5943 in
3168 5886 3402 5945 Ecclesia
3430 5887 3562 5942 Are-
