4018 6340
455 288 524 345 ετ
1876 277 2051 336 γιςιιμ

2158 274 2337 329 "Alﬁ-'15
3642 274 3710 329 23

454 403 640 459 latensi
669 403 863 457 factum
898 410 998 468 est,
1024 403 1169 473 quod
1199 410 1253 457 et
1282 401 1574 457 canonibns
1602 408 1655 457 et
1689 402 2030 458 decessorum
2063 399 2108 458 Δ
2136 395 2289 459 tione.
2315 394 2365 448 in
2391 394 2659 458 cltltritate,
2685 394 2737 447 in
2759 393 2882 463 ﬁde,
2914 395 2967 450 in
2989 394 3225 448 castitate
3255 390 3308 463 (Ι
3341 390 3471 446 Tim.
3502 392 3597 461 tv).
3649 392 3713 446 Et

456 504 759 550 nostrorum
788 495 986 563 regulis
1014 496 1325 550 conveniret
1353 511 1367 548 ι
1396 502 1661 564 quatenus
1687 510 1753 549 ex
1783 491 2030 561 sequenti

453 586 641 641 ordine
669 584 956 641 sacerdotii
979 592 1069 639 tua
1098 583 1401 638 fraternitas
1430 584 1497 637 ad
1544 583 1863 653 pontificalis
1909 596 2033 651 pro-

452 676 742 731 veheretur
768 675 974 745 apicem
1001 673 1288 740 dignitatis,
1311 681 1367 729 et
1388 674 1576 728 divina:
1606 675 1657 728 in
1682 681 1735 728 te
1760 672 2032 727 electionis

447 768 709 839 judicium
732 766 1111 837 compleretur,
1138 766 1276 821 sicut
1314 765 1573 835 scriptum
1602 772 1715 819 est:
1748 760 1913 818 Omne
1940 762 2035 815 da-

456 870 562 915 tum
590 861 835 931 optimum
863 867 913 913 et
937 875 1087 914 omne
1133 858 1324 913 donum
1350 860 1630 928 perfectum
1652 858 1916 910 desursum
1938 864 2036 921 est,

455 951 765 1006 descendens
787 967 820 1003 a
844 948 1005 1003 Patre
1024 949 1293 1013 luminum,
1318 948 1455 1018 apud
1469 964 1614 1018 quem
1637 963 1739 1001 non
1760 954 1836 999 est
1860 954 2037 998 trans-

457 1043 672 1098 u‘tutatio
736 1057 828 1095 nec
867 1038 1234 1094 vicissitudinis
1274 1036 1594 1092 obumbratio
1625 1036 1643 1107 (
1663 1033 1845 1089 Iacob.
1879 1033 1938 1104 ι).
1971 1032 2041 1086 Et

458 1133 653 1188 iterum
681 1130 872 1187 doctor
898 1129 1135 1198 gentium
1164 1126 1438 1197 apostolus
1477 1125 1671 1179 Paulus
1718 1123 1848 1179 dicit
1879 1140 1890 1175 :
1925 1120 2039 1175 Nec

460 1224 727 1296 quisquam
755 1222 907 1275 sumit
935 1218 1034 1273 sibi
1053 1218 1320 1284 honorem,
1350 1215 1440 1269 sed
1471 1214 1557 1287 qui
1594 1221 1804 1268 vocatur
1857 1228 1890 1265 a
1935 1210 2041 1263 Deo

464 1323 705 1384 tanquam
734 1313 907 1366 Aaron
934 1308 1118 1377 (Hebr.
1142 1311 1219 1378 v).
1251 1308 1509 1378 Superest
1534 1313 1592 1359 ut
1619 1304 1779 1369 Deus,
1811 1302 1902 1374 qui
1944 1317 2045 1357 nos

462 1402 759 1458 immeritos
802 1400 1055 1456 inell‘abili
1093 1398 1454 1455 misericordia
1480 1397 1745 1453 honorem
1785 1397 2046 1451 miserans

462 1492 820 1562 pontilicalem
850 1491 1049 1545 habere
1090 1504 1188 1559 pro
1215 1504 1309 1543 sua
1357 1488 1559 1558 pietate
1584 1486 1850 1555 concedit,
1881 1485 2046 1541 donet

465 1589 519 1638 et
545 1581 843 1653 prtemium,
861 1589 920 1636 ut
943 1580 1071 1636 illud
1092 1580 1145 1634 in
1168 1580 1320 1635 nobis
1341 1579 1674 1649 compleatur
1688 1577 1829 1649 quod
1848 1577 2047 1632 Christi

468 1672 564 1729 Dei
592 1683 647 1728 et
689 1671 984 1727 Salvatoris
1030 1671 1201 1725 nostri
1247 1670 1409 1724 verba
1448 1676 1732 1733 testantur,
1776 1667 2041 1723 dicentis:

2132 486 2273 541 sicut
2301 484 2428 542 item
2456 485 2827 557 apostolorum
2848 486 3053 555 primus
3073 484 3422 539 saluberrima
3466 484 3713 539 admoni-

2133 577 2281 632 tione
2304 576 2625 647 praacipiens
2650 593 2661 629 :
2700 568 2906 630 Pascite
2924 576 3011 647 qui
3038 577 3092 630 in
3114 576 3252 630 vobis
3278 584 3355 629 est
3373 593 3577 647 gregem
3595 575 3713 642 Dei,

2133 669 2485 738 consequenti
2527 667 2905 723 adhortatione
2954 666 3230 737 subiungit
3270 685 3283 721 :
3340 666 3535 723 Forma
3583 670 3712 740 facti

2136 762 2305 832 gregis
2329 776 2396 814 ea:
2418 760 2608 824 animo,
2632 767 2682 812 et
2709 775 2822 812 cum
2852 758 3150 828 apparuerit
3168 757 3410 828 princeps
3430 766 3719 828 pastorum,

2135 854 2427 924 percipietis
2456 848 2926 906 immarcescibilem
2968 851 3153 921 gloriae
3180 866 3424 905 coronam
3461 851 3480 921 (
3505 849 3529 904 ι
3573 848 3718 903 Petr.

2136 963 2170 1002 v
2187 948 2229 1017 ).
2256 945 2313 1001 Si
2338 960 2456 1016 quae
2481 959 2611 1014 ergo
2640 944 2781 999 inter
2806 942 3002 998 fratres
3027 950 3083 998 et
3108 942 3459 1012 coepiscopos
3482 950 3718 1004 nostros,

2139 1032 2195 1093 in
2243 1038 2375 1093 locis
2422 1046 2613 1093 vestra:
2656 1036 2907 1091 charitati
2946 1034 3199 1105 prtesenti
3221 1035 3542 1091 auctoritate
3571 1050 3721 1090 eom-

2141 1131 2337 1196 missis,
2363 1130 2660 1186 seminante
2691 1128 2784 1182 illo
2813 1134 3034 1182 auctore
3059 1142 3128 1182 ex
3181 1126 3401 1194 antiqua
3445 1125 3726 1194 iniquitate

2143 1221 2398 1287 zizanias,
2422 1219 2787 1275 dissensiones
2814 1218 3156 1286 emerserint,
3180 1216 3430 1272 adhibitis
3449 1217 3726 1272 vobiscum

2142 1310 2514 1373 sacerdotibus
2538 1324 2765 1364 numero
2782 1308 3130 1377 competenti,
3161 1322 3349 1363 causas
3373 1307 3631 1363 canonica
3673 1314 3729 1362 et

2144 1398 2438 1468 apostolica
2465 1398 2720 1468 aequitate
2743 1398 3011 1463 discutite,
3040 1413 3101 1452 ea
3129 1396 3303 1453 modis
3323 1397 3571 1452 omnibus
3598 1412 3725 1467 pro-

2145 1490 2257 1546 lato
2280 1490 2485 1560 judicio
2514 1490 2737 1555 linituri,
2759 1504 2878 1559 qua:
2901 1489 3013 1544 Deo
3039 1488 3253 1558 placitis
3274 1487 3618 1543 deeessorum
3637 1502 3730 1541 no-

2146 1593 2381 1641 strorum
2406 1584 2613 1654 possint
2634 1584 2831 1651 regulis
2860 1583 3169 1639 convenire.
3214 1581 3269 1635 Si
3298 1596 3403 1650 qua
3435 1595 3561 1635 vero
3611 1594 3730 1634 cer-

2147 1674 2348 1729 tamina
2376 1681 2469 1728 aut
2487 1672 2555 1728 de
2581 1672 2843 1740 religione
2873 1672 3020 1740 fidei,|
3047 1671 3188 1740 quod
3218 1671 3360 1725 Deus
3387 1669 3612 1735 auferat,
3639 1677 3733 1723 aut

468 1762 630 1835 Euge,
662 1778 801 1817 serve
823 1761 950 1816 bone
975 1771 1023 1814 et
1048 1761 1240 1830 ﬁdelis,
1265 1761 1384 1833 quia
1402 1761 1456 1813 in
1482 1776 1646 1830 pauca
1673 1759 1816 1830 fuisti
1854 1756 2045 1828 ﬁdelis,
2076 1768 2121 1828 Β
2148 1765 2217 1820 de
2259 1764 2500 1834 quolibet
2545 1764 2789 1833 negotio,
2819 1764 2961 1834 quod
2992 1764 3065 1818 ibi
3112 1779 3211 1833 ριιο
3240 1763 3322 1818 sui
3370 1758 3733 1829 magnitudine

468 1870 626 1922 supra
667 1852 828 1905 multa
873 1861 922 1905 te
950 1852 1291 1915 constituam;
1322 1852 1461 1905 intra
1498 1852 1553 1904 in
1580 1851 1823 1921 gaudium
1850 1848 2049 1903 domini

471 1942 543 1995 tui
570 1939 780 2012 (Matth.
807 1939 963 2011 xxv);
989 1948 1043 1993 et
1064 1940 1255 1993 iterum
1281 1958 1293 1992 :
1329 1938 1455 2002 Quis
1475 1948 1627 2008 putas
1645 1946 1721 1991 est
1748 1938 1920 2010 ﬁdelis
1941 1954 2051 1993 ser-

467 2047 558 2085 vus
579 2038 627 2083 et
651 2030 900 2101 prudens,
919 2046 1064 2100 quem
1087 2030 1349 2082 constituit
1369 2028 1606 2082 dominus
1627 2045 1777 2099 super
1798 2027 2051 2098 familiam

469 2135 636 2183 utam,
666 2127 723 2171 ut
746 2119 832 2172 det
860 2119 964 2171 illis
993 2119 1046 2173 in
1076 2126 1299 2188 tmpore
1320 2119 1474 2172 tritici
1502 2119 1834 2173 mensuram?
1863 2118 2053 2173 Beatus

468 2211 557 2267 ille
582 2226 754 2266 servus
784 2227 930 2281 quem
959 2226 1071 2264 cum
1096 2210 1285 2264 venerit
1310 2210 1548 2264 dominus
1584 2212 1835 2265 invenerit
1861 2212 1934 2265 ita
1965 2212 2054 2281 {a—

470 2306 687 2359 cientem
710 2302 925 2375 (Matth.
949 2301 1117 2373 sxw).
1149 2300 1286 2356 Sunt
1314 2305 1476 2358 etiam
1520 2319 1640 2374 qua:
1676 2319 1773 2374 per
1814 2304 1905 2359 Dei
1934 2319 2056 2374 gra-

436 2404 445 2413 '
471 2395 602 2449 tiam
622 2410 784 2464 super
813 2393 1148 2449 fraternitate
1176 2402 1354 2449 vestra
1379 2394 1445 2448 ad
1475 2392 1717 2449 facienda
1756 2394 1897 2449 bona
1925 2395 2055 2449 hor-

471 2495 654 2542 tentur
680 2487 945 2556 exempla.
1000 2485 1054 2541 Si
1093 2486 1235 2541 enim
1274 2485 1571 2541 decessoris
1601 2486 1675 2539 tui
1723 2485 1833 2551 illa,
1863 2500 1983 2554 quae
2024 2499 2056 2539 a

472 2580 603 2637 sede
622 2579 918 2649 apostolica
932 2579 1001 2633 de
1022 2579 1369 2633 fundamento
1389 2577 1844 2648 petrtedominicze
1858 2576 2058 2632 doctri-

472 2686 557 2728 na:
584 2672 725 2726 bona
754 2671 1049 2740 suscipiens
1069 2671 1274 2725 actibus
1302 2669 1621 2740 exaequavit,
1650 2668 1848 2723 imitari
1874 2667 2059 2723 volue-

473 2762 571 2831 ris,
601 2770 656 2818 et
676 2778 706 2815 a
732 2761 876 2817 sedis
900 2760 1209 2831 apostolicae
1255 2761 1307 2815 in
1346 2760 1493 2815 nullo
1522 2758 1819 2814 deviaveris
1860 2757 2060 2813 consti-

474 2852 634 2917 tutis;
665 2851 806 2905 sicut
845 2851 1102 2920 scriptum
1133 2860 1254 2906 est:
1284 2849 1551 2905 Coronam
1573 2850 1690 2904 sine
1725 2848 2060 2904 dubitatione

475 2944 756 3014 percipies,
784 2958 943 3013 quam
983 2941 1135 2997 dedit
1173 2942 1315 2997 Deus
1342 2942 1682 3010 diligentibus
1724 2956 1803 2997 se.
1850 2940 1929 2996 De
1975 2940 2060 2996 his

473 3048 605 3090 vero
632 3049 751 3105 quae
773 3034 1007 3090 Charitas
1033 3042 1213 3089 vestra
1243 3042 1350 3088 tam
1380 3033 1446 3088 de
1474 3048 1575 3088 usu
1603 3033 1773 3103 pallii,
1804 3048 1964 3103 quam
1992 3032 2061 3088 de

473 3125 593 3179 aliis
620 3126 720 3181 sibi
747 3140 778 3178 a
808 3125 963 3189 nabis
1009 3123 1161 3194 petiit
1202 3123 1400 3178 debere
1440 3122 1685 3188 concedi,
1727 3121 1911 3177 libenti
1956 3122 2060 3178 hoc

476 3214 657 3269 animo
685 3213 847 3268 etiam
875 3214 929 3268 in
958 3213 1210 3284 praesenti
1238 3212 1416 3268 facere
1443 3213 1560 3268 sine
1588 3212 1844 3268 dilatione
1877 3213 2057 3285 potui-

476 3318 629 3371 mus,
659 3303 761 3359 nisi
788 3318 912 3359 cum
940 3302 1373 3358 Christianissimi
1404 3302 1607 3357 domini
1638 3302 1727 3357 filii
1767 3302 1934 3357 nostri
1963 3302 2064 3357 im-

477 3396 746 3466 peratoris
766 3396 888 3461 hoc,
917 3396 1056 3451 sicut
1076 3395 1214 3450 ratio
1243 3396 1499 3465 postulat,
1540 3396 1894 3451 voluissemus
1941 3409 2065 3465 per-

480 3484 642 3542 ﬁcere
666 3487 875 3553 notitia,
900 3487 1012 3542 Deo
1042 3496 1289 3553 auctore;
1318 3495 1377 3542 ut
1417 3497 1472 3542 et
1499 3488 1652 3544 vobis
1691 3488 1895 3558 gratior
1927 3503 2065 3557 prae-

478 3580 729 3635 stitorum
774 3595 938 3636 causa
966 3580 1239 3648 reddatur,
1283 3580 1410 3635 dum
1454 3595 1575 3651 quae
1604 3580 1915 3651 postulastis
1941 3595 2064 3635 cum

478 3684 748 3725 consensu
783 3668 1223 3727 Christianissimi
1250 3670 1506 3741 principis
1535 3670 1860 3736 referuntur,
1884 3676 1939 3725 et
1965 3685 2066 3727 nos

479 3761 743 3819 honorem
766 3762 888 3818 fidei
908 3762 1025 3833 ejus
1050 3779 1295 3819 servasse
1316 3779 1437 3819 cum
1459 3764 1787 3833 competenti
1812 3778 2066 3818 reveren-

480 3854 552 3909 tia
578 3854 896 3924 judicemur.
930 3856 1072 3912 Deus
1102 3864 1155 3912 te
1200 3856 1524 3913 incolumem
1564 3856 1851 3921 custodiat,
1901 3854 2069 3911 frater

480 3945 811 4002 charissime.
867 3947 1002 4002 Data
1049 3964 1116 4002 xv
1164 3948 1417 4004 calendas
1462 3947 1809 4014 Novembres,
1872 3948 2066 4003 iterum

480 4045 607 4107 post
645 4037 981 4094 consulatum
1035 4038 1219 4094 Basilii
1264 4039 1363 4095 viri
1410 4039 1692 4095 clarissimi
1751 4039 1925 4112 (Anno
1968 4038 2069 4095 Do-

483 4129 611 4183 mini
634 4129 667 4184 5
682 4130 781 4201 55).

697 4238 1206 4311 EPISTULA(olim
1229 4242 1351 4311 Vll)
1383 4238 1608 4296 VlGlLll
1652 4239 1854 4295 ΡΑΡΕ

1101 4375 1169 4411 ΑΙ)
1201 4374 1439 4413 Εωιυεη.

495 4469 650 4542 Vices
671 4470 748 4525 illi
777 4487 897 4542 suas
922 4472 975 4524 in
1003 4470 1177 4525 Gallia
1206 4472 1430 4542 delegat,
1461 4484 1509 4525 et
1548 4473 1697 4542 pallii
1735 4489 1885 4526 usum
1936 4488 2067 4527 con-

557 4540 712 4604 cedit,
744 4541 1026 4594 admonens
1055 4548 1111 4593 ut
1140 4558 1233 4610 pro
1262 4540 1583 4610 Aimperatore
1627 4541 1784 4595 Deum
1815 4549 1943 4606 oret,
1975 4559 2070 4609 pa-

557 4626 764 4680 cemque
789 4611 924 4683 inter
945 4612 1112 4680 ipsum
1141 4608 1202 4664 “et
1242 4608 1615 4665 Childebertum
1656 4628 1823 4683 regem
1858 4627 2069 4666 conser-

558 4688 679 4733 vare
706 4680 927 4733 studeat.

559 4770 913 4826 Dilectissimo
943 4769 1093 4826 fratri
1122 4769 1369 4826 Auxanio
1398 4772 1643 4839 Vigilius.

556 4858 706 4915 Sicut
733 4874 834 4914 nos
851 4874 949 4929 pro
975 4866 1080 4913 tuae
1098 4859 1379 4915 charitatis
1406 4858 1623 4927 affectu,
1652 4866 1708 4914 et
1730 4874 1828 4929 pro
1866 4858 2071 4927 glorio-

486 4948 680 5006 sissimi
710 4948 803 5003 lilii
834 4949 1004 5004 nostri
1029 4949 1174 5018 regis
1204 4950 1532 5004 Childeberti
1562 4949 1865 5003 Christiana
1906 4947 2071 5003 devo-

486 5043 636 5097 tione
663 5040 948 5105 mandatis,
996 5041 1144 5096 vices
1171 5049 1386 5095 nostras
1413 5040 1762 5095 libentissime
1792 5039 2071 5094 voluntate

487 5132 833 5199 contulimus,
856 5133 930 5187 ita
951 5131 1343 5187 fraternitatem
1366 5140 1511 5188 tuam
1542 5131 1794 5187 convenit
1815 5130 1927 5184 Deo
1954 5130 2072 5199 pla.

488 5223 607 5279 citis
635 5224 887 5295 operibus
916 5230 1079 5278 tantze
1098 5223 1241 5279 sedis
1270 5224 1591 5279 auctoritate
1638 5223 1799 5289 digna
1840 5238 2071 5278 conver-

487 5315 698 5369 satione
726 5314 803 5369 uti
843 5320 1005 5384 atque
1054 5314 1359 5384 disponere,
1392 5321 1452 5367 ut
1494 5313 1652 5368 bonis
1679 5312 1885 5367 actibus
1910 5313 2066 5367 inno-

489 5417 719 5470 tescens,
745 5413 953 5461 rectum
981 5405 1123 5461 circa
1151 5405 1469 5460 cbaritatem
1516 5412 1663 5459 tuam
1685 5402 1945 5473 judicium
1973 5418 2072 5457 no-

489 5502 615 5550 strze
642 5493 942 5551 dilectionis
969 5495 1240 5551 ostendas.
1266 5493 1532 5549 Convenit
1576 5494 1720 5548 enim
1749 5508 1850 5547 nos
1874 5492 2070 5548 Docto-

491 5586 568 5640 ris
602 5585 839 5656 gentium
887 5586 1140 5641 mandata
1186 5584 1447 5649 recolere,
1497 5584 1691 5651 quibus
1729 5582 2069 5638 Timotheum

491 5664 802 5752 discipulum
830 5699 985 5737 suum
1014 5678 1457 5737 instructionibus
1483 5676 1683 5731 sanctis
1701 5675 1965 5739 hortatur,
1989 5673 2072 5727 di-

492 5789 619 5831 cens
647 5792 659 5829 :
692 5774 997 5847 Exemplum
1022 5785 1127 5828 esto
1154 5771 1386 5845 ﬁdelium
1428 5770 1480 5824 in
1513 5765 1679 5834 verbo,
1709 5767 1763 5821 in
1793 5781 2065 5821 conversa-

2152 1856 2430 1912 terminari
2457 1872 2562 1911 non
2586 1857 2774 1926 possit,
2801 1855 3097 1919 evenerint,
3130 1855 3294 1909 totius
3314 1852 3554 1908 veritatis
3583 1851 3734 1906 inda.

2151 1947 2275 2015 gine
2302 1946 2540 2015 diligenti
2566 1947 2775 2002 ratione
2801 1945 3061 2012 discussa,
3109 1944 3389 2000 relationis
3412 1943 3477 1997 ad
3515 1959 3615 1999 nos
3642 1957 3731 1996 se-

2154 2039 2289 2094 riem
2309 2039 2657 2105 destinantes,
2681 2040 2988 2111 apostolicae
3008 2038 3120 2093 sedi
3138 2037 3469 2093 terminanda
3489 2044 3697 2090 servate
3718 2052 3733 2091 :

2155 2137 2215 2184 ut
2242 2128 2504 2183 universis
2542 2143 2571 2182 a
2604 2127 2936 2184 fraternitate
2966 2134 3142 2184 vestra
3170 2127 3497 2197 competenti
3527 2126 3736 2180 ratione

2155 2217 2447 2287 dispositis,
2472 2233 2578 2287 pax
2597 2234 2715 2288 qua:
2742 2218 3035 2274 Salvatoris
3064 2234 3195 2273 voce
3218 2218 3413 2274 collata
3436 2225 3519 2272 est
3547 2215 3738 2271 Eccle-

2155 2308 2248 2363 siae
2276 2308 2395 2373 Dei,
2424 2324 2542 2379 qua:
2564 2325 2668 2363 una
2699 2316 2781 2363 est
2810 2310 2864 2364 in
2897 2317 3010 2365 toto
3041 2310 3172 2365 orbe
3193 2308 3402 2373 dill'usa,
3450 2308 3623 2363 stabili
3650 2307 3740 2360 lir-

2158 2402 2349 2456 mitate
2395 2412 2660 2468 servetur,
2692 2418 2791 2458 nec
2838 2403 3041 2471 antiqui
3072 2403 3242 2457 hostis
3271 2402 3439 2471 possit
3466 2403 3739 2457 taxatione

2158 2491 2358 2556 vexari,
2406 2491 2461 2546 in
2490 2492 2631 2548 illius
2669 2501 2835 2562 petra:
2872 2492 3068 2548 Christi
3099 2493 3191 2548 Dei
3236 2493 3444 2547 Domini
3470 2501 3524 2547 et
3546 2492 3739 2546 Salva-

2158 2581 2292 2635 toris
2338 2581 2506 2635 nostri
2537 2584 2811 2637 ercctione
2858 2583 3064 2637 firmata
3095 2584 3384 2639 stabilitate
3426 2584 3736 2653 persistens.

2158 2668 2285 2738 Quae
2307 2680 2497 2727 cuncta
2525 2680 2585 2727 ut
2605 2672 2911 2728 fraternitas
2934 2682 3112 2729 vestra
3142 2675 3332 2730 melius
3358 2690 3455 2744 per
3480 2675 3573 2730 Dei
3613 2690 3737 2744 gra-

2159 2763 2286 2817 tiam
2335 2764 2505 2834 possit
2555 2765 2799 2834 implere,
2832 2766 3096 2822 universis
3142 2767 3429 2837 episcopis,
3466 2768 3657 2837 quibus
3686 2775 3740 2822 te

2158 2866 2389 2923 praeesse
2416 2854 2705 2923 voluimus,
2736 2856 3073 2911 auctoritatis
3102 2865 3298 2911 nostra:
3323 2864 3407 2913 est
3458 2858 3597 2912 serie
3640 2858 3739 2912 de-

2158 2941 2442 2999 claratum.
2489 2943 2675 3000 Nullus
2721 2959 2849 3014 ergo
2896 2946 2963 3001 de
3008 2946 3346 3017 pontificibus
3390 2957 3491 3003 tua:
3525 2963 3623 3018 per
3643 2948 3742 3003 bas

2159 3030 2304 3087 vices
2333 3033 2660 3090 ordinationi
2683 3036 3004 3101 commissis,
3031 3037 3170 3092 sicut
3197 3044 3253 3092 et
3294 3037 3363 3093 ad
3389 3053 3485 3093 eos
3508 3038 3632 3093 data
3660 3039 3744 3092 Iov

2161 3123 2343 3191 quitur
2388 3132 2574 3179 nostra
2602 3127 2914 3196 praeceptio,
2973 3126 3026 3180 in
3073 3126 3379 3198 longinquis
3417 3126 3745 3196 quibuslibet

2162 3213 2296 3286 locis
2332 3214 2532 3270 audeat
2576 3216 2864 3287 proficisci,
2898 3217 3000 3271 nisi
3027 3217 3254 3272 solemni
3279 3232 3450 3283 more,
3480 3217 3617 3271 sicut
3643 3217 3743 3272 de-

2162 3319 2378 3361 cessore
2404 3313 2591 3362 nostro
2612 3306 2884 3363 decessori
2912 3314 3096 3362 vestro
3121 3306 3372 3362 similiter
3414 3305 3746 3361 concedente

2162 3403 2574 3465 Consueverant,
2606 3394 2892 3453 formatam
2911 3405 3105 3452 vestra:
3152 3397 3428 3452 charitatis
3454 3399 3743 3467 acceperit.

2162 3484 2392 3556 Oportet
2436 3501 2565 3557 ergo
2616 3487 3014 3543 fraternitatem
3069 3496 3305 3544 vestram
3360 3488 3748 3545 incessantibus

2162 3578 2644 3649 supplicationibus
2664 3578 2777 3634 Deo
2802 3587 2987 3634 nostro
3008 3593 3199 3649 preces
3217 3576 3508 3643 effundere,
3536 3579 3750 3633 utdom-

2167 3684 2264 3725 nos
2286 3668 2425 3724 filios
2451 3677 2688 3736 nostros,
2713 3670 3163 3728 clementissimos
3182 3672 3468 3742 principes,
3497 3669 3752 3727 Iustinia-

2164 3772 2292 3811 num
2322 3764 2485 3828 atque
2507 3756 2876 3825 Theodoram,
2906 3774 3003 3813 sua
3029 3774 3246 3829 semper
3272 3760 3605 3830 protectione
3652 3776 3752 3816 cu-

2166 3850 2365 3906 stodiat
2390 3867 2402 3903 :
2436 3851 2526 3920 qui
2554 3866 2653 3921 pro
2682 3850 2766 3906 his
2786 3859 2979 3907 vestra:
3007 3852 3257 3908 charitati
3309 3852 3646 3920 mandandis,
3698 3861 3758 3907 et

2168 3950 2495 4011 suggerente
2516 3942 2907 4011 gloriosissimo
2932 3951 2985 3998 et
3005 3944 3456 4000 excellentissimo
3500 3944 3553 3997 til
3574 3958 3608 3997 ο
3652 3958 3756 3995 ηο-

2168 4040 2285 4089 stro
2333 4033 2559 4103 patricio
2600 4032 2878 4101 Belisario,
2932 4050 3031 4103 pro
3081 4049 3189 4104 quo
3215 4034 3343 4088 item
3381 4050 3478 4089 vos
3506 4033 3761 4088 convenit

2168 4138 2415 4185 exorare,
2442 4123 2531 4193 pia
2560 4123 2900 4193 prmbuerunt
2925 4123 3212 4178 devotione
3239 4137 3586 4179 consensum.
3612 4119 3755 4175 Hor-

2171 4220 2351 4267 tamur
2379 4226 2613 4281 quoque,
2639 4218 2700 4265 ut
2726 4212 3048 4267 sacerdotali
3070 4228 3236 4286 opera
3260 4213 3400 4267 inter
3437 4211 3761 4281 gloriosissi-

2170 4315 2317 4354 mum
2343 4300 2512 4353 virum
2553 4298 2957 4355 Childebertum
2986 4316 3188 4371 regem,
3219 4302 3313 4357 sed
3352 4310 3408 4357 et
3434 4300 3759 4356 antedictum

2172 4393 2646 4448 clementissimum
2683 4392 3005 4462 principem,
3053 4400 3328 4461 concepta:
3367 4392 3550 4459 gratia:
3595 4391 3763 4446 docu-
3821 4373 3831 4384 ’

2099 4518 2147 4578 D
2174 4496 2356 4542 menta
2385 4494 2608 4557 paterna
2636 4485 3014 4540 adhortatione
3045 4484 3288 4539 servetis.
3314 4482 3458 4538 Bene
3485 4482 3630 4536 enim
3657 4482 3763 4536 Do-

2174 4576 2303 4631 mini
2352 4584 2407 4630 et
2453 4575 2751 4631 Salvatoris
2799 4575 2989 4643 nostri,
3011 4590 3131 4645 quae
3158 4574 3368 4644 populis
3390 4573 3762 4643 praedicamus,

2175 4664 2426 4718 mandata
2454 4672 2580 4719 ante
2609 4665 2796 4720 oculos
2840 4666 3157 4730 retinemus,
3212 4664 3406 4734 quibus
3450 4663 3564 4718 ait:
3615 4663 3762 4718 Beati

2175 4757 2405 4828 paciﬁci,
2437 4758 2679 4827 quoniam
2706 4756 2807 4825 ﬁlii
2856 4756 2955 4810 Dei
2984 4756 3301 4811 vocabuntur
3330 4757 3542 4827 (Matth.
3566 4757 3643 4827 v).
3697 4755 3767 4808 Et

2177 4848 2299 4918 quia
2323 4848 2481 4915 digna
2511 4845 2777 4900 credimus
2796 4846 3006 4900 ratione
3029 4846 3310 4914 compleri,
3341 4854 3400 4900 ut
3422 4846 3599 4915 agenti
3621 4845 3766 4900 vices

2178 4944 2391 4992 nostras
2417 4935 2566 5005 pallii
2595 4950 2701 4989 non
2730 4933 2872 4988 desit
2898 4941 3153 5000 ornatus;
3184 4950 3340 4990 usum
3370 4936 3466 4991 tibi
3494 4935 3629 5004 eius,
3686 4935 3732 4988 si
3754 4964 3766 4974 -

2176 5037 2267 5085 cut
2294 5028 2565 5083 decessori
2591 5035 2683 5083 tuo
2708 5027 3069 5098 praedecessor
3089 5034 3271 5082 noster
3293 5036 3493 5082 sancte
3515 5027 3767 5081 recorda«

2178 5118 2334 5175 tionis
2362 5117 2713 5189 Symmachus
2734 5117 2927 5184 legitur
2948 5116 3264 5182 contulisse,
3294 5116 3436 5171 beati
3463 5115 3606 5170 Petri
3636 5130 3767 5170 san-

2176 5217 2263 5266 cta
2287 5209 2611 5265 auctoritate
2630 5208 2997 5263 concedimus.
3023 5207 3099 5261 Ea
3124 5224 3252 5264 vero
3275 5223 3393 5278 qua:
3419 5207 3487 5262 de
3516 5208 3767 5276 praesenti
3799 5226 3811 5239 -

2176 5301 2517 5358 ordinatione
2562 5308 2747 5355 nostra
2774 5300 2975 5355 directa
3004 5301 3365 5370 praeceptione
3417 5296 3767 5367 signavimus,

2177 5393 2243 5448 ad
2271 5394 2550 5449 universos
2576 5392 2860 5462 episcopos
2890 5408 2987 5462 per
3040 5392 3357 5446 cbaritatem
3409 5398 3553 5443 tuam
3607 5387 3767 5442 volu-

2176 5498 2297 5539 mus
2327 5483 2629 5553 pervenire.
2664 5483 2805 5538 Deus
2835 5492 2888 5537 te
2911 5482 3233 5537 incolumem
3282 5479 3571 5545 custodiat,
3603 5478 3770 5533 frater

2177 5580 2510 5637 charissime.
2543 5578 2677 5633 Data
2708 5595 2761 5634 si
2799 5576 3049 5633 calendas
3069 5575 3270 5641 Junias,
3303 5592 3354 5629 iv
3384 5571 3616 5646 [quater]
3644 5581 3771 5639 post

2179 5669 2515 5726 consulatum
2536 5668 2717 5725 Basilii
2739 5668 2839 5724 viri
2867 5666 3144 5725 clarissimi
3175 5666 3344 5737 (Anno
3376 5662 3583 5719 Domini
3612 5660 3762 5733 545).
