4018 6340
257 273 322 334 29
1453 283 1806 342 EPISTOLE
1837 286 1925 342 ET
1965 285 2307 343 DECRETA.
3441 297 3512 352 50

458 411 787 470 EPISTULA
813 418 957 487 (olim
986 419 1122 490 Vl")
1155 420 1382 476 VIG‘L"
1411 421 1616 478 pAPE
1859 411 1908 471 Α
1939 409 2176 456 nostram
2205 402 2448 458 discussa
2474 403 2700 459 veritate
2723 403 2956 474 perferat
2983 407 3100 464 sine
3137 407 3395 466 dilatione
3412 425 3514 466 no-

645 542 710 581 w
1933 493 2769 605 .‘i‘E‘i'1-_,§‘__qt“f.ﬁeri“est
2804 506 2864 554 υι
2887 501 3025 571 “eis
3050 501 3162 605 96.0
3189 505 3516 605 ιξτεξρίιίεξυιο

1933 583 2272 654 temporibus
2301 585 2632 644 Arelatensis
2657 590 2941 660 episcopus
2963 593 3162 648 nostris
3181 594 3388 652 vicibus
3403 595 3518 652 fun-

1931 683 2118 742 gatur;
2147 677 2362 744 quoties
2384 677 2708 746 judicaverit
2753 681 3009 751 expedire
3036 689 3096 737 ut
3121 697 3222 754 pro
3269 683 3514 742 facienda

1931 767 2304 824 consolatione
2330 771 2605 825 communi
2630 772 3006 842 episcoporum
3025 773 3262 830 debeant
3289 789 3518 846 congre-

1931 849 2044 925 gari
2073 873 2338 928 personae,
2363 859 2544 916 nullus
2565 860 2884 918 inobediens
2913 863 3030 933 ejus
3067 865 3209 921 forte
3248 866 3516 922 mandatis

1930 946 2019 1008 sit,
2044 946 2198 1016 Quod
2216 949 2262 1004 si
2284 947 2468 1017 fuerit,
2489 967 2521 1004 a
2542 954 2960 1021 congregatione
2987 953 3346 1024 suspendatur
3369 971 3384 1008 :
3411 953 3518 1009 nisi

1931 1045 2024 1092 aut
2051 1039 2345 1109 corporalis
2372 1040 2672 1107 inﬁrmitas,
2705 1051 2799 1097 aut
2817 1042 2976 1112 justas
3001 1059 3178 1099 causa:
3198 1059 3321 1100 eum
3350 1059 3516 1100 excu-

1931 1129 2071 1184 satio
2092 1129 2277 1185 venire
2302 1117 2588 1203 prohibeat
2614 1149 2626 1185 :
2651 1133 2725 1186 ita
2751 1141 2947 1200 tamen,
2972 1141 3032 1188 ut
3053 1134 3100 1191 ri
3131 1149 3210 1202 se,
3231 1135 3520 1204 quominus

1931 1227 2200 1287 occurrat,
2229 1221 2537 1277 rationabili
2563 1231 2744 1294 potest
2771 1225 3091 1295 exceptione
3117 1224 3423 1290 defendere,
3452 1225 3518 1280 ad

1931 1309 2194 1380 synodum
2225 1326 2325 1381 pro
2348 1327 2448 1368 suo
2476 1313 2781 1386 presbyteri
2809 1324 2904 1369 aut
2929 1314 3144 1371 diaconi
3171 1315 3367 1384 dirigat
3395 1316 3518 1372 loco
3544 1375 3546 1377 ,

1930 1413 2216 1471 personam
2246 1418 2260 1454 :
2293 1408 2558 1470 quatenus
2579 1417 2699 1472 quae
2726 1419 2757 1458 a
2783 1412 2968 1459 nostro
2991 1403 3196 1459 vicario
3224 1416 3522 1472 congrega-

1937 1489 2006 1544 tis
2049 1488 2304 1548 fratribus
2330 1490 2552 1547 deﬁnita
2597 1495 2862 1548 sententia
2894 1493 3093 1550 fuerint
3117 1495 3425 1562 terminata,
3452 1493 3521 1549 ad

248 1562 396 1656 ritate
414 1563 715 1656 mandare.
735 1564 1078 1656 Quapropter
1103 1568 1374 1637 cbaritati,
1405 1566 1520 1640 qua
1541 1571 1594 1626 in
1616 1571 1830 1628 Christo
1931 1582 2049 1650 ejus
2075 1585 2167 1651 qui
2195 1583 2391 1639 absens
2431 1593 2515 1640 est
2541 1600 2640 1655 per
2683 1601 2813 1641 suos
2838 1586 3102 1656 perducta
3132 1587 3381 1641 notitiam
3407 1587 3522 1642 sin-

243 1649 534 1720 iunsimur.
585 1652 874 1709 reddentes
924 1655 1176 1713 fraternis
1219 1658 1454 1729 alloquia
1483 1660 1829 1730 visitationis.
1932 1649 2060 1730 cera
2091 1649 2146 1728 et
2167 1675 2460 1730 inviolabili
2484 1649 2776 1732 stabilitate
2801 1649 3104 1732 serventur.
3152 1677 3386 1732 Necesse
3433 1688 3521 1733 est

244 1742 515 1800 hortamur
543 1753 602 1799 ut
627 1744 880 1802 adhibitis
903 1748 1178 1803 vobiscum
1199 1749 1455 1806 fratribus
1478 1759 1534 1806 et
1549 1753 1830 1822 coepisco-
1860 1790 1904 1849 Β
1933 1762 2097 1826 enim,
2130 1764 2346 1833 quoties
2372 1765 2426 1819 in
2449 1767 2667 1821 nomine
2695 1767 2904 1822 Domini
2935 1767 3053 1836 ejus
3083 1767 3265 1822 famuli
3293 1769 3360 1823 ad
3407 1777 3519 1823 tra-

245 1833 319 1903 pis
345 1836 553 1890 nostris
580 1851 808 1893 numero
828 1847 1195 1908 competente,
1227 1839 1468 1898 discussa
1496 1841 1709 1896 ratione
1737 1857 1830 1897 ca-
1860 1833 1904 1849 ⁸’
1933 1853 2126 1908 ctando
2151 1868 2268 1922 qua;
2295 1865 2422 1909 sum
2443 1856 2541 1924 ipsi
2572 1856 2768 1926 placita
2799 1833 3144 1927 εοιιίείιηιυιε,
3191 1861 3362 1914 sanari
3391 1859 3516 1930 spi-

243 1926 424 1981 nonica
474 1927 734 1996 veritate,
783 1943 847 1982 ea
901 1929 1134 2000 sapienti
1179 1931 1519 1992 ordinatione
1556 1933 1828 2004 disponat,
1929 1941 2069 1998 ritus
2094 1959 2202 2000 non
2225 1943 2416 2000 deesse
2460 1946 2820 2016 ρι-ωεεηιίειω,
2867 1926 2946 2004 ιιά
2995 1950 3138 2006 enim
3181 1949 3378 2004 Christi
3423 1926 3518 2004 ὑεῖ

241 2026 350 2081 qua
373 2014 731 2071 decessorum
760 2023 1069 2074 nostrorum
1089 2020 1414 2075 conveniant
1435 2022 1674 2090 statutis,
1697 2023 1809 2077 citae

1929 2033 2141 2093 Domini
2165 2045 2220 2092 et
2265 2014 2563 2094 Salvatoris
2593 2040 2764 2095 nostri
2813 2039 3068 2098 mandata
3097 2057 3196 2096 nos
3225 2042 3515 2105 instruunt,

239 2104 607 2201 ῐίιξεγέεῑΐτξί
639 2107 852 2166 "none
893 2110 1230 2180 PTOSPiCiens
1279 2126 1350 2166 ne
1403 2111 1638 2182 aliquem
1667 2112 1828 2169 Ῑθοίίθ
1927 2128 2122 2196 quibus
2161 2127 2275 2182 ait:
2311 2129 2411 2184 Ubi
2441 2131 2634 2201 fuerint
2659 2131 2760 2185 duo
2788 2140 2878 2185 aut
2911 2143 3013 2186 tres
3053 2134 3107 2188 in
3153 2134 3360 2188 nomine
3404 2104 3518 2190 meo

407 635 491 692 De
515 639 872 710 cognoscenda
901 657 1060 696 causa
1090 642 1397 722 Prteteztati
1417 645 1663 718 episcopi.

320 749 677 806 Dilectissimo
707 751 857 808 fratri
885 755 1130 814 Auxanio
1164 757 1406 825 Vigilius.

321 841 468 897 Licet
497 840 824 899 fraternitati
854 854 1049 901 vestrae
1091 849 1400 918 apostolica:
1437 851 1579 906 sedis
1627 851 1833 908 vicibus

254 931 541 1001 attributis,
565 948 703 1003 quas
729 935 938 992 directa
966 939 1287 994 auctoritate
1312 941 1696 1006 commisimus,
1740 957 1834 1012 ge-

253 1019 500 1076 neraliter
527 1024 920 1092 emergentium
949 1041 1235 1082 causarum
1275 1028 1348 1084 sit
1375 1028 1831 1086 discutiendarum

257 1109 492 1177 licentia;
527 1120 708 1167 tamen
735 1115 862 1182 quia
887 1115 980 1170 lilii
1027 1117 1197 1172 nostri
1245 1116 1470 1174 Joannis
1510 1120 1828 1194 presbyteri,

253 1199 338 1256 sed
365 1208 420 1258 et
441 1200 660 1257 Teredii
686 1203 922 1271 diaconi,
949 1206 1043 1275 qui
1072 1207 1139 1262 ad
1161 1223 1260 1263 nos
1285 1223 1316 1262 a
1346 1216 1436 1264 tua
1465 1209 1728 1266 charitate
1747 1210 1830 1265 di-

251 1291 376 1349 recti
403 1300 554 1356 sunt,
598 1293 668 1349 de
717 1283 1025 1352 Praetextati
1053 1311 1280 1356 excessu
1305 1307 1388 1354 est
1415 1308 1663 1370 porrecta
1693 1300 1833 1370 peti-

249 1383 338 1444 tio,
390 1384 764 1440 necessarium
808 1385 969 1441 valde
996 1388 1344 1459 credidimus,
1380 1390 1687 1460 specialiter
1710 1406 1829 1446 me-

249 1472 435 1535 morati
465 1475 678 1548 negotii
704 1477 1158 1536 examinationem
1180 1481 1433 1550 praesenti
1459 1481 1611 1538 vobis
1637 1490 1825 1541 aucto-

238 2211 301 2254 ex
319 2196 470 2295 laicis
496 2199 574 2254 ad
601 2207 846 2295 sacratos
871 2201 1090 2288 ordines
1118 2203 1259 2295 saltu
1287 2204 1549 2274 pragcipiti
1576 2205 1827 2276 cuiquam
1927 2220 2245 2290 congregati,
2270 2219 2341 2274 ibi
2369 2196 2458 2276 ero
2486 2223 2540 2275 in
2560 2222 2730 2276 medio
2753 2239 2930 2276 eorum
2956 2222 3174 2291 (Matth.
3197 2223 3516 2295 xvm).Quid

237 2289 576 2351 sacerdotum
626 2289 790 2349 liceat
840 2281 1154 2362 aggregare.
1211 2293 1356 2350 Deus
1400 2301 1454 2350 te
1499 2295 1824 2352 incolumem

237 2379 523 2450 custodiat,
581 2380 751 2436 frater
799 2382 1136 2446 charissime,
1210 2384 1344 2439 Data
1392 2385 1678 2442 undecimo
1727 2401 1824 2442 ca-

237 2470 410 2529 lendas
435 2471 651 2539 Junias,
683 2489 736 2530 iv
759 2482 886 2546 post
907 2475 1243 2534 consulatum
1295 2477 1476 2533 Basilii
1496 2478 1600 2539 viri
1627 2478 1816 2536 claris-

235 2577 363 2627 διωιφ

445 2681 792 2742 EPISTULA
821 2685 966 2757 (olim
994 2685 1088 2758 ιχ)
1121 2686 1352 2744 VlGlLll
1390 2685 1596 2747 metu

703 2812 770 2851 AD
801 2813 1075 2854 EI'ISCOPOS
1103 2815 1333 2861 caum-

232 2900 524 2978 Auxanium
546 2905 794 2978 vicarium
827 2907 962 2962 sedis
997 2908 1298 2978 apostolica:
1337 2910 1666 2964 constitutum
1710 2927 1822 2967 esse

288 2975 538 3052 n_u_ntiat,:
589 2977 736 3046 cujus
764 2979 991 3052 muneris
1031 2975 1211 3047 partes
1249 2979 1496 3047 explicat,
1544 2996 1820 3052 omnesque

287 3043 455 3097 cidem
481 3043 842 3115 obtemperare
862 3044 1028 3120 jubet.

1923 2322 2058 2377 ergo
2085 2324 2146 2364 se
2171 2311 2404 2366 aestimat
2424 2312 2747 2380 subiturum,
2774 2313 2866 2382 qui
2906 2314 3019 2369 Deo
3045 2314 3230 2370 odiosa
3260 2315 3516 2384 superbia

1924 2400 1980 2457 in
2012 2401 2102 2456 illa
2131 2405 2555 2474 congregatione
2583 2405 2846 2460 interesse
2869 2405 3186 2471 contemnit,
3217 2405 3270 2459 in
3300 2419 3407 2475 qua
3455 2419 3517 2461 se

1922 2491 2182 2550 Dominus
2225 2504 2412 2552 noster
2451 2496 2758 2552 adfuturum
2791 2498 2876 2566 pia
2908 2497 3266 2567 promissione
3301 2496 3512 2551 denun-

1923 2585 2058 2640 tiat?
2087 2585 2221 2642 Illud
2243 2589 2358 2658 pari
2384 2589 2704 2645 auctoritate
2724 2589 3064 2657 mandamus,
3111 2603 3181 2644 ne
3228 2589 3514 2658 quisquam

1921 2678 2296 2750 episcoporum
2328 2681 2444 2737 sine
2471 2683 2709 2752 pnedicti
2757 2682 2937 2738 fratris
2979 2690 3035 2738 et
3073 2680 3312 2752 episcopi
3340 2682 3514 2737 nostri

1920 2765 2152 2824 formata
2167 2769 2234 2823 ad
2249 2769 2624 2840 longinquiora
2638 2772 2754 2827 loca
2779 2771 2975 2826 audeat
2997 2769 3295 2841 proﬁcisci;
3313 2769 3513 2840 quippe

1920 2859 2048 2928 quia
2095 2866 2152 2912 et
2199 2859 2546 2914 deeessornm
2603 2871 2911 2916 nostrorum
2963 2861 3340 2918 decessoribus
3365 2859 3506 2930 ejus,

1919 2947 2114 3017 quibus
2131 2947 2279 3003 vices
2297 2964 2424 3004 suas
2446 2949 2796 3006 libentissime
2815 2951 3183 3020 contulerunt,
3208 2959 3409 3006 sanctae
3429 2951 3508 3007 sic

1921 3037 2183 3094 deﬁniunt
2205 3039 2515 3110 jussiones:
2567 3049 2628 3096 ut
2675 3042 2758 3096 his
2787 3041 3034 3097 omnibus
3061 3042 3365 3097 obedientia
3394 3042 3506 3098 Deo

289 3104 672 3196 Dilectissimis
697 3104 967 3201 fratribus,
1001 3135 1264 3192 universis
1283 3136 1549 3207 episcopis
1568 3104 1808 3195 omnium
1839 3149 1883 3212 ο
1917 3129 2116 3200 placita
2139 3131 2440 3195 custoditis,
2473 3147 2580 3202 pax
2599 3147 2720 3200 quae
2741 3147 2772 3186 a
2796 3129 3012 3186 Christo
3039 3129 3152 3185 Deo
3191 3129 3420 3184 Domino
3447 3136 3506 3184 et

232 3226 624 3292 provinciarum
647 3240 742 3295 per
761 3224 1089 3295 Gallias,qui
1115 3228 1214 3282 sub
1239 3241 1408 3296 regno
1430 3229 1513 3283 vel
1542 3237 1812 3298 potestate
1915 3219 2194 3276 Salvatore
2221 3229 2410 3277 nostro
2437 3223 2700 3293 apostolis
2741 3230 2995 3291 tanquam
3028 3221 3366 3277 lmreditario
3420 3228 3504 3276 est

231 3314 594 3381 gloriosissiini
629 3315 722 3371 lilii
753 3317 922 3372 nostri
952 3317 1282 3373 Cliildeherti
1313 3319 1454 3389 regis
1481 3318 1810 3377 Francorum

233 3401 497 3464 constituti
525 3415 670 3472 sunt,
696 3406 789 3462 sed
819 3415 872 3462 et
895 3407 980 3463 bis
1020 3409 1112 3476 qui
1143 3423 1211 3463 ex
1255 3409 1473 3478 antiqua
1522 3421 1810 3467 consuetu-

233 3494 342 3553 dine
368 3499 436 3554 ab
459 3499 769 3556 Arelatensi
791 3501 1098 3562 consecrati
1125 3511 1273 3570 sunt,
1302 3504 1388 3558 vel
1417 3515 1809 3561 consecrantur

234 3587 508 3658 episcopis,
539 3588 779 3658 Vigilius.

292 3676 559 3744 Quantum
588 3695 688 3735 nos
713 3679 894 3735 divina
940 3681 1182 3752 potentia
1232 3683 1602 3754 apostolorum
1649 3685 1806 3756 primi

234 3768 420 3834 sedem,
475 3786 590 3826 non
646 3786 746 3842 pro
799 3773 999 3827 nostris
1045 3773 1270 3838 meritis,
1303 3774 1396 3829 sed
1421 3791 1519 3844 pro
1547 3775 1808 3832 inell'abili

234 3871 330 3912 sure
353 3861 740 3916 misericordia:
766 3862 968 3932 pietate
996 3863 1202 3919 habere
1252 3865 1554 3934 constituit,
1599 3875 1805 3922 tantum

235 3961 319 4006 nos
330 3948 392 4005 de
415 3951 788 4006 universarum
812 3951 1177 4008 Ecclesiarum
1192 3954 1564 4026 dispositione,
1579 3964 1632 4010 ct
1648 3971 1802 4026 pace,

236 4045 280 4091 et
295 4047 427 4096 statu
455 4057 646 4097 curam
681 4041 882 4097 habere
903 4043 1178 4106 convenit,
1209 4060 1328 4098 cuin
1371 4045 1611 4111 gentium
1659 4045 1805 4101 dicat

235 4127 504 4198 Apostolus
535 4149 548 4186 :
585 4131 846 4187 Instantia
872 4151 986 4188 mea
1016 4135 1340 4206 quotidiana,
1369 4135 1663 4190 sollicitudo
1690 4153 1802 4192 om-

237 4225 358 4279 nium
383 4225 738 4283 Ecclesiarum
789 4228 843 4300 (Ι
865 4227 1106 4299 Cor.x1).
1155 4229 1436 4297 Quomodo
1485 4245 1615 4301 ergo
1663 4232 1803 4287 inter

238 4308 422 4372 Domini
449 4318 764 4375 sacerdotes
791 4329 976 4376 sancta
1007 4329 1062 4376 et
1110 4320 1222 4376 Deo
1253 4321 1450 4390 placita
1479 4329 1658 4390 potest
1685 4337 1803 4374 ma-

237 4413 348 4459 nere
372 4408 681 4475 concordia,
712 4409 915 4478 nisiut,
939 4410 986 4464 si
1007 4409 1229 4464 humani
1257 4410 1473 4477 generis
1510 4411 1683 4465 hostis
1703 4425 1800 4462 an-

239 4493 361 4585 tiqua
380 4500 615 4570 nequitia
630 4509 944 4556 consuetam
966 4501 1228 4556 zizaniam
1249 4501 1516 4556 seminare
1541 4501 1796 4569 voluerit,
1826 4525 1878 4585 Ι)

238 4577 279 4639 ἢ
311 4587 393 4656 qui
440 4589 741 4644 absentiam
768 4598 1009 4645 nostram
1053 4587 1194 4643 sedis
1239 4587 1550 4656 apostolica:
1591 4588 1798 4644 vicibus

237 4675 530 4746 retinendo
554 4681 818 4748 spirituali
845 4681 1017 4751 gratia
1039 4689 1415 4750 reprazsentat,
1442 4680 1653 4737 auferat
1672 4698 1794 4738 cer-

239 4765 389 4822 hmen
413 4773 698 4825 exortum?
721 4769 1066 4841 Quapropter
1084 4769 1332 4825 Auxanio
1361 4771 1513 4826 fratri
1543 4779 1598 4826 et
1618 4773 1796 4844 coepi-

236 4864 378 4926 scopo
401 4869 611 4928 nostro,
632 4860 959 4917 Arelatensis
983 4862 1218 4918 civitatis
1245 4863 1494 4932 antistiti,
1524 4865 1670 4920 vices
1694 4880 1794 4920 no-

238 4949 354 5006 ιιηε
375 4949 606 5006 charitas
634 4960 811 5006 vestra
842 4968 940 5008 nos
969 4952 1179 5009 dedisse
1199 4962 1517 5021 cognoscat;
1546 4963 1603 5008 ut
1625 4955 1669 5010 si
1690 4953 1793 5010 ali-

238 5047 341 5102 qua,
365 5042 502 5108 quod
557 5042 717 5110 absit,
748 5043 991 5099 fortassis
1020 5045 1302 5099 emerserit
1331 5046 1629 5111 contentio,
1659 5061 1792 5101 con-

237 5129 438 5193 lregatis
473 5131 547 5187 ibi
593 5129 848 5189 fratribus
891 5141 946 5188 et
989 5133 1326 5203 coepiscopis
1352 5134 1574 5202 nostris,
1598 5150 1789 5190 causas

237 5221 460 5277 ttanoaica
506 5231 564 5279 et
610 5224 908 5294 apostolica
959 5225 1282 5280 auctoritate
1330 5223 1646 5293 discutiens,
1673 5224 1787 5280 Deo

238 5305 401 5373 placita
427 5315 678 5384 aequitate
700 5315 946 5371 difﬁniat.
992 5315 1380 5371 Contentiones
1411 5330 1542 5370 vero
1569 5315 1614 5370 si
1643 5330 1782 5384 qum,

241 5410 353 5466 quas
373 5402 620 5461 Dominus
639 5405 867 5474 auferat,
891 5407 944 5460 in
973 5405 1094 5460 ﬁdei
1125 5419 1287 5460 causa
1315 5405 1662 5473 contigerint,
1691 5413 1785 5460 aut

239 5496 487 5550 emerserit
505 5494 644 5552 forte
672 5498 944 5565 negotium
973 5494 1118 5564 quod
1147 5509 1244 5565 pro
1293 5494 1663 5563 magnitudine
1699 5495 1785 5552 sui

240 5585 507 5650 apostolica:
533 5588 676 5644 sedis
713 5588 882 5657 magis
916 5586 1124 5658 judicio
1164 5585 1360 5642 debeat
1385 5585 1680 5654 terminari,
1713 5587 1782 5644 ad

295 5756 316 5785 ι
340 5753 654 5823 tegendum,
694 5752 1048 5814 Al.:nwnirns.

1913 3311 2132 3368 nomine
2160 3311 2418 3369 derelicta
2449 3313 2502 3368 in
2531 3312 2774 3369 Ecclesia
2822 3312 2938 3378 Dei,
2975 3327 3093 3381 qua:
3133 3328 3240 3366 una
3271 3319 3355 3368 est
3385 3317 3501 3366 toto

1913 3404 2046 3459 orbe
2067 3403 2279 3472 diffusa,
2307 3403 2458 3460 ﬁrma
2487 3405 2779 3461 stabilitate
2805 3413 3073 3460 servetur.
3107 3403 3246 3460 Deus
3273 3419 3370 3459 vos
3417 3405 3501 3457 in-

1909 3495 2149 3549 columes
2170 3496 2460 3560 custodiat,
2495 3488 2686 3550 fratres
2728 3493 3046 3550 charissimi.
3080 3493 3213 3547 Data
3233 3508 3288 3547 xl
3313 3491 3500 3547 calen-

1911 3583 2008 3640 das
2031 3584 2234 3649 Junias,
2263 3602 2314 3641 iv
2343 3594 2466 3656 post
2489 3586 2829 3643 consulatum
2858 3584 3040 3640 Basilii
3059 3583 3160 3640 viri
3206 3583 3491 3640 clarissimi

1911 3673 2084 3745 (Anno
2116 3676 2239 3730 Chr.
2273 3675 2426 3747 545).

2049 3835 2422 3892 DECRETUM
2455 3835 2827 3893 JL'STINIANI
2863 3835 3348 3891 IMPERATORIS.

1979 3953 2045 4008 In
2072 3955 2278 4009 nomine
2303 3952 2512 4007 Domini
2534 3951 2630 4006 Dei
2661 3951 2826 4006 nostri
2851 3950 2977 4005 Jcsu
3004 3949 3216 4005 Christi.
3257 3949 3494 4018 Impera-

1907 4053 1995 4100 tor
2021 4045 2201 4100 Ctesar
2235 4043 2452 4098 Flavius
2472 4041 2821 4102 Justinianus,
2851 4039 3194 4095 Alemanicns
3218 4049 3264 4102 η,
3294 4037 3488 4091 Gothi-

1905 4149 2019 4198 cus,
2045 4133 2355 4201 Francicus,
2385 4130 2754 4192 Germanicus,
2782 4129 3024 4194 Anticus,
3045 4125 3316 4192 Alanicus,
3342 4125 3490 4180 Van-

1903 4226 2128 4293 dalicus,
2158 4224 2461 4290 Africanus,
2492 4221 2642 4283 Pius,
2674 4219 2846 4284 Felix,
2878 4217 3143 4288 lnelytus,
3176 4215 3394 4283 Victor,
3425 4232 3491 4273 ac

1904 4316 2308 4385 Triumphator,
2341 4325 2556 4380 semper
2593 4311 2886 4376 Augustus,
2930 4307 3255 4363 beatissimis
3277 4307 3529 4377 episco-.

1902 4410 1986 4478 pis
2039 4416 2094 4462 et
2143 4404 2492 4476 patriarcbis,
2549 4401 2810 4475 Eutychio
2861 4401 3488 4471 Constantinopolitano,

1906 4497 2236 4569 Apollinario
2285 4494 2670 4557 Alexandrino,
2732 4493 2998 4550 Domiiino
3047 4491 3484 4564 Theopolitano,

1901 4587 2197 4659 Stephano,
2227 4586 2460 4655 Georgio
2481 4595 2535 4641 et
2559 4586 2818 4641 Damiano
2837 4585 3254 4654 religiosissimis
3275 4587 3488 4656 episeo-

1899 4681 1982 4753 pis
2011 4681 2180 4736 vicem
2211 4680 2494 4749 agentibus
2522 4678 2800 4734 Eustochii
2847 4679 2946 4733 viri
2988 4677 3282 4733 beatissimi
3309 4678 3474 4733 archi-

1899 4770 2136 4841 episcopi
2154 4768 2625 4840 ﬂierosolymitani
2648 4777 2701 4823 et
2725 4766 3064 4838 patriarchae,
3077 4775 3132 4822 et
3153 4765 3374 4836 reliquis
3392 4782 3482 4822 re-

1898 4862 2254 4932 ligiosissimis
2297 4861 2567 4930 episcopis
2596 4875 2665 4914 ex
2693 4857 2921 4915 diversis
2961 4856 3256 4928 provinciis
3295 4857 3349 4912 in
3381 4857 3482 4913 hac

1898 4953 2042 5020 regia
2075 4952 2205 5007 urbe
2233 4950 2568 5018 degentibus.

1967 5044 2196 5113 Semper
2220 5043 2454 5098 studium
2485 5041 2584 5096 fuit
2609 5041 2926 5096 ortliodexis
2954 5048 3009 5096 et
3051 5040 3154 5110 piis
3183 5040 3479 5111 imperato-

1893 5137 2043 5192 ribus
2068 5136 2310 5206 patribus
2337 5135 2556 5200 nostris,
2586 5149 2686 5205 pro
2716 5141 2961 5202 tempore
2999 5140 3218 5188 exortae
3246 5131 3480 5188 haereses

1893 5240 1990 5296 per
2015 5225 2487 5294 congregationem
2535 5223 3057 5292 religiosissimorum
3101 5223 3477 5292 episcoporum

1893 5323 2194 5387 amputare,
2224 5325 2282 5372 et
2320 5325 2468 5370 recta
2518 5314 2622 5371 ﬁde
2659 5316 2872 5372 sincere
2916 5315 3223 5385 pnedicata,
3252 5315 3305 5369 in
3341 5331 3476 5386 pace

1889 5418 2130 5464 sanctam
2181 5408 2275 5463 Dei
2331 5407 2627 5464 Ecclesiam
2683 5407 2978 5465 custodire.
3027 5405 3368 5478 Quapropter
3419 5417 3474 5466 et

1889 5498 2272 5557 Constantinus
2303 5500 2402 5570 pia:
2431 5500 2821 5556 recordationis
2851 5498 2980 5553 Ario
3010 5497 3034 5536 ιι
3066 5499 3474 5570 blasphemanto

1887 5597 1942 5646 et
1967 5589 2198 5657 dicente,
2243 5606 2349 5645 non
2388 5605 2508 5647 esse
2553 5589 2748 5645 Filium
2795 5588 3308 5649 consubstantialem
3359 5594 3474 5650 Deo

1958 5749 1988 5793 δ
2016 5749 2240 5808 Veteres
2261 5749 2402 5820 libri,
2433 5750 2604 5806 Arrio.
2637 5749 2726 5808 Sic
2753 5746 2924 5808 ferme
2949 5748 3146 5810 Latini.
