4042 6452
485 379 549 433 δι
1901 377 2073 434 VICIL

2173 372 2363 428 {'APJE
3669 368 3739 422 5‘2

493 492 659 557 t'atri,
690 490 781 545 sed
814 498 1136 554 creaturam,
1181 498 1233 543 et
1266 504 1329 542 ex
1361 504 1464 541 non
1498 488 1831 542 exstantibus
1863 486 2057 541 factum
2086 489 2138 548 Α
2170 492 2315 538 tanta
2348 498 2448 551 pro
2474 482 2565 537 illo
2609 482 2746 537 facta
2795 490 2875 536 est
2915 482 3285 536 haereticorum
3329 480 3741 541 circumventin.

489 594 629 645 esse,
683 582 1025 649 congregavit
1062 580 1248 634 Nicaea:
1297 596 1361 633 ex
1411 580 1638 633 diversis
1686 580 2004 633 dimeesihus
2036 588 2060 615 ἰ

491 677 764 725 trecentos
785 671 969 725 decem
1000 679 1053 724 ct
1079 680 1202 724 octo
1223 677 1439 723 sanctos
1462 668 1649 723 Patres
1677 688 1689 722 :
1720 679 1774 724 et
1800 686 1919 724 cum
1951 670 2063 738 ipse

487 762 649 815 etiam
695 761 923 817 concilio
965 762 1308 826 interfuisset,
1354 769 1407 815 et
1455 761 1742 829 adjuvisset
1783 768 1809 799 υ
1851 776 1944 815 eos
1973 760 2061 829 qui

488 850 997 905 consubstantialem
1042 850 1232 904 Filium
1278 850 1421 903 Patri
1469 848 1698 903 confessi
1742 858 1883 914 sunt,
1934 865 2063 903 con-

487 945 740 993 demnata
784 939 978 993 Ariana
1027 939 1320 1008 impietate,
1367 939 1597 993 studium
1638 939 1822 992 habuit
1859 947 2062 993 rectam

492 1028 649 1081 tidem
680 1029 940 1083 obtinere.
977 1028 1234 1097 Exposito
1263 1028 1441 1096 itaque
1469 1036 1657 1082 sancto
1685 1029 1948 1099 symbolo,
1978 1027 2063 1081 vel

490 1120 815 1172 mathemate
839 1119 978 1179 fidei,
1013 1133 1107 1187 per
1138 1119 1239 1172 hoc
1267 1118 1439 1172 sancti
1470 1117 1655 1171 Patres
1684 1116 1914 1172 confessi
1940 1124 2065 1171 sunt

489 1208 994 1263 consubstantialem
1027 1224 1143 1262 esse
1171 1208 1361 1260 Filium
1390 1208 1501 1261 Deo
1533 1206 1697 1271 Patri,
1726 1207 1869 1277 quod
1895 1221 2065 1276 usque

492 1306 617 1352 tunc
638 1298 778 1367 apud
799 1298 1057 1367 plurimos
1086 1298 1447 1351 dubitabatur.
1493 1296 1599 1350 Sed
1639 1304 1694 1350 et
1730 1296 2066 1353 Theodosius

396 1444 407 1473 ’ν
493 1389 677 1443 senior
704 1389 802 1457 βίω
831 1388 1236 1451 recordationis,
1270 1386 1583 1440 Macedonio
1626 1395 1854 1454 negante
1894 1386 2065 1440 deita-

491 1485 598 1529 tem
639 1476 808 1530 sancti
857 1476 1107 1545 Spiritus,
1152 1484 1205 1529 et
1235 1475 1563 1545 Apollinario
1591 1477 1677 1530 vel
1717 1476 1908 1543 Magno
1948 1477 2066 1545 ejus

488 1565 751 1633 discipulo
782 1565 833 1618 in
861 1565 1260 1634 dispensatione
1291 1566 1551 1619 incarnati
1590 1566 1685 1619 Dei
1726 1565 1885 1620 Verbi
1917 1567 2062 1621 blas-

490 1654 865 1720 pbemautibus
888 1692 902 1717 ,
935 1662 990 1707 et
1026 1654 1325 1708 dicentibus
1366 1669 1581 1709 sensum
1624 1654 1914 1709 humanum
1958 1672 2065 1711 non

488 1741 755 1809 recepisse
786 1741 1017 1796 Verbum
1049 1742 1235 1813 [Deum
1256 1742 1511 1812 Verbum]
1546 1754 1598 1808 ε,
1642 1744 1735 1798 sed
1765 1745 1913 1799 carni
1944 1746 2065 1800 uni-

2165 584 2225 629 ut
2250 576 2408 628 etiam
2438 574 2726 642 ejiceretur
2750 583 2970 643 propter
2992 589 3113 628 eum
3157 573 3437 626 Flavianus
3477 573 3741 639 religiosa:

2163 666 2434 719 memoria:
2462 666 2621 732 regia:
2648 666 2793 719 urbis
2819 666 3121 734 episcopus.
3151 664 3257 717 Pia:
3283 673 3460 718 autem
3490 665 3742 719 recorda-

2165 755 2327 809 tionis
2381 753 2683 808 Marciauus
2733 756 3075 822 congregavit
3132 753 3470 808 Chalcedone
3524 764 3743 809 sanctus

2164 846 2370 912 Patres,
2401 854 2454 899 et
2483 859 2674 912 magna
2706 846 3054 899 contentione
3083 845 3223 897 inter
3268 844 3546 913 episcopos
3578 844 3743 907 facta,

2165 952 2271 990 non
2302 937 2474 989 solum
2504 950 2602 1004 per
2641 950 2767 989 suos
2802 934 3030 1003 judices,
3059 934 3153 989 sed
3182 935 3341 987 etiam
3384 949 3479 1001 per
3506 935 3744 1002 seipsuur

2164 1026 2219 1080 in
2266 1025 2551 1079 concilium
2600 1026 2843 1094 pervenit
2872 1024 2918 1089 ιι,
2951 1033 3005 1079 et
3049 1025 3114 1077 ad
3164 1024 3503 1079 concordiam
3552 1040 3745 1077 omnes

2164 1117 2429 1185 perduxit.
2460 1114 2560 1180 Qui
2591 1115 2761 1169 sancti
2786 1114 2971 1168 Patres
2997 1115 3047 1168 in
3076 1115 3322 1168 omnibus
3343 1114 3512 1167 secuti
3535 1129 3597 1167 ea
3619 1128 3746 1181 qua:

2167 1223 2265 1277 pro
2309 1206 2411 1260 ftde
2437 1206 2653 1259 definita
2682 1214 2805 1259 sunt
2836 1222 2865 1259 a
2895 1206 3158 1276 praedictis
3189 1206 3359 1259 tribus
3386 1206 3584 1259 sanctis
3610 1220 3747 1259 con-

2166 1298 2323 1361 ciliis,
2365 1305 2419 1351 et
2446 1312 2564 1366 quae
2602 1296 2835 1363 judicata
2866 1305 2989 1351 sunt
3018 1296 3083 1351 de
3110 1297 3482 1350 btcreticorum
3516 1294 3746 1347 damna-

2167 1386 2315 1440 tione
2363 1394 2418 1439 et
2466 1386 2742 1454 impietate
2780 1401 2987 1450 eorum,
3016 1386 3404 1440 damnaverunt
3431 1394 3487 1439 et
3514 1385 3745 1437 anathe-

2167 1476 2554 1529 matizaverunt
2598 1473 2887 1545 Eutychem
2942 1475 3265 1540 dementem,
3317 1482 3373 1529 et
3419 1474 3577 1542 impia
3625 1473 3747 1541 ejus

2167 1568 2437 1635 dogmata,
2482 1584 2584 1624 nec
2636 1585 2743 1623 non
2788 1577 2841 1622 et
2886 1568 3186 1621 Nestorium
3233 1581 3354 1621 cum
3401 1565 3575 1634 impiis
3625 1564 3747 1632 ejus

2167 1658 2533 1727 dogmatibus,
2578 1661 2828 1729 quoniam
2874 1669 2999 1713 tunc
3032 1657 3047 1696 ³
3083 1658 3470 1711 festinaverunt
3522 1656 3744 1724 quidam

2168 1746 2457 1802 defendere
2486 1748 2790 1803 Nestorium
2822 1755 2876 1801 et
2906 1748 3065 1815 impia
3097 1746 3211 1814 ejus
3255 1746 3525 1811 dogmata.
3570 1744 3749 1814 Super

490 1842 602 1886 tum
632 1850 751 1889 esse
772 1836 1003 1888 animam
1028 1836 1448 1890 irrationabilem
1472 1836 1689 1891 habenti
1720 1854 1731 1888 :
1763 1850 2062 1905 congrega-
2098 1853 2140 1912 Β
2168 1837 2277 1891 haec
2294 1846 2470 1891 autem
2494 1838 2652 1893 iidem
2675 1838 2727 1893 in
2750 1838 3087 1892 Chalcedone
3112 1836 3282 1891 sancti
3308 1835 3491 1890 Patres
3514 1836 3747 1889 anathe-

492 1924 562 1977 tis
591 1924 643 1977 in
674 1925 816 1991 regia
847 1926 977 1979 urbe
1006 1934 1218 1980 centum
1248 1926 1633 1995 quinquaginta
1662 1929 1859 1982 sanctis
1889 1927 2066 1981 Patri-

490 2017 589 2069 bus
608 2055 621 2078 ,
647 2032 767 2069 cum
799 2026 853 2069 et
893 2018 1005 2085 ipse
1033 2018 1301 2086 particeps
1327 2016 1514 2071 fuisset
1542 2018 1777 2084 concilii,
1805 2018 2069 2072 damnatis

489 2108 753 2177 prmdictis
784 2110 1049 2163 ntereticis
1091 2125 1195 2162 una
1221 2124 1343 2164 cum
1388 2109 1563 2177 impiis
1592 2124 1778 2163 corum
1799 2109 2065 2177 dogmatis

491 2200 609 2262 bus,
643 2198 767 2254 fecit
794 2208 995 2254 rectam
1023 2199 1315 2269 przedicare
1341 2198 1517 2253 ﬁdem.
1542 2199 1723 2255 Secuti
1747 2200 1887 2253 enim
1910 2200 2067 2253 iidem

496 2291 670 2344 sancti
715 2290 901 2345 Patres
952 2291 1251 2359 expositam
1299 2300 1500 2346 rectam
1553 2290 1708 2346 ﬁdem
1749 2308 1778 2345 a
1818 2294 2070 2349 trecentis

494 2379 677 2434 decem
718 2387 772 2434 et
815 2387 939 2443 octo
980 2382 1180 2435 sanctis
1228 2380 1494 2446 Patribus,
1540 2380 1957 2449 cxplanaverunt
2002 2382 2070 2436 de

502 2470 702 2523 deitate
730 2471 898 2524 sancti
946 2471 1193 2539 Spiritus,
1219 2479 1274 2525 et
1312 2470 1547 2540 perfecte
1587 2470 1654 2525 de
1678 2470 2071 2540 dispensatione

496 2560 758 2613 iucarnati
788 2557 813 2595 ἀ
856 2559 950 2613 Dei
995 2560 1154 2614 Verbi
1208 2560 1522 2616 docuerunt.
1574 2559 1770 2613 Iterum
1825 2560 2070 2615 Nestorio

498 2648 662 2716 impio
690 2648 853 2701 alium
880 2648 1090 2703 dicente
1121 2649 1286 2703 Deum
1316 2649 1548 2703 Verbum
1568 2692 1581 2713 ,
1616 2658 1671 2702 et
1708 2650 1867 2703 alium
1912 2649 2070 2703 Chri-

496 2746 637 2792 stum
669 2747 716 2801 ·,
750 2751 803 2791 et
832 2738 971 2793 hunc
997 2738 1211 2806 quidem
1243 2747 1433 2793 natura
1462 2738 1654 2792 Filium
1691 2738 1708 2775 τ
1741 2740 1836 2793 Dei
1875 2738 2068 2807 Patris,

498 2828 645 2883 illum
694 2837 871 2882 autem
920 2831 1090 2896 gratia
1140 2830 1303 2884 lilium
1355 2829 1519 2899 impie
1572 2830 1967 2895 introduceute,
2017 2840 2075 2887 et

498 2926 741 2973 sanctam
773 2919 1060 2986 gloriosam
1086 2934 1301 2988 semper
1320 2920 1592 2988 Virginem
1624 2919 1717 2973 Dei
1746 2919 2073 2976 Genitricem

498 3026 617 3065 esse
639 3020 887 3077 negante,
919 3026 1039 3065 cum
1066 3025 1203 3079 pene
1224 3025 1410 3065 omnes
1436 3010 1724 3065 orientales
1758 3021 1939 3080 partes
1976 3028 2072 3069 sua

498 3101 773 3170 :mpietate
820 3101 1161 3171 adimplesset
1209 3101 1347 3155 idem
1391 3092 1687 3168 Nestorius,
1744 3102 2073 3159 Theodosius

2168 1930 2557 1985 matizaverunt
2585 1945 2679 1985 eos
2708 1931 2799 2000 qui
2848 1930 2990 1983 aliud
3038 1929 3338 1999 symbolum
3387 1927 3742 1992 tradiderunt,

2171 2028 2263 2074 aut
2293 2021 2536 2086 tradunt,
2571 2030 2766 2090 prmter
2793 2025 2894 2075 hoc
2919 2020 3062 2089 quod
3107 2019 3411 2088 expositum
3452 2025 3533 2071 est
3568 2032 3597 2069 a
3629 2025 3747 2070 tre.

2170 2112 2343 2166 centis
2371 2112 2558 2167 decem
2584 2119 2639 2166 et
2662 2118 2786 2166 octo
2817 2111 3014 2166 sanctis
3038 2108 3307 2175 Patribus,
3325 2116 3379 2162 et
3404 2108 3745 2176 explanatum

2170 2216 2199 2254 a
2230 2210 2451 2256 centum
2484 2203 2865 2271 quinquaginta
2903 2202 3102 2256 sanctis
3148 2200 3415 2254 Patribus.
3446 2198 3538 2251 llis
3565 2198 3748 2266 itaque

2170 2293 2421 2346 omnibus
2460 2308 2558 2362 per
2594 2294 2803 2361 diversa
2849 2300 3091 2361 tempora
3139 2290 3455 2352 subsccutis,
3505 2288 3744 2358 prmdicti

2170 2383 2273 2451 piae
2304 2382 2692 2437 recordationis
2714 2382 2883 2436 nostri
2913 2383 3097 2436 Patres
3121 2396 3182 2435 ea
3206 2395 3324 2449 qua:
3352 2381 3402 2433 in
3427 2393 3751 2447 unoquoque

2172 2473 2401 2526 concilio
2424 2473 2662 2540 judicata
2689 2480 2841 2537 sunt,
2875 2473 3078 2540 legibus
3107 2472 3217 2528 suis
3261 2472 3750 2525 corroboraverunt

2171 2569 2227 2615 et
2272 2562 2747 2627 confirmaverunt,
2790 2571 2845 2617 et
2889 2562 3171 2617 haereticos
3211 2564 3304 2629 qui
3350 2558 3751 2614 definitionibus

2172 2653 2551 2721 praedictorum
2578 2660 2884 2707 sanctorum
2905 2661 3135 2721 quatuor
3159 2651 3508 2706 conciliorum
3534 2651 3753 2705 resiste-

2172 2756 2254 2807 re,
2284 2747 2338 2793 et
2374 2738 2640 2795 Ecclesias
2666 2740 2989 2797 conturbare
3017 2741 3195 2795 conati
3224 2748 3367 2805 sunt,
3408 2740 3746 2809 expulerunt.

2173 2828 2433 2883 Defuncto
2462 2836 2641 2882 autem
2670 2828 2941 2883 Marciano
2969 2828 3103 2882 diva:
3133 2838 3171 2863 ω
3197 2828 3603 2891 recordationis,
3622 2844 3744 2882 eum

2173 2922 2450 2977 contentio
2481 2928 2624 2976 esset
2654 2937 2751 2991 per
2799 2920 3009 2975 diversa
3056 2922 3172 2975 loca
3220 2920 3287 2975 de
3332 2920 3752 2975 Chalcedonensi

2174 3022 2362 3066 sancto
2403 3011 2652 3078 concilio,
2703 3011 2812 3071 Leo
2862 3012 2963 3081 piae
3018 3012 3407 3067 recordationis
3454 3010 3521 3065 ad
3569 3027 3758 3066 omnes

2176 3103 2374 3171 ubique
2418 3103 2727 3157 sacerdotes
2774 3103 3008 3171 scripsit,
3054 3112 3112 3155 ut
3157 3102 3521 3171 unusquisque
3568 3116 3753 3155 eorum

501 3190 678 3247 tunior
710 3190 810 3257 pia:
838 3190 1227 3243 recordationis
1257 3191 1602 3257 congregavit
1631 3191 1866 3259 priorem
1897 3191 2073 3261 Ephe-
2101 3207 2146 3270 ρ
2176 3195 2449 3265 propriam
2475 3195 2796 3249 sententiam
2832 3193 3202 3247 manifestaret
3242 3192 3310 3247 de
3346 3192 3538 3247 eodem
3568 3201 3755 3248 sancto

500 3278 669 3331 sinam
698 3286 935 3331 sanctam
959 3278 1242 3346 synodum,
1263 3277 1349 3331 cui
1372 3277 1727 3346 przcsidebant
1755 3278 2075 3337 Ccelestinus

500 3374 554 3422 et
584 3365 812 3434 Cyrillus
838 3366 1007 3420 sancti
1039 3366 1242 3430 Patres,
1288 3375 1342 3421 et
1388 3366 1604 3420 directis
1650 3366 1938 3437 judicibus,
1982 3372 2075 3438 qui

501 3457 758 3511 deberent
784 3457 1013 3511 concilio
1036 3457 1313 3521 interesse,
1340 3457 1593 3525 compulit
1614 3466 1669 3512 et
1693 3458 1862 3528 ipsum
1887 3460 2078 3516 Nesto-

501 3548 640 3600 rium
671 3546 744 3600 ibi
774 3547 1086 3615 pervenire,
1120 3556 1174 3599 et
1198 3547 1453 3615 judicium
1484 3555 1706 3617 propter
1732 3564 1852 3603 eum
1882 3565 2076 3619 proce-

502 3638 630 3694 dere
661 3648 684 3685 ε
710 3654 724 3702 ;
756 3646 811 3691 et
840 3638 929 3692 tali
952 3638 1349 3692 examinatione
1377 3635 1537 3704 facta,
1565 3639 1737 3693 secuti
1768 3638 1924 3693 iidem
1954 3654 2079 3693 san-

502 3728 574 3782 cti
615 3726 799 3779 Patres
842 3742 938 3795 per
965 3727 1143 3780 omnia
1185 3742 1247 3779 ea
1286 3741 1403 3794 qua:
1432 3726 1497 3779 de
1527 3726 1629 3780 fide
1653 3724 1677 3761 ιι
1711 3726 1925 3782 deliuita
1954 3736 2080 3783 sunt

503 3819 571 3872 ab
617 3819 974 3872 anterioribus
1021 3818 1217 3873 sanctis
1264 3818 1546 3882 Patribus,
1592 3818 2080 3876 condemnaverunt

502 3909 804 3964 Nestorium
837 3925 940 3963 una
973 3924 1094 3963 cum
1119 3908 1235 3977 ejus
1274 3910 1565 3979 impietate.
1599 3908 1692 3963 His
1720 3911 1791 3964 ita
1821 3912 2077 3967 subsecu-

503 4001 573 4055 tis
610 4000 648 4065 ί,
678 4016 798 4055 cum
828 4002 1242 4056 insurrexissent
1288 4009 1472 4055 contra
1516 3999 1772 4071 Cyrillum
1819 4018 2079 4072 sequaces

502 4090 734 4146 Nestorii
764 4092 933 4161 impii,
961 4092 1349 4146 festinaverunt
1379 4092 1657 4160 (quantum
1704 4093 1756 4146 in
1788 4094 1917 4162 ipsis
1957 4092 2078 4164 fuit)

501 4184 734 4241 refutare
762 4183 1259 4238 condemnationem
1289 4191 1473 4237 contra
1502 4183 1809 4241 Nestorium
1837 4185 2032 4238 factam
2061 4200 2074 4236 :

502 4274 595 4329 sed
636 4274 918 4342 prccdictus
946 4275 1046 4343 pia:
1088 4273 1479 4329 recordationis
1521 4274 1873 4337 Theodosius,
1905 4272 2078 4327 vindi-

505 4380 633 4419 cans
662 4381 725 4420 ea
752 4381 870 4434 qua:
899 4367 971 4420 ita
999 4375 1144 4421 recte
1169 4374 1357 4421 contra
1395 4367 1700 4423 Nestorium
1739 4375 1794 4421 et
1832 4365 1947 4433 ejus
1976 4365 2079 4419 im-

506 4457 759 4526 pietatem
791 4456 1040 4510 fuerantl
1094 4457 1346 4525 judicata,
1391 4458 1516 4513 fecit
1562 4459 1784 4513 firmiter
1834 4456 2080 4511 obtinere

504 4557 692 4603 contra
732 4564 853 4603 eum
896 4548 1089 4602 factam
1140 4548 1666 4604 condemnationem.
1713 4547 1782 4601 Et
1810 4555 1934 4617 post
1962 4547 2077 4601 lucc
2106 4574 2159 4634 Ι)

507 4638 698 4692 iterum
736 4654 858 4692 eum
887 4636 1155 4707 Eutyches
1199 4636 1421 4692 demens
1467 4638 1788 4699 emersisset,
1835 4636 2078 4705 negando

505 4728 1013 4785 consubstantialem
1046 4728 1199 4784 nobis
1227 4742 1345 4783 esse
1375 4743 1592 4785 carnem
1622 4727 1851 4790 Domini,
1897 4726 2081 4781 multis

508 4825 711 4879 interea
760 4823 935 4888 moris,
988 4831 1098 4876 tam
1137 4820 1605 4890 Constantinopoli
1656 4833 1817 4890 quam
1856 4817 2079 4889 Ephesi,

581 5077 604 5105 ι
635 5066 797 5122 Iidem
824 5065 964 5130 libri,
994 5067 1293 5119 diocesibus.
1326 5067 1415 5121 Sic
1443 5066 1605 5122 etiam
1632 5065 1799 5121 ferme
1824 5065 2021 5121 Latini.

579 5136 608 5176 δ
637 5137 800 5190 Iidem
830 5136 972 5202 libri,
1006 5138 1315 5206 adjuvassct.

580 5218 605 5248 ο
637 5206 1039 5276 Reponendum,
1070 5204 1318 5273 recepisse
1360 5204 1521 5276 Deum
1557 5206 1799 5261 Verbum.
1835 5205 2084 5260 Mendum

508 5289 593 5333 est
622 5275 1061 5348 typographicum
1089 5275 1340 5331 editionis
1361 5275 1688 5344 Labbeauze,
1714 5277 1801 5331 hic
1828 5276 2084 5332 emenda—

515 5357 939 5483 luglLegendum
971 5456 985 5480 ,
1027 5414 1306 5469 incamati.
1362 5414 1428 5469 Et
1491 5415 1583 5471 hic
1632 5429 1845 5483 quoque
1888 5412 2085 5467 mendo

510 5486 720 5541 laborat
760 5484 1142 5555 typographico
1172 5486 1334 5540 editio
1363 5484 1668 5553 Labbeana,
1698 5500 1816 5553 qua:
1844 5484 1972 5552 legit
2003 5486 2085 5535 iu-

509 5565 746 5610 carnata.

585 5638 607 5663 ο
640 5624 830 5685 Paris,
863 5631 912 5675 et
941 5622 1139 5676 Filium
1168 5625 1326 5678 alium
1355 5624 1633 5679 Christum.

587 5695 607 5735 ί
641 5695 838 5749 Vocem
859 5692 1052 5747 Filium
1073 5692 1241 5750 codex
1266 5695 1581 5751 Parisiensis
1596 5710 1700 5749 non
1723 5691 1886 5747 habet
1910 5690 1960 5747 in
1984 5690 2085 5745 hoc

513 5770 781 5893 logoldcm
802 5832 995 5901 codex,
1024 5843 1230 5907 propter
1249 5852 1366 5893 eum
1388 5843 1569 5892 contra
1592 5848 1709 5891 atat
1729 5829 2017 5902 procedere.

2178 3287 2424 3353 concilio,
2453 3294 2649 3341 etcum
2671 3287 2807 3340 alius
2829 3286 2989 3338 alium
3003 3286 3312 3354 episcopum
3329 3299 3434 3337 non
3451 3290 3758 3351 exspectas-

2178 3390 2284 3447 set,
2333 3379 2400 3433 ad
2456 3378 2561 3433 hoc
2611 3377 2754 3447 quod
2803 3378 3115 3444 interrogati
3162 3384 3286 3429 sunt
3342 3374 3751 3444 responderunt.

2183 3466 2391 3534 Exiguo
2422 3474 2600 3520 autem
2631 3475 2874 3535 tempore
2904 3473 3199 3531 transacto,
3230 3463 3419 3519 iterum
3451 3463 3756 3516 insurrexe-

2178 3564 2303 3609 runt
2331 3554 2563 3609 Nestorii
2590 3563 2645 3609 et
2689 3552 2941 3623 Eutychis
2969 3567 3249 3621 sequaces.
3282 3560 3337 3605 et
3374 3558 3550 3605 tantas
3576 3550 3758 3605 turbas

2179 3663 2233 3702 tn
2284 3647 2481 3702 sanctis
2526 3646 2619 3701 Dei
2652 3644 2903 3701 Ecclesiis
2948 3646 3206 3709 fecerunt,
3256 3652 3315 3697 ut
3357 3642 3646 3697 divisiones
3687 3650 3744 3697 et

2178 3736 2467 3791 schismata
2496 3734 2549 3789 in
2579 3736 2657 3789 eis
2685 3734 2892 3797 ﬁerent,
2921 3742 2975 3788 et
3004 3733 3200 3788 nullam
3230 3732 3658 3786 communionem
3687 3730 3755 3784 ad

2180 3840 2239 3879 se
2270 3824 2497 3879 invicem
2526 3823 2780 3879 Ecclesia:
2821 3823 3098 3878 haberent.
3138 3822 3246 3875 Nec
3285 3822 3424 3877 enim
3467 3833 3757 3892 prmsume-

2180 3920 2271 3967 oat
2314 3912 2507 3981 aliquis
2550 3912 2616 3966 de
2652 3913 2869 3970 civitate
2899 3921 2923 3948 υ
2955 3914 3020 3968 ad
3050 3913 3320 3968 civitatem
3348 3913 3569 3967 veniens
3609 3926 3757 3965 com-

2180 4004 2477 4071 municare,
2508 4019 2607 4059 nec
2627 4003 2853 4059 clericus
2879 4018 2946 4058 ex
2975 4003 3077 4056 alia
3106 4004 3324 4061 civitate
3352 4003 3403 4055 in
3434 4002 3589 4055 aliam
3621 4000 3753 4054 civi-

2182 4102 2347 4147 tatem
2379 4094 2599 4148 veniens
2630 4094 2682 4147 in
2711 4093 2993 4148 ecclesiam
3024 4092 3045 4114 '
3076 4093 3387 4163 procedere.
3418 4092 3549 4147 Cum
3578 4099 3758 4144 autem

2181 4185 2474 4240 secundum
2498 4202 2648 4241 suam
2677 4186 3098 4245 misericordiam
3129 4186 3383 4240 Dominus
3408 4185 3546 4238 Deus
3570 4184 3756 4252 reipu-

2182 4275 2332 4331 bliczc
2354 4277 2795 4345 gubernationem
2818 4276 2972 4331 nobis
2992 4275 3237 4341 credidit,
3272 4276 3476 4337 initium
3499 4284 3553 4329 et
3578 4273 3756 4333 funda-

2182 4373 2419 4418 mentum
2462 4366 2631 4418 nostri
2662 4364 2871 4433 imperii
2900 4356 3144 4432 fecimus,
3192 4363 3519 4433 conjungere
3558 4362 3760 4417 divisos

2182 4454 2489 4508 sacerdotes
2534 4463 2841 4509 sanctarum
2889 4453 2984 4508 Dei
3032 4452 3389 4508 Ecclesiarum
3430 4454 3495 4506 ab
3540 4452 3758 4510 Oriente

2183 4558 2350 4612 usque
2378 4542 2721 4600 Occidentem
2757 4556 2804 4609 ι’,
2833 4552 2887 4598 et
2908 4558 3119 4598 omnem
3144 4543 3543 4598 contentionem
3571 4560 3760 4613 ampu-

2185 4640 2357 4688 tantes
2384 4649 2502 4702 quae
2530 4643 2717 4690 contra
2766 4634 3260 4689 Cbalcedonensem
3306 4641 3547 4687 sanctam
3593 4649 3755 4704 syno—

2185 4724 2311 4778 dum
2343 4725 2410 4779 ab
2439 4724 2691 4797 Eutychis
2721 4736 2748 4775 ει
2780 4735 2833 4779 et
2856 4726 3087 4782 Nestorii
3118 4726 3401 4796 impiorum
3444 4726 3759 4793 sequacibus

2187 4822 2519 4889 movebatur,
2550 4821 2770 4879 fecimus
2790 4821 3084 4893 przedicare
3107 4821 3350 4877 eamdem
3391 4829 3631 4877 sanctam
3670 4834 3757 4891 sy-

2255 5069 2283 5107 ιι
2322 5069 2394 5122 De
2423 5070 2545 5139 ﬁde.
2578 5066 2704 5123 Haec
2732 5068 2925 5139 desunt
2946 5068 3005 5139 in
3036 5066 3227 5139 eodem
3278 5065 3413 5139 libro
3448 5064 3751 5119 Pal-izicusi.

2262 5149 2279 5176 ι
2314 5136 2456 5194 Idem
2483 5138 2651 5194 codex
2684 5156 2696 5191 :
2731 5137 2799 5190 Et
2830 5138 2909 5190 his
2937 5138 3011 5189 ita
3038 5136 3341 5189 subsecutis.

2260 5210 2274 5278 ξ
2315 5209 2458 5263 Idem
2488 5207 2675 5271 codex,
2702 5211 2926 5278 fuerunt.

2256 5276 2284 5317 ¹ί
2316 5279 2536 5333 Veteres
2568 5276 2709 5344 libri,
2740 5279 2792 5329 in
2824 5276 3039 5330 concilio
3069 5278 3311 5345 pervenit.

2264 5345 2279 5384 ¹
2316 5347 2478 5402 Iidem
2511 5348 2650 5412 libri,
2681 5348 2921 5412 quoniam
2947 5356 2995 5401 et
3026 5355 3165 5400 tunc.

2259 5428 2296 5454 ω
2330 5418 2524 5480 Paris.,
2558 5418 2766 5471 dirinw.

2259 5496 2284 5523 ³³
2315 5488 2533 5541 Veteres
2560 5487 2696 5548 libri,
2722 5486 2924 5540 civitate
2951 5487 3020 5540 ad
3048 5487 3225 5539 aliam.

2261 5567 2285 5592 ο
2316 5558 2477 5611 Iidem
2504 5556 2640 5619 libri,
2665 5558 2719 5609 in
2744 5555 2994 5609 Ecclesia.

2262 5638 2287 5676 P
2320 5628 2513 5689 Paris.,
2546 5642 2705 5696 usque
2732 5628 2785 5679 in
2814 5626 3161 5679 Occidentem.

2260 5708 2285 5746 τι
2318 5696 2391 5751 Ab
2425 5692 2687 5764 Eutycius,
2729 5704 2856 5756 etc.,
2888 5712 3056 5764 usque
3083 5705 3315 5748 sanctam
3356 5694 3623 5764 synodum.
3655 5692 3755 5746 I~ta

2260 5714 2285 5746 (1
2318 5714 2391 5751 Αο
2425 5714 2541 5749 [Sull
2560 5714 2687 5759 cms,
2729 5714 2856 5756 CIC.,
2888 5714 3056 5764 usque
3083 5714 3315 5748 sanetam
3356 5714 3623 5764 synoaum.
3658 5714 3755 5746 hin

2189 5768 2503 5825 exciderunt
2525 5714 2744 5821 l’ibrario
2772 5766 2860 5835 qui
2891 5765 3106 5836 scripsit
3135 5765 3407 5834 exemplar
3436 5764 3756 5819 Parisiense.

2162 5134 2189 5143 ‘
