4042 6456
224 351 294 405 53
1410 351 1759 408 EPISTOL/E
1798 351 1807 404 l

1919 350 2252 404 DECRETA.
3049 369 3064 378 ί
3410 354 3481 406 51

225 463 426 517 nodum
469 477 586 516 cum
628 461 890 531 praedictis
926 463 1045 517 aliis
1083 463 1282 520 sanctis
1309 473 1333 501 ι
1365 464 1533 518 tribus
1559 463 1798 518 conciliis
1829 469 1878 530 Α
1902 460 2042 530 quod
2075 460 2438 514 indubitanter
2465 469 2663 515 etcum
2704 463 2846 516 omni
2877 463 3151 520 alacritate
3178 473 3378 544 rectam
3415 465 3473 514 ti-

225 553 280 614 iu
311 551 410 606 Dei
440 552 693 616 ecclesiis,
721 561 865 607 certe
888 554 1120 609 scientes
1146 553 1289 623 quod
1310 568 1374 608 ea
1402 568 1519 622 quae
1539 554 1607 608 ab
1636 569 1698 606 ea
1732 553 1802 608 de

226 642 330 696 ﬁde
358 643 604 712 exposita
633 652 757 697 sunt
775 643 824 710 δ,
847 652 1145 698 consonant
1173 659 1270 714 per
1295 644 1473 698 omnia
1494 643 1613 698 aliis
1634 643 1803 698 tribus

225 733 431 787 sanctis
460 733 700 788 conciliis
733 750 744 785 :
777 741 832 787 et
853 733 1034 787 multis
1061 733 1276 802 quidem
1303 733 1370 788 ad
1399 732 1638 787 eamdem
1678 749 1802 786 san-

224 831 368 877 ctam
413 823 676 893 synodum
713 823 1202 878 contradicentibus
1249 822 1634 888 satisfecimus;
1667 823 1802 877 alios

223 919 407 968 autem
460 912 550 979 qui
606 921 1083 981 perseveraverunt
1128 912 1300 967 eidem
1343 921 1528 970 sancto
1572 913 1803 970 concilio

224 1003 658 1059 contradicentes
685 1004 986 1073 expulimns
1011 1004 1087 1058 sic
1119 1013 1140 1042 ε
1173 1004 1227 1058 in
1265 1005 1465 1058 sanctis
1504 1003 1598 1058 Dei
1627 1005 1804 1062 cccle-

225 1091 363 1148 siisd
395 1102 452 1148 et
480 1094 875 1148 venerabilibus
921 1095 1280 1162 monasteriis,
1321 1104 1380 1150 ut
1415 1095 1699 1151 concordia
1748 1104 1806 1150 et

225 1200 356 1254 pace
395 1194 702 1240 sanctarum
747 1185 1104 1241 Ecclesiarum
1149 1195 1204 1241 et
1249 1203 1433 1241 earum
1461 1189 1804 1242 sacerdotum

225 1276 454 1332 ﬁrmiter
481 1278 767 1342 custodita,
802 1293 905 1332 una
931 1287 986 1332 et
1013 1278 1201 1334 eadem
1246 1277 1376 1334 ﬁdes
1402 1294 1563 1348 quam
1604 1286 1805 1332 sanctae

222 1376 457 1436 quatuor
502 1368 689 1438 synodi
726 1367 982 1424 confessae
1027 1377 1171 1433 sunt,
1203 1369 1401 1423 sanctis
1428 1367 1521 1422 Dei
1550 1367 1806 1422 Ecclesiis

224 1455 567 1524 przedicetur.
602 1455 693 1510 llis
723 1456 795 1510 ita
825 1472 923 1526 pro
952 1455 1202 1510 ﬁrmitate
1243 1464 1544 1510 sanctarum
1572 1463 1806 1527 quatuor

223 1542 554 1613 synodorum
582 1543 690 1599 Deo
730 1545 962 1614 propitio
1002 1561 1100 1614 per
1124 1561 1223 1600 nos
1248 1545 1400 1600 factis
1433 1553 1489 1601 et
1514 1546 1807 1601 obtinenti-

223 1633 321 1686 bus
349 1633 402 1687 in
433 1642 622 1688 sancta
667 1633 760 1688 Dei
801 1633 1058 1698 Ecclesia,
1103 1635 1337 1690 Nestorii
1383 1652 1639 1706 sequaces
1679 1653 1803 1707 pro-

220 1726 391 1794 priam
419 1725 752 1796 impietatem
781 1727 1050 1795 applicare
1078 1729 1320 1784 volentes
1359 1738 1556 1785 saneta:
1585 1729 1680 1784 Dei
1705 1728 1806 1784 Ec-

1902 551 2024 605 dem
2050 551 2281 604 confessi
2309 551 2456 616 estis,
2499 558 2554 606 et
2601 551 2815 621 impiam
2863 555 3277 609 condcmnastis.
3327 551 3476 621 Quo-

1901 643 2043 695 niam
2073 658 2202 696 vero
2230 651 2285 695 et
2327 650 2451 711 post
2487 643 2990 699 condemnationem
3017 661 3049 699 a
3079 646 3231 702 vobis
3259 646 3475 713 factam,

1903 731 1955 784 in
1995 713 2196 786 eisdem
2246 731 2376 800 ipsis
2423 744 2736 802 permanent
2785 734 3025 802 quidam,
3074 736 3264 789 eadem
3313 738 3476 806 impia

1906 820 2004 874 tria
2034 820 2266 890 capitula
2296 820 2658 886 vindicantes,
2698 821 2818 877 ideo
2848 823 3155 878 vocavimus
3183 840 3278 880 vos
3301 827 3366 880 ad
3394 843 3480 883 re-

1902 913 2040 980 giam
2087 912 2290 976 urbem,
2343 914 2620 966 hortantes
2667 915 3026 968 communiter
3073 917 3478 981 convenientes,

1903 1016 2062 1070 quam
2113 1001 2322 1056 habetis
2364 1016 2461 1070 pro
2509 1002 2593 1055 his
2644 1003 2996 1068 voluntatem,
3040 1004 3230 1059 iterum
3261 1006 3486 1061 manife-

1902 1097 2064 1144 stare.
2095 1085 2289 1157 Vigilio
2311 1092 2452 1144 enim
2482 1099 2521 1126 ω
2552 1091 2955 1158 religiosissimo
2983 1109 3133 1163 papa:
3163 1095 3485 1163 antiquioris

1905 1177 2090 1231 Romae
2119 1193 2240 1232 cum
2271 1181 2600 1248 pervenisset
2631 1181 2696 1234 ad
2725 1181 2860 1236 hanc
2889 1183 3089 1251 regiam
3119 1183 3391 1238 civitatem
3423 1194 3478 1252 υ,

1906 1267 1975 1321 de
2005 1268 2174 1322 tribus
2202 1269 2450 1338 capitulis
2487 1269 2753 1324 subtiliter
2780 1272 2957 1326 omnia
3005 1271 3481 1340 manifestavimus,

1907 1359 1963 1412 et
1985 1357 2431 1426 iulerrogavimus
2459 1373 2579 1412 eum
2608 1359 2733 1427 quid
2758 1362 2897 1430 sapit
2934 1361 3000 1416 de
3039 1362 3142 1418 hoc
3171 1361 3295 1435 [hac
3323 1379 3485 1419 causa

1905 1448 2063 1520 sapit]
2097 1467 2109 1502 :
2144 1460 2198 1503 et
2222 1450 2336 1519 ipse
2366 1465 2472 1504 non
2502 1451 2688 1517 semel,
2723 1466 2822 1507 nec
2848 1452 2951 1520 bis,
2981 1453 3076 1508 sed
3105 1455 3265 1509 etiam
3294 1457 3489 1525 saepius

1905 1538 1960 1593 in
2007 1538 2220 1610 scriptis
2264 1547 2290 1577 ο
2334 1540 2810 1596 anathematizavit
2863 1542 3023 1612 impia
3074 1544 3174 1598 tria
3229 1546 3484 1614 capitula.

1905 1627 2059 1694 Quod
2098 1645 2226 1686 vero
2280 1630 2517 1699 ejusdem
2573 1631 2864 1689 voluntatis
2891 1648 3102 1703 semper
3130 1633 3229 1690 fuit
3253 1635 3320 1689 de
3358 1651 3490 1691 con-

1905 1720 2246 1778 demnatione
2300 1725 2460 1779 trium
2521 1723 2922 1794 capitulorum,
2988 1734 3043 1780 et
3099 1743 3196 1796 per
3257 1729 3486 1798 plurima

225 1813 418 1879 clesiae,
452 1822 512 1868 et
538 1831 646 1868 non
675 1814 935 1885 ponentes
977 1815 1079 1872 hoc
1125 1833 1224 1888 per
1257 1818 1560 1872 Nestorium
1600 1816 1800 1886 facere,
1833 1831 1880 1890 Β
1906 1814 2009 1868 alia
2073 1814 2395 1883 declaravit,
2453 1824 2508 1872 et
2561 1832 2659 1886 per
2717 1818 3222 1874 condemnationem
3283 1813 3487 1873 Rustici

223 1901 619 1960 festinaverunt
646 1921 763 1960 eam
791 1906 1134 1963 introducere
1162 1923 1258 1978 per
1287 1899 1628 1963 Theodorum
1655 1907 1807 1976 Mop-

226 2004 539 2052 suestenum
554 1996 826 2053 doctorem
845 1995 1096 2064 Nestorii,
1119 2000 1211 2068 qui
1232 1999 1397 2054 multa
1420 2000 1604 2069 pejora
1624 1997 1810 2054 Nesto-

225 2087 305 2141 rio
333 2086 756 2157 blasphemavit,
787 2081 843 2142 et
867 2103 1027 2158 super
1057 2088 1188 2142 alias
1224 2089 1638 2144 innumerabiles
1683 2103 1806 2143 suas

226 2179 594 2248 blasphemias
622 2188 808 2235 contra
837 2179 1105 2234 Christum
1137 2173 1303 2234 Deum
1333 2179 1576 2234 nostrum
1618 2173 1801 2246 factas,

226 2269 387 2324 alium
418 2270 559 2323 dixit
587 2269 752 2324 Deum
792 2263 1022 2324 Verbum
1045 2311 1060 2335 ,
1112 2271 1272 2324 alium
1313 2269 1586 2325 Christum
1617 2281 1663 2337 ο,
1706 2287 1808 2327 nec

226 2375 331 2414 non
360 2368 416 2415 et
443 2376 548 2430 per
572 2360 732 2430 impia
761 2362 1063 2432 conscripta
1093 2349 1436 2428 Theodoreti,
1469 2377 1589 2430 qum
1617 2371 1805 2417 contra

225 2457 431 2504 rectam
468 2449 623 2504 ﬁdem
655 2458 709 2504 et
734 2444 1055 2519 Ephesinam
1095 2452 1318 2520 primam
1371 2459 1610 2506 sanctam
1653 2468 1809 2522 syno-

227 2540 374 2608 dum,
405 2549 466 2595 et
496 2550 682 2595 contra
711 2549 910 2598 sancta:
939 2542 1210 2596 memoriae
1235 2539 1491 2613 Cyrillum
1523 2549 1578 2597 et
1605 2542 1808 2597 duode-

227 2629 330 2683 cim
360 2630 484 2698 ejus
508 2629 740 2700 capitula
771 2625 1035 2701 exposuit,
1081 2639 1135 2686 et
1179 2629 1398 2702 insuper
1435 2631 1748 2688 sceleratam
1782 2630 1802 2671 ΐ

229 2711 554 2791 epistolam,
609 2740 769 2792 quam
830 2724 1025 2780 dicitur
1074 2718 1192 2781 lbas
1248 2726 1314 2780 ad
1365 2725 1532 2781 Marin
1590 2727 1806 2782 Persam

229 2814 530 2882 scripsisse,
563 2829 682 2883 quae
721 2808 881 2884 plena
911 2823 994 2869 est
1032 2817 1176 2870 omni
1219 2816 1491 2886 impietate
1541 2808 1807 2872 Theodori

230 2911 283 2954 et
306 2899 568 2955 Nestorii.
608 2901 710 2956 Per
737 2902 875 2959 hanc
916 2904 1112 2957 etenim
1143 2905 1360 2972 impiam
1389 2904 1669 2973 epistolam
1701 2918 1807 2959 non

231 2990 403 3045 solum
436 2992 794 3060 impietatem,
822 2993 916 3047 sed
946 2986 1106 3047 etiam
1136 2995 1278 3062 ipsas
1331 3010 1582 3062 personas
1629 2989 1807 3048 Theo-

230 3077 363 3133 dorii
389 3089 450 3134 et
479 3080 740 3146 Nestorii,
772 3097 906 3150 quas
933 3083 1167 3136 maxime
1216 3083 1396 3136 laudat
1445 3083 1698 3155 [vindicat
1744 3100 1808 3137 ea:

1905 1913 1961 1960 et
2012 1903 2312 1960 Sebastiani
2391 1907 2678 1977 aliquando
2755 1909 3105 1964 diaconorum
3171 1911 3488 1979 antiquioris

1908 2016 1922 2046 ³
1947 2015 2108 2064 Romae
2129 2054 2142 2077 ,
2167 2019 2306 2077 cujus
2341 2022 2486 2067 etiam
2506 2021 2664 2069 chiro-

1903 2080 2085 2138 grapha
2109 2080 2236 2137 apud
2265 2092 2350 2126 nos
2372 2094 2662 2130 conservau-

1905 2145 2002 2203 tur.
2033 2138 2090 2185 Et
2115 2140 2356 2203 posthaec
2392 2141 2507 2190 feeit
2538 2143 2664 2203 quod

1904 2199 2084 2262 dicitur
2118 2199 2420 2249 ’Judicatum
2469 2216 2480 2248 :
2537 2199 2665 2262 quod

1905 2261 2128 2324 omnibus
2143 2263 2473 2324 sacerdotibus
2484 2263 2544 2324 ab
2559 2261 2668 2324 ipso

1907 2321 2090 2369 editum
2136 2321 2338 2370 manifes
2363 2337 2441 2371 um
2493 2321 2668 2372 factum

1905 2391 2006 2438 est,
2035 2390 2083 2430 et
2110 2388 2290 2443 pariter
2325 2389 2370 2430 in
2412 2398 2470 2432 eo
2497 2387 2668 2445 przedi-

1905 2451 2009 2489 cata
2034 2445 2218 2507 Morte,
2248 2461 2270 2507 Ar
2284 2447 2500 2507 raedicta]
2527 2447 2667 2507 impia

1902 2504 2111 2561 Capitula
2134 2504 2552 2556 anathematizavit
2596 2504 2672 2554 lus

1909 2567 2075 2628 verbis
2100 2580 2112 2614 :
2136 2568 2190 2614 Et
2211 2567 2434 2628 quoniam
2467 2566 2540 2618 Itis
2565 2579 2670 2628 ver-

1909 2623 1980 2686 bis
2023 2639 2131 2686 qua:
2183 2623 2315 2676 nobis
2368 2629 2430 2676 de
2485 2627 2674 2678 nomine

1913 2683 2153 2737 Theodori
2191 2688 2507 2750 MapSuesteni
2546 2688 2670 2739 scri-

1907 2754 1988 2808 pta
2010 2758 2228 2810 porrecta
2247 2752 2374 2810 stitit,
2393 2751 2542 2799 multa
2562 2763 2670 2800 cou-

1908 2808 2064 2857 traria
2075 2817 2221 2872 recta:
2236 2809 2351 2870 ﬁdei
2363 2808 2572 2872 relegunt
2609 2827 2634 2860 r
2650 2823 2668 2861 :

1907 2880 1995 2916 ms
2033 2870 2207 2934 monita
2245 2871 2395 2934 Pindi
2429 2870 2671 2934 sequentes

1906 2931 2105 2993 apostoli
2121 2932 2347 2991 docentis,
2371 2931 2540 2982 Omnia
2561 2947 2671 2993 pro-

1912 2991 2052 3052 bate,
2079 2993 2206 3048 quod
2241 2995 2416 3040 bonum
2443 3001 2517 3042 est
2551 2991 2671 3041 reti-

1911 3059 2029 3098 nete
2052 3067 2063 3099 ε
2083 3052 2283 3113 ideoque
2297 3053 2614 3103 anathemati:
2630 3069 2671 3100 ι-

1911 3124 2019 3174 mus
2071 3113 2406 3174 Way,
2453 3114 2534 3174 qui
2577 3113 2666 3174 fuit

230 3183 275 3222 ε.
302 3167 458 3238 Joly]
491 3178 544 3222 et
566 3169 773 3237 judicat
801 3179 863 3234 s;
897 3170 1083 3225 eadem
1127 3171 1288 3241 impia
1316 3172 1560 3241 epistola,
1593 3171 1809 3228 festina-
1836 3184 1882 3248 ς,
1915 3167 2524 3248 ᾃιρρξμῖειὶαᾟὲςρρήε,
2545 3167 2670 3248 ,ῥίνη

231 3266 427 3312 verunt
480 3258 980 3315 condemnationem
1019 3259 1047 3297 λ
1095 3261 1354 3327 liberare,
1407 3263 1644 3318 dicentes
1688 3279 1809 3318 eam

231 3357 539 3418 susceptam
566 3365 684 3405 esse
713 3365 741 3404 a
767 3359 949 3407 sancta
978 3351 1401 3409 Cbalcedonensi
1440 3354 1664 3425 synodo.
1695 3355 1810 3411 Hoc

233 3449 410 3494 autem
441 3440 626 3494 dictmt
653 3456 759 3496 non
789 3457 888 3511 pro
913 3442 1224 3498 defensione
1252 3452 1449 3499 sancta:
1478 3446 1684 3516 synodi,
1715 3445 1810 3499 sed

237 3533 452 3584 nomine
493 3531 628 3597 ejus.
659 3534 794 3586 sicut
825 3540 1032 3602 putant,
1078 3548 1228 3587 suam
1259 3534 1587 3604 impietatem
1615 3534 1811 3590 conﬁr-

236 3633 378 3672 mare
405 3617 745 3674 festinantes.
779 3619 996 3675 Certum
1027 3630 1205 3676 autem
1235 3631 1337 3687 est,
1367 3623 1512 3692 quod
1540 3623 1700 3693 impia
1729 3624 1810 3677 in-

236 3708 401 3762 tentio
423 3716 512 3762 est
541 3709 640 3762 ista
667 3709 1076 3776 vindicantium,
1106 3721 1160 3766 ut
1201 3714 1246 3767 si
1280 3713 1357 3768 eis
1388 3715 1626 3769 evenerit
1655 3755 1670 3781 ,
1702 3732 1808 3770 non

237 3799 559 3865 praedicetur
604 3800 744 3855 Deus
795 3802 1023 3856 Verbum
1072 3805 1232 3857 homo
1276 3814 1494 3860 sanctus
1531 3821 1667 3871 esse,
1713 3822 1812 3862 nec

237 3900 416 3942 sancta
449 3889 682 3958 gloriosa
723 3891 885 3962 Virgo
927 3892 1091 3948 Maria
1130 3893 1145 3931 ί
1181 3894 1273 3949 Dei
1299 3896 1531 3964 genitrix
1558 3897 1813 3966 pradice-

239 3984 339 4033 tur.
369 3978 501 4036 Haec
543 3982 685 4036 enim
717 3982 1030 4040 Theodorus
1054 3994 1108 4040 et
1137 3984 1411 4042 Nestorius
1449 3987 1502 4042 in
1541 3989 1650 4044 suis
1683 4004 1812 4044 con-

241 4068 452 4137 scriptis
496 4069 658 4140 impie
699 4083 1080 4142 exposuerunt,
1126 4084 1180 4129 et
1221 4077 1312 4145 qui
1357 4079 1635 4148 epistolam
1681 4079 1812 4135 scri-

241 4157 355 4222 psit,
378 4158 431 4213 in
461 4175 523 4214 ea
549 4161 882 4231 blasphemat
909 4165 953 4218 i.
978 4165 1086 4220 Nos
1113 4167 1271 4234 igitur
1289 4179 1572 4238 sequentes
1597 4179 1812 4243 sanctos

241 4247 446 4320 Patres,
463 4260 518 4306 et
543 4254 785 4311 volentes
813 4264 1014 4311 rectam
1045 4257 1202 4311 ﬁdem
1231 4259 1347 4313 siue
1363 4260 1808 4333 quadam[Forte,

247 4342 438 4417 aliqua]
471 4348 674 4401 macula
705 4349 758 4402 in
787 4349 883 4403 Dei
910 4350 1150 4405 ecclesiis
1172 4352 1449 4420 praedicari
1476 4352 1520 4418 κ,
1547 4362 1601 4408 et
1620 4356 1813 4425 impio-

247 4445 355 4485 rum
381 4442 638 4488 conatum
667 4451 930 4500 resecare,
963 4437 1189 4507 primum
1217 4440 1430 4508 quidem
1459 4449 1513 4496 et
1540 4443 1594 4496 in
1621 4445 1813 4499 vestris

247 4533 338 4574 vos
368 4521 626 4592 degentes
655 4525 895 4580 ecclesiis
923 4526 1365 4596 interrogavimus
1392 4530 1460 4586 de
1487 4531 1754 4600 praedictis
1789 4531 1806 4570 ι

251 4609 413 4681 impiis
442 4615 611 4670 tribus
641 4616 910 4686 capitulis,
952 4627 1006 4673 et
1033 4627 1266 4674 vestram
1300 4622 1454 4675 nobis
1479 4623 1810 4679 voluntatem

253 4705 575 4762 manifestam
607 4707 823 4775 fecistis,
854 4725 952 4781 pro
981 4725 1084 4780 qua
1114 4718 1167 4766 et
1189 4714 1652 4782 comprobavimus
1681 4731 1812 4785 vos,

319 4883 345 4946 ξ
373 4875 566 4946 Paris.,
595 4880 788 4934 sanctis
818 4881 956 4934 aliis.

318 4943 345 4982 ι’
375 4943 664 5020 ᾓθιιογξιεη
696 4959 744 5003 ει
773 4953 1083 5020 composita;
1109 4959 1164 5007 et
1188 4968 1335 5017 mox,
1368 4964 1667 5009 consonent.

324 5024 344 5052 ε
375 5015 570 5094 Vocem
594 5023 667 5072 sic
690 5015 899 5076 veteres
924 5020 1042 5076 libri
1065 5015 1171 5078 non
1197 5015 1508 5092 agnoscunt,
1533 5041 1704 5094 neque
1727 5042 1819 5081 ve-

256 5090 388 5137 teres
414 5088 699 5144 editiones.

321 5153 344 5190 ά
377 5155 700 5223 Legendum,
729 5158 783 5212 in
823 5164 1016 5215 sanctis
1045 5161 1143 5215 Dei
1167 5159 1434 5216 Ecclesiis.
1465 5162 1710 5218 Mendum
1735 5174 1816 5218 est

257 5227 684 5342 :ypograpbicum
710 5229 958 5286 editionis
978 5230 1274 5286 Labbeante
1298 5249 1315 5285 :
1339 5233 1425 5288 hic
1451 5242 1534 5288 est
1559 5235 1813 5288 emenda-

281 5309 380 5342 um.

281 5309 380 5346 um.

324 5371 346 5400 ο
377 5363 597 5419 Veteres
623 5365 763 5431 libri,
795 5376 846 5421 et
865 5369 1022 5423 alium
1052 5369 1326 5424 Christum.

330 5431 348 5469 ί
375 5433 671 5508 ἐζεηοντιίξ,Ϋῖ
702 5438 909 5508 insuper
934 5456 1026 5508 per
1052 5440 1371 5495 sceleratam.

326 5511 348 5570 Β
375 5502 595 5559 Veteres
621 5505 758 5570 libri,
784 5502 1025 5561 vindieat.

284 5639 295 5650 .
324 5569 350 5606 ιι
387 5571 674 5650 Bello_vac.,
705 5569 1148 5632 cbndemnatione.
1183 5577 1374 5640 Paris.,
1429 5597 1460 5633 a
1511 5582 1817 5636 condemna-

263 5643 388 5695 tione
409 5658 491 5696 eos
517 5643 755 5697 liberans.

334 5709 346 5746 ί
374 5711 692 5781 Legendum,
727 5714 952 5784 gloriosa
977 5733 1174 5787 semper
1196 5719 1354 5789 virgo.
1373 5718 1476 5774 Ista
1502 5721 1816 5776 exciderunt

1912 3230 2125 3299 omnibus
2149 3230 2247 3299 suis
2271 3230 2427 3297 itnpiis
2457 3230 2668 3299 scriptis,

1911 3300 1955 3356 ει
1995 3293 2354 3356 quirindictmt
2387 3308 2510 3347 eum.
2537 3293 2670 3346 Am;

1909 3353 2263 3420 tltegntttizamus
2284 3365 2328 3407 et
2350 3358 2544 3420 impium
2566 3358 2669 3418 epi-

1907 3429 1933 3465 s
1951 3414 2076 3466 alam
2099 3431 2204 3480 qua:
2226 3421 2291 3467 ad
2329 3414 2504 3468 Mai-int
2546 3414 2672 3469 Per-

1909 3491 2012 3547 sum
2033 3487 2214 3538 scnpta
2235 3492 2337 3529 esse
2371 3481 2430 3529 ab
2453 3480 2672 3547 __I_b,g__di-

1909 3543 2034 3587 citur
2055 3579 2068 3598 ,
2113 3548 2337 3600 (utiquam
2379 3543 2670 3592 contrariam

1910 3610 2056 3649 ιιι-σιω
2079 3598 2451 3664 Christianorum
2466 3601 2606 3664 ﬁdei,
2625 3610 2670 3653 et

1910 3673 2072 3710 omnes
2096 3661 2176 3723 qui
2199 3675 2302 3711 eam
2320 3661 2574 3720 vindicant,
2593 3661 2672 3714 rei

1909 3728 2091 3789 rectum
2123 3734 2225 3771 esse
2261 3723 2435 3789 dicunt.
2463 3724 2669 3789 Agat/te-

1910 3785 2188 3845 mutt'znmus
2211 3791 2256 3833 et
2296 3785 2476 3845 scripta
2509 3787 2672 3845 ,ΙΜ-

2086 3881 2098 3902 ,
2141 3857 2248 3902 qua:
2288 3841 2451 3895 contra
2490 3841 2671 3896 rm

1884 3892 2074 3967 Ἷῖἆὲῖῖ
2087 3892 2138 3967 ξι
2154 3892 2449 3967 duodecim”
2463 3892 2671 3967 captaibi

1910 3964 2062 4030 sancti
2085 3965 2254 4030 Cyriui
2271 3966 2448 4030 scriptu
2464 3964 2587 4021 sunt.
2615 3971 2673 4020 Et

1913 4025 2238 4092 haecquidem
2263 4031 2312 4076 in
2330 4025 2394 4092 ea
2419 4044 2528 4092 qum
2549 4033 2673 4081 dici-

1913 4092 1990 4133 tur
2014 4088 2294 4138 Judicatum
2327 4088 2507 4140 inserta
2541 4100 2666 4143 sunt.

1914 4147 2148 4214 l’utamus
2190 4157 2352 4199 autem
2404 4155 2530 4214 quod
2579 4168 2671 4204 nec

1911 4204 2004 4255 hoc
2031 4214 2397 4274 vestramlatuit
2423 4204 2672 4274 religiosi-

1911 4274 2079 4332 tatem,
2101 4274 2226 4332 quod
2241 4272 2489 4322 Rusticum
2511 4272 2558 4321 et
2578 4276 2671 4322 Se-

1911 4330 2180 4395 bastianum
2203 4346 2315 4381 suos
2335 4335 2559 4381 diaconos
2576 4373 2589 4395 ,
2619 4342 2672 4385 et

1911 4390 2036 4455 alios
2057 4392 2280 4452 clericos,
2298 4396 2378 4453 qui
2398 4398 2551 4452 primo
2568 4390 2672 4455 qui-

1911 4453 2022 4514 dem
2047 4460 2370 4513 susceperunt
2392 4455 2517 4514 quod
2557 4453 2671 4503 fecit

1914 4509 2218 4575 Judicatnm';
2247 4516 2294 4562 in
2318 4509 2433 4575 quo,
2457 4518 2578 4565 sicut
2595 4518 2672 4564 di-

1915 4581 2045 4620 ctum
2092 4582 2205 4632 est,
2261 4578 2672 4629 auathematiravit

1915 4636 2091 4698 eadem,
2107 4636 2245 4696 impia
2261 4638 2482 4698 capitula;
2504 4649 2670 4697 postea

1916 4706 2034 4741 vero
2052 4697 2347 4746 vindicarunt
2367 4707 2417 4746 et
2433 4699 2670 4748 defende-

1916 4761 2032 4805 runt
2067 4759 2239 4806 eadem
2281 4761 2423 4821 impia
2445 4762 2670 4823 capitula,

1920 4894 1972 4948 in
2013 4895 2246 4952 editione
2279 4897 2582 4954 Labbcana.

1997 4964 2234 5038 _il_’_aris.,
2287 4969 2687 5038 blasp/tenmbat.

2738 2020 2964 2093 Romae:
2995 2024 3086 2090 qui
3114 2040 3233 2093 cum
3257 2026 3486 2093 primum

2737 2092 3095 2160 suscepissent
3117 2092 3309 2148 factum
3334 2096 3402 2148 ab
3424 2112 3490 2149 eo

2737 2160 3060 2224 Jndicatum,
3080 2163 3129 2215 iu
3152 2166 3491 2230 quoanathc-

2741 2232 3014 2284 matizavit
3030 2232 3214 2285 eadem
3230 2233 3388 2301 impia
3404 2246 3492 2288 ca-
3567 2274 3581 2288 .

2740 2301 2926 2373 pitula,
2945 2308 3127 2373 postea
3141 2313 3493 2373 susceperunt

2741 2379 2796 2425 et
2814 2371 3166 2426 defenderunt.
3185 2371 3372 2426 eorum
3399 2373 3493 2426 im-

2780 2441 3018 2494 ietatcm.
3049 2440 3155 2494 Sed
3185 2442 3345 2494 etiam
3391 2443 3494 2496 Va-

2763 2510 3324 2582 culinianerpiscopo
3361 2509 3494 2582 Scya

2742 2580 2886 2642 tiliae,
2930 2587 2983 2632 et
3029 2580 3319 2633 Aureliano
3354 2580 3491 2635 Are-

2746 2649 2862 2706 lati.
2891 2663 3010 2715 qua:
3032 2650 3322 2718 estiprima,
3335 2665 3495 2705 sanc-

2745 2719 3067 2772 tissimarum
3097 2717 3280 2773 Galliae
3307 2717 3494 2775 Eccle—

2746 2789 2968 2853 siarum,
2995 2789 3209 2857 scripsit
3231 2796 3286 2843 et
3320 2791 3492 2843 mani-

2743 2858 2955 2910 festavit
2968 2859 3034 2912 de
3049 2858 3494 2914 condemnatione

2743 2928 2966 2981 istorum
3012 2928 3365 2994 capitulorum
3395 2947 3406 2980 :
3439 2937 3495 2982 et

2742 2997 2997 3066 pnecepit
3025 2997 3102 3066 eis
3147 2997 3277 3051 nihil
3323 3001 3493 3053 susci-

2744 3065 2871 3133 pere
2900 3065 3041 3132 quod
3065 3080 3095 3117 a
3119 3067 3490 3122 condemnatis

2740 3134 2982 3188 diaconis
3041 3135 3292 3188 scribitur
3356 3151 3491 3191 con-

2739 3203 2958 3257 trarium
2989 3205 3245 3272 pratdicto
3272 3203 3491 3260 Judica-

2741 3281 2796 3327 to
2821 3291 2834 3326 :
2859 3281 2913 3326 et
2935 3274 3311 3342 compendiose
3340 3276 3487 3331 dice-

2742 3357 2820 3404 re,
2853 3357 3066 3411 semper
3100 3344 3152 3397 iu
3183 3343 3370 3398 eadem
3399 3363 3495 3399 vo-

2743 3412 2944 3465 luntate
2992 3416 3373 3480 perseveravit.
3427 3415 3495 3470 Et

2740 3481 2855 3536 haec
2877 3483 3053 3552 omnia
3076 3498 3172 3552 per
3190 3499 3342 3536 suum
3359 3493 3493 3538 tem-

2738 3566 2839 3620 pus
2887 3551 3040 3605 vobis
3078 3551 3356 3607 manifesta
3409 3553 3491 3606 fa-

2739 3621 2961 3675 ciemus.
3005 3620 3265 3686 Quoniam
3303 3639 3432 3678 vero
3463 3635 3488 3672 ρ

2739 3699 2948 3759 postea,
2987 3706 3106 3744 cum
3154 3694 3491 3760 pervenisse-

2743 3761 2827 3820 tis,
2869 3761 3005 3813 sicut
3051 3761 3250 3814 dictum
3293 3771 3392 3828 est,
3424 3763 3490 3816 ad

2740 3830 2880 3882 hanc
2927 3831 3127 3896 regiam
3185 3831 3489 3896 civitatem,

2739 3899 2937 3966 scripta
2981 3899 3119 3953 facta
3169 3909 3292 3954 sunt
3341 3902 3492 3955 adin-

2742 3968 2912 4022 vicem
2935 3983 2964 4020 a
2987 3978 3161 4022 vestra
3186 3971 3485 4033 sanctitate,

2743 4046 2798 4092 et
2819 4053 2847 4090 a
2871 4037 3060 4104 Vigilio
3089 4039 3488 4106 religiosissimo

2739 4123 2876 4176 papa
2925 4109 3239 4175 antiquioris
3254 4175 3265 4187 .
3287 4107 3487 4185 Boium,

2741 4185 2800 4230 ul.
2828 4191 3014 4229 omnes
3042 4192 3137 4229 vos
3180 4185 3309 4240 uniti
3360 4192 3490 4231 con-

2740 4245 2990 4308 veniatis,
3015 4255 3070 4298 et
3099 4255 3318 4314 prOpter
3369 4247 3488 4300 illos

2740 4315 2829 4383 qui
2858 4315 2969 4367 sive
2990 4330 3054 4368 ex
3080 4315 3396 4382 ignorantia,
3420 4317 3492 4369 si-

2741 4399 2806 4438 ve
2852 4383 3114 4453 scientia,
3165 4385 3490 4452 impietatem

2741 4453 3092 4522 capitulorum
3153 4455 3482 4519 defendunt,

2741 4537 3034 4594 coxigruum
3096 4523 3351 4591 judicium
3415 4525 3492 4579 eis

2741 4608 2858 4664 quae
2879 4609 2908 4646 a
2929 4594 3375 4664 sanctisquatuor
3402 4611 3491 4664 sy-

2742 4663 2897 4717 nodis
2969 4678 3066 4731 pro
3121 4661 3224 4718 ﬁde
3269 4661 3488 4718 deﬁnita

2741 4740 2886 4799 sunt,
2911 4729 3191 4801 proferatis
3219 4750 3234 4800 ;
3264 4734 3488 4788 manda-

1995 5032 2016 5109 ξ
2047 5032 2429 5109 Vetereslihri,
2468 5040 2770 5109 prwdicarc.

2000 5101 2014 5140 ¹
2045 5102 2236 5178 Raris,
2272 5101 2520 5178 interrog.
2545 5118 2592 5161 et
2621 5109 2683 5162 de
2707 5110 2985 5178 pra'dictis.

1993 5183 2030 5209 ιη
2054 5174 2370 5241 Conjunctio
2394 5174 2546 5232 deest
2571 5180 2618 5230 in
2650 5174 2836 5233 eodem
2861 5180 2996 5232 libro
3028 5179 3194 5234 Paris.

1996 5251 2021 5278 ιι
2054 5242 2246 5330 ll’arisq
2265 5243 2462 5330 “Roma:
2485 5249 2701 5330 senioris
2731 5265 2843 5329 eum
2879 5249 3180 5330 ad_re‘giam.
3223 5266 3484 5330 pervetus-

1921 5322 2017 5387 δᾳ,
2049 5313 2112 5366 de
2134 5314 2393 5387 prwdictis
2419 5315 2593 5387 tribus
2631 5318 2800 5386 impiis
2845 5313 3079 5387 capitulis
3100 5313 3352 5372 subtiliter
3379 5338 3488 5372 ont-

1869 5383 2068 5457 Onibus
2112 5385 2578 5457 manifestatispet
2631 5383 3052 5457 interrogarimus
3098 5403 3210 5438 eum
3254 5389 3374 5452 quid
3426 5391 3488 5442 de

1915 5452 2011 5527 hac
2039 5468 2195 5504 causa
2214 5455 2385 5527 sapit;
2411 5464 2460 5506 et
2498 5455 2605 5527 ipse
2646 5474 2746 5510 non
2786 5452 2941 5508 semel
2961 5465 3157 5520 tantum
3200 5471 3358 5527 neque
3387 5459 3486 5527 bis,

1916 5520 2006 5595 sed
2030 5531 2079 5595 et
2099 5523 2287 5595 stt'pius
2324 5524 2377 5575 in
2415 5520 2618 5593 scriptis
2637 5542 2788 5595 quam
2816 5528 2925 5578 sine
2954 5527 3155 5594 scriptis
3182 5520 3474 5581 until/tenta?

1917 5591 2094 5663 timuit
2118 5591 2277 5663 impia
2308 5591 2678 5663 tridcapilulti.

1988 5668 2012 5693 ο
2040 5659 2242 5736 ρθιιον.
2275 5659 2506 5736 (ςξεᾷἰῑεέ
2527 5665 2577 5715 in
2608 5665 2808 5736 scriptis
2831 5671 2878 5714 et
2897 5663 3010 5716 sine
3034 5666 3257 5736 scriptis.

1989 5739 2016 5776 Ρ
2040 5728 2259 5784 Veteres
2286 5730 2425 5801 libri,
2458 5728 2862 5798 Quoniam'vere.

334 5819 348 5848 ¹
377 5816 448 5874 Ex
477 5836 576 5876 ms.
604 5821 725 5908 θρὰ.
757 5819 924 5878 Paris.
966 5823 1170 5881 Claudii
1201 5826 1320 5898 Joly
1349 5844 1467 5884 can.
1501 5837 1554 5885 et
1588 5832 1820 5888 cantoris
1847 5831 1989 5892 Eccl.
2024 5835 2190 5892 Paris.
