4042 6474
491 385 564 447 85

493 502 735 564 deposuit.
757 498 818 549 Et
830 498 952 564 ‘n_on_
966 493 1118 564 solum
1143 492 1255 552 hoc,

494 557 583 612 sed
606 564 754 610 etiam
786 560 844 608 ad
872 557 1256 606 Valentinianum

497 626 775 687 vulscorum
797 620 1037 687 Scythiae,
1062 624 1117 687 et
1151 614 1256 687 μμ.

499 675 735 733 rélianum
754 675 1029 743 episcopum
1049 675 1253 743 Arelati,

498 757 609 807 qua
632 750 711 792 est
734 735 885 807 prima
902 740 1069 789 Gallae
1089 735 1262 807 Eccle-

500 798 699 866 siarum,
723 798 960 866 scribens,
979 798 1261 849 manifesta-

500 869 568 915 vit
588 865 1045 914 condemnationem
1070 872 1263 907 eorum-

499 928 614 976 dem
624 926 959 986 capitulorum,
978 922 1268 986 pracipiens

503 990 578 1036 eis
591 981 715 1050 nihil
734 981 985 1050 suscipere
999 1000 1021 1030 ιι
1036 981 1265 1050 condem-

504 1047 631 1097 natis
650 1042 879 1108 scriptum
899 1052 1065 1093 contra
1090 1042 1266 1108 praedi-

504 1117 635 1157 ctum
679 1102 987 1156 Judicatum:
1029 1110 1081 1152 et
1123 1102 1267 1156 (Hoc

507 1176 594 1225 est,
620 1176 673 1234 et
696 1174 748 1217 ιιι
771 1170 922 1234 verbo
940 1164 1116 1223 dicam)
1134 1176 1268 1234 com-

511 1231 745 1291 pendiose
774 1230 971 1291 dicere,
997 1237 1195 1286 semper
1219 1230 1268 1271 in

510 1290 683 1339 eadem
710 1290 955 1337 voluntate
981 1296 1270 1347 persevera-

510 1352 596 1400 vit.
643 1350 700 1400 Et
740 1350 844 1399 haec
865 1350 1021 1396 omnia
1044 1347 1272 1407 jussimus

515 1412 649 1461 vobis
669 1412 917 1460 insinuari.
938 1409 1169 1466 Quoniam
1189 1420 1274 1455 ve-

513 1486 569 1521 ro
587 1486 695 1521 cum
717 1480 881 1531 postea
902 1471 1099 1519 venistis
1116 1468 1175 1531 ad
1194 1479 1277 1515 re-

515 1535 644 1593 giam
665 1530 926 1590 civitatem,
953 1534 1128 1591 scripta
1157 1530 1277 1577 facta

515 1605 628 1643 sunt
652 1596 778 1642 inter
804 1601 917 1642 vest:
934 1605 1008 1639 am
1046 1593 1273 1639 sanctita—

515 1663 615 1705 tem
642 1662 689 1705 et
716 1653 1275 1717 Vigiliumreligiosissi-

515 1730 646 1766 mum
671 1714 835 1778 papam
859 1716 1074 1778 senioris
1092 1714 1272 1778 lioinze,

517 1784 570 1827 ut
587 1775 862 1827 vos’oinnes
878 1775 1174 1825 conveniatis
1197 1787 1207 1819 :
1227 1784 1279 1822 et

521 1846 722 1900 propter
746 1851 832 1900 eos
847 1840 929 1897 qui
953 1837 1028 1900 vel
1054 1848 1115 1883 ex
1140 1836 1278 1900 igno-

517 1898 675 1950 rantia
706 1898 785 1948 vel
821 1899 1022 1947 scientia
1058 1898 1279 1956 impieta-

518 1967 619 2009 tem
659 1958 973 2022 capitulorum
1022 1957 1279 2015 vindicant,

484 2062 487 2063 ν
516 2020 890 2071 convenientem
910 2020 984 2067 his
999 2030 1109 2079 qua;
1128 2030 1283 2079 asan-

520 2084 614 2130 ctis
630 2088 835 2144 quatuor
853 2077 1069 2144 conciliis
1085 2077 1283 2144 deﬁnita

523 2139 978 2191 sunt'sententiam
1033 2141 1169 2186 dare.
1226 2139 1286 2188 Et

521 2215 649 2252 nunc
704 2203 834 2251 idem
895 2202 1289 2263 religiosissimus

428 2271 443 2284 ‘
528 2263 748 2326 Vigilius
768 2261 1015 2312 contrarie
1040 2261 1190 2326 factus
1215 2272 1290 2309 est

520 2323 624 2374 suae
665 2325 939 2383 voluntatis,
981 2323 1153 2370 nolens
1195 2335 1287 2369 una

522 2399 631 2435 cum
644 2387 866 2434 omnibus
878 2384 1144 2434 secundum
1164 2383 1290 2444 quod

564 2446 710 2497 Iacuit
750 2454 1051 2496 convenire:
1094 2445 1182 2492 sed
1210 2457 1290 2491 so-

546 2520 603 2556 os
624 2514 727 2557 tres
750 2508 1047 2571 patriarchas
1067 2510 1119 2555 et
1142 2504 1290 2554 alium

528 2581 676 2617 unum
731 2572 1047 2630 episcopum,
1098 2574 1149 2630 et
1199 2580 1288 2628 per

529 2630 716 2691 [Forte,
742 2628 793 2678 ut
816 2628 923 2691 per]
946 2628 1288 2678 contradictio-

528 2668 641 2740 ifein
652 2668 797 2739 Ἐέυέἑ
816 2668 1113 2750 inpie-retin
1125 2668 1292 2737 d'ice'i'is

532 2758 635 2799 tres
677 2758 858 2800 tantum
906 2753 1157 2811 episcoios
1202 2750 1287 2798 ha-

533 2813 656 2873 bere
671 2812 853 2873 [Forte,
866 2824 921 2859 se
939 2813 1165 2873 habere],
1180 2824 1289 2859 cum

530 2872 924 2935 multi’episcopi
938 2872 1000 2935 ab
1022 2872 1287 2920 Occidente

529 2946 640 2982 cum
653 2933 757 2996 ipso
768 2933 1292 2996 sint.Noshocaudien-

529 3000 628 3057 tes,
652 2994 829 3058 saepius
856 2995 1185 3058 mandavimus
1220 2994 1287 3051 ei,

531 3065 582 3104 et
602 3070 690 3118 per
709 3057 1115 3117 nostrosjndices,
1135 3062 1187 3102 et
1203 3067 1292 3115 per

530 3117 803 3178 aliquantos
832 3129 895 3166 ex
926 3117 1077 3173 vobis,
1105 3121 1162 3178 ut
1181 3127 1292 3178 eum

531 3176 757 3228 omnibus
768 3181 1012 3226 conveniri
1033 3184 1068 3235 t;
1084 3184 1136 3226 et
1148 3176 1296 3236 [For-

534 3246 595 3301 ῳ,
623 3241 693 3301 ιιι]
718 3239 960 3287 sententia
977 3238 1121 3301 detur
1146 3244 1296 3285 recta:

536 3297 646 3349 ﬁdei
672 3296 971 3348 conveniens
993 3335 1007 3353 ,
1034 3296 1111 3347 vel
1152 3310 1298 3346 unuse

535 3363 746 3422 quisque
771 3359 1037 3421 patriarcha
1072 3371 1168 3407 una
1191 3372 1299 3406 cum

535 3421 750 3483 quinque
772 3428 855 3469 aut
888 3421 1041 3468 tribus
1064 3422 1303 3482 episcOpis

538 3484 856 3531 convenirent
873 3494 981 3529 cum
1004 3484 1106 3542 ipso
1129 3486 1180 3529 et
1197 3483 1303 3542 epi-

538 3544 697 3603 scoliis
735 3544 866 3603 ejus;
908 3548 991 3590 aut
1027 3546 1070 3591 si
1094 3543 1184 3590 hoc
1207 3555 1301 3603 non

543 3602 782 3665 elegerit,
822 3604 911 3651 sed
939 3617 1026 3661 per
1064 3602 1303 3652 contradi-

541 3664 773 3713 ctionem’
830 3664 1041 3714 voluerit
1111 3676 1303 3713 causam

543 3727 824 3785 exercitari,
850 3733 904 3775 ut
917 3726 1106 3785 judices
1126 3726 1305 3773 dentur

542 3789 807 3836 secundum
906 3788 1304 3837 consuetudinum

543 3851 853 3908 Synodorum,
867 3856 917 3897 et
937 3850 1061 3897 sicut
1081 3856 1306 3897 anteces-

545 3922 684 3958 sores
726 3912 877 3957 nostri
921 3912 1174 3969 iecerunt;
1223 3910 1306 3969 qui

544 3970 732 4020 debent
757 3972 859 4019 haec
880 3983 989 4030 qua:
1012 3971 1073 4019 ab
1094 3982 1309 4031 unaqua-

544 4043 644 4092 que
684 4038 821 4093 parte
858 4042 1110 4080 moventur
1150 4032 1310 4080 disce-

545 4101 712 4155 ptare,
738 4093 947 4155 eoquod
976 4106 1066 4141 non
1093 4100 1170 4140 est
1202 4105 1312 4154 pos~

546 4154 691 4203 s;bile
704 4154 900 4203 eosdem
919 4156 1311 4203 eti-outradicere

548 4223 600 4263 et
640 4216 869 4270 iudicare.
896 4216 1013 4264 Cum
1052 4223 1216 4263 autem
1251 4217 1308 4262 ad

547 4275 726 4324 nullam
740 4279 1119 4338 propositionem
1138 4274 1307 4324 voluis-

546 4345 626 4384 set
663 4340 943 4397 convenire,
983 4340 1311 4385 mandavimus

550 4398 598 4444 ei
623 4399 749 4456 quod
773 4406 825 4446 et
848 4406 1058 4446 vestram
1081 4400 1312 4446 sanctita-

550 4463 652 4505 tem
686 4465 737 4507 et
774 4458 898 4507 alios
941 4460 1231 4520 patriarchas
1267 4464 1314 4507 in

552 4521 750 4579 scriptis
785 4520 847 4566 de
874 4522 962 4567 hoc
996 4522 1315 4581 interrogavi-

552 4592 691 4640 mus;
718 4586 768 4643 ut
790 4588 1016 4643 tanquam
1057 4583 1197 4643 impia
1226 4590 1313 4631 ista

555 4640 763 4698 capitula
805 4641 867 4689 ab
890 4640 902 4643 ’
921 4640 1142 4691 omnibus
1195 4656 1312 4692 eon-

553 4701 873 4766 dcmnentur;
898 4703 977 4752 vel
1011 4704 1052 4752 si
1093 4705 1201 4765 quis
1224 4719 1313 4766 pu-

555 4763 736 4827 taverit
771 4772 905 4812 recta
938 4776 997 4827 ea
1037 4763 1177 4827 esse,
1206 4763 1313 4815 evi-

553 4822 730 4871 denter
753 4837 887 4872 suam
902 4822 1194 4875 voluntatem
1217 4841 1314 4875 ma-

555 4883 771 4936 nifestet.
789 4885 1013 4935 Alienum
1030 4889 1159 4935 enim
1178 4889 1317 4937 Chi-i-

556 4946 727 4992 stianis
765 4956 876 5006 est,
901 4961 1010 4997 cum
1047 4960 1183 4998 recta
1221 4950 1316 4999 tide

559 5005 1136 5071 iinpielatem'suscipere,
1155 5021 1199 5058 et
1224 5026 1317 5060 non

558 5068 843 5116 discernere
901 5068 1033 5119 recta
1076 5068 1314 5119 annalis.

557 5127 696 5177 Scire
717 5131 847 5177 enim
864 5144 948 5180 vos
967 5131 1199 5195 volumus,
1222 5144 1316 5183 etc.

1922 366 2142 430 VlGlLll
2183 369 2382 429 ΡΑΡᾸΞ

3704 350 3774 409 56

1326 490 1499 546 vimus
1523 482 1597 542 illi
1639 486 1801 542 etiam
1830 501 1928 555 per
1948 499 2073 537 nos-
2106 493 2153 548 Α
2181 484 2467 554 praedicata
2503 489 2646 547 sunt,
2688 478 2923 546 servant,
2962 486 3016 535 et
3052 478 3343 552 prmdicant
3381 478 3433 532 in
3464 486 3649 533 sancta
3679 468 3777 533 Dei

1331 570 1440 615 tros
1459 558 1686 627 judices,
1722 567 1776 610 et
1797 567 1892 623 per
1911 569 2077 623 quos-

1329 630 1449 684 dam
1472 644 1539 681 ex
1563 628 1735 692 vobis,
1752 636 1809 678 ut
1836 640 1939 678 una
1960 638 2080 677 cum

1330 697 1576 754 omnibus
1646 695 1982 759 conveniret,
2029 699 2086 745 et

1332 766 1691 822 communiter
1756 764 2083 830 disceptaret

1335 837 1401 890 de
1452 835 1722 901 praedictis
1773 830 2020 901 capitulis
2069 837 2083 881 ὲ

1335 914 1396 959 ιιι
1450 904 1619 959 forma
1672 904 1891 956 daretur
1927 909 2090 954 rectae

1340 974 1462 1028 lidei
1485 973 1811 1027 conveniens
1840 988 1853 1022 ι
1877 968 2091 1037 etquod

1337 1052 1394 1098 et
1489 1043 1663 1112 ipsum
1732 1048 1789 1112 et
1858 1046 2093 1112 vestram

1338 1108 1676 1168 sanctitatem
1756 1109 1810 1162 in
1880 1108 2095 1176 scriptis

1341 1181 1784 1248 interrogavimus
1838 1177 1905 1232 de
1936 1178 2089 1257 .hoc,

1340 1261 1401 1307 ut
1466 1259 1559 1303 aut
1612 1257 1864 1317 tanquam
1934 1260 2098 1315 impia

1342 1320 1575 1390 capitula
1599 1319 1665 1372 ab
1691 1317 1946 1390 omnibus
1967 1331 2097 1371 con-

1345 1387 1747 1451 demnarentur,
1774 1394 1867 1439 aut
1907 1387 1949 1441 si
2001 1402 2099 1453 pu—

1345 1469 1427 1513 tat
1487 1470 1634 1513 recta
1708 1472 1858 1520 esse,
1918 1462 2104 1524 aperte

1347 1545 1501 1584 suam
1525 1528 1891 1582 manilestaret
1920 1526 2102 1579 volun-

1348 1609 1530 1653 tatem.
1558 1597 1805 1652 Alienum
1834 1598 1977 1651 enim
2023 1600 2107 1648 est

1348 1668 1802 1732 Christianorum,
1833 1680 1952 1720 Cum
1982 1680 2104 1718 rec-

1350 1747 1405 1793 ta
1445 1738 1549 1792 ﬁde
1594 1738 1757 1806 impia
1807 1737 2103 1806 suscipere,

1351 1818 1409 1864 et
1434 1822 1541 1861 non
1572 1822 1601 1860 a
1645 1804 1801 1859 malis
1826 1814 1971 1859 recta
1993 1804 2105 1856 dis-

1352 1891 1593 1932 cernere.

1352 1945 1645 2011 mandavit,
1675 1946 1819 2012 quod
1863 1944 1929 1997 de
1975 1957 2111 2012 prae-

1354 2016 1512 2070 dictis
1543 2016 1711 2067 tribus
1738 2013 1985 2083 capitulis
2016 2026 2114 2081 per

1355 2084 1702 2153 semetipsum
1742 2082 1963 2147 iaciens,
1990 2097 2116 2151 pore

1360 2156 1495 2223 riget
1543 2154 1716 2223 nobis.
1749 2153 2116 2223 Adhortamur

1360 2222 1521 2293 igitur
1566 2222 1735 2293 etiam
1779 2238 1877 2276 vos
1922 2222 1989 2275 de
2033 2222 2116 2293 his

1360 2290 1679 2362 disceptare.
1714 2290 1867 2347 Scire
1917 2291 2116 2362 etenim

1362 2379 1459 2417 vos
1506 2360 1783 2423 volumus,
1816 2360 1962 2430 quod
1996 2375 2117 2414 nos

1360 2444 1423 2487 ea
1446 2447 1565 2501 qua:
1594 2446 1624 2484 a
1654 2432 1853 2501 sanctis
1880 2440 2114 2501 quatuor

1360 2499 1622 2567 conciliis,
1669 2500 1906 2566 Nicaeno,
1949 2499 2119 2553 Conse

1360 2570 1830 2639 tantinopolitano,
1899 2568 2120 2639 Ephesi~

1362 2658 1432 2696 no
1458 2638 1631 2710 primo
1662 2644 1707 2703 ⁸,
1740 2648 1795 2695 et
1821 2638 2120 2710 Chalcedo-

1362 2708 1536 2775 nen'si,
1582 2709 1650 2763 de
1694 2726 1801 2763 una
1830 2708 2122 2776 eademque

1362 2778 1467 2834 ﬁde
1506 2779 1749 2849 exposita
1800 2788 1856 2833 et
1905 2778 2122 2849 deﬁnita

1361 2857 1504 2914 sunt,
1535 2857 1591 2903 et
1644 2850 1711 2903 de
1758 2848 2122 2902 ecclesiastico

1362 2928 1509 2973 statur
1524 2918 1841 2986 regulariter
1867 2917 2124 2986 disposita

1363 3004 1658 3054 servamus,
1689 2998 1744 3042 et
1765 2988 1923 3042 defen
1944 2989 2119 3050 limus,

1364 3067 1420 3112 et
1458 3073 1519 3112 ea
1565 3059 1858 3127 sequimur,
1900 3065 1954 3110 et
2008 3071 2122 3127 orn-

1366 3128 1452 3181 nia
1493 3141 1613 3195 qua:
1641 3125 1964 3181 Cconsoaant
2010 3125 2125 3178 istis

1367 3198 1686 3265 suscipimus
1740 3204 1795 3249 et
1849 3195 2122 3263 amplecti-

1368 3264 1795 3332 mur.'Quidquid
1819 3274 1997 3318 autem
2022 3280 2128 3318 non

1370 3343 1633 3389 consonat
1658 3334 1789 3398 istis,
1828 3335 1910 3388 vel
1940 3349 1971 3386 a
1999 3349 2130 3402 qua-

1372 3419 1586 3472 cunque
1623 3419 1850 3473 persona
1876 3405 2130 3472 scriptum

1373 3474 1676 3528 inveniatur
1705 3484 1891 3527 contra
1922 3489 1983 3527 ea
2014 3488 2134 3542 qua:

1373 3544 1441 3598 de
1484 3558 1589 3597 una
1618 3544 1914 3613 eademque
1953 3542 2056 3597 ﬁde
2101 3558 2134 3597 a

1375 3614 1574 3667 sanctis
1608 3620 1841 3683 quatuor
1894 3614 2136 3683 conciliis

1373 3682 1461 3736 vel
1514 3680 1641 3738 uno_
1669 3698 1744 3738 ex
1792 3683 1875 3737 his
1919 3680 2136 3737 deﬁnita

1375 3759 1519 3819 sunt,
1573 3755 1677 3807 hoc
1728 3762 1978 3821 tanquam
2009 3753 2139 3807 alie-

1376 3838 1506 3876 num
1542 3824 1761 3878 omnino
1800 3822 2015 3891 pietatis
2040 3838 2138 3876 ex-

1377 3907 1650 3947 secramur
1682 3911 1694 3945 :
1731 3895 2005 3962 sequimur
2038 3907 2139 3945 au-

1380 3968 1488 4015 tem
1523 3962 1575 4016 in
1628 3963 1874 4017 omnibus
1926 3969 2142 4018 sanctos

1385 4032 1569 4086 Patres
1589 4041 1644 4085 et
1669 4033 1917 4087 doctores
1943 4040 2143 4086 sanctze

1385 4100 1476 4154 Dei
1500 4102 1767 4166 Ecclesiae,
1791 4102 1953 4168 idest,
1977 4101 2145 4155 Atha-

1384 4172 1607 4235 nasium,
1658 4171 1941 4236 Hilarium,
1992 4171 2143 4225 Basi-

1384 4240 1535 4309 lium,
1583 4240 1896 4310 Gregorium
1944 4242 2147 4297 theolo-

1384 4324 1526 4378 gum,
1567 4311 1968 4381 et-Grcgnrium
2009 4311 2146 4382 Nys-

1384 4396 1570 4434 senuin
1621 4383 1677 4445 δ,
1781 4382 2143 4445 Ambrosium,

1390 4449 1740 4520 Tthphilum
1781 4492 1795 4515 ,
1888 4450 2147 4506 Joannem

1422 4519 2070 4585 ConStantinopolitanum
2099 4562 2115 4585 ,

1387 4588 1643 4660 Cyrillum
1675 4626 1690 4657 ,

1386 4658 1671 4714 Proculum
1687 4698 1702 4722 ,
1760 4658 1991 4715 Lennem
2017 4699 2032 4727 ,
2088 4669 2144 4714 et

1386 4730 1565 4783 omnia
1590 4744 1709 4798 qua:
1746 4729 1812 4782 ab
1840 4729 1923 4783 his
1949 4730 2015 4784 de
2044 4728 2149 4785 ﬁde

1384 4808 1532 4853 recta
1585 4808 1641 4855 et
1709 4799 1776 4852 ad
1823 4800 2150 4853 eondemna-s

1388 4869 1589 4923 tionem
1620 4869 1992 4924 haireticorum
2018 4884 2149 4923 con-

1387 4939 1587 5007 scripta
1634 4947 1689 4993 et
1735 4939 1976 5007 exposita
2021 4946 2146 4992 sunt

1388 5009 1725 5077 suscipimus.
1777 5008 1834 5061 In
1881 5008 2148 5077 praedictis

1388 5077 1548 5145 igitur
1571 5078 1817 5133 omnibus
1836 5091 2149 5145 permanen-

1392 5156 1491 5213 tes,
1516 5147 1636 5202 illos
1666 5147 1851 5201 Patres
1881 5156 1936 5200 et
1959 5161 2143 5199 sacer—

560 5230 715 5286 dotes
741 5233 1058 5303 suscipimus
1074 5236 1164 5305 qui
1186 5251 1249 5292 ea
1271 5250 1390 5305 qua:
1402 5251 1430 5290 a
1444 5237 1642 5291 sanctis
1657 5244 1888 5304 quatuor
1905 5234 2146 5291 conciliis

562 5320 627 5376 de
654 5320 755 5380 ﬁde
793 5328 1035 5397 exposita
1063 5336 1209 5397 sunt,
1242 5338 1298 5383 et
1323 5344 1352 5382 a
1374 5327 1640 5399 praedictis
1669 5328 1870 5382 sanctis
1898 5326 2144 5417 Patribus

635 5512 659 5539 ⁸
698 5502 813 5560 Vox

842 5507 1008 5576 primo
1028 5508 1365 5563 desideratur
1387 5508 1439 5562 in
1466 5507 1658 5564 codice
1690 5508 2000 5564 Parisiensi.

636 5572 661 5611 δ
693 5572 860 5646 Paris.
894 5579 1170 5646 mendose,
1206 5577 1602 5631 Numusemum.

640 5655 661 5683 ι·
693 5643 915 5705 Veteres
939 5647 1060 5703 libri
1104 5667 1116 5702 :
1150 5643 1410 5713 Quoniam
1431 5663 1570 5701 vero.

635 5714 660 5751 ιι
690 5714 746 5768 ld
769 5724 872 5784 est,
902 5718 1147 5839 symbolo
1178 5717 1467 5775 Theodori.

638 5794 660 5821 ⁶
688 5783 909 5839 Veteres
952 5788 1072 5839 ibri.
1104 5806 1136 5839 a
1164 5804 1335 5839 super.
1370 5794 1467 5837 tem

638 5794 660 5821 ε
688 5783 909 5841 Veteres

971 5788 1072 5848 hri,
1104 5806 1136 5841 a
1164 5804 1335 5858 super.
1370 5794 1525 5855 temp.

640 5854 658 5893 ί
694 5853 886 5922 Paris,
909 5865 1081 5910 autent
1122 5853 1410 5913 ros'etiam.

2186 573 2441 629 Euclesia.
2465 572 2690 639 Quando
2714 580 2843 626 vero
2876 581 2899 611 ⁸
2934 570 3172 625 haeretici
3203 585 3297 639 per
3322 570 3501 625 omnia
3524 557 3777 626 Theodot-

2184 680 2302 719 rum
2324 673 2379 719 et
2402 663 2703 717 Nestorium
2733 670 2787 716 ct
2814 676 2999 716 eorum
3030 660 3355 730 impietatem
3385 660 3653 715 vindicare
3681 676 3779 715 voc

2186 755 2530 818 lentes,sicut
2553 753 2861 823 praedictum
2888 765 2991 819 est,
3011 759 3065 805 et
3086 758 3389 820 susceptam
3410 766 3527 805 esse
3546 751 3727 805 dicunt
3750 765 3781 803 a

2187 852 2375 900 sancto
2403 841 2828 897 Chalcedonensi
2852 840 3079 895 concilio
3100 840 3317 909 impiam
3347 840 3631 908 epistolam
3654 848 3779 909 qua:

2191 935 2259 989 ad
2288 934 2471 987 Marim
2502 932 2718 987 Persam
2748 931 2815 984 ab
2838 930 2929 985 Iba
2956 930 3151 999 scripta
3183 934 3302 985 esse
3327 928 3553 995 dicitur;
3586 930 3775 982 horta»

2193 1039 2314 1078 mur
2339 1037 2433 1078 vos
2462 1022 2806 1078 considerare
2832 1036 2896 1075 ea
2926 1035 3046 1089 qua:
3086 1035 3116 1073 a
3158 1016 3441 1073 Theodoro
3482 1018 3647 1089 impie
3667 1027 3782 1072 tam

2196 1114 2251 1169 in
2306 1114 2428 1168 aliis
2482 1112 2683 1181 scripta
2730 1120 2877 1179 sunt,
2898 1125 3061 1179 quam
3107 1110 3160 1164 in
3188 1108 3411 1165 Iudaico
3458 1109 3703 1181 symbolo
3731 1107 3785 1176 δ,

2196 1204 2341 1274 quod
2372 1212 2427 1259 et
2466 1202 2666 1272 Ephesi
2696 1210 2751 1257 et
2776 1201 3116 1256 Chalcedone
3144 1201 3432 1270 prolatum,
3467 1200 3788 1255 anathema-

2198 1295 2420 1351 tizatum
2448 1303 2531 1350 est
2554 1295 2621 1349 ab
2650 1302 2875 1364 utraque
2898 1292 3108 1364 synodo
3130 1307 3251 1346 cum
3271 1292 3352 1346 his
3375 1293 3465 1360 qui
3489 1292 3563 1346 ita
3588 1306 3789 1361 sapuea

2199 1396 2343 1453 runt,
2372 1386 2458 1442 vel
2479 1387 2697 1456 sapiunt
2724 1402 2738 1451 ;
2785 1384 3129 1440 considerare
3156 1392 3335 1438 autem
3359 1391 3414 1437 et
3440 1399 3558 1454 quae
3577 1382 3643 1437 de
3670 1383 3790 1453 ipso

2203 1490 2260 1539 et
2308 1485 2424 1553 ejus
2468 1483 2816 1553 blasphemiis
2870 1482 3045 1538 sancti
3094 1482 3281 1538 Patres
3328 1482 3792 1552 conscripserunt,

2205 1584 2259 1632 et
2286 1584 2659 1631 antecessores
2703 1573 2873 1629 nostri
2913 1575 3405 1644 promulgaverunt,
3438 1590 3539 1630 nec
3584 1590 3691 1630 non
3736 1583 3791 1630 et

2206 1683 2327 1738 qua:
2355 1668 2841 1723 ecclesiasticarum
2872 1667 3217 1722 historiarum
3267 1668 3559 1737 scriptores
3604 1666 3672 1721 de
3724 1682 3796 1721 eo

2211 1765 2598 1828 exposuerunt.
2630 1754 2711 1811 Ex
2755 1757 2839 1811 his
2882 1758 3079 1811 etenim
3135 1758 3382 1812 omnibus
3435 1758 3798 1826 cognoscetis,

2141 1851 2181 1907 Β
2208 1848 2353 1917 quod
2382 1848 2449 1902 ab
2465 1848 2556 1902 illo
2581 1855 2825 1918 tempore
2844 1847 3230 1902 condemnatus
3251 1856 3332 1902 est
3352 1856 3458 1901 tam
3486 1849 3601 1920 ipse
3626 1864 3795 1918 quam

2214 1938 2560 2008 blasphemiie
2589 1937 2705 2006 ejus
2741 1953 2772 1991 a
2811 1938 3009 1992 sanctis
3035 1936 3301 2005 Patribus,
3333 1947 3387 1993 et
3411 1938 3552 2009 quod
3577 1948 3800 2009 propter

2215 2033 2345 2088 istas
2365 2034 2729 2102 superioribus
2752 2033 3079 2102 temporibus
3107 2042 3130 2069 ε
3159 2032 3392 2087 deletum
3418 2040 3499 2086 est
3522 2040 3577 2086 et
3600 2047 3802 2086 nomen
3838 2030 3853 2041 ’

2216 2126 2333 2194 ejus
2359 2141 2389 2179 a
2418 2125 2585 2180 sacris
2611 2124 2877 2197 diptychis
2898 2123 3166 2188 Ecclesiae,
3191 2124 3343 2194 cujus
3364 2124 3463 2179 fuit
3488 2125 3798 2195 episcopus.

2218 2216 2509 2271 llortamur
2536 2225 2713 2270 autem
2744 2217 2904 2271 etiam
2938 2216 2957 2254 ί
2987 2216 3113 2270 illud
3142 2216 3464 2285 disceptare,
3487 2216 3631 2286 quod
3656 2228 3801 2271 vane

2216 2306 2488 2376 profertur
2515 2306 2583 2361 ab
2604 2306 2683 2361 eis
2710 2307 2800 2375 qui
2829 2306 3013 2360 dicunt
3051 2323 3156 2361 non
3202 2316 3454 2376 oportere
3484 2315 3605 2378 post
3648 2324 3802 2361 mor-

2219 2400 2328 2453 tem
2350 2398 2629 2454 lnereticos
2658 2399 3100 2453 anathematizari
3133 2410 3155 2446 ς
3176 2416 3190 2466 ;
3215 2408 3269 2453 et
3292 2400 3441 2467 seqni
3470 2400 3523 2454 in
3548 2400 3651 2455 hoc
3670 2400 3808 2455 doc-

2221 2491 2415 2544 trinam
2441 2488 2466 2526 ¹ι
2492 2494 2798 2545 sanctorum
2830 2489 3067 2555 Patrum,
3099 2490 3188 2558 qui
3220 2506 3325 2545 non
3354 2488 3524 2545 solum
3558 2492 3804 2546 viventes

2221 2578 2503 2635 hzereticos
2549 2579 3064 2643 condemnaverunt,
3095 2579 3188 2634 sed
3226 2588 3282 2634 et
3309 2587 3433 2649 post
3460 2587 3706 2642 mortem,
3742 2589 3811 2634 ut

2221 2680 2349 2742 pote
2374 2670 2426 2724 in
2450 2686 2545 2726 sua
2573 2671 2849 2740 impietate
2894 2678 3160 2737 mortuos,
3191 2670 3809 2739 anathematizaverunt,

2223 2763 2362 2817 sicut
2390 2776 2485 2816 eos
2506 2761 2595 2830 qui
2635 2761 2832 2830 injuste
2859 2761 3201 2816 condemnati
3229 2768 3352 2816 sunt
3375 2803 3389 2827 ,
3412 2769 3811 2816 revocaverunt

2224 2861 2347 2924 post
2392 2863 2644 2917 mortem,
2672 2861 2729 2907 et
2774 2852 2827 2906 in
2868 2852 3036 2907 sacris
3082 2851 3350 2922 diptychis
3401 2852 3729 2921 scripserunt
3790 2868 3805 2904 :

2224 2942 2369 3012 quod
2396 2941 2597 2997 factum
2618 2951 2701 2999 est
2728 2952 2783 2996 et
2806 2942 2859 2996 in
2881 2940 3108 3006 Joanne,
3139 2949 3194 2997 et
3224 2941 3275 2995 in
3299 2940 3549 2995 Flaviano
3583 2940 3806 3010 religio-

2224 3048 2298 3088 sa:
2368 3033 2642 3088 memoria:
2698 3033 2962 3104 episcopis
3027 3032 3655 3102 Constantinopolitanis.
3712 3032 3812 3087 Sic

2227 3133 2368 3188 enim
2395 3142 2575 3188 vestra
2598 3133 2613 3172 ¹
2647 3135 2966 3201 reverentia,
2994 3133 3137 3202 quod
3163 3134 3393 3204 positum
3423 3142 3502 3190 est
3523 3150 3553 3188 a
3574 3134 3808 3190 Domino

2152 3218 2198 3280 C
2230 3224 2283 3279 in
2312 3224 2598 3294 Evangelio
2642 3226 2709 3281 de
2750 3227 2866 3296 ipso
2902 3244 2915 3279 :
2958 3224 3107 3290 Quod
3127 3228 3214 3297 qui
3241 3227 3402 3281 credit
3443 3229 3497 3281 in
3537 3243 3671 3295 eum,
3701 3243 3813 3281 non

2224 3318 2523 3388 judicatur;
2548 3319 2635 3389 qui
2661 3328 2830 3371 autem
2861 3335 2963 3373 non
2994 3319 3151 3373 credit
3181 3318 3233 3373 in
3254 3336 3390 3386 eum,
3405 3320 3519 3389 jam
3540 3320 3813 3389 judicatus

2232 3419 2325 3474 est,
2358 3410 2492 3481 quod
2521 3426 2623 3464 non
2652 3410 2813 3463 credit
2858 3412 2911 3463 in
2954 3412 3160 3464 nomine
3218 3410 3477 3481 unigeniti
3528 3409 3657 3464 Filii
3712 3408 3815 3463 Dei

2235 3500 2416 3573 (Joan.
2449 3500 2548 3571 ιιι).
2580 3499 2917 3554 Manifestum
2972 3508 3150 3554 autem
3192 3508 3291 3565 est,
3316 3499 3461 3569 quod
3486 3499 3653 3573 [quod
3683 3497 3815 3569 hoc]

2236 3606 2343 3644 non
2370 3598 2573 3644 tantum
2606 3590 2618 3641 i
2651 3590 2718 3646 de
2738 3591 2891 3655 vivis,
2923 3589 3019 3645 sed
3065 3591 3225 3644 etiam
3272 3590 3339 3645 de
3388 3589 3473 3645 bis
3500 3590 3699 3646 dictum
3728 3592 3817 3644 est

2238 3682 2331 3750 qui
2377 3681 2431 3736 in
2486 3698 2582 3736 sua
2627 3682 2903 3753 impietate
2952 3682 3148 3737 mortui
3203 3692 3344 3737 sunt.
3382 3681 3606 3752 Insuper
3632 3690 3816 3736 autem

2239 3773 2517 3827 hortamur
2547 3790 2641 3829 vos
2670 3774 2932 3842 inspicere
2961 3782 3017 3827 et
3042 3786 3161 3842 qua:
3197 3772 3359 3843 impie
3405 3774 3603 3843 scripta
3631 3780 3755 3827 sunt
3783 3788 3817 3827 a

2241 3862 2585 3918 Theodoreto
2613 3871 2800 3918 contra
2828 3870 3026 3917 rectam
3057 3862 3212 3917 ﬁdem
3259 3872 3314 3917 et
3346 3862 3672 3933 Ephesinam
3702 3864 3819 3932 prid

2241 3970 2383 4010 mam
2413 3964 2655 4010 sanctam
2689 3954 2971 4026 synodum,
3003 3963 3058 4009 et
3082 3964 3270 4010 contra
3299 3963 3497 4009 sancta:
3542 3955 3821 4009 memoriae

2243 4047 2522 4120 Cyrillum,
2547 4055 2602 4103 et
2627 4056 2814 4103 contra
2841 4046 3121 4103 duodecim
3171 4046 3285 4114 ejus
3340 4047 3591 4117 capitula,
3613 4054 3671 4102 et
3694 4060 3819 4115 quae

2246 4141 2407 4210 impie
2436 4139 2577 4195 idem
2599 4138 2972 4194 Theodoretus
3000 4138 3428 4208 conscripsitpro
3451 4136 3735 4192 Theodoro
3763 4145 3822 4191 et

2246 4232 2494 4288 Nestorio
2523 4239 2579 4285 et
2606 4230 2951 4301 blasphemiis
2997 4244 3181 4285 eorum
3237 4238 3427 4285 contra
3478 4236 3676 4284 sanctae
3702 4245 3823 4283 me-

2248 4324 2432 4378 moriae
2460 4322 2735 4393 Cyrillum.
2768 4320 3087 4376 Examinare
3117 4330 3294 4376 autem
3326 4330 3383 4377 et
3421 4321 3487 4377 de
3514 4322 3676 4390 impia
3702 4321 3824 4389 epi—

2249 4416 2409 4477 stola,
2442 4430 2559 4483 quae
2587 4414 2780 4469 dicitur
2811 4415 2876 4468 ab
2905 4413 2994 4468 Iba
3038 4413 3106 4469 ad
3146 4414 3333 4468 Marim
3362 4414 3576 4470 Persam
3624 4415 3824 4483 scripta

2250 4522 2369 4561 esse
2407 4523 2421 4559 :
2457 4506 2508 4559 in
2538 4520 2641 4574 qua
2690 4505 2919 4574 scriptor
2970 4504 3087 4574 ejus
3137 4505 3365 4573 abnegat
3391 4505 3560 4559 Deum
3589 4504 3825 4560 Verbum

1816 4592 2138 4659 ιιιίζυειὶιιωην
2171 4596 2224 4655 D
2248 4596 2519 4653 hominem
2566 4594 2763 4649 factum
2810 4609 2929 4649 esse
2962 4612 2974 4647 ε
3006 4603 3061 4649 et
3098 4604 3337 4650 sanctam
3365 4595 3653 4664 gloriosam
3681 4610 3826 4649 sem-

2249 4711 2345 4766 per
2372 4695 2633 4763 virgincm
2672 4692 2893 4749 Mariam
2926 4694 3019 4748 Dei
3043 4692 3368 4749 Genitricem
3397 4710 3536 4750 esse.
3558 4694 3827 4750 Condem-

2250 4793 2343 4839 nat
2372 4794 2555 4839 autem
2590 4784 2779 4839 eadem
2821 4784 2984 4853 impia
3023 4785 3249 4855 epistola
3277 4794 3332 4839 et
3362 4785 3680 4855 Ephesiaam
3710 4788 3828 4857 pri-

2250 4891 2394 4930 mam
2451 4883 2697 4931 sanctam
2754 4874 3040 4944 synodum,
3068 4885 3318 4945 tanquam
3372 4878 3487 4932 sine
3528 4878 3727 4946 judicio
3771 4887 3830 4932 et

2250 4966 2545 5035 quaestione
2575 4965 2822 5020 Nestorio
2863 4965 3256 5032 condemnato;
3308 4976 3363 5021 et
3386 4977 3585 5023 sancta:
3609 4968 3828 5038 quidem

2255 5058 2525 5113 memoriae
2575 5056 2833 5129 Cyrillum
2886 5058 3140 5115 Ecclesia:
3188 5062 3487 5127 doctorem,
3513 5059 3827 5115 hmreticum

2252 5157 2439 5214 vocat,
2466 5156 2521 5203 et
2546 5149 2708 5220 impia
2731 5151 2863 5206 dicit
2889 5150 3170 5206 duodecim
3201 5152 3316 5219 ejus
3343 5152 3573 5221 capitula
3598 5168 3612 5214 ;
3646 5151 3828 5205 Theo-

2250 5238 2439 5294 dorum
2467 5249 2644 5295 autem
2673 5252 2729 5297 et
2757 5241 3057 5297 Nestorium
3086 5252 3140 5296 et
3168 5258 3355 5297 eorum
3381 5244 3708 5314 impietatem
3733 5244 3830 5297 de-

2251 5329 2484 5386 fenditet
2504 5332 2702 5386 laudat.
2720 5332 2783 5385 Et
2804 5334 3077 5402 quoniam,
3096 5335 3234 5389 sicut
3261 5334 3460 5390 dictum
3491 5344 3594 5404 est,
3624 5351 3832 5405 praesu-

2322 5520 2347 5577 ις
2385 5509 2609 5563 Veteres
2636 5511 2777 5577 libri,
2806 5513 3266 5567 anathematizare.

2320 5576 2349 5651 ξι
2375 5578 2539 5651 [idem
2565 5581 2700 5644 libri,
2724 5576 2771 5633 et
2794 5584 2933 5651 sequi
2955 5594 3002 5635 et
3029 5585 3079 5635 in
3111 5584 3205 5636 hac
3225 5584 3481 5638 doctrina.

2326 5648 2343 5724 ξ
2378 5647 2685 5724 Legenduni
2894 5654 3029 5704 enim
3056 5663 3241 5707 vestra.
3278 5653 3438 5707 Error
3468 5663 3548 5708 est
3572 5662 3824 5724 typogra-

2254 5718 2446 5787 phicus
2470 5718 2718 5773 editionis
2749 5719 3061 5785 Lahheante,
3099 5724 3185 5775 hic
3213 5726 3576 5777 enwndatnm.

2325 5789 2337 5836 ι
2381 5787 2701 5867 Legendum,
2733 5791 2867 5867 quod
2896 5791 2990 5867 (ιρι
3031 5808 3130 5844 non
3163 5794 3468 5867 ta_uluiu_._l$t
3501 5797 3585 5848 hic
3612 5812 3831 5866 quoque.

2254 5871 2406 5911 error
2432 5866 2514 5912 cst
2542 5858 2789 5914 editionis
2822 5858 3136 5927 Labbcanae,
3170 5863 3256 5916 hic
3286 5864 3574 5918 sublatum.
