4042 6480
234 389 294 443 5⁵1
1427 382 1467 435 Ε
1476 379 1780 435 ΡΙΞΤΟΙΛΕ

1942 375 2069 429 DEC
2080 376 2277 428 ΜΕΤΑ.

3392 372 3461 426 38

233 495 595 566 muntquidam
608 492 1290 563 dicere,etepistolamqim
1303 489 1798 561 pnedictamimpie—
1829 493 1871 547 Α
1908 487 2183 541 riosissimi
2213 485 2537 540 Childeberti
2568 484 2895 539 Francorum
2926 498 3064 553 regis
3090 483 3386 540 Christiana
3407 496 3460 540 et

232 596 386 645 tatem
418 587 657 642 continet
688 592 989 653 susceptam
1027 598 1147 638 esse
1175 598 1206 637 a
1231 580 1652 637 Chalcedonensi
1673 594 1799 632 san-

233 690 316 735 cto
330 688 349 711 "
365 676 611 742 concilio,
625 675 901 731 hortamur
922 689 1018 729 vos
1038 674 1283 729 conferre
1301 686 1365 727 ea
1379 686 1498 742 qua:
1512 669 1652 724 dicta
1673 676 1800 723 sunt

234 770 297 823 ab
322 767 504 823 eodem
526 771 714 821 sancto
742 765 975 820 concilio
1004 764 1059 818 in
1088 763 1403 818 deﬁnitione
1431 776 1532 831 pro
1562 757 1665 814 ﬁde
1694 774 1795 813 ex-

235 859 419 929 posita,
445 871 566 912 cum
594 857 675 910 his
693 869 813 924 quae
840 855 894 908 in
935 854 1098 924 impia
1123 852 1351 923 epistola
1374 850 1402 889 δ
1432 849 1794 912 continentur,

234 958 289 1004 ιιι
311 948 537 1019 undique
564 954 713 1003 recta
741 946 957 1015 quidem
978 944 1382 1009 conﬁrmentur,
1408 941 1571 1010 impia
1616 947 1796 993 autem

232 1041 664 1096 condemnentur.
686 1036 872 1091 Omnia
897 1036 1058 1105 igitur
1069 1034 1321 1105 prmdicta
1346 1048 1467 1087 cum
1498 1030 1643 1086 omni
1672 1029 1800 1082 sub-

234 1130 411 1183 tilitate
431 1128 814 1195 disceptantes,
837 1125 977 1179 sicut
1003 1123 1314 1178 sacerdotes
1342 1120 1513 1184 decet,
1537 1120 1592 1172 in
1618 1126 1799 1171 mente

233 1219 480 1272 habentes
508 1215 602 1269 Dei
630 1216 877 1269 timorem
909 1222 964 1269 et
1002 1213 1237 1267 futurum
1263 1211 1548 1280 judicium,
1582 1217 1638 1263 et
1664 1209 1798 1262 nihil

233 1308 404 1378 pietati
429 1314 486 1361 et
512 1314 675 1361 rectas
720 1304 843 1359 ﬁdei
872 1315 926 1358 et
951 1303 1164 1358 veritati
1185 1308 1241 1356 et
1278 1299 1372 1354 Dei
1402 1299 1587 1367 gloriae
1610 1305 1665 1351 et
1702 1298 1799 1352 ho-

232 1397 342 1451 nari
382 1394 843 1467 praeponentean
867 1400 1045 1448 mente
1066 1400 1245 1446 autem
1283 1389 1543 1443 habentes
1587 1395 1643 1441 et
1669 1402 1800 1456 apo-

231 1486 467 1541 stolicam
490 1484 1003 1554 pronuntiationem,
1026 1496 1144 1551 qua:
1162 1486 1347 1536 contra
1366 1494 1460 1534 eos
1481 1479 1571 1548 qui
1589 1489 1800 1532 contra-

232 1575 301 1626 ria
329 1582 489 1628 recta:
514 1573 633 1627 ﬁdei
665 1571 900 1636 tradunt,
924 1572 1135 1641 prolata
1158 1578 1261 1637 est,
1288 1568 1570 1623 manifeste
1616 1567 1800 1621 dicen-

232 1672 365 1717 tem:
394 1661 547 1726 Quod
570 1664 686 1716 licet
706 1679 799 1715 nos
821 1661 896 1714 vel
923 1661 1135 1729 angelus
1159 1660 1359 1714 ἀθεωΙο
1380 1657 1803 1729 euangelizaoerit

230 1752 377 1818 vobis,
408 1764 599 1823 praeter
618 1770 767 1823 quam
783 1753 917 1823 quod
936 1752 1393 1822 eoaugelizavimus
1416 1748 1556 1803 vobis
1591 1760 1636 1815 ο,
1666 1765 1801 1801 ana-

1903 579 2013 633 Deo
2053 578 2248 647 placita
2295 578 2348 631 in
2387 576 2719 646 perhibendo
2759 577 2911 631 vobis
2940 577 3246 631 testimonio
3272 577 3467 631 volun-

1900 678 1982 722 tas
2022 668 2269 723 accessit.
2296 666 2637 737 Quapropter
2663 666 2808 721 vices
2834 675 3046 721 nostras
3074 674 3265 721 vestra:
3292 666 3469 721 chari-

1900 761 1997 815 tati
2039 760 2141 814 hac
2169 760 2493 814 auctoritate
2530 756 2949 824 committimus,
2994 764 3053 810 ut
3081 757 3327 811 universa
3350 772 3469 827 qua:

1898 850 2242 904 decessorum
2289 858 2595 904 nostrorum
2622 849 2709 903 vel
2738 863 3005 902 canonum
3034 854 3232 901 statuta
3275 862 3468 902 sanxe-

1900 947 2047 1005 runt,
2074 940 2183 994 Deo
2205 940 2455 1008 congruis
2474 939 2725 1008 operibus
2748 937 2987 992 faciendo
3005 945 3163 1005 atque
3183 936 3463 1002 servando,

1900 1038 1956 1084 et
1982 1038 2245 1096 nostrum,
2280 1039 2335 1084 et
2361 1030 2602 1099 prmdicti
2630 1028 2847 1097 gloriosi
2875 1027 3015 1093 regis
3038 1026 3298 1096 judicium
3326 1026 3468 1081 circa

1899 1118 2216 1173 charitatcm
2274 1127 2421 1172 tuam
2470 1128 2674 1173 rectum
2725 1116 2886 1171 fuisse
2938 1118 3111 1187 possis
3163 1115 3465 1171 ostendere.

1900 1210 2219 1265 Sanctarum
2248 1211 2390 1265 enim
2418 1210 2812 1279 Scripturarum
2843 1225 2940 1263 nos
2971 1209 3131 1263 docet
3156 1208 3468 1274 auctoritas,

1899 1285 2024 1367 quia
2055 1298 2298 1355 Christus
2328 1298 2468 1356 Deus
2490 1299 2745 1353 Dominus
2767 1308 2822 1353 et
2849 1298 3096 1353 Salvator
3123 1305 3307 1354 noster
3326 1297 3474 1368 prius

1901 1392 2149 1445 universa
2177 1405 2296 1458 qua:
2316 1390 2457 1445 bona
2478 1397 2603 1444 sunt
2628 1388 2805 1443 facere
2832 1387 3019 1453 voluit,
3042 1402 3202 1455 quam
3230 1387 3427 1443 docere
3454 1407 3468 1442 :

1900 1482 2159 1549 scriptum
2190 1488 2273 1534 est
2299 1480 2438 1533 enim
2480 1498 2493 1531 :
2540 1479 2773 1532 Primum
2800 1479 3005 1549 quidem
3046 1493 3329 1531 sermonem
3376 1479 3473 1548 feci

1902 1576 1967 1628 de
2004 1574 2258 1639 omnibus,
2287 1592 2317 1630 ο
2360 1575 2636 1645 TheOphile
2656 1607 2673 1640 ,
2714 1591 2829 1647 qua:
2855 1576 3002 1645 erepit
3037 1574 3190 1628 Iesus
3221 1577 3388 1645 facere
3421 1583 3475 1628 et

1903 1669 2085 1724 docere
2122 1683 2280 1739 usque
2316 1668 2373 1721 in
2414 1667 2579 1735 diem,
2627 1685 2728 1739 qua
2766 1668 3071 1739 prwcipiens
3109 1667 3355 1737 apostolis
3383 1676 3475 1735 per

1907 1756 2160 1829 Spiritum
2184 1768 2423 1812 sanctum
2462 1774 2586 1829 quos
2614 1758 2766 1827 elegit
2806 1766 3097 1828 assumptus
3132 1766 3209 1810 est
3247 1758 3380 1825 (Act.
3411 1754 3474 1824 ι).

231 1844 387 1897 thema
412 1845 504 1897 sit.
538 1844 685 1898 Sicut
726 1843 1080 1913 praediximus.
1112 1854 1162 1896 et
1191 1842 1340 1895 modo
1362 1843 1548 1894 iterum
1573 1840 1687 1893 dico
1718 1854 1737 1893 :
1758 1839 1803 1892 si
1837 1858 1881 1917 B
1905 1851 2039 1905 {rem
2061 1850 2189 1920 quid
2222 1849 2617 1911 commonendo
2641 1846 2981 1905 Timotheum
3020 1849 3211 1904 ἀοειοι-
3237 1847 3476 1915 gentium

238 1936 343 2005 quis
392 1934 538 1988 vobis
587 1935 1009 2004 euangelizaverit
1071 1940 1258 2003 praeter
1306 1947 1459 2002 quant
1512 1930 1801 1999 accepistis,

233 2025 500 2077 anathema
523 2027 588 2078 sit
606 2025 812 2095 (Colat.
844 2026 905 2092 ι).
933 2023 1176 2079 Scientes
1200 2033 1379 2078 autem
1404 2030 1459 2077 et
1500 2020 1643 2076 Petri
1676 2037 1806 2090 apo-

230 2115 343 2168 stoli
392 2126 723 2183 praeceptum
771 2116 1035 2180 dicentis:
1068 2114 1250 2167 Parati
1298 2130 1498 2182 semper
1536 2122 1697 2165 estote
1737 2111 1805 2164 ad

229 2204 637 2272 satisfactionem
685 2204 826 2257 omni
853 2206 1041 2272 petenti
1076 2220 1165 2257 vos
1212 2203 1465 2256 rationem
1495 2202 1557 2255 de
1577 2217 1664 2268 spe
1692 2216 1807 2272 qua:

229 2290 278 2344 in
297 2290 433 2345 vobis
452 2301 530 2345 est
552 2291 607 2355 (l
628 2293 774 2347 Petr.
790 2293 892 2361 ut);
918 2293 1169 2348 celeriter
1182 2292 1248 2348 de
1270 2293 1352 2347 his
1368 2308 1484 2361 qua:
1507 2293 1806 2360 interroga-

228 2385 413 2450 vimus,
436 2395 675 2441 vestram
732 2386 1073 2442 manifestate
1122 2386 1475 2441 voluntatem.
1502 2385 1635 2440 Cum
1665 2384 1808 2438 enim

227 2474 314 2541 qui
345 2474 411 2529 de
464 2484 609 2531 recta
665 2475 771 2531 ﬁde
813 2479 1195 2546 interrogatur,
1224 2478 1313 2532 diu
1336 2477 1639 2546 protrahit;
1672 2476 1806 2529 nihil

229 2564 363 2618 aliud
404 2573 491 2620 est
511 2567 613 2621 nisi
656 2568 941 2638 abnegatio
969 2577 1131 2624 rectae
1160 2568 1533 2625 confessionis.
1560 2568 1616 2623 In
1647 2569 1814 2623 inter-

230 2653 596 2719 rogationibus
649 2656 791 2711 enim
846 2664 903 2711 et
956 2658 1228 2727 responsis
1276 2674 1394 2728 quae
1422 2660 1489 2713 de
1536 2658 1638 2714 ﬁde
1661 2668 1806 2724 sunt,

232 2758 331 2797 non
373 2752 464 2800 est
504 2746 707 2814 primus
732 2748 818 2802 vel
856 2747 1141 2817 secundus,
1172 2748 1265 2804 sed
1296 2749 1389 2819 qui
1423 2749 1475 2803 in
1503 2757 1653 2803 recta
1676 2762 1810 2804 con-

235 2832 471 2887 fessione
493 2836 731 2904 paratior
756 2838 1025 2893 invenitur
1046 2877 1062 2905 ,
1093 2840 1442 2910 acceptabilis
1478 2841 1617 2911 apud
1646 2841 1811 2895 Deum

230 2929 333 2975 est.
366 2922 630 2979 Divinitas
680 2940 778 2983 vos
830 2936 1013 2983 servet
1050 2944 1149 2998 per
1175 2930 1373 2985 multos
1417 2946 1606 2994 annos,
1636 2912 1813 2985 sancti

230 3026 291 3066 ac
337 3014 727 3082 religiosissimi
777 3026 976 3087 patres.
1008 3018 1198 3074 Datum
1227 3020 1250 3056 ά
1282 3036 1336 3074 ιν
1365 3036 1535 3075 nonas
1560 3031 1582 3059 ο
1626 3021 1812 3086 Maias,

230 3103 738 3176 Constantinopoli,
790 3110 998 3179 imperii
1028 3112 1231 3166 domini
1261 3113 1543 3167 Justiniani
1572 3115 1817 3183 perpetui

1906 1942 2373 2010 dicatApostolus,
2398 1939 2783 1995 fraternitatem
2806 1949 2950 1995 tuam
2973 1954 3186 2009 semper
3204 1947 3329 1993 ante
3348 1950 3477 1991 ocu~

1906 2033 1989 2087 los
2008 2032 2205 2086 habere
2234 2029 2569 2086 conﬁdimus.
2603 2030 2693 2085 Ait
2720 2032 2860 2085 enim
2892 2049 2906 2085 :
2940 2031 3247 2102 Confortare
3272 2031 3327 2083 in
3352 2046 3477 2100 αγαι-

1908 2124 1980 2175 tia
2005 2138 2122 2192 qua
2149 2127 2225 2174 est
2250 2119 2307 2174 in
2335 2119 2542 2173 Christo
2568 2117 2727 2183 Iesu;
2752 2129 2803 2172 et
2829 2135 2942 2189 quia
2969 2119 3159 2171 audisti
3197 2136 3229 2171 a
3264 2136 3345 2172 me
3388 2131 3479 2187 per

1905 2210 2096 2265 multos
2130 2217 2304 2275 testes,
2336 2210 2445 2263 htec
2474 2209 2775 2262 commenda
2804 2206 3041 2277 ﬁdelibus
3062 2207 3369 2270 hominibus,
3391 2208 3478 2277 qui

1905 2301 2079 2355 idonei
2102 2308 2252 2354 erunt
2278 2309 2328 2353 et
2360 2299 2492 2353 alios
2515 2298 2695 2353 docere
2718 2298 2806 2369 (Il
2833 2298 2965 2353 Tim.
2990 2298 3081 2367 n);
3105 2306 3160 2353 et
3180 2298 3304 2352 item
3328 2298 3478 2369 ipse:

1910 2390 2147 2446 Sollicite
2184 2404 2309 2444 cura
2332 2388 2572 2458 te'ipsum
2599 2388 2915 2461 probabilem
2935 2388 3173 2443 exhibere
3192 2387 3321 2453 Deo,
3353 2404 3477 2457 ορει

1908 2481 2103 2534 rarium
2130 2480 2563 2551 inconfusibilem,
2604 2489 2738 2535 recte
2770 2489 3075 2534 tractantem
3103 2478 3306 2534 verbum
3343 2481 3477 2532 ueri-

1909 2570 2032 2623 tatis
2063 2568 2342 2640 (Ibidem);
2370 2578 2427 2624 et
2455 2570 2647 2624 iterum
2681 2587 2694 2623 :
2735 2568 2942 2624 Labora
2971 2572 3101 2623 sicut
3139 2568 3300 2623 bonus
3334 2569 3482 2622 miles

1911 2660 2107 2715 Christi
2137 2660 2282 2715 Jesu.
2317 2660 2561 2730 lntellige
2581 2677 2697 2731 quae
2736 2662 2890 2726 dico;
2922 2660 3063 2713 dabit
3091 2661 3228 2713 enim
3258 2659 3346 2713 tibi
3374 2658 3485 2713 Do-

1910 2754 2081 2805 minus
2114 2754 2170 2807 in
2198 2753 2435 2833 omnibus
2463 2753 2776 2806 intellectum
2798 2751 3064 2823 (Ibidem).
3095 2750 3150 2804 Si
3171 2765 3329 2819 quam
3356 2764 3486 2817 ergo

1914 2845 2055 2900 inter
2083 2845 2276 2901 fratres
2312 2846 2555 2901 diabolus
2579 2882 2595 2913 ,
2639 2846 2857 2901 humani
2901 2847 3114 2913 generis
3154 2845 3321 2900 hostis
3349 2844 3487 2899 atrii-

1913 2951 2072 3006 quos,
2104 2937 2364 2990 zizaniam
2393 2936 2737 2989 seminaverit
2763 2936 3056 2992 calliditate
3083 2935 3332 3003 nequitia:
3360 2950 3489 2989 con-

1915 3034 2087 3079 suetae
2110 3064 2125 3090 ,
2175 3033 2269 3079 aut
2307 3025 2373 3078 de
2420 3026 2599 3093 aliquo
2628 3025 2967 3079 sacerdotum
2996 3024 3317 3079 fraternitati
3362 3032 3484 3087 tum,

1915 3115 2144 3169 servatis
2188 3113 2449 3183 majorum
2481 3129 2577 3183 per
2607 3114 2787 3168 omnia
2827 3113 3132 3169 constitutis
3170 3112 3329 3167 fuerit
3359 3126 3490 3179 que-

232 3194 460 3291 Aug-usti
490 3213 631 3291 anno
651 3198 739 3264 27,
767 3208 890 3268 post
915 3202 1255 3257 consulatum
1283 3202 1466 3258 Basilii
1507 3205 1605 3258 viri
1628 3205 1817 3261 claris-
1840 3227 1887 3291 ο
1917 3205 2032 3267 rela
2061 3204 2304 3274 deposita
2336 3223 2350 3258 :
2383 3204 2637 3259 adhibitis
2664 3203 2759 3258 tibi
2788 3204 3041 3257 fratribus
3076 3210 3131 3259 et
3157 3201 3492 3272 coepiscopis

232 3283 349 3337 simi
382 3300 531 3340 anno
563 3286 647 3341 12.

297 3374 609 3446 Stephanus
627 3387 683 3433 et
711 3376 974 3449 Georgius
1019 3391 1074 3437 et
1100 3382 1389 3439 Damianus
1428 3385 1819 3455 religiosissimi

234 3465 499 3538 episcopi,
539 3466 711 3525 vicem
760 3482 980 3540 agentes
1029 3472 1303 3531 Eustochii
1349 3478 1669 3545 sanctissimi
1723 3495 1821 3548 pa-

237 3556 487 3611 triarchae
535 3558 1031 3632 Hierosolymitani,
1064 3581 1159 3634 per
1188 3583 1349 3620 unum
1401 3584 1466 3623 ex
1517 3570 1667 3638 ipsis,
1699 3570 1821 3625 Ste-

237 3649 476 3717 phanum
509 3652 967 3721 religiosissimum
1004 3655 1022 3695 ί
1049 3658 1359 3727 episcopum
1393 3659 1631 3729 Raphiae,
1665 3660 1820 3715 dixe-

238 3748 359 3794 runt
390 3760 402 3794 :
431 3738 754 3800 Theodorus
799 3746 880 3800 vir
907 3747 1219 3816 magniﬁcus
1239 3761 1418 3813 exeat,
1450 3767 1572 3805 cum
1601 3750 1818 3806 satisfe-

240 3832 366 3883 cerit
396 3840 421 3877 ε
462 3833 683 3900 piissimi
732 3835 1073 3904 imperatoris
1097 3836 1346 3905 jussioni.
1378 3838 1447 3892 Et
1474 3855 1593 3893 cum
1624 3841 1825 3896 exisset

240 3920 317 3972 vir
355 3924 674 3991 spectabilis
722 3926 1063 3990 silentiarius,
1097 3939 1283 3984 sancta
1332 3930 1573 3999 synodus
1616 3931 1753 3985 dixit
1806 3948 1821 3984 :

243 4009 415 4069 Certis
447 4017 778 4085 constitutis,
803 4034 925 4088 quas
972 4020 1109 4076 lecta
1157 4023 1420 4092 imperiali
1445 4024 1613 4078 forma
1644 4024 1819 4079 conti-

243 4113 465 4168 nentur,
497 4108 750 4174 quoniam
779 4110 921 4165 inter
945 4127 1043 4167 nos
1070 4122 1125 4165 et
1151 4112 1398 4181 Vigilium
1428 4114 1827 4170 sanctissimtm

243 4196 563 4265 antiquioris
593 4198 774 4254 Roma:
792 4216 980 4271 papam
1000 4203 1195 4273 scripta
1217 4206 1458 4274 quaedam
1489 4205 1626 4261 facta
1647 4214 1772 4260 sunt
1799 4204 1827 4244 ι

246 4290 589 4358 respicientia
616 4292 772 4364 [adde
799 4295 865 4348 ad
915 4306 1234 4364 prtescntem
1277 4296 1541 4368 causam],
1575 4314 1827 4353 necessa-

247 4378 377 4435 rium
407 4397 535 4437 esse
563 4391 810 4451 putamus
830 4394 955 4440 ante
980 4387 1081 4440 alia
1111 4388 1291 4441 omnia
1323 4390 1433 4443 haec
1454 4389 1685 4443 lectione
1714 4404 1828 4442 ma-

248 4471 508 4527 nifestari.
538 4472 604 4527 Et
650 4490 772 4529 cum
820 4477 1142 4546 suscepisset
1168 4477 1473 4548 Stephanus
1502 4478 1741 4533 notarius
1772 4485 1831 4533 et

250 4559 740 4633 instrumentarius,
770 4568 1037 4622 recitavit.

498 4676 827 4732 EPISTOLA
858 4680 1001 4749 (olim
1031 4677 1100 4749 Χ)
1137 4679 1359 4735 VlGlLll
1390 4675 1592 4732 mra:

604 4784 670 4821 AD
698 4784 1034 4823 AURELIANUM
1071 4785 1474 4823 Αιιειλτεκεωι.

262 4850 384 4908 Post
407 4856 602 4911 obitum
633 4859 871 4929 Auxanii
883 4875 1005 4913 suos
1035 4861 1316 4914 Aureliano
1344 4859 1583 4929 episcopo
1613 4859 1746 4913 vices
1774 4859 1829 4913 in

829 4926 1001 4982 Gallia
1030 4930 1252 4999 delegat.

325 5014 679 5073 Dilectissimo
709 5018 858 5073 fratri
887 5020 1173 5076 Aureliano
1206 5021 1440 5088 Vigilius.

329 5106 858 5164 Administrationem
919 5112 1098 5165 vicum
1151 5120 1453 5165 nostrarum
1515 5111 1833 5166 fraternitati

263 5204 448 5249 vostra:
476 5198 656 5253 animo
684 5200 868 5254 libenti
895 5202 1299 5269 committimus,
1331 5211 1380 5254 et
1413 5202 1679 5255 credimus
1707 5203 1835 5255 cha-

265 5284 435 5339 ritatis
474 5297 665 5341 vestrm
711 5287 890 5344 ofﬁcio
919 5291 1129 5345 actibus
1173 5291 1283 5343 Deo
1314 5290 1522 5360 placitis
1549 5290 1835 5357 diligenter

264 5373 513 5428 universa
543 5377 834 5445 compleri;
866 5380 1079 5445 quando
1101 5387 1155 5433 et
1182 5379 1373 5432 summi
1396 5379 1682 5433 sacerdotii
1703 5395 1833 5433 con-

262 5462 430 5516 sortio
459 5480 555 5519 vos
582 5466 770 5534 dignos
797 5467 973 5521 divina
994 5482 1111 5523 esse
1132 5469 1303 5538 gratia
1327 5469 1607 5538 judicavit,
1637 5477 1692 5524 et
1713 5470 1831 5539 glo-

336 5577 359 5642 ξ
390 5570 614 5642 Yeteres
632 5574 769 5642 libri,
794 5585 972 5631 sancto
993 5576 1415 5632 Chalcedonensi.

335 5637 359 5675 δ
393 5638 561 5717 Euris.
612 5637 836 5717 tantum,
866 5648 1038 5717 impia:
1057 5648 1309 5716 epistolw.

339 5718 361 5785 εξ
397 5708 665 5785 [ἶρμονειο.
695 5722 745 5767 et
773 5708 857 5769 hic
885 5708 1117 5784 et'paul'o
1149 5725 1286 5785 post,
1316 5733 1423 5770 vos.

335 5774 359 5812 ἀ
389 5776 657 5849 lit-limae.
689 5793 741 5838 et
770 5774 978 5838 veteres
1004 5774 1163 5849 edit“.
1189 5774 1373 5839 Datur.

347 5857 368 5882 ο
388 5846 604 5905 Veteres
617 5852 754 5918 libri,
772 5870 823 5907 ιιι
837 5870 1017 5908 nouas.
1033 5855 1119 5908 Sic
1132 5846 1290 5908 etiam
1307 5864 1512 5909 veteres
1524 5852 1808 5909 editiores.

1859 4608 1914 4667 D

1917 3295 2211 3353 secundum
2251 3296 2567 3365 qualitatem
2610 3294 2814 3364 negotii
2858 3309 3083 3349 numero
3128 3300 3489 3361 competente,

1922 3404 2139 3443 causam
2187 3388 2448 3443 canonica
2495 3396 2549 3443 et
2600 3388 2896 3457 apostolica
2942 3385 3280 3441 ordinatione
3309 3384 3492 3439 discu-

1919 3481 2081 3543 tiens,
2114 3494 2177 3534 ea
2210 3478 2473 3533 sententia
2502 3475 2742 3543 deﬁnies,
2793 3492 2913 3547 qua:
2949 3486 3004 3531 et
3031 3476 3371 3531 decessurum
3397 3488 3496 3527 no-

1920 3581 2158 3625 strorum
2188 3570 2474 3624 conveniat
2514 3570 2745 3633 statutis,
2794 3578 2850 3623 et
2878 3568 2988 3622 Deo
3016 3567 3272 3637 aequitate
3300 3564 3353 3618 in
3379 3580 3498 3619 om-

1923 3664 2082 3717 nibus
2121 3661 2361 3730 diligenti
2402 3662 2471 3717 sit
2510 3669 2681 3729 grata.
2724 3658 2778 3715 Si
2810 3660 2952 3729 quod
2980 3675 3109 3715 vero
3134 3660 3203 3714 de
3240 3658 3498 3727 religione

1926 3752 2067 3817 ﬁdei,
2099 3753 2241 3821 quod
2283 3753 2425 3807 Deus
2466 3751 2693 3814 auferat,
2738 3751 2897 3806 fuerit
2921 3758 3197 3806 certamen
3227 3759 3495 3817 exortum,

1924 3851 2021 3898 aut
2047 3843 2155 3898 tale
2182 3843 2397 3911 aliquod
2427 3843 2700 3912 negotium
2734 3841 2976 3899 fortassis
3015 3842 3314 3907 emerserit,
3355 3838 3499 3910 quod

1925 3950 2026 4004 pro
2054 3935 2136 3990 sui
2158 3934 2521 4003 magnitudine
2542 3925 2734 3990 ibidem
2756 3942 2987 4005 nequeat
3007 3932 3245 3999 deﬁniri;
3272 3932 3499 3988 veritate

1926 4025 2163 4080 discussa
2188 4065 2204 4089 ,
2250 4025 2527 4080 relationis
2553 4026 2691 4082 serie
2731 4024 2999 4090 distincta,
3044 4024 3112 4078 ad
3140 4032 3336 4079 nostrae
3361 4022 3501 4078 sedis

1927 4115 2375 4171 consultationem
2419 4116 2598 4185 potius
2646 4123 2703 4170 ut
2751 4116 2994 4169 remittas
3036 4113 3345 4177 hortamur;
3376 4112 3499 4179 quia

1930 4206 2004 4260 ita
2046 4206 2364 4261 decessores
2399 4214 2647 4268 vestros,
2695 4206 2785 4273 qui
2824 4203 3165 4257 decessurum
3195 4209 3500 4256 nostrorum

1928 4297 2077 4351 vices
2097 4297 2271 4365 egisse
2299 4304 2687 4359 monstrantur,
2723 4294 2914 4348 fecisse
2938 4291 3303 4346 testimonium
3334 4292 3503 4347 nostri

1931 4386 2171 4441 declarat
2214 4386 2397 4439 scrinii
2445 4391 2756 4453 :quatenus
2776 4396 2837 4435 ea
2882 4380 3232 4450 dispositione
3268 4389 3503 4449 servata,

1934 4477 2191 4533 Ecclesia:
2220 4477 2397 4531 unitas
2442 4474 2619 4531 stabili
2662 4473 2913 4527 ﬁrmitate
2961 4473 3289 4542 persistens,
3348 4473 3500 4542 pacis

1938 4565 2080 4620 bono
2108 4566 2162 4619 in
2187 4566 2433 4621 omnibus
2468 4563 2773 4635 perfruatur
2802 4580 2815 4616 :
2843 4562 2997 4631 cujus
3027 4563 3174 4617 velut
3220 4562 3508 4617 haeredita-

1938 4658 2074 4711 rium
2097 4654 2287 4711 munus
2326 4655 2569 4710 Christus
2597 4654 2738 4709 Deus
2768 4653 3022 4708 Dominus
3049 4661 3104 4706 et
3132 4652 3380 4707 Salvator
3405 4668 3506 4707 no-

1936 4757 2086 4813 ster,
2130 4747 2196 4801 ad
2246 4746 2431 4812 cmlos,
2485 4745 2624 4801 unde
2652 4758 2925 4814 nunquam
2966 4743 3174 4812 defuit,
3215 4743 3506 4811 rediturus,

1937 4838 2211 4907 discipulis
2257 4838 2369 4892 suis
2416 4837 2610 4904 legitur
2653 4836 2973 4904 reliquisse,
3018 4834 3203 4889 dicens
3250 4852 3263 4887 ε
3320 4833 3509 4889 Pacem

1938 4944 2105 4981 meam
2131 4928 2196 4981 do
2225 4929 2400 4991 vobis,
2444 4942 2622 4996 pacem
2662 4941 2827 4979 meam
2870 4924 3104 4996 relinquo
3149 4922 3287 4978 vobis
3325 4920 3507 4993 (Joan.

1940 5021 2077 5084 xm).
2109 5013 2172 5067 Et
2212 5023 2269 5067 ut
2300 5014 2544 5068 universa
2576 5012 2881 5068 fraternitas
2907 5022 3083 5067 vestra
3112 5012 3349 5083 diligenti
3377 5030 3505 5085 pos-

1936 5104 2006 5157 sit
2056 5104 2266 5157 ratione
2304 5104 2616 5171 complere,
2662 5104 2967 5173 episcopis,
3016 5104 3210 5172 quibus
3250 5120 3349 5173 pro
3391 5105 3507 5158 vice

1938 5205 2117 5251 nostra
2148 5207 2200 5252 te
2228 5213 2455 5266 pneesse
2484 5197 2764 5261 voluimus,
2792 5212 2890 5251 nos
2919 5205 3183 5265 pnncepta
3213 5195 3508 5251 destinasse

1935 5290 2205 5355 signamus
2227 5329 2240 5353 ,
2288 5296 2346 5341 ut
2371 5298 2423 5342 et
2452 5288 2525 5341 illi
2558 5287 2709 5342 vobis
2734 5287 3091 5341 obedientiam
3122 5286 3374 5340 exhibere
3413 5285 3508 5339 de»

1939 5381 2101 5435 beant
2126 5388 2539 5450 competentem,
2570 5387 2624 5433 et
2652 5378 2960 5433 fraternitas
3000 5384 3087 5431 tua
3114 5391 3210 5431 eos
3237 5375 3290 5428 in
3314 5374 3509 5430 Christi

1941 5474 2205 5527 charitate
2249 5473 2649 5541 complectens,
2706 5470 2968 5539 exemplis
3014 5468 3276 5523 bonorum
3330 5467 3511 5537 potius

2018 5580 2033 5617 -'
2068 5580 2291 5635 Veteres
2315 5578 2451 5641 libri,
2474 5577 2958 5633 reverentissimum.

2012 5659 2036 5720 β
2064 5648 2364 5720 Paris.,qui
2385 5665 2500 5700 cum
2527 5648 2797 5720 satisfecit.

2010 5716 2033 5753 ιι
2066 5714 2388 5796 l_.egendum,
2403 5717 2601 5796 suntad
2618 5714 2921 5796 prwseatftu
2939 5715 3509 5796 causquespicienfia.

1938 5780 2181 5841 Mcwlnnt
2207 5796 2287 5839 cst
2318 5780 2755 5856 typographicum
2784 5780 3032 5836 editionis
3072 5780 3387 5846 Labbcanm,
3421 5784 3511 5836 hic

1937 5858 2297 5911 cznemlatunt.
