4042 6470
513 334 584 389 59
904 338 905 341 ’
1913 330 2093 391 γιυιι

2194 334 2383 390 ΡΛΡᾸΞ
3706 343 3777 397 ἑο

514 469 758 523 operum,
806 452 870 507 ad
899 467 1018 523 qua:
1047 462 1173 511 sunt
1208 454 1322 512 Deo
1360 456 1561 527 placita
1607 457 1849 514 facienda
1878 473 2093 528 semper
2123 464 2167 522 Α
2197 459 2487 513 Galliarum
2512 456 2755 527 partibus
2784 456 3135 526 prrescntans,
3160 453 3455 510 secundum
3482 464 3774 510 consuetu-

515 544 721 597 invilct.
748 543 882 597 Illud
910 545 1027 614 pari
1050 545 1129 599 eis
1157 548 1483 603 auctoritate
1510 549 1858 617 signavimus,
1884 564 1951 603 ne
1972 550 2092 618 quis

511 637 629 690 sine
667 636 895 691 formata
925 646 1029 693 tute
1057 638 1409 696 fraternitatis
1445 640 1511 695 ad
1553 641 1798 709 longiora
1830 641 1951 696 loca
1992 657 2089 695 au-

510 728 637 781 deat
664 728 961 796 proficisci;
1012 728 1109 784 sed
1137 737 1196 783 ut
1234 730 1681 785 consuetudinem
1725 732 1869 786 illam
1899 731 2093 787 debeat

511 819 790 875 custodire
816 860 830 886 ,
881 836 1043 889 quam
1073 829 1288 875 constat
1329 837 1545 892 semper
1587 831 1786 878 nostra:
1823 824 1965 879 sedis
1992 824 2091 878 ha-

509 910 691 964 buisse
717 910 975 964 vicarium
996 949 1011 975 ,
1036 916 1110 975 .et
1155 925 1186 964 a
1225 911 1378 965 vobis
1406 910 1693 966 formatam
1722 913 2015 983 postulent,
2046 912 2093 967 si

508 1016 792 1058 causarum
831 1017 1047 1057 suarum
1093 1002 1415 1056 necessitate
1444 1003 1709 1075 compulsi
1751 1002 1818 1057 ad
1848 1003 2091 1070 longiora

509 1094 702 1150 itinera
749 1092 1022 1148 destinare
1052 1092 1363 1162 disponunt.
1398 1092 1505 1147 Sed
1548 1109 1618 1147 ne
1662 1094 1714 1147 in
1745 1092 1925 1162 aliquo
1950 1093 2093 1148 sedis

509 1195 708 1242 nostra:
752 1186 985 1242 vicarius
1036 1188 1214 1241 minor
1253 1189 1364 1241 suis
1411 1188 1787 1242 decessoribus
1823 1188 2087 1252 videatur,

507 1271 866 1325 necessarium
896 1271 1012 1325 fore
1042 1271 1367 1325 credidimus
1380 1272 1531 1340 pallii
1554 1271 1705 1326 vobis
1720 1286 2093 1340 usum,quem-

506 1361 797 1416 admodum
850 1361 1125 1415 decessori
1180 1370 1362 1416 vestro
1408 1361 1676 1415 hactenus
1731 1360 2088 1428 dederamus,

505 1453 759 1524 praesenti
789 1456 1115 1508 auctoritate
1142 1452 1475 1517 concedere;
1518 1461 1577 1506 ut
1616 1468 1846 1515 morum,
1892 1460 1947 1506 et
1975 1468 2121 1509 om-t

507 1549 655 1601 nium
698 1548 963 1603 bonarum
990 1562 1171 1602 rerum
1195 1587 1210 1613 ,
1260 1546 1414 1601 vobis
1460 1547 1621 1601 beato
1651 1546 1815 1601 Petro
1844 1547 2092 1616 apostolo

506 1638 862 1705 suffragante,
900 1654 1007 1693 non
1035 1640 1174 1694 desit
1214 1648 1457 1694 ornatus.
1504 1638 1733 1709 Oportet
1762 1655 1891 1709 ergo
1916 1639 2093 1693 chari-

506 1735 675 1781 tatem
704 1738 938 1785 vestram
968 1728 1292 1783 sacerdotali
1330 1744 1548 1798 semper
1573 1728 1750 1783 studio
1775 1729 1915 1783 inter
1939 1729 2091 1783 dom-

2193 550 2372 604 dinem
2404 565 2433 603 a
2465 550 2664 604 nostris
2688 548 3061 603 decessoribus
3090 546 3425 613 attributam,
3455 545 3781 615 sapientiam

2192 639 2421 692 sollicita
2450 638 2791 707 indagatione
2813 637 3139 699 custodiens,
3172 636 3218 690 si
3244 650 3406 705 quam
3432 636 3652 690 humani
3684 649 3783 704 ge-

2194 730 2337 782 neris
2362 728 2532 782 bostis
2561 728 2811 797 antiquus
2846 727 3103 780 zizaniam
3134 726 3276 781 inter
3297 726 3395 781 Dei
3422 727 3654 781 famulos
3676 742 3783 782 ne-

2193 819 2358 889 quitia
2385 825 2644 873 consueta
2685 817 2952 871 seminare
2991 817 3302 884 tentaverit,
3350 816 3630 886 sapientia:
3666 832 3787 872 sua:

2193 910 2582 972 moderamine,
2629 908 2881 962 adhibitis
2923 908 3024 961 sibi
3053 906 3306 962 fratribus
3334 923 3399 963 ac
3444 909 3785 979 coepiscopis

2194 1004 2423 1069 nostris,
2465 1002 2668 1071 justitia
2699 1002 2812 1056 Deo
2857 1002 3052 1071 placita
3092 1002 3346 1056 scandala
3391 1010 3509 1057 orta
3554 1003 3784 1057 submo-

2190 1103 2333 1149 veat.
2381 1093 2533 1148 Unde
2575 1093 2700 1162 quia
2726 1093 2925 1147 dudum
2968 1093 3235 1157 Auxanio,
3268 1092 3542 1163 quondam
3587 1094 3782 1148 Arela-

2194 1185 2359 1239 tensis
2382 1186 2614 1239 civitatis
2640 1185 2887 1248 antistiti,
2923 1184 3100 1239 vicum
3126 1192 3433 1238 nostrarum
3454 1184 3783 1239 sollicitudi-

2195 1289 2317 1328 nem
2346 1273 2685 1339 dedcramus,
2723 1275 2816 1329 sed
2845 1290 3061 1328 cursum
3089 1274 3211 1327 vitae
3240 1274 3521 1343 praesentis
3548 1274 3786 1343 implen-

2192 1365 2262 1419 do
2292 1364 2359 1420 de
2388 1366 2489 1418 hac
2532 1365 2652 1420 luce
2699 1366 2987 1433 migravit,
3031 1366 3082 1418 in
3114 1364 3266 1434 cujus
3308 1365 3430 1420 loco
3458 1366 3784 1422 Aurelianus

2193 1454 2359 1510 frater
2387 1464 2573 1510 noster
2599 1457 2838 1511 noscitur
2856 1456 3203 1521 successisse,
3233 1457 3596 1510 necessarium
3623 1457 3785 1512 valde

2194 1546 2516 1600 credidimus
2542 1546 2957 1601 sollicitudinem
3009 1548 3146 1601 hanc
3173 1561 3204 1600 a
3234 1546 3387 1601 nobis
3413 1546 3652 1602 antefato
3674 1548 3775 1603 de;

2193 1635 2323 1689 bere
2368 1636 2669 1699 committi,
2720 1636 3054 1691 confidentes
3102 1637 3249 1690 illum
3291 1644 3347 1691 et
3391 1653 3488 1707 pro
3538 1637 3643 1693 laci
3686 1640 3773 1693 sui

2194 1727 2455 1795 qualitate
2497 1728 2654 1783 bonis
2697 1729 2906 1783 actibus
2947 1730 3193 1783 universa
3232 1744 3352 1797 qua:
3388 1730 3499 1785 Deo
3528 1731 3785 1800 placeant

508 1834 609 1874 nos
638 1819 776 1873 filios
817 1828 1032 1873 nostros
1074 1820 1521 1874 clementissimus
1548 1819 1842 1888 principes,
1872 1828 1927 1872 et
1968 1819 2088 1886 glo-
2122 1841 2165 1900 Β
2194 1835 2351 1888 posse
2379 1819 2650 1888 complere
2678 1836 2691 1871 :
2723 1829 2777 1872 et
2806 1819 3038 1874 maxime
3063 1835 3186 1873 cum
3215 1819 3479 1887 gloriosus
3509 1819 3647 1874 filius
3677 1838 3784 1875 nos

509 1912 861 1966 riosissimum
890 1913 1081 1977 virum,
1114 1912 1166 1965 id
1194 1920 1277 1966 est
1308 1912 1473 1965 filium
1504 1920 1748 1966 nostrum
1776 1910 2091 1965 Childeber-

511 2012 624 2057 tum
660 2018 863 2073 regem,
897 2005 1079 2072 gratiae
1111 2005 1325 2059 intactae
1365 2002 1566 2057 foedera
1606 2001 1899 2056 custodire.
1931 2002 2091 2056 Scitis

503 2096 678 2159 enim,
731 2110 830 2148 nec
859 2110 954 2149 vos
1000 2095 1253 2149 convenit
1295 2095 1563 2162 ignorare,
1595 2092 1742 2163 quod
1782 2093 2089 2147 necessario

505 2188 826 2258 praedicatis,
859 2187 983 2255 quia
1009 2186 1284 2256 Scriptura
1315 2188 1654 2257 pronuntiat,
1684 2186 1867 2240 dicens
1899 2204 1911 2238 :
1944 2184 2092 2237 Beati

503 2279 657 2350 pedes
694 2278 1154 2349 euangelizandum
1201 2295 1398 2347 pacem,
1446 2278 1908 2349 erangelizantium
1957 2275 2092 2329 bona

507 2369 684 2440 (Rom.
728 2369 808 2438 χ).
843 2368 907 2422 Et
946 2369 1050 2423 hoc
1077 2383 1293 2437 quoque
1336 2376 1577 2422 vestrum
1610 2368 1789 2423 facere
1817 2367 2092 2422 desidera-

506 2477 627 2515 mus
670 2460 937 2524 affectum,
989 2468 1047 2514 ut
1075 2460 1312 2528 glorioso
1342 2460 1460 2514 viro
1507 2460 1617 2514 filio
1648 2468 1833 2513 nostro
1864 2458 2089 2528 patricio

505 2551 763 2605 Belisario
792 2550 1078 2605 destinatis
1106 2550 1323 2619 scriptis
1343 2551 1547 2618 gratias
1577 2548 1841 2612 referatis,
1867 2547 1958 2616 qui
1990 2547 2090 2601 ho-

507 2643 639 2697 mini
667 2651 846 2698 vestro
877 2642 1118 2697 laborem
1159 2642 1225 2696 ad
1275 2641 1752 2696 clementissimum
1792 2639 2090 2709 principem

506 2733 724 2787 abstulit
752 2733 1100 2797 transeundi;
1135 2733 1230 2788 sed
1259 2749 1385 2788 mox
1429 2741 1490 2787 ut
1518 2747 1833 2803 responsum
1863 2731 2090 2800 recepit,

505 2822 660 2877 nobis
689 2824 800 2879 suis
828 2824 1021 2879 litteris
1049 2824 1327 2879 indicavit.
1360 2824 1503 2878 Deus
1531 2831 1586 2878 te
1616 2822 1939 2878 incolumem
1966 2837 2089 2876 cus-

506 2912 704 2976 todiat,
739 2911 903 2968 frater
931 2914 1267 2968 cbarissime.
1318 2914 1454 2967 Data
1493 2929 1528 2967 1
1573 2912 1679 2966 kal.
1704 2912 2051 2983 Septembres
2072 2949 2088 2977 ,

508 3004 790 3073 quinquies
810 3014 932 3075 post
959 3006 1294 3061 consulatum
1316 3006 1499 3061 Basilii
1522 3006 1623 3060 viri
1650 3006 1932 3061 clarissimi
1962 3004 2092 3076 (Am

506 3108 573 3147 uo
603 3092 792 3147 Christi
821 3092 971 3165 546).

678 3207 1011 3263 EPISTULA
1055 3210 1198 3281 (aliut
1238 3208 1330 3280 XI)
1385 3209 1610 3264 VIGILlI
1639 3202 1855 3283 PAPIEV

978 3316 1046 3353 AD
1073 3316 1352 3354 EPISCOPOS
1381 3314 1611 3355 ολιιιιε.

544 3381 769 3441 Nuntiat
798 3404 851 3441 se
878 3385 1156 3461 Aureliano
1187 3391 1316 3441 vices
1345 3407 1467 3461 suas
1494 3392 1548 3442 in
1571 3388 1748 3443 Gallia
1770 3388 2053 3461 delegasse,

803 3458 1117 3529 mandatque
1145 3468 1200 3511 ut
1229 3461 1396 3512 eidem
1419 3460 1789 3529 obtemperent.

575 3549 948 3604 Dilectissimis
975 3549 1228 3603 fratribus
1259 3551 1523 3605 universis
1561 3551 1849 3619 episcopis,
1874 3551 1966 3618 qui
1994 3550 2093 3605 sub

504 3656 671 3720 regno
713 3641 1085 3711 gloriosissimi
1122 3639 1213 3695 ﬁlii
1253 3642 1424 3696 nostri
1446 3641 1775 3697 Cbildeberti
1800 3642 1941 3710 regis
1971 3649 2096 3694 sunt

504 3751 601 3805 per
628 3734 830 3789 Gallias
860 3734 1172 3800 constituti,
1210 3734 1456 3802 Vigilius.

579 3825 850 3879 Admonet
878 3840 977 3879 nos
1006 3825 1111 3878 loci
1134 3826 1301 3879 nostri
1330 3825 1685 3880 ministerium
1713 3824 1909 3880 divinm
1937 3824 2098 3879 mise-

505 3916 750 3971 ricordia:
795 3915 939 3970 dono
970 3916 1223 3970 collatum
1250 3956 1264 3980 ,
1314 3916 1528 3970 Domini
1559 3930 1659 3970 nos
1699 3916 1872 3985 gratia
1914 3924 2098 3985 prote-

509 4015 688 4077 gente,
737 4008 1060 4076 negligentis
1101 4007 1458 4076 speculatoris
1499 4008 1749 4063 evitando
1778 4010 2093 4079 periculum,

507 4101 665 4155 bonis
694 4102 873 4170 potius
903 4101 1138 4171 palmam
1180 4102 1555 4158 retributionis
1585 4104 1863 4172 promissa:
1904 4112 1959 4157 et
1980 4112 2094 4159 stu-

509 4191 751 4257 deamus,
783 4199 838 4247 et
868 4208 1173 4246 mereamur
1218 4195 1483 4262 accipere.
1528 4193 1681 4249 Unde
1708 4204 1968 4264 quantum
1999 4211 2097 4251 nos

509 4281 752 4336 Christus
772 4282 914 4337 Deus
943 4282 1200 4338 Dominus
1227 4292 1282 4338 et
1306 4284 1555 4339 Salvator
1583 4294 1768 4341 noster
1786 4286 1943 4356 primi
1974 4300 2101 4357 apo-

511 4373 775 4427 stolorum
806 4373 986 4426 locum
1034 4390 1133 4442 pro
1182 4374 1438 4429 ineffabili
1488 4377 1705 4445 pietatis
1757 4392 1868 4431 sua:
1908 4392 2097 4445 gerere

511 4462 765 4531 largitate
794 4462 1081 4526 concessit,
1107 4471 1314 4517 tantum
1350 4479 1448 4518 nos
1474 4465 1541 4520 de
1569 4467 1936 4522 universarum
1968 4484 2099 4537 pace

2193 1920 2305 1967 ster
2331 1910 2706 1967 Cliildebcrtus
2732 1926 2830 1965 rex
2860 1913 3227 1966 testimonium
3254 1912 3409 1967 bona:
3433 1916 3779 1970 conscientia:

2190 2015 2290 2068 pro
2335 1998 2638 2053 Christiana
2668 2017 2777 2054 sure
2826 2001 3116 2055 voluntatis
3144 2002 3433 2058 devotione
3478 2006 3773 2073 perhibuit.

2192 2091 2419 2160 Oportet
2444 2108 2572 2161 ergo
2600 2093 2918 2145 cbaritatem
2949 2102 3182 2147 vestram
3207 2094 3257 2150 ei
3286 2097 3339 2149 in
3367 2098 3631 2163 omnibus,
3655 2113 3781 2167 qua:

2192 2183 2419 2235 servatis
2448 2198 2546 2251 per
2594 2194 2784 2236 cuncta
2826 2184 3123 2238 canonibus
3151 2184 3436 2240 salubriter
3478 2186 3779 2241 secundum

2196 2283 2503 2328 nostrorum
2543 2273 2758 2327 dcfiita
2790 2272 3053 2341 majnrum
3085 2290 3183 2344 pro
3228 2280 3413 2329 nostra
3452 2277 3781 2331 auctoritate

2191 2366 2500 2431 censuerit,
2547 2366 2789 2434 praebere
2837 2365 3199 2420 obedientiam
3246 2375 3667 2438 competentem.
3710 2368 3782 2422 Et

2192 2457 2320 2525 quia
2348 2457 2567 2511 omnino
2603 2472 2823 2511 necesse
2852 2464 2955 2520 est,
2988 2466 3045 2510 ut
3075 2472 3172 2527 pro
3200 2457 3423 2512 diversis
3450 2474 3571 2513 cum
3598 2458 3784 2513 fratriL

2191 2547 2292 2602 bus
2319 2546 2431 2601 Deo
2457 2548 2682 2617 juvante
2730 2547 3061 2611 tractandis,
3106 2548 3319 2603 statutis
3359 2548 3607 2619 aptisque
3637 2558 3778 2603 tem-

2193 2642 2416 2711 poribus
2464 2642 2843 2711 episcoporum
2888 2641 3153 2713 synodum
3198 2640 3393 2695 debeat
3420 2654 3776 2711 congregare,

2192 2732 2393 2787 idcirco
2418 2732 2669 2800 praesenti
2695 2732 3019 2785 auctoritate
3050 2745 3354 2795 censemus,
3385 2738 3443 2783 ut
3479 2732 3656 2785 nullus
3684 2732 3781 2786 ubi

2194 2830 2285 2876 aut
2312 2823 2528 2893 quando
2559 2824 2905 2878 constituerit
2930 2838 2989 2877 se
3017 2824 3215 2877 audeat
3244 2837 3523 2888 excusare,
3550 2832 3779 2892 excepta

2194 2914 2518 2970 infirmitatis
2546 2931 2725 2981 causa,
2753 2931 2911 2985 quam
2954 2915 3191 2970 humana
3208 2931 3329 2970 non
3362 2924 3544 2985 potest
3571 2917 3782 2972 evitare

2191 3007 2450 3076 fragilitas
2473 3045 2488 3073 ,
2530 3017 2624 3062 aut
2652 3017 2798 3063 certe
2826 3024 2984 3077 quem
3028 3008 3199 3076 digna:
3228 3008 3591 3063 excusationis
3632 3008 3779 3063 ratio

2193 3098 2381 3153 fecerit
2411 3114 2519 3152 non
2562 3100 2767 3153 venire.
2803 3097 3061 3153 Omnibus
3111 3099 3457 3153 nihilominus
3483 3098 3781 3154 scientibus

2116 3200 2163 3264 ο
2195 3188 2339 3256 quod
2365 3189 2606 3245 Christus
2637 3190 2892 3244 Dominus
2920 3198 2975 3245 et
3015 3188 3263 3244 Salvator
3292 3199 3475 3243 noster
3505 3190 3590 3258 pia
3621 3190 3780 3263 insti-

2196 3280 2403 3333 tutione
2431 3281 2765 3350 pronuntiat,
2797 3281 2983 3336 dicens
3017 3299 3029 3334 :
3056 3278 3191 3345 Quia
3214 3283 3256 3334 si
3278 3282 3378 3335 duo
3406 3299 3471 3335 ea:
3492 3280 3630 3335 vobis
3654 3292 3783 3335 cou-

2196 3371 2451 3423 senscrint
2476 3387 2628 3439 super
2669 3380 2861 3425 terram
2884 3410 2899 3434 ,
2952 3372 3016 3425 de
3042 3374 3181 3425 omni
3208 3388 3280 3436 re,
3312 3387 3663 3443 quamcunque
3689 3388 3783 3440 pe-

2199 3461 2395 3525 tierint,
2415 3461 2515 3529 ﬁet
2548 3460 2653 3514 illis
2682 3478 2712 3513 α
2745 3460 2906 3516 Patre
2946 3479 3058 3515 meo
3087 3462 3174 3532 qui
3201 3471 3275 3515 est
3302 3464 3355 3515 in
3396 3461 3535 3515 ctelis
3560 3460 3777 3528 (Matth.

2198 3552 2368 3617 xvtn).
2407 3549 2869 3615 Quemadmodum
2900 3560 3077 3605 autem
3110 3551 3227 3621 quis
3269 3551 3369 3605 sibi
3396 3566 3515 3620 quze
3543 3550 3785 3619 postulat

2198 3642 2368 3696 credit
2406 3657 2568 3711 posse
2609 3644 2853 3708 concedi,
2881 3644 2925 3697 si
2967 3643 3401 3711 congregationis
3428 3651 3625 3697 sancta:
3649 3653 3785 3697 con-

2198 3742 2456 3799 ventum,
2512 3734 2601 3787 ubi
2651 3735 2911 3788 Dominus
2957 3735 3298 3805 praesentiam
3334 3749 3484 3789 suam
3531 3732 3785 3803 promisit

2199 3824 2374 3878 modis
2403 3825 2653 3879 omnibus
2684 3824 3008 3889 adfuturam,
3059 3825 3175 3879 sine
3205 3825 3384 3893 aliqua
3421 3832 3584 3879 rectae
3611 3836 3785 3877 excu-

2200 3914 2429 3969 sationis
2471 3929 2633 3968 causa
2679 3916 2849 3968 vitare
2878 3914 3203 3968 crediderit?
3249 3914 3376 3977 Sed,
3409 3913 3546 3967 sicut
3574 3911 3784 3982 pncfati

2200 4022 2403 4071 sumus,
2436 4008 2483 4061 si
2512 4007 2655 4076 justa
2686 4022 2847 4061 causa
2875 4008 3022 4061 illum
3063 4006 3128 4060 ad
3169 4008 3432 4079 synodum
3458 4004 3646 4060 fecerit
3672 4019 3783 4059 non

2199 4101 2403 4166 venire,
2436 4117 2532 4169 pro
2554 4116 2613 4155 se
2642 4108 2735 4153 aut
2761 4101 3155 4171 presbyterum,
3187 4107 3278 4153 aut
3322 4097 3607 4153 diaconum
3654 4095 3785 4149 des-

2202 4193 2376 4247 tinare
2407 4209 2513 4247 non
2541 4192 2778 4257 differat;
2803 4201 3069 4262 quatenus
3098 4206 3216 4260 qua:
3239 4190 3434 4245 fuerint
3464 4188 3785 4251 constituta,

2201 4298 2299 4352 per
2327 4298 2422 4337 eos
2466 4284 2637 4353 possit
2667 4297 2983 4350 agnoscere,
3012 4291 3066 4336 et
3090 4281 3309 4336 definita
3333 4280 3623 4349 complere.
3661 4277 3785 4331 Pari

2203 4374 2527 4427 auctoritate
2557 4373 2896 4440 mandantes,
2938 4382 2997 4426 ut
3042 4373 3218 4427 nullus
3259 4373 3373 4427 sine
3404 4370 3641 4440 praedicti
3672 4368 3788 4422 for-

2203 4475 2345 4520 mata
2377 4465 2444 4519 ad
2488 4466 2859 4534 longinquiora
2909 4466 3028 4518 loca
3061 4464 3256 4518 audeat
3296 4460 3564 4532 proficisci
3600 4480 3610 4513 :
3647 4475 3789 4529 prte-

510 4553 895 4623 Ecclesiarum,
918 4567 1036 4624 qum
1068 4556 1193 4610 licet
1222 4557 1273 4610 in
1298 4558 1501 4626 multis,
1525 4574 1629 4612 una
1662 4568 1840 4614 tamen
1871 4570 1952 4615 est
1984 4570 2096 4616 toto
2128 4579 2178 4637 Β
2202 4558 2388 4611 sertim
2429 4557 2555 4624 quia
2586 4564 2641 4610 et
2683 4556 3027 4610 decessorum
3070 4561 3375 4608 nostrorum
3407 4552 3789 4607 decessor’.bus

512 4648 644 4702 orbe
667 4645 857 4700 diffusa
885 4688 901 4713 ,
943 4646 1236 4701 incessanti
1270 4648 1447 4703 studio
1469 4651 1722 4704 convenit
1750 4666 1867 4706 esse
1890 4652 2093 4707 sollici-

516 4746 619 4791 tos.
653 4737 864 4805 Quippe
905 4737 1028 4806 quia
1071 4752 1170 4791 nos
1216 4747 1519 4793 sanctarum
1554 4739 1950 4809 Scripturarum
1978 4744 2094 4797 elo-

510 4827 635 4896 quia
664 4827 899 4882 reddunt
925 4827 1209 4894 diligenter
1228 4829 1539 4896 instructos,
1565 4832 1709 4899 quod
1730 4849 1853 4887 cum
1884 4834 2095 4905 Moyses

512 4919 607 4973 Dei
637 4919 867 4973 famulus
896 4918 1090 4973 divinis
1107 4919 1437 4989 jussionibus
1459 4923 1831 4979 obsecundans
1853 4926 1918 4980 ad
1940 4942 2097 4980 mon,

513 5019 623 5065 tem
652 5010 907 5065 voluisset
930 5011 1240 5077 ascendere,
1272 5012 1397 5069 loco
1421 5016 1501 5069 sui
1534 5017 1712 5070 Aaron
1738 5025 1793 5071 et
1819 5017 1931 5071 llur
1960 5019 2091 5086 legi-

513 5111 600 5155 tur
628 5101 928 5170 reliquisse,
959 5100 1146 5158 dicens
1182 5122 1193 5156 :
1225 5103 1537 5175 Exspectate
1565 5108 1645 5160 ltic
1668 5148 1682 5171 ,
1728 5108 1889 5161 donec
1928 5125 2099 5163 rever-

515 5203 685 5246 tantur
714 5192 783 5246 ad
803 5210 907 5246 vos.
936 5192 1153 5249 Habetis
1180 5196 1353 5251 Aaron
1377 5206 1424 5251 et
1453 5197 1570 5250 Har
1593 5198 1866 5263 vobiscum,
1891 5201 1935 5252 si
1972 5199 2096 5271 quid

515 5294 692 5337 natum
716 5286 870 5355 fuerit
889 5288 1207 5356 quaestionis,
1234 5290 1466 5359 referetis
1496 5290 1563 5342 ad
1584 5306 1671 5343 eos
1696 5289 1891 5358 (Exod.
1925 5289 2093 5360 xxrv).

514 5375 592 5429 lla
631 5376 775 5430 enim
806 5376 947 5429 inter
986 5379 1291 5434 sacerdotes
1324 5379 1536 5434 Domini
1586 5388 1767 5449 potest
1802 5395 1906 5450 pax
1937 5396 2099 5450 super

516 5467 694 5520 omnia
728 5468 837 5521 Deo
875 5468 1071 5537 placita
1101 5471 1382 5535 custodiri,
1409 5473 1452 5525 si
1481 5470 1643 5524 fuerit
1670 5472 1761 5538 qui
1795 5470 1969 5524 vicum
1995 5484 2096 5523 no-

517 5567 749 5612 strarum
779 5562 1099 5616 auctoritate
1126 5561 1403 5629 subnixus,
1439 5579 1726 5632 personam
1756 5572 1997 5617 nostram
2045 5564 2099 5618 in

593 5762 613 5787 ³
644 5751 773 5805 Cum
797 5756 1122 5809 schismatici
1145 5755 1354 5822 scriptis
1370 5754 1563 5808 litteris
1580 5756 1773 5822 ubique
1794 5757 2100 5821 vulgassent

522 5818 771 5895 Vigilium
798 5840 991 5895 papam
1040 5827 1137 5878 tria
1167 5818 1470 5879 damnando
1515 5818 1745 5894 capitula
1786 5818 2100 5896 impugnare

2201 4645 2338 4713 cjus,
2370 4646 2562 4714 quibus
2604 4646 2750 4699 vices
2788 4660 2912 4699 suas
2939 4641 3273 4698 commisisse
3320 4641 3610 4711 praeteritis
3651 4650 3788 4694 tem-

2201 4740 2422 4809 poribus
2472 4740 2818 4807 relcguntur,
2863 4737 2943 4792 sic
2989 4735 3251 4792 definiunt
3301 4741 3540 4799 statuta;
3596 4741 3653 4786 ut
3703 4733 3789 4786 his

2202 4830 2450 4884 omnibus
2489 4830 2795 4883 obedientia
2827 4829 2939 4883 Deo
2969 4828 3166 4896 placita
3210 4824 3512 4891 custoditis,
3552 4839 3653 4893 pax
3684 4822 3785 4877 Ec-

2204 4920 2489 4974 clesiarum
2549 4919 2727 4972 stabili
2789 4918 3042 4971 firmitate
3104 4918 3406 4986 persistat;
3472 4924 3571 4978 et,
3646 4916 3792 4967 sicut

2204 5010 2397 5063 doctor
2427 5009 2666 5077 gentium
2708 5008 2839 5061 dicit
2863 5008 3153 5075 Apostolus
3186 5006 3402 5078 (Ep/res.
3449 5010 3512 5071 ι),
3546 5005 3787 5059 Ecclesia

2205 5101 2298 5153 Dei
2333 5101 2505 5170 possit
2534 5100 2650 5154 sine
2679 5114 2808 5167 ruga
2838 5108 2894 5152 et
2920 5098 3124 5152 macula
3151 5114 3486 5167 permanere.
3522 5096 3662 5151 Deus
3689 5111 3791 5149 vos

2203 5190 2500 5245 incolumes
2532 5191 2817 5256 custodiat,
2850 5190 3042 5242 fratres
3072 5188 3392 5242 cliarissimi.

2386 5313 2409 5339 ³
2443 5300 2773 5356 EPISTOLA
2805 5300 2947 5370 (olim
2972 5299 3120 5371 XIII)
3153 5298 3380 5354 VIGILII
3410 5295 3613 5352 ΡΑΡᾸΞ

2285 5410 2352 5447 ΑΙ)
2392 5406 2728 5447 Αυιιιειιλκυλί
2770 5409 3175 5446 ARELATESSEM.
3217 5404 3699 5445 (εοΝςτΑΝτιΝοΡοιι

2871 5498 3086 5537 SCRII’TA
3098 5523 3110 5536 .

2205 5574 2353 5630 Nihil
2377 5594 2408 5628 a
2450 5593 2503 5629 se
2529 5586 2709 5630 contra
2748 5578 2970 5630 concilia
3010 5573 3295 5644 generalia,
3336 5571 3790 5639 Romanorum'ue

2205 5759 2643 5815 Chalcedonense
2674 5760 2980 5819 concilium,
3012 5765 3063 5809 ct
3091 5763 3396 5822 complures
3418 5755 3484 5806 ab
3512 5755 3625 5820 ejus
3649 5770 3791 5805 Cfllll-

2206 5830 2461 5884 utuuione
2501 5830 2867 5896 discederent,
2900 5826 3305 5882 Valentinianus
3332 5825 3587 5895 Scythiae,
3619 5824 3791 5879 Auto-
