4042 6452
269 305 328 360 Μ
1474 322 1814 384 ΕΡΙΞΤΟΙᾹ

1928 329 1958 388 [⁸
1996 328 2335 389 DECRETA.

939 432 1100 502 fuisse
1141 434 1452 524 admissum,
1503 441 1742 524 hortatur
1787 455 1844 499 ut
1871 451 1924 511 Α
1951 447 2098 518 Rogo
2128 458 2299 504 autem
2319 466 2427 516 vos,
2462 453 2670 524 fratres,

337 421 639 490 pontiﬁcum
687 425 894 483 decreta

337 491 656 574 Childeberto
704 501 810 580 regi
851 491 1115 625 suggerat,
1142 515 1198 560 ut
1241 491 1326 561 ad,

337 563 547 625 scribat,
578 583 642 620 ne
667 571 791 625 quid
824 573 879 625 in
959 574 1146 625 cclesza
1179 577 1415 625 Romanu
1455 584 1652 625 ιηνιιηη
1687 598 1821 625 mm:

333 563 547 630 scribat,
578 583 642 620 ne
667 563 791 638 quid
824 573 879 625 in
912 563 1146 629 Ecclesia
1177 563 1440 635 Romanu”
1455 584 1654 641 turbari
1682 589 1838 642 sinat.

331 654 689 716 Dilectissimo
717 661 867 719 fratri
897 665 1187 726 Aureliano
1218 674 1471 747 episcOpo
1492 677 1730 748 Vigilius.

329 746 705 809 Fraternitatis
732 766 926 813 vestra:
964 759 1174 820 litteras
1215 746 1414 841 pridie,
1440 746 1758 833 idus—Julius
1792 787 1839 842 ⁸,

264 840 546 900 Anastasio
572 846 866 919 deferente,
899 857 1232 926 suscepimus
1259 840 1315 915 et
1338 865 1536 931 gratias
1562 866 1845 928 referimus

259 933 450 992 divinae
472 937 792 1010 clementiae,
825 947 950 1017 quia
981 950 1397 1010 sollicitudinem
1431 969 1660 1017 vestram
1691 963 1745 1019 in
1776 965 1841 1017 li-

255 1027 340 1084 dei
385 1047 572 1104 causa,
601 1036 687 1091 vel
733 1037 788 1094 in
835 1049 1036 1098 nostra:
1084 1047 1340 1116 opinione
1367 1065 1629 1122 personae,
1676 1059 1844 1114 sacris

255 1121 541 1191 relegimus
591 1125 615 1164 δ
667 1134 958 1190 convenire
1004 1139 1287 1208 mandatis,
1321 1150 1380 1197 ut
1407 1144 1564 1215 digne
1593 1147 1839 1208 charitati

254 1221 356 1268 ture
385 1217 550 1272 verba
580 1219 676 1275 Dei
703 1231 759 1277 et
778 1229 1166 1286 convenienter
1195 1242 1467 1304 aptentur,
1493 1241 1687 1308 quibus
1715 1243 1791 1298 ait
1823 1261 1837 1297 :

250 1303 397 1377 Elegt
427 1316 478 1361 te
498 1314 817 1370 sacerdotem
843 1335 909 1372 ea:
956 1323 1190 1379 omnibus
1218 1303 1548 1385 ascendens}t
1579 1334 1648 1386 ad
1675 1335 1842 1390 altare

247 1411 436 1465 meum,
465 1407 515 1452 et
562 1413 737 1470 partes
782 1424 955 1464 coram
985 1429 1065 1466 me
1095 1414 1112 1487 (
1124 1413 1264 1472 forte
1291 1419 1464 1490 apud]
1509 1439 1694 1478 nomen
1727 1443 1839 1480 ma-

243 1502 400 1555 gnum
455 1494 654 1548 cunctis
695 1495 874 1552 diebus
925 1501 1040 1554 vitm
1087 1513 1190 1560 tute
1220 1506 1293 1577 (1
1324 1507 1456 1580 Reg.
1491 1522 1570 1567 n‘-.
1604 1513 1840 1571 Necesse

243 1588 370 1642 ergo
397 1580 556 1634 nobis
602 1592 685 1638 est
713 1586 989 1646 charitatis
1013 1602 1207 1650 vestrae
1244 1599 1661 1659 sollicitudinem
1683 1605 1838 1662 brevi

241 1663 482 1734 interim,
515 1682 772 1742 quantum
801 1696 899 1750 pro
933 1687 1190 1755 temporis
1233 1691 1494 1759 qualitate
1538 1697 1834 1768 potuimus,

239 1759 489 1820 relevare
518 1768 789 1840 colloquio
819 1791 833 1826 :
865 1783 1136 1846 quatenus
1167 1783 1338 1840 modis
1366 1789 1615 1844 omnibus
1663 1791 1832 1846 conﬁ-

236 1848 395 1922 datis,
449 1857 586 1913 nihil
626 1877 726 1917 nos
752 1867 965 1934 penitus
993 1869 1276 1930 admisisse
1303 1878 1444 1945 quod
1493 1880 1838 1939 decessorum

235 1951 552 2004 nostrorum
578 1955 911 2024 constitutis,
949 1961 1033 2016 vel
1062 1973 1280 2031 sanctae,
1313 1983 1434 2036 qua:
1481 1987 1584 2026 una
1613 1973 1833 2029 eadem-

234 2051 335 2105 que
360 2048 477 2110 est,
509 2043 632 2101 ﬁdei
662 2058 893 2118 quatuor
927 2054 1275 2124 synodorum,
1328 2060 1379 2114 id
1431 2072 1534 2128 est,
1581 2064 1828 2135 Nicaeum,

232 2125 872 2211 Coustantiuopolitanm,
903 2142 1188 2214 Ephesium
1223 2151 1428 2219 prima-2,
1478 2125 1641 2224 atque
1670 2125 1832 2214 Chal:-

231 2225 582 2295 cedouensis,
615 2231 918 2290 inveniatur
942 2238 1108 2309 (quod
1130 2242 1289 2315 absit)
1321 2259 1442 2302 esse
1471 2252 1825 2321 contrarium,

229 2325 316 2368 aut
337 2318 490 2388 quod
519 2321 587 2376 ad
615 2338 968 2392 personarum
999 2330 1246 2400 injuriam
1277 2339 1562 2406 pertineat,
1589 2357 1708 2412 quae
1729 2318 1828 2400 de;

227 2404 467 2464 ﬁnitioni
523 2413 761 2482 ejusdem
816 2430 1016 2477 sancta;
1063 2425 1185 2480 ﬁdei
1238 2404 1692 2503 subscripserunt,
1741 2439 1829 2494 vel

225 2507 548 2558 sanctorum
623 2508 1079 2576 prmdecessorum
1152 2529 1459 2576 nostrorum
1515 2524 1822 2599 leestini,

224 2584 402 2660 Xysti,
459 2592 656 2655 Leonis
697 2601 1034 2674 aliorumque
1085 2611 1507 2679 praecedentium
1537 2627 1699 2689 atque
1731 2637 1822 2678 se-

225 2686 512 2750 quentium
534 2689 767 2750 deﬁnitis
795 2700 1097 2768 reperiatur
1127 2703 1434 2774 adversum,
1479 2712 1574 2766 sed
1604 2729 1634 2766 a
1665 2716 1821 2772 nobis

224 2778 482 2835 omnibus
501 2784 765 2851 przedictis
777 2791 996 2860 synodis
1017 2810 1178 2850 unam
1193 2802 1618 2874 venerationem,
1639 2824 1821 2864 unam-

223 2881 327 2936 que
359 2871 488 2927 ﬁdei
536 2878 904 2938 credulitatem
935 2886 1358 2949 indubitabiliter
1385 2894 1410 2932 ἀ
1444 2871 1687 2957 exhiberi
1720 2923 1732 2956 :
1766 2913 1822 2960 et

224 2973 316 3015 eos
341 2966 436 3033 qui
463 2981 651 3025 omnes
681 2979 1076 3048 suprascriptas
1096 2992 1329 3051 quatuor
1344 2991 1579 3059 synodos
1619 2995 1672 3048 in
1702 3011 1822 3052 rec-

223 3051 459 3111 titudine
488 3057 609 3115 ﬁdei
649 3080 756 3119 non
796 3081 1115 3139 sequuntur,
1137 3076 1224 3130 vel
1268 3093 1428 3133 unam
1460 3099 1526 3137 ex
1577 3085 1706 3154 ipsis
1735 3090 1821 3144 vel

223 3159 416 3202 omnes
449 3148 505 3203 in
536 3150 639 3207 ﬁde
659 3168 947 3225 repravant
976 3173 1020 3228 θ,
1038 3172 1131 3218 aut
1157 3182 1446 3237 repravare
1458 3173 1818 3251 [reprobare],

3476 360 3548 415 42

2711 465 2769 510 ut
2792 458 3068 518 observetis
3095 481 3184 521 eos
3211 467 3297 540 qui
3341 471 3544 528 dissen-

1953 529 2124 593 siones
2151 549 2201 594 et
2221 540 2535 610 oﬂ'endicula
2565 555 2752 617 praeter
2781 549 3069 609 doctrinam
3102 529 3254 628 quam
3292 579 3378 617 ros
3404 565 3544 619 didi-

1954 633 2095 688 cistis
2125 636 2344 706 {aciunt,
2369 644 2419 690 et
2438 637 2691 695 declinate
2710 641 2774 695 ab
2800 643 2904 700 illis
2935 647 3110 718 (Rom.
3143 669 3232 710 xvi
3258 656 3275 727 )
3306 675 3317 710 :
3353 658 3405 712 in
3436 659 3545 717 Do-

1955 726 2104 782 mino
2131 728 2482 795 conﬁdentes,
2513 733 2658 800 quia,
2690 735 3053 808 sicutprtcfati
3079 726 3282 815 sumus,
3309 752 3383 806 ab
3411 768 3543 824 apo-

1955 821 2108 876 stolis
2153 819 2310 878 ﬁdem
2341 823 2616 892 traditam,
2643 835 2696 883 et
2722 844 2751 884 a
2782 831 3054 900 praedictis
3082 842 3285 898 sanctis
3309 819 3546 914 quatuor

1953 912 2194 968 conciliis
2223 913 2576 984 declaratum,
2607 927 2663 975 et
2688 937 2719 975 a
2758 922 3136 986 decessoribus
3163 936 3367 992 nostris
3392 947 3448 994 et
3473 943 3541 997 ab

1947 1003 2234 1060 antedictis
2263 1004 2516 1065 Patribus
2544 1014 2910 1084 prtedicatam,
2953 1029 3116 1092 atque
3159 1025 3550 1087 inviolabiliter'

1948 1096 2291 1163 custoditam,
2347 1100 2558 1158 sincera
2606 1106 2884 1164 voluntate
2929 1115 3217 1183 tenuimus,
3272 1125 3538 1188 tenemus,

1947 1191 2193 1246 venerati
2239 1207 2444 1264 sumus,
2477 1211 2802 1256 veneramur
2858 1212 3020 1276 atque
3071 1208 3426 1281 defendimus,
3487 1207 3550 1278 et.

1946 1289 2134 1335 contra
2160 1296 2282 1337 eam
2309 1283 2572 1344 facientes
2610 1293 2912 1361 apostolica
2953 1301 3282 1359 auctoritate
3311 1305 3540 1363 damna-

1945 1384 2086 1426 mus.
2119 1372 2225 1429 Sed
2252 1385 2452 1445 quauta
2475 1395 2762 1450 possumus
2797 1401 2895 1456 per
2925 1388 3090 1445 ﬁlium
3121 1405 3366 1450 nostrum
3388 1398 3536 1454 Ana-

1943 1463 2166 1518 stasium
2195 1465 2263 1521 de
2290 1467 2373 1523 his
2393 1483 2514 1539 quae
2540 1482 2690 1542 gesta
2718 1487 2844 1532 sunt
2870 1480 3110 1538 breviter
3144 1501 3243 1541 nos
3289 1487 3538 1546 indicare

1944 1570 2167 1613 necesse
2197 1568 2300 1629 est,
2328 1570 2383 1617 et
2411 1579 2533 1620 cum
2580 1583 2682 1623 nos
2710 1570 2960 1630 dominus
2989 1575 3127 1633 ﬁlius
3178 1590 3367 1638 noster
3421 1586 3534 1642 cle-

1941 1649 2307 1708 mentissimus
2331 1655 2646 1725 imperator,
2678 1660 2817 1717 sicut
2843 1667 3112 1739 promisit,
3137 1671 3247 1729 Deo
3282 1676 3393 1746 (qui
3442 1693 3540 1736 cor

1940 1738 2110 1810 ipsius
2141 1742 2156 1794 t'
2191 1746 2360 1819 tenet)
2378 1747 2605 1818 juvante
2633 1755 2831 1809 reverti
2850 1763 3166 1832 praeceperit
3189 1805 3202 1831 ,
3235 1767 3538 1842 hominem,

1867 1845 1915 1905 Β
1940 1833 2035 1900 qui
2078 1834 2235 1893 vobis
2260 1837 2328 1892 ad
2366 1839 2576 1909 singula
2605 1845 2879 1904 subtiliter
2907 1851 3232 1925 innotescat,
3265 1859 3376 1916 Deo
3406 1833 3540 1933 pro;

1940 1924 2076 1994 pitio
2101 1927 2452 1988 destinamus.
2479 1935 2632 2002 Quod
2658 1939 2782 1995 ideo
2811 1943 2983 2001 adhuc
3009 1963 3118 2003 non
3141 1949 3382 2022 fecimus,
3408 1959 3539 2026 quia

1939 2025 1995 2073 et
2016 2019 2210 2076 hiemis
2239 2025 2523 2094 asperitas,
2549 2037 2603 2084 et
2630 2029 2814 2100 Italiae,
2848 2051 2968 2106 quae
2997 2056 3093 2096 vos
3119 2059 3226 2099 non
3255 2019 3409 2118 latet,
3425 2019 3538 2107 -ne-

1939 2111 2162 2168 cessitas
2209 2117 2525 2187 pratpedivit
2575 2139 2589 2174 :
2639 2121 2814 2180 donec
2855 2131 3231 2191 serenissimus
3255 2139 3536 2214 princeps,

1935 2203 2080 2259 sicut
2106 2205 2398 2278 desiderat,
2413 2211 2642 2271 Domino
2657 2215 2680 2253 κ
2703 2218 2806 2273 sibi
2831 2219 3056 2292 [Deesse
3072 2203 3536 2308 videturjuvaniej

1935 2298 2393 2358 subveniat.lllud
2421 2322 2638 2379 quoque
2659 2313 2927 2370 credimus
2956 2298 3304 2393 sperandum,
3327 2335 3381 2380 ut
3407 2298 3534 2396 quia

1932 2391 2194 2461 scriptum
2251 2403 2377 2450 est:
2424 2396 2618 2455 Frater
2654 2405 2870 2475 fratrem
2925 2410 3180 2481 adjuvans
3215 2391 3537 2473 exaltabitur

1935 2480 2134 2552 (Prov.
2186 2488 2379 2561 xvni);
2411 2498 2467 2546 et
2516 2494 2657 2550 sicut
2705 2497 2772 2554 de
2827 2480 3172 2562 credentibus
3200 2509 3255 2564 in
3303 2511 3532 2571 Domino

1930 2573 2163 2631 Actuum
2202 2583 2625 2650 apostolicorum
2671 2591 2936 2662 scriptura
2976 2604 3222 2667 testatur,
3264 2605 3390 2674 quia
3416 2613 3536 2661 erat

1931 2668 2255 2726 credentibus
2295 2673 2350 2727 in
2381 2674 2605 2734 Domino
2630 2696 2720 2736 cor
2747 2699 2906 2738 unum
2952 2697 3002 2740 et
3033 2691 3212 2745 anima
3250 2709 3356 2748 una
3387 2695 3526 2768 (Act.

1930 2761 2045 2832 tv);
2079 2771 2139 2819 ut
2167 2766 2238 2820 sit
2288 2766 2596 2828 fraternitas
2625 2782 2805 2831 vestra
2855 2779 2908 2833 in
2961 2781 3062 2836 hac
3117 2800 3333 2857 quoque
3374 2761 3532 2859 parte

1929 2857 2184 2925 sollicita,
2221 2869 2275 2915 et
2320 2863 2558 2931 glorioso
2613 2866 2723 2924 ﬁlio
2769 2881 2957 2930 nostro
3011 2857 3526 2953 Childeberto—regi,

1929 2963 2090 3016 quem
2121 2947 2541 3013 Christianitatis
2581 2961 2759 3017 studio
2805 2970 3210 3025 venerationem
3253 2974 3524 3044 integram

1929 3039 2042 3095 sedi
2071 3045 2401 3112 apostolicae,
2435 3051 2520 3104 cui
2551 3068 2649 3106 nos
2679 3053 2818 3110 Deus
2846 3073 3077 3126 pratesse
3104 3064 3292 3131 voluit,
3319 3082 3524 3136 cogno-

1933 3133 2105 3190 vimus
2128 3137 2404 3205 exbihere,
2431 3145 2735 3213 supplicare
2764 3164 2874 3204 non
2905 3150 3144 3224 desinas,
3167 3167 3434 3226 quatenus
3469 3164 3526 3217 in

221 3246 314 3290 aut
344 3238 612 3308 injuriare
665 3248 749 3302 vel
781 3253 1062 3320 repudiare
1089 3232 1332 3316 "illum"
1374 3232 1820 3334 abﬁdhmswé
1848 3251 1895 3315 ρ
1930 3232 2074 3280 tanta
2103 3243 2286 3284 rerum
2335 3237 2658 3293 necessitate
2689 3240 2831 3297 circa
2861 3241 3160 3302 Ecclesium
3191 3249 3288 3306 Dei
3323 3255 3527 3311 sollici-

618 3286 634 3314 ν
1335 3304 1349 3329 ι
1677 3313 1692 3334 ’
1927 3326 1940 3334 -
2004 3319 2035 3334 ιο
2262 3324 2272 3334 ·
2355 3333 2359 3334 ν
2616 3331 2637 3334 -λ
2664 3331 2694 3334 λ-

618 3286 634 3314 ,
674 3286 749 3302 πυ.
781 3286 1062 3320 ιυμιιυιαιῠ
1089 3286 1349 3329 ιιιιυιιιυϊ,
1374 3286 1692 3338 δυμοιῐηυ5;

225 3339 279 3386 et
302 3349 367 3388 ea
382 3350 510 3404 qua:
525 3338 576 3391 in
599 3340 839 3409 ejusdem
855 3356 1051 3404 sanctae
1070 3349 1193 3408 ﬁdei
1221 3355 1471 3425 iujuriam
1492 3363 1658 3419 verbo
1673 3365 1816 3422 dicta

222 3423 305 3477 vel
329 3427 681 3496 reperiuntur
704 3435 923 3506 scripta,
941 3443 1441 3505 anathematizanda
1457 3457 1816 3513 exsecranda-

223 3527 325 3581 que
350 3516 738 3594 judicavimus,
778 3536 834 3581 et
881 3534 1257 3593 constituimus
1286 3539 1574 3609 judicauda
1608 3565 1621 3600 :
1653 3549 1816 3606 simili

222 3619 377 3674 poena
392 3608 700 3678 plectentes
713 3618 874 3694 etiam
891 3635 984 3677 eos
996 3625 1087 3693 qui
1100 3624 1260 3682 ﬁdem
1276 3608 1420 3687 beati
1434 3633 1638 3704 Cyrilli,
1653 3655 1814 3710 quem

229 3694 247 3732 ί
273 3711 475 3758 sanctae
495 3707 889 3767 recordationis
905 3713 1012 3771 Leo
1023 3721 1390 3786 praedecessor
1401 3736 1586 3784 noster
1597 3731 1664 3784 ad
1677 3747 1814 3805 prte-

224 3789 539 3851 decessores
551 3808 576 3845 ε
592 3809 800 3860 vestros
816 3806 1057 3878 aliosque
1069 3812 1208 3869 datis
1220 3818 1486 3885 probavit,
1505 3834 1559 3877 et
1580 3822 1734 3880 lauda
1741 3828 1816 3882 vit

222 3887 460 3956 scriptis,
473 3903 526 3945 et
538 3892 994 3960 Chalcedonensis
1007 3910 1315 3965 veneranda
1327 3922 1513 3970 sancta
1527 3914 1554 3953 ιι
1575 3920 1812 3988 synodus

218 3975 407 4046 legitur
415 3986 730 4055 protulisse,
744 3991 1081 4065 aliorumque
1093 3998 1475 4074 Patrum,quos
1494 3975 1806 4080 apostolicae

219 4069 353 4127 sedis
382 4077 644 4144 pmsules
671 4096 1024 4154 susceperunt
1052 4099 1214 4163 atque
1261 4069 1430 4153 secuti
1474 4069 1617 4169 sunt,
1649 4109 1806 4162 exse-

219 4167 409 4222 cranda
446 4171 694 4239 superbia
723 4174 886 4247 impia
921 4195 1270 4242 vocaverunt.
1302 4188 1634 4250 Fraternitas
1675 4213 1803 4268 ergo

221 4259 324 4323 tua,
352 4272 520 4327 quem
550 4267 860 4333 apostolica:
887 4273 1030 4329 sedis
1058 4291 1156 4346 per
1179 4294 1280 4336 nos
1308 4291 1520 4340 constat
1565 4302 1685 4343 esse
1722 4291 1805 4346 vi-

219 4348 439 4416 carium,
469 4354 733 4415 universis
761 4363 1029 4436 episcopis
1058 4369 1380 4441 innotescat,
1429 4386 1488 4433 ut
1517 4381 1678 4437 nullis
1709 4392 1803 4438 aut

218 4434 356 4496 falsis
404 4446 642 4517 scriptis,
694 4463 788 4508 aut
841 4459 1190 4519 mendacibus
1244 4468 1445 4537 verbis,
1477 4481 1570 4526 aut
1598 4475 1801 4530 nuntiis

219 4533 450 4597 qualibet
493 4541 702 4597 ratione
733 4547 1034 4616 turbentur,
1061 4554 1156 4607 sed
1181 4557 1362 4624 potius
1391 4533 1549 4629 primi
1574 4573 1796 4632 aposto-

1925 3319 2186 3385 tudiuem,
2229 3324 2368 3380 sicut
2407 3336 2462 3382 et
2502 3331 2842 3403 conﬁdimus,
2876 3336 3180 3396 Christiana
3232 3344 3524 3404 devotione

1924 3413 2199 3481 persolvat
2239 3433 2252 3470 :
2307 3426 2364 3471 ut
2392 3422 2517 3489 quia
2549 3423 2712 3479 Gothi
2751 3443 2872 3482 cum
2900 3445 3027 3501 rege
3075 3449 3173 3490 suo
3203 3436 3258 3491 in
3301 3439 3522 3497 civitate

1923 3501 2166 3561 Romana
2196 3509 2549 3578 perhibentur
2576 3515 2833 3588 ingressi,
2863 3521 2967 3576 hoc
2995 3524 3075 3578 eis
3103 3526 3355 3595 dignetur
3383 3534 3523 3588 scri-

1918 3597 2068 3666 bere,
2099 3617 2169 3656 ne
2197 3618 2255 3658 se
2285 3605 2338 3658 in
2385 3604 2638 3664 Ecclesia:
2689 3621 2887 3669 nostrae
2931 3617 3265 3687 praejudicio,
3317 3627 3519 3697 quippe

1920 3691 2065 3746 velut
2093 3695 2283 3750 alienae
2311 3697 2462 3766 legis,
2489 3700 2808 3769 immisceat,
2854 3715 2910 3762 et
2958 3709 3161 3780 aliquid
3190 3712 3374 3780 faciat,
3421 3727 3516 3772 aut

1920 3783 2036 3838 ﬁeri
2084 3788 2324 3858 qualibet
2371 3788 2382 3827 ¹
2441 3795 2650 3851 ratione
2699 3800 3005 3868 permittat,
3058 3805 3202 3861 unde
3248 3811 3514 3872 catholica

1917 3877 2088 3946 possit
2133 3877 2374 3937 Ecclesia
2404 3887 2727 3954 perturbari.
2761 3891 2988 3962 Dignum
3016 3898 3159 3952 enim
3206 3909 3308 3967 est,
3341 3913 3394 3957 et
3423 3919 3514 3959 ca-

1917 3967 2138 4038 tholico,
2172 3974 2310 4029 sicut
2334 3985 2434 4044 est,
2464 3981 2580 4049 regi
2601 3987 2946 4054 conveniens,
2972 3998 3030 4044 ut
3061 3990 3218 4047 ﬁdem
3245 4005 3300 4048 et
3321 3995 3514 4052 Eccle-

1911 4061 2069 4133 siam,
2102 4065 2155 4120 in
2184 4081 2290 4138 qua
2335 4069 2477 4128 Deus
2518 4074 2670 4130 illum
2703 4079 2870 4134 voluit
2897 4081 3174 4152 baptizari,
3209 4090 3357 4142 omni
3407 4090 3508 4144 de-

1907 4154 2036 4210 beat
2053 4157 2250 4215 virtute
2274 4161 2582 4226 defendere.
2616 4167 2886 4240 Scriptum
2916 4183 3000 4229 est
3026 4178 3169 4232 enim
3195 4197 3208 4233 :
3235 4179 3361 4236 Vivo
3387 4201 3502 4255 ego,

1907 4247 2032 4302 dicit
2057 4250 2330 4323 Dominus,
2355 4259 2476 4328 quia
2504 4260 2856 4332 gloriﬁcantes
2878 4281 2958 4319 me
2967 4268 3271 4340 gloriﬁcabo
3295 4273 3350 4344 (Ι
3367 4247 3497 4348 Regi

1907 4341 2000 4413 ιι).
2049 4343 2263 4402 Festina
2295 4363 2445 4419 ergo,
2496 4351 2665 4408 frater
2715 4356 3046 4426 charissime,
3107 4372 3166 4418 ut
3205 4366 3260 4420 in
3299 4379 3497 4426 sancta:

1907 4432 2029 4490 ﬁdei
2056 4438 2369 4497 sinceritate
2401 4445 2712 4514 persistens,
2744 4447 3107 4511 Ecclesiarum
3137 4473 3342 4528 pacem,
3377 4479 3498 4531 quae

1906 4527 1991 4580 vel
2021 4543 2052 4582 a
2082 4529 2193 4586 Deo
2221 4547 2320 4603 per
2355 4537 2607 4594 meritum
2663 4545 2953 4602 sacerdotii
2993 4558 3030 4585 η’
3081 4551 3175 4607 tibi
3208 4559 3497 4612 commissa

218 4619 400 4692 lorum,
437 4631 576 4686 sicut
598 4641 872 4708 convenit,
899 4644 1065 4698 verba
1089 4619 1368 4704 sectentur
1391 4619 1623 4710 dicentis
1652 4673 1664 4708 :
1691 4657 1799 4710 Ad-
1827 4641 1881 4701 D
1903 4625 2005 4684 θεῖ’
2039 4621 2122 4676 vel
2152 4638 2183 4678 a
2210 4625 2365 4683 "oms
2391 4644 2491 4699 per
2510 4636 2860 4702 aposmucam
2890 4645 3266 4700 aucwrmmm
3297 4648 3495 4704 Vicana

217 4720 464 4775 versarius
495 4733 658 4780 vester
687 4727 942 4798 diabolus,
971 4744 1026 4788 ut
1051 4736 1129 4792 leo
1159 4741 1366 4810 rugiens
1388 4745 1624 4800 circumit
1650 4765 1794 4820 qua:-

219 4819 328 4862 rens
350 4828 498 4881 quem
527 4816 751 4886 devoret,
777 4827 859 4876 cui
884 4827 1107 4882 resistite
1142 4833 1304 4902 fortes
1332 4836 1386 4889 in
1435 4837 1542 4907 ﬁde
1569 4838 1624 4908 (Ι
1645 4816 1790 4896 l’etr.

218 4894 300 4966 ν),
327 4910 379 4957 et
403 4906 550 4974 quod
576 4909 704 4966 item
751 4912 943 4971 doctor
973 4916 988 4955 ί
1023 4894 1263 4988 gentium
1293 4894 1745 5000 dicit'Apo‘stolus
1774 4952 1789 4990 τ

217 5025 381 5130 lienus
399 5025 730 5124 Arelatensis
759 5047 1016 5120 episcopi,
1049 5053 1247 5123 aliique
1275 5059 1456 5128 plures
1475 5063 1790 5130 prudentio-

216 5106 383 5206 res‘ad
409 5123 532 5161 eum
563 5106 914 5206 scripser'tmt,
944 5106 1376 5191 qumrettltesfan
1403 5106 1534 5206 Δ(ιιιπξιξ
1565 5151 1787 5206 sparge-

243 5186 304 5206 on
332 5191 392 5206 ....
415 5194 540 5206 ..-....
576 5195 747 5206 --_-_.
824 5188 839 5206 .
1103 5194 1114 5204 .

217 5181 392 5271 tantur
415 5194 543 5260 vera
572 5181 911 5271 essent._Hac
936 5181 1224 5271 occasione
1249 5181 1525 5271 rescripsit
1559 5181 1636 5268 se,
1662 5181 1786 5264 vias-

891 5243 906 5246 -
943 5243 1223 5251 ----------
1249 5243 1412 5255 --υνη
1455 5243 1525 5256 υ..
1559 5243 1616 5260 σν
1675 5243 1786 5264 ,ω-

219 5243 661 5336 ιίεϋεψῐηθῄοι-μῐη
718 5257 1068 5336 inhaerentem
1093 5305 1109 5330 ,
1161 5275 1392 5335 quatuor
1419 5243 1786 5336 tsacrosancta

997 5317 1028 5318 ν-
1055 5317 1066 5318 -
1095 5317 1109 5330 ,
1167 5317 1382 5335 τνη-ν-
1439 5317 1786 5336 -..μνη-ψη.

217 5317 432 5417 (ign-cilia
465 5324 712 5417 probare.
745 5337 800 5384 et
830 5335 1092 5417 venerari.
1119 5336 1335 5417 Addidit
1363 5356 1489 5417 gum
1519 5345 1573 5400 in
1603 5348 1787 5417 singu-

673 5378 691 5381 -
750 5378 798 5384 --
839 5378 1092 5388 .-η-η...
1119 5378 1335 5393 .-.........
1413 5378 1489 5397 ...ιλ
1519 5378 1573 5400 ..ι
1603 5378 1683 5401 an]
1760 5382 1784 5392 -

216 5378 743 5476 {arumnafgtnuentis
782 5404 1146 5476 continentur.
1187 5409 1316 5463 Sev.
1362 5378 1558 5471 ﬁrmus.
1591 5450 1664 5460 —
1689 5378 1784 5476 δόθ

615 5447 741 5454 ------
785 5447 1146 5460 -.ν-.-.ην-..υιι
1187 5447 1316 5463 νυν.
1362 5447 1507 5469 uuuu
1544 5455 1558 5469 ο
1591 5450 1664 5460 -
1709 5447 1751 5473 υ

214 5447 309 5552 bac
334 5447 527 5552 ,γῆςϋῖἰὶ
547 5467 794 5552 epistola,
827 5479 882 5526 et
909 5473 974 5527 de
1001 5473 1306 5552 Anastasio,
1332 5483 1481 5552 cujus
1511 5447 1564 5540 ian
1593 5504 1656 5543 ea
1702 5447 1785 5546 es:

214 5529 669 5628 {Egit'tio;:vigeuda
698 5529 822 5594 sunt
841 5558 960 5623 qua:
988 5558 1272 5628 narrantur
1292 5529 1344 5604 in
1367 5529 1532 5610 altera
1556 5560 1781 5628 epistola

417 5589 424 5592 _
614 5589 620 5590 ,
661 5589 669 5590 -
699 5589 820 5594 ---,-
844 5589 959 5612 την
988 5589 1261 5603 ...........υι
1292 5589 1344 5604 ..ι
1367 5589 1532 5610 unua
1556 5589 1781 5628 quntum

215 5589 468 5696 legatariis
498 5602 834 5696 Francorum
867 5617 1296 5696 inscriptaLgure
1328 5638 1432 5696 suo
1483 5638 1605 5696 post
1662 5631 1782 5686 loco

212 5665 529 5768 gplbjigiettir,
590 5693 655 5730 au
665 5720 676 5733 .
711 5665 943 5738 Christi——
1095 5665 1119 5670 ﬁ
1485 5665 1648 5768 lr‘ez'is

209 5728 318 5790 Jac:
342 5728 655 5801 Smnonous:

278 5816 299 5888 ξ’
331 5809 548 5888 Ϊρῑςιξθε
573 5817 718 5885 libri,
751 5821 941 5879 Iduum
967 5825 1246 5885 Juniarum
1274 5832 1374 5888 die.

274 5875 300 5915 ι’
329 5877 638 5944 Parisiensis
663 5875 718 5945 εί
747 5875 1235 5969 Ιὶὲγενὶἆὲίιερὶηιαδ.

637 5982 904 6049 Parnm...
941 5991 1140 6055 LXIX
1154 6033 1171 6056 .

1906 4719 2177 4780 potestate
2205 4719 2514 4789 mandatur,
2561 4731 2891 4800 competenti
2946 4733 3324 4801 sollicitudine,
3381 4741 3494 4796 Deo

1903 4805 2248 4876 propitiante,
2309 4816 2603 4887 custodias,
2654 4832 2709 4874 et
2737 4823 2998 4880 vicarium
3042 4837 3094 4882 te
3120 4830 3264 4886 sedis
3295 4840 3494 4888 nostrae

1900 4896 2074 4968 dignis
2102 4900 2215 4959 Deo
2245 4909 2556 4966 manifestes
2586 4915 2860 4984 Operibus.
2892 4918 3033 4977 Deus
3055 4930 3106 4978 te
3126 4936 3413 4984 conservet
3441 4937 3491 4998 ιι,

1974 5069 1996 5132 Ῠ
2026 5060 2251 5132 Yeteres
2279 5064 2422 5132 libri,
2453 5077 2509 5122 ut
2536 5074 2809 5128 ascendas.

1969 5130 1996 5168 ἀ
2026 5128 2219 5200 Paris.,
2251 5128 2622 5196 indubitanter.

1971 5213 1995 5293 ς
2024 5200 2247 5293 βρείυε,
2280 5205 2614 5293 Parisien‘sis,
2649 5222 2705 5268 et
2733 5213 3051 5293 Colbertini,
3073 5223 3374 5293 reprobant.

1971 5274 1989 5312 ι
2021 5269 2214 5350 Bacis"
2234 5269 2408 5350 cujus,
2435 5269 2731 5350 Bellovac.,
2761 5269 2865 5342 cui.

1965 5356 1990 5421 ξ
2021 5341 2244 5421 Yeteres
2271 5341 2412 5421 libri,
2445 5341 2804 5421 prwcessores.

1967 5414 1993 5496 ξι
2025 5418 2241 5504 Sancta.
2274 5414 2514 5504 Deest'iu
2547 5427 2795 5504 omnibus
2816 5433 3049 5504 antiquis
3076 5436 3369 5497 codicibus.

1972 5487 1987 5526 ί
2027 5488 2246 5544 Veteres
2272 5489 2412 5557 libri,
2445 5495 2581 5549 idem
2610 5487 2806 5555 doctor.

1965 5558 1978 5634 ξ
2015 5559 2209 5634 Raris”
2240 5579 2329 5616 cor
2357 5565 2490 5634 ejus.

1963 5630 1983 5668 ιε
2018 5631 2216 5711 Omnes
2245 5634 2363 5711 libri
2381 5630 2604 5711 veteres
2639 5659 2649 5692 :
2684 5640 2904 5696 Domino
2926 5645 3025 5698 sibi
3048 5650 3336 5710 auxiliante
3356 5657 3478 5711 sub-

1886 5705 2077 5758 veniat.
2111 5702 2200 5757 Sic
2228 5706 2389 5759 etiam
2416 5707 2578 5763 habet
2607 5713 2773 5766 editio
2799 5711 3091 5773 Sirmondi.

1963 5773 1978 5810 ι
2013 5773 2207 5846 Ββτίεη
2239 5777 2436 5846 aliqua.

1953 5853 1990 5881 ιη
2025 5843 2408 5913 Velercslibri,
2440 5852 2716 5904 sacerdotii
2747 5853 3004 5914 meritum.

1951 5925 1976 5952 ιι
2008 5915 2206 5987 Regius
2228 5926 2283 5974 et
2312 5918 2628 5989 Colbertini,
2658 5924 2952 5984 incolumen
2975 5936 3251 5994 custodiat.

2995 6027 3034 6084 2
