4042 6482
484 303 551 358 43
1889 297 2118 357 vrctLu
2158 297 2358 357 exple
3686 283 3762 342 44

481 429 651 480 frater
672 419 1000 480 charissime.
1023 418 1215 474 Datum
1240 427 1264 456 λ
1280 434 1337 475 ιιι
1357 419 1608 476 calendas
1632 417 1817 484 Maias,
1849 417 2061 488 imperii
2095 421 2150 483 Α
2172 419 2329 474 beata
2351 407 2808 476 Chalcedonensis
2850 409 3108 484 synodus,
3134 407 3202 464 ad
3223 403 3620 464 convincendas
3647 404 3726 460 Ne
3741 436 3758 446 -

483 514 687 572 domini
717 511 884 567 nostri
907 508 1192 564 Justiniani
1219 506 1720 584 perpetui'Augusti
1761 526 1904 565 anno
1932 507 2002 564 24
2034 509 2061 549 δ

482 613 606 678 post
628 602 964 659 consulatum
986 600 1169 656 Basilii
1198 602 1296 657 viri
1318 601 1598 658 clarissimi
1626 618 1768 659 anno
1792 610 1985 658 octavo
2017 613 2066 672 ε,

483 712 583 772 per
610 694 883 750 hominem
911 708 1072 765 quem
1092 693 1407 752 Anastasius
1427 692 1641 748 direxit.

626 805 656 849 ⁸
676 805 1014 874 EPISTOLA
1049 805 1071 880 (
1115 808 1242 863 olim
1270 805 1415 877 XIV)
1448 804 1676 863 VlGlLll
1699 803 1905 862 PAPE

829 937 897 976 ΔΙ)
936 934 1201 976 IUSTICUI
1243 935 1314 974 ΕΤ
1342 934 1722 974 εεωετωηυι.

668 1031 937 1088 Rusticum
973 1037 1026 1086 et
1063 1031 1427 1088 Sebastianum
1458 1032 1890 1086 excommunicat.

559 1143 783 1216 Vigilius
807 1131 1090 1216 episcopus
1120 1143 1340 1200 Rustico
1369 1153 1426 1199 et
1449 1143 1788 1200 Sebastiano.

560 1235 661 1292 Diu
680 1235 852 1298 vobis,
886 1233 1105 1289 Rustice
1132 1241 1188 1289 et
1217 1232 1551 1299 Sebastiano,
1586 1231 1881 1288 canonibus
1910 1239 1964 1286 et
1985 1230 2079 1286 de-

492 1345 767 1387 cessurum
797 1337 1104 1384 nostrorum
1133 1337 1520 1398 congruentem
1569 1327 1830 1382 ultionem
1880 1324 2080 1380 inferre

491 1439 593 1494 pro
621 1421 916 1492 apostolica
970 1420 1339 1475 moderatione
1387 1419 1743 1485 distulimus;
1805 1417 1899 1474 sed
1953 1415 2079 1487 quia

495 1517 741 1573 Doctoris
768 1517 1003 1588 gentium
1026 1516 1079 1570 in
1111 1515 1287 1570 cordis
1311 1515 1477 1570 vestri
1500 1514 1693 1568 duritia
1727 1511 1894 1585 (quod
1923 1526 1952 1565 a
1982 1525 2081 1565 nu-

493 1609 577 1664 bis
598 1624 720 1663 cum
767 1608 929 1662 nimia
963 1618 983 1644 °
1011 1607 1225 1661 tristitia
1251 1606 1485 1676 dicitur)
1520 1606 1682 1660 verba
1713 1605 1953 1659 videmus
1983 1602 2084 1656 im-

496 1703 661 1773 pleta,
691 1701 884 1773 quibus
925 1701 1001 1754 ait
1035 1717 1047 1752 :
1083 1696 1309 1752 Nescitis
1334 1699 1453 1769 quia
1493 1696 1744 1767 patientia
1771 1695 1867 1748 Dei
1890 1694 1958 1747 ad
1979 1710 2086 1765 pa:-

2174 513 2327 567 storii
2357 513 2602 567 vesanias
2643 510 2699 564 in
2729 507 3044 564 deﬁnitione
3087 503 3206 558 lldei
3248 503 3444 571 legitur
3491 499 3758 571 posuisse,

2176 620 2295 674 quae
2320 611 2374 660 te
2403 605 2563 659 etiam
2593 604 2824 658 instante
2881 599 2890 636 ί
2922 607 3136 654 ‘certum
3188 603 3271 651 est
3299 591 3566 663 ﬂagitata,
3598 593 3672 646 ita
3703 600 3765 644 ut

2179 697 2301 754 ﬁliis
2329 699 2529 754 nostris
2556 698 2757 768 Sapato
2787 703 2844 751 et
2881 691 3048 748 Paulo
3079 691 3318 745 diaconis
3345 691 3390 755 l,
3421 687 3514 745 sed
3547 695 3604 742 et
3625 685 3762 741 Sur-

2178 792 2359 861 gentio
2381 790 2714 845 notariorum
2744 786 3050 859 primicerio
3089 783 3394 839 clamitares
3422 769 3625 846 dicens,
3657 795 3766 833 non

2179 882 2352 938 solum
2382 895 2576 936 nomen
2607 887 2664 935 et
2691 879 2888 948 scripta
2924 874 3192 930 Theodori
3219 869 3580 943 Mopsuesteni
3609 886 3638 925 a
3663 885 3768 923 no-

2180 975 2262 1031 bis
2290 975 2487 1030 debere
2516 972 2781 1041 damnari,
2808 970 2904 1026 sed
2935 977 2988 1024 et
3017 967 3346 1024 territorium
3389 964 3505 1034 ejus
3537 959 3563 1001 ¹¹
3592 965 3768 1033 ipsum

2184 1069 2277 1125 ubi
2303 1069 2511 1138 positus
2540 1074 2640 1134 est,
2673 1074 2727 1120 et
2753 1064 2797 1119 si
2827 1078 2948 1118 ossa
2991 1060 3107 1130 ejus
3151 1058 3332 1114 evulsa
3367 1057 3649 1124 quisquam
3703 1055 3770 1107 de

2181 1162 2450 1232 sepultura
2475 1159 2715 1228 ejiceret,
2744 1167 2797 1211 et
2825 1170 2946 1210 cun.
2988 1153 3176 1208 eodem
3209 1148 3484 1206 territorio
3514 1145 3772 1201 incende-

2182 1263 2284 1319 ret,
2316 1259 2590 1321 gratanter
2638 1250 2929 1319 acciperes.
2961 1246 3178 1302 Etcum
3225 1257 3449 1299 necesse
3499 1249 3666 1308 esset,
3715 1245 3774 1292 ut

2186 1320 2456 1413 negotium
2488 1343 2630 1415 quod
2661 1342 2833 1397 fuerat
2862 1342 2917 1395 in
2959 1339 3161 1410 judicio
3189 1344 3376 1393 nostro
3426 1320 3770 1406 perductum,

2186 1448 2239 1494 te
2267 1439 2431 1493 etiam
2460 1453 2619 1506 quam
2643 1435 2880 1490 maxime
2910 1434 3053 1488 inter
3083 1431 3218 1486 alios
3248 1439 3357 1484 tam
3387 1427 3404 1466 ι
3452 1427 3650 1484 sacrati
3681 1441 3774 1479 or-

2186 1531 2347 1596 dinis,
2370 1544 2530 1598 quam
2561 1528 2834 1598 sequentis
2862 1525 3234 1582 consentiente
3258 1533 3320 1590 ππ,
3354 1519 3620 1580 sententia
3651 1517 3777 1570 tini-

2187 1630 2352 1685 retur,
2384 1619 2526 1690 quod
2549 1626 2757 1675 constat
2789 1617 3059 1684 effectum,
3091 1622 3146 1670 et
3164 1613 3292 1684 quid
3316 1612 3381 1668 de
3409 1609 3600 1667 eodem
3627 1607 3777 1677 judi-

2191 1722 2315 1769 cato
2340 1711 2550 1777 feceris,
2583 1709 2857 1779 quomodo
2883 1709 3045 1763 etiam
3075 1707 3130 1761 in
3180 1705 3379 1776 palatio
3410 1710 3470 1757 ut
3497 1700 3648 1755 fratri
3678 1715 3780 1754 nu-

499 1796 772 1852 nitentiam
821 1812 908 1850 vos
937 1793 1183 1847 adducit?
1216 1802 1265 1845 tu
1307 1803 1479 1845 autent
1532 1790 1812 1844 secundum
1840 1788 2083 1841 duritiam
2118 1793 2164 1852 Β
2191 1816 2304 1864 sm,
2331 1807 2539 1861 Μρηηω
2571 1815 2618 1872 n’
2642 1805 2709 1859 ad
2737 1819 2897 1872 quem
2946 1802 3352 1870 scripseram“,
3386 1795 3633 1852 celeriter
3663 1800 3779 1846 tm-

498 1897 642 1942 tuam
679 1896 730 1941 et
755 1885 1079 1956 impmnitens
1120 1899 1227 1950 cor,
1263 1883 1588 1936 thesaurizas
1624 1880 1714 1934 tibi
1745 1881 1876 1932 iram
1919 1879 1972 1931 in
2002 1878 2086 1932 die

496 1982 591 2034 irae
620 1977 795 2052 (Rom.
823 1977 881 2048 ιι)
915 1994 927 2029 :
955 1983 1014 2030 ut
1040 1989 1294 2030 excessus
1322 1971 1340 2010 τ
1366 1983 1577 2028 vestros
1606 1987 1670 2025 ex
1687 1970 1927 2040 plurimis
1958 1984 2090 2038 pau-

500 2087 594 2128 cos
622 2071 861 2132 interim,
892 2070 1210 2136 inquantum
1240 2080 1545 2135 possumus,
1591 2062 1964 2130 designemus,
1996 2075 2089 2113 ve—

500 2163 776 2220 nientibus
805 2161 960 2216 nobis
982 2160 1068 2213 hic
1099 2159 1151 2212 in
1195 2157 1394 2225 regiam
1435 2157 1730 2218 civitatem,
1763 2160 1818 2206 tu
1851 2151 2086 2216 Rustice,

502 2258 628 2313 dum
658 2257 835 2324 aliqua
858 2255 1013 2308 nobis
1035 2253 1401 2321 ignorantibus
1431 2251 1655 2320 legeres,
1674 2263 1794 2319 qua:
1817 2246 2090 2301 hominem

501 2349 609 2405 loci
658 2348 734 2402 tui
763 2346 983 2400 omnino
1031 2345 1210 2413 legere
1239 2358 1347 2397 non
1378 2342 1624 2407 decebat,
1656 2347 1712 2394 et
1745 2339 1898 2410 plura
1941 2353 2091 2393 com-

503 2443 719 2498 mittere
741 2439 1021 2502 dicereris,
1049 2454 1168 2509 quas
1198 2439 1361 2492 etiam
1399 2445 1663 2502 nostram,
1685 2433 1730 2487 si
1761 2440 1812 2487 te
1837 2447 1944 2486 non
1968 2447 2093 2501 pru-

502 2534 860 2590 bibuissemus
887 2529 1052 2602 (quod
1090 2529 1286 2596 absit),
1318 2527 1627 2597 opinionem
1670 2531 1832 2594 atque
1861 2522 2096 2576 animam

504 2611 700 2683 laedere
723 2623 986 2696 potuisset
1003 2631 1026 2669 ε
1057 2639 1069 2674 :
1095 2621 1308 2675 dicente
1334 2631 1550 2690 quoque
1575 2617 1642 2671 de
1664 2623 1716 2670 te
1740 2614 1894 2669 nobis
1918 2613 2097 2683 aliqua

505 2716 673 2772 Paulo
709 2714 964 2780 diacono,
994 2712 1157 2767 etiam
1182 2719 1234 2764 te
1258 2717 1544 2779 praesente,
1573 2707 1714 2762 sicut
1741 2704 1982 2775 oportuit
2002 2745 2015 2766 ,
2042 2709 2096 2756 et

504 2827 604 2882 pro
626 2808 908 2873 amnitate,
927 2821 1033 2876 qua
1061 2804 1215 2859 nobis
1236 2819 1264 2855 a
1292 2815 1573 2870 germano,
1602 2812 1763 2866 quem
1789 2794 2092 2858 dileximus,

503 2902 838 2973 jungebaris,
867 2905 922 2953 et
947 2912 1044 2968 pro
1066 2911 1131 2949 eo
1161 2894 1304 2963 quod
1337 2908 1435 2947 nos
1465 2899 1516 2946 te
1552 2890 1619 2944 ad
1656 2887 1930 2943 leviticum
1961 2900 2092 2955 pro-

510 3007 829 3050 vexeramus
877 2988 1135 3054 ofﬁcium,
1169 2985 1479 3054 frequenter
1517 2990 1575 3038 et
1615 2990 1824 3037 secrete
1871 2988 2094 3048 paterna

508 3084 814 3139 monuimus
860 3079 1145 3143 charitate,
1175 3085 1236 3132 ut
1265 3075 1308 3130 si
1335 3091 1396 3129 ea
1419 3089 1539 3144 quae
1583 3075 1650 3128 de
1675 3081 1729 3128 te
1758 3071 2094 3135 dicebantur,

510 3193 577 3231 cx
605 3175 783 3242 aliqua
808 3177 964 3241 parte
1007 3182 1384 3238 cognosceres,
1429 3181 1460 3219 a
1501 3165 1694 3218 talibus
1742 3171 2093 3231 temperares,

510 3279 597 3329 ne,
621 3263 746 3331 quia
774 3260 871 3315 Dei
899 3272 1113 3314 causam
1138 3257 1484 3310 indiscussam
1506 3270 1612 3308 nun
1635 3264 1944 3323 pateremur
1968 3265 2098 3320 qua-

510 3356 642 3409 libet
671 3352 881 3407 ratione
909 3350 1243 3418 relinquere,
1275 3346 1592 3401 canonicum
1649 3359 1746 3414 per
1798 3357 1895 3397 nos
1948 3343 2004 3396 in
2046 3350 2100 3396 te

507 3447 766 3516 judicium
795 3443 1125 3514 proveniret.
1178 3439 1258 3495 Tu
1289 3449 1468 3495 autem
1499 3456 1606 3493 non
1647 3438 1820 3493 solum
1852 3435 2100 3490 admoui-

512 3539 714 3594 tionem
741 3544 982 3591 nostram
1011 3533 1200 3588 audire
1221 3533 1486 3587 malevolo
1516 3531 1705 3600 spiritu
1733 3527 1971 3591 noluisti,
2001 3525 2100 3581 sed

513 3629 697 3694 etiam,
728 3628 865 3682 sicut
893 3627 1154 3696 scriptum
1202 3632 1284 3679 est
1311 3641 1323 3676 :
1357 3624 1528 3694 Argue
1555 3624 1862 3692 sapientem,
1891 3628 1939 3674 et
1967 3623 2100 3672 ada-

515 3721 677 3778 mabit
703 3731 778 3788 te;
824 3721 1054 3785 stultum,
1087 3729 1135 3772 et
1184 3718 1302 3774 odio
1333 3716 1532 3770 habebit
1584 3725 1630 3769 te
1674 3715 1854 3787 (Prov.
1893 3715 1999 3783 ix).
2033 3711 2103 3766 Et

513 3820 754 3873 iterum':
787 3811 974 3869 Noluit
995 3814 1282 3884 intelligere
1308 3822 1365 3866 ut
1388 3812 1513 3866 bene
1546 3819 1746 3882 ageret;
1779 3811 2102 3882 iniquitatem

515 3907 792 3964 meditatus
811 3909 960 3962 estin
990 3906 1144 3959 cubiti
1171 3923 1263 3960 suo
1295 3905 1467 3976 (f’sat.
1501 3905 1666 3977 xxxv)
1702 3924 1713 3956 :
1748 3905 1814 3956 ad
1845 3904 1946 3958 hoc
1991 3919 2104 3956 ma-

515 4002 628 4056 litia
659 4010 748 4055 tua
763 3999 1018 4071 perducta
1050 4005 1150 4064 est,
1170 4006 1251 4066 ut,
1267 4004 1459 4050 nostra
1480 3995 1845 4051 admonitione
1861 4003 2104 4047 contem-

513 4102 627 4168 pta,
658 4092 711 4147 in
734 4091 914 4147 odium
946 4091 1125 4160 potius
1147 4089 1449 4159 prosilires,
1483 4095 1537 4141 et
1567 4085 1906 4140 occasionem
1956 4098 2104 4152 quic-

513 4198 685 4253 reres,
714 4191 978 4254 quatenus
1005 4196 1166 4237 causa
1214 4179 1591 4250 capitulorum,
1625 4176 1675 4231 id
1701 4185 1803 4242 est,
1853 4175 1919 4230 de
1949 4176 2106 4231 dictis

516 4277 786 4335 Theodori
816 4277 1182 4349 Mopsuesteni
1212 4276 1436 4346 ejusque
1467 4289 1697 4345 persona
1717 4314 1734 4340 ,
1776 4272 1870 4327 sed
1900 4280 1953 4326 et
1983 4270 2104 4340 epi-

516 4371 654 4427 stola
682 4385 802 4440 quae
829 4371 897 4425 ab
923 4371 1013 4425 lba
1043 4371 1105 4423 ad
1137 4369 1326 4424 Marim
1354 4367 1570 4423 Persam
1601 4365 1912 4437 perhibetur
1937 4365 2106 4434 scrip-

2189 1899 2406 1954 deretur
2427 1897 2705 1962 institeris,
2739 1895 2866 1948 nulli
2898 1894 3125 1947 habetur
3154 1892 3441 1951 incertum,
3473 1886 3546 1941 ita
3577 1892 3635 1940 ut
3664 1882 3781 1937 ﬁlio

2193 1999 2377 2045 nostro
2418 1987 2707 2056 Surgentiu
2737 1986 3042 2056 primicerio
3079 1981 3284 2054 petenti
3305 1979 3559 2036 schedam
3604 1975 3780 2046 ipsam

2189 2083 2408 2153 judicati
2437 2081 2635 2148 nostri,
2680 2087 2740 2133 ut
2769 2077 2914 2149 apud
2943 2093 3002 2133 se
3041 2092 3139 2146 pro
3171 2074 3293 2128 loco
3325 2067 3620 2126 secundum
3649 2083 3785 2123 con-

2198 2174 2532 2231 suetudinem
2563 2172 2842 2235 retineret,
2875 2185 2972 2240 per
3018 2166 3216 2222 multos
3247 2163 3363 2218 dies
3399 2162 3526 2216 dare
3571 2161 3788 2229 penitus

2198 2266 2480 2331 noluisses,
2511 2265 2682 2319 donec
2708 2260 3036 2332 exemplaria
3067 2273 3164 2328 per
3186 2256 3445 2328 plurimos
3474 2251 3788 2308 sacerdotes

2201 2373 2266 2414 ac
2293 2358 2482 2425 laicus,
2513 2356 2607 2412 sed
2637 2364 2692 2410 et
2741 2370 2839 2425 per
2861 2354 3152 2422 gloriosum
3198 2352 3371 2406 virum
3420 2347 3729 2419 Tyrannum
3761 2351 3788 2379 °

2202 2451 2516 2518 magistrum
2544 2447 2797 2514 militum,
2826 2445 3070 2513 aliosque
3093 2443 3264 2498 laicus
3293 2441 3345 2494 in
3378 2438 3625 2493 Africana
3654 2450 3790 2505 pru-

2203 2540 2374 2594 vincia
2403 2539 2721 2603 destinares,
2752 2537 2897 2607 quod
2928 2538 2979 2591 in
3012 2535 3240 2592 ecclesia
3272 2541 3455 2588 nostra
3495 2545 3526 2585 a
3555 2528 3794 2584 diacono

2202 2648 2475 2703 nunquam
2519 2632 2718 2686 factum
2759 2640 2870 2696 est,
2910 2647 2973 2686 ac
3001 2630 3157 2685 nobis
3209 2629 3370 2683 etiam
3401 2623 3790 2692 nescientibus,

2203 2726 2318 2795 ejus
2344 2724 2670 2794 exemplaria
2718 2723 3036 2778 destinares.
3066 2721 3198 2776 Nam
3229 2727 3283 2775 et
3310 2717 3534 2776 sabbato
3579 2723 3795 2780 sancto,

2204 2835 2311 2889 quo
2334 2819 2526 2888 ipsum,
2560 2826 2632 2883 te,
2665 2817 2803 2872 sicut
2833 2815 3038 2886 praefati
3067 2827 3272 2880 sumus,
3303 2809 3636 2872 imminente,
3661 2821 3795 2876 pro—

2205 2915 2424 2972 tulimus
2441 2914 2756 2983 judicatum,
2782 2913 2834 2966 in
2863 2911 3144 2966 ecclesiam
3165 2922 3369 2965 sessum
3394 2917 3420 2954 P
3446 2903 3798 2975 processisse,

2205 3015 2262 3063 et
2289 3006 2739 3070 communicasse,
2771 3011 2826 3059 et
2854 2985 3098 3057 ofﬁcium
3123 3012 3272 3055 tuum
3308 2997 3560 3068 implesse
3600 3009 3797 3061 cogno-

2207 3099 2396 3155 sceris.
2419 3097 2552 3153 Nam
2578 3102 2635 3151 et
2662 3095 2856 3152 eodem
2887 3094 2975 3149 die
3011 3101 3290 3147 revertens
3319 3091 3386 3145 ab
3416 3087 3666 3152 ecclesia,
3698 3102 3794 3140 cu-

2208 3192 2463 3261 episcopo
2499 3197 2704 3252 nostro,
2737 3193 2999 3256 quantum
3049 3184 3313 3255 perbibet,
3343 3177 3556 3236 Juliano
3585 3179 3691 3233 hoc
3719 3177 3798 3231 di-

2208 3297 2377 3347 ceres,
2403 3281 2530 3351 quia
2549 3280 2740 3335 melius
2764 3278 2879 3333 fieri
2895 3293 3004 3332 non
3026 3278 3221 3347 potuit,
3244 3290 3402 3345 quam
3425 3270 3570 3342 quod
3598 3269 3799 3324 factum

2208 3384 2290 3431 est
2313 3374 2628 3446 judicatum,
2661 3380 2716 3429 et
2743 3370 3038 3427 hortareris
3066 3378 3125 3424 ut
3149 3368 3290 3422 Deus
3312 3375 3582 3428 oraretur,
3613 3376 3793 3431 neque

2209 3467 2354 3536 quod
2381 3465 2400 3539 [
2425 3467 2556 3539 forte
2585 3479 2653 3520 ne
2680 3463 2864 3534 quod]
2896 3463 3093 3518 factum
3145 3469 3227 3516 est
3256 3471 3280 3508 εὶ
3317 3457 3618 3512 tolleretur.
3648 3452 3801 3523 Quod

2209 3560 2371 3614 etiam
2403 3559 2727 3614 succedente
2757 3555 3032 3610 dominico
3053 3552 3140 3607 die
3165 3551 3386 3605 Paschm
3413 3547 3661 3602 similiter
3682 3543 3802 3600 effe-

2210 3652 2351 3719 cisti,
2382 3659 2437 3707 et
2465 3651 2554 3706 diu
2576 3649 2628 3704 in
2656 3649 2841 3705 eadem
2867 3643 3210 3718 perdurando
3239 3642 3526 3706 sententia,
3558 3641 3712 3703 alios,
3744 3646 3802 3693 ut

2209 3747 2511 3816 judicatum
2539 3750 2780 3796 nostrum
2815 3739 3001 3794 libenti
3028 3737 3208 3791 animo
3256 3742 3630 3805 sequerentur,
3667 3731 3803 3784 nihi-

2209 3814 2447 3885 lominus
2475 3827 2799 3882 hortabaris.
2826 3823 2958 3878 Nam
2999 3823 3126 3877 dum
3169 3819 3520 3874 Antiochense
3548 3814 3805 3871 Ecclesia

2213 3924 2576 3997 apocrisiariis
2604 3921 2846 3992 ejusdem
2892 3918 3115 3990 judicati
3169 3914 3498 3983 exemplaria
3541 3927 3641 3966 nos
3669 3910 3802 3964 dare

2212 4017 2517 4090 petentibus
2541 4013 2897 4074 diﬂ‘erremns,
2929 4010 3022 4066 sed
3050 4010 3156 4064 hoc
3181 4006 3352 4077 magis
3391 4015 3411 4042 τ
3439 4003 3641 4073 justum
3683 4016 3806 4056 esse

2212 4112 2484 4184 praedictis
2515 4107 2873 4179 apocrisiariis
2922 4105 3242 4167 diceremus,
3276 4108 3335 4154 ut
3361 4115 3390 4153 a
3420 4098 3586 4152 fratre
3614 4104 3804 4151 nostro

2213 4202 2406 4256 Menna
2436 4201 2616 4271 potius
2645 4197 2974 4267 exemplaria
3002 4200 3271 4266 peterent,
3305 4190 3371 4244 ad
3400 4205 3560 4259 quem
3589 4205 3620 4242 a
3643 4187 3806 4243 nobis

2210 4293 2494 4349 videbatur
2518 4291 2684 4346 fuisse
2704 4291 2995 4361 prolatum,
3025 4295 3084 4341 tu
3108 4293 3286 4340 autem
3309 4282 3520 4354 publica
3555 4295 3687 4336 voce
3710 4279 3806 4334 de-

2213 4403 2484 4458 posceres,
2520 4386 2704 4440 dicens
2752 4383 3028 4437 dominum
3077 4380 3314 4434 Leonem
3357 4376 3430 4430 ita
3473 4373 3541 4430 de
3576 4373 3805 4444 epistola

519 4473 593 4527 ω’
625 4477 724 4518 nec
752 4477 861 4516 non
902 4468 958 4517 et
1005 4460 1272 4514 diuorum
1302 4460 1619 4519 Theodori“
1648 4457 1672 4495 ι’
1697 4501 1708 4524 ’
1742 4473 1862 4527 qua:
1915 4465 2104 4511 contra
2135 4455 2185 4514 ι)
2214 4455 2311 4537 sua
2340 4481 2566 4537 diversis
2589 4478 2914 4547 exemplaria
2939 4475 3257 4538 destinasse,
3285 4487 3382 4526 nos
3402 4469 3582 4524 facere
3607 4469 3804 4523 debere

515 4559 723 4610 rectam
745 4551 902 4606 ﬁdem
930 4559 985 4606 et
1014 4551 1296 4620 epistolam
1319 4550 1493 4604 beatae
1508 4548 1898 4604 recordationis
1919 4547 2105 4619 Cyrilli

516 4643 831 4718 synodicam
879 4642 948 4696 ad
988 4641 1295 4695 Nestorium
1345 4655 1465 4692 cum
1500 4639 1781 4694 duodecim
1835 4639 2102 4708 capitulis,

517 4748 682 4805 quam
702 4741 759 4790 et
785 4741 968 4789 sancta
991 4731 1226 4802 synodus
1249 4729 1518 4801 Ephesina
1550 4729 1722 4799 prima
1753 4729 2012 4798 suscepit,
2043 4736 2100 4784 et

593 4879 619 4906 ⁸
649 4874 846 4938 Paris.,
880 4873 1022 4927 data.

589 4943 618 4983 δ
646 4944 846 5013 Regius
867 4953 920 4998 et
950 4942 1264 5008 Culbertini,
1279 4943 1567 5012 imperante
1587 4941 1795 4996 domino
1806 4939 2104 5000 Justiniano

521 5017 639 5073 PP.
658 5017 816 5086 Aug.
838 5031 976 5086 anno
1007 5030 1148 5086 xxxv.

596 5100 619 5128 ε
652 5081 990 5148 Parisiensis,
1022 5083 1242 5152 Regius,
1275 5090 1331 5137 et
1355 5081 1671 5149 Culbertini,
1703 5101 1840 5138 anno
1871 5102 2028 5141 nono.

590 5159 617 5194 ἀ
647 5155 872 5226 Vigilius
921 5171 950 5208 a
980 5155 1090 5210 suis
1119 5155 1329 5210 clericis
1365 5157 1727 5223 compluribus
1752 5157 2104 5211 schismaticis

520 5226 1261 5309 exagitatusncollectis,qui
1298 5233 1449 5280 erant
1474 5227 1962 5308 Constzmtinopoli,
1993 5227 2098 5309 Ita-

521 5301 605 5354 lia:
625 5297 914 5378 episcopis,
956 5297 1285 5378 sententiam
1324 5297 1898 5378 excommunicationis
1929 5306 1982 5351 et
2004 5298 2099 5350 de-

521 5367 806 5441 positionis
857 5369 922 5441 a_b
971 5367 1116 5441 omni
1160 5367 1346 5441 gradu
1370 5375 1426 5421 et
1463 5368 1658 5441 ordine
1695 5368 1810 5441 _f_ert
1875 5367 1926 5420 in
1981 5383 2094 5441 eos,

520 5435 756 5494 inaxime
786 5438 836 5491 in
868 5436 1143 5492 Rusticum
1172 5435 1232 5492 et
1262 5435 1638 5493 Sebastianum
1679 5436 1956 5490 diaconos.
1993 5437 2100 5492 Nec

522 5519 702 5565 tamen
734 5520 1018 5579 propterea
1044 5507 1332 5564 conflatum
1353 5509 1585 5563 schisma
1601 5506 1973 5579 est__set_l_atutn,
2002 5507 2098 5579 sed

522 5582 690 5650 magis
715 5575 1026 5650 excitatum,
1064 5579 1362 5647 conjunctis
1391 5579 1643 5633 adversus
1674 5575 1929 5650 Vigilium
1951 5577 2100 5647 capi-

522 5644 760 5706 tulorum
773 5644 1138 5704 defensoribus
1157 5644 1313 5705 simul
1331 5658 1383 5703 et
1399 5646 1880 5718 impugnaturibus.
1897 5644 2093 5701 Baron.

521 5738 612 5777 an.
637 5719 757 5775 550.
790 5720 916 5773 Sev.
945 5719 1141 5776 BINIUS.

598 5801 622 5829 ο
652 5789 847 5856 Paris.,
876 5792 1209 5848 commodica.

600 5862 618 5901 ί
655 5859 872 5918 Veteres
899 5861 1038 5930 libri,
1069 5869 1118 5917 et
1144 5870 1201 5914 ut
1230 5875 1482 5915 excessus.

2216 4575 2461 4630 similiter
2489 4571 2802 4636 asserenda,
2832 4569 2958 4638 quia
2983 4573 3284 4630 metueres,
3325 4563 3424 4617 nisi
3483 4561 3804 4615 universitas

2215 4667 2435 4736 judicati
2466 4666 2636 4721 nostri
2689 4660 3015 4731 exemplaria
3061 4657 3130 4712 de
3173 4655 3373 4712 scrinio
3431 4659 3618 4710 nostro
3659 4652 3802 4707 edita

2217 4766 2427 4813 teneret
2456 4765 2500 4822 ι,
2535 4757 2774 4826 qualibet
2802 4753 3013 4808 ratione
3038 4758 3227 4822 postea
3257 4747 3484 4804 forsitan
3510 4747 3798 4803 cela'retur.

2287 4882 2310 4918 Β
2336 4873 2563 4927 Veteres
2593 4872 2732 4933 libri,
2765 4871 3073 4939 potuissent.

2282 4940 2314 4980 ιι
2341 4941 2505 4996 Iidem
2535 4942 2675 5006 libri,
2711 4939 3044 4994 Theodoreti.

2292 5014 2306 5048 ί
2344 5013 2538 5074 Paris.,
2573 5013 2831 5065 adstante.
3503 5010 3533 5032 '

2289 5085 2303 5134 i
2342 5082 2487 5137 Idem
2510 5083 2701 5147 codex,
2747 5080 3066 5135 draconibus.
3095 5077 3386 5146 Bellovac.,
3420 5079 3690 5134 diaconus.

2287 5154 2311 5191 κ
2344 5151 2498 5224 Ejus.
2524 5153 2684 5208 Deest
2707 5153 2759 5224 in
2791 5150 3101 5224 Parisiensi.

2292 5224 2304 5261 ι
2339 5223 2486 5278 Tam.
2516 5224 2673 5278 Deest
2704 5223 2756 5276 in
2783 5223 2972 5276 eodem
3007 5223 3159 5275 libro.

2280 5305 2320 5333 ω
2351 5295 2575 5350 Veteres
2599 5294 2746 5362 libri,
2777 5293 3229 5348 consentientibus.

2281 5376 2307 5402 η
2338 5365 2560 5421 Veteres
2590 5366 2708 5420 libri
2739 5374 2792 5420 et
2821 5365 2973 5430 edit.,
3008 5363 3198 5417 Mente.

2283 5446 2306 5473 °
2338 5437 2633 5497 Bellovac.,
2663 5434 3000 5506 Tyrannjum,
3029 5431 3234 5506 Paris.,
3258 5432 3592 5487 Turranium.

2280 5519 2304 5557 r
2332 5508 2556 5562 Veteres
2586 5504 2725 5572 libri,
2759 5509 2812 5560 in
2845 5505 3083 5558 Ecclesia
3116 5504 3398 5557 nobiscum.

2279 5590 2305 5629 (ί
2331 5578 2524 5644 Paris.,
2557 5596 2619 5633 ne
2651 5579 2786 5650 quod
2840 5579 3054 5650 factum.
3098 5573 3235 5650 l_l_inc
3282 5573 3636 5650 coplirmatur
3666 5587 3800 5628 cono

2201 5652 2410 5719 jectura
2435 5645 2678 5720 apposita
2711 5651 2762 5703 in
2793 5645 3036 5714 margine
3065 5645 3316 5701 editionis
3345 5646 3626 5700 Romamn.

2282 5731 2304 5758 τ
2339 5719 2529 5787 Paris.,
2553 5731 2601 5774 et
2631 5721 2725 5773 hoc
2756 5719 2944 5788 magis.
3148 5727 3150 5730 '

2279 5800 2298 5827 ⁸
2335 5785 2628 5857 Bellovac.,
2675 5785 2884 5845 editao'n
2923 5796 3136 5844 teneret.
3189 5787 3384 5849 Paris.,
3419 5785 3558 5842 edita
3588 5805 3692 5844 non
3725 5796 3800 5843 te.

2208 5873 2366 5918 neret.
