4018 6340
281 259 338 319 ιδ
1309 267 1312 270 ’
1456 267 1811 328 ΕΡΙΞΤΟΙΛΕ
1841 272 1932 330 ΕΤ
1969 275 2310 336 DECRETA.
3457 299 3527 354 «ill

273 377 392 433 Nam
409 372 528 477 dum
553 387 898 432 occasionem
927 377 1106 477 euntis
1146 377 1215 436 ad
1243 378 1486 477 Siciliam
1517 387 1833 458 reperisses,
1861 391 1917 454 Α
1941 388 2026 456 de,
2051 393 2368 448 canonicam
2398 396 2684 453 advertant
2703 401 2931 459 subiisse
2949 405 3296 477 sententiam,
3327 410 3396 465 ad
3422 418 3528 467 tum

273 476 322 523 et
339 465 622 536 jndicatum
652 477 898 524 nostrum
923 469 1222 542 laudesque
1247 471 1384 542 ejus,
1431 475 1522 530 ubi
1545 478 1712 532 etiam
1739 477 1830 534 ﬁlii

269 559 691 616 nostridiaconus
719 562 1164 634 primiceriusque
1187 572 1362 622 tecum
1381 567 1726 625 manifestum
1751 579 1836 627 est

270 653 652 722 subscripsisse,
693 653 816 710 filiis
861 657 1064 713 nostris
1091 655 1309 727 Pelagio
1335 659 1568 717 diacono
1607 661 1834 732 aliisque

269 745 478 814 dirigere
502 745 768 804 voluisses
795 763 894 819 pro
916 749 1148 814 cautela,
1178 765 1249 806 ne
1274 751 1342 806 ab
1389 752 1572 823 aliqua
1601 754 1834 810 inveniri

269 837 468 896 forsitan
497 840 778 909 potuisset,
802 841 958 898 nobis
985 842 1149 899 etiam
1170 843 1560 912 ignorantibus,
1583 845 1636 899 in
1658 861 1832 900 mem-

264 931 411 988 brana
440 942 464 968 ἰ
487 935 878 1004 conscriptum,
907 937 1028 991 etin
1055 937 1320 992 brevitate
1339 938 1828 1008 quadruplicatum,

265 1022 434 1080 litteris
459 1026 725 1097 scriptum
753 1027 1124 1086 minutissimis
1150 1031 1453 1088 destinasti.

322 1116 444 1172 Nam
470 1125 530 1173 et
569 1117 859 1176 Vincentio
901 1122 1152 1177 secunda:
1196 1123 1434 1192 regionis
1480 1123 1830 1191 subdiacono,

264 1209 483 1264 iteruma
513 1211 675 1266 nobis
714 1222 904 1282 postea
947 1213 1018 1269 ad
1061 1213 1295 1271 Siciliam
1326 1216 1554 1282 directo,
1585 1233 1682 1287 per
1709 1233 1840 1272 eum-

262 1300 357 1356 filio
385 1310 573 1360 nostro
598 1301 818 1374 Pelagio
844 1305 1074 1362 diacono
1117 1307 1367 1362 similiter
1394 1309 1656 1379 scripsisti
1691 1327 1704 1361 :
1736 1310 1832 1363 sed

185 1409 194 1418 '
258 1395 366 1465 quia
383 1395 450 1450 ita
479 1407 815 1454 memoratus
841 1399 1206 1456 subdiaconus
1234 1413 1496 1472 prospere
1538 1403 1828 1472 navigavit,

257 1496 308 1541 ut
331 1487 473 1542 illum
502 1489 594 1558 qui
625 1489 678 1544 in
703 1491 1016 1547 membrana
1048 1493 1291 1564 scripta“
1326 1501 1660 1565 portaverat,
1693 1509 1832 1566 prae-

254 1581 424 1636 cedere
447 1581 742 1651 potuisset,
773 1593 1034 1652 quantum
1078 1585 1236 1641 nobis
1263 1587 1468 1651 retulit,
1510 1602 1573 1642 ea
1603 1595 1725 1657 quae
1774 1588 1830 1642 in

253 1672 550 1728 membrana
579 1673 893 1742 scripseras,
929 1674 1175 1744 Pelagius
1211 1676 1474 1732 diaconus
1523 1678 1640 1746 ipso
1687 1692 1826 1747 prae-

1941 480 2296 538 ordinationis
2324 486 2606 545 veniamus
2625 490 2799 546 initia.
2824 493 3152 553 Absentibus
3175 498 3301 555 filiis
3329 505 3530 560 nostris

1940 569 2183 662 diaconis
2209 583 2226 610 ι
2253 573 2504 633 Anatolio
2529 589 2694 650 atque
2715 581 3020 654 Stephano,
3052 602 3084 641 a
3109 589 3266 646 nobis
3293 595 3530 662 postula-

1938 661 2028 726 sti,
2062 670 2122 716 ut
2167 664 2235 720 ad
2282 673 2496 738 tempus
2523 685 2624 741 pro
2663 673 2936 745 implendo
2963 677 3174 747 ofﬁcio,
3223 661 3525 742 abantium

1940 754 2062 811 loco
2093 755 2382 815 diaconum
2409 772 2464 818 te
2493 764 2709 821 interim
2745 768 3063 828 faceremus.
3091 773 3246 842 Quod
3275 781 3402 836 ideo
3425 783 3522 837 tibi

1939 847 2006 901 ad
2035 864 2271 918 praesens
2294 857 2533 924 speranti
2563 862 2928 919 concessimus
2945 906 2962 933 ,
2984 868 3110 936 quia
3155 878 3282 926 ante
3309 874 3527 928 ordina-

1937 938 2141 995 tionem
2170 951 2314 997 tuam
2344 948 2654 1004 cautionem
2709 953 2864 1009 nobis
2892 958 3110 1026 propria
3147 961 3428 1019 voluntate
3456 965 3528 1020 lo-

1936 1028 2077 1119 Eeris
2105 1032 2384 1103 emisisse,
2424 1050 2586 1105 quam
2615 1045 2670 1094 et
2699 1044 2925 1099 testibus
2975 1048 3264 1119 roborasti,
3287 1061 3342 1106 et
3371 1055 3530 1111 tactis

1937 1113 2242 1186 Evangeliis
2283 1121 2646 1196 juramentum
2677 1133 3036 1200 corporaliter
3083 1113 3408 1208 praestitiSti,
3467 1153 3528 1199 ut

1937 1209 2195 1279 quidquid
2227 1213 2322 1268 tibi
2349 1231 2380 1269 a
2413 1217 2568 1273 nobis
2598 1235 2696 1288 pro
2738 1224 3103 1282 ecclesiastica
3134 1230 3368 1286 utilitate
3397 1233 3528 1290 fuis-

1936 1308 2019 1354 set
2040 1299 2356 1394 injuinctum,
2387 1305 2620 1364 ﬁdeliter
2642 1319 2696 1365 et
2719 1313 2834 1368 sine
2861 1315 3040 1386 aliqua
3069 1317 3257 1375 fraude
3281 1325 3525 1394 compleo-

1936 1406 2042 1460 res,
2074 1393 2310 1450 cilicium
2339 1413 2469 1455 vero
2519 1400 2806 1473 locumque
2860 1407 3119 1464 diaconii
3179 1413 3297 1475 sine
3343 1393 3527 1484 aliquo

1935 1484 2091 1552 vitio,
2139 1487 2257 1540 sine
2287 1488 2466 1557 aliqua
2507 1494 2778 1562 superbia,
2811 1498 2928 1553 sine
2954 1500 3136 1570 aliquo
3165 1504 3522 1574 neglectuum,

1937 1575 2112 1630 donec
2133 1587 2536 1636 reverterentur
2559 1583 2771 1642 diaconi
2796 1593 3101 1658 memorati,
3129 1603 3224 1648 aut
3243 1605 3446 1664 quanto
3471 1606 3528 1654 te

1940 1664 1964 1704 ι
1997 1677 2241 1740 tempore
2285 1674 2336 1728 in
2381 1675 2666 1733 levitarum
2710 1681 3068 1740 voluissemus
3119 1688 3460 1746 ordinatione
3504 1691 3514 1728 ¹

249 1772 384 1819 sente
407 1765 674 1834 percepit.
703 1763 843 1834 Ergo
873 1765 1000 1822 dum
1035 1776 1092 1822 et
1119 1776 1174 1824 te
1200 1784 1311 1840 pne
1357 1769 1608 1825 omnibus
1647 1771 1825 1824 immi-
1860 1753 1909 1814 Β
1935 1756 2244 1817 ministrare
2262 1780 2385 1818 cum
2416 1768 2562 1822 omni
2585 1769 2888 1826 humilitate
2914 1782 2970 1828 et
2995 1775 3172 1831 studio
3195 1779 3312 1834 sine
3339 1782 3523 1850 negle-

249 1864 394 1911 nente
419 1857 696 1927 prolatum
729 1857 891 1914 fuerit
911 1858 1230 1929 judicatum,
1263 1870 1320 1915 et
1347 1869 1492 1915 tanta
1530 1862 1584 1915 in
1608 1861 1726 1931 ejus
1749 1862 1831 1916 in-

248 1945 391 2002 dicati
414 1948 580 2004 laude
603 1964 894 2006 suecensus
923 1966 1020 2022 per
1038 1953 1267 2007 multum
1297 1961 1508 2024 tempus
1529 1953 1828 2023 scripseris,

244 2036 496 2095 fecerisve
519 2047 579 2096 ut
624 2056 899 2110 nunquam
939 2050 1005 2097 te
1041 2043 1390 2098 crederemus
1440 2045 1507 2098 ab
1536 2045 1640 2098 hac
1668 2059 1830 2114 posse

243 2131 557 2187 rectitudine
579 2132 814 2201 deviare,
867 2135 1208 2190 immutatum
1242 2145 1296 2190 te
1335 2137 1514 2191 subito
1553 2141 1676 2206 post
1716 2137 1830 2193 haec

242 2223 456 2290 quadam
491 2225 654 2280 animi
686 2225 925 2293 levitate,
956 2227 1218 2296 vulgante
1253 2229 1511 2297 opinione
1557 2229 1827 2298 comperi-

241 2327 372 2382 mus,
399 2323 453 2370 et
478 2332 604 2372 cum
626 2316 954 2374 adversariis
980 2317 1254 2386 Ecclesiae,
1285 2319 1376 2389 qui
1411 2327 1600 2374 contra
1632 2329 1654 2357 ο
1681 2317 1826 2387 judi-

241 2406 342 2460 cati
389 2408 564 2463 nostri
612 2408 810 2464 seriem
863 2407 1196 2475 nitebantur,
1230 2417 1288 2466 et
1328 2425 1359 2463 a
1388 2409 1544 2464 nobis
1579 2416 1704 2463 sunt
1731 2423 1829 2478 per

234 2493 445 2563 judicati
475 2498 650 2567 ipsius
677 2508 922 2555 tenorem
951 2515 983 2553 a
1014 2500 1397 2556 communione
1443 2500 1705 2569 suspensi,
1738 2513 1828 2554 se-

237 2597 375 2647 crete
405 2599 650 2648 trnctare
679 2611 694 2646 :
736 2601 792 2648 et
818 2593 946 2656 dum
977 2593 1119 2650 ﬁlius
1137 2605 1324 2650 noster
1345 2593 1547 2650 Paulus
1568 2593 1830 2649 diaconus

237 2677 259 2716 ἀ
279 2683 342 2737 ad
362 2683 579 2739 italiam
615 2695 640 2724 °
666 2685 946 2742 discedere
973 2687 1250 2753 voluisset,
1285 2696 1639 2757 posteaquam
1671 2694 1725 2742 et
1761 2687 1827 2741 ad

234 2791 346 2831 eum
367 2779 640 2848 pervenit,
672 2780 818 2852 quod
858 2777 1172 2836 scandalum
1204 2779 1459 2836 Ecclesia:
1489 2781 1544 2836 in
1585 2795 1830 2835 commu-

233 2869 384 2926 nione
403 2871 587 2928 adhuc
607 2881 792 2928 nostra
815 2873 1043 2944 positus,
1075 2882 1285 2929 secrete
1307 2882 1364 2927 et
1389 2874 1497 2941 hic,
1529 2881 1583 2928 et
1604 2876 1658 2928 in
1681 2872 1826 2927 Afri-

232 2978 354 3019 cana
381 2967 672 3036 provincia
719 2965 764 3030 ί,
797 2967 888 3022 ubi
918 2975 1078 3023 antea
1117 2967 1460 3021 defendendo
1485 2975 1540 3020 et
1562 2965 1828 3020 laudando

226 3053 528 3122 judicaturn
576 3069 847 3122 nostrum,
873 3056 993 3123 ejus
1032 3056 1363 3124 exemplaria
1391 3055 1720 3122 destinastis,
1746 3054 1827 3110 fa-

1937 1857 2027 1902 ctu
2057 1850 2236 1906 modis
2263 1853 2512 1910 omnibus
2539 1857 2886 1928 impleturum
2922 1880 2934 1915 :
2984 1864 3036 1917 in
3064 1867 3252 1920 eadem
3275 1872 3528 1926 cautione

1934 1955 2122 1995 rursus
2149 1943 2424 2010 adjiciens,
2457 1947 2601 2013 quod
2630 1949 2678 2002 si
2721 1948 2792 2004 de
2837 1949 2920 2006 his
2950 1953 3202 2010 erunibus
3245 1973 3365 2026 quae
3403 1975 3523 2014 cum

1934 2040 2298 2100 sacramento,
2331 2034 2486 2088 tactis
2517 2038 2874 2104 corporaliter
2900 2040 3239 2112 Evangeliis,
3274 2050 3526 2116 promisi-

1933 2121 2022 2185 sti,
2047 2121 2252 2191 aliquid
2279 2125 2458 2180 minus
2487 2126 2790 2197 implesses,
2839 2138 2970 2186 tunc
2997 2148 3030 2187 a
3069 2145 3254 2190 sancta
3291 2153 3527 2194 commu-

1933 2213 2098 2268 nione
2126 2229 2274 2271 esse;
2302 2231 2597 2287 suspensus
2629 2237 2642 2273 :
2694 2221 2769 2276 ita
2797 2229 2858 2276 ut
2899 2224 2945 2278 si
2974 2240 3006 2278 a
3045 2225 3134 2280 die
3161 2243 3416 2285 excessus
3447 2233 3527 2287 tui

1934 2303 2074 2358 intra
2101 2320 2302 2361 annum
2331 2310 2665 2378 prenitentias
2691 2312 2960 2370 noluisses
3005 2317 3142 2372 colla
3185 2321 3525 2390 submittere,

1935 2402 1992 2448 tu
2043 2395 2140 2452 tibi
2189 2399 2476 2456 anathema
2513 2417 2680 2471 manu
2724 2406 2940 2475 propria
2989 2409 3270 2467 scribendo
3320 2413 3521 2470 dixisti.

1935 2483 2084 2541 Tunc
2099 2501 2228 2556 ergo
2251 2489 2318 2543 ad
2348 2505 2584 2560 praesens
2604 2491 2780 2550 factus
2793 2509 2852 2550 es
2881 2497 2981 2553 sub
3003 2511 3067 2552 ea
3090 2516 3248 2569 quam
3270 2504 3526 2572 sperabas

1934 2587 1989 2634 et
2014 2580 2287 2650 pollicitus
2313 2583 2495 2640 fueras
2523 2588 2834 2644 conditione
2862 2590 3140 2648 diaconus.
3169 2591 3364 2651 Postea
3392 2613 3524 2653 vero
3567 2649 3572 2654 .

1934 2680 2052 2727 uta
2082 2675 2238 2730 nobis
2273 2676 2338 2730 ad
2370 2677 2752 2736 Dalmatiarum
2784 2683 3167 2753 patrimonium
3211 2687 3521 2754 mittereris,

1933 2769 2156 2822 summis
2185 2771 2432 2838 precibus
2476 2775 2782 2843 postulasti.
2815 2777 2972 2844 Quod
3003 2796 3102 2837 nos
3145 2783 3342 2848 securi,
3399 2785 3524 2852 quia

1935 2857 2098 2910 talem
2124 2859 2332 2914 feceras
2358 2863 2683 2930 cautionem,
2719 2867 2900 2923 animo
2925 2870 3116 2925 libenti
3137 2873 3520 2928 concessimus.

1934 2945 2036 3011 Qui
2066 2947 2190 3002 dum
2222 2949 2276 3002 in
2323 2950 2695 3008 Salenitanain
2733 2959 2920 3012 urbem
2957 2971 2994 2998 ιη
3047 2978 3145 3031 pro
3185 2964 3524 3021 ordinatione

1935 3040 2250 3108 patrimonii
2295 3043 2623 3110 advenisses,
2655 3056 2914 3116 quantum
2955 3049 3023 3104 ad
3071 3067 3171 3108 nos
3212 3063 3396 3122 postea
3442 3069 3525 3111 est

231 3159 342 3202 me
373 3145 670 3208 “hebetis,
697 3155 824 3200 “me
853 3146 950 3200 tibi
991 3147 1152 3216 cum“
1183 3148 1432 3202 insistere
1460 3155 1515 3201 ει
1542 3147 1746 3216 dicere,
1771 3157 1830 3202 ,η
1855 3167 1904 3232 C
1935 3128 2306 3232 plurimorum
2315 3133 2598 3232 relatione
2631 3137 2973 3232 perduc‘tum,
3031 3140 3232 3198 illicitis
3276 3152 3330 3200 te
3385 3153 3443 3200 et
3493 3162 3522 3199 a

231 3239 266 3291 si
289 3253 493 3294 verum
525 3245 687 3306 esset,
713 3237 1014 3308 producere
1041 3248 1067 3287 Β
1105 3239 1592 3311 debuisses;.quod
1622 3248 1676 3295 tu
1706 3255 1832 3298 con-

228 3328 416 3394 victus,
445 3327 633 3384 celare
659 3328 886 3397 minime
899 3331 1139 3399 potuisti.
1168 3330 1318 3386 Tunc
1340 3345 1471 3386 vero
1498 3341 1829 3388 memoratus

230 3419 375 3475 nobis
397 3418 574 3488 capit
623 3419 906 3474 imminere
951 3413 1230 3488 diaconus,
1263 3429 1322 3476 ut
1352 3429 1446 3476 aut
1471 3424 1745 3492 corrigere
1774 3432 1830 3480 te

228 3509 288 3564 ab
315 3511 402 3566 bis
421 3523 553 3580 qua!
581 3511 766 3568 illicite
792 3509 1042 3578 faciebat,
1069 3513 1168 3568 sub
1198 3520 1380 3570 nostra
1411 3515 1696 3584 praesentia
1725 3516 1830 3572 cle-

229 3601 572 3673 ricorum'que
594 3604 959 3673 promitteres,
991 3611 1084 3660 aut
1112 3612 1260 3660 certe
1289 3605 1606 3674 petitionem
1636 3605 1828 3661 adver-

229 3703 340 3749 sutn
360 3703 437 3764 te,
463 3702 528 3750 et
555 3695 876 3752 varietatem
907 3703 1055 3751 tuam
1085 3703 1248 3766 atque
1275 3696 1542 3752 fallaciam
1568 3697 1636 3751 ab
1666 3712 1734 3752 eo
1747 3697 1828 3752 fa-

229 3791 382 3850 ctam,
414 3800 588 3857 quam
617 3792 674 3842 et
701 3801 814 3856 pm
857 3788 1108 3843 manibus
1152 3788 1393 3857 gerebat,
1453 3787 1826 3844 debuissemus

228 3876 469 3945 accipere
512 3893 528 3930 :
559 3875 630 3931 ad
657 3877 764 3933 hoc
787 3893 849 3932 es
871 3879 1089 3949 propria
1113 3879 1394 3935 voluntate
1431 3879 1744 3950 perductus,
1767 3888 1826 3934 ut

229 3968 376 4024 tactis
422 3968 740 4037 Evangeliis
767 3978 1102 4026 sacramenta
1127 3978 1430 4040 praestares,
1463 3978 1520 4026 et
1545 3970 1708 4025 verba
1733 3978 1823 4024 tua

229 4061 488 4117 anotario
521 4061 550 4097 ει
571 4061 772 4131 scripta
801 4062 856 4116 in
900 4065 1089 4117 nostro
1133 4069 1418 4117 teneantur
1450 4061 1670 4126 scrinio,
1699 4062 1822 4130 qui-

228 4148 320 4206 bus
336 4153 482 4209 inter
517 4153 622 4208 alia
644 4155 838 4223 legeris
858 4154 1170 4224 promisisse
1195 4163 1248 4208 te
1275 4167 1548 4222 nunquam
1573 4167 1602 4206 a
1635 4160 1822 4208 nostro

227 4244 430 4312 penitus
453 4245 724 4316 obsequio
763 4247 1148 4302 discessurum.
1178 4247 1536 4316 Posteaquam
1566 4259 1697 4300 vero
1725 4258 1821 4314 pe-

225 4333 305 4403 jor
331 4343 384 4392 te
404 4337 786 4406 Sebastianus,
819 4353 918 4408 pro
943 4339 1061 4394 solo
1083 4338 1340 4393 seandalo
1381 4336 1652 4404 faciendo,
1679 4337 1821 4391 sicut

228 4433 278 4481 et
305 4428 454 4486 initia
486 4431 663 4500 ipsius
711 4431 974 4486 venientis
1004 4432 1059 4485 in
1097 4431 1620 4500 Constantinopolim
1663 4444 1820 4483 mon-

227 4525 560 4587 straverunt,
593 4529 650 4576 et
677 4522 858 4577 exitus
885 4521 1043 4592 pejor
1083 4521 1322 4585 edocuit,
1355 4521 1598 4576 noscitur
1652 4519 1818 4571 adve—

1932 3222 2062 3278 sede
2095 3225 2394 3294 apostolica
2423 3228 2710 3296 prohibitis
2752 3230 3184 3288 ordinationibus
3237 3236 3518 3300 miscuisti,

1932 3326 1988 3371 et
2007 3331 2142 3386 quos
2170 3315 2464 3386 Honorius,
2496 3330 2622 3378 tunc
2659 3324 2929 3393 praedicta:
2956 3325 3190 3381 civitatis
3212 3329 3520 3400 episcOpus,

1931 3416 2120 3464 contra
2160 3412 2606 3468 consuetudinem
2653 3413 2912 3471 Romana:
2941 3418 3026 3472 vel
3073 3434 3181 3473 sua:
3224 3407 3518 3486 Ecclesia,

1929 3501 2071 3557 sedis
2103 3503 2414 3572 apostolica
2441 3506 2734 3561 constituta
2773 3509 2942 3562 sacris
2985 3509 3264 3565 ordinibus
3291 3511 3523 3582 applim-

1929 3600 2082 3647 verat
2111 3602 2160 3660 ⁸³,
2211 3611 2320 3650 non
2349 3597 2521 3650 solum
2573 3599 2864 3667 prohibere
2908 3602 3122 3670 penitus
3151 3603 3388 3668 noluisti,
3419 3601 3519 3660 sed

1929 3697 2032 3739 nec
2069 3683 2224 3741 nobis
2279 3701 2347 3740 ex
2399 3689 2499 3744 hac
2544 3705 2706 3746 causa
2764 3693 2851 3748 vel
2903 3695 3106 3763 scripto
3153 3695 3382 3764 referre,
3429 3696 3521 3754 vel

1928 3774 2144 3844 quando
2160 3785 2182 3811 ο
2198 3775 2596 3834 Thessalonica:
2624 3781 2779 3837 nobis
2795 3798 3130 3849 occurreras,
3150 3802 3358 3842 memor
3377 3803 3513 3844 con-

1928 3865 2168 3920 scientiae
2198 3875 2318 3933 tuae,
2354 3885 2420 3924 ne
2450 3871 2616 3927 verbo
2644 3874 2860 3943 quidem
2885 3890 3176 3946 suggerere
3198 3878 3438 3948 voluisti,
3461 3887 3520 3935 et

1927 3972 2050 4013 cum
2078 3957 2204 4026 illis,
2249 3971 2503 4031 tanquam
2536 3979 2659 4018 cum
2690 3965 2932 4032 legitimo
2971 3976 3028 4020 et
3075 3969 3382 4023 rationabili
3428 3985 3518 4023 or—

1927 4049 2054 4106 dine
2082 4049 2256 4116 tactis,
2306 4053 2618 4123 cupiditatis
2639 4057 2834 4129 spiritu
2857 4058 3170 4125 acquievisti
3197 4058 3515 4129 procedere,

1927 4147 1984 4194 et
2013 4156 2201 4196 eorum
2241 4143 2422 4198 socius
2471 4159 2530 4199 es
2567 4127 2966 4199 communionis
2996 4145 3292 4199 venalitatc
3327 4161 3514 4215 reper—

1925 4238 2032 4287 tus.
2056 4232 2257 4287 lterum
2309 4233 2692 4289 Thessalonica
2743 4246 2766 4282 r
2793 4234 2862 4288 ad
2889 4233 3180 4290 Dalmatias
3205 4239 3512 4307 patrimonii
3537 4233 3544 4236 ”

1923 4327 2144 4396 regendi
2166 4342 2328 4380 causa
2348 4327 2603 4381 remissus
2627 4343 2788 4393 es,ex
2811 4343 2916 4397 qua
2939 4330 3216 4399 provincia
3245 4331 3514 4402 frequenti

1926 4430 1980 4473 te
2009 4420 2331 4474 auctoritate
2369 4421 2709 4490 monuimus,
2757 4433 2816 4477 ut
2865 4439 2973 4479 non
3020 4433 3145 4480 ante
3187 4425 3510 4494 discederes,

1925 4514 2026 4568 nisi
2057 4529 2246 4569 omnes
2287 4515 2578 4571 secundum
2625 4518 3072 4586 pollicitationem
3122 4527 3268 4574 tuam
3297 4528 3404 4573 tam
3447 4521 3512 4574 de

229 4604 378 4674 nhse,
401 4610 476 4665 ita
507 4567 571 4666 ul
597 4626 724 4667 mox
754 4612 831 4666 tui
857 4567 1142 4666 immemor
1169 4609 1512 4674 sacramenti,
1558 4607 1814 4678 conjura-
1849 4567 1896 4626 υ
1926 4607 2310 4664 Dalmatiarum
2339 4610 2662 4680 patrimonio
2693 4627 2854 4681 quam
2883 4611 2948 4666 dc
2979 4611 3334 4668 Przevalitano
3355 4614 3510 4668 colli-

229 4697 424 4755 tionem
452 4703 604 4758 inter
621 4719 722 4759 vos
747 4712 936 4759 contra
966 4711 1167 4758 statuta
1194 4717 1483 4764 canonum,
1504 4700 1823 4768 nobisigno-

227 4791 484 4864 nutibus,
504 4792 788 4859 facientes,
820 4796 874 4851 in
897 4803 1145 4864 apertum
1176 4802 1405 4864 uterque
1433 4807 1814 4864 prorumpere-

228 4877 290 4933 lis
306 4885 640 4940 scandalum.
655 4885 765 4942 Sed
786 4894 848 4940 ut
869 4895 982 4952 tua,
1000 4885 1342 4952 Sebastiano,
1365 4901 1473 4940 non
1496 4886 1813 4956 inquantum

227 4978 358 5035 διιιη,
389 4974 488 5029 sed
518 4975 833 5046 inquantum
864 4976 1068 5031 referre
1096 4993 1402 5047 possumus,
1434 4977 1574 5030 mala
1595 4990 1715 5045 qua:
1737 4974 1813 5030 fe-

227 5062 358 5118 ceris
380 5064 582 5122 diversi
600 5074 954 5138 cognoscant,
983 5076 1044 5128 et.
1060 5067 1206 5146 juste
1237 5075 1310 5134 te,
1343 5081 1465 5121 nam
1497 5065 1668 5136 magis
1698 5073 1810 5120 tar-

291 5245 576 5323 erteres
603 5251 742 5319 libri,
775 5253 1089 5310 membrana.
1137 5253 1228 5311 Sic
1276 5255 1439 5310 etiam
1470 5251 1630 5323 paulo
1660 5259 1803 5323 post.

289 5316 314 5357 δ
343 5317 542 5393 faris"
576 5316 843 5393 scriptum.
1470 5316 1488 5323 ’
1660 5316 1680 5323 ’
1767 5317 1792 5342 ’⁵

294 5395 317 5466 ξ
343 5388 651 5466 gellovacu
669 5388 789 5466 quia
817 5404 1020 5450 contra.

287 5457 316 5497 ἀ
344 5460 572 5532 Yeteres
601 5457 723 5519 libri
755 5476 809 5520 et
832 5467 987 5532 edit.,
1020 5467 1269 5521 diaconus
1297 5465 1514 5522 Paulus.

290 5539 314 5602 ξ
345 5528 544 5602 Raris,
575 5534 640 5588 ab
663 5534 844 5590 Italia.
976 5528 983 5532 ’
1249 5537 1254 5542 ’

292 5599 310 5682 τ
344 5599 572 5682 Χεῑςετέε
601 5605 744 5682 libri,
776 5609 1076 5682 Africanam
1108 5608 1443 5678 provinciam.

285 5681 311 5746 ε
337 5671 542 5746 _P_aris.,
571 5671 806 5746 prodere.
821 5671 832 5682 ’
1053 5687 1056 5692 '

291 5742 314 5779 ‘I
337 5743 489 5798 ldeni
518 5742 711 5812 codex,
745 5751 982 5802 notariis.

300 5813 316 5854 ί
351 5814 575 5874 Veteres
603 5818 743 5887 libri,
775 5820 1069 5876 diaconibus
1103 5821 1340 5890 Pelagio,
1363 5821 1623 5891 Anatolio,
1652 5831 1806 5895 atque

1925 4712 2082 4770 geres
2109 4702 2416 4772 pensiones.

1994 4792 2102 4847 Sed
2148 4801 2204 4847 tu
2235 4794 2417 4848 omnia
2448 4794 2881 4864 praetermittens,
2912 4794 2979 4848 ad
3009 4794 3510 4867 Constantinopoli-

1926 4891 2109 4939 tanam
2138 4885 2328 4940 urbem
2368 4900 2468 4956 pro
2495 4885 2612 4940 solo
2642 4885 2888 4941 faciendo
2917 4887 3102 4942 venire
3148 4888 3402 4942 seandalo
3431 4887 3510 4942 fe-

1921 4979 2153 5044 stinasti,
2186 4985 2445 5048 quantum
2475 4986 2530 5032 et
2558 4993 2790 5047 sequens
2819 4979 2993 5034 exitus
3015 4979 3329 5034 declaravit.
3355 4978 3509 5031 Rele-

1918 5082 2050 5138 gens
2081 5077 2257 5123 tamen
2307 5067 2589 5125 constituti
2617 5069 2788 5124 nostri
2819 5070 3038 5138 seriem,
3085 5087 3244 5140 quam
3275 5069 3344 5123 de
3372 5083 3508 5137 pra:-

1917 5253 2204 5325 Stepliano.

1991 5323 2020 5396 i
2043 5323 2236 5396 Raris,
2270 5326 2534 5396 locumque
2557 5325 2882 5392 diaconatus.

1987 5393 2010 5468 ¹ξ
2043 5394 2160 5468 Yon;
2185 5403 2232 5448 te
2254 5395 2404 5449 deest
2434 5393 2485 5468 in
2517 5395 2789 5451 codicibus
2818 5397 3212 5468 manuscriptis.

1995 5463 2008 5500 ¹
2045 5465 2338 5528 Bellovae.,
2371 5466 2781 5532 ordinationem;
2813 5467 3008 5534 Paris.,
3039 5463 3291 5522 ordinem.

1991 5547 2027 5571 ’τι
2061 5536 2288 5591 Veteres
2314 5537 2452 5602 libri,
2480 5537 2791 5590 Salonitana
2819 5541 2959 5590 urbe.

1989 5613 2014 5642 τ’
2047 5605 2211 5676 [idem
2243 5607 2382 5672 libri,
2413 5609 2734 5676 applicuerat

1994 5687 2017 5712 ο
2045 5675 2216 5746 iidem
2244 5678 2384 5743 libri,
2416 5675 2492 5732 vel
2520 5679 2788 5746 quomodo.

1890 5809 1898 5812 _
1986 5751 2018 5794 Ρ
2042 5745 2208 5807 [idem
2233 5748 2373 5813 libri,
2408 5745 2603 5802 Iterum
2633 5747 2697 5798 de
2724 5745 3104 5806 'i'a'wssalonica.
