4042 6458
392 316 399 319 “
494 305 562 359 47
1896 292 2072 348 VlGlL

2180 288 2369 344 PAPA‘J
3694 288 3767 343 ιδ

491 415 618 472 fatis
664 412 909 483 capitulis
938 411 1005 465 ad
1056 411 1302 467 Mennam
1329 407 1486 478 hujus
1513 406 1745 462 civitatis
1773 405 2069 461 antistitem
2104 409 2153 467 Α
2182 421 2400 461 causam
2447 403 2678 472 habetis,
2726 412 2785 459 et
2810 418 2912 460 nos
2939 405 3119 461 aliam.
3170 405 3366 462 Postea
3394 420 3523 462 vero
3561 408 3629 463 ad
3658 409 3769 467 hoc

491 510 701 566 dedisse
731 506 1038 575 relegimus,
1060 506 1112 559 in
1138 512 1430 573 conspectu
1458 503 1825 568 diaconorum,
1850 500 2071 555 subdia-

492 614 878 669 conornmque,
909 598 994 652 vel
1042 597 1417 651 universorum
1467 593 1807 658 clericorum,
1859 590 2073 662 publica

492 707 626 748 voce
679 689 940 744 laudabas
973 700 1018 755 ⁸,
1064 696 1124 741 ιιι
1169 686 1239 741 de
1289 686 1428 741 cmlo
1474 684 1774 753 judicatum
1828 689 2071 736 nostrum

491 784 797 840 ordinatum
844 788 1008 850 atque
1060 780 1329 849 prolatum
1389 778 1656 842 omnibus,
1683 777 1819 831 sicut
1864 773 2073 844 prmfati

490 890 700 939 sumus,
762 871 976 927 clericis
1019 870 1340 939 loquereris.
1406 869 1556 924 Dicta
1611 882 1739 921 vero
1804 864 2081 920 Theodori

490 965 853 1035 Mopsuesteni
876 963 1156 1017 asserebas
1184 970 1236 1016 te
1264 962 1317 1015 in
1342 960 1509 1015 Roma
1534 961 1667 1015 urbe
1698 960 1837 1012 inter
1863 958 2074 1025 aliquos

491 1058 703 1114 codices
756 1057 1045 1122 invenisse,
1098 1070 1218 1123 qua:
1248 1054 1605 1109 confirmabas
1633 1053 1779 1108 omni
1820 1066 2074 1106 exsecra-

492 1152 640 1207 tione
666 1158 723 1205 et
740 1149 1087 1219 blasphemiis
1110 1165 1230 1204 esse
1270 1147 1559 1218 completa.
1587 1145 1714 1200 Haec
1742 1143 1989 1209 dicendo,
2020 1143 2074 1197 in

493 1252 679 1297 nostro
708 1241 989 1309 obsequio,
1016 1248 1073 1295 et
1100 1240 1155 1292 in
1209 1237 1439 1293 ecclesia
1490 1236 1702 1306 publice
1725 1243 1779 1289 et
1810 1235 1863 1287 in
1895 1232 2072 1286 Placi-

490 1335 607 1390 dias
637 1332 875 1389 ofﬁcium
903 1332 1219 1387 diaconatus
1249 1330 1531 1401 implebas.
1550 1326 1854 1382 Nativitatis
1875 1324 2073 1379 Christi

489 1423 587 1479 Dei
636 1421 849 1477 Domini
886 1430 941 1475 et
978 1420 1275 1475 Salvatoris
1316 1419 1483 1474 nostri
1532 1418 1825 1473 secundum
1855 1430 2074 1470 carnem

488 1514 763 1585 praeterito
785 1528 927 1568 anno
954 1512 1068 1568 dies
1097 1510 1317 1567 advenit
1342 1531 1353 1565 :
1382 1510 1694 1566 vocavimus
1744 1518 1816 1574 te,
1843 1509 1968 1579 quia
2008 1506 2076 1562 ad

490 1624 611 1674 nos,
643 1622 761 1678 quae
790 1622 950 1678 supra
995 1606 1334 1661 meminimus
1381 1614 1434 1659 te
1462 1603 1656 1661 fecisse
1696 1604 1748 1657 in
1776 1602 2074 1669 Dalmatiis,

490 1699 557 1755 de
577 1701 782 1755 recenti
812 1706 1176 1770 pervenerunt
1209 1717 1221 1751 :
1274 1706 1329 1752 et
1354 1699 1495 1753 sicut
1542 1696 1813 1767 oportuit,
1842 1695 2076 1749 diximus

2181 497 2420 565 nequitia
2466 504 2644 551 vestra
2676 496 2937 565 pervenit,
2971 504 3028 552 ut
3075 500 3557 555 excommunicatis
3611 518 3768 557 como

2180 588 2456 643 municare
2521 594 2709 643 contra
2766 603 3002 644 canones
3068 590 3303 660 superbo
3364 593 3767 661 prmsumeretis

2181 680 2406 748 spiritu,
2436 678 2490 733 id
2536 687 2637 744 est,
2670 680 2983 735 memoratis
3012 681 3097 735 vel
3144 682 3281 749 aliis,
3332 697 3471 753 quos
3516 698 3617 753 pro
3658 684 3767 740 hoc

2178 771 2322 841 quod
2364 779 2553 827 contra
2608 771 2905 841 judicatum
2956 781 3199 827 nostrum
3255 774 3610 844 scripserant,
3667 791 3769 846 per

2179 862 2417 931 ejusdem
2440 861 2667 932 judicati
2689 864 2885 918 seriem
2916 864 3198 918 constabat
3220 864 3329 932 jam
3359 880 3392 919 a
3433 865 3588 921 nobis
3615 880 3769 921 com-

2179 955 2435 1010 munione
2463 970 2754 1025 suspeusos
2780 973 2793 1008 :
2826 955 2913 1011 cui
2939 954 3201 1025 iudicato,
3226 957 3365 1013 sicut
3403 973 3565 1028 supra
3582 959 3772 1014 memi-

2180 1047 2377 1113 nimus,
2407 1063 2505 1103 vos
2551 1047 2884 1118 acquievisse
2913 1055 2968 1102 et
2997 1048 3339 1103 consensisse
3368 1056 3423 1102 et
3463 1050 3769 1103 communi-

2180 1152 2351 1203 casse,
2383 1138 2650 1194 catholica
2680 1138 2928 1208 probavit
2959 1138 3220 1193 Ecclesia.
3254 1137 3407 1195 Unde
3434 1148 3648 1195 constat
3671 1156 3769 1195 vos

2180 1231 2472 1286 secundum
2499 1232 2713 1302 regulas
2736 1248 3004 1288 canonum
3030 1232 3174 1302 juste
3199 1232 3462 1287 damnari.
3496 1231 3770 1286 Deliniunt

2181 1323 2323 1375 enim
2352 1336 2630 1376 canones:
2673 1318 2690 1361 ι
2728 1320 2784 1376 Si
2813 1322 2933 1392 quis
2980 1323 3474 1377 excommunicatus
3517 1331 3644 1376 ante
3670 1337 3770 1375 au-

2180 1409 2434 1465 dientiam
2459 1413 2859 1468 communicare
2878 1413 3303 1485 praesumpserit,
3323 1414 3435 1484 ipse
3452 1414 3508 1469 in
3531 1429 3593 1471 se
3617 1413 3769 1469 dam-

2181 1504 2457 1558 nationem
2482 1506 2726 1575 protulit.

2252 1605 2292 1634 ω
2310 1596 2440 1651 [tem
2469 1598 2671 1667 placuit
2698 1598 2950 1656 universo
2980 1600 3233 1667 concilio,
3261 1607 3321 1655 ut
3346 1600 3441 1669 qui
3460 1615 3771 1656 excommu-

2183 1687 2392 1743 nicatus
2421 1687 2581 1744 fuerit
2609 1706 2706 1759 pro
2749 1707 2849 1747 suo
2881 1692 3149 1761 neglectu,
3175 1694 3288 1750 sive
3316 1693 3625 1763 episcopus,
3655 1693 3771 1749 sive

493 1790 609 1856 tibi,
634 1791 679 1844 si
707 1805 829 1845 cum
850 1790 953 1843 illis
980 1789 1072 1858 qui
1093 1796 1280 1843 contra
1293 1787 1438 1842 sedis
1458 1786 1769 1856 apostolicae
1785 1784 2077 1839 constituta
2110 1792 2154 1853 Β
2182 1780 2409 1850 quilibet
2437 1782 2685 1849 clericus,
2711 1793 2766 1839 et
2795 1793 3037 1855 tempore
3066 1786 3639 1841 excommunicationis
3659 1800 3771 1841 suae

491 1882 546 1934 in
575 1882 798 1937 sacratis
827 1888 952 1935 sunt
980 1881 1231 1949 applicati
1280 1879 1590 1946 ordinibus,
1624 1878 1955 1948 processisti,
1984 1885 2077 1931 aut

490 1989 677 2028 eorum
701 1982 753 2027 te
775 1974 1162 2039 communioni,
1188 1973 1329 2027 sicut
1348 1973 1567 2039 dicitur,
1591 1970 1828 2037 sociasti,
1853 1984 2077 2025 necesse

487 2063 644 2117 nobis
673 2072 774 2130 est,
799 2072 859 2117 ut
883 2065 927 2119 si
958 2080 1057 2118 nos
1084 2064 1227 2117 Deus
1256 2063 1324 2117 ad
1351 2072 1592 2117 nostram
1618 2062 1869 2132 dignatur
1893 2060 2077 2116 Eccle-

488 2154 624 2207 siam
651 2169 930 2219 revocare,
965 2169 1267 2225 quaeramus
1299 2154 1397 2208 ista
1427 2154 1477 2220 ι’,
1510 2162 1565 2208 et
1590 2154 1873 2207 veritatem
1902 2153 2077 2207 mani-

488 2240 675 2296 festius
704 2252 1112 2311 cognoscentes,
1138 2245 1434 2299 secundum
1458 2258 1692 2299 canones
1719 2243 2072 2299 vindicemus.

488 2332 573 2388 Tu
596 2350 726 2389 vero
757 2335 1102 2390 conscientia:
1131 2344 1236 2390 tuae
1261 2345 1411 2391 reatu
1442 2335 1924 2406 perterritus,quia
1945 2350 2075 2390 con-

488 2440 571 2487 tra
601 2434 897 2502 apostolica
921 2432 1126 2488 feceras
1152 2434 1467 2501 constituta,
1490 2434 1831 2489 occasionem
1850 2432 1944 2486 tibi
1967 2432 2078 2486 dis-

488 2522 721 2578 cedendi
770 2524 1112 2579 dissimulans
1152 2524 1486 2595 requirebas.
1519 2523 1653 2579 Nam
1708 2539 1829 2579 cum
1881 2532 1933 2577 te
1977 2538 2076 2592 pro

485 2624 635 2670 certo
657 2615 907 2670 mandata
937 2627 958 2655 α
990 2632 1113 2671 cum
1160 2614 1370 2671 Joanne
1395 2617 1670 2686 episcopo,
1704 2623 1758 2670 et
1787 2613 2074 2681 Surgentio

483 2705 814 2775 primicerio,
865 2715 1027 2776 atque
1069 2706 1361 2762 Saturnino
1414 2706 1720 2761 consulario
1776 2714 1962 2760 nostro
2004 2704 2071 2759 ad

483 2795 753 2862 Mennam,
780 2794 1001 2852 fratrem
1032 2806 1276 2852 nostrum
1297 2797 1455 2867 hujus
1489 2798 1725 2854 civitatis
1748 2798 2065 2863 antistitem,

482 2888 839 2957 misissemus,
857 2904 1104 2944 reversus
1126 2890 1178 2943 in
1203 2888 1483 2955 Placidias,
1508 2889 1688 2943 multis
1717 2889 2069 2958 prmsentibus

482 2986 537 3034 et
560 2977 794 3035 officium
836 2980 1047 3036 diaconi
1073 2981 1095 3017 ἀ
1124 2990 1181 3035 ιιι
1208 2990 1262 3036 et
1291 2981 1541 3037 Rusticus
1567 2997 1635 3037 ex
1659 2997 1808 3037 more
1832 2981 2071 3051 comple-

483 3075 602 3141 stis,
636 3083 691 3130 et
722 3075 935 3144 quando
965 3075 1418 3130 clementissimus
1457 3075 1706 3144 princeps
1733 3074 1981 3130 dominus
2008 3073 2069 3125 fi-

481 3166 583 3221 lius
608 3174 810 3230 noster,
843 3175 903 3220 ut
923 3168 1027 3221 alia
1052 3167 1139 3221 die
1169 3167 1238 3220 ad
1264 3168 1546 3221 ecclesiam
1586 3167 1881 3238 procedere
1910 3166 2073 3221 debe-
2101 3179 2149 3242 ρ

480 3270 683 3321 remus,
718 3255 1137 3311 referendariqu
1190 3255 1497 3321 destinavit,
1536 3264 1594 3309 ut
1639 3256 1691 3310 ei
1721 3256 2066 3325 promittere-

480 3362 624 3415 mus,
654 3363 775 3402 cum
804 3348 921 3401 aliis
950 3348 1191 3403 diaconis
1226 3357 1247 3384 ε
1276 3356 1331 3402 et
1358 3348 1568 3403 clericis
1592 3363 1692 3403 nos
1716 3356 1774 3402 tu
1803 3356 1858 3403 et
1884 3348 2066 3404 Rusti-

481 3456 577 3497 cus
606 3439 780 3495 fuistis
812 3438 831 3477 τ
866 3441 1084 3495 hortati.
1119 3440 1253 3495 Nam
1303 3449 1355 3495 et
1385 3441 1451 3495 ad
1485 3442 1837 3497 refectionem
1867 3443 2068 3513 pariter

482 3530 539 3585 in
574 3540 756 3586 nostra
786 3545 971 3586 mensa
997 3532 1155 3587 ambo
1185 3530 1350 3587 fuisse
1390 3533 1550 3586 simili
1570 3533 1782 3587 ratione
1811 3532 2065 3602 probabi-

480 3625 634 3679 mini.
667 3623 775 3679 Sed
816 3625 954 3679 sicut
980 3623 1163 3691 Judas,
1197 3633 1483 3696 postquam
1514 3625 1809 3679 buccellam
1834 3625 2063 3694 accepit,

484 3714 552 3769 de
581 3714 868 3769 traditione
919 3715 1130 3770 Domini
1175 3716 1450 3784 cogitavit,
1501 3716 1575 3769 ita
1618 3723 1674 3769 et
1720 3731 1814 3771 vos
1835 3715 2009 3771 noctis
2039 3723 2064 3762 ε

483 3804 633 3861 boris
681 3822 779 3875 pro
803 3806 1124 3861 concitando
1153 3807 1407 3862 seandalo
1437 3807 1681 3862 ecclesiae
1728 3807 2063 3862 discessistis.

484 3894 594 3951 Nos
622 3906 802 3951 autem
824 3896 930 3951 alio
956 3897 1041 3951 die
1065 3896 1380 3953 mandantes
1404 3897 1575 3963 vobis,
1608 3908 1666 3951 ut
1694 3906 1785 3953 aut
1806 3897 2066 3970 procede-

481 3989 615 4043 retis
634 3988 811 4043 locum
841 3988 1053 4043 diaconi
1082 4004 1147 4043 ex
1181 4004 1332 4043 more
1353 3988 1706 4059 complentes,
1737 3996 1830 4043 aut
1858 4004 1889 4042 a
1914 4005 2065 4045 com-

482 4080 738 4134 munione
759 4096 855 4135 vos
880 4080 1280 4149 cognosceretis
1300 4079 1463 4135 fuisse
1486 4096 1810 4149 suspensos:
1838 4088 1893 4135 tu
1915 4097 2063 4147 vero,

481 4166 816 4233 Sebastiane,
848 4169 931 4224 his
951 4183 1088 4237 quos
1112 4170 1255 4223 inter
1279 4170 1416 4225 alios
1439 4171 1781 4239 miseramus,
1815 4170 2070 4225 fratribus

480 4260 681 4313 nostris
708 4258 901 4314 Joanni
949 4269 1004 4316 et
1026 4259 1239 4317 Juliano
1270 4262 1553 4333 episcopos
1576 4261 1624 4330 δ,
1653 4263 1776 4326 hoc,
1809 4272 2069 4333 quantum

482 4350 945 4416 renuntiaverunt,
978 4350 1194 4406 dixisti:
1224 4351 1337 4421 Ego
1385 4352 1679 4423 judicatum
1736 4355 1879 4425 quod
1928 4369 2069 4425 papa

481 4438 707 4505 protulit
746 4454 963 4508 sequor,
990 4441 1035 4494 si
1065 4448 1248 4497 tamen
1271 4444 1325 4497 in
1354 4444 1474 4499 illos
1509 4444 1525 4482 ί
1557 4446 1794 4502 vindicat
1820 4449 1912 4517 qui
1938 4463 2069 4503 con-

483 4536 567 4583 tra
594 4529 890 4597 judicatum
943 4529 1163 4586 faciunt.
1196 4532 1328 4587 Nam
1359 4542 1414 4589 et
1439 4536 1602 4591 simili
1654 4539 1752 4604 eis,
1807 4548 2067 4609 quantum

484 4621 789 4691 perhibent,
838 4623 1050 4678 ratione
1098 4623 1299 4691 dixisti,
1334 4625 1599 4682 intantum
1649 4637 1705 4683 ut
1759 4630 1966 4687 diceres
1994 4632 2067 4687 ibi

484 4714 738 4769 venissei
779 4713 1143 4785 Lampridium
1170 4715 1195 4753 ιι
1225 4724 1280 4771 et
1325 4716 1559 4774 Felicem
1604 4723 1919 4791 monachos,
1974 4725 2064 4794 qui

484 4813 729 4859 nostrum
753 4803 1049 4874 judicatum
1071 4807 1346 4878 suscipere
1374 4811 1679 4879 noluerunt,
1705 4825 1758 4867 et
1784 4815 2067 4871 mandasse

483 4912 579 4954 vos
606 4898 685 4953 eis
716 4915 729 4950 :
781 4897 897 4954 Non
924 4915 1020 4955 vos
1044 4916 1329 4970 possumus
1378 4902 1584 4975 videre,
1613 4906 1738 4977 quia
1778 4924 1875 4964 vos
1906 4908 2066 4964 aliam

554 5103 581 5131 ι
614 5092 810 5159 Paris.,
837 5094 1121 5150 clamabas.

553 5162 579 5201 ι)
602 5163 797 5235 επις,
830 5182 1120 5235 quaeramus
1154 5169 1200 5223 si
1225 5170 1353 5226 ista.

555 5244 577 5272 ε
610 5233 995 5301 Veteres‘lfbri,
1026 5240 1297 5296 mandato.

554 5303 578 5341 ά
623 5305 815 5368 Paris.,
847 5306 1090 5361 diaconii.

557 5384 579 5412 ⁶
602 5373 827 5431 Veteres
858 5376 997 5442 libri,
1026 5378 1347 5438 diaconibus.

559 5444 577 5481 ί
612 5446 773 5517 l_idem
804 5446 943 5514 libri,
969 5450 1214 5517 fuissetis.

556 5523 581 5583 tt
614 5514 780 5571 Paris.
792 5558 806 5583 ,
836 5514 1099 5574 nocturnis
1112 5561 1125 5575 .

509 5656 520 5666 .
553 5581 582 5620 ιι
602 5581 912 5666 μθξςθῃᾷιιιιι
930 5590 1202 5663 episcopis.
1221 5592 1388 5649 Error
1402 5601 1484 5651 est
1507 5592 1924 5665 typographicus
1952 5596 2065 5655 edi-

482 5655 645 5712 tionis
676 5654 991 5713 Labbeanaé.

560 5725 574 5804 ξ
604 5724 908 5804 Dellovac_._,_
934 5729 990 5804 in
1017 5732 1147 5795 illis;
1177 5733 1370 5801 Paris,
1400 5737 1456 5791 in
1485 5734 1644 5791 illius.

557 5796 570 5847 i
604 5796 830 5855 Veteres
856 5798 1000 5869 libri,
1022 5805 1217 5858 venisse
1236 5804 1330 5859 ibi.

2182 1880 2309 1927 ante
2338 1872 2663 1927 audientiam
2693 1875 3095 1930 communicare
3124 1876 3540 1946 prtesumpserit,
3570 1876 3686 1945 ipse
3715 1876 3771 1929 in

2182 1978 2242 2019 se
2273 1964 2632 2021 damnationis
2652 1966 2925 2035 judicetur
2954 1969 3241 2039 protulisse
3276 1971 3621 2025 sententiam.
3655 1970 3769 2025 Ad-

2180 2056 2389 2125 jecistis
2429 2058 2591 2111 etiam
2635 2060 2965 2114 exsecranda
3007 2061 3279 2130 superbia,
3308 2076 3425 2130 qum
3455 2076 3558 2116 nec
3584 2062 3772 2129 legun-

2185 2152 2294 2214 tur,
2326 2161 2427 2201 nec
2448 2147 2565 2202 sine
2591 2148 2673 2201 sui
2691 2149 2960 2217 pontificis
2982 2149 3228 2219 jussione
3249 2150 3536 2221 aliquando
3566 2150 3772 2207 ordinis

2186 2237 2345 2291 vestri
2405 2238 2651 2293 homines
2689 2250 3161 2309 prmsumpserunt,
3210 2242 3585 2297 auctoritatem
3614 2243 3771 2299 vobis

2176 2327 2573 2396 praedicationis
2622 2339 2807 2384 contra
2838 2346 3054 2386 omnem
3083 2334 3528 2388 consuetudinem
3566 2334 3649 2389 vel
3676 2350 3769 2390 ea-

2179 2434 2351 2473 nones
2381 2420 2673 2487 vindicare,
2722 2419 3003 2491 Ephesium
3042 2424 3230 2493 prima:
3264 2425 3456 2495 synodi
3482 2427 3766 2496 impugna-

2180 2513 2381 2567 tionem
2412 2522 2468 2568 et
2492 2516 2984 2585 exprobrationem,
3039 2518 3133 2573 sed
3162 2528 3217 2573 ct
3260 2521 3406 2574 beati
3445 2530 3471 2557 ιι
3515 2520 3769 2577 recorda-

2180 2603 2344 2658 tionis
2390 2603 2607 2676 Cyrilli;
2640 2606 3005 2677 blasphemias
3033 2623 3249 2678 quoque
3296 2617 3486 2665 contra
3525 2610 3709 2666 Iesum
3739 2619 3764 2647 ⁸

2182 2692 2468 2749 Dominum
2494 2703 2739 2752 nostrum
2767 2697 2937 2754 dictas
2966 2698 3125 2753 simili
3154 2698 3506 2758 defendentes
3536 2701 3765 2769 insania,

2181 2793 2236 2840 et
2280 2802 2379 2857 per
2417 2802 2606 2847 omnes
2643 2790 2948 2858 provincias
2985 2790 3251 2847 fallaciter
3292 2795 3624 2862 scribentes,
3656 2810 3767 2851 non

2180 2876 2381 2948 aliquid
2428 2881 2786 2951 commisisse,
2814 2882 2961 2951 quod
2987 2885 3289 2955 reperiatur
3325 2886 3609 2943 adversum
3634 2887 3767 2943 deti-

2180 2969 2373 3025 nitioni
2402 2982 2600 3027 sanctze
2630 2971 3087 3031 Chalcedonensis
3135 2978 3360 3049 synodi,
3390 2994 3509 3048 qua:
3560 2995 3763 3050 praece-

2181 3064 2423 3120 dentium
2461 3082 2519 3122 se
2549 3068 2729 3136 trium,
2768 3070 2817 3123 id
2858 3079 2959 3136 est,
2993 3069 3238 3137 Nicena,
3270 3072 3766 3143 Constantinopoli-

2178 3163 2338 3221 tante,
2363 3165 2523 3227 atque
2544 3157 2823 3229 Ephesinte
2845 3161 3031 3230 prima:
3054 3164 3347 3217 concordat
3377 3162 3496 3217 fidei
3524 3161 3763 3233 synodo-

2179 3264 2321 3303 rum.
2353 3246 2433 3301 Ita
2480 3263 2609 3317 ergo
2639 3258 2957 3305 cunctorum
2984 3253 3211 3317 animos,
3234 3254 3325 3321 qui
3350 3262 3580 3308 vestram
3610 3252 3767 3308 mali-

2178 3339 2307 3393 tiam
2338 3338 2666 3405 nescierunt,
2688 3341 2783 3396 sed
2813 3350 3067 3413 tanquam
3092 3359 3122 3397 a
3157 3342 3413 3397 Romanis
3453 3342 3695 3398 diaconis
3736 3352 3764 3391 Ρ

2177 3431 2536 3501 suscipientes
2562 3433 2785 3502 scripta,
2820 3434 3141 3504 simpliciter
3162 3433 3523 3501 crediderunt,
3554 3434 3621 3489 ad
3648 3442 3767 3489 tan-

2178 3529 2290 3576 tum
2317 3521 2493 3577 scelus
2515 3523 2759 3593 operatio
2798 3522 3025 3580 fallaciae
3058 3533 3251 3579 vestra:
3278 3525 3542 3595 pervenit,
3575 3532 3634 3579 ut
3666 3527 3764 3581 hu-

2176 3629 2367 3669 manus
2411 3615 2628 3684 sanguis
2668 3615 2721 3669 in
2769 3615 3034 3685 aliquibus
3092 3616 3226 3672 locis
3278 3616 3417 3671 intra
3472 3616 3761 3673 ecclesiam

2178 3705 2345 3777 (quod
2393 3706 2498 3761 dici
2543 3706 2694 3763 nefas
2721 3708 2825 3779 est)
2858 3708 3198 3775 funderetur;
3239 3716 3295 3764 et
3343 3724 3559 3765 omnem
3588 3708 3763 3780 legem

2178 3801 2600 3857 ecclesiasticam
2642 3804 2877 3875 superbo
2924 3806 3119 3874 spiritu
3147 3806 3469 3861 conculcare
3496 3806 3761 3872 voluistis,

2177 3903 2482 3948 sanctarum
2505 3910 2721 3964 quoque
2758 3897 3063 3965 regularum
3088 3898 3528 3967 consequentiam
3556 3900 3764 3968 injuriis

2177 3982 2454 4051 ail‘ecistis,
2488 3985 2651 4055 impia
2682 3996 2873 4054 etqum
2894 4004 3000 4043 non
3031 3998 3155 4044 sunt
3188 3989 3334 4044 licita
3362 4004 3461 4058 per
3486 3990 3765 4046 universas

2178 4082 2369 4130 contra
2414 4090 2515 4130 nos
2560 4078 2864 4146 provincias
2911 4079 3175 4134 fallaciter
3228 4079 3533 4135 indicando.
3583 4078 3766 4150 Nuper

2178 4169 2342 4224 etiam
2372 4170 2531 4225 malis
2557 4172 2753 4229 vestris
2782 4171 3040 4229 addentes
3069 4173 3255 4242 pejora
3285 4173 3573 4243 prioribus,
3605 4172 3765 4227 dom-

2175 4279 2304 4318 num
2335 4261 2574 4320 Leonem
2618 4265 3070 4335 praedecessorem
3113 4274 3359 4321 nostrum
3398 4266 3451 4321 in
3494 4265 3766 4321 Theodori

2174 4351 2543 4423 Mopsuesteni
2590 4356 2749 4411 dictis
2776 4372 2895 4426 qum
2924 4366 3114 4413 contra
3142 4365 3347 4413 rectam
3384 4358 3539 4412 fidem
3571 4358 3766 4427 legitur

2176 4446 2475 4516 scripsisse,
2499 4462 2816 4503 consensum
2842 4450 3131 4517 prmbuisse
3161 4457 3323 4520 atque
3351 4447 3612 4509 firmasse.
3636 4448 3765 4505 dato

2174 4538 2375 4608 scripto
2405 4539 2472 4594 ad
2500 4539 3015 4595 Christianissimum
3055 4540 3353 4610 principem
3384 4540 3661 4597 dominum
3698 4540 3764 4593 li-

2174 4630 2305 4686 lium
2333 4640 2599 4699 nostrum,
2633 4634 2750 4689 ausi
2780 4633 2955 4690 fuistis
2970 4642 3234 4689 astruere.
3250 4632 3406 4688 Absit
3432 4649 3562 4704 ergo
3583 4649 3767 4704 quem-

2173 4721 2310 4778 libet
2337 4724 2562 4779 credere
2588 4722 2970 4791 Christianum,
3003 4724 3148 4795 quod
3176 4724 3376 4795 aliquid
3406 4725 3534 4795 tale,
3564 4725 3709 4796 quod
3736 4736 3764 4774 ει

2174 4822 2364 4871 contra
2394 4825 2595 4871 rectam
2624 4816 2783 4872 ﬁdem
2816 4833 2846 4872 a
2876 4818 3119 4888 quolibet
3146 4816 3451 4873 inveniatur
3476 4817 3762 4888 scriptum,

2173 4905 2316 4963 illius
2371 4906 2505 4963 tanti
2551 4907 2797 4977 praesulis
2830 4908 3089 4965 sanctitas
3117 4907 3443 4979 suscepisset
3471 4916 3519 4975 ι,
3562 4908 3765 4979 quippe

2247 5106 2274 5182 ξ
2305 5106 2534 5182 Yeteres
2556 5107 2767 5182 libri_et_
2778 5108 2908 5165 edit.
2919 5150 2942 5182 ,Α
2963 5107 3348 5182 Lampadium.

2252 5176 2271 5217 ι
2318 5178 2448 5251 Xide
2471 5178 2637 5251 addit.
2670 5179 2704 5233 4
2720 5176 3056 5251 βερίιιιιπη
3080 5176 3201 5251 cap.
3236 5180 3324 5251 δᾴς

2247 5259 2287 5285 ιη
2318 5249 2455 5322 Yide
2501 5250 2593 5305 lib.
2649 5247 3050 5321 vCapitularq'
3081 5247 3203 5322 cap.
3264 5250 3353 5317 50,
3413 5258 3469 5305 et
3523 5249 3616 5306 lib.
3649 5267 3759 5318 vni,

2173 5319 2625 5463 ‘cfgleeegendum,
2649 5389 2814 5447 beata
2844 5408 2862 5447 :
2901 5406 3055 5448 error
3084 5390 3525 5463 typographicus,
3555 5392 3642 5448 hic
3671 5408 3762 5449 su-

2170 5458 2367 5515 blatus.
2388 5458 2393 5459 ⁷
3108 5458 3124 5463 ⁷
3144 5458 3160 5463 ⁷

2243 5538 2270 5567 ⁸
2303 5529 2525 5586 Veteres
2555 5529 2697 5593 libri,
2728 5542 2909 5587 contra
2935 5532 3215 5586 Christum.

2238 5611 2267 5651 Ρ
2295 5598 2460 5656 Iidem
2491 5600 2634 5666 libri,
2660 5604 2982 5659 diaconibus.

2239 5682 2269 5722 ιι
2289 5670 2415 5747 _V_’ox
2442 5672 2757 5747 quoddeest
2785 5674 2838 5728 in
2868 5672 3151 5747 codicibus
3178 5672 3439 5747 antiquis.

2242 5752 2264 5782 τ
2289 5740 2515 5801 Veteres
2546 5743 2693 5812 libri,
2723 5745 3027 5815 suscepisse.
