4042 6466
483 457 548 513 51
1877 431 2102 494 VICILII
2143 427 2346 494 ΡΔΡΑΕ
3707 437 3779 491 5'2

485 567 862 634 Marsicanum,
917 565 1236 622 Zacchmum
1293 563 1636 637 Syllacenum
1701 567 1750 624 η,
1797 555 2066 612 lulianum
2099 561 2152 620 Α
2183 549 2348 622 (quod
2379 545 2540 622 absit)
2569 547 2796 604 fuissent
2823 545 3066 617 iudicato
3093 547 3360 602 damnatte
3395 547 3617 618 :legant
3640 563 3770 618 ergo

483 661 862 730 Cingulanum,
891 657 1086 714 fratres
1125 665 1181 713 et
1223 657 1576 728 coepiscopos
1601 659 1850 718 nostros,
1879 648 1974 704 sed
2021 655 2076 702 et

485 751 746 822 Sapatum
788 759 950 822 atque
1001 749 1216 805 Petrum
1245 743 1384 802 ﬁlios
1413 753 1629 802 nostros
1669 741 1944 805 diaconos,
1977 751 2078 793 nec

487 861 596 900 non
625 851 682 899 et
709 843 872 898 ﬁlium
903 851 1146 896 nostrum
1189 839 1538 908 Surgentium
1579 833 1944 906 primicerium
1973 843 2076 884 no-

489 937 774 1005 tariorum,
818 945 980 1004 atque
1029 931 1344 988 Servmndci
1403 927 1790 986 subdiaconum
1839 921 2076 991 regionis

487 1031 695 1102 primm,
717 1045 817 1086 nec
845 1045 952 1085 non
983 1037 1036 1084 et
1057 1027 1396 1084 Vincentium
1427 1022 1815 1080 subdiaconum
1845 1017 2077 1088 regionis

487 1119 755 1186 secunda),
791 1127 986 1176 nostra:
1032 1117 1118 1173 cui
1165 1116 1518 1188 praesidcmus
1547 1111 1574 1152 δ
1605 1109 1875 1175 Ecclesiae,
1919 1107 2074 1164 vobis

496 1213 772 1271 nascimur
801 1212 1186 1267 transmisisse.

697 1331 1034 1386 EPISTULA
1064 1329 1208 1402 (olim
1235 1323 1326 1382 XII
1351 1325 1368 1396 )
1399 1321 1629 1380 VIGILII
1681 1319 1905 1376 PAPAS.

672 1441 737 1479 AD
765 1435 1200 1478 VALENTINIANUII
1243 1433 1528 1472 EPISCOPUM
1565 1429 1897 1470 'I'OIIITANUM.

495 1538 622 1606 Quae
649 1533 1100 1606 Constantinopoli
1128 1535 1190 1590 de
1220 1532 1382 1588 tribus
1429 1531 1672 1602 capitulis
1711 1537 1830 1583 acta
1867 1529 2075 1600 fuerint.

567 1653 926 1709 Dilectissimo
953 1651 1104 1705 fratri
1133 1648 1516 1704 Valentiniano
1535 1647 1790 1717 episcopo
1812 1645 1880 1700 de
1903 1643 2086 1700 Tomis

495 1747 788 1818 provincia:
807 1745 1040 1817 Scythiae
1071 1744 1311 1812 Vigilius.

571 1840 942 1894 Fraternitatis
973 1847 1074 1893 tuae
1103 1839 1408 1906 relegentes
1437 1836 1636 1906 scrip_t_a
1655 1873 1670 1900 ,
1719 1831 2084 1904 pontiﬁcalem

2181 655 2302 710 qua:
2319 639 2388 694 de
2411 653 2600 707 causa,
2631 651 2752 708 quae
2781 637 2870 692 hic
2893 645 3040 692 mota
3061 645 3164 702 est,
3193 637 3260 691 ad
3281 637 3504 692 fratrem
3527 647 3776 692 nostrum

2183 733 2432 788 Mennam
2461 731 3082 800 Constantinopolitana:
3113 731 3260 786 urbis
3291 731 3602 803 episcOpum
3633 731 3776 786 scri-

2183 826 2374 881 bentes
2399 825 2628 892 legimus
2655 823 2926 893 deﬁnisse,
2945 831 2998 878 et
3019 833 3146 878 tunc
3179 831 3508 892 cognoscent
3531 823 3552 862 τ
3585 823 3721 880 nihil
3747 840 3780 880 a

2187 918 2361 985 nobis,
2405 917 2516 972 Deo
2567 933 2666 972 nos
2709 917 3069 982 custodiente,
3103 917 3471 983 commissum,
3511 917 3597 972 vel
3626 925 3782 972 certe

2185 1011 2536 1080 dispositum,
2587 1009 2731 1078 quod
2792 1017 2980 1064 contra
3029 1007 3184 1062 fidem
3229 1007 3782 1078 pnedicationemque

2185 1103 2610 1161 venerandarum
2641 1111 2875 1173 quatuor
2904 1101 3254 1174 synodorum,
3289 1117 3407 1172 qua:
3429 1117 3527 1172 pro
3547 1117 3654 1156 una
3681 1117 3780 1156 ca-

2186 1197 2416 1266 demque
2447 1195 2550 1252 lide
2570 1195 2787 1252 definita
2817 1203 2965 1264 sunt,
2997 1195 3050 1249 id
3099 1203 3182 1250 est
3233 1193 3485 1259 Niczenaa,
3510 1193 3784 1250 Constan-

2189 1289 2581 1359 tinopolitanae,
2640 1285 2926 1358 Ephesium
2980 1287 3186 1356 primm,
3219 1294 3274 1340 et
3323 1285 3786 1340 Chalcedonensis

2189 1381 2494 1452 reperiatur
2512 1395 2788 1446 aversum;
2822 1387 2914 1432 aut
2949 1379 3108 1432 unius
3129 1393 3194 1432 ex
3223 1377 3322 1440 his,
3357 1377 3450 1446 qui
3479 1377 3786 1433 deﬁnitioni

2189 1475 2568 1545 suprascripta:
2611 1471 3072 1528 Chalcedonensis
3121 1469 3245 1525 ﬁdei
3305 1469 3784 1540 subscripserunt,

2193 1575 2416 1638 tangant
2437 1567 2726 1638 injuriam:
2763 1565 2844 1622 vel
2877 1565 3021 1636 quod
3059 1563 3400 1619 decessorum
3421 1563 3792 1634 praedecesso-

2195 1674 2420 1730 rumque
2465 1669 2490 1706 ε
2523 1667 2834 1714 nostrorum
2861 1655 3166 1710 inveniatur
3187 1653 3356 1726 (quod
3389 1651 3560 1724 absit)
3585 1653 3792 1709 consti-

2191 1753 2324 1806 tutis
2349 1751 2487 1806 forte
2533 1749 2862 1808 contrarium
2895 1765 2910 1801 :
2939 1747 3036 1802 sed
3081 1746 3136 1800 in
3187 1745 3439 1800 omnibus
3478 1743 3792 1814 apostolica:

2195 1843 2334 1900 sedis
2363 1843 2669 1914 prmsulum,
2695 1849 2750 1896 et
2778 1841 2951 1896 beatae
2979 1835 3372 1894 recordationis
3401 1851 3554 1906 papa:
3567 1833 3787 1898 Leonis,

497 1933 550 1986 in
581 1931 734 1986 vobis
773 1930 1196 1986 sollicitudinem
1229 1930 1406 1984 inesse
1431 1895 1706 1995 gratamer
1735 1925 2040 1993 accepimus
2067 1940 2082 1988 ;

2203 1945 2250 1992 et
2283 1937 2692 2007 praedicatarum
2707 1933 2734 1972 ιι
2751 1933 3082 2006 synodorum
3103 1927 3428 1984 adversariis
3452 1927 3714 1982 restitisse
3745 1923 3788 1980 ι.

495 2023 622 2092 quia
653 2021 968 2091 prophetica
1019 2021 1110 2074 tibi
1143 2027 1372 2090 possunt
1403 2019 1566 2072 verba
1597 2025 1972 2084 competenter
1997 2029 2092 2082 ap-

499 2115 622 2176 tari,
655 2115 848 2182 quibus
877 2115 951 2168 ait
981 2132 994 2165 :
1047 2113 1272 2167 Sclrabo
1305 2127 1508 2184 gregem
1539 2127 1728 2174 meum,
1757 2119 1804 2162 et
1835 2107 2092 2162 suscitabo

501 2221 654 2272 super
708 2220 826 2258 eum
871 2213 1130 2274 pastorem
1179 2206 1262 2272 qui
1307 2209 1488 2272 pascat
1519 2217 1656 2264 eum,
1688 2215 1887 2252 servum
1929 2213 2092 2250 meum

503 2295 716 2366 (Ezech.
777 2297 992 2360 xxxiv).
1037 2293 1266 2362 Oportet
1310 2309 1440 2360 ergo
1479 2293 1802 2346 charitatcm
1843 2297 1988 2342 tuam
2031 2302 2094 2342 ea

501 2401 718 2456 quoque
745 2387 953 2440 Domini
981 2387 1154 2440 nostri
1195 2385 1360 2438 verba
1401 2383 1618 2447 sectari,
1645 2397 1740 2452 per
1769 2397 1888 2452 quae
1911 2379 2048 2435 dixit
2079 2397 2091 2432 :

505 2479 896 2550 Speculatorem
925 2489 974 2534 te
999 2483 1146 2550 posui
1179 2481 1360 2534 domus
1395 2479 1584 2540 Israel;
1635 2485 1684 2532 et
1718 2477 1898 2532 audies
1921 2479 1984 2532 de
2009 2493 2098 2532 ore

505 2591 622 2628 meo
651 2575 877 2638 verbum,
911 2583 958 2628 et
987 2573 1324 2627 annuntiabis
1351 2575 1426 2626 eis
1455 2590 1518 2626 ex.
1549 2589 1630 2626 me
1661 2571 1870 2640 (Ezech.
1903 2571 2018 2640 in);
2043 2579 2100 2624 et

507 2675 840 2722 convocatos
861 2683 956 2722 eos
983 2682 1122 2736 quos
1153 2665 1506 2722 scandalizari
1537 2665 1768 2722 diversis
1791 2665 2098 2720 rumoribus

507 2761 760 2822 retulisti,
791 2761 1124 2815 incessanter
1147 2761 1370 2824 hortari,
1405 2775 1474 2814 nc
1503 2775 1602 2830 per
1633 2761 1732 2814 hos
1763 2759 1984 2814 forsitan
2017 2773 2100 2814 se-

507 2853 790 2916 ducantur.
842 2853 930 2922 qui
969 2853 1068 2907 sub
1123 2860 1386 2922 praetextu
1427 2853 1716 2916 catholico,
1769 2851 2098 2920 nequissimo

509 2946 700 3016 spiritu
729 2946 1050 3014 simplicium
1099 2945 1536 3000 Christianorum
1567 2945 1730 3000 corda
1767 2943 1972 2998 fallacia
2003 2959 2100 2998 sua

507 3039 758 3108 decipere
789 3039 1104 3100 moliuntur,
1131 3047 1184 3092 et
1217 3039 1386 3106 patris
1415 3037 1498 3092 sui
1523 3037 1721 3090 diaboli
1753 3036 2102 3092 corisuetudi-

509 3131 884 3198 nemmaligno
911 3137 1182 3184 sectantes
1231 3129 1446 3196 spiritu,
1473 3127 1772 3182 Ecclesiam
1817 3129 1912 3181 tibi
1955 3143 2106 3183 com-

511 3221 728 3276 missam
767 3219 994 3274 diversis
1027 3217 1378 3272 mendacibus
1417 3219 1630 3286 scriptis
1660 3219 1984 3274 conturbare
2011 3219 2104 3272 dc-

509 3313 774 3376 siderant,
807 3311 1000 3380 quibus
1031 3301 1330 3380 apostolica
1361 3309 1523 3364 lectio
1555 3319 1916 3378 congruenter
1943 3319 2098 3380 apta-

513 3413 618 3470 tur,
649 3403 836 3458 dicens
865 3443 875 3455 .
911 3401 1058 3472 Rogo
1083 3409 1252 3454 autem
1275 3417 1383 3468 vos,
1412 3403 1618 3470 fratres,
1638 3411 1694 3452 ut
1715 3400 1990 3454 observetis
2017 3419 2104 3456 eos

511 3499 596 3568 qui
625 3495 971 3550 dissensiones
993 3503 1039 3546 et
1063 3493 1380 3561 oﬂ'entlicula
1405 3501 1597 3562 ιιι-(θερι-
1625 3495 1916 3548 doctrinam
1951 3511 2104 3564 quam

511 3605 600 3642 eos
629 3589 884 3642 didicistis
911 3588 1140 3657 faciunt;
1171 3597 1222 3640 et
1253 3587 1508 3640 declinate
1535 3587 1598 3640 ab
1629 3587 1734 3640 illis
1765 3585 1940 3652 (Rom.
1967 3589 2100 3656 κεί).

515 3680 582 3734 Et
603 3681 738 3736 infra
765 3698 778 3732 :
807 3678 878 3734 Et
909 3697 998 3750 per
1025 3679 1198 3734 dulces
1231 3695 1496 3734 sermones
1531 3688 1580 3734 et
1625 3681 2002 3734 benedictiones
2023 3695 2106 3733 se-

515 3773 708 3826 ducunt
747 3772 910 3826 corda
953 3773 1304 3824 innocentium
1356 3770 1648 3838 (Ibidem).
1685 3771 1874 3824 Vestra
1923 3779 2104 3825 autem

513 3863 822 3918 obedientia
853 3864 908 3917 in
933 3863 1080 3916 omni
1105 3864 1226 3918 loco
1251 3864 1524 3934 divulgata
1552 3873 1653 3928 est,
1675 3873 1948 3934 quatenus
1993 3865 2105 3918 fra-

515 3955 785 4032 ternitatis
805 3961 998 4010 vestra:
1025 3955 1406 4009 adhortatione
1428 3971 1568 4024 stupe
1597 3957 1932 4022 commoniti,
1959 3957 2106 4012 nulla

515 4044 700 4101 ﬁdeles
727 4062 916 4101 eorum
945 4049 1152 4102 animos
1175 4061 1204 4100 a
1235 4047 1556 4100 rectitudine
1579 4048 1697 4116 viae,
1719 4061 1839 4116 qum
1858 4047 2104 4104 Christus

514 4149 618 4206 est,
648 4141 740 4210 qui
787 4142 862 4195 ait
895 4159 908 4192 :
941 4139 1056 4212 Ego
1083 4155 1198 4195 sum
1227 4141 1328 4204 via,
1359 4149 1408 4194 et
1457 4143 1666 4210 veritas,
1708 4151 1756 4194 et
1785 4143 1888 4196 rita
1921 4141 2100 4211 (Joan.

517 4231 666 4298 11v),
695 4233 934 4300 qualibet
991 4233 1224 4301 maligna
1270 4233 1682 4292 annuntiationc
1726 4235 2046 4288 submoveat
2087 4251 2100 4286 :

514 4319 610 4376 sed
639 4321 704 4386 si,
733 4325 878 4389 quod
909 4339 1016 4376 non
1048 4331 1284 4391 oportet,
1313 4323 1382 4378 ab
1417 4323 1740 4378 adversariis
1776 4325 2100 4390 conturbati,

515 4410 716 4478 aliquid
739 4413 904 4482 (quod
935 4412 1078 4468 Deus
1097 4415 1324 4484 avertat)
1349 4423 1536 4469 contra
1565 4415 1722 4470 iidem
1747 4415 1944 4470 factum
1967 4415 2106 4472 forte

513 4501 828 4568 formidant,
859 4520 982 4559 cum
1011 4505 1444 4570 mansuetudine,
1487 4521 1604 4577 qua:
1652 4507 1908 4562 convenit
1945 4507 2104 4562 Chri-

515 4594 706 4649 stianis
737 4605 784 4662 0,
823 4597 1140 4665 prophetica
1171 4597 1336 4651 verba
1367 4605 1662 4662 sectentur,
1697 4597 1928 4652 dicentis
1961 4617 1972 4651 :
2011 4598 2104 4652 In-

517 4693 724 4757 terroga
777 4697 976 4755 patrem
1025 4697 1186 4754 tuum,
1242 4697 1292 4740 et
1339 4689 1664 4742 annuntiabit
1709 4689 1828 4752 tibi;
1875 4691 2102 4744 seniores

515 4783 652 4844 tuos,
679 4787 730 4832 et
757 4779 929 4832 dicent
953 4777 1042 4832 tibi
1073 4777 1256 4848 (Deut.
1287 4779 1485 4850 xum),
1527 4789 1584 4834 et
1625 4779 1760 4834 alius
1791 4781 2054 4850 prephcta
2089 4798 2100 4832 :

517 4865 686 4922 Labia
712 4871 994 4924 sacerdotis
1023 4871 1318 4924 custodiunt
1343 4871 1632 4937 scientiam,
1665 4881 1716 4924 et
1746 4874 1908 4944 legem
1937 4872 2107 4943 requi-

513 4973 640 5020 runt
667 4981 732 5020 ea:
753 4983 842 5020 ore
867 4965 1248 5038 ejus(Malac/t.
1265 4967 1345 5036 il).
1379 4965 1442 5020 Et
1471 4969 1726 5036 quoniam
1749 4963 2106 5022 Basinianus‘1

517 5057 738 5114 illustris
785 5065 840 5112 et
883 5061 1196 5128 magniﬁcus
1245 5061 1342 5124 vir,
1397 5061 1535 5115 ﬁlius
1589 5071 1812 5128 noster,
1865 5077 1984 5115 cum
2025 5061 2108 5116 his

517 5153 608 5222 qui
629 5167 728 5223 pro
750 5153 960 5208 actibus
987 5161 1090 5208 tua:
1113 5153 1458 5209 fraternitatis
1497 5153 1749 5210 Ecclesiae
1773 5155 1824 5207 in
1843 5153 2110 5208 Constan—

517 5243 746 5312 tinopoli
782 5253 804 5280 θ
835 5245 1144 5310 observant,
1177 5247 1292 5315 pari
1319 5247 1528 5301 ratione
1559 5245 1761 5301 dixisse
1791 5255 2107 5312 noscuntur,

521 5334 681 5388 etiam
707 5334 812 5389 hoc
837 5335 932 5390 Dei
963 5336 1211 5392 inimicos
1245 5337 1410 5392 fuisse
1441 5339 1718 5398 mentitos,
1750 5338 1894 5406 quod
1923 5353 2111 5408 perso-

522 5437 604 5476 nae
658 5424 1032 5495 episcoporum
1069 5425 1173 5480 lbai
1223 5435 1384 5497 atque
1441 5427 1756 5482 Theodoriti
1813 5425 1864 5480 in
1920 5435 2109 5483 nostro

595 5585 1331 5666 fllellovacnﬁcillacenum,
1369 5589 1562 5666 Paris._,
1593 5589 1998 5659 Squillacenum.

593 5653 618 5692 ³)
645 5653 842 5730 ἐξελύθη
874 5663 952 5714 cui
975 5660 1082 5716 Deo
1119 5670 1328 5714 auctore
1355 5653 1710 5730 prwsidemus.

599 5737 619 5762 ε
651 5723 848 5809 Paris,
869 5749 972 5809 qua
992 5749 1136 5809 conv.
1167 5723 1507 5784 Christianos.
1541 5729 1632 5786 Sic
1659 5731 1822 5786 etiam
1849 5732 1902 5786 in
1933 5731 2108 5788 Bello-

523 5811 641 5872 vac.
661 5802 768 5872 nisi
791 5802 932 5872 quod
961 5803 1120 5855 habet
1149 5817 1324 5872 qua}...

597 5865 620 5904 ἀ
658 5865 847 5934 Ρξινίδξ,
881 5865 1196 5924 Basilianus.

601 5951 622 5976 ο
658 5937 875 5993 Veteres
907 5941 1044 6002 libri,
1079 5941 1606 6008 Constantinopolim.

603 6009 620 6047 ί
649 6008 816 6066 Iidem
837 6009 976 6077 libri,
1009 6023 1339 6082 cognoscunt.

2197 2027 2590 2083 fraternitatem
2625 2037 2804 2083 autem
2845 2035 3082 2082 vestram
3126 2021 3396 2078 credimus
3451 2036 3558 2076 non
3589 2021 3784 2084 latere,

2197 2121 2443 2176 inimicos
2474 2119 2598 2174 ﬁdei
2619 2117 2939 2174 Christiana)
2965 2118 3070 2172 hoc
3095 2129 3312 2182 semper
3339 2111 3582 2168 stcculari
3613 2121 3670 2164 et
3699 2125 3790 2164 rc-

2201 2213 2484 2286 probanda
2533 2211 2750 2266 molitos
2778 2209 2998 2272 astutia,
3053 2215 3113 2262 ut
3157 2203 3516 2274 evangelistas
3563 2209 3798 2272 quatuor

2201 2305 2468 2361 contraria
2491 2303 2590 2357 sibi
2625 2299 2790 2374 (quod
2821 2299 2980 2368 absit)
3001 2297 3206 2352 dixisse
3231 2301 3627 2358 monstrarent;
3669 2291 3794 2362 qui-

2201 2397 2302 2450 bus
2332 2409 2362 2448 a
2393 2391 2594 2448 sanctis
2635 2391 2878 2462 patribus
2909 2405 3005 2460 per
3043 2387 3446 2457 evangeliorum
3493 2383 3798 2440 concordia:

2203 2489 2369 2544 libros
2399 2493 2480 2542 est
2511 2484 2722 2541 scelesti
2753 2481 3014 2554 sapientia
3039 2480 3457 2536 contradictum.
3483 2477 3636 2545 Quod
3655 2492 3799 2532 nunc

2205 2595 2420 2652 quoque
2477 2577 2650 2634 sancti
2707 2574 3168 2630 Chalcedonensis
3217 2571 3434 2628 concilii
3499 2569 3798 2625 adversarii

2211 2673 2372 2746 (inter
2391 2685 2527 2743 quos
2557 2671 2720 2725 etiam
2753 2667 3033 2723 Rusticum
3055 2675 3110 2721 et
3133 2665 3511 2720 Sebastianum
3537 2661 3798 2732 comperi-

2209 2781 2326 2820 mus
2357 2763 2510 2818 istius
2539 2769 2788 2816 auctorcs
2833 2757 3094 2824 scandali,
3119 2773 3254 2827 quos
3283 2754 3414 2811 olim
3453 2769 3552 2824 pro
3585 2751 3798 2808 meritis

2209 2859 2320 2914 suis
2349 2873 2376 2913 a
2424 2871 2578 2914 sacra
2628 2855 3010 2912 communione
3049 2851 3450 2922 suspendimus,
3503 2851 3558 2904 in
3603 2849 3798 2918 quibus

2209 2969 2326 3018 nos,
2359 2953 2404 3008 si
2433 2969 2540 3008 non
2569 2949 2896 3022 resipueriut
2925 2947 3205 3012 celeriter,
3241 2945 3548 3002 fraternitas
3585 2953 3674 2998 tua
3701 2959 3799 2998 cc-

2207 3055 2430 3118 gnoscat
2479 3043 2794 3100 canonicam
2824 3041 3146 3096 sententiam
3177 3035 3528 3110 prolaturos),
3554 3036 3644 3106 qui
3697 3035 3798 3090 sub

2207 3147 2471 3210 praetextu
2491 3137 2635 3190 falsa:
2665 3133 2992 3190 defensionis
3041 3131 3261 3186 student
3289 3139 3347 3186 ut
3379 3129 3620 3186 eamdem
3645 3144 3800 3201 syno-

2207 3229 2332 3282 dum
2361 3235 2548 3282 contra
2577 3223 2862 3296 praedictas
2893 3233 3002 3279 tres
3023 3222 3259 3294 synodos
3281 3221 3484 3276 dixisse
3515 3219 3680 3294 (quod
3705 3219 3798 3275 ab-

2209 3317 2320 3388 sit)
2373 3317 2679 3375 ostendant.
2728 3315 2932 3383 Quibus
2980 3314 3096 3370 hasc
3153 3313 3476 3368 conantibus
3525 3309 3800 3380 prophetae

2211 3413 2351 3468 dicta
2399 3417 2764 3466 consonanter
2801 3415 3090 3477 aptantur,
3119 3403 3346 3460 dicentis
3379 3421 3391 3455 :
3425 3401 3560 3456 Vere
3599 3399 3789 3456 menda

2211 3505 2346 3558 cium
2375 3509 2613 3572 operatus
2643 3499 2898 3572 eststylus
2929 3498 3151 3553 mendax
3180 3495 3470 3552 scribarum
3500 3491 3631 3564 (Jer.
3667 3493 3798 3564 vui),

2211 3599 2446 3654 Verbum
2499 3595 2712 3652 Domini
2773 3593 2944 3651 nostri
2999 3593 3378 3664 proiecerunt,
3431 3599 3486 3646 et
3533 3587 3800 3660 sapientia

2213 3693 2358 3748 nulla
2387 3699 2468 3746 est
2499 3691 2550 3746 in
2577 3691 2678 3747 eis.
2709 3687 3008 3744 Docuernnt
3037 3691 3172 3742 enim
3215 3689 3448 3760 linguam
3476 3703 3624 3740 suam
3667 3683 3802 3758 loqui

2215 3783 2578 3847 mendacium;
2609 3791 2666 3834 ut
2695 3781 2868 3854 inique
2894 3787 3122 3852 agerent,
3155 3779 3517 3834 laboraverunt
3541 3775 3670 3844 (Jer.
3703 3775 3800 3845 Ix).

2215 3875 2438 3943 Quibus,
2471 3875 2516 3930 si
2549 3891 2655 3928 non
2689 3871 3068 3944 pmuituerint,
3099 3871 3279 3926 veniet
3323 3869 3620 3925 Psalmistzn
3652 3867 3802 3922 invo-

2217 3977 2334 4024 cata
2359 3967 2642 4032 sententia,
2672 3965 2902 4020 dicentis
2935 3983 2946 4018 :
2985 3963 3052 4019 Ut
3081 3963 3316 4017 destrnas
3353 3963 3620 4016 inimicum
3642 3969 3689 4016 et
3720 3960 3804 4014 de-

2213 4063 2488 4134 fensorem.
2523 4057 2804 4112 Credimus
2851 4057 2994 4111 enim
3045 4055 3329 4111 catholicis
3379 4051 3632 4108 Ecclesia:
3677 4049 3801 4106 ﬁliis

2213 4167 2274 4206 ea
2315 4165 2433 4220 quas
2483 4157 2610 4204 tunc
2645 4149 2712 4202 ad
2752 4149 2970 4202 fratrem
3015 4157 3072 4203 et
3121 4147 3502 4216 coepiscopum
3559 4151 3804 4198 nostrum

2213 4239 2458 4295 Mcnnam
2483 4239 2811 4309 scripsimus,
2847 4237 2898 4291 id
2925 4244 3034 4316 est,
3061 4235 3128 4291 de
3157 4233 3506 4305 blasphcmiis
3529 4231 3802 4287 Theodori

2212 4330 2597 4402 liopsuesteni,
2655 4329 2876 4398 ejusque
2923 4343 3176 4398 persona,
3207 4326 3293 4381 vel
3335 4325 3401 4382 de
3429 4323 3654 4396 epistola
3685 4337 3804 4395 quae

2213 4421 2280 4476 ad
2313 4421 2500 4474 Marini
2548 4417 2765 4475 Persam
2799 4418 2997 4488 scripta
3029 4417 3095 4472 ab
3125 4417 3216 4470 lba
3244 4415 3462 4482 dicitur,
3487 4423 3541 4468 et
3587 4413 3804 4484 scriptis

2211 4511 2528 4566 Theodoriti
2562 4515 2606 4576 i,
2642 4525 2761 4580 qua)
2788 4517 2974 4564 contra
3005 4515 3208 4562 rectam
3241 4503 3398 4560 ﬁdem
3430 4513 3485 4560 et
3513 4503 3799 4558 duodecim

2211 4603 2444 4674 capitula
2477 4603 2648 4658 sancti
2678 4601 2862 4674 Cyrilli
2893 4599 3032 4654 facta
3081 4605 3224 4662 sunt,
3257 4595 3469 4651 abunde
3499 4609 3660 4666 posse
3687 4591 3800 4650 suf-

2213 4693 2412 4756 ﬁcere;
2447 4696 2644 4764 quippe
2676 4693 2800 4746 dum
2831 4693 2884 4746 in
2913 4691 3211 4746 constituto
3235 4697 3426 4744 nostro
3472 4687 3682 4758 superis
3709 4685 3802 4740 de-

2211 4787 2424 4856 signato
2453 4787 2624 4856 possit
2659 4785 2951 4854 diligenter
2991 4784 3232 4852 agnosci,
3265 4783 3390 4854 quia
3445 4781 3496 4836 in
3531 4783 3642 4851 ipsa
3672 4779 3802 4834 deli-

2213 4879 2418 4934 nitionc
2459 4877 2601 4942 ﬁdei,
2634 4893 2793 4945 quam
2850 4877 3020 4932 sancti
3063 4875 3520 4932 Chalcedonensis
3586 4873 3802 4930 concilii

2213 4969 2524 5024 sacerdotes
2574 4969 2866 5023 secundum
2913 4967 3284 5037 prmccdentcs
3340 4981 3459 5020 eam
3509 4973 3621 5020 tres
3668 4965 3800 5020 alias

2213 5071 2427 5118 sanctas
2457 5061 2693 5134 synodos
2725 5061 2748 5098 ¹ε
2795 5061 3157 5132 protulerunt,
3189 5077 3296 5114 non
3328 5059 3530 5128 aliquid
3559 5067 3801 5112 mutave-

2213 5161 2357 5216 runt,
2389 5151 2486 5208 sed
2529 5153 2810 5207 laudantes
2840 5152 3019 5207 omnia
3069 5165 3186 5220 quae
3216 5165 3244 5204 a
3279 5149 3647 5218 superioribus
3679 5155 3801 5202 acta

2215 5253 2357 5310 sunt,
2386 5253 2570 5302 sancta
2599 5245 2910 5299 deﬁnitione
2941 5259 3036 5298 sua
3069 5251 3331 5312 perpetuo
3360 5241 3620 5296 roborare
3653 5237 3670 5276 ι
3713 5239 3801 5292 ﬁr-

2213 5345 2514 5392 maverunt.
2558 5336 2762 5390 Tamen
2811 5335 2854 5390 si
2893 5342 3018 5405 post
3069 5334 3183 5388 haec
3239 5333 3431 5402 aliquis
3472 5330 3649 5402 (quod
3691 5345 3801 5386 non

2215 5429 2504 5500 credimus)
2536 5429 2782 5484 dubitare
2811 5427 3064 5490 voluerit,
3097 5426 3395 5490 hortamur,
3427 5431 3488 5478 ut
3531 5437 3652 5480 cum
3695 5411 3822 5494 μηδ’

2287 5601 2312 5640 8
2343 5592 2569 5648 Veteres
2625 5591 2748 5646 libri
2803 5599 2858 5646 et
2909 5589 3506 5659 edit.,~prwcessorum.
3549 5581 3800 5639 Labbeus

2215 5670 2387 5716 mutax
2405 5663 2463 5716 it.

2285 5730 2314 5769 ¹³
2349 5733 2568 5788 Veteres
2595 5731 2735 5796 libri,
2768 5731 3155 5802 prwdictarum.

2295 5803 2304 5840 ί
2341 5803 2509 5857 Iidem
2543 5803 2683 5868 libri,
2716 5803 3018 5855 restituisse.

2291 5877 2304 5924 Ι
2345 5873 2506 5928 Iidem
2537 5875 2676 5938 libri,
2703 5873 2894 5940 scripta
2920 5872 3234 5927 Tlteodoriti.

2289 5943 2310 5980 Ιί
2347 5943 2538 6008 l’aris.,
2577 5945 2706 5997 alios
2731 5953 2956 5996 sanctos.
3155 5977 3176 5984 --

2293 6014 2310 6054 ι
2344 6015 2640 6082 Bcllovac.,
2667 6015 2868 6072 robore.
2897 6013 3090 6083 Paris,
3120 6013 3313 6070 honore
3341 6025 3546 6068 roooro.
