4042 6456
360 343 433 401 5'5
1526 340 1881 408 EPIS'I‘OLE
1919 342 2010 409 ET
2045 342 2387 414 DEGRETA.
3560 358 3632 414 54

356 457 710 515 fraternitatis
734 460 1129 521 ordinationem
1177 462 1245 519 ad
1296 476 1397 521 nos
1423 463 1610 520 venire
1640 464 1855 522 festinet
1886 475 1934 531 ι,
1967 471 2016 529 Α
2047 476 2402 541 posteaquam
2426 470 2601 527 edicta
2630 486 2724 528 sua
2770 472 3044 543 piissimus
3073 450 3325 551 princeps
3352 456 3506 547 jussit
3536 492 3632 550 ap-

352 557 620 620 qnatenns
649 551 824 608 lucida
852 554 1223 613 admonitione
1250 558 1565 626 cognoscat,
1611 558 1791 613 omnia
1820 573 1940 628 quae

350 644 699 702 decessorum
720 659 1031 705 nostrorum
1062 659 1119 706 et
1137 649 1496 706 antefatarum
1517 660 1752 720 quatuor
1775 666 1937 724 syno-

350 736 545 792 dorum
590 747 719 795 sunt
766 740 835 797 de
871 756 977 797 una
1007 743 1307 814 eademque
1334 742 1439 798 fide
1481 749 1600 798 acta
1631 744 1940 815 scriptaque

349 832 703 902 temporibus,
737 849 766 888 a
797 835 954 891 nobis
981 835 1367 891 inviolabiliter
1387 834 1551 891 fuisse
1566 845 1799 893 servata.
1817 835 1934 904 Qua

348 922 560 977 ratione
588 934 865 994 percepta,
895 926 1129 991 sublato,
1152 926 1536 996 sicutoportet,
1570 925 1639 981 de
1665 925 1934 982 Christia-

346 1014 582 1070 nissimis
610 1016 805 1073 animis
832 1017 1107 1086 seandalo,
1130 1033 1235 1089 pax
1264 1017 1375 1074 Deo
1405 1019 1601 1089 placita
1628 1019 1683 1075 in
1697 1019 1816 1091 ejus
1842 1019 1938 1078 Ec-

349 1106 510 1160 clesia
557 1106 762 1163 illibata
803 1110 1081 1179 perduret.
1133 1110 1249 1167 Hoc
1277 1125 1494 1182 quoque
1542 1109 1936 1169 fraternitatem

348 1202 496 1252 tuam
522 1199 794 1256 credimus
820 1203 1232 1269 adhortandam,
1264 1217 1333 1259 ne
1379 1204 1606 1259 ulterius
1646 1205 1935 1275 prtedicto-

346 1304 468 1346 rum
509 1290 716 1348 Rustici
762 1301 820 1349 et
863 1296 1193 1365 Sebastiani,
1223 1303 1316 1350 aut
1364 1295 1581 1352 illorum
1629 1296 1722 1366 qui
1752 1312 1937 1368 pravze

347 1397 537 1440 eorum
603 1388 1036 1458 praesumptionis
1093 1388 1395 1461 probantur
1443 1400 1563 1443 esse
1622 1384 1935 1459 participes,

2043 556 2202 629 pendi
2226 558 2475 616 omnibus
2503 560 2771 632 episcopis
2791 560 3124 617 diversarum
3167 566 3417 637 partium,
3448 564 3546 622 sed
3576 574 3633 622 et

2041 647 2372 720 presbyteris
2415 656 2579 719 atque
2626 651 2963 718 diaconibus,
3011 668 3109 719 nec
3152 670 3259 710 non
3308 662 3365 712 et
3421 659 3633 715 clericis

2042 737 2656 812 Constantinopolitanae
2680 740 2937 798 Ecclesia:
2959 743 3026 799 ad
3056 759 3154 799 nos
3183 726 3546 812 venientibus,
3575 747 3631 802 in

2043 829 2347 888 Placidiana
2384 832 2581 890 idomo
2613 836 2660 901 i,
2691 843 2979 906 antequam
3021 835 3089 892 ad
3112 835 3296 893 Sancti
3325 837 3473 895 Petri
3499 856 3635 897 con-

2044 923 2351 995 fugeremus
2374 926 2650 982 basilicam
2679 927 2738 994 ι,
2771 926 2909 984 facie
2938 927 3003 983 ad
3034 926 3224 984 faciem
3254 930 3327 986 ita
3354 929 3517 987 locuti
3545 948 3637 989 su-

2043 1031 2163 1071 mus
2195 1034 2208 1069 :
2240 1015 2450 1087 Rogato
2498 1017 2799 1099 piissimum
2843 1019 3166 1092 principem,
3214 1030 3276 1077 ut
3324 1022 3501 1079 edicta
3533 1039 3630 1081 sua

2044 1123 2164 1180 quae
2192 1111 2447 1183 praecepit
2491 1111 2747 1183 appendi,
2786 1128 3072 1169 removere
3107 1114 3394 1185 dignetur,
3425 1124 3481 1172 et
3508 1133 3636 1175 con-

2044 1199 2289 1254 stitutum
2346 1215 2631 1257 commune
2686 1201 2882 1257 debeat
2937 1213 3296 1275 exspectare;
3345 1205 3402 1262 id
3451 1214 3535 1263 est
3574 1216 3637 1265 ut

2045 1291 2395 1347 scandalizati
2414 1294 2655 1364 episcopi
2681 1293 2888 1349 Latinae
2914 1294 3129 1365 linguae,
3159 1304 3251 1352 aut
3272 1296 3338 1351 ad
3364 1297 3639 1370 synodum

2040 1382 2299 1449 veniant,
2350 1392 2443 1439 aut
2490 1393 2671 1450 certe,
2721 1381 2929 1442 remota
2978 1389 3126 1443 omni
3172 1388 3465 1457 violentia,
3510 1404 3638 1446 suas

347 1476 547 1549 σαίρω
573 1478 880 1548 suscipiat;
913 1480 1011 1535 sed
1043 1487 1098 1535 et
1144 1480 1428 1535 universos
1480 1477 1548 1533 ad
1595 1486 1742 1532 tuam
1770 1475 1938 1547 perti-
2040 1473 2245 1543 scripto
2292 1473 2570 1530 declarent
2618 1476 2934 1533 sententias.
2965 1475 3121 1545 Quod
3169 1479 3215 1534 si
3257 1478 3398 1536 forte
3441 1496 3635 1551 preces

346 1575 538 1624 nentes
567 1569 965 1625 ordinationem
994 1581 1368 1636 commoneas,
1394 1584 1465 1625 ne
1505 1569 1588 1624 vel
1616 1567 1718 1638 ipsi
1740 1582 1769 1622 a
1794 1582 1935 1637 prte-
2036 1574 2248 1620 vestras
2278 1566 2465 1623 audire
2493 1567 2747 1635 noluerit,
2779 1584 2878 1625 vos
2926 1569 3059 1625 nulli
3100 1572 3179 1627 rei
3206 1571 3495 1642 praebentis
3542 1587 3637 1629 as-

346 1659 504 1715 dictis
522 1660 767 1729 relegant
788 1661 993 1733 aliquid
1016 1661 1362 1729 destinatum,
1394 1662 1480 1717 vel
1501 1660 1718 1717 falsitati
1747 1674 1935 1716 eorum
2039 1676 2278 1731 sensum,
2307 1677 2427 1733 quae
2483 1662 2551 1718 ad
2606 1662 2922 1719 divisionem
2977 1664 3152 1720 tendit
3198 1663 3476 1733 Ecclesiae,
3526 1680 3629 1723 nec
3666 1652 3673 1655 ⁷

346 1750 574 1807 ulterius
594 1753 836 1810 animum
857 1768 968 1808 suae
987 1754 1322 1810 credulitatis
1337 1751 1767 1809 accommodent.
1793 1750 1936 1808 Deus
2044 1764 2236 1812 contra
2276 1757 2628 1813 constitutum
2677 1757 3098 1814 comminatione
3150 1758 3329 1829 aliqua
3381 1758 3635 1815 veniatis.

347 1850 403 1898 te
428 1843 754 1909 incolumem
776 1846 1065 1911 custodiat,
1097 1846 1264 1901 frater
1297 1845 1636 1901 charissime.
1679 1844 1877 1898 Datum
1906 1842 1933 1881 ι)
1967 1863 2016 1923 Β
2043 1846 2181 1915 Quia
2218 1847 2265 1903 si
2293 1847 2398 1904 hoc
2448 1847 2691 1916 forsitan,
2724 1849 2870 1920 quod
2917 1866 3025 1904 non
3055 1850 3346 1915 credimus,
3375 1850 3638 1917 feceritis,

343 1945 412 1987 xv
440 1934 695 1991 calendas
720 1934 940 2006 Aprilis,
974 1937 1183 2007 imperii
1226 1937 1434 1992 domini
1479 1935 1765 1991 Justiniani
1807 1946 1934 2005 per-

340 2023 493 2094 petui
535 2025 763 2094 Augusti
790 2042 933 2083 anno
960 2028 1035 2083 2'5
1063 2035 1187 2097 post
1233 2027 1573 2082 consulatum
1611 2024 1793 2081 Basilii
1833 2025 1933 2081 viri

342 2116 627 2174 clarissimi
656 2134 801 2175 anno
827 2121 882 2189 9,
908 2136 1008 2191 per
1031 2120 1295 2176 Joannem
1318 2120 1692 2192 presbyterum
1712 2128 1767 2175 et
1796 2134 1930 2191 apo-

339 2212 663 2279 crisiarium,
690 2223 747 2268 et
785 2213 903 2285 ipse
928 2214 1127 2270 direxit
1153 2229 1273 2269 eam
1301 2229 1402 2285 per
1440 2212 1776 2270 Maxentium
1830 2214 1931 2271 ho-

341 2305 544 2361 minem
561 2322 743 2363 suum.

523 2433 544 2462 σε
574 2419 902 2479 EPISTOLA
954 2418 1102 2498 (olim
1126 2423 1241 2495 XV)
1274 2421 1506 2479 viGiLu
1545 2420 1751 2477 eam

932 2537 1335 2593 ENCYCLICA.

767 2645 836 2684 AD
860 2645 1154 2684 UNIVEBSAM
1188 2644 1499 2687 ECCLESHH.

341 2717 576 2792 Exponit
618 2737 804 2792 causas
832 2738 1060 2776 secessus
1089 2722 1167 2775 sui
1196 2720 1263 2775 ad
1282 2720 1536 2792 sanctam
1562 2718 1931 2792 Euphemiam,

413 2789 604 2863 etquid
640 2790 712 2845 ibi
758 2794 918 2862 egeri!
960 2809 1074 2845 cum
1112 2793 1296 2863 legatis
1326 2789 1658 2863 Iustiniani,
1686 2790 1937 2863 simulque

415 2862 535 2933 ﬁdei
560 2878 669 2917 suae
694 2865 1070 2935 confessionem
1096 2862 1379 2917 interserit.

414 2954 642 3025 Vigilius
668 2957 957 3028 episcopus
979 2954 1236 3011 Ecclesiae
1263 2954 1544 3011 catholicae
1567 2954 1818 3011 universo
1838 2970 1938 3024 po-

341 3048 475 3119 pulo
505 3049 622 3104 Dei.

416 3141 557 3195 Dum
585 3140 640 3194 in
667 3139 882 3195 Sanctm
908 3138 1223 3209 Eupltemite
1250 3139 1477 3195 basilica
1508 3140 1661 3210 gravi
1688 3139 1940 3196 laboran-

339 3241 432 3289 tes
457 3231 774 3302 aegritudine
802 3230 1184 3297 detineremur,
1218 3231 1489 3303 piissimus
1511 3239 1673 3303 atque
1698 3232 1938 3289 clemen-

2046 1938 2305 1994 noveritis
2354 1954 2451 1994 vos
2480 1938 2547 1994 ex
2596 1940 2846 2010 praesenti
2889 1939 2996 2007 die,
3026 1948 3085 1995 ut
3113 1942 3578 2012 praevaricatores,
3604 1956 3641 1998 ει

2044 2032 2189 2086 beati
2217 2031 2449 2102 apostoli
2479 2032 2625 2087 Petri
2657 2032 2786 2088 sede
2808 2048 2906 2104 per
2934 2033 3293 2090 ministerium
3322 2034 3471 2090 vocis
3497 2048 3641 2091 mea

2044 2124 2425 2179 communione
2458 2121 2476 2161 ι
2508 2139 2817 2195 suspensos.

2115 2214 2181 2269 Et
2200 2214 2455 2285 quoniam
2494 2216 2578 2271 his
2599 2216 2734 2271 actis
2758 2232 2867 2271 non
2903 2217 3074 2273 solum
3099 2233 3163 2273 ea
3200 2232 3321 2288 qua:
3348 2203 3640 2274 commissa

2042 2304 2254 2362 fuerant
2275 2307 2423 2362 nullo
2448 2308 2611 2364 modo
2630 2317 2757 2363 sunt
2781 2317 3026 2364 correcta
3054 2350 3070 2376 ,
3113 2308 3210 2365 sed
3234 2310 3399 2365 etiam
3428 2324 3496 2365 ex
3519 2309 3643 2365 aliis

2040 2401 2215 2456 causis
2234 2400 2321 2456 die
2340 2401 2478 2473 ipso,
2503 2403 2554 2456 in
2575 2401 2943 2473 praeiudicium
2972 2402 3279 2471 regularum
3310 2402 3642 2460 ecclesiasti-

2041 2507 2244 2558 carum,
2278 2493 2362 2549 vel
2401 2494 2651 2562 injuriam
2700 2494 2843 2550 sedis
2887 2495 3220 2565 apostolicae,
3278 2494 3465 2565 pejora
3493 2510 3637 2566 prte-

2042 2596 2253 2657 sumpta
2295 2593 2438 2652 sunt,
2474 2602 2575 2643 nec
2604 2588 2829 2642 ulterius
2879 2602 2975 2642 eos
3002 2587 3403 2643 communionis
3438 2595 3641 2644 nostra

2040 2677 2387 2747 permisimus
2440 2690 2561 2732 esse
2607 2678 2922 2747 participes,
2978 2693 3080 2733 nec
3126 2685 3382 2749 aspectus
3422 2691 3640 2744 eorum,

2044 2776 2169 2839 post
2204 2776 2283 2823 tot
2302 2770 2793 2839 praevaricationes.
2817 2778 2989 2825 nostri
3018 2768 3163 2825 oculi
3188 2777 3530 2839 receperunt.
3565 2766 3643 2825 Ea

2045 2860 2189 2914 enim
2239 2874 2360 2928 qum
2401 2860 2567 2917 verbo
2619 2860 2687 2915 de
2729 2869 3031 2916 memorata
3078 2861 3646 2917 excommunicatione

2043 2954 2254 3008 cunctis
2277 2953 2569 3022 episcopis,
2592 2954 2949 3025 presbyteris,
2972 2962 3027 3008 et
3048 2955 3385 3022 diaconibus,
3412 2955 3644 3025 aliisque

2045 3044 2254 3101 clericis
2296 3045 2910 3117 Constantinopolitanae
2954 3045 3210 3103 Ecclesiae
3238 3062 3373 3103 voce
3421 3047 3638 3118 publica

2047 3137 2383 3205 dixeramus,
2426 3149 2615 3209 postea
2655 3140 2820 3194 etiam
2871 3139 2957 3195 die
3007 3148 3045 3177 ἠ
3074 3156 3167 3195 xxx
3212 3140 3558 3196 calendarum
3609 3149 3639 3177 ιι

1982 3266 2012 3301 μ
2044 3226 2440 3299 Septembrium
2472 3245 2647 3301 nuper
2665 3229 3063 3301 prteteritarum
3088 3273 3103 3299 ,
3134 3230 3188 3286 in
3210 3230 3358 3287 beati
3381 3230 3529 3287 Petri
3548 3232 3644 3288 ba-

342 3324 589 3380 tissimus
614 3324 909 3395 imperator
955 3324 1224 3380 dominico
1254 3324 1342 3381 die
1371 3322 1421 3391 δ,
1464 3324 1518 3381 id
1575 3334 1660 3380 est
1702 3326 1940 3382 calendis
1973 3318 2012 3331 ”
2042 3318 2192 3375 Silica
2242 3320 2297 3374 in
2324 3320 2569 3376 Ormisda
2607 3321 2813 3391 scripto
2860 3319 3191 3378 ﬁrmavimus
3221 3340 3235 3375 ε
3264 3324 3320 3379 in
3342 3337 3452 3393 quo
3478 3323 3645 3379 etiam

343 3417 623 3473 Februarii
656 3426 701 3483 ⁸,
728 3417 997 3487 gloriosos
1022 3417 1232 3486 iudices
1260 3432 1387 3473 suos
1417 3417 1485 3472 ad
1533 3432 1632 3472 nos
1668 3417 1942 3473 destinare

342 3507 596 3577 dignatus
617 3516 718 3574 est,
752 3508 807 3563 id
836 3516 919 3564 est
950 3508 1265 3564 Belisarium
1323 3517 1379 3565 et
1414 3508 1711 3579 Cethegum
1741 3526 1944 3566 excon-

344 3601 491 3658 sules
513 3609 674 3672 atque
694 3601 969 3673 patricios,
1001 3616 1099 3659 nec
1126 3619 1233 3658 non
1256 3619 1311 3659 et
1339 3603 1558 3659 Petrum
1592 3606 1941 3661 exconsulem

345 3691 634 3761 patricium
662 3699 823 3761 atque
854 3692 1193 3761 magistrum,
1233 3694 1327 3748 sed
1358 3701 1413 3749 et
1441 3692 1708 3749 Justinum
1739 3711 1943 3751 excon-

349 3784 520 3838 sulem
549 3791 605 3840 et
634 3784 951 3854 curapalatii
985 3783 1007 3824 τ
1040 3793 1095 3840 et
1124 3784 1493 3841 Marcellinum
1523 3795 1547 3832 ε
1588 3794 1935 3858 (ιυωεῐοναη,

348 3873 441 3944 qui
463 3874 618 3930 nobis
648 3875 915 3942 dicerent,
954 3885 1015 3930 ut
1043 3885 1381 3932 sacramenta
1410 3877 1691 3948 percipere
1714 3878 1942 3935 debere-

348 3980 488 4031 mus,
507 3972 561 4021 et
584 3967 651 4022 de
667 3965 877 4023 Sanctae
898 3966 1207 4038 Enphemize
1230 3970 1458 4024 ecclesia
1479 3969 1543 4024 ad
1563 3970 1835 4025 civitatem
1856 3986 1943 4026 re-

346 4056 489 4126 giam
512 4072 775 4113 remeare.
798 4058 1030 4139 _Quibus
1083 4060 1192 4115 tale
1230 4060 1476 4117 dedimus
1518 4060 1632 4116 Deo
1655 4061 1943 4130 adiuvante

347 4163 692 4219 responsum,
714 4149 959 4206 dicentes
989 4167 1002 4204 :
1036 4149 1143 4207 Nos
1171 4151 1387 4223 quidem
1414 4152 1468 4206 in
1500 4153 1636 4208 hanc
1661 4152 1938 4210 basilicam

348 4254 450 4310 pro
473 4240 617 4294 nulla
658 4241 969 4311 pecuniaria
1008 4241 1093 4298 vel
1125 4243 1336 4314 privata
1377 4258 1538 4298 causa
1569 4243 1937 4314 confugimus;

347 4335 442 4390 sed
471 4349 573 4405 pro
600 4324 855 4391 Ecclesia:
884 4342 1091 4391 tantum
1125 4336 1403 4402 seandalo,
1436 4336 1581 4408 quod
1602 4337 1715 4408 jam
1747 4337 1801 4392 in
1828 4345 1943 4393 toto

348 4424 551 4480 mundo
579 4441 675 4495 pro
702 4425 940 4495 peccatis
968 4427 1222 4482 innotuit.
1257 4427 1324 4483 Et
1370 4428 1516 4492 ideo,
1566 4430 1609 4484 si
1639 4445 1799 4484 causa
1829 4428 1941 4484 Ec-

347 4516 528 4572 clesiae
557 4516 860 4585 ordinatur,
905 4527 964 4574 ut
992 4536 1180 4590 pacem
1207 4520 1345 4590 ejus,
1377 4535 1537 4590 quam
1568 4520 1818 4575 avunculi
1859 4521 1943 4576 sui

349 4608 622 4680 piissimus
654 4611 906 4680 princeps
946 4609 1073 4667 fecit
1102 4612 1462 4681 temporibus,
1497 4620 1553 4665 et
1581 4611 1746 4666 modo
1774 4611 1938 4666 resti-

348 4706 483 4765 tuat,
528 4714 633 4769 ego
661 4700 1016 4757 sacramentis
1061 4706 1199 4773 opus
1232 4718 1339 4756 non
1384 4700 1579 4767 habeo,
1634 4702 1729 4757 sed
1758 4702 1941 4757 statim

345 4790 617 4860 egredior.
642 4793 699 4847 Si
736 4800 917 4847 autem
948 4807 1111 4848 causa
1140 4791 1392 4849 Ecclesiae
1442 4791 1587 4848 finita
1620 4810 1727 4849 non
1757 4794 1939 4864 fuerit,

344 4880 477 4937 item
498 4880 526 4918 ιλ
554 4884 908 4938 sacramentis
930 4898 1067 4953 opus
1097 4900 1203 4938 non
1255 4884 1450 4951 habeo,
1510 4884 1634 4955 quia
1665 4900 1941 4956 nunquam

343 4968 655 5029 deSanctte
702 4972 1016 5044 ‘Euphemite
1058 4974 1281 5031 basilica
1335 4976 1487 5031 exire
1534 4974 1784 5046 dispono,
1833 4977 1935 5033 nisi

342 5064 659 5121 scandalum
683 5065 751 5122 ab
779 5064 1024 5122 Ecclesia
1072 5066 1166 5122 Dei
1216 5064 1379 5122 fuerit
1425 5075 1779 5139 amputatum.
1807 5066 1940 5124 Nam
1987 5068 1992 5075 ’

415 5247 664 5327 ξξπξεη
696 5252 976 5327 Laetinent;
1012 5260 1069 5308 et
1096 5253 1258 5324 paulo
1287 5263 1432 5325 post,
1465 5263 1800 5327 cognoscant.

412 5318 441 5360 1³
472 5317 668 5386 Paris»,
696 5317 856 5375 Data.

416 5400 455 5466 ﬁ
472 5388 648 5466 Edidit
670 5390 987 5466 Sirmondus
1005 5401 1143 5466 post
1156 5395 1508 5466 appendicem
1530 5395 1747 5454 Codicis
1767 5397 1936 5454 Theo-

339 5459 695 5536 d_osiani._E_s_t
721 5462 902 5536 inms.
936 5459 1259 5536 collectione
1305 5476 1614 5536 pervetusta
1647 5469 1701 5522 in
1737 5468 1933 5523 biblio-

340 5533 502 5613 theca
563 5530 789 5601 Collegii
858 5533 1178 5591 Parisiensis
1241 5530 1528 5594 societatis
1593 5537 1738 5593 Jesu.
1790 5536 1935 5594 llan-
2010 5602 2013 5613 γ

339 5611 549 5658 DlﬂNUS.

644 5672 801 5742 Luc.,
833 5640 1226 5733 Dominieorum
1254 5678 1356 5747 die,
1385 5680 1444 5733 id
1483 5688 1561 5734 est
1610 5682 1790 5752 quinto
1829 5682 1933 5737 cal.

417 5826 443 5853 ι’
472 5812 933 5892 Harduinu-slegit
958 5832 991 5874 v
1019 5817 1271 5876 calendas
1318 5818 1617 5892 Februarii,
1645 5821 1701 5878 id
1739 5830 1821 5879 est
1864 5819 1934 5876 28

334 5882 574 5944 lanuuii
602 5894 694 5943 an.
727 5886 850 5946 552.

2043 3411 2217 3477 illum,
2241 3412 2332 3482 qui
2352 3412 2452 3467 sub
2474 3412 2659 3468 habitu
2680 3413 2971 3483 episcopali
3002 3413 3110 3484 lupi
3136 3415 3347 3486 rapacis
3366 3414 3643 3471 dominico

2045 3506 2192 3573 gregi
2230 3519 2446 3575 semper
2473 3506 2645 3561 tendit
2676 3506 2915 3571 insidias,
2960 3514 3016 3562 et
3040 3522 3322 3564 assumens
3350 3506 3518 3563 totius
3544 3506 3647 3562 du-

2046 3606 2225 3652 catum
2254 3597 2515 3663 scandali,
2546 3598 2908 3654 universalem
2932 3598 3026 3654 Dei
3057 3601 3395 3671 perturbavit
3423 3614 3489 3655 ac
3514 3612 3643 3671 per-

2048 3687 2231 3743 turbat
2257 3686 2574 3755 Ecclesiam,
2605 3690 2674 3745 de
2698 3691 3042 3761 episcopatus
3084 3692 3273 3747 ordine
3302 3692 3641 3763 deponentes

2048 3776 2441 3843 damnavimus,
2471 3779 2607 3835 alios
2625 3795 2779 3842 vero,
2798 3781 2889 3848 qui
2916 3781 3164 3852 superius
3186 3782 3472 3838 memorati
3493 3791 3644 3863 sunt,

2050 3884 2079 3924 a
2105 3872 2488 3927 communione
2516 3874 2915 3944 suspendimus.
2949 3872 3055 3929 Sed
3112 3876 3182 3930 ob
3237 3876 3342 3932 hoc
3379 3875 3644 3931 hactenus

2048 3965 2298 4036 paginam
2325 3965 2492 4036 ipsius
2521 3966 2883 4021 damnationis
2906 3965 3152 4037 proferre
3182 3968 3473 4033 noluimus,
3500 3982 3641 4037 quo-

2048 4056 2194 4112 niam
2219 4063 2276 4111 et
2296 4058 2775 4113 clementissimum
2804 4058 3105 4130 principem
3135 4075 3234 4130 pro
3266 4060 3360 4114 tali
3389 4075 3455 4115 ac
3490 4065 3643 4115 tanto

2048 4147 2307 4204 seandalo
2346 4162 2411 4203 ea
2463 4162 2584 4219 quae
2621 4148 2762 4204 facta
2811 4157 2957 4217 sunt,
3001 4150 3166 4204 divini
3207 4134 3647 4205 consideratione

2042 4240 2233 4311 iudicii
2286 4257 2545 4298 revocare
2589 4240 2930 4309 confidimus,
2970 4250 3025 4296 et
3073 4242 3343 4313 praedictis
3393 4243 3647 4300 omnibus

2048 4334 2339 4404 oportebat
2364 4350 2466 4389 nos
2493 4334 2727 4404 spatium
2776 4333 3109 4402 paenitentia
3154 4343 3467 4401 reservare;
3518 4332 3645 4389 imi-

2048 4430 2227 4478 tantes
2254 4424 2472 4478 beatum
2523 4421 2761 4489 Petrum,
2817 4422 2971 4494 cujus
3016 4424 3200 4481 sedem
3242 4433 3509 4495 tenemus,
3538 4424 3644 4483 etsi

2048 4513 2320 4569 immeriti.

2117 4604 2374 4661 Chartam
2428 4620 2556 4660 vero
2604 4604 2777 4675 ipsam
2828 4605 3407 4663 excommunicationis
3474 4613 3644 4677 atque

2045 4699 2407 4756 damnationis
2442 4700 2653 4756 euidam
2699 4698 3017 4755 Christianae
3054 4713 3304 4770 personae
3326 4696 3644 4757 tradidimus

2046 4792 2472 4849 conservandam
2502 4836 2517 4858 ,
2570 4801 2630 4847 ut
2674 4793 2720 4849 si
2776 4791 3001 4848 forsitan
3049 4792 3106 4847 hi
3153 4793 3248 4862 qui
3294 4799 3643 4861 excesserant

2045 4887 2194 4942 nullo
2235 4886 2399 4942 modo
2448 4887 2724 4956 corrigere
2756 4887 3087 4952 voluissent,
3129 4896 3225 4942 aut
3270 4885 3315 4941 si
3361 4885 3519 4941 nobis
3558 4884 3642 4939 vis

2046 4978 2224 5047 aliqua
2254 4979 2606 5047 irrogaretur,
2657 4977 2772 5033 sive
2814 4977 3068 5048 quaelibet
3117 4974 3432 5048 inquietudo
3462 4974 3641 5039 ﬂeret,

2040 5067 2128 5124 vel
2153 5076 2302 5124 certe
2322 5067 2556 5123 humana
2586 5075 2736 5124 sorte
2766 5067 3026 5124 transitus
3049 5066 3118 5122 de
3137 5066 3239 5122 hac
3267 5065 3391 5120 luce
3421 5063 3637 5119 contin-

2124 5250 2142 5290 τ
2174 5251 2322 5306 idem
2341 5250 2491 5317 cod.,
2517 5252 2753 5305 comitem
2777 5248 3153 5304 excubitorum.

2050 5330 2065 5344 '
2121 5332 2146 5371 ι
2176 5322 2323 5377 Idem
2372 5322 2521 5390 cod.,
2549 5321 2851 5393 religiosum
2886 5322 3053 5375 virum
3074 5316 3470 5375 Constantinum
3497 5329 3641 5388 qua-

2046 5404 2259 5462 storem,
2289 5401 2394 5448 etc.

2118 5463 2147 5502 ιι
2175 5464 2319 5518 idem
2341 5462 2486 5528 cod.,
2516 5463 2722 5518 iisdem.

2126 5533 2143 5573 ί
2173 5535 2268 5599 id.,
2295 5532 2564 5587 Palatina.

2122 5612 2137 5657 ι
2180 5607 2335 5659 Anno
2364 5602 2490 5670 55a,
2521 5617 2711 5660 mense
2731 5602 2990 5671 Augusto.

2120 5674 2147 5714 ιε
2179 5674 2239 5731 in
2261 5674 2544 5729 liormisda
2564 5674 2781 5730 dictam.
2808 5672 3137 5727 Humentes.

2127 5748 2145 5785 1
2180 5746 2238 5800 In
2269 5745 2389 5801 cod.
2427 5744 2556 5800 Luc.
2584 5745 2733 5799 deest
2760 5741 3136 5796 communione.

2114 5824 2155 5855 π’
2188 5817 2343 5870 Anno
2373 5815 2495 5881 55!,
2522 5816 2607 5869 die
2640 5813 2705 5866 Ui
2735 5810 2974 5879 Augusti.
3007 5809 3331 5881 “sanemus.

2126 5897 2153 5933 ιι
2173 5886 2311 5945 Cod.
2329 5878 2491 5953 Luc.,
2511 5900 2650 5940 nono
2675 5882 2776 5937 cal.
2803 5878 2966 5936 Deest
2993 5881 3046 5935 in
3078 5878 3347 5936 Ormisda.

2029 6014 2056 6063 .'
2086 6030 2145 6062 ,τ’
