4018 6340
459 291 528 351 55
1204 362 1209 365 τ
1863 288 2090 348 VlGILll
2128 291 2330 348 pars
3662 295 3731 351 ss

459 414 634 481 geret,
657 422 787 466 mox
840 421 961 466 eam
1008 409 1064 465 in
1105 407 1473 466 celeberrimis
1502 406 1638 465 locis
1684 416 2039 480 proponeret,
2071 416 2121 474 Α
2154 424 2273 478 quae
2297 408 2559 466 dederant
2601 417 3008 481 conservarent,
3036 419 3093 467 et
3137 410 3377 483 piissimo
3415 411 3732 483 imperatori

462 512 725 574 quatenus
749 502 865 572 ejus
907 501 1098 557 notitia
1121 501 1440 559 Christianis
1487 502 1737 557 omnibus
1768 501 2043 573 patefacta

460 602 765 652 servaretur
808 595 863 650 in
915 602 1213 695 poiterum.
1255 594 1391 650 Dum
1443 594 1557 649 haec
1603 604 1779 650 autem
1810 594 2044 665 prmfatis

454 684 724 758 judicibus
746 684 1065 751 dicerem'us,
1093 686 1400 754 rogavimus
1428 692 1483 740 et
1504 686 1904 754 conjuravimus
1925 700 2037 751 eos,

458 781 707 836 invocato
737 779 1125 850 omnipotentis
1166 778 1259 833 Dei
1278 778 1500 847 judicio,
1535 786 1593 831 ut
1622 777 2041 832 clementissimo

458 871 771 942 imperatori
798 872 902 926 hoc
948 885 1162 939 quoque
1201 885 1270 926 ex
1317 870 1536 925 nomine
1566 876 1754 923 nostro
1783 881 2043 936 suggere-

456 978 608 1032 rent;
639 965 731 1036 qui
763 965 866 1021 illis
894 964 985 1035 qui
1032 980 1062 1017 a
1119 964 1274 1020 nobis
1320 962 1773 1017 excommunicati
1802 969 1957 1026 sunt,
1989 960 2045 1015 in

457 1058 651 1130 quibus
672 1067 727 1113 et
748 1057 791 1112 is
819 1073 978 1127 quem
1006 1056 1349 1127 praediximus
1378 1062 1479 1121 est,
1511 1056 1914 1111 communicare
1936 1070 2045 1110 non

457 1150 639 1217 debet,
690 1165 757 1205 ne
783 1164 968 1218 grave,
1014 1148 1156 1220 quod
1185 1148 1345 1212 absit,
1378 1155 1658 1217 peccatum
1691 1149 1948 1203 incurrat.
1973 1148 2045 1204 [is

457 1243 533 1298 ita
554 1258 613 1298 se
640 1242 984 1309 habentibus,
1019 1257 1116 1311 per
1136 1239 1477 1310 magniﬁcum
1507 1241 1680 1295 virum
1711 1239 1928 1296 Petrum
1951 1257 2043 1296 re-

457 1334 820 1391 ferendarium
850 1334 936 1390 die
957 1335 1130 1404 pridie
1152 1334 1403 1389 calendas
1430 1334 1770 1400 Februarias,
1795 1333 2042 1403 quaedam

456 1428 643 1483 charta
666 1428 821 1483 nobis
848 1435 931 1482 est
970 1427 1149 1491 allata,
1185 1443 1343 1497 quam
1382 1442 1411 1480 a
1444 1426 1863 1482 clementissimo
1894 1426 2043 1497 prin-

458 1521 577 1592 cipe
619 1521 763 1576 nullo
812 1521 974 1575 modo
1001 1520 1325 1575 credidimus
1368 1520 1715 1589 destinatam,
1768 1522 1893 1591 quia
1943 1537 2043 1576 nec

455 1614 632 1668 fuerat
656 1604 879 1683 pietatis
900 1615 1015 1683 ejus
1046 1629 1204 1667 manu
1230 1614 1553 1682 subscripta.
1584 1612 1651 1666 Et
1674 1613 1801 1668 dum
1833 1628 2041 1668 memo-

456 1715 575 1762 rato
622 1707 989 1763 referendario
1031 1707 1331 1762 diceremus
1378 1715 1436 1761 ut
1485 1708 1535 1761 in
1566 1722 1628 1761 ea
1658 1706 2040 1775 subscriberet,

2151 512 2518 570 suggererent,
2538 510 2817 573 quatenus
2846 503 3018 560 nullas
3036 552 3037 555 η
3055 504 3452 573 inquietudines
3489 514 3584 560 aut
3610 523 3731 563 mo-

2153 594 2354 658 lestias,
2386 596 2524 650 sicut
2546 596 2701 651 nobis
2722 595 2961 665 juratum
2988 596 3180 663 fuerat,
3214 605 3543 667 pateremur.
3573 598 3735 653 Dum-

2152 703 2258 757 que
2284 690 2415 744 nihil
2446 698 2629 743 nostra
2655 689 2815 744 toties
2858 689 2945 743 vel
2967 690 3131 744 verbo
3161 689 3247 744 vel
3291 690 3493 759 scripto
3540 699 3731 746 conte-

2152 783 2312 837 statio
2343 781 2675 852 profecisset,
2708 782 2802 837 sed
2849 782 3036 838 diebus
3082 783 3300 851 singulis
3346 783 3535 853 pejora
3568 785 3731 839 etiam

2152 883 2486 944 pateremur;
2512 884 2636 929 ante
2655 874 2872 929 biduum
2902 874 3094 930 natalis
3106 874 3318 929 Domini
3345 889 3442 945 per
3463 891 3563 930 nos
3586 877 3734 946 ipsos

2150 966 2481 1034 agnovimus,
2533 973 2589 1019 et
2636 966 2853 1020 auribus
2880 965 3078 1020 nostris
3117 966 3437 1032 audivimus,
3480 968 3608 1036 quia
3637 981 3735 1037 per

2148 1056 2386 1125 singulos
2415 1064 2724 1111 memorata:
2760 1056 2951 1112 domus
2980 1058 3373 1113 custodiremur
3403 1059 3679 1127 ingressus
3714 1074 3729 1123 ;

2149 1148 2223 1203 ita
2248 1156 2305 1202 ut
2334 1149 2410 1203 illi
2431 1149 2521 1219 qui
2538 1149 2693 1205 nobis
2722 1150 2994 1220 ponebant
3009 1151 3250 1217 insidias,
3271 1166 3303 1206 a
3331 1152 3531 1207 nostris
3558 1151 3735 1206 homi-

2148 1241 2305 1296 nibus
2314 1242 2560 1312 plurimis
2571 1242 2895 1309 viderentur,
2912 1252 2967 1299 et
2980 1260 3165 1300 eorum
3177 1245 3442 1301 clamores
3452 1246 3505 1301 in
3519 1246 3737 1301 cubicu-

2148 1332 2220 1397 lo,
2237 1334 2327 1389 ubi
2347 1333 2715 1402 manebamus,
2736 1345 2895 1392 nocte
2911 1352 3017 1407 qua
3044 1338 3385 1394 discessimus
3400 1338 3730 1393 audiremus.

2148 1424 2265 1491 Quo
2297 1424 2458 1487 facto,
2487 1442 2608 1481 cum
2634 1428 2735 1482 sub
2760 1428 2909 1497 gravi
2938 1428 3315 1499 desperatione
3338 1430 3617 1485 nocturnis
3642 1431 3737 1485 ho-

2148 1517 2221 1572 ris
2250 1519 2469 1573 maximi
2499 1527 2554 1575 et
2576 1522 2789 1592 pavoris
2815 1522 3128 1590 mgritudine
3158 1533 3487 1589 teneremur,
3518 1523 3737 1593 diﬁ'ugi-

2148 1625 2290 1680 mus,
2316 1612 2454 1667 sicut
2500 1612 2651 1667 locus
2684 1614 2771 1668 ille
2800 1615 3001 1683 poterit
3027 1616 3237 1671 cunctis
3264 1616 3571 1672 hominibus
3590 1616 3734 1670 indi-

2150 1715 2294 1755 care.
2319 1702 2449 1756 Nam
2480 1702 2526 1757 si
2553 1704 3014 1774 circumspiciatur
3038 1720 3205 1773 quare
3231 1714 3602 1775 quantumque
3625 1705 3738 1760 dis—

457 1798 711 1868 diemque
738 1816 845 1869 quo
874 1800 939 1853 ab
962 1799 1078 1869 ip:o
1098 1799 1272 1853 fuerat
1302 1799 1462 1853 allata
1489 1799 1691 1870 pariter
1711 1799 2038 1869 designaret,
2076 1809 2118 1867 Β
2148 1793 2352 1848 crimen
2402 1804 2549 1850 metu
2598 1794 2828 1852 faciente
2872 1798 3232 1868 despeximus,
3263 1808 3322 1854 ut
3369 1815 3467 1870 per
3510 1815 3739 1869 parvam

457 1892 676 1946 omnino
717 1892 909 1959 refugit
961 1893 1065 1945 hoc
1116 1892 1293 1947 facere
1327 1912 1339 1946 :
1371 1908 1491 1962 quas
1542 1908 1628 1948 res
1680 1895 2041 1963 suspicionem

455 1993 714 2049 nostram,
747 1986 871 2054 quia
897 1986 1083 2040 charta
1121 1985 1233 2055 ipsa
1262 2002 1291 2039 a
1315 1986 1559 2055 piissimo
1586 1985 1830 2055 principe
1868 1986 2043 2040 nesci-

452 2086 623 2142 retur,
661 2086 847 2146 aperte
879 2077 1125 2130 ﬁrmavit.
1156 2075 1340 2131 Tantis
1363 2076 1502 2129 enim
1531 2091 1562 2128 a
1585 2075 1811 2130 veritate
1834 2076 2043 2144 seposi-

454 2169 525 2221 tis
554 2167 716 2221 rebus
740 2175 900 2236 atque
950 2167 1157 2234 injuriis
1184 2167 1444 2236 probatur
1473 2181 1593 2222 esse
1623 2166 1955 2236 plenissima,
1983 2174 2043 2221 ut

454 2260 594 2314 hanc
634 2259 924 2329 imperialis
960 2257 1069 2312 oris
1095 2272 1366 2327 nunquam
1409 2258 1659 2313 credatur
1687 2259 2040 2313 mansuetudo

454 2353 687 2407 dictasse
717 2393 733 2418 ,
777 2352 1013 2406 maxime
1043 2359 1229 2405 contra
1271 2350 1413 2404 illius
1460 2349 1619 2420 primi
1673 2350 2043 2419 apostolorum

454 2444 712 2498 vicarium
742 2486 756 2511 ,
810 2443 962 2509 cujus
1013 2442 1139 2498 olim
1187 2442 1505 2515 reverentim
1562 2456 1621 2495 se
1672 2440 2044 2509 frequentibus

455 2534 672 2603 scriptis
722 2533 997 2604 professus
1041 2540 1127 2587 est
1174 2532 1490 2587 debitorem.
1520 2530 1817 2587 Memorata
1864 2541 2042 2587 autem

455 2628 668 2698 charta,
692 2629 819 2683 licet
846 2644 942 2699 per
969 2643 1030 2683 se
1052 2627 1222 2681 nullas
1250 2627 1393 2682 vires
1422 2627 1686 2692 obtineat,
1712 2636 1891 2681 tamen
1915 2642 2045 2681 con-

454 2730 542 2776 tra
580 2737 701 2777 eam
745 2722 813 2776 ad
861 2722 1088 2789 singula,
1134 2720 1243 2775 Deo
1287 2702 1531 2789 juvanfe,
1562 2721 1829 2775 veraciter
1882 2727 2045 2788 atque

458 2813 777 2883 simpliciter
804 2812 1167 2882 respondetur
1190 2852 1204 2879 ,
1237 2819 1506 2881 quatenus
1535 2813 1651 2880 ejus
1679 2809 1903 2878 falsitas,
1927 2827 2045 2881 qua:

461 2906 790 2976 sapientibus
809 2907 939 2961 viris
962 2922 1178 2976 semper
1197 2914 1280 2959 est
1302 2905 1507 2973 odiosa,
1530 2921 1559 2959 a
1582 2913 1899 2961 cunctorum
1930 2906 2046 2960 ani-

461 2998 560 3054 mis
584 2999 794 3069 plenius
819 2998 1157 3054 excludatur.
1192 2998 1343 3053 Nunc
1381 3006 1562 3054 autem
1593 2998 1845 3053 omnibus
1867 2997 2043 3053 homi-

459 3089 615 3145 nibus
654 3090 757 3146 hoc
799 3105 1014 3159 quoque
1044 3089 1350 3145 curavimus
1379 3088 1722 3145 indicandum
1744 3130 1758 3155 ,
1788 3088 2044 3157 quoniam

459 3196 561 3237 nos
583 3182 650 3234 ad
670 3190 869 3236 sancta:
892 3180 1200 3251 Euphemia:
1218 3180 1497 3235 basilicam
1513 3181 1613 3235 sub
1636 3192 1830 3248 magno
1856 3181 2049 3235 timore

462 3282 625 3343 atque
642 3274 915 3328 anxietate
942 3274 1307 3328 discessimus.
1331 3272 1463 3326 Nam
1490 3288 1612 3329 cum
1635 3272 1702 3327 ad
1730 3274 1876 3328 beati
1904 3273 2049 3327 Petri

460 3364 740 3420 basilicam
765 3364 819 3418 in
839 3362 1085 3419 Ormisda
1104 3364 1378 3418 fundatam
1402 3363 1644 3432 Augusto
1671 3378 1855 3419 mense
1880 3380 2051 3434 nuper

462 3456 737 3528 prieterito
766 3454 1105 3524 fugissemus,
1128 3455 1333 3511 nullum
1359 3456 1528 3510 latere
1556 3454 1894 3520 confidimus,
1924 3456 2050 3523 quia

464 3563 586 3603 cum
617 3548 671 3601 in
700 3547 889 3602 eadem
916 3548 1141 3602 ecclesia
1162 3563 1194 3602 a
1222 3548 1480 3602 comitatu
1504 3548 1747 3617 praetoris
1766 3561 1887 3602 cum
1910 3545 2049 3599 mul-

464 3636 695 3693 titudine
744 3650 1075 3695 armatorum
1105 3638 1335 3692 militum
1380 3638 1650 3701 veniente,
1682 3646 1935 3707 tanquam
1984 3634 2050 3689 ad

463 3731 665 3787 bellum
705 3730 965 3786 instructa
995 3732 1131 3796 acie,
1161 3747 1192 3785 a
1221 3738 1410 3786 sancto
1439 3730 1556 3799 ejus
1585 3729 1741 3784 altari
1778 3728 1931 3783 tracti
1955 3743 2049 3797 pe-

463 3823 625 3879 dibus
644 3824 1001 3890 traheremur,
1025 3824 1327 3887 tenuimus;
1352 3831 1407 3878 et
1432 3838 1594 3893 super
1621 3837 1720 3878 nos
1748 3822 1911 3877 etiam
1933 3821 2049 3892 ipsa

466 3916 652 3971 altaris
696 3932 884 3971 mensa
918 3917 1209 3983 ceciderat,
1254 3917 1355 3972 nisi
1396 3916 1715 3971 clericorum
1740 3923 2049 3971 nostrorum

464 4005 651 4063 fuisset
681 4008 930 4064 manibus
960 4014 1283 4063 sustentata.

535 4101 730 4157 Postea
760 4118 890 4156 vero
936 4101 1062 4155 dum
1093 4100 1248 4156 nobis
1275 4099 1469 4155 dicitur
1518 4097 1662 4169 quod
1709 4097 1922 4164 exinde,
1948 4097 2050 4155 nisi

463 4200 805 4247 sacramenta
834 4192 1191 4247 voluissemus
1213 4191 1479 4261 accipere,
1500 4189 1597 4243 sub
1626 4188 1773 4243 omni
1795 4188 2051 4243 violentia

463 4284 832 4350 traheremur;
860 4284 1146 4339 memorati
1166 4283 1374 4352 judices
1402 4299 1433 4337 a
1457 4280 1697 4351 piissimo
1721 4281 2049 4351 imperatore

465 4373 657 4428 directi
681 4375 979 4428 voluissent
1007 4376 1165 4430 nobis
1190 4381 1528 4432 sacramenta
1557 4381 1811 4442 praestare
1850 4390 1862 4425 :
1915 4371 2053 4426 indi-

463 4465 645 4520 culum
674 4464 919 4519 dedimus
941 4480 1037 4533 per
1057 4466 1200 4534 quod
1217 4467 1331 4521 dari
1354 4483 1598 4536 persona:
1625 4475 1821 4522 nostra:
1848 4467 2051 4536 scripto

460 4555 750 4626 petivimus
791 4554 1199 4623 jusjurandum;
1245 4558 1391 4624 quod
1421 4558 1869 4613 clementissimus
1904 4558 2052 4627 prin-

464 4659 595 4713 ceps
623 4659 729 4697 non
760 4644 919 4713 quale
945 4659 1046 4698 nos
1084 4645 1352 4699 voluimus
1380 4646 1607 4714 praeberi
1637 4646 1923 4709 concessit,
1955 4646 2047 4701 sed

462 4736 625 4805 quale
652 4735 753 4805 ipsi
782 4736 985 4805 placuit
1004 4752 1101 4806 per
1126 4736 1338 4805 judices
1364 4752 1492 4791 suos
1528 4736 1761 4791 dandum
1790 4752 1909 4791 esse
1938 4739 2051 4792 dic-

464 4827 619 4882 tavit.
648 4826 716 4880 Et
742 4826 866 4881 dum
883 4828 1154 4896 saepedicti
1170 4828 1399 4896 judices,
1426 4828 1604 4897 posito
1628 4829 1862 4883 indiculo
1886 4843 2049 4898 super

464 4920 656 4985 altare,
686 4926 742 4973 et
787 4928 1059 4976 cataracta
1106 4921 1250 4975 beati
1299 4919 1447 4974 Petri
1495 4921 1744 4989 apostoli,
1789 4929 1843 4975 et
1889 4936 2051 4989 super

465 5026 704 5077 crucem,
729 5026 848 5079 quae
871 5011 937 5065 de
964 5012 1109 5080 ligno
1138 5011 1401 5080 passionis
1425 5010 1637 5065 Domini
1659 5011 1822 5065 habet
1842 5011 2048 5066 inclau—

464 5118 603 5167 sum,
632 5101 728 5157 sed
757 5108 812 5155 et
836 5116 998 5170 super
1026 5101 1207 5155 claves
1234 5100 1379 5155 beati
1404 5100 1548 5155 Petri
1578 5102 1809 5171 apostoli
1840 5101 2050 5172 praesti-

465 5195 659 5250 tissent
679 5193 961 5262 corporale
1008 5192 1413 5261 jusjurandum;
1457 5193 1524 5247 ad
1556 5192 2052 5257 Placidianas,tan—

466 5300 629 5354 quam
653 5284 787 5339 nihil
808 5283 934 5336 mali
963 5284 1187 5338 ulterius
1206 5284 1488 5353 patientes,
1503 5286 1800 5341 secundum
1826 5284 2051 5354 piissimi

465 5375 724 5445 principis
763 5373 1055 5429 redivimus
1078 5375 1432 5431 voluntatem.
1463 5375 1520 5432 ln
1565 5393 1669 5449 qua
1709 5378 1835 5431 dum
1884 5375 2050 5429 multa

465 5462 607 5518 mala
638 5463 992 5518 intolerabilia
1023 5465 1216 5535 smpius
1246 5474 1572 5537 pateremur,
1598 5483 1717 5538 qua:
1736 5466 1848 5535 jam
1878 5463 2050 5518 omni-

464 5554 566 5609 bus
586 5562 712 5609 nota
733 5568 853 5608 esse
880 5554 1215 5624 conﬁdimus,
1245 5557 1530 5628 prmdictos
1552 5558 1761 5627 judices
1791 5562 1900 5608 tam
1928 5567 2050 5605 ver-

465 5646 558 5710 bo,
584 5643 709 5699 dum
732 5644 798 5700 ad
826 5661 925 5702 nos
937 5649 1131 5721 saepius
1155 5665 1186 5705 a
1211 5650 1632 5705 clementissimo
1648 5648 1873 5701 fuissent
1900 5644 2051 5712 prin-

464 5737 586 5809 cipe
613 5736 882 5804 destinati,
911 5754 1069 5810 quam
1099 5742 1261 5797 etiam
1303 5737 1519 5808 scriptis
1557 5735 1724 5791 semel
1746 5777 1761 5803 ,
1793 5732 2049 5797 secundo,

465 5836 523 5885 et
568 5828 728 5890 tento
769 5829 1095 5892 credidimus
1142 5828 1567 5892 contestandos,
1612 5837 1672 5881 ut
1710 5829 2048 5884 sacramenta

2151 1886 2442 1942 maceriem
2494 1886 2865 1943 fabricantium
2920 1892 3150 1946 transire
3193 1892 3491 1962 compediti
3543 1894 3739 1948 dolore

2150 1980 2317 2034 nimio
2345 1981 2397 2034 in
2427 1989 2688 2036 nocturna
2713 1982 3040 2038 obscuritate
3061 1985 3220 2054 positi
3247 1998 3586 2053 cogeremur,
3609 1996 3741 2041 tunc

2150 2073 2350 2141 poterit
2378 2073 2655 2128 evidenter
2681 2077 2899 2143 agnosci
2948 2086 3145 2145 quanta
3195 2078 3348 2133 nobis
3402 2078 3569 2134 fuerit
3596 2086 3742 2135 tem-

2150 2162 2296 2237 poris
2320 2178 2416 2232 pro
2444 2164 2559 2218 sola
2581 2163 2834 2220 Ecclesia:
2876 2182 3037 2222 causa
3064 2169 3379 2231 necessitas,
3409 2177 3503 2223 aut
3529 2175 3740 2237 quanta

2149 2253 2410 2320 custodia,
2442 2269 2562 2323 quae
2590 2271 2690 2310 nos
2717 2256 2815 2310 sub
2844 2257 2934 2311 tali
2990 2257 3295 2314 discrimine
3332 2259 3513 2327 coegit
3557 2259 3743 2314 disce-

2148 2345 2294 2399 dere.
2328 2345 2435 2400 Sed
2465 2362 2530 2401 ne
2558 2348 2677 2417 quis
2705 2346 2950 2415 forsitan,
2993 2359 3051 2405 ut
3094 2360 3177 2406 est
3202 2367 3586 2423 perversorum
3641 2353 3744 2408 bo-

2147 2436 2350 2489 minum
2394 2438 2627 2502 malitia,
2676 2438 2743 2493 de
2802 2441 3181 2509 praedicatione
3239 2452 3423 2497 nostra
3467 2442 3746 2509 religiosis

2149 2528 2342 2582 animis
2414 2544 2477 2583 ac
2536 2528 2702 2584 Deum
2777 2532 3086 2587 timentibus
3166 2533 3346 2601 aliqua
3420 2534 3744 2599 mentiatur,

2150 2615 2272 2671 ﬁdei
2323 2626 2517 2672 nostra:
2581 2620 3014 2690 praedicationem
3079 2624 3202 2678 huic
3248 2639 3428 2693 parvae
3483 2624 3745 2682 relationi

2151 2709 2413 2764 malorum
2434 2725 2553 2779 quae
2582 2713 2896 2782 pertulimus
2926 2716 3248 2771 credidimus
3282 2717 3739 2787 subjungendam.

2151 2800 2335 2856 Sciant
2377 2802 2537 2872 igitur
2566 2806 2797 2861 universi
2828 2824 2925 2863 nos
2954 2809 3096 2864 illam
3122 2809 3278 2865 ﬁdem
3308 2811 3626 2881 prmdicare,
3658 2819 3746 2866 te-

2151 2907 2283 2948 nere
2335 2902 2496 2964 atque
2541 2895 2846 2965 defendere,
2877 2916 3037 2970 quam
3074 2902 3141 2956 ab
3170 2902 3430 2972 apostolis
3462 2903 3746 2971 traditam,

2152 2992 2207 3038 et
2235 2999 2331 3053 per
2358 3000 2701 3049 successores
2739 3003 2924 3044 eorum
2969 2990 3345 3046 inviolabiliter
3391 2993 3748 3061 custoditam,

2153 3075 2448 3130 reverenda
2471 3075 2684 3133 Nicmna
2709 3080 2942 3150 synodus
2954 3075 3058 3135 318
3082 3080 3297 3136 Patrum
3318 3092 3507 3139 sancto
3534 3082 3752 3152 Spiritu

2156 3167 2257 3221 sibi
2305 3168 2576 3224 revelante
2604 3173 2902 3241 suscipiens
2948 3176 3153 3245 redegit
3203 3176 3258 3229 in
3296 3176 3605 3246 symbolum
3637 3195 3650 3230 :
3681 3191 3752 3232 ac

2075 3248 2120 3309 C
2153 3257 2343 3312 deinde
2365 3266 2474 3315 tres
2504 3262 2621 3315 alia:
2650 3272 2847 3319 sanctae
2872 3267 3081 3337 synodi,
3103 3266 3155 3321 id
3175 3275 3255 3322 est
3277 3266 3755 3340 Constantinopo-

2154 3348 2319 3403 litana
2352 3348 2453 3405 150
2480 3351 2699 3409 Patrum
2742 3357 2840 3411 sub
2870 3358 2968 3428 piae
2996 3359 3265 3414 memoria:
3295 3357 3613 3415 Theodosio
3658 3377 3755 3417 se-

2156 3442 2308 3497 niore
2353 3446 2595 3516 principe
2623 3448 2780 3514 facta,
2835 3457 2891 3504 et
2915 3449 3182 3520 Ephesina
3210 3452 3402 3521 prima,
3435 3453 3527 3509 cui
3574 3454 3757 3511 beatae

2155 3534 2429 3588 memoriae
2452 3551 2586 3605 papa
2617 3536 2935 3594 leestinus
2962 3540 3212 3595 decessor
3249 3550 3454 3609 noster,
3483 3551 3541 3598 et
3568 3542 3756 3615 Cyril-

2156 3626 2239 3678 lus
2279 3625 2669 3685 Alexandrinus
2720 3631 3025 3702 cpiscopus,
3082 3633 3496 3702 prmsederunt;
3548 3634 3649 3690 sed
3699 3645 3761 3690 et

2155 3718 2610 3777 Chalcedonensis
2636 3722 2739 3777 650
2766 3723 3002 3792 Patrum,
3034 3741 3153 3795 qua:
3179 3726 3275 3782 sub
3316 3728 3418 3798 piae
3468 3730 3759 3785 memoriae

2154 3810 2426 3867 Marciano
2458 3813 2781 3889 imperatore
2805 3817 3075 3883 convenit,
3107 3818 3298 3887 cuique
3324 3828 3531 3873 sanctae
3560 3833 3759 3875 recor-

2154 3902 2386 3958 dationis
2416 3904 2669 3960 decessor
2719 3913 2902 3961 noster
2926 3921 3063 3977 papa
3105 3905 3216 3962 Leo
3262 3923 3359 3978 per
3385 3909 3599 3977 legatos
3622 3925 3761 3966 suos

2153 3992 2494 4065 vicariosque
2522 3996 2791 4066 prmsedit,
2835 4005 2890 4052 et
2916 4004 3077 4067 prout
3101 3997 3429 4053 diversarum
3478 4000 3759 4055 haeresum

2156 4084 2459 4141 damnanda
2511 4089 2759 4157 exigebat
2815 4087 3131 4153 adversitas,
3163 4090 3411 4145 eamdem
3442 4090 3611 4146 ﬁdem
3643 4108 3761 4149 uno

2156 4175 2455 4245 eodemque
2482 4192 2642 4232 sensu
2683 4186 2843 4246 atque
2896 4179 3087 4247 spiritu
3114 4178 3455 4234 declarantes
3485 4181 3763 4238 latissime

2156 4269 2457 4324 ediderunt.
2481 4269 2617 4324 Hinc
2639 4278 2722 4324 est
2746 4270 2889 4339 quod
2914 4271 3052 4325 Deus
3070 4281 3255 4326 noster
3284 4280 3476 4327 contra
3499 4289 3763 4329 errorum

2155 4359 2461 4428 hujusmodi
2504 4359 2766 4415 feritatem
2805 4361 3076 4429 pastorale
3125 4363 3334 4418 cmlitus
3363 4366 3599 4420 armavit
3628 4366 3764 4420 offi-

2155 4451 2294 4506 cium
2326 4452 2467 4521 quod
2520 4452 2829 4505 beatissimo
2868 4451 3028 4507 Petro
3073 4455 3321 4523 apostolo
3354 4456 3491 4510 trina
3540 4473 3765 4527 praece-

2156 4544 2342 4614 ptione
2361 4543 2740 4598 commendans
2755 4542 2856 4597 ait:
2889 4544 3051 4599 Pasce
3070 4562 3185 4600 oves
3212 4563 3354 4602 mea:
3384 4548 3565 4619 (Joan.
3611 4553 3761 4618 xxi):

2158 4641 2213 4687 et
2245 4640 2391 4687 recte
2437 4633 2512 4686 illi
2557 4634 2945 4702 pascendarum
2974 4641 3058 4688 est
3085 4650 3212 4690 cura
3253 4639 3568 4703 commissa,
3599 4641 3766 4709 cujus

2159 4722 2281 4778 ﬁdei
2308 4723 2562 4790 praeclara
2583 4723 2847 4777 confessio
2868 4724 2963 4778 Dei
2984 4733 3065 4780 est
3078 4740 3174 4781 ore
3194 4726 3435 4783 laudata.
3450 4729 3711 4787 Conﬁten
3722 4734 3765 4788 ti

2159 4817 2302 4872 enim
2344 4815 2650 4868 salutariter
2690 4830 2753 4869 ac
2791 4816 3031 4870 dicenti:
3084 4816 3159 4870 Tu
3202 4836 3256 4872 es
3306 4818 3546 4876 Christus
3577 4823 3766 4880 Filius

2158 4907 2260 4962 Dei
2288 4906 2383 4959 vivi
2424 4904 2637 4975 (Matth.
2668 4905 2801 4973 χιιι),
2827 4909 3079 4975 perennis
3106 4910 3384 4967 beatitudo
3407 4916 3758 4985 rependitur,

2159 5007 2215 5053 et
2244 4996 2502 5051 columba:
2535 4994 2671 5050 ﬁlius
2717 4998 3000 5064 vocitatur,
3028 5007 3084 5054 et
3108 5002 3287 5059 claves
3316 5006 3468 5073 regni
3514 5008 3768 5067 caelestis

2158 5088 2370 5156 accipit.
2418 5085 2784 5155 lnterrogante
2812 5090 3075 5159 siquidem
3122 5093 3374 5162 Domino,
3407 5112 3573 5165 quem
3627 5116 3763 5157 eum

2155 5179 2531 5233 dicerentesse
2562 5176 2725 5230 ﬁlium
2753 5178 3004 5245 hominis,
3029 5182 3278 5237 eumdem
3306 5186 3485 5255 ipsum
3514 5188 3768 5245 hominis

2156 5282 2277 5322 esse
2321 5265 2524 5334 Deique
2573 5266 2766 5320 Filium
2796 5269 2893 5321 sub
2925 5271 3155 5325 mirabili
3186 5274 3640 5345 interrogationis
3670 5296 3769 5336 re-

2155 5356 2567 5429 sponsionisque
2594 5356 2857 5413 brevitate
2886 5360 3160 5418 confessus
3180 5373 3294 5419 est:
3324 5365 3402 5419 Tu
3426 5386 3483 5422 cs
3513 5369 3770 5428 Christus

2154 5449 2329 5505 Filius
2360 5446 2455 5501 Dei
2491 5449 2605 5503 vivi.
2637 5447 3022 5506 Sacratissimae
3071 5454 3275 5511 scilicet
3312 5461 3637 5529 mysterium
3670 5463 3767 5518 in-

2155 5538 2484 5599 carnationis
2516 5538 2633 5608 ejus
2659 5542 2924 5611 aperiens,
2960 5543 3083 5597 dum
3115 5545 3169 5599 in
3215 5548 3425 5605 unitate
3475 5567 3764 5622 personas,

2154 5640 2368 5691 servata
2397 5632 2621 5697 gemina:
2647 5635 2976 5704 proprietate
3025 5646 3251 5703 naturae,
3282 5640 3450 5696 homo
3498 5644 3770 5715 idemque

2155 5728 2321 5788 Deus,
2352 5731 2407 5776 et
2451 5725 2592 5792 quod
2620 5740 2687 5779 ex
2716 5734 2887 5780 matre
2915 5741 3129 5797 semper
3164 5731 3373 5801 virgine
3422 5738 3659 5806 sumpsit
3706 5739 3769 5795 in

2156 5828 2423 5885 tempore,
2478 5822 2532 5870 et
2557 5815 2703 5885 quod
2730 5824 2886 5875 natus
2935 5833 3005 5877 ex
3032 5815 3197 5878 Patre
3242 5831 3332 5882 est
3379 5833 3511 5886 ante
3530 5829 3769 5899 mula.
