4018 6340
254 317 320 376 57
1466 309 1825 370 EPISTOLE
1863 309 1951 368 ET
1985 311 2324 372 DECRETA.
3457 319 3526 378 58

256 434 619 506 permaneret.
644 425 928 485 lnconfuse
970 431 1172 493 antem,
1201 430 1258 482 et
1282 421 1532 495 indivise,
1562 433 1726 496 atque
1754 427 1842 482 in-
1867 431 1922 493 Α
1945 429 2210 486 brevitate
2237 437 2532 500 narratam,
2561 429 2822 487 doctrinm
2846 432 3177 505 prophetica;
3203 441 3366 507 atque
3391 451 3522 510 apo-

256 523 682 583 convertibiliter
703 530 759 578 et
785 519 1256 577 subsistentialiter
1275 518 1468 575 uniens
1487 518 1590 574 sibi
1619 534 1840 576 carnem

255 619 396 674 Deus
416 616 652 673 Verbum
676 613 989 670 Emmanuel
1013 620 1196 669 noster
1217 612 1310 682 qui
1340 612 1458 681 lege
1487 620 1541 667 et
1561 613 1840 685 prophetis

255 711 695 768 annuntiantibus
721 709 1155 780 exspectabatur,
1187 705 1424 762 advenit.
1462 705 1686 760 Verbum
1717 723 1839 762 caro

252 808 445 878 factum
470 811 567 871 est,
591 813 640 857 et
661 799 906 856 habitavit
925 801 980 855 in
1007 799 1154 854 nobis
1180 797 1360 869 (Joan.
1377 798 1441 870 1):
1469 805 1615 854 totus
1634 798 1686 853 in
1707 799 1836 867 suis,

251 905 395 952 totus
449 896 505 950 in
555 895 779 962 nostris,
839 908 1118 948 assumens
1164 908 1231 948 ex
1260 892 1418 947 vulva
1460 907 1679 948 carnem
1718 909 1838 949 cum

251 990 428 1044 anima
479 985 732 1042 rationali
777 994 832 1040 et
862 983 1244 1040 intellectuali:
1293 991 1368 1053 et,
1396 984 1536 1039 sicut
1580 985 1842 1056 scriptum

251 1090 349 1148 est,
405 1080 678 1152 wdiﬁcans
733 1077 831 1135 sibi
871 1079 1100 1146 domum,
1134 1086 1384 1152 tanquam
1412 1097 1630 1151 sponsus
1658 1098 1834 1152 proce-

249 1176 375 1230 dens
401 1174 469 1228 de
491 1173 719 1228 thalamo
750 1190 842 1227 suo
891 1171 1060 1243 (Psal.
1101 1171 1273 1241 xvm),
1303 1171 1558 1228 ineffabili
1588 1173 1842 1228 salutari-

249 1280 350 1335 que
380 1264 678 1335 mysterio,
709 1262 799 1332 qui
824 1261 877 1316 in
912 1262 1177 1332 principio
1205 1272 1326 1316 erat
1346 1261 1603 1326 Verbum,
1631 1269 1688 1316 et
1717 1261 1845 1318 Ver-

247 1357 374 1413 bum
400 1365 519 1409 erat
547 1354 689 1426 apud
709 1353 900 1421 Deum,
925 1361 982 1408 et
1005 1353 1147 1408 Deus
1175 1361 1295 1408 erat
1315 1352 1572 1421 Verbum,
1596 1355 1844 1410 incarna-

249 1458 334 1504 tus
361 1447 508 1503 Deus
537 1447 634 1502 Dei
682 1446 850 1501 Filius
894 1460 962 1500 ex
1013 1443 1217 1515 Spiritu
1263 1453 1469 1512 sancto,
1501 1452 1557 1500 et
1585 1462 1655 1501 ex
1681 1446 1842 1502 beata
1890 1463 1895 1468 '

248 1537 415 1592 Maria
455 1552 672 1607 semper
720 1535 930 1606 virgine
953 1535 1302 1590 humanitatis
1349 1535 1580 1606 sumpsit
1607 1537 1841 1606 initium,

246 1640 307 1687 ut
353 1646 458 1686 nos
511 1630 829 1685 aeternitatis
865 1644 974 1684 sua:
1027 1627 1230 1684 faceret
1269 1628 1602 1696 cohaeredes,
1642 1638 1843 1686 nostrae

247 1740 479 1780 consors
523 1723 774 1794 dignatus
818 1731 902 1779 est
947 1737 1068 1779 esse
1114 1729 1347 1786 naturae,
1383 1730 1440 1776 ut
1466 1738 1566 1778 nos
1603 1738 1712 1778 suae
1742 1723 1842 1777 im-

1947 521 2152 596 stolicte
2189 530 2595 592 congruentem,
2620 525 3106 595 suprascriptorum
3127 525 3346 584 Patrum
3369 528 3530 587 latius

1947 613 2256 684 explanavit
2281 615 2506 670 assertio
2530 631 2544 682 ;
2573 629 2716 684 cum,
2759 615 2898 672 sicut
2916 615 3168 685 diximus,
3194 627 3289 676 aut
3315 621 3531 678 haereti-

1949 722 2133 763 corum
2165 707 2528 763 infestantium
2552 710 2962 765 convinceretur
2985 710 3299 778 adversitas,
3331 722 3424 769 aut
3444 729 3530 770 re-

1947 808 2158 855 ctorum
2180 801 2491 870 dogmatum
2512 800 2805 857 efﬁcaciter
2829 801 3195 858 declararetur
3214 805 3529 860 auctoritas.

1948 895 2097 952 Hanc
2125 910 2340 966 quoque
2367 895 2522 950 ﬁdem
2553 895 2895 967 prmfatarum
2922 907 3154 967 quatuor
3180 899 3529 970 synodorum,

1945 987 2041 1042 sed
2069 995 2125 1042 et
2147 986 2431 1042 beatorum
2473 986 2817 1044 decessorum
2847 997 3155 1045 nostrorum
3197 991 3439 1062 epistolis
3465 992 3533 1048 de

1945 1075 2070 1132 ﬁdei
2098 1077 2406 1146 integritate
2455 1079 2795 1152 conscriptis,
2836 1081 3079 1136 continet
3102 1082 3369 1138 laudanda
3397 1098 3528 1138 con-

1945 1167 2126 1236 fessio,
2178 1185 2298 1240 quae
2339 1170 2598 1226 doctrina:
2628 1171 2773 1228 sedis
2808 1173 2966 1244 primi
3015 1175 3383 1246 apostolorum
3433 1190 3534 1248 per

1947 1262 2129 1317 omnia
2172 1263 2434 1334 probatur
2472 1263 2740 1330 assimilis,
2772 1273 2828 1320 et
2866 1266 3012 1320 nulla
3040 1281 3107 1322 ex
3144 1277 3298 1339 parte
3325 1267 3534 1324 discor-

1946 1355 2099 1410 dans.
2149 1350 2288 1410 Huic
2313 1369 2443 1425 ergo
2471 1355 2595 1410 ﬁdei
2625 1356 2711 1410 vel
2751 1358 3002 1413 omnibus
3043 1374 3164 1429 quas
3206 1360 3261 1415 in
3290 1360 3534 1431 supradi-

1947 1445 2049 1501 ctis
2077 1453 2310 1515 quatuor
2337 1447 2580 1502 conciliis
2609 1462 2640 1502 a
2667 1449 2867 1504 sanctis
2895 1448 3144 1506 Patribus
3173 1453 3370 1507 nostris
3399 1451 3533 1508 deli-

1947 1537 2057 1592 nita
2084 1549 2209 1595 sunt
2257 1539 2710 1605 contradicentes,
2753 1540 3039 1598 hmreticos
3078 1543 3532 1612 condemnamus;

1946 1629 1998 1685 id
2027 1641 2112 1686 est
2139 1631 2345 1696 Arium,
2377 1631 2772 1702 Macedonium,
2798 1630 3138 1702 Eunomium,
3162 1650 3285 1690 cum
3314 1635 3536 1704 dogma-

1949 1721 2094 1778 tibus
2118 1722 2248 1787 suis,
2280 1729 2335 1776 et
2364 1736 2550 1776 omnes
2579 1721 2671 1791 qui
2717 1723 2890 1777 errori
2918 1738 3105 1779 eorum
3143 1732 3537 1781 consenserunt

244 1816 596 1872 mortalitatis
645 1814 848 1870 faceret
901 1830 1020 1870 esse
1068 1815 1396 1885 participes:
1438 1829 1643 1884 pauper
1670 1813 1843 1870 factus
1874 1830 1920 1890 Β
1950 1821 2114 1882 atque
2152 1812 2514 1868 consentiunt.
2572 1812 3100 1869 Anathematizamus
3119 1815 3280 1870 etiam
3309 1814 3534 1869 Paulum

243 1919 348 1980 est,
371 1927 489 1964 cum
513 1921 646 1965 esset
668 1911 827 1976 dives,
859 1917 914 1964 ut
943 1910 1056 1981 ejus
1085 1910 1264 1979 inepia
1289 1908 1576 1962 ditaremur
1602 1905 1690 1978 (II
1719 1906 1839 1962 Cor.

241 2004 355 2074 vm)
379 2023 394 2058 :
422 2004 605 2058 omnia
624 2018 746 2073 qua:
783 2011 970 2058 nostra
997 2010 1123 2057 sunt
1158 2007 1422 2057 evacuato
1453 2015 1717 2054 noxarum
1739 2015 1841 2054 no-

240 2106 484 2151 strarum
513 2096 870 2166 chirographo
899 2093 1244 2160 condonavit,
1266 2092 1405 2147 sicut
1434 2090 1539 2145 Vas
1561 2090 1843 2146 electionis

239 2191 468 2246 edocuit
493 2209 507 2244 :
540 2190 662 2245 Cum
692 2191 747 2244 in
776 2192 948 2262 forma
986 2188 1085 2243 Dei
1112 2195 1266 2254 esset,
1296 2202 1400 2241 non
1431 2187 1670 2256 rapinam
1701 2186 1841 2241 arbi-

241 2292 414 2337 tratus
427 2291 632 2337 estesse
651 2299 705 2337 se
733 2282 980 2353 aequalem
1003 2279 1134 2345 Deo,
1155 2279 1244 2334 sed
1259 2278 1584 2348 semetipsum
1602 2278 1842 2332 exinani-

236 2374 334 2440 uit,
366 2377 590 2444 formam
611 2375 741 2428 servi
770 2373 1048 2442 accipiens,
1072 2373 1126 2425 in
1153 2371 1546 2425 similitudinem
1576 2369 1842 2422 hominum

234 2468 415 2537 factus
443 2477 492 2520 et
521 2466 697 2520 habitu
744 2468 980 2520 inventus
1003 2472 1061 2517 ut
1081 2464 1253 2518 homo.
1286 2461 1596 2516 Humiliavit
1618 2478 1691 2528 se,
1724 2462 1841 2532 fac-

235 2569 323 2613 tus
354 2559 601 2614 obediens
641 2576 800 2630 usque
827 2560 896 2613 ad
926 2567 1182 2624 mortem;
1214 2565 1430 2611 mortem
1477 2564 1649 2610 autem
1674 2554 1842 2610 crucis

231 2653 467 2726 (Philip.
500 2654 580 2723 ιι).
606 2652 664 2708 1d
695 2665 957 2724 peragens
985 2661 1094 2707 tam
1122 2649 1489 2706 inscrutabilis
1515 2647 1757 2722 mysterii
1787 2653 1844 2703 et

227 2744 662 2814 dispensationis
701 2758 925 2813 arcano,
947 2749 1005 2797 ut
1049 2740 1317 2797 mediator
1339 2739 1435 2795 Dei
1478 2746 1534 2794 et
1560 2737 1840 2793 hominum

226 2837 409 2891 homo
462 2834 709 2890 Christus
735 2833 891 2889 Jesus
938 2832 1257 2900 maledicto,
1288 2845 1397 2901 quo
1447 2830 1650 2900 primus
1674 2829 1840 2884 homo

226 2937 494 2983 terrenus
520 2926 710 2981 mortis
746 2925 978 2980 vinculis
1031 2924 1314 2980 tenebatur
1341 2921 1611 2985 astrictus,
1641 2933 1840 2973 secun-

221 3020 338 3074 dus
369 3019 537 3073 homo
585 3017 823 3073 caelestis
853 3016 906 3088 (1
938 3015 1062 3070 Cor.
1094 3017 1206 3084 xv),
1239 3014 1364 3068 dum
1401 3021 1633 3067 mortem
1663 3016 1842 3065 morte

219 3112 503 3176 calcaret,
533 3110 857 3163 absolveret.
901 3107 1099 3161 Passus
1127 3119 1291 3160 carne
1319 3112 1402 3159 est
1432 3118 1530 3174 pro
1561 3101 1715 3157 nobis
1744 3100 1852 3156 Dei'

1949 1902 2382 1970 Samosatennm,
2421 1903 2737 1970 Pbotinum,
2775 1904 3079 1985 .Bonosum
3135 1915 3297 1977 atque
3341 1905 3534 1962 Nesto-

1949 1997 2110 2062 rium,
2135 2013 2256 2051 cum
2283 1995 2770 2052 nefariisdoctrinis
2791 1999 2994 2066 suis,et
3017 1998 3326 2069 quicunque
3349 2012 3538 2054 eorum

1947 2086 2293 2157 blasphemiis
2321 2085 2563 2156 przebent
2605 2096 2698 2140 aut
2730 2088 3075 2156 przebuerunt
3095 2087 3380 2159 aliquando
3401 2103 3537 2144 oon-

1946 2194 2184 2234 sensum.
2242 2177 2375 2232 Item
2420 2176 2940 2232 anathematizamus
2965 2177 3332 2247 Valentinum,
3369 2178 3538 2234 Mani-

1947 2269 2195 2336 chaaum,
2252 2266 2618 2341 Apollinarem
2667 2275 2830 2338 atque
2892 2265 3220 2340 Eutychem,
3271 2268 3538 2336 simulque

1946 2363 2262 2419 Dioscorum
2292 2361 2650 2428 defensorem,
2675 2377 2796 2417 cum
2819 2360 3242 2432 exsecrabilibus
3261 2376 3538 2418 commen-

1947 2457 2016 2512 tis
2053 2465 2109 2512 et
2157 2454 2630 2527 praedicationibus
2676 2453 2806 2520 suis,
2836 2460 2892 2508 et
2937 2467 3128 2508 omnes
3148 2452 3239 2522 qui
3262 2450 3536 2507 erroribus

1945 2564 2134 2604 eorum
2157 2561 2327 2618 usque
2349 2547 2402 2601 in
2433 2545 2521 2600 die
2544 2545 2737 2600 mortis
2760 2559 2872 2600 suae
2910 2543 3170 2615 implicati
3197 2549 3532 2598 manserunt.

1943 2639 2052 2696 Sed
2075 2640 2119 2695 si
2147 2654 2283 2709 quos
2307 2638 2594 2693 haereticos
2620 2635 2943 2692 nominatim
2964 2635 3260 2701 omisimus,
3275 2634 3328 2688 in
3352 2632 3533 2702 cujus-

1945 2732 2290 2790 libeterroris
2310 2732 2500 2787 morbo
2519 2730 2782 2802 pollutos,
2797 2738 2854 2784 et
2876 2744 3046 2800 usque
3068 2729 3137 2784 ad
3157 2743 3312 2784 suum
3327 2727 3530 2784 exitum

1943 2833 2348 2898 permanentes,
2378 2839 2500 2880 cum
2527 2823 2760 2894 propriis
2788 2822 3066 2878 erroribus
3088 2820 3531 2886 condemnamus,

1946 2919 2228 2988 abjicimus
2264 2925 2428 2985 atque
2449 2916 2782 2985 respnimus:
2809 2915 2981 2970 solam
3005 2914 3163 2970 ﬁdem
3188 2914 3531 2980 catholicam,

1945 3027 2109 3083 quam
2149 3011 2203 3064 in
2247 3009 2626 3080 suprascriptis
2671 3018 2904 3077 quatuor
2945 3010 3148 3064 sanctis
3195 3010 3436 3065 conciliis
3467 3011 3534 3065 ab

1949 3103 2210 3175 apostolis
2239 3100 2491 3156 traditam
2539 3108 2914 3170 susceperunt,
2945 3107 3000 3156 et
3046 3100 3157 3156 suis
3184 3101 3536 3172 expositioni-

219 3203 324 3260 Fili
337 3218 436 3264 us,
470 3199 759 3256 cruciﬁxus
789 3213 950 3255 carne
1000 3205 1103 3264 est,
1135 3203 1382 3269 mortuus
1437 3210 1601 3250 carne
1649 3201 1751 3257 est,
1784 3199 1842 3248 et
1867 3213 1910 3274 ο
1945 3198 2048 3254 bus
2071 3195 2395 3251 declaratam
2422 3209 2520 3264 per
2537 3208 2879 3250 successores
2908 3207 3037 3249 suos
3062 3208 3232 3264 usque
3256 3193 3325 3249 ad
3347 3202 3534 3250 nostra

219 3293 300 3349 die
351 3290 526 3347 tertio
574 3289 888 3354 resurrexit,
923 3297 983 3343 ut
1037 3287 1216 3343 divina
1260 3285 1575 3358 impassibili
1620 3299 1834 3356 perma-

219 3391 405 3439 nente
463 3389 658 3436 natura
687 3422 704 3449 ,
759 3388 815 3436 et
855 3379 1034 3436 carnis
1085 3387 1284 3434 nostrae
1321 3378 1549 3434 veritate
1599 3383 1834 3446 servata,

221 3479 314 3533 mi
331 3492 399 3530 us
424 3472 776 3544 ejusdemque
813 3471 1024 3528 Domini
1053 3470 1149 3527 Dei
1178 3471 1348 3527 nostri
1398 3470 1525 3527 Jesu
1554 3469 1754 3526 Christi
1781 3475 1837 3525 et

221 3565 526 3639 passiones
554 3571 610 3619 et
648 3562 906 3618 miracula
938 3561 1220 3618 fateamur.
1273 3559 1346 3616 Ut
1391 3559 1834 3631 gloriﬁcationem

226 3655 437 3728 capitis
465 3652 636 3708 nostri
665 3653 828 3708 totius
856 3651 1111 3708 Ecclesiae
1139 3667 1337 3722 corpus
1379 3650 1668 3722 aSpiciens,
1698 3665 1836 3720 qna-

227 3746 305 3802 lcs
351 3743 617 3814 primitias
646 3743 700 3798 in
740 3743 918 3814 capite
945 3751 1152 3810 nostro,
1202 3741 1256 3798 id
1285 3750 1369 3798 est
1405 3742 1458 3796 in
1485 3739 1702 3807 Christo
1726 3741 1840 3800 Deo

231 3852 295 3893 ac
321 3835 590 3902 Domino,
621 3835 922 3891 intueretur
949 3850 1016 3890 ex
1062 3835 1308 3901 mortuis,
1351 3834 1484 3890 tales
1523 3835 1579 3890 in
1625 3835 1708 3892 his
1745 3835 1840 3905 qui

233 3930 361 4000 ejus
388 3929 635 3985 membra
665 3937 791 3984 sunt
835 3928 890 3983 in
919 3927 1109 3984 futurae
1137 3928 1321 3998 gloriae
1360 3929 1701 3998 prmstolelur
1745 3929 1842 3984 ad-

234 4035 488 4081 ventum.
548 4022 670 4094 lpse
718 4022 881 4093 igitur
937 4021 1272 4092 Redemptor
1320 4030 1504 4077 noster
1572 4020 1726 4077 sedet
1772 4019 1841 4076 ad

239 4115 531 4172 dexteram
564 4112 756 4180 Patris,
787 4129 930 4169 unus
950 4113 1199 4181 idemque
1219 4112 1334 4167 sine
1361 4109 1678 4167 confusione
1704 4109 1840 4165 utri-

239 4223 416 4279 usque
449 4213 676 4272 naturae,
705 4205 823 4262 sine
850 4204 1113 4260 divisione
1154 4217 1420 4273 personae,
1453 4210 1509 4258 et
1537 4217 1604 4257 ex
1632 4200 1842 4257 duabus

241 4307 408 4370 atque
431 4298 488 4352 in
509 4296 719 4352 duabus
745 4295 980 4351 creditus
1001 4307 1432 4364 permanensque
1451 4292 1679 4359 naturis,
1709 4291 1837 4348 inde

241 4398 510 4446 venturus
547 4388 789 4460 judicare
835 4387 988 4442 vivos
1043 4395 1099 4442 et
1153 4395 1418 4442 mortuos.
1473 4385 1635 4440 Pater
1659 4392 1841 4441 autem

243 4496 366 4538 cum
395 4481 593 4536 eodem
641 4478 916 4549 unigenito
944 4478 1100 4544 Filio,
1129 4486 1184 4533 et
1210 4477 1414 4549 Spiritu
1460 4485 1669 4542 sancto,
1702 4491 1841 4531 unus

1947 3299 2192 3360 tempora
2218 3285 2632 3342 transmiserunt
2650 3284 3050 3356 inviolabiliter,
3078 3294 3337 3357 operante
3362 3286 3535 3355 gratia

1946 3380 2182 3446 Domini,
2207 3377 2561 3434 custodimus.
2591 3374 2662 3432 Et
2710 3377 2964 3447 quoniam
2995 3377 3174 3433 nullus
3199 3375 3538 3434 Christiano-

1945 3490 2066 3530 rum
2095 3487 2268 3544 usque
2295 3472 2365 3528 ad
2418 3478 2740 3542 praesentem
2768 3468 2910 3526 diem
2939 3478 3210 3542 gestarum
3237 3485 3418 3526 rerum
3447 3469 3534 3527 in-

1945 3576 2151 3625 certam
2174 3565 2338 3621 debet
2364 3565 2569 3621 habere
2598 3564 2868 3632 notitiam,
2897 3564 3060 3622 etiam
3088 3579 3208 3636 quae
3227 3573 3353 3637 post
3375 3572 3535 3621 tanta

1945 3657 2223 3715 relationis
2246 3657 2678 3729 supplementum
2702 3655 2843 3712 facta
2866 3663 2991 3713 sunt
3011 3656 3170 3712 simili
3187 3656 3383 3712 rationi
3411 3671 3535 3712 nar-

1944 3764 2149 3807 ramus.
2206 3747 2343 3802 Dum
2393 3747 2651 3803 hesterna
2697 3746 2785 3802 die
2816 3756 2865 3814 ι,
2905 3746 2960 3803 id
2989 3755 3074 3804 est
3116 3745 3532 3815 dominicorum,

1947 3843 2038 3913 qui
2067 3840 2167 3896 fuit
2194 3839 2367 3910 pridie
2393 3853 2566 3895 nonas
2605 3837 2948 3906 Februarias,
2977 3837 3294 3908 magniﬁcus
3321 3839 3406 3895 vir
3427 3838 3530 3896 Pe-

1946 3941 2062 3990 trus
2087 3930 2483 3988 referendarius
2511 3930 2579 3986 ad
2607 3947 2705 3987 nos
2735 3945 2856 3986 cum
2885 3930 3153 3986 mandatis
3177 3929 3536 3986 clementissi-

1945 4028 2021 4084 mi
2056 4026 2316 4098 principis
2380 4033 2698 4094 remeasset,
2743 4025 2928 4081 dicens
2957 4042 2972 4078 :
3018 4023 3246 4091 Quando
3276 4023 3435 4078 vultis
3472 4027 3533 4076 ut

1947 4121 2168 4178 veniant
2182 4120 2414 4192 judices,
2439 4127 2495 4175 et
2519 4119 2675 4175 vobis
2704 4118 2981 4189 prmbeant
3007 4123 3363 4180 sacramenta,
3395 4127 3532 4182 qua-

1946 4219 2105 4268 tenus
2126 4211 2194 4267 de
2219 4211 2340 4277 hac,
2375 4210 2427 4264 in
2448 4224 2555 4278 qua
2577 4207 2844 4271 residetis,
2877 4206 3102 4262 ecclesia
3130 4205 3313 4276 egredi
3333 4204 3533 4260 debea-

1948 4304 2035 4371 tis,
2059 4311 2116 4359 et
2138 4302 2317 4358 securi
2341 4298 2406 4353 ad
2429 4300 2632 4368 regiam
2655 4297 2928 4352 civitatem
2954 4297 3238 4353 remeare?
3266 4297 3340 4352 ita
3365 4296 3415 4352 ei
3435 4311 3537 4368 pu-

1943 4393 2085 4449 blica
2113 4407 2249 4447 voce
2273 4385 2682 4458 respondimus:
2703 4384 2773 4442 Et
2795 4401 2893 4458 per
2918 4388 3184 4459 gloriosos
3202 4387 3413 4459 judices
3440 4401 3536 4458 pa-

1949 4483 2084 4546 latii,
2117 4481 2256 4536 sicut
2283 4477 2490 4552 praelati
2527 4494 2732 4547 sumus,
2762 4495 2886 4535 cum
2913 4480 3108 4550 quibus
3132 4489 3190 4536 et
3215 4488 3304 4535 tua
3329 4480 3537 4550 magni-

246 4584 330 4630 est
357 4575 417 4630 in
445 4573 669 4641 deitate,
711 4579 765 4628 et
791 4571 1013 4642 aequalis
1040 4571 1449 4638 indiscretteque
1479 4578 1701 4623 naturae.
1732 4566 1844 4622 Hu-
1875 4600 1925 4660 ο
1951 4573 2083 4630 tudo
2114 4573 2182 4628 ad
2211 4571 2467 4628 Sanctam
2495 4569 2851 4642 Euphemiam
2877 4580 3117 4638 venerat,
3145 4585 3266 4642 qua:
3293 4572 3537 4643 superius

240 4666 332 4736 jus
359 4665 487 4720 ﬁdei
509 4663 901 4736 plenitudinem
927 4663 1187 4719 Dominus
1213 4669 1396 4716 noster
1424 4668 1548 4731 post
1571 4675 1843 4716 resurrec-

247 4757 457 4812 tionem
483 4756 758 4811 mandavit
777 4754 1062 4826 apostolis,
1083 4753 1298 4808 dicens:
1334 4750 1434 4818 Ite,
1467 4753 1643 4807 docete
1666 4769 1843 4808 omnes

247 4860 458 4924 gentes,
484 4851 812 4924 baptizantes
847 4866 934 4905 eos
972 4850 1029 4902 in
1053 4849 1259 4903 nomine
1286 4846 1492 4913 Patris,
1525 4853 1574 4901 et
1611 4845 1762 4909 Filii,
1793 4855 1844 4901 et

250 4944 482 5016 Spiritus
539 4946 708 5000 sancti
751 4943 966 5014 (Matth.
1013 4942 1186 5012 xvm).
1236 4940 1302 4996 In
1349 4943 1585 5008 nomine,
1635 4941 1838 5011 inquit,

249 5040 401 5108 dixit,
426 5058 538 5096 non
566 5042 622 5096 in
651 5041 986 5107 nominibus;
1017 5047 1078 5094 ut
1107 5040 1158 5094 in
1183 5039 1377 5109 quibus
1408 5054 1512 5093 una
1533 5039 1841 5105 virtus,una

250 5143 512 5203 potestas,
543 5150 652 5189 una
674 5134 870 5199 deitas,
899 5148 1008 5188 una
1045 5132 1337 5198 aeternitas,
1367 5147 1472 5187 una
1512 5132 1704 5202 gloria,
1733 5145 1842 5186 una

251 5227 664 5297 omnipotentis,
691 5241 795 5281 una
841 5225 1136 5290 beatitudo,
1169 5240 1274 5280 una
1304 5225 1548 5296 operatio
1575 5232 1677 5290 est,
1705 5239 1845 5279 una-

252 5335 355 5390 que
377 5329 595 5388 natura,
626 5321 786 5376 unius
811 5333 1028 5390 quoque
1053 5317 1284 5374 nominis
1310 5317 1509 5374 existat
1540 5316 1838 5386 integritas.

253 5411 392 5468 Nihil
439 5416 494 5469 in
523 5413 728 5470 deitate
755 5412 958 5482 quippe
1005 5411 1299 5466 discretum
1347 5417 1448 5475 est,
1480 5423 1602 5463 cum
1633 5413 1840 5462 tantum

251 5518 604 5574 personarum
634 5503 938 5574 proprietas
965 5499 1246 5555 manifesta
1276 5498 1617 5554 distinctione
1660 5498 1841 5565 signe-

255 5604 360 5650 tur.
387 5595 582 5652 Totum
606 5611 737 5667 ergo
765 5595 908 5665 quod
932 5593 1166 5649 Trinitas
1193 5601 1276 5648 est
1303 5599 1585 5664 permanet
1613 5591 1845 5647 consub-

254 5691 520 5748 Slallllalls
543 5700 600 5746 et
619 5690 905 5746 indiscreta
925 5688 1192 5745 divinitas.
1217 5685 1369 5744 Hanc
1388 5685 1551 5743 ﬁdem
1579 5701 1610 5741 a
1635 5700 1723 5742 me
1741 5684 1841 5743 sub

331 5825 424 5934 :5
445 5877 604 5934 Febr.
633 5889 776 5933 anno
803 5873 927 5931 552.

1951 4674 2078 4723 sunt
2099 4663 2244 4722 dicta
2265 4663 2730 4734 mandavimus,et
2743 4679 2885 4720 nunc
2905 4679 3004 4735 per
3030 4673 3085 4720 te
3111 4663 3288 4720 denuo
3299 4664 3538 4719 clemen-

1953 4760 2158 4815 tissimo
2214 4758 2445 4829 principi
2487 4758 2600 4813 haec
2645 4757 2873 4813 dicimus
2915 4759 3269 4826 suggerenda.
3315 4755 3425 4812 Nos
3469 4755 3538 4812 ad

1949 4853 2205 4924 pietatem
2237 4859 2386 4906 tuam
2441 4849 2756 4907 lestinantes
2797 4857 2922 4906 ante
2964 4859 3171 4922 septem
3221 4847 3440 4906 annos”
3469 4847 3539 4905 de

1951 4947 2168 5002 civitate
2195 4955 2382 5001 nostra
2408 4945 2489 5002 sic
2515 4945 2713 5016 egressi
2737 4959 2941 5012 sumus,
2966 4951 3027 5000 ut
3048 4943 3192 5000 nulla
3213 4943 3540 5000 haberemus

1951 5039 2158 5110 privata
2186 5039 2422 5109 negotia.
2451 5038 2603 5095 Nunc
2631 5054 2848 5108 quoque
2900 5039 3235 5110 suggerimus
3272 5046 3328 5094 et
3379 5049 3540 5106 roga-

1951 5147 2071 5187 mus
2099 5147 2199 5203 pro
2229 5148 2381 5204 pace,
2406 5148 2567 5202 quam
2589 5147 2686 5203 per
2707 5133 2964 5203 pietatem
2989 5143 3135 5189 tuam
3164 5133 3370 5204 pridem
3397 5131 3538 5188 Deus

1951 5223 2174 5279 donavit
2200 5223 2475 5293 Ecclesiae,
2509 5233 2567 5279 ut
2589 5240 2708 5280 eam
2735 5226 3006 5282 nullorum
3032 5226 3304 5283 hominum
3333 5223 3539 5282 turbari

1952 5317 2185 5389 amplius
2210 5316 2574 5373 insinuatione
2625 5319 2908 5389 permittas
2935 5334 3037 5375 nec
3069 5327 3340 5374 auctorem
3372 5318 3538 5376 totius

1952 5410 2192 5466 scandali
2217 5409 2562 5467 Theodorum
2600 5411 2743 5467 ultra
2769 5427 2972 5468 vexare
3017 5410 3176 5465 ﬁdem
3217 5409 3539 5468 catholicam

1950 5504 2202 5575 patiaris:
2234 5503 2489 5573 quoniam
2518 5512 2643 5559 ante
2663 5519 2758 5560 sex
2778 5518 2993 5559 menses
3019 5517 3048 5556 a
3070 5501 3226 5558 nobis
3245 5502 3388 5559 inter
3403 5503 3540 5560 alios

1952 5596 2336 5652 communione
2356 5611 2509 5651 sacra
2530 5597 2770 5668 privatus
2795 5603 2896 5663 est,
2928 5603 2984 5650 et
3011 5595 3078 5650 ab
3101 5594 3414 5668 episcopatu
3434 5609 3535 5667 pro

1950 5705 2047 5748 sua
2076 5691 2343 5763 pravitate
2369 5689 2683 5762 depositus:
2715 5704 2814 5761 per
2840 5703 2962 5745 eam
2986 5688 3239 5748 videlicet
3264 5690 3534 5764 paginam,

2025 5869 2056 5911 δ
2086 5869 2183 5927 Die
2207 5866 2280 5925 22
2304 5866 2564 5926 Novemb.
2595 5881 2738 5924 anno
2770 5864 2892 5924 διε).
