  <div class='ocr_page' id='page_1' title='image "/cluster/home/n/w/nwhite01/storage/ocr_20150623/69/hvd.32044015469349/035.png"; bbox 0 0 4042 6466; ppageno 0'>
   <div class='ocr_carea' id='block_1_1' title="bbox 515 317 3802 441">
    <p class='ocr_par' dir='ltr' id='par_1_1' title="bbox 515 317 3802 441">
     <span class='ocr_line' id='line_1_1' title="bbox 515 317 3802 441; baseline -0.009 -16"><span class='ocrx_word' id='word_1_1' title='bbox 515 357 586 426; x_wconf 73' lang='lat'><strong>39</strong></span> <span class='ocrx_word' id='word_1_2' title='bbox 1929 331 2170 441; x_wconf 76' lang='lat' dir='ltr'><strong>victm</strong></span> <span class='ocrx_word' id='word_1_3' title='bbox 2209 349 2410 407; x_wconf 66' lang='lat' dir='ltr'><strong>PAPIE</strong></span> <span class='ocrx_word' id='word_1_4' title='bbox 3729 317 3802 406; x_wconf 65' lang='lat' dir='ltr'><strong>eo</strong></span> 
     </span>
    </p>
   </div>
   <div class='ocr_carea' id='block_1_2' title="bbox 515 449 3798 554">
    <p class='ocr_par' dir='ltr' id='par_1_2' title="bbox 515 449 3798 554">
     <span class='ocr_line' id='line_1_2' title="bbox 515 449 3798 554; baseline -0.005 -16"><span class='ocrx_word' id='word_1_5' title='bbox 515 493 676 554; x_wconf 89' lang='lat' dir='ltr'><strong>quam</strong></span> <span class='ocrx_word' id='word_1_6' title='bbox 705 475 874 534; x_wconf 81' lang='lat' dir='ltr'><strong>adhuc</strong></span> <span class='ocrx_word' id='word_1_7' title='bbox 893 491 992 549; x_wconf 91' lang='lat' dir='ltr'><strong>pro</strong></span> <span class='ocrx_word' id='word_1_8' title='bbox 1016 475 1440 534; x_wconf 78' lang='lat' dir='ltr'><strong>mansuetudinis</strong></span> <span class='ocrx_word' id='word_1_9' title='bbox 1461 483 1654 530; x_wconf 86' lang='lat' dir='ltr'><strong>vestrae</strong></span> <span class='ocrx_word' id='word_1_10' title='bbox 1677 471 1895 532; x_wconf 85' lang='lat' dir='ltr'><strong>intuitu,</strong></span> <span class='ocrx_word' id='word_1_11' title='bbox 1921 477 1976 524; x_wconf 92' lang='lat' dir='ltr'><strong>et</strong></span> <span class='ocrx_word' id='word_1_12' title='bbox 2002 481 2102 538; x_wconf 87' lang='lat' dir='ltr'><strong>spe</strong></span> <span class='ocrx_word' id='word_1_13' title='bbox 2131 474 2180 532; x_wconf 75' lang='grc' dir='ltr'>Α</span> <span class='ocrx_word' id='word_1_14' title='bbox 2210 463 2470 537; x_wconf 87' lang='lat' dir='ltr'><strong>punitatis</strong></span> <span class='ocrx_word' id='word_1_15' title='bbox 2495 463 2696 534; x_wconf 77' lang='lat' dir='ltr'><strong>jugiter</strong></span> <span class='ocrx_word' id='word_1_16' title='bbox 2720 461 2834 519; x_wconf 86' lang='lat' dir='ltr'><strong>sine</strong></span> <span class='ocrx_word' id='word_1_17' title='bbox 2861 449 3204 538; x_wconf 84' lang='lat' dir='ltr'><strong>correptione</strong></span> <span class='ocrx_word' id='word_1_18' title='bbox 3228 469 3502 534; x_wconf 88' lang='lat' dir='ltr'><strong>peccetur.</strong></span> <span class='ocrx_word' id='word_1_19' title='bbox 3528 463 3798 532; x_wconf 82' lang='lat' dir='ltr'><strong>Quoniam</strong></span> 
     </span>
    </p>
   </div>
   <div class='ocr_carea' id='block_1_3' title="bbox 515 559 2101 642">
    <p class='ocr_par' dir='ltr' id='par_1_3' title="bbox 515 559 2101 642">
     <span class='ocr_line' id='line_1_3' title="bbox 515 559 2101 642; baseline -0.013 -9"><span class='ocrx_word' id='word_1_20' title='bbox 515 571 882 633; x_wconf 82' lang='lat' dir='ltr'><strong>conversionis</strong></span> <span class='ocrx_word' id='word_1_21' title='bbox 911 571 1046 642; x_wconf 85' lang='lat' dir='ltr'><strong>ejus,</strong></span> <span class='ocrx_word' id='word_1_22' title='bbox 1091 571 1230 626; x_wconf 87' lang='lat' dir='ltr'><strong>sicut</strong></span> <span class='ocrx_word' id='word_1_23' title='bbox 1257 571 1456 626; x_wconf 88' lang='lat' dir='ltr'><strong>dictum</strong></span> <span class='ocrx_word' id='word_1_24' title='bbox 1491 575 1592 633; x_wconf 91' lang='lat' dir='ltr'><strong>est,</strong></span> <span class='ocrx_word' id='word_1_25' title='bbox 1619 564 1831 636; x_wconf 82' lang='lat' dir='ltr'><strong>publice</strong></span> <span class='ocrx_word' id='word_1_26' title='bbox 1857 559 2101 633; x_wconf 87' lang='lat' dir='ltr'><strong>proferre</strong></span> 
     </span>
    </p>
   </div>
   <div class='ocr_carea' id='block_1_4' title="bbox 513 651 2102 732">
    <p class='ocr_par' dir='ltr' id='par_1_4' title="bbox 513 651 2102 732">
     <span class='ocr_line' id='line_1_4' title="bbox 513 651 2102 732; baseline -0.013 -9"><span class='ocrx_word' id='word_1_27' title='bbox 513 665 836 724; x_wconf 89' lang='lat' dir='ltr'><strong>distulimus.</strong></span> <span class='ocrx_word' id='word_1_28' title='bbox 867 663 1002 718; x_wconf 90' lang='lat' dir='ltr'><strong>lllud</strong></span> <span class='ocrx_word' id='word_1_29' title='bbox 1025 663 1186 719; x_wconf 88' lang='lat' dir='ltr'><strong>etiam</strong></span> <span class='ocrx_word' id='word_1_30' title='bbox 1219 661 1334 732; x_wconf 88' lang='lat' dir='ltr'><strong>pari</strong></span> <span class='ocrx_word' id='word_1_31' title='bbox 1365 657 1526 714; x_wconf 89' lang='lat' dir='ltr'><strong>modo</strong></span> <span class='ocrx_word' id='word_1_32' title='bbox 1555 673 1652 728; x_wconf 91' lang='lat' dir='ltr'><strong>per</strong></span> <span class='ocrx_word' id='word_1_33' title='bbox 1675 651 2102 722; x_wconf 81' lang='lat' dir='ltr'><strong>magnitudinem</strong></span> 
     </span>
    </p>
   </div>
   <div class='ocr_carea' id='block_1_5' title="bbox 515 741 2103 828">
    <p class='ocr_par' dir='ltr' id='par_1_5' title="bbox 515 741 2103 828">
     <span class='ocr_line' id='line_1_5' title="bbox 515 741 2103 828; baseline -0.01 -15"><span class='ocrx_word' id='word_1_34' title='bbox 515 767 658 813; x_wconf 91' lang='lat' dir='ltr'><strong>tuam</strong></span> <span class='ocrx_word' id='word_1_35' title='bbox 690 757 806 828; x_wconf 83' lang='lat' dir='ltr'><strong>ejus</strong></span> <span class='ocrx_word' id='word_1_36' title='bbox 830 755 1048 810; x_wconf 87' lang='lat' dir='ltr'><strong>auribus</strong></span> <span class='ocrx_word' id='word_1_37' title='bbox 1077 755 1402 816; x_wconf 88' lang='lat' dir='ltr'><strong>intimamus,</strong></span> <span class='ocrx_word' id='word_1_38' title='bbox 1419 749 1542 820; x_wconf 89' lang='lat' dir='ltr'><strong>quia</strong></span> <span class='ocrx_word' id='word_1_39' title='bbox 1573 750 1639 804; x_wconf 88' lang='lat' dir='ltr'><strong>de</strong></span> <span class='ocrx_word' id='word_1_40' title='bbox 1660 763 1820 804; x_wconf 90' lang='lat' dir='ltr'><strong>causa</strong></span> <span class='ocrx_word' id='word_1_41' title='bbox 1847 741 2103 800; x_wconf 65' lang='lat' dir='ltr'><strong>Ecclesiae</strong></span> 
     </span>
    </p>
   </div>
   <div class='ocr_carea' id='block_1_6' title="bbox 509 835 2104 922">
    <p class='ocr_par' dir='ltr' id='par_1_6' title="bbox 509 835 2104 922">
     <span class='ocr_line' id='line_1_6' title="bbox 509 835 2104 922; baseline -0.012 -15"><span class='ocrx_word' id='word_1_42' title='bbox 509 867 609 922; x_wconf 89' lang='lat' dir='ltr'><strong>per</strong></span> <span class='ocrx_word' id='word_1_43' title='bbox 637 859 692 906; x_wconf 88' lang='lat' dir='ltr'><strong>te</strong></span> <span class='ocrx_word' id='word_1_44' title='bbox 723 849 929 904; x_wconf 88' lang='lat' dir='ltr'><strong>nullum</strong></span> <span class='ocrx_word' id='word_1_45' title='bbox 975 861 1262 917; x_wconf 85' lang='lat' dir='ltr'><strong>possumus</strong></span> <span class='ocrx_word' id='word_1_46' title='bbox 1309 843 1437 898; x_wconf 87' lang='lat' dir='ltr'><strong>dare</strong></span> <span class='ocrx_word' id='word_1_47' title='bbox 1487 853 1826 911; x_wconf 86' lang='lat' dir='ltr'><strong>responsum,</strong></span> <span class='ocrx_word' id='word_1_48' title='bbox 1873 835 1944 892; x_wconf 92' lang='lat' dir='ltr'><strong>ob</strong></span> <span class='ocrx_word' id='word_1_49' title='bbox 1999 835 2104 890; x_wconf 91' lang='lat' dir='ltr'><strong>hoc</strong></span> 
     </span>
    </p>
   </div>
   <div class='ocr_carea' id='block_1_7' title="bbox 507 925 2104 1012">
    <p class='ocr_par' dir='ltr' id='par_1_7' title="bbox 507 925 2104 1012">
     <span class='ocr_line' id='line_1_7' title="bbox 507 925 2104 1012; baseline -0.01 -16"><span class='ocrx_word' id='word_1_50' title='bbox 507 943 656 1012; x_wconf 86' lang='lat' dir='ltr'><strong>quod</strong></span> <span class='ocrx_word' id='word_1_51' title='bbox 679 940 942 1010; x_wconf 72' lang='lat' dir='ltr'><strong>quaedam,</strong></span> <span class='ocrx_word' id='word_1_52' title='bbox 993 953 1112 1008; x_wconf 70' lang='lat' dir='ltr'><strong>qua:</strong></span> <span class='ocrx_word' id='word_1_53' title='bbox 1143 937 1234 990; x_wconf 87' lang='lat' dir='ltr'><strong>tibi</strong></span> <span class='ocrx_word' id='word_1_54' title='bbox 1264 934 1492 988; x_wconf 81' lang='lat' dir='ltr'><strong>dicimus</strong></span> <span class='ocrx_word' id='word_1_55' title='bbox 1533 929 1828 986; x_wconf 90' lang='lat' dir='ltr'><strong>nuntianda</strong></span> <span class='ocrx_word' id='word_1_56' title='bbox 1855 926 1972 996; x_wconf 88' lang='lat' dir='ltr'><strong>ejus</strong></span> <span class='ocrx_word' id='word_1_57' title='bbox 1993 925 2104 980; x_wconf 86' lang='lat' dir='ltr'><strong>cle-</strong></span> 
     </span>
    </p>
   </div>
   <div class='ocr_carea' id='block_1_8' title="bbox 515 1015 2104 1101">
    <p class='ocr_par' dir='ltr' id='par_1_8' title="bbox 515 1015 2104 1101">
     <span class='ocr_line' id='line_1_8' title="bbox 515 1015 2104 1101; baseline -0.013 -11"><span class='ocrx_word' id='word_1_58' title='bbox 515 1034 752 1100; x_wconf 63' lang='lat' dir='ltr'><strong>mentiae,</strong></span> <span class='ocrx_word' id='word_1_59' title='bbox 783 1029 1047 1101; x_wconf 86' lang='lat' dir='ltr'><strong>proﬁteris</strong></span> <span class='ocrx_word' id='word_1_60' title='bbox 1073 1037 1126 1082; x_wconf 90' lang='lat' dir='ltr'><strong>te</strong></span> <span class='ocrx_word' id='word_1_61' title='bbox 1167 1043 1274 1082; x_wconf 92' lang='lat' dir='ltr'><strong>non</strong></span> <span class='ocrx_word' id='word_1_62' title='bbox 1305 1039 1464 1097; x_wconf 88' lang='lat' dir='ltr'><strong>posse</strong></span> <span class='ocrx_word' id='word_1_63' title='bbox 1487 1035 1794 1092; x_wconf 78' lang='lat' dir='ltr'><strong>suggerere.</strong></span> <span class='ocrx_word' id='word_1_64' title='bbox 1821 1017 1890 1072; x_wconf 87' lang='lat' dir='ltr'><strong>Et</strong></span> <span class='ocrx_word' id='word_1_65' title='bbox 1913 1017 2032 1071; x_wconf 89' lang='lat' dir='ltr'><strong>ideo</strong></span> <span class='ocrx_word' id='word_1_66' title='bbox 2057 1015 2104 1071; x_wconf 93' lang='lat' dir='ltr'><strong>si</strong></span> 
     </span>
    </p>
   </div>
   <div class='ocr_carea' id='block_1_9' title="bbox 513 1111 2106 1188">
    <p class='ocr_par' dir='ltr' id='par_1_9' title="bbox 513 1111 2106 1188">
     <span class='ocr_line' id='line_1_9' title="bbox 513 1111 2106 1188; baseline -0.011 -9"><span class='ocrx_word' id='word_1_67' title='bbox 513 1125 732 1180; x_wconf 82' lang='lat' dir='ltr'><strong>directis</strong></span> <span class='ocrx_word' id='word_1_68' title='bbox 747 1123 957 1176; x_wconf 86' lang='lat' dir='ltr'><strong>duobus</strong></span> <span class='ocrx_word' id='word_1_69' title='bbox 981 1119 1270 1188; x_wconf 75' lang='lat' dir='ltr'><strong>iudicibus,</strong></span> <span class='ocrx_word' id='word_1_70' title='bbox 1287 1131 1515 1187; x_wconf 89' lang='lat' dir='ltr'><strong>quorum</strong></span> <span class='ocrx_word' id='word_1_71' title='bbox 1534 1114 1750 1170; x_wconf 88' lang='lat' dir='ltr'><strong>nomina</strong></span> <span class='ocrx_word' id='word_1_72' title='bbox 1771 1111 1868 1166; x_wconf 89' lang='lat' dir='ltr'><strong>tibi</strong></span> <span class='ocrx_word' id='word_1_73' title='bbox 1895 1111 1948 1165; x_wconf 90' lang='lat' dir='ltr'><strong>in</strong></span> <span class='ocrx_word' id='word_1_74' title='bbox 1977 1123 2106 1180; x_wconf 73' lang='lat' dir='ltr'><strong>pra:-</strong></span> 
     </span>
    </p>
   </div>
   <div class='ocr_carea' id='block_1_10' title="bbox 513 1205 2106 1286">
    <p class='ocr_par' dir='ltr' id='par_1_10' title="bbox 513 1205 2106 1286">
     <span class='ocr_line' id='line_1_10' title="bbox 513 1205 2106 1286; baseline -0.01 -13"><span class='ocrx_word' id='word_1_75' title='bbox 513 1219 652 1274; x_wconf 89' lang='lat' dir='ltr'><strong>senti</strong></span> <span class='ocrx_word' id='word_1_76' title='bbox 699 1215 1043 1286; x_wconf 88' lang='lat' dir='ltr'><strong>prodidimus,</strong></span> <span class='ocrx_word' id='word_1_77' title='bbox 1073 1219 1414 1268; x_wconf 87' lang='lat' dir='ltr'><strong>sacramenta</strong></span> <span class='ocrx_word' id='word_1_78' title='bbox 1463 1216 1718 1279; x_wconf 75' lang='lat' dir='ltr'><strong>praestare</strong></span> <span class='ocrx_word' id='word_1_79' title='bbox 1747 1205 2017 1275; x_wconf 81' lang='lat' dir='ltr'><strong>dignetur,</strong></span> <span class='ocrx_word' id='word_1_80' title='bbox 2045 1211 2106 1258; x_wconf 90' lang='lat' dir='ltr'><strong>ut</strong></span> 
     </span>
    </p>
   </div>
   <div class='ocr_carea' id='block_1_11' title="bbox 511 1293 2094 1380">
    <p class='ocr_par' dir='ltr' id='par_1_11' title="bbox 511 1293 2094 1380">
     <span class='ocr_line' id='line_1_11' title="bbox 511 1293 2094 1380; baseline -0.011 -17"><span class='ocrx_word' id='word_1_81' title='bbox 511 1317 634 1380; x_wconf 90' lang='lat' dir='ltr'><strong>post</strong></span> <span class='ocrx_word' id='word_1_82' title='bbox 665 1309 778 1362; x_wconf 59' lang='lat' dir='ltr'><strong>haec</strong></span> <span class='ocrx_word' id='word_1_83' title='bbox 793 1307 910 1362; x_wconf 88' lang='lat' dir='ltr'><strong>sine</strong></span> <span class='ocrx_word' id='word_1_84' title='bbox 935 1315 1084 1361; x_wconf 90' lang='lat' dir='ltr'><strong>metu</strong></span> <span class='ocrx_word' id='word_1_85' title='bbox 1103 1303 1330 1375; x_wconf 86' lang='lat' dir='ltr'><strong>periculi</strong></span> <span class='ocrx_word' id='word_1_86' title='bbox 1355 1299 1578 1354; x_wconf 79' lang='lat' dir='ltr'><strong>fratrem</strong></span> <span class='ocrx_word' id='word_1_87' title='bbox 1607 1305 1850 1352; x_wconf 89' lang='lat' dir='ltr'><strong>nostrum</strong></span> <span class='ocrx_word' id='word_1_88' title='bbox 1875 1293 2094 1349; x_wconf 79' lang='lat' dir='ltr'><strong>Daciam</strong></span> 
     </span>
    </p>
   </div>
   <div class='ocr_carea' id='block_1_12' title="bbox 511 1387 2104 1469">
    <p class='ocr_par' dir='ltr' id='par_1_12' title="bbox 511 1387 2104 1469">
     <span class='ocr_line' id='line_1_12' title="bbox 511 1387 2104 1469; baseline -0.009 -15"><span class='ocrx_word' id='word_1_89' title='bbox 511 1399 828 1469; x_wconf 87' lang='lat' dir='ltr'><strong>episcopum</strong></span> <span class='ocrx_word' id='word_1_90' title='bbox 875 1395 1294 1453; x_wconf 75' lang='lat' dir='ltr'><strong>Mediolanensis</strong></span> <span class='ocrx_word' id='word_1_91' title='bbox 1341 1391 1616 1454; x_wconf 61' lang='lat' dir='ltr'><strong>Ecclesiae,</strong></span> <span class='ocrx_word' id='word_1_92' title='bbox 1657 1388 1742 1444; x_wconf 88' lang='lat' dir='ltr'><strong>vel</strong></span> <span class='ocrx_word' id='word_1_93' title='bbox 1783 1387 1918 1442; x_wconf 90' lang='lat' dir='ltr'><strong>alios</strong></span> <span class='ocrx_word' id='word_1_94' title='bbox 1967 1399 2104 1456; x_wconf 88' lang='lat' dir='ltr'><strong>quos</strong></span> 
     </span>
    </p>
   </div>
   <div class='ocr_carea' id='block_1_13' title="bbox 511 1481 2102 1556">
    <p class='ocr_par' dir='ltr' id='par_1_13' title="bbox 511 1481 2102 1556">
     <span class='ocr_line' id='line_1_13' title="bbox 511 1481 2102 1556; baseline -0.01 -9"><span class='ocrx_word' id='word_1_95' title='bbox 511 1507 633 1547; x_wconf 89' lang='lat' dir='ltr'><strong>cum</strong></span> <span class='ocrx_word' id='word_1_96' title='bbox 665 1507 732 1546; x_wconf 89' lang='lat' dir='ltr'><strong>eo</strong></span> <span class='ocrx_word' id='word_1_97' title='bbox 779 1489 1258 1556; x_wconf 82' lang='lat' dir='ltr'><strong>transmiserimus,</strong></span> <span class='ocrx_word' id='word_1_98' title='bbox 1317 1487 1444 1542; x_wconf 91' lang='lat' dir='ltr'><strong>loco</strong></span> <span class='ocrx_word' id='word_1_99' title='bbox 1478 1493 1662 1540; x_wconf 89' lang='lat' dir='ltr'><strong>nostro</strong></span> <span class='ocrx_word' id='word_1_100' title='bbox 1695 1481 1974 1551; x_wconf 86' lang='lat' dir='ltr'><strong>suscipiat,</strong></span> <span class='ocrx_word' id='word_1_101' title='bbox 2003 1493 2102 1548; x_wconf 83' lang='lat' dir='ltr'><strong>pa—</strong></span> 
     </span>
    </p>
   </div>
   <div class='ocr_carea' id='block_1_14' title="bbox 513 1573 2106 1652">
    <p class='ocr_par' dir='ltr' id='par_1_14' title="bbox 513 1573 2106 1652">
     <span class='ocr_line' id='line_1_14' title="bbox 513 1573 2106 1652; baseline -0.008 -15"><span class='ocrx_word' id='word_1_102' title='bbox 513 1584 614 1638; x_wconf 87' lang='lat' dir='ltr'><strong>rati</strong></span> <span class='ocrx_word' id='word_1_103' title='bbox 639 1599 822 1638; x_wconf 89' lang='lat' dir='ltr'><strong>sumus</strong></span> <span class='ocrx_word' id='word_1_104' title='bbox 841 1583 1092 1652; x_wconf 77' lang='lat' dir='ltr'><strong>dirigere,</strong></span> <span class='ocrx_word' id='word_1_105' title='bbox 1128 1588 1187 1636; x_wconf 85' lang='lat' dir='ltr'><strong>ut</strong></span> <span class='ocrx_word' id='word_1_106' title='bbox 1215 1595 1314 1650; x_wconf 87' lang='lat' dir='ltr'><strong>per</strong></span> <span class='ocrx_word' id='word_1_107' title='bbox 1334 1593 1430 1634; x_wconf 89' lang='lat' dir='ltr'><strong>eos</strong></span> <span class='ocrx_word' id='word_1_108' title='bbox 1459 1577 1526 1632; x_wconf 86' lang='lat' dir='ltr'><strong>de</strong></span> <span class='ocrx_word' id='word_1_109' title='bbox 1547 1573 1913 1632; x_wconf 88' lang='lat' dir='ltr'><strong>ecclesiastica</strong></span> <span class='ocrx_word' id='word_1_110' title='bbox 1940 1585 2106 1626; x_wconf 88' lang='lat' dir='ltr'><strong>causa</strong></span> 
     </span>
    </p>
   </div>
   <div class='ocr_carea' id='block_1_15' title="bbox 513 1659 2106 1743">
    <p class='ocr_par' dir='ltr' id='par_1_15' title="bbox 513 1659 2106 1743">
     <span class='ocr_line' id='line_1_15' title="bbox 513 1659 2106 1743; baseline -0.009 -15"><span class='ocrx_word' id='word_1_111' title='bbox 513 1689 848 1743; x_wconf 72' lang='lat' dir='ltr'><strong>qumcunque</strong></span> <span class='ocrx_word' id='word_1_112' title='bbox 889 1673 1278 1736; x_wconf 78' lang='lat' dir='ltr'><strong>mandavimus,</strong></span> <span class='ocrx_word' id='word_1_113' title='bbox 1309 1669 1578 1724; x_wconf 82' lang='lat' dir='ltr'><strong>veraciter</strong></span> <span class='ocrx_word' id='word_1_114' title='bbox 1629 1666 1992 1720; x_wconf 87' lang='lat' dir='ltr'><strong>innotescant.</strong></span> <span class='ocrx_word' id='word_1_115' title='bbox 2021 1659 2106 1715; x_wconf 87' lang='lat' dir='ltr'><strong>Si-</strong></span> 
     </span>
    </p>
   </div>
   <div class='ocr_carea' id='block_1_16' title="bbox 511 1751 2104 1834">
    <p class='ocr_par' dir='ltr' id='par_1_16' title="bbox 511 1751 2104 1834">
     <span class='ocr_line' id='line_1_16' title="bbox 511 1751 2104 1834; baseline -0.007 -17"><span class='ocrx_word' id='word_1_116' title='bbox 511 1765 728 1834; x_wconf 84' lang='lat' dir='ltr'><strong>quidem</strong></span> <span class='ocrx_word' id='word_1_117' title='bbox 774 1764 1030 1818; x_wconf 81' lang='lat' dir='ltr'><strong>Ecclesiae</strong></span> <span class='ocrx_word' id='word_1_118' title='bbox 1059 1777 1220 1818; x_wconf 84' lang='lat' dir='ltr'><strong>causa</strong></span> <span class='ocrx_word' id='word_1_119' title='bbox 1267 1761 1414 1816; x_wconf 87' lang='lat' dir='ltr'><strong>nulla</strong></span> <span class='ocrx_word' id='word_1_120' title='bbox 1441 1764 1780 1814; x_wconf 89' lang='lat' dir='ltr'><strong>sacramenta</strong></span> <span class='ocrx_word' id='word_1_121' title='bbox 1807 1753 1966 1808; x_wconf 86' lang='lat' dir='ltr'><strong>nobis</strong></span> <span class='ocrx_word' id='word_1_122' title='bbox 1988 1751 2104 1807; x_wconf 86' lang='lat' dir='ltr'><strong>dari</strong></span> 
     </span>
    </p>
   </div>
   <div class='ocr_carea' id='block_1_17' title="bbox 2205 555 3800 628">
    <p class='ocr_par' dir='ltr' id='par_1_17' title="bbox 2205 555 3800 628">
     <span class='ocr_line' id='line_1_17' title="bbox 2205 555 3800 628; baseline 0.001 -16"><span class='ocrx_word' id='word_1_123' title='bbox 2205 559 2386 627; x_wconf 79' lang='lat' dir='ltr'><strong>igitur,</strong></span> <span class='ocrx_word' id='word_1_124' title='bbox 2435 565 2492 612; x_wconf 90' lang='lat' dir='ltr'><strong>tu</strong></span> <span class='ocrx_word' id='word_1_125' title='bbox 2539 555 2824 614; x_wconf 89' lang='lat' dir='ltr'><strong>Theodore</strong></span> <span class='ocrx_word' id='word_1_126' title='bbox 2865 555 3125 612; x_wconf 70' lang='lat' dir='ltr'><strong>Cmsarcze</strong></span> <span class='ocrx_word' id='word_1_127' title='bbox 3165 555 3518 628; x_wconf 65' lang='lat' dir='ltr'><strong>Cappadociae</strong></span> <span class='ocrx_word' id='word_1_128' title='bbox 3565 557 3800 613; x_wconf 82' lang='lat' dir='ltr'><strong>civitatis</strong></span> 
     </span>
    </p>
   </div>
   <div class='ocr_carea' id='block_1_18' title="bbox 2206 649 3794 723">
    <p class='ocr_par' dir='ltr' id='par_1_18' title="bbox 2206 649 3794 723">
     <span class='ocr_line' id='line_1_18' title="bbox 2206 649 3794 723; baseline -0.002 -13"><span class='ocrx_word' id='word_1_129' title='bbox 2206 653 2483 723; x_wconf 90' lang='lat' dir='ltr'><strong>episcope,</strong></span> <span class='ocrx_word' id='word_1_130' title='bbox 2520 651 2610 722; x_wconf 82' lang='lat' dir='ltr'><strong>qui</strong></span> <span class='ocrx_word' id='word_1_131' title='bbox 2631 649 2891 706; x_wconf 86' lang='lat' dir='ltr'><strong>hactenus</strong></span> <span class='ocrx_word' id='word_1_132' title='bbox 2919 649 2987 704; x_wconf 90' lang='lat' dir='ltr'><strong>ab</strong></span> <span class='ocrx_word' id='word_1_133' title='bbox 3017 649 3368 704; x_wconf 86' lang='lat' dir='ltr'><strong>ordinationis</strong></span> <span class='ocrx_word' id='word_1_134' title='bbox 3394 657 3496 704; x_wconf 71' lang='lat' dir='ltr'><strong>tum</strong></span> <span class='ocrx_word' id='word_1_135' title='bbox 3526 657 3794 721; x_wconf 85' lang='lat' dir='ltr'><strong>tempore,</strong></span> 
     </span>
    </p>
   </div>
   <div class='ocr_carea' id='block_1_19' title="bbox 2205 741 3798 814">
    <p class='ocr_par' dir='ltr' id='par_1_19' title="bbox 2205 741 3798 814">
     <span class='ocr_line' id='line_1_19' title="bbox 2205 741 3798 814; baseline 0 -14"><span class='ocrx_word' id='word_1_136' title='bbox 2205 745 2362 800; x_wconf 91' lang='lat' dir='ltr'><strong>unius</strong></span> <span class='ocrx_word' id='word_1_137' title='bbox 2417 743 2542 799; x_wconf 87' lang='lat' dir='ltr'><strong>anni</strong></span> <span class='ocrx_word' id='word_1_138' title='bbox 2597 745 2774 814; x_wconf 89' lang='lat' dir='ltr'><strong>spatio</strong></span> <span class='ocrx_word' id='word_1_139' title='bbox 2827 744 2882 798; x_wconf 92' lang='lat' dir='ltr'><strong>in</strong></span> <span class='ocrx_word' id='word_1_140' title='bbox 2939 741 3180 797; x_wconf 84' lang='lat' dir='ltr'><strong>Ecclesia</strong></span> <span class='ocrx_word' id='word_1_141' title='bbox 3231 743 3384 812; x_wconf 89' lang='lat' dir='ltr'><strong>cujus</strong></span> <span class='ocrx_word' id='word_1_142' title='bbox 3433 745 3798 812; x_wconf 81' lang='lat' dir='ltr'><strong>gubernacula</strong></span> 
     </span>
    </p>
   </div>
   <div class='ocr_carea' id='block_1_20' title="bbox 2205 835 3798 908">
    <p class='ocr_par' dir='ltr' id='par_1_20' title="bbox 2205 835 3798 908">
     <span class='ocr_line' id='line_1_20' title="bbox 2205 835 3798 908; baseline -0.001 -15"><span class='ocrx_word' id='word_1_143' title='bbox 2205 852 2542 908; x_wconf 90' lang='lat' dir='ltr'><strong>susceperas,</strong></span> <span class='ocrx_word' id='word_1_144' title='bbox 2589 853 2696 892; x_wconf 90' lang='lat' dir='ltr'><strong>non</strong></span> <span class='ocrx_word' id='word_1_145' title='bbox 2721 851 2912 906; x_wconf 91' lang='lat' dir='ltr'><strong>passus</strong></span> <span class='ocrx_word' id='word_1_146' title='bbox 2941 850 2999 890; x_wconf 89' lang='lat' dir='ltr'><strong>es</strong></span> <span class='ocrx_word' id='word_1_147' title='bbox 3027 835 3283 900; x_wconf 86' lang='lat' dir='ltr'><strong>residere,</strong></span> <span class='ocrx_word' id='word_1_148' title='bbox 3331 835 3426 890; x_wconf 91' lang='lat' dir='ltr'><strong>sed</strong></span> <span class='ocrx_word' id='word_1_149' title='bbox 3473 839 3798 892; x_wconf 80' lang='lat' dir='ltr'><strong>auctoritate</strong></span> 
     </span>
    </p>
   </div>
   <div class='ocr_carea' id='block_1_21' title="bbox 2203 927 3796 999">
    <p class='ocr_par' dir='ltr' id='par_1_21' title="bbox 2203 927 3796 999">
     <span class='ocr_line' id='line_1_21' title="bbox 2203 927 3796 999; baseline -0.001 -15"><span class='ocrx_word' id='word_1_150' title='bbox 2203 929 2436 984; x_wconf 88' lang='lat' dir='ltr'><strong>nominis</strong></span> <span class='ocrx_word' id='word_1_151' title='bbox 2483 929 2802 999; x_wconf 84' lang='lat' dir='ltr'><strong>episcopalis</strong></span> <span class='ocrx_word' id='word_1_152' title='bbox 2849 927 3045 982; x_wconf 89' lang='lat' dir='ltr'><strong>abusus</strong></span> <span class='ocrx_word' id='word_1_153' title='bbox 3097 927 3414 984; x_wconf 80' lang='lat' dir='ltr'><strong>universalis</strong></span> <span class='ocrx_word' id='word_1_154' title='bbox 3465 937 3488 964; x_wconf 77' lang='grc' dir='ltr'><strong>ο</strong></span> <span class='ocrx_word' id='word_1_155' title='bbox 3539 927 3796 984; x_wconf 67' lang='lat' dir='ltr'><strong>Ecclesia:</strong></span> 
     </span>
    </p>
   </div>
   <div class='ocr_carea' id='block_1_22' title="bbox 2203 1019 3798 1089">
    <p class='ocr_par' dir='ltr' id='par_1_22' title="bbox 2203 1019 3798 1089">
     <span class='ocr_line' id='line_1_22' title="bbox 2203 1019 3798 1089; baseline -0.001 -15"><span class='ocrx_word' id='word_1_156' title='bbox 2203 1019 2452 1076; x_wconf 89' lang='lat' dir='ltr'><strong>scandala</strong></span> <span class='ocrx_word' id='word_1_157' title='bbox 2483 1033 2746 1089; x_wconf 77' lang='lat' dir='ltr'><strong>generare</strong></span> <span class='ocrx_word' id='word_1_158' title='bbox 2785 1035 2894 1074; x_wconf 90' lang='lat' dir='ltr'><strong>non</strong></span> <span class='ocrx_word' id='word_1_159' title='bbox 2923 1035 3130 1084; x_wconf 79' lang='lat' dir='ltr'><strong>cessas;</strong></span> <span class='ocrx_word' id='word_1_160' title='bbox 3164 1025 3218 1073; x_wconf 88' lang='lat' dir='ltr'><strong>et</strong></span> <span class='ocrx_word' id='word_1_161' title='bbox 3257 1033 3286 1072; x_wconf 88' lang='lat' dir='ltr'><strong>a</strong></span> <span class='ocrx_word' id='word_1_162' title='bbox 3321 1019 3475 1072; x_wconf 82' lang='lat' dir='ltr'><strong>nobis</strong></span> <span class='ocrx_word' id='word_1_163' title='bbox 3515 1019 3678 1074; x_wconf 90' lang='lat' dir='ltr'><strong>modo</strong></span> <span class='ocrx_word' id='word_1_164' title='bbox 3721 1019 3798 1074; x_wconf 85' lang='lat' dir='ltr'><strong>fa-</strong></span> 
     </span>
    </p>
   </div>
   <div class='ocr_carea' id='block_1_23' title="bbox 2207 1109 3798 1179">
    <p class='ocr_par' dir='ltr' id='par_1_23' title="bbox 2207 1109 3798 1179">
     <span class='ocr_line' id='line_1_23' title="bbox 2207 1109 3798 1179; baseline 0 -14"><span class='ocrx_word' id='word_1_165' title='bbox 2207 1109 2487 1166; x_wconf 88' lang='lat' dir='ltr'><strong>miliariter</strong></span> <span class='ocrx_word' id='word_1_166' title='bbox 2543 1109 2890 1178; x_wconf 82' lang='lat' dir='ltr'><strong>objurgatus,</strong></span> <span class='ocrx_word' id='word_1_167' title='bbox 2943 1109 3105 1164; x_wconf 89' lang='lat' dir='ltr'><strong>modo</strong></span> <span class='ocrx_word' id='word_1_168' title='bbox 3161 1109 3414 1179; x_wconf 88' lang='lat' dir='ltr'><strong>precibus</strong></span> <span class='ocrx_word' id='word_1_169' title='bbox 3461 1111 3798 1178; x_wconf 88' lang='lat' dir='ltr'><strong>obsecratus,</strong></span> 
     </span>
    </p>
   </div>
   <div class='ocr_carea' id='block_1_24' title="bbox 2205 1201 3798 1274">
    <p class='ocr_par' dir='ltr' id='par_1_24' title="bbox 2205 1201 3798 1274">
     <span class='ocr_line' id='line_1_24' title="bbox 2205 1201 3798 1274; baseline 0.002 -17"><span class='ocrx_word' id='word_1_170' title='bbox 2205 1217 2586 1274; x_wconf 86' lang='lat' dir='ltr'><strong>nonnunquam</strong></span> <span class='ocrx_word' id='word_1_171' title='bbox 2628 1219 2760 1256; x_wconf 86' lang='lat' dir='ltr'><strong>vero</strong></span> <span class='ocrx_word' id='word_1_172' title='bbox 2805 1201 3042 1256; x_wconf 86' lang='lat' dir='ltr'><strong>fraterna</strong></span> <span class='ocrx_word' id='word_1_173' title='bbox 3093 1203 3465 1271; x_wconf 88' lang='lat' dir='ltr'><strong>increpatione</strong></span> <span class='ocrx_word' id='word_1_174' title='bbox 3495 1213 3798 1274; x_wconf 86' lang='lat' dir='ltr'><strong>correptus,</strong></span> 
     </span>
    </p>
   </div>
   <div class='ocr_carea' id='block_1_25' title="bbox 2205 1295 3801 1368">
    <p class='ocr_par' dir='ltr' id='par_1_25' title="bbox 2205 1295 3801 1368">
     <span class='ocr_line' id='line_1_25' title="bbox 2205 1295 3801 1368; baseline 0 -16"><span class='ocrx_word' id='word_1_175' title='bbox 2205 1312 2346 1368; x_wconf 57' lang='lat' dir='ltr'><strong>sape</strong></span> <span class='ocrx_word' id='word_1_176' title='bbox 2375 1299 2536 1353; x_wconf 87' lang='lat' dir='ltr'><strong>etiam</strong></span> <span class='ocrx_word' id='word_1_177' title='bbox 2559 1297 2858 1352; x_wconf 88' lang='lat' dir='ltr'><strong>divinarum</strong></span> <span class='ocrx_word' id='word_1_178' title='bbox 2881 1295 3281 1366; x_wconf 89' lang='lat' dir='ltr'><strong>Scripturarum</strong></span> <span class='ocrx_word' id='word_1_179' title='bbox 3312 1297 3636 1351; x_wconf 88' lang='lat' dir='ltr'><strong>auctoritate</strong></span> <span class='ocrx_word' id='word_1_180' title='bbox 3658 1313 3801 1352; x_wconf 88' lang='lat' dir='ltr'><strong>com-</strong></span> 
     </span>
    </p>
   </div>
   <div class='ocr_carea' id='block_1_26' title="bbox 2207 1387 3802 1460">
    <p class='ocr_par' dir='ltr' id='par_1_26' title="bbox 2207 1387 3802 1460">
     <span class='ocr_line' id='line_1_26' title="bbox 2207 1387 3802 1460; baseline -0.001 -15"><span class='ocrx_word' id='word_1_181' title='bbox 2207 1392 2464 1460; x_wconf 90' lang='lat' dir='ltr'><strong>monitus,</strong></span> <span class='ocrx_word' id='word_1_182' title='bbox 2503 1389 2588 1446; x_wconf 87' lang='lat' dir='ltr'><strong>vel</strong></span> <span class='ocrx_word' id='word_1_183' title='bbox 2631 1389 3008 1446; x_wconf 74' lang='lat' dir='ltr'><strong>ecclesiastica:</strong></span> <span class='ocrx_word' id='word_1_184' title='bbox 3065 1387 3465 1444; x_wconf 88' lang='lat' dir='ltr'><strong>consuetudinis</strong></span> <span class='ocrx_word' id='word_1_185' title='bbox 3521 1391 3802 1445; x_wconf 86' lang='lat' dir='ltr'><strong>convictus</strong></span> 
     </span>
    </p>
   </div>
   <div class='ocr_carea' id='block_1_27' title="bbox 2207 1481 3802 1554">
    <p class='ocr_par' dir='ltr' id='par_1_27' title="bbox 2207 1481 3802 1554">
     <span class='ocr_line' id='line_1_27' title="bbox 2207 1481 3802 1554; baseline -0.003 -15"><span class='ocrx_word' id='word_1_186' title='bbox 2207 1484 2491 1554; x_wconf 80' lang='lat' dir='ltr'><strong>exemplis,</strong></span> <span class='ocrx_word' id='word_1_187' title='bbox 2535 1497 2748 1554; x_wconf 86' lang='lat' dir='ltr'><strong>semper</strong></span> <span class='ocrx_word' id='word_1_188' title='bbox 2797 1481 3228 1537; x_wconf 89' lang='lat' dir='ltr'><strong>emendationem</strong></span> <span class='ocrx_word' id='word_1_189' title='bbox 3275 1497 3526 1536; x_wconf 90' lang='lat' dir='ltr'><strong>sermone</strong></span> <span class='ocrx_word' id='word_1_190' title='bbox 3571 1483 3802 1550; x_wconf 84' lang='lat' dir='ltr'><strong>promit-</strong></span> 
     </span>
    </p>
   </div>
   <div class='ocr_carea' id='block_1_28' title="bbox 2209 1571 3801 1644">
    <p class='ocr_par' dir='ltr' id='par_1_28' title="bbox 2209 1571 3801 1644">
     <span class='ocr_line' id='line_1_28' title="bbox 2209 1571 3801 1644; baseline -0.004 -14"><span class='ocrx_word' id='word_1_191' title='bbox 2209 1583 2346 1638; x_wconf 90' lang='lat' dir='ltr'><strong>tens,</strong></span> <span class='ocrx_word' id='word_1_192' title='bbox 2394 1589 2555 1644; x_wconf 88' lang='lat' dir='ltr'><strong>quam</strong></span> <span class='ocrx_word' id='word_1_193' title='bbox 2585 1571 2738 1628; x_wconf 87' lang='lat' dir='ltr'><strong>factis</strong></span> <span class='ocrx_word' id='word_1_194' title='bbox 2767 1571 3103 1642; x_wconf 86' lang='lat' dir='ltr'><strong>nequissimis</strong></span> <span class='ocrx_word' id='word_1_195' title='bbox 3127 1571 3434 1642; x_wconf 88' lang='lat' dir='ltr'><strong>respuebas,</strong></span> <span class='ocrx_word' id='word_1_196' title='bbox 3467 1585 3740 1640; x_wconf 86' lang='lat' dir='ltr'><strong>nunquam</strong></span> <span class='ocrx_word' id='word_1_197' title='bbox 3769 1585 3801 1624; x_wconf 86' lang='lat' dir='ltr'><strong>a</strong></span> 
     </span>
    </p>
   </div>
   <div class='ocr_carea' id='block_1_29' title="bbox 2205 1661 3802 1739">
    <p class='ocr_par' dir='ltr' id='par_1_29' title="bbox 2205 1661 3802 1739">
     <span class='ocr_line' id='line_1_29' title="bbox 2205 1661 3802 1739; baseline -0.004 -17"><span class='ocrx_word' id='word_1_198' title='bbox 2205 1683 2374 1739; x_wconf 89' lang='lat' dir='ltr'><strong>prava</strong></span> <span class='ocrx_word' id='word_1_199' title='bbox 2409 1668 2706 1722; x_wconf 89' lang='lat' dir='ltr'><strong>intentione</strong></span> <span class='ocrx_word' id='word_1_200' title='bbox 2731 1663 2972 1722; x_wconf 85' lang='lat' dir='ltr'><strong>cessasti.</strong></span> <span class='ocrx_word' id='word_1_201' title='bbox 3016 1661 3126 1718; x_wconf 84' lang='lat' dir='ltr'><strong>Nos</strong></span> <span class='ocrx_word' id='word_1_202' title='bbox 3165 1677 3294 1718; x_wconf 91' lang='lat' dir='ltr'><strong>vero</strong></span> <span class='ocrx_word' id='word_1_203' title='bbox 3343 1661 3802 1732; x_wconf 78' lang='lat' dir='ltr'><strong>longanimitatem</strong></span> 
     </span>
    </p>
   </div>
   <div class='ocr_carea' id='block_1_30' title="bbox 2211 1755 3804 1828">
    <p class='ocr_par' dir='ltr' id='par_1_30' title="bbox 2211 1755 3804 1828">
     <span class='ocr_line' id='line_1_30' title="bbox 2211 1755 3804 1828; baseline -0.003 -13"><span class='ocrx_word' id='word_1_204' title='bbox 2211 1771 2450 1816; x_wconf 87' lang='lat' dir='ltr'><strong>nostram</strong></span> <span class='ocrx_word' id='word_1_205' title='bbox 2489 1759 2665 1814; x_wconf 89' lang='lat' dir='ltr'><strong>divina</strong></span> <span class='ocrx_word' id='word_1_206' title='bbox 2701 1759 2950 1828; x_wconf 84' lang='lat' dir='ltr'><strong>largitate</strong></span> <span class='ocrx_word' id='word_1_207' title='bbox 2987 1771 3322 1822; x_wconf 83' lang='lat' dir='ltr'><strong>concessam,</strong></span> <span class='ocrx_word' id='word_1_208' title='bbox 3365 1763 3474 1809; x_wconf 86' lang='lat' dir='ltr'><strong>tam</strong></span> <span class='ocrx_word' id='word_1_209' title='bbox 3529 1755 3674 1810; x_wconf 81' lang='lat' dir='ltr'><strong>circa</strong></span> <span class='ocrx_word' id='word_1_210' title='bbox 3727 1763 3804 1822; x_wconf 90' lang='lat' dir='ltr'><strong>te,</strong></span> 
     </span>
    </p>
   </div>
   <div class='ocr_carea' id='block_1_31' title="bbox 511 1845 3806 1928">
    <p class='ocr_par' dir='ltr' id='par_1_31' title="bbox 511 1845 3806 1928">
     <span class='ocr_line' id='line_1_31' title="bbox 511 1845 3806 1928; baseline -0.004 -16"><span class='ocrx_word' id='word_1_211' title='bbox 511 1859 858 1928; x_wconf 88' lang='lat' dir='ltr'><strong>deposcimus</strong></span> <span class='ocrx_word' id='word_1_212' title='bbox 889 1875 902 1911; x_wconf 93' lang='lat'>:</span> <span class='ocrx_word' id='word_1_213' title='bbox 961 1855 1058 1910; x_wconf 89' lang='lat' dir='ltr'><strong>sed</strong></span> <span class='ocrx_word' id='word_1_214' title='bbox 1087 1871 1216 1911; x_wconf 88' lang='lat' dir='ltr'><strong>mox</strong></span> <span class='ocrx_word' id='word_1_215' title='bbox 1247 1871 1346 1925; x_wconf 90' lang='lat' dir='ltr'><strong>pro</strong></span> <span class='ocrx_word' id='word_1_216' title='bbox 1395 1853 1688 1920; x_wconf 84' lang='lat' dir='ltr'><strong>gratiarum</strong></span> <span class='ocrx_word' id='word_1_217' title='bbox 1741 1848 1954 1903; x_wconf 87' lang='lat' dir='ltr'><strong>actione</strong></span> <span class='ocrx_word' id='word_1_218' title='bbox 1991 1845 2108 1914; x_wconf 87' lang='lat' dir='ltr'><strong>ejus</strong></span> <span class='ocrx_word' id='word_1_219' title='bbox 2141 1861 2182 1920; x_wconf 79' lang='grc' dir='ltr'><strong>Β</strong></span> <span class='ocrx_word' id='word_1_220' title='bbox 2210 1868 2368 1922; x_wconf 77' lang='lat' dir='ltr'><strong>quam</strong></span> <span class='ocrx_word' id='word_1_221' title='bbox 2415 1853 2558 1907; x_wconf 77' lang='lat' dir='ltr'><strong>circa</strong></span> <span class='ocrx_word' id='word_1_222' title='bbox 2603 1849 2852 1904; x_wconf 82' lang='lat' dir='ltr'><strong>seductos</strong></span> <span class='ocrx_word' id='word_1_223' title='bbox 2881 1847 2976 1902; x_wconf 91' lang='lat' dir='ltr'><strong>abs</strong></span> <span class='ocrx_word' id='word_1_224' title='bbox 3011 1855 3086 1912; x_wconf 88' lang='lat' dir='ltr'><strong>te,</strong></span> <span class='ocrx_word' id='word_1_225' title='bbox 3115 1861 3255 1918; x_wconf 89' lang='lat' dir='ltr'><strong>pene</strong></span> <span class='ocrx_word' id='word_1_226' title='bbox 3283 1845 3388 1902; x_wconf 91' lang='lat' dir='ltr'><strong>hoc</strong></span> <span class='ocrx_word' id='word_1_227' title='bbox 3434 1845 3806 1918; x_wconf 89' lang='lat' dir='ltr'><strong>quinquennio</strong></span> 
     </span>
    </p>
   </div>
   <div class='ocr_carea' id='block_1_32' title="bbox 513 1939 2108 2018">
    <p class='ocr_par' dir='ltr' id='par_1_32' title="bbox 513 1939 2108 2018">
     <span class='ocr_line' id='line_1_32' title="bbox 513 1939 2108 2018; baseline -0.009 -15"><span class='ocrx_word' id='word_1_228' title='bbox 513 1950 846 2004; x_wconf 87' lang='lat' dir='ltr'><strong>occurrimus</strong></span> <span class='ocrx_word' id='word_1_229' title='bbox 873 1949 1082 2018; x_wconf 82' lang='lat' dir='ltr'><strong>pietati,</strong></span> <span class='ocrx_word' id='word_1_230' title='bbox 1113 1947 1236 2016; x_wconf 82' lang='lat' dir='ltr'><strong>quia</strong></span> <span class='ocrx_word' id='word_1_231' title='bbox 1271 1945 1404 2000; x_wconf 89' lang='lat' dir='ltr'><strong>nihil</strong></span> <span class='ocrx_word' id='word_1_232' title='bbox 1445 1943 1586 1996; x_wconf 88' lang='lat' dir='ltr'><strong>aliud</strong></span> <span class='ocrx_word' id='word_1_233' title='bbox 1619 1949 1717 2000; x_wconf 86' lang='lat' dir='ltr'><strong>est,</strong></span> <span class='ocrx_word' id='word_1_234' title='bbox 1747 1939 1888 2009; x_wconf 88' lang='lat' dir='ltr'><strong>quod</strong></span> <span class='ocrx_word' id='word_1_235' title='bbox 1911 1945 2108 2006; x_wconf 69' lang='lat' dir='ltr'><strong>prteter</strong></span> 
     </span>
    </p>
   </div>
   <div class='ocr_carea' id='block_1_33' title="bbox 509 2031 2106 2108">
    <p class='ocr_par' dir='ltr' id='par_1_33' title="bbox 509 2031 2106 2108">
     <span class='ocr_line' id='line_1_33' title="bbox 509 2031 2106 2108; baseline -0.009 -10"><span class='ocrx_word' id='word_1_236' title='bbox 509 2043 822 2098; x_wconf 81' lang='lat' dir='ltr'><strong>scandalum</strong></span> <span class='ocrx_word' id='word_1_237' title='bbox 863 2058 962 2096; x_wconf 90' lang='lat' dir='ltr'><strong>nos</strong></span> <span class='ocrx_word' id='word_1_238' title='bbox 993 2042 1104 2096; x_wconf 91' lang='lat' dir='ltr'><strong>Deo</strong></span> <span class='ocrx_word' id='word_1_239' title='bbox 1129 2040 1416 2108; x_wconf 86' lang='lat' dir='ltr'><strong>adjuvante</strong></span> <span class='ocrx_word' id='word_1_240' title='bbox 1465 2043 1787 2106; x_wconf 87' lang='lat' dir='ltr'><strong>perterreat,</strong></span> <span class='ocrx_word' id='word_1_241' title='bbox 1821 2031 1962 2087; x_wconf 90' lang='lat' dir='ltr'><strong>unde</strong></span> <span class='ocrx_word' id='word_1_242' title='bbox 1987 2045 2106 2084; x_wconf 91' lang='lat' dir='ltr'><strong>am-</strong></span> 
     </span>
    </p>
   </div>
   <div class='ocr_carea' id='block_1_34' title="bbox 515 2121 2108 2202">
    <p class='ocr_par' dir='ltr' id='par_1_34' title="bbox 515 2121 2108 2202">
     <span class='ocr_line' id='line_1_34' title="bbox 515 2121 2108 2202; baseline -0.006 -17"><span class='ocrx_word' id='word_1_243' title='bbox 515 2133 658 2202; x_wconf 90' lang='lat' dir='ltr'><strong>plius</strong></span> <span class='ocrx_word' id='word_1_244' title='bbox 689 2132 969 2186; x_wconf 76' lang='lat' dir='ltr'><strong>inSanctzc</strong></span> <span class='ocrx_word' id='word_1_245' title='bbox 991 2129 1306 2200; x_wconf 74' lang='lat' dir='ltr'><strong>Euphemia:</strong></span> <span class='ocrx_word' id='word_1_246' title='bbox 1331 2127 1549 2182; x_wconf 87' lang='lat' dir='ltr'><strong>basilica</strong></span> <span class='ocrx_word' id='word_1_247' title='bbox 1572 2125 1876 2180; x_wconf 82' lang='lat' dir='ltr'><strong>sedeamus.</strong></span> <span class='ocrx_word' id='word_1_248' title='bbox 1893 2121 2108 2192; x_wconf 89' lang='lat' dir='ltr'><strong>Suppli-</strong></span> 
     </span>
    </p>
   </div>
   <div class='ocr_carea' id='block_1_35' title="bbox 511 2215 2110 2291">
    <p class='ocr_par' dir='ltr' id='par_1_35' title="bbox 511 2215 2110 2291">
     <span class='ocr_line' id='line_1_35' title="bbox 511 2215 2110 2291; baseline -0.008 -11"><span class='ocrx_word' id='word_1_249' title='bbox 511 2239 698 2280; x_wconf 85' lang='lat' dir='ltr'><strong>camus</strong></span> <span class='ocrx_word' id='word_1_250' title='bbox 725 2226 867 2278; x_wconf 89' lang='lat' dir='ltr'><strong>enim</strong></span> <span class='ocrx_word' id='word_1_251' title='bbox 899 2223 1010 2278; x_wconf 88' lang='lat' dir='ltr'><strong>Deo</strong></span> <span class='ocrx_word' id='word_1_252' title='bbox 1033 2232 1241 2289; x_wconf 87' lang='lat' dir='ltr'><strong>nostro,</strong></span> <span class='ocrx_word' id='word_1_253' title='bbox 1275 2229 1329 2276; x_wconf 92' lang='lat' dir='ltr'><strong>et</strong></span> <span class='ocrx_word' id='word_1_254' title='bbox 1371 2219 1621 2291; x_wconf 85' lang='lat' dir='ltr'><strong>precibus</strong></span> <span class='ocrx_word' id='word_1_255' title='bbox 1651 2215 1930 2272; x_wconf 82' lang='lat' dir='ltr'><strong>indefessis</strong></span> <span class='ocrx_word' id='word_1_256' title='bbox 1954 2221 2110 2285; x_wconf 86' lang='lat' dir='ltr'><strong>opta-</strong></span> 
     </span>
    </p>
   </div>
   <div class='ocr_carea' id='block_1_36' title="bbox 513 2309 2109 2388">
    <p class='ocr_par' dir='ltr' id='par_1_36' title="bbox 513 2309 2109 2388">
     <span class='ocr_line' id='line_1_36' title="bbox 513 2309 2109 2388; baseline -0.006 -16"><span class='ocrx_word' id='word_1_257' title='bbox 513 2333 651 2383; x_wconf 88' lang='lat' dir='ltr'><strong>mus,</strong></span> <span class='ocrx_word' id='word_1_258' title='bbox 677 2325 736 2372; x_wconf 91' lang='lat' dir='ltr'><strong>ut</strong></span> <span class='ocrx_word' id='word_1_259' title='bbox 760 2333 858 2388; x_wconf 87' lang='lat' dir='ltr'><strong>per</strong></span> <span class='ocrx_word' id='word_1_260' title='bbox 883 2333 1006 2372; x_wconf 89' lang='lat' dir='ltr'><strong>eum</strong></span> <span class='ocrx_word' id='word_1_261' title='bbox 1033 2317 1244 2371; x_wconf 88' lang='lat' dir='ltr'><strong>sublata</strong></span> <span class='ocrx_word' id='word_1_262' title='bbox 1275 2313 1614 2368; x_wconf 89' lang='lat' dir='ltr'><strong>dissensione</strong></span> <span class='ocrx_word' id='word_1_263' title='bbox 1661 2327 1786 2382; x_wconf 81' lang='lat' dir='ltr'><strong>pax,</strong></span> <span class='ocrx_word' id='word_1_264' title='bbox 1814 2325 1976 2380; x_wconf 88' lang='lat' dir='ltr'><strong>quam</strong></span> <span class='ocrx_word' id='word_1_265' title='bbox 2007 2309 2109 2380; x_wconf 72' lang='lat' dir='ltr'><strong>pia:</strong></span> 
     </span>
    </p>
   </div>
   <div class='ocr_carea' id='block_1_37' title="bbox 511 2403 2109 2476">
    <p class='ocr_par' dir='ltr' id='par_1_37' title="bbox 511 2403 2109 2476">
     <span class='ocr_line' id='line_1_37' title="bbox 511 2403 2109 2476; baseline -0.005 -14"><span class='ocrx_word' id='word_1_266' title='bbox 511 2409 788 2462; x_wconf 60' lang='lat' dir='ltr'><strong>memoria:</strong></span> <span class='ocrx_word' id='word_1_267' title='bbox 809 2407 1060 2462; x_wconf 78' lang='lat' dir='ltr'><strong>avunculi</strong></span> <span class='ocrx_word' id='word_1_268' title='bbox 1087 2405 1168 2462; x_wconf 89' lang='lat' dir='ltr'><strong>sui</strong></span> <span class='ocrx_word' id='word_1_269' title='bbox 1215 2405 1342 2461; x_wconf 88' lang='lat' dir='ltr'><strong>fecit</strong></span> <span class='ocrx_word' id='word_1_270' title='bbox 1369 2406 1484 2476; x_wconf 88' lang='lat' dir='ltr'><strong>ipse</strong></span> <span class='ocrx_word' id='word_1_271' title='bbox 1521 2403 1852 2474; x_wconf 88' lang='lat' dir='ltr'><strong>temporibus</strong></span> <span class='ocrx_word' id='word_1_272' title='bbox 1875 2409 1922 2468; x_wconf 72' lang='grc'><em>⁸,</em></span> <span class='ocrx_word' id='word_1_273' title='bbox 1951 2415 2109 2471; x_wconf 89' lang='lat' dir='ltr'><strong>repa-</strong></span> 
     </span>
    </p>
   </div>
   <div class='ocr_carea' id='block_1_38' title="bbox 511 2495 2105 2569">
    <p class='ocr_par' dir='ltr' id='par_1_38' title="bbox 511 2495 2105 2569">
     <span class='ocr_line' id='line_1_38' title="bbox 511 2495 2105 2569; baseline -0.004 -14"><span class='ocrx_word' id='word_1_274' title='bbox 511 2509 665 2556; x_wconf 84' lang='lat' dir='ltr'><strong>retur</strong></span> <span class='ocrx_word' id='word_1_275' title='bbox 693 2499 968 2558; x_wconf 66' lang='lat' dir='ltr'><strong>Ecclesiae.</strong></span> <span class='ocrx_word' id='word_1_276' title='bbox 1003 2501 1138 2555; x_wconf 84' lang='lat' dir='ltr'><strong>Nam</strong></span> <span class='ocrx_word' id='word_1_277' title='bbox 1163 2501 1208 2554; x_wconf 94' lang='lat' dir='ltr'><strong>si</strong></span> <span class='ocrx_word' id='word_1_278' title='bbox 1251 2501 1358 2554; x_wconf 90' lang='lat' dir='ltr'><strong>ulla</strong></span> <span class='ocrx_word' id='word_1_279' title='bbox 1393 2497 1705 2569; x_wconf 83' lang='lat' dir='ltr'><strong>provenerit</strong></span> <span class='ocrx_word' id='word_1_280' title='bbox 1729 2497 1868 2551; x_wconf 89' lang='lat' dir='ltr'><strong>ultra</strong></span> <span class='ocrx_word' id='word_1_281' title='bbox 1897 2495 2105 2560; x_wconf 83' lang='lat' dir='ltr'><strong>dilatio,</strong></span> 
     </span>
    </p>
   </div>
   <div class='ocr_carea' id='block_1_39' title="bbox 517 2587 2104 2652">
    <p class='ocr_par' dir='ltr' id='par_1_39' title="bbox 517 2587 2104 2652">
     <span class='ocr_line' id='line_1_39' title="bbox 517 2587 2104 2652; baseline -0.007 0"><span class='ocrx_word' id='word_1_282' title='bbox 517 2613 618 2652; x_wconf 88' lang='lat' dir='ltr'><strong>nos</strong></span> <span class='ocrx_word' id='word_1_283' title='bbox 657 2611 876 2652; x_wconf 82' lang='lat' dir='ltr'><strong>necesse</strong></span> <span class='ocrx_word' id='word_1_284' title='bbox 929 2603 1012 2650; x_wconf 91' lang='lat' dir='ltr'><strong>est</strong></span> <span class='ocrx_word' id='word_1_285' title='bbox 1054 2609 1270 2651; x_wconf 87' lang='lat' dir='ltr'><strong>causam</strong></span> <span class='ocrx_word' id='word_1_286' title='bbox 1313 2591 1488 2647; x_wconf 90' lang='lat' dir='ltr'><strong>modis</strong></span> <span class='ocrx_word' id='word_1_287' title='bbox 1543 2591 1792 2646; x_wconf 84' lang='lat' dir='ltr'><strong>omnibus</strong></span> <span class='ocrx_word' id='word_1_288' title='bbox 1839 2587 2104 2652; x_wconf 86' lang='lat' dir='ltr'><strong>delinire;</strong></span> 
     </span>
    </p>
   </div>
   <div class='ocr_carea' id='block_1_40' title="bbox 513 2683 2107 2760">
    <p class='ocr_par' dir='ltr' id='par_1_40' title="bbox 513 2683 2107 2760">
     <span class='ocr_line' id='line_1_40' title="bbox 513 2683 2107 2760; baseline -0.005 -18"><span class='ocrx_word' id='word_1_289' title='bbox 513 2687 636 2757; x_wconf 86' lang='lat' dir='ltr'><strong>quia</strong></span> <span class='ocrx_word' id='word_1_290' title='bbox 655 2703 832 2758; x_wconf 87' lang='lat' dir='ltr'><strong>neque</strong></span> <span class='ocrx_word' id='word_1_291' title='bbox 851 2687 1148 2760; x_wconf 90' lang='lat' dir='ltr'><strong>proximos,</strong></span> <span class='ocrx_word' id='word_1_292' title='bbox 1167 2701 1343 2756; x_wconf 89' lang='lat' dir='ltr'><strong>neque</strong></span> <span class='ocrx_word' id='word_1_293' title='bbox 1365 2683 1498 2738; x_wconf 89' lang='lat' dir='ltr'><strong>alios</strong></span> <span class='ocrx_word' id='word_1_294' title='bbox 1521 2689 1796 2752; x_wconf 89' lang='lat' dir='ltr'><strong>parentes,</strong></span> <span class='ocrx_word' id='word_1_295' title='bbox 1820 2687 2107 2748; x_wconf 87' lang='lat' dir='ltr'><strong>autquam-</strong></span> 
     </span>
    </p>
   </div>
   <div class='ocr_carea' id='block_1_41' title="bbox 513 2768 2111 2842">
    <p class='ocr_par' dir='ltr' id='par_1_41' title="bbox 513 2768 2111 2842">
     <span class='ocr_line' id='line_1_41' title="bbox 513 2768 2111 2842; baseline -0.006 -9"><span class='ocrx_word' id='word_1_296' title='bbox 513 2779 651 2834; x_wconf 90' lang='lat' dir='ltr'><strong>libet</strong></span> <span class='ocrx_word' id='word_1_297' title='bbox 673 2779 1046 2842; x_wconf 82' lang='lat' dir='ltr'><strong>substantiam,</strong></span> <span class='ocrx_word' id='word_1_298' title='bbox 1070 2777 1262 2832; x_wconf 67' lang='lat' dir='ltr'><strong>anima!</strong></span> <span class='ocrx_word' id='word_1_299' title='bbox 1287 2783 1484 2831; x_wconf 73' lang='lat' dir='ltr'><strong>nostra:</strong></span> <span class='ocrx_word' id='word_1_300' title='bbox 1506 2773 1588 2828; x_wconf 88' lang='lat' dir='ltr'><strong>vel</strong></span> <span class='ocrx_word' id='word_1_301' title='bbox 1605 2769 1828 2842; x_wconf 87' lang='lat' dir='ltr'><strong>piissimi</strong></span> <span class='ocrx_word' id='word_1_302' title='bbox 1857 2768 2111 2840; x_wconf 88' lang='lat' dir='ltr'><strong>principis</strong></span> 
     </span>
    </p>
   </div>
   <div class='ocr_carea' id='block_1_42' title="bbox 513 2861 2111 2942">
    <p class='ocr_par' dir='ltr' id='par_1_42' title="bbox 513 2861 2111 2942">
     <span class='ocr_line' id='line_1_42' title="bbox 513 2861 2111 2942; baseline -0.006 -16"><span class='ocrx_word' id='word_1_303' title='bbox 513 2871 758 2942; x_wconf 90' lang='lat' dir='ltr'><strong>opinioni</strong></span> <span class='ocrx_word' id='word_1_304' title='bbox 787 2869 1168 2942; x_wconf 59' lang='lat' dir='ltr'><strong>praeponimus.</strong></span> <span class='ocrx_word' id='word_1_305' title='bbox 1219 2867 1354 2922; x_wconf 88' lang='lat' dir='ltr'><strong>Data</strong></span> <span class='ocrx_word' id='word_1_306' title='bbox 1397 2866 1556 2920; x_wconf 89' lang='lat' dir='ltr'><strong>nonis</strong></span> <span class='ocrx_word' id='word_1_307' title='bbox 1595 2861 1904 2926; x_wconf 86' lang='lat' dir='ltr'><strong>Februarii,</strong></span> <span class='ocrx_word' id='word_1_308' title='bbox 1939 2861 2111 2930; x_wconf 83' lang='lat' dir='ltr'><strong>impe-</strong></span> 
     </span>
    </p>
   </div>
   <div class='ocr_carea' id='block_1_43' title="bbox 511 2949 2106 3030">
    <p class='ocr_par' dir='ltr' id='par_1_43' title="bbox 511 2949 2106 3030">
     <span class='ocr_line' id='line_1_43' title="bbox 511 2949 2106 3030; baseline -0.009 -11"><span class='ocrx_word' id='word_1_309' title='bbox 511 2971 668 3019; x_wconf 85' lang='lat' dir='ltr'><strong>rante</strong></span> <span class='ocrx_word' id='word_1_310' title='bbox 701 2963 921 3018; x_wconf 91' lang='lat' dir='ltr'><strong>domino</strong></span> <span class='ocrx_word' id='word_1_311' title='bbox 951 2961 1256 3017; x_wconf 73' lang='lat' dir='ltr'><strong>Iustiniano</strong></span> <span class='ocrx_word' id='word_1_312' title='bbox 1281 2957 1544 3030; x_wconf 87' lang='lat' dir='ltr'><strong>perpetuo</strong></span> <span class='ocrx_word' id='word_1_313' title='bbox 1573 2956 1990 3023; x_wconf 80' lang='lat' dir='ltr'><strong>Augusto,anno</strong></span> <span class='ocrx_word' id='word_1_314' title='bbox 2015 2949 2106 3014; x_wconf 70' lang='lat'><strong>25,</strong></span> 
     </span>
    </p>
   </div>
   <div class='ocr_carea' id='block_1_44' title="bbox 511 3044 2108 3126">
    <p class='ocr_par' dir='ltr' id='par_1_44' title="bbox 511 3044 2108 3126">
     <span class='ocr_line' id='line_1_44' title="bbox 511 3044 2108 3126; baseline -0.006 -18"><span class='ocrx_word' id='word_1_315' title='bbox 511 3063 636 3126; x_wconf 89' lang='lat' dir='ltr'><strong>post</strong></span> <span class='ocrx_word' id='word_1_316' title='bbox 687 3055 1024 3110; x_wconf 84' lang='lat' dir='ltr'><strong>consulatum</strong></span> <span class='ocrx_word' id='word_1_317' title='bbox 1081 3053 1264 3108; x_wconf 88' lang='lat' dir='ltr'><strong>Basilii</strong></span> <span class='ocrx_word' id='word_1_318' title='bbox 1311 3051 1412 3106; x_wconf 89' lang='lat' dir='ltr'><strong>viri</strong></span> <span class='ocrx_word' id='word_1_319' title='bbox 1463 3047 1746 3104; x_wconf 88' lang='lat' dir='ltr'><strong>clarissimi</strong></span> <span class='ocrx_word' id='word_1_320' title='bbox 1789 3061 1932 3101; x_wconf 88' lang='lat' dir='ltr'><strong>anno</strong></span> <span class='ocrx_word' id='word_1_321' title='bbox 1963 3044 1990 3085; x_wconf 73' lang='grc' dir='ltr'><strong>ι’</strong></span> <span class='ocrx_word' id='word_1_322' title='bbox 2039 3044 2108 3098; x_wconf 83' lang='grc'><strong>10</strong></span> 
     </span>
    </p>
   </div>
   <div class='ocr_carea' id='block_1_45' title="bbox 515 3145 1016 3219">
    <p class='ocr_par' dir='ltr' id='par_1_45' title="bbox 515 3145 1016 3219">
     <span class='ocr_line' id='line_1_45' title="bbox 515 3145 1016 3219; baseline 0 -19"><span class='ocrx_word' id='word_1_323' title='bbox 515 3148 686 3219; x_wconf 77' lang='lat' dir='ltr'><strong>(Arma</strong></span> <span class='ocrx_word' id='word_1_324' title='bbox 711 3147 833 3201; x_wconf 82' lang='lat' dir='ltr'><strong>Chr.</strong></span> <span class='ocrx_word' id='word_1_325' title='bbox 871 3145 1016 3216; x_wconf 70' lang='lat'><strong>551).</strong></span> 
     </span>
    </p>
   </div>
   <div class='ocr_carea' id='block_1_46' title="bbox 613 3247 2028 3314">
    <p class='ocr_par' dir='ltr' id='par_1_46' title="bbox 613 3247 2028 3314">
     <span class='ocr_line' id='line_1_46' title="bbox 613 3247 2028 3314; baseline -0.006 -1"><span class='ocrx_word' id='word_1_326' title='bbox 613 3271 636 3298; x_wconf 76' lang='grc' dir='ltr'><strong>ο</strong></span> <span class='ocrx_word' id='word_1_327' title='bbox 667 3257 1143 3314; x_wconf 74' lang='lat' dir='ltr'><strong>FRAGMENTUM</strong></span> <span class='ocrx_word' id='word_1_328' title='bbox 1183 3253 1648 3312; x_wconf 77' lang='lat' dir='ltr'><strong>DAMNATIONIS</strong></span> <span class='ocrx_word' id='word_1_329' title='bbox 1685 3247 2028 3307; x_wconf 83' lang='lat' dir='ltr'><strong>TllEODORl</strong></span> 
     </span>
    </p>
   </div>
   <div class='ocr_carea' id='block_1_47' title="bbox 515 3381 2108 3430">
    <p class='ocr_par' dir='ltr' id='par_1_47' title="bbox 515 3381 2108 3430">
     <span class='ocr_line' id='line_1_47' title="bbox 515 3381 2108 3430; baseline -0.004 -2"><span class='ocrx_word' id='word_1_330' title='bbox 515 3389 748 3430; x_wconf 70' lang='lat' dir='ltr'><strong>EPISCOPI</strong></span> <span class='ocrx_word' id='word_1_331' title='bbox 775 3389 1045 3429; x_wconf 69' lang='grc' dir='ltr'><strong>ΟΕΞΔΒΕΔΞ</strong></span> <span class='ocrx_word' id='word_1_332' title='bbox 1078 3387 1418 3428; x_wconf 68' lang='lat' dir='ltr'><strong>CAPPADOCIE</strong></span> <span class='ocrx_word' id='word_1_333' title='bbox 1453 3387 1484 3424; x_wconf 77' lang='grc' dir='ltr'>Α</span> <span class='ocrx_word' id='word_1_334' title='bbox 1519 3384 1691 3424; x_wconf 75' lang='grc' dir='ltr'><strong>ΒΕΔΤΟ</strong></span> <span class='ocrx_word' id='word_1_335' title='bbox 1733 3381 1930 3423; x_wconf 73' lang='grc' dir='ltr'><strong>γιῦιιιο</strong></span> <span class='ocrx_word' id='word_1_336' title='bbox 1977 3382 2108 3422; x_wconf 71' lang='grc' dir='ltr'><strong>ΡΑΡΑ</strong></span> 
     </span>
    </p>
   </div>
   <div class='ocr_carea' id='block_1_48' title="bbox 1205 3478 1417 3520">
    <p class='ocr_par' dir='ltr' id='par_1_48' title="bbox 1205 3478 1417 3520">
     <span class='ocr_line' id='line_1_48' title="bbox 1205 3478 1417 3520; baseline -0.009 0"><span class='ocrx_word' id='word_1_337' title='bbox 1205 3478 1417 3520; x_wconf 65' lang='lat' dir='ltr'><strong>FACTE.</strong></span> 
     </span>
    </p>
   </div>
   <div class='ocr_carea' id='block_1_49' title="bbox 519 3553 2112 3628">
    <p class='ocr_par' dir='ltr' id='par_1_49' title="bbox 519 3553 2112 3628">
     <span class='ocr_line' id='line_1_49' title="bbox 519 3553 2112 3628; baseline -0.002 -20"><span class='ocrx_word' id='word_1_338' title='bbox 519 3553 814 3628; x_wconf 60' lang='lat' dir='ltr'><strong>Theodorus</strong></span> <span class='ocrx_word' id='word_1_339' title='bbox 844 3558 1113 3628; x_wconf 73' lang='lat' dir='ltr'><strong>cpiscmms</strong></span> <span class='ocrx_word' id='word_1_340' title='bbox 1151 3555 1439 3628; x_wconf 77' lang='lat' dir='ltr'><strong>sacerdotio</strong></span> <span class='ocrx_word' id='word_1_341' title='bbox 1468 3553 1919 3628; x_wconf 10' lang='lat' dir='ltr'><strong>eticommunione</strong></span> <span class='ocrx_word' id='word_1_342' title='bbox 1937 3553 2112 3628; x_wconf 65' lang='lat' dir='ltr'><strong>priua-</strong></span> 
     </span>
    </p>
   </div>
   <div class='ocr_carea' id='block_1_50' title="bbox 591 3623 2106 3698">
    <p class='ocr_par' dir='ltr' id='par_1_50' title="bbox 591 3623 2106 3698">
     <span class='ocr_line' id='line_1_50' title="bbox 591 3623 2106 3698; baseline -0.003 -18"><span class='ocrx_word' id='word_1_343' title='bbox 591 3637 692 3680; x_wconf 87' lang='lat' dir='ltr'><strong>tur.</strong></span> <span class='ocrx_word' id='word_1_344' title='bbox 727 3623 1332 3696; x_wconf 77' lang='lat' dir='ltr'><strong>Consimitiuopolitnnus</strong></span> <span class='ocrx_word' id='word_1_345' title='bbox 1372 3633 1420 3698; x_wconf 62' lang='lat' dir='ltr'><strong>et</strong></span> <span class='ocrx_word' id='word_1_346' title='bbox 1462 3625 1644 3698; x_wconf 80' lang='lat' dir='ltr'><strong>reliqui</strong></span> <span class='ocrx_word' id='word_1_347' title='bbox 1693 3625 1919 3696; x_wconf 81' lang='lat' dir='ltr'><strong>episcopi</strong></span> <span class='ocrx_word' id='word_1_348' title='bbox 1965 3623 2106 3676; x_wconf 80' lang='lat' dir='ltr'><strong>illius</strong></span> 
     </span>
    </p>
   </div>
   <div class='ocr_carea' id='block_1_51' title="bbox 585 3696 1587 3752">
    <p class='ocr_par' dir='ltr' id='par_1_51' title="bbox 585 3696 1587 3752">
     <span class='ocr_line' id='line_1_51' title="bbox 585 3696 1587 3752; baseline 0 -2"><span class='ocrx_word' id='word_1_349' title='bbox 585 3700 818 3751; x_wconf 70' lang='lat' dir='ltr'><strong>criminis</strong></span> <span class='ocrx_word' id='word_1_350' title='bbox 845 3699 1036 3752; x_wconf 80' lang='lat' dir='ltr'><strong>conscii</strong></span> <span class='ocrx_word' id='word_1_351' title='bbox 1058 3696 1587 3751; x_wconf 70' lang='lat' dir='ltr'><strong>excommunicantur.</strong></span> 
     </span>
    </p>
   </div>
   <div class='ocr_carea' id='block_1_52' title="bbox 587 3785 2110 3858">
    <p class='ocr_par' dir='ltr' id='par_1_52' title="bbox 587 3785 2110 3858">
     <span class='ocr_line' id='line_1_52' title="bbox 587 3785 2110 3858; baseline -0.001 -16"><span class='ocrx_word' id='word_1_352' title='bbox 587 3787 810 3858; x_wconf 75' lang='lat' dir='ltr'><strong>Vigilius</strong></span> <span class='ocrx_word' id='word_1_353' title='bbox 837 3790 1122 3858; x_wconf 76' lang='lat' dir='ltr'><strong>episcolms</strong></span> <span class='ocrx_word' id='word_1_354' title='bbox 1149 3797 1348 3842; x_wconf 74' lang='lat' dir='ltr'><strong>sancta:</strong></span> <span class='ocrx_word' id='word_1_355' title='bbox 1377 3785 1632 3842; x_wconf 73' lang='lat' dir='ltr'><strong>Ecclesize</strong></span> <span class='ocrx_word' id='word_1_356' title='bbox 1661 3785 1940 3842; x_wconf 61' lang='lat' dir='ltr'><strong>catholicae</strong></span> <span class='ocrx_word' id='word_1_357' title='bbox 1963 3785 2110 3840; x_wconf 89' lang='lat' dir='ltr'><strong>urbis</strong></span> 
     </span>
    </p>
   </div>
   <div class='ocr_carea' id='block_1_53' title="bbox 519 3877 2110 3950">
    <p class='ocr_par' dir='ltr' id='par_1_53' title="bbox 519 3877 2110 3950">
     <span class='ocr_line' id='line_1_53' title="bbox 519 3877 2110 3950; baseline -0.002 -16"><span class='ocrx_word' id='word_1_358' title='bbox 519 3878 704 3934; x_wconf 67' lang='lat' dir='ltr'><strong>Romae</strong></span> <span class='ocrx_word' id='word_1_359' title='bbox 731 3879 900 3934; x_wconf 83' lang='lat' dir='ltr'><strong>dixit:</strong></span> <span class='ocrx_word' id='word_1_360' title='bbox 935 3879 1042 3934; x_wconf 79' lang='lat' dir='ltr'><strong>Res</strong></span> <span class='ocrx_word' id='word_1_361' title='bbox 1071 3887 1152 3933; x_wconf 90' lang='lat' dir='ltr'><strong>est</strong></span> <span class='ocrx_word' id='word_1_362' title='bbox 1180 3879 1394 3950; x_wconf 88' lang='lat' dir='ltr'><strong>quidem</strong></span> <span class='ocrx_word' id='word_1_363' title='bbox 1425 3879 1618 3933; x_wconf 81' lang='lat' dir='ltr'><strong>divinae</strong></span> <span class='ocrx_word' id='word_1_364' title='bbox 1644 3878 1972 3934; x_wconf 86' lang='lat' dir='ltr'><strong>conveniens</strong></span> <span class='ocrx_word' id='word_1_365' title='bbox 1995 3877 2110 3947; x_wconf 86' lang='lat' dir='ltr'><strong>jus-</strong></span> 
     </span>
    </p>
   </div>
   <div class='ocr_carea' id='block_1_54' title="bbox 517 3969 2108 4041">
    <p class='ocr_par' dir='ltr' id='par_1_54' title="bbox 517 3969 2108 4041">
     <span class='ocr_line' id='line_1_54' title="bbox 517 3969 2108 4041; baseline -0.002 -15"><span class='ocrx_word' id='word_1_366' title='bbox 517 3971 678 4038; x_wconf 88' lang='lat' dir='ltr'><strong>sioni,</strong></span> <span class='ocrx_word' id='word_1_367' title='bbox 709 3971 1022 4041; x_wconf 86' lang='lat' dir='ltr'><strong>patientiam</strong></span> <span class='ocrx_word' id='word_1_368' title='bbox 1071 3971 1318 4040; x_wconf 64' lang='lat' dir='ltr'><strong>prtebere</strong></span> <span class='ocrx_word' id='word_1_369' title='bbox 1367 3969 1735 4040; x_wconf 87' lang='lat' dir='ltr'><strong>peccantibus,</strong></span> <span class='ocrx_word' id='word_1_370' title='bbox 1789 3983 1950 4038; x_wconf 86' lang='lat' dir='ltr'><strong>quam</strong></span> <span class='ocrx_word' id='word_1_371' title='bbox 2001 3983 2108 4023; x_wconf 88' lang='lat' dir='ltr'><strong>non</strong></span> 
     </span>
    </p>
   </div>
   <div class='ocr_carea' id='block_1_55' title="bbox 517 4061 2112 4133">
    <p class='ocr_par' dir='ltr' id='par_1_55' title="bbox 517 4061 2112 4133">
     <span class='ocr_line' id='line_1_55' title="bbox 517 4061 2112 4133; baseline 0.001 -17"><span class='ocrx_word' id='word_1_372' title='bbox 517 4069 700 4119; x_wconf 88' lang='lat' dir='ltr'><strong>tamen</strong></span> <span class='ocrx_word' id='word_1_373' title='bbox 729 4063 968 4132; x_wconf 85' lang='lat' dir='ltr'><strong>adusque</strong></span> <span class='ocrx_word' id='word_1_374' title='bbox 996 4061 1022 4100; x_wconf 70' lang='grc' dir='ltr'><strong><em>ἀ</em></strong></span> <span class='ocrx_word' id='word_1_375' title='bbox 1055 4063 1212 4118; x_wconf 88' lang='lat' dir='ltr'><strong>decet</strong></span> <span class='ocrx_word' id='word_1_376' title='bbox 1241 4061 1478 4128; x_wconf 82' lang='lat' dir='ltr'><strong>extendi,</strong></span> <span class='ocrx_word' id='word_1_377' title='bbox 1511 4069 1567 4116; x_wconf 92' lang='lat' dir='ltr'><strong>ut</strong></span> <span class='ocrx_word' id='word_1_378' title='bbox 1595 4077 1690 4133; x_wconf 90' lang='lat' dir='ltr'><strong>spe</strong></span> <span class='ocrx_word' id='word_1_379' title='bbox 1719 4063 1984 4118; x_wconf 64' lang='lat' dir='ltr'><strong>continuae</strong></span> <span class='ocrx_word' id='word_1_380' title='bbox 2009 4062 2112 4117; x_wconf 87' lang='lat' dir='ltr'><strong>im-</strong></span> 
     </span>
    </p>
   </div>
   <div class='ocr_carea' id='block_1_56' title="bbox 593 4223 1570 4296">
    <p class='ocr_par' dir='ltr' id='par_1_56' title="bbox 593 4223 1570 4296">
     <span class='ocr_line' id='line_1_56' title="bbox 593 4223 1570 4296; baseline 0.001 -16"><span class='ocrx_word' id='word_1_381' title='bbox 593 4233 620 4296; x_wconf 57' lang='lat' dir='ltr'><strong>f</strong></span> <span class='ocrx_word' id='word_1_382' title='bbox 649 4225 762 4282; x_wconf 87' lang='lat' dir='ltr'><strong>Sub</strong></span> <span class='ocrx_word' id='word_1_383' title='bbox 787 4225 999 4282; x_wconf 84' lang='lat' dir='ltr'><strong>Justino</strong></span> <span class='ocrx_word' id='word_1_384' title='bbox 1025 4227 1240 4296; x_wconf 89' lang='lat' dir='ltr'><strong>imper.,</strong></span> <span class='ocrx_word' id='word_1_385' title='bbox 1271 4241 1414 4280; x_wconf 88' lang='lat' dir='ltr'><strong>anno</strong></span> <span class='ocrx_word' id='word_1_386' title='bbox 1445 4223 1570 4281; x_wconf 82' lang='lat'><strong>5|9.</strong></span> 
     </span>
    </p>
   </div>
   <div class='ocr_carea' id='block_1_57' title="bbox 590 4294 2111 4364">
    <p class='ocr_par' dir='ltr' id='par_1_57' title="bbox 590 4294 2111 4364">
     <span class='ocr_line' id='line_1_57' title="bbox 590 4294 2111 4364; baseline 0.001 -14"><span class='ocrx_word' id='word_1_387' title='bbox 590 4294 618 4333; x_wconf 69' lang='grc' dir='ltr'>δ</span> <span class='ocrx_word' id='word_1_388' title='bbox 649 4296 796 4352; x_wconf 89' lang='lat' dir='ltr'><strong>Loco</strong></span> <span class='ocrx_word' id='word_1_389' title='bbox 825 4315 964 4352; x_wconf 83' lang='lat' dir='ltr'><strong>anno</strong></span> <span class='ocrx_word' id='word_1_390' title='bbox 1000 4297 1066 4351; x_wconf 84' lang='grc'><strong>10</strong></span> <span class='ocrx_word' id='word_1_391' title='bbox 1101 4294 1398 4364; x_wconf 70' lang='lat' dir='ltr'><strong>legendum</strong></span> <span class='ocrx_word' id='word_1_392' title='bbox 1437 4313 1578 4352; x_wconf 88' lang='lat' dir='ltr'><strong>anno</strong></span> <span class='ocrx_word' id='word_1_393' title='bbox 1627 4297 1712 4362; x_wconf 82' lang='lat' dir='ltr'><strong>ll,</strong></span> <span class='ocrx_word' id='word_1_394' title='bbox 1745 4308 1802 4352; x_wconf 90' lang='lat' dir='ltr'><strong>ut</strong></span> <span class='ocrx_word' id='word_1_395' title='bbox 1839 4313 2010 4354; x_wconf 87' lang='lat' dir='ltr'><strong>annus</strong></span> <span class='ocrx_word' id='word_1_396' title='bbox 2042 4297 2111 4352; x_wconf 70' lang='grc'><strong>25</strong></span> 
     </span>
    </p>
   </div>
   <div class='ocr_carea' id='block_1_58' title="bbox 521 4363 2110 4438">
    <p class='ocr_par' dir='ltr' id='par_1_58' title="bbox 521 4363 2110 4438">
     <span class='ocr_line' id='line_1_58' title="bbox 521 4363 2110 4438; baseline 0.002 -19"><span class='ocrx_word' id='word_1_397' title='bbox 521 4363 806 4438; x_wconf 60' lang='grc' dir='ltr'><strong>ξιιδιὶηἱθιιὶ</strong></span> <span class='ocrx_word' id='word_1_398' title='bbox 830 4383 953 4438; x_wconf 85' lang='lat' dir='ltr'><strong>cum</strong></span> <span class='ocrx_word' id='word_1_399' title='bbox 967 4383 1147 4421; x_wconf 88' lang='lat' dir='ltr'><strong>mense</strong></span> <span class='ocrx_word' id='word_1_400' title='bbox 1159 4367 1454 4422; x_wconf 87' lang='lat' dir='ltr'><strong>Februario</strong></span> <span class='ocrx_word' id='word_1_401' title='bbox 1476 4367 2110 4438; x_wconf 78' lang='lat' dir='ltr'><strong>copulatusmanifestum</strong></span> 
     </span>
    </p>
   </div>
   <div class='ocr_carea' id='block_1_59' title="bbox 519 4435 2104 4509">
    <p class='ocr_par' dir='ltr' id='par_1_59' title="bbox 519 4435 2104 4509">
     <span class='ocr_line' id='line_1_59' title="bbox 519 4435 2104 4509; baseline 0.001 -19"><span class='ocrx_word' id='word_1_402' title='bbox 519 4435 746 4509; x_wconf 78' lang='lat' dir='ltr'><strong>facit,_ae</strong></span> <span class='ocrx_word' id='word_1_403' title='bbox 769 4437 994 4509; x_wconf 81' lang='lat' dir='ltr'><strong>proinde</strong></span> <span class='ocrx_word' id='word_1_404' title='bbox 1020 4439 1142 4490; x_wconf 80' lang='lat' dir='ltr'><strong>data</strong></span> <span class='ocrx_word' id='word_1_405' title='bbox 1169 4439 1285 4492; x_wconf 71' lang='lat' dir='ltr'><strong>lucc</strong></span> <span class='ocrx_word' id='word_1_406' title='bbox 1314 4435 1581 4509; x_wconf 29' lang='lat' dir='ltr'><strong>encyclic‘a</strong></span> <span class='ocrx_word' id='word_1_407' title='bbox 1603 4455 1744 4494; x_wconf 89' lang='lat' dir='ltr'><strong>anno</strong></span> <span class='ocrx_word' id='word_1_408' title='bbox 1767 4437 1964 4494; x_wconf 85' lang='lat' dir='ltr'><strong>Christi</strong></span> <span class='ocrx_word' id='word_1_409' title='bbox 1981 4435 2104 4492; x_wconf 74' lang='lat'><strong>552.</strong></span> 
     </span>
    </p>
   </div>
   <div class='ocr_carea' id='block_1_60' title="bbox 599 4507 2114 4579">
    <p class='ocr_par' dir='ltr' id='par_1_60' title="bbox 599 4507 2114 4579">
     <span class='ocr_line' id='line_1_60' title="bbox 599 4507 2114 4579; baseline 0.001 -19"><span class='ocrx_word' id='word_1_410' title='bbox 599 4519 621 4544; x_wconf 73' lang='grc' dir='ltr'><strong>ο</strong></span> <span class='ocrx_word' id='word_1_411' title='bbox 655 4507 978 4562; x_wconf 82' lang='lat' dir='ltr'><strong>Theodorus</strong></span> <span class='ocrx_word' id='word_1_412' title='bbox 991 4509 1338 4579; x_wconf 61' lang='lat' dir='ltr'><strong>Caesariensis</strong></span> <span class='ocrx_word' id='word_1_413' title='bbox 1361 4507 1650 4579; x_wconf 87' lang='lat' dir='ltr'><strong>episcopus</strong></span> <span class='ocrx_word' id='word_1_414' title='bbox 1675 4509 1998 4564; x_wconf 85' lang='lat' dir='ltr'><strong>intolerabili</strong></span> <span class='ocrx_word' id='word_1_415' title='bbox 2017 4525 2114 4562; x_wconf 87' lang='lat' dir='ltr'><strong>au-</strong></span> 
     </span>
    </p>
   </div>
   <div class='ocr_carea' id='block_1_61' title="bbox 523 4577 2112 4650">
    <p class='ocr_par' dir='ltr' id='par_1_61' title="bbox 523 4577 2112 4650">
     <span class='ocr_line' id='line_1_61' title="bbox 523 4577 2112 4650; baseline 0.002 -19"><span class='ocrx_word' id='word_1_416' title='bbox 523 4577 678 4650; x_wconf 82' lang='lat' dir='ltr'><strong>dacia</strong></span> <span class='ocrx_word' id='word_1_417' title='bbox 707 4589 767 4650; x_wconf 68' lang='lat' dir='ltr'><strong>et</strong></span> <span class='ocrx_word' id='word_1_418' title='bbox 793 4578 1142 4650; x_wconf 84' lang='lat' dir='ltr'><strong>impudentia,</strong></span> <span class='ocrx_word' id='word_1_419' title='bbox 1173 4577 1511 4650; x_wconf 77' lang='lat' dir='ltr'><strong>imperatoris</strong></span> <span class='ocrx_word' id='word_1_420' title='bbox 1550 4577 1730 4649; x_wconf 60' lang='lat' dir='ltr'><strong>gratia</strong></span> <span class='ocrx_word' id='word_1_421' title='bbox 1774 4589 1831 4636; x_wconf 90' lang='lat' dir='ltr'><strong>et</strong></span> <span class='ocrx_word' id='word_1_422' title='bbox 1869 4581 2112 4650; x_wconf 85' lang='lat' dir='ltr'><strong>potentia</strong></span> 
     </span>
    </p>
   </div>
   <div class='ocr_carea' id='block_1_62' title="bbox 523 4647 2116 4721">
    <p class='ocr_par' dir='ltr' id='par_1_62' title="bbox 523 4647 2116 4721">
     <span class='ocr_line' id='line_1_62' title="bbox 523 4647 2116 4721; baseline 0.002 -20"><span class='ocrx_word' id='word_1_423' title='bbox 523 4647 708 4712; x_wconf 86' lang='lat' dir='ltr'><strong>fretus,</strong></span> <span class='ocrx_word' id='word_1_424' title='bbox 734 4649 938 4702; x_wconf 88' lang='lat' dir='ltr'><strong>Zoilum</strong></span> <span class='ocrx_word' id='word_1_425' title='bbox 970 4647 1388 4721; x_wconf 76' lang='lat' dir='ltr'><strong>Alexandrinum</strong></span> <span class='ocrx_word' id='word_1_426' title='bbox 1428 4647 1760 4721; x_wconf 76' lang='lat' dir='ltr'><strong>episcopum,</strong></span> <span class='ocrx_word' id='word_1_427' title='bbox 1803 4647 1950 4720; x_wconf 82' lang='lat' dir='ltr'><strong>quod</strong></span> <span class='ocrx_word' id='word_1_428' title='bbox 1970 4653 2116 4705; x_wconf 90' lang='lat' dir='ltr'><strong>dam-</strong></span> 
     </span>
    </p>
   </div>
   <div class='ocr_carea' id='block_1_63' title="bbox 525 4719 2113 4790">
    <p class='ocr_par' dir='ltr' id='par_1_63' title="bbox 525 4719 2113 4790">
     <span class='ocr_line' id='line_1_63' title="bbox 525 4719 2113 4790; baseline 0.003 -18"><span class='ocrx_word' id='word_1_429' title='bbox 525 4734 656 4772; x_wconf 90' lang='lat' dir='ltr'><strong>nare</strong></span> <span class='ocrx_word' id='word_1_430' title='bbox 687 4721 786 4773; x_wconf 87' lang='lat' dir='ltr'><strong>tria</strong></span> <span class='ocrx_word' id='word_1_431' title='bbox 827 4719 1061 4790; x_wconf 77' lang='lat' dir='ltr'><strong>capitula</strong></span> <span class='ocrx_word' id='word_1_432' title='bbox 1111 4721 1394 4782; x_wconf 88' lang='lat' dir='ltr'><strong>renuisset,</strong></span> <span class='ocrx_word' id='word_1_433' title='bbox 1429 4719 1696 4790; x_wconf 83' lang='lat' dir='ltr'><strong>deposuit.</strong></span> <span class='ocrx_word' id='word_1_434' title='bbox 1741 4719 2113 4790; x_wconf 29' lang='lat' dir='ltr'><strong>et’Apollina-</strong></span> 
     </span>
    </p>
   </div>
   <div class='ocr_carea' id='block_1_64' title="bbox 523 4789 2112 4862">
    <p class='ocr_par' dir='ltr' id='par_1_64' title="bbox 523 4789 2112 4862">
     <span class='ocr_line' id='line_1_64' title="bbox 523 4789 2112 4862; baseline 0.003 -20"><span class='ocrx_word' id='word_1_435' title='bbox 523 4789 1094 4862; x_wconf 17' lang='lat' dir='ltr'><strong>rem,teste#Liberato</strong></span> <span class='ocrx_word' id='word_1_436' title='bbox 1125 4791 1176 4844; x_wconf 91' lang='lat' dir='ltr'><strong>in</strong></span> <span class='ocrx_word' id='word_1_437' title='bbox 1209 4791 1484 4846; x_wconf 87' lang='lat' dir='ltr'><strong>Breviario</strong></span> <span class='ocrx_word' id='word_1_438' title='bbox 1506 4789 1636 4862; x_wconf 86' lang='lat' dir='ltr'><strong>cap.</strong></span> <span class='ocrx_word' id='word_1_439' title='bbox 1671 4793 1761 4854; x_wconf 71' lang='lat'><strong>95,</strong></span> <span class='ocrx_word' id='word_1_440' title='bbox 1779 4789 2112 4860; x_wconf 80' lang='lat' dir='ltr'><strong>subrogavit,</strong></span> 
     </span>
    </p>
   </div>
   <div class='ocr_carea' id='block_1_65' title="bbox 527 4860 2115 4931">
    <p class='ocr_par' dir='ltr' id='par_1_65' title="bbox 527 4860 2115 4931">
     <span class='ocr_line' id='line_1_65' title="bbox 527 4860 2115 4931; baseline 0.003 -17"><span class='ocrx_word' id='word_1_441' title='bbox 527 4860 776 4927; x_wconf 81' lang='lat' dir='ltr'><strong>Vigilium</strong></span> <span class='ocrx_word' id='word_1_442' title='bbox 825 4860 1124 4916; x_wconf 81' lang='lat' dir='ltr'><strong>Romanum</strong></span> <span class='ocrx_word' id='word_1_443' title='bbox 1171 4862 1478 4931; x_wconf 80' lang='lat' dir='ltr'><strong>pontiﬁcem</strong></span> <span class='ocrx_word' id='word_1_444' title='bbox 1505 4860 1988 4928; x_wconf 83' lang='lat' dir='ltr'><strong>contradicentem,</strong></span> <span class='ocrx_word' id='word_1_445' title='bbox 2045 4878 2115 4918; x_wconf 89' lang='lat' dir='ltr'><strong>ne</strong></span> 
     </span>
    </p>
   </div>
   <div class='ocr_carea' id='block_1_66' title="bbox 525 4931 2115 5004">
    <p class='ocr_par' dir='ltr' id='par_1_66' title="bbox 525 4931 2115 5004">
     <span class='ocr_line' id='line_1_66' title="bbox 525 4931 2115 5004; baseline 0.003 -21"><span class='ocrx_word' id='word_1_446' title='bbox 525 4931 720 5004; x_wconf 75' lang='lat' dir='ltr'><strong>edicto</strong></span> <span class='ocrx_word' id='word_1_447' title='bbox 753 4932 1091 5004; x_wconf 82' lang='lat' dir='ltr'><strong>imperatoris</strong></span> <span class='ocrx_word' id='word_1_448' title='bbox 1138 4934 1498 5004; x_wconf 82' lang='lat' dir='ltr'><strong>consentiret,</strong></span> <span class='ocrx_word' id='word_1_449' title='bbox 1544 4935 1892 5004; x_wconf 88' lang='lat' dir='ltr'><strong>contempsit,</strong></span> <span class='ocrx_word' id='word_1_450' title='bbox 1940 4948 2115 5004; x_wconf 83' lang='lat' dir='ltr'><strong>eoque</strong></span> 
     </span>
    </p>
   </div>
   <div class='ocr_carea' id='block_1_67' title="bbox 527 5001 2117 5074">
    <p class='ocr_par' dir='ltr' id='par_1_67' title="bbox 527 5001 2117 5074">
     <span class='ocr_line' id='line_1_67' title="bbox 527 5001 2117 5074; baseline 0.002 -21"><span class='ocrx_word' id='word_1_451' title='bbox 527 5001 885 5074; x_wconf 77' lang='lat' dir='ltr'><strong>interdicente</strong></span> <span class='ocrx_word' id='word_1_452' title='bbox 915 5003 1104 5058; x_wconf 67' lang='lat' dir='ltr'><strong>missas</strong></span> <span class='ocrx_word' id='word_1_453' title='bbox 1133 5003 1429 5071; x_wconf 72' lang='lat' dir='ltr'><strong>celebrare,</strong></span> <span class='ocrx_word' id='word_1_454' title='bbox 1456 5001 1664 5074; x_wconf 87' lang='lat' dir='ltr'><strong>aliaque</strong></span> <span class='ocrx_word' id='word_1_455' title='bbox 1690 5001 1839 5074; x_wconf 81' lang='lat' dir='ltr'><strong>plura</strong></span> <span class='ocrx_word' id='word_1_456' title='bbox 1865 5001 2117 5058; x_wconf 87' lang='lat' dir='ltr'><strong>intolera-</strong></span> 
     </span>
    </p>
   </div>
   <div class='ocr_carea' id='block_1_68' title="bbox 528 5071 2114 5141">
    <p class='ocr_par' dir='ltr' id='par_1_68' title="bbox 528 5071 2114 5141">
     <span class='ocr_line' id='line_1_68' title="bbox 528 5071 2114 5141; baseline 0.001 -15"><span class='ocrx_word' id='word_1_457' title='bbox 528 5071 654 5126; x_wconf 87' lang='lat' dir='ltr'><strong>bilia</strong></span> <span class='ocrx_word' id='word_1_458' title='bbox 693 5081 908 5141; x_wconf 81' lang='lat' dir='ltr'><strong>patrare</strong></span> <span class='ocrx_word' id='word_1_459' title='bbox 945 5089 1105 5129; x_wconf 77' lang='lat' dir='ltr'><strong>ausus</strong></span> <span class='ocrx_word' id='word_1_460' title='bbox 1155 5074 1268 5128; x_wconf 80' lang='lat' dir='ltr'><strong>fuit.</strong></span> <span class='ocrx_word' id='word_1_461' title='bbox 1299 5073 1380 5128; x_wconf 74' lang='grc' dir='ltr'><strong>Οἱ)</strong></span> <span class='ocrx_word' id='word_1_462' title='bbox 1433 5077 1544 5130; x_wconf 65' lang='lat' dir='ltr'><strong>haec</strong></span> <span class='ocrx_word' id='word_1_463' title='bbox 1580 5071 1791 5131; x_wconf 78' lang='lat' dir='ltr'><strong>scelera</strong></span> <span class='ocrx_word' id='word_1_464' title='bbox 1842 5074 2114 5128; x_wconf 85' lang='lat' dir='ltr'><strong>Theodori</strong></span> 
     </span>
    </p>
   </div>
   <div class='ocr_carea' id='block_1_69' title="bbox 529 5141 2114 5215">
    <p class='ocr_par' dir='ltr' id='par_1_69' title="bbox 529 5141 2114 5215">
     <span class='ocr_line' id='line_1_69' title="bbox 529 5141 2114 5215; baseline 0.003 -19"><span class='ocrx_word' id='word_1_465' title='bbox 529 5141 774 5215; x_wconf 71' lang='lat' dir='ltr'><strong>V’igilius,</strong></span> <span class='ocrx_word' id='word_1_466' title='bbox 825 5143 1052 5200; x_wconf 83' lang='lat' dir='ltr'><strong>infracto</strong></span> <span class='ocrx_word' id='word_1_467' title='bbox 1107 5146 1270 5200; x_wconf 88' lang='lat' dir='ltr'><strong>animi</strong></span> <span class='ocrx_word' id='word_1_468' title='bbox 1313 5147 1510 5202; x_wconf 88' lang='lat' dir='ltr'><strong>robore</strong></span> <span class='ocrx_word' id='word_1_469' title='bbox 1549 5155 1606 5201; x_wconf 93' lang='lat' dir='ltr'><strong>et</strong></span> <span class='ocrx_word' id='word_1_470' title='bbox 1641 5163 1770 5204; x_wconf 88' lang='lat' dir='ltr'><strong>vere</strong></span> <span class='ocrx_word' id='word_1_471' title='bbox 1815 5144 2114 5215; x_wconf 84' lang='lat' dir='ltr'><strong>apostolico</strong></span> 
     </span>
    </p>
   </div>
   <div class='ocr_carea' id='block_1_70' title="bbox 531 5214 2117 5283">
    <p class='ocr_par' dir='ltr' id='par_1_70' title="bbox 531 5214 2117 5283">
     <span class='ocr_line' id='line_1_70' title="bbox 531 5214 2117 5283; baseline -0.001 -15"><span class='ocrx_word' id='word_1_472' title='bbox 531 5214 742 5282; x_wconf 85' lang='lat' dir='ltr'><strong>spiritu,</strong></span> <span class='ocrx_word' id='word_1_473' title='bbox 772 5216 1115 5283; x_wconf 82' lang='lat' dir='ltr'><strong>quantumvis</strong></span> <span class='ocrx_word' id='word_1_474' title='bbox 1139 5217 1188 5270; x_wconf 90' lang='lat' dir='ltr'><strong>in</strong></span> <span class='ocrx_word' id='word_1_475' title='bbox 1219 5225 1359 5271; x_wconf 86' lang='lat' dir='ltr'><strong>terra</strong></span> <span class='ocrx_word' id='word_1_476' title='bbox 1391 5217 1564 5272; x_wconf 84' lang='lat' dir='ltr'><strong>aliena</strong></span> <span class='ocrx_word' id='word_1_477' title='bbox 1609 5226 1770 5282; x_wconf 88' lang='lat' dir='ltr'><strong>esset,</strong></span> <span class='ocrx_word' id='word_1_478' title='bbox 1803 5214 2117 5272; x_wconf 75' lang='lat' dir='ltr'><strong>cenvocatis</strong></span> 
     </span>
    </p>
   </div>
   <div class='ocr_carea' id='block_1_71' title="bbox 531 5284 2118 5356">
    <p class='ocr_par' dir='ltr' id='par_1_71' title="bbox 531 5284 2118 5356">
     <span class='ocr_line' id='line_1_71' title="bbox 531 5284 2118 5356; baseline 0.003 -20"><span class='ocrx_word' id='word_1_479' title='bbox 531 5297 667 5353; x_wconf 87' lang='lat' dir='ltr'><strong>quos</strong></span> <span class='ocrx_word' id='word_1_480' title='bbox 697 5287 874 5356; x_wconf 89' lang='lat' dir='ltr'><strong>potuit</strong></span> <span class='ocrx_word' id='word_1_481' title='bbox 903 5284 1102 5356; x_wconf 76' lang='lat' dir='ltr'><strong>Latinis</strong></span> <span class='ocrx_word' id='word_1_482' title='bbox 1129 5287 1418 5356; x_wconf 84' lang='lat' dir='ltr'><strong>episcopis,</strong></span> <span class='ocrx_word' id='word_1_483' title='bbox 1451 5287 1918 5356; x_wconf 86' lang='lat' dir='ltr'><strong>Constantinopoli</strong></span> <span class='ocrx_word' id='word_1_484' title='bbox 1944 5287 1998 5340; x_wconf 91' lang='lat' dir='ltr'><strong>in</strong></span> <span class='ocrx_word' id='word_1_485' title='bbox 2027 5301 2118 5340; x_wconf 88' lang='lat' dir='ltr'><strong>ec-</strong></span> 
     </span>
    </p>
   </div>
   <div class='ocr_carea' id='block_1_72' title="bbox 529 5355 2119 5428">
    <p class='ocr_par' dir='ltr' id='par_1_72' title="bbox 529 5355 2119 5428">
     <span class='ocr_line' id='line_1_72' title="bbox 529 5355 2119 5428; baseline -0.001 -18"><span class='ocrx_word' id='word_1_486' title='bbox 529 5355 906 5428; x_wconf 43' lang='lat' dir='ltr'><strong>clesia&#39;Sancti</strong></span> <span class='ocrx_word' id='word_1_487' title='bbox 933 5355 1095 5418; x_wconf 81' lang='lat' dir='ltr'><strong>Petri.</strong></span> <span class='ocrx_word' id='word_1_488' title='bbox 1129 5355 1194 5412; x_wconf 81' lang='lat' dir='ltr'><strong>ad</strong></span> <span class='ocrx_word' id='word_1_489' title='bbox 1226 5355 1384 5428; x_wconf 80' lang='lat' dir='ltr'><strong>quam</strong></span> <span class='ocrx_word' id='word_1_490' title='bbox 1415 5359 1786 5414; x_wconf 86' lang='lat' dir='ltr'><strong>ministrorum</strong></span> <span class='ocrx_word' id='word_1_491' title='bbox 1811 5355 2119 5428; x_wconf 77' lang='lat' dir='ltr'><strong>imperato-</strong></span> 
     </span>
    </p>
   </div>
   <div class='ocr_carea' id='block_1_73' title="bbox 531 5427 2119 5498">
    <p class='ocr_par' dir='ltr' id='par_1_73' title="bbox 531 5427 2119 5498">
     <span class='ocr_line' id='line_1_73' title="bbox 531 5427 2119 5498; baseline 0 -18"><span class='ocrx_word' id='word_1_492' title='bbox 531 5427 608 5482; x_wconf 88' lang='lat' dir='ltr'><strong>ris</strong></span> <span class='ocrx_word' id='word_1_493' title='bbox 628 5427 944 5498; x_wconf 86' lang='lat' dir='ltr'><strong>violentiam</strong></span> <span class='ocrx_word' id='word_1_494' title='bbox 973 5437 1220 5484; x_wconf 80' lang='lat' dir='ltr'><strong>metuens</strong></span> <span class='ocrx_word' id='word_1_495' title='bbox 1241 5427 1578 5495; x_wconf 58' lang='lat' dir='ltr'><strong>Contigerat,</strong></span> <span class='ocrx_word' id='word_1_496' title='bbox 1611 5437 1668 5484; x_wconf 89' lang='lat' dir='ltr'><strong>ut</strong></span> <span class='ocrx_word' id='word_1_497' title='bbox 1709 5437 1858 5498; x_wconf 84' lang='lat' dir='ltr'><strong>patet</strong></span> <span class='ocrx_word' id='word_1_498' title='bbox 1901 5442 1968 5482; x_wconf 84' lang='lat' dir='ltr'><strong>ex</strong></span> <span class='ocrx_word' id='word_1_499' title='bbox 2011 5427 2119 5494; x_wconf 88' lang='lat' dir='ltr'><strong>epi-</strong></span> 
     </span>
    </p>
   </div>
   <div class='ocr_carea' id='block_1_74' title="bbox 533 5497 2118 5570">
    <p class='ocr_par' dir='ltr' id='par_1_74' title="bbox 533 5497 2118 5570">
     <span class='ocr_line' id='line_1_74' title="bbox 533 5497 2118 5570; baseline 0.001 -20"><span class='ocrx_word' id='word_1_500' title='bbox 533 5497 671 5570; x_wconf 83' lang='lat' dir='ltr'><strong>stola</strong></span> <span class='ocrx_word' id='word_1_501' title='bbox 689 5499 956 5570; x_wconf 80' lang='lat' dir='ltr'><strong>encyclica</strong></span> <span class='ocrx_word' id='word_1_502' title='bbox 979 5498 1042 5554; x_wconf 88' lang='lat' dir='ltr'><strong>ad</strong></span> <span class='ocrx_word' id='word_1_503' title='bbox 1071 5501 1372 5556; x_wconf 84' lang='lat' dir='ltr'><strong>universam</strong></span> <span class='ocrx_word' id='word_1_504' title='bbox 1398 5500 1692 5556; x_wconf 76' lang='lat' dir='ltr'><strong>Ecclesium</strong></span> <span class='ocrx_word' id='word_1_505' title='bbox 1721 5499 1946 5570; x_wconf 86' lang='lat' dir='ltr'><strong>scripta,</strong></span> <span class='ocrx_word' id='word_1_506' title='bbox 1973 5512 2118 5552; x_wconf 87' lang='lat' dir='ltr'><strong>acer-</strong></span> 
     </span>
    </p>
   </div>
   <div class='ocr_carea' id='block_1_75' title="bbox 533 5567 2118 5640">
    <p class='ocr_par' dir='ltr' id='par_1_75' title="bbox 533 5567 2118 5640">
     <span class='ocr_line' id='line_1_75' title="bbox 533 5567 2118 5640; baseline 0.001 -19"><span class='ocrx_word' id='word_1_507' title='bbox 533 5567 723 5621; x_wconf 89' lang='lat' dir='ltr'><strong>rimam</strong></span> <span class='ocrx_word' id='word_1_508' title='bbox 745 5567 880 5624; x_wconf 82' lang='lat' dir='ltr'><strong>hanc</strong></span> <span class='ocrx_word' id='word_1_509' title='bbox 909 5571 1479 5640; x_wconf 83' lang='lat' dir='ltr'><strong>excommunicationis</strong></span> <span class='ocrx_word' id='word_1_510' title='bbox 1517 5579 1572 5625; x_wconf 92' lang='lat' dir='ltr'><strong>et</strong></span> <span class='ocrx_word' id='word_1_511' title='bbox 1599 5569 1952 5640; x_wconf 87' lang='lat' dir='ltr'><strong>depositionis</strong></span> <span class='ocrx_word' id='word_1_512' title='bbox 1993 5581 2118 5640; x_wconf 56' lang='lat' dir='ltr'><strong>seu;</strong></span> 
     </span>
    </p>
   </div>
   <div class='ocr_carea' id='block_1_76' title="bbox 533 5637 2118 5708">
    <p class='ocr_par' dir='ltr' id='par_1_76' title="bbox 533 5637 2118 5708">
     <span class='ocr_line' id='line_1_76' title="bbox 533 5637 2118 5708; baseline 0 -16"><span class='ocrx_word' id='word_1_513' title='bbox 533 5640 758 5692; x_wconf 86' lang='lat' dir='ltr'><strong>tentiam</strong></span> <span class='ocrx_word' id='word_1_514' title='bbox 807 5641 860 5694; x_wconf 93' lang='lat' dir='ltr'><strong>in</strong></span> <span class='ocrx_word' id='word_1_515' title='bbox 917 5655 1040 5693; x_wconf 88' lang='lat' dir='ltr'><strong>eum</strong></span> <span class='ocrx_word' id='word_1_516' title='bbox 1095 5643 1233 5695; x_wconf 87' lang='lat' dir='ltr'><strong>tulit.</strong></span> <span class='ocrx_word' id='word_1_517' title='bbox 1285 5641 1404 5706; x_wconf 86' lang='lat' dir='ltr'><strong>Quo</strong></span> <span class='ocrx_word' id='word_1_518' title='bbox 1457 5639 1597 5695; x_wconf 84' lang='lat' dir='ltr'><strong>facto</strong></span> <span class='ocrx_word' id='word_1_519' title='bbox 1647 5637 2118 5708; x_wconf 85' lang='lat' dir='ltr'><strong>Constantinopoli</strong></span> 
     </span>
    </p>
   </div>
   <div class='ocr_carea' id='block_1_77' title="bbox 537 5709 2118 5780">
    <p class='ocr_par' dir='ltr' id='par_1_77' title="bbox 537 5709 2118 5780">
     <span class='ocr_line' id='line_1_77' title="bbox 537 5709 2118 5780; baseline -0.001 -15"><span class='ocrx_word' id='word_1_520' title='bbox 537 5709 752 5780; x_wconf 84' lang='lat' dir='ltr'><strong>quidam</strong></span> <span class='ocrx_word' id='word_1_521' title='bbox 783 5711 834 5764; x_wconf 88' lang='lat' dir='ltr'><strong>in</strong></span> <span class='ocrx_word' id='word_1_522' title='bbox 865 5709 1054 5766; x_wconf 89' lang='lat' dir='ltr'><strong>faciem</strong></span> <span class='ocrx_word' id='word_1_523' title='bbox 1081 5713 1196 5780; x_wconf 65' lang='lat' dir='ltr'><strong>eius</strong></span> <span class='ocrx_word' id='word_1_524' title='bbox 1239 5713 1316 5778; x_wconf 85' lang='lat' dir='ltr'><strong>(ut</strong></span> <span class='ocrx_word' id='word_1_525' title='bbox 1345 5711 1508 5764; x_wconf 77' lang='lat' dir='ltr'><strong>refert</strong></span> <span class='ocrx_word' id='word_1_526' title='bbox 1550 5711 1864 5766; x_wconf 80' lang='lat' dir='ltr'><strong>Anastasius</strong></span> <span class='ocrx_word' id='word_1_527' title='bbox 1911 5711 1966 5764; x_wconf 84' lang='lat' dir='ltr'><strong>in</strong></span> <span class='ocrx_word' id='word_1_528' title='bbox 1997 5709 2118 5764; x_wconf 85' lang='lat' dir='ltr'><strong>Vita</strong></span> 
     </span>
    </p>
   </div>
   <div class='ocr_carea' id='block_1_78' title="bbox 536 5779 2116 5851">
    <p class='ocr_par' dir='ltr' id='par_1_78' title="bbox 536 5779 2116 5851">
     <span class='ocr_line' id='line_1_78' title="bbox 536 5779 2116 5851; baseline -0.001 -17"><span class='ocrx_word' id='word_1_529' title='bbox 536 5779 735 5846; x_wconf 79' lang='lat' dir='ltr'><strong>Vigilii)</strong></span> <span class='ocrx_word' id='word_1_530' title='bbox 769 5781 917 5836; x_wconf 85' lang='lat' dir='ltr'><strong>dedit</strong></span> <span class='ocrx_word' id='word_1_531' title='bbox 953 5779 1186 5851; x_wconf 83' lang='lat' dir='ltr'><strong>alapam,</strong></span> <span class='ocrx_word' id='word_1_532' title='bbox 1224 5782 1443 5838; x_wconf 69' lang='lat' dir='ltr'><strong>dicens:</strong></span> <span class='ocrx_word' id='word_1_533' title='bbox 1481 5781 1778 5844; x_wconf 82' lang='lat' dir='ltr'><strong>Homicida,</strong></span> <span class='ocrx_word' id='word_1_534' title='bbox 1811 5780 1976 5834; x_wconf 78' lang='lat' dir='ltr'><strong>nescis</strong></span> <span class='ocrx_word' id='word_1_535' title='bbox 1999 5781 2116 5850; x_wconf 84' lang='lat' dir='ltr'><strong>qui-</strong></span> 
     </span>
    </p>
   </div>
   <div class='ocr_carea' id='block_1_79' title="bbox 536 5851 2119 5920">
    <p class='ocr_par' dir='ltr' id='par_1_79' title="bbox 536 5851 2119 5920">
     <span class='ocr_line' id='line_1_79' title="bbox 536 5851 2119 5920; baseline -0.003 -14"><span class='ocrx_word' id='word_1_536' title='bbox 536 5851 628 5906; x_wconf 82' lang='lat' dir='ltr'><strong>bus</strong></span> <span class='ocrx_word' id='word_1_537' title='bbox 653 5852 908 5916; x_wconf 77' lang='lat' dir='ltr'><strong>loqueris?</strong></span> <span class='ocrx_word' id='word_1_538' title='bbox 937 5861 1040 5905; x_wconf 92' lang='lat' dir='ltr'><strong>etc.</strong></span> <span class='ocrx_word' id='word_1_539' title='bbox 1073 5853 1152 5906; x_wconf 82' lang='lat' dir='ltr'><strong>Ab</strong></span> <span class='ocrx_word' id='word_1_540' title='bbox 1181 5853 1282 5920; x_wconf 79' lang='lat' dir='ltr'><strong>bac</strong></span> <span class='ocrx_word' id='word_1_541' title='bbox 1305 5851 1558 5906; x_wconf 88' lang='lat' dir='ltr'><strong>violentia</strong></span> <span class='ocrx_word' id='word_1_542' title='bbox 1599 5851 1846 5920; x_wconf 78' lang='lat' dir='ltr'><strong>sacrilegi</strong></span> <span class='ocrx_word' id='word_1_543' title='bbox 1887 5851 2119 5920; x_wconf 85' lang='lat' dir='ltr'><strong>impera-</strong></span> 
     </span>
    </p>
   </div>
   <div class='ocr_carea' id='block_1_80' title="bbox 537 5865 2118 5992">
    <p class='ocr_par' dir='ltr' id='par_1_80' title="bbox 537 5865 2118 5992">
     <span class='ocr_line' id='line_1_80' title="bbox 537 5865 2118 5920; baseline -0.003 -14"><span class='ocrx_word' id='word_1_544' title='bbox 537 5865 628 5906; x_wconf 77' lang='lat' dir='ltr'><strong>Dus</strong></span> <span class='ocrx_word' id='word_1_545' title='bbox 653 5865 908 5916; x_wconf 63' lang='lat' dir='ltr'><strong>toquerzsr</strong></span> <span class='ocrx_word' id='word_1_546' title='bbox 937 5865 1040 5905; x_wconf 75' lang='lat' dir='ltr'><strong>CIC.</strong></span> <span class='ocrx_word' id='word_1_547' title='bbox 1073 5865 1152 5906; x_wconf 81' lang='lat' dir='ltr'><strong>AD</strong></span> <span class='ocrx_word' id='word_1_548' title='bbox 1181 5865 1282 5908; x_wconf 86' lang='lat' dir='ltr'><strong>nac</strong></span> <span class='ocrx_word' id='word_1_549' title='bbox 1305 5865 1558 5906; x_wconf 74' lang='lat' dir='ltr'><strong>VlOlClllla</strong></span> <span class='ocrx_word' id='word_1_550' title='bbox 1599 5865 1846 5920; x_wconf 71' lang='lat' dir='ltr'><strong>sacrilegi</strong></span> <span class='ocrx_word' id='word_1_551' title='bbox 1887 5867 1960 5904; x_wconf 80' lang='lat' dir='ltr'><strong>Im</strong></span> <span class='ocrx_word' id='word_1_552' title='bbox 2001 5865 2118 5908; x_wconf 86' lang='lat' dir='ltr'><strong>era-</strong></span> 
     </span>
     <span class='ocr_line' id='line_1_81' title="bbox 537 5865 2118 5992; baseline -0.004 -12"><span class='ocrx_word' id='word_1_553' title='bbox 537 5924 670 5982; x_wconf 84' lang='lat' dir='ltr'><strong>toris</strong></span> <span class='ocrx_word' id='word_1_554' title='bbox 697 5937 756 5980; x_wconf 90' lang='lat' dir='ltr'><strong>se</strong></span> <span class='ocrx_word' id='word_1_555' title='bbox 787 5931 958 5980; x_wconf 88' lang='lat' dir='ltr'><strong>tutum</strong></span> <span class='ocrx_word' id='word_1_556' title='bbox 978 5937 1099 5980; x_wconf 85' lang='lat' dir='ltr'><strong>esse</strong></span> <span class='ocrx_word' id='word_1_557' title='bbox 1127 5913 1336 5990; x_wconf 77' lang='lat' dir='ltr'><strong>volens,</strong></span> <span class='ocrx_word' id='word_1_558' title='bbox 1363 5929 1514 5980; x_wconf 78' lang='lat' dir='ltr'><strong>trans</strong></span> <span class='ocrx_word' id='word_1_559' title='bbox 1541 5921 1940 5980; x_wconf 86' lang='lat' dir='ltr'><strong>Chalcedonem</strong></span> <span class='ocrx_word' id='word_1_560' title='bbox 1961 5865 2118 5992; x_wconf 59' lang='lat' dir='ltr'><strong>Fugit,</strong></span> 
     </span>
    </p>
   </div>
   <div class='ocr_carea' id='block_1_81' title="bbox 2211 1937 3808 2015">
    <p class='ocr_par' dir='ltr' id='par_1_81' title="bbox 2211 1937 3808 2015">
     <span class='ocr_line' id='line_1_82' title="bbox 2211 1937 3808 2015; baseline -0.006 -15"><span class='ocrx_word' id='word_1_561' title='bbox 2211 1945 2398 2015; x_wconf 87' lang='lat' dir='ltr'><strong>elapso</strong></span> <span class='ocrx_word' id='word_1_562' title='bbox 2428 1941 2865 1998; x_wconf 85' lang='lat' dir='ltr'><strong>monstravimus.</strong></span> <span class='ocrx_word' id='word_1_563' title='bbox 2909 1937 3146 1994; x_wconf 89' lang='lat' dir='ltr'><strong>Primum</strong></span> <span class='ocrx_word' id='word_1_564' title='bbox 3177 1937 3396 2009; x_wconf 89' lang='lat' dir='ltr'><strong>quidem</strong></span> <span class='ocrx_word' id='word_1_565' title='bbox 3445 1937 3498 1992; x_wconf 90' lang='lat' dir='ltr'><strong>in</strong></span> <span class='ocrx_word' id='word_1_566' title='bbox 3528 1951 3616 2004; x_wconf 89' lang='lat' dir='ltr'><strong>eo,</strong></span> <span class='ocrx_word' id='word_1_567' title='bbox 3659 1937 3808 2006; x_wconf 90' lang='lat' dir='ltr'><strong>quod</strong></span> 
     </span>
    </p>
   </div>
   <div class='ocr_carea' id='block_1_82' title="bbox 2209 2027 3808 2108">
    <p class='ocr_par' dir='ltr' id='par_1_82' title="bbox 2209 2027 3808 2108">
     <span class='ocr_line' id='line_1_83' title="bbox 2209 2027 3808 2108; baseline -0.004 -18"><span class='ocrx_word' id='word_1_568' title='bbox 2209 2053 2309 2108; x_wconf 90' lang='lat' dir='ltr'><strong>pro</strong></span> <span class='ocrx_word' id='word_1_569' title='bbox 2330 2035 2582 2092; x_wconf 89' lang='lat' dir='ltr'><strong>scandan</strong></span> <span class='ocrx_word' id='word_1_570' title='bbox 2601 2033 2924 2090; x_wconf 85' lang='lat' dir='ltr'><strong>refrenando</strong></span> <span class='ocrx_word' id='word_1_571' title='bbox 2938 2031 3432 2088; x_wconf 90' lang='lat' dir='ltr'><strong>condescendentes</strong></span> <span class='ocrx_word' id='word_1_572' title='bbox 3451 2027 3808 2100; x_wconf 88' lang='lat' dir='ltr'><strong>quorumdam</strong></span> 
     </span>
    </p>
   </div>
   <div class='ocr_carea' id='block_1_83' title="bbox 2212 2119 3806 2198">
    <p class='ocr_par' dir='ltr' id='par_1_83' title="bbox 2212 2119 3806 2198">
     <span class='ocr_line' id='line_1_84' title="bbox 2212 2119 3806 2198; baseline -0.004 -16"><span class='ocrx_word' id='word_1_573' title='bbox 2212 2129 2422 2196; x_wconf 89' lang='lat' dir='ltr'><strong>animis,</strong></span> <span class='ocrx_word' id='word_1_574' title='bbox 2447 2143 2586 2198; x_wconf 88' lang='lat' dir='ltr'><strong>quos</strong></span> <span class='ocrx_word' id='word_1_575' title='bbox 2617 2127 2792 2195; x_wconf 88' lang='lat' dir='ltr'><strong>aliqua</strong></span> <span class='ocrx_word' id='word_1_576' title='bbox 2813 2123 3162 2194; x_wconf 85' lang='lat' dir='ltr'><strong>dissipatione</strong></span> <span class='ocrx_word' id='word_1_577' title='bbox 3193 2119 3642 2196; x_wconf 87' lang='lat' dir='ltr'><strong>[dispensatione]</strong></span> <span class='ocrx_word' id='word_1_578' title='bbox 3682 2135 3806 2176; x_wconf 87' lang='lat' dir='ltr'><strong>cre-</strong></span> 
     </span>
    </p>
   </div>
   <div class='ocr_carea' id='block_1_84' title="bbox 2211 2213 3810 2291">
    <p class='ocr_par' dir='ltr' id='par_1_84' title="bbox 2211 2213 3810 2291">
     <span class='ocr_line' id='line_1_85' title="bbox 2211 2213 3810 2291; baseline -0.004 -15"><span class='ocrx_word' id='word_1_579' title='bbox 2211 2219 2388 2276; x_wconf 77' lang='lat' dir='ltr'><strong>dimus</strong></span> <span class='ocrx_word' id='word_1_580' title='bbox 2417 2218 2820 2291; x_wconf 89' lang='lat' dir='ltr'><strong>temperandos,</strong></span> <span class='ocrx_word' id='word_1_581' title='bbox 2853 2218 2976 2288; x_wconf 88' lang='lat' dir='ltr'><strong>quia</strong></span> <span class='ocrx_word' id='word_1_582' title='bbox 3009 2223 3066 2272; x_wconf 93' lang='lat' dir='ltr'><strong>tu</strong></span> <span class='ocrx_word' id='word_1_583' title='bbox 3099 2217 3211 2286; x_wconf 91' lang='lat' dir='ltr'><strong>jam</strong></span> <span class='ocrx_word' id='word_1_584' title='bbox 3241 2231 3337 2271; x_wconf 92' lang='lat' dir='ltr'><strong>eos</strong></span> <span class='ocrx_word' id='word_1_585' title='bbox 3367 2215 3608 2286; x_wconf 90' lang='lat' dir='ltr'><strong>pluribus</strong></span> <span class='ocrx_word' id='word_1_586' title='bbox 3653 2213 3810 2270; x_wconf 85' lang='lat' dir='ltr'><strong>annis</strong></span> 
     </span>
    </p>
   </div>
   <div class='ocr_carea' id='block_1_85' title="bbox 2211 2307 3810 2384">
    <p class='ocr_par' dir='ltr' id='par_1_85' title="bbox 2211 2307 3810 2384">
     <span class='ocr_line' id='line_1_86' title="bbox 2211 2307 3810 2384; baseline -0.003 -16"><span class='ocrx_word' id='word_1_587' title='bbox 2211 2313 2632 2384; x_wconf 87' lang='lat' dir='ltr'><strong>inquietissimus</strong></span> <span class='ocrx_word' id='word_1_588' title='bbox 2669 2311 2975 2366; x_wconf 87' lang='lat' dir='ltr'><strong>stimulator</strong></span> <span class='ocrx_word' id='word_1_589' title='bbox 3023 2309 3368 2376; x_wconf 89' lang='lat' dir='ltr'><strong>accenderas,</strong></span> <span class='ocrx_word' id='word_1_590' title='bbox 3421 2307 3664 2380; x_wconf 56' lang='lat' dir='ltr'><strong>quadam</strong></span> <span class='ocrx_word' id='word_1_591' title='bbox 3707 2323 3810 2380; x_wconf 88' lang='lat' dir='ltr'><strong>pro</strong></span> 
     </span>
    </p>
   </div>
   <div class='ocr_carea' id='block_1_86' title="bbox 2211 2401 3810 2476">
    <p class='ocr_par' dir='ltr' id='par_1_86' title="bbox 2211 2401 3810 2476">
     <span class='ocr_line' id='line_1_87' title="bbox 2211 2401 3810 2476; baseline -0.003 -16"><span class='ocrx_word' id='word_1_592' title='bbox 2211 2413 2458 2476; x_wconf 78' lang='lat' dir='ltr'><strong>tempore</strong></span> <span class='ocrx_word' id='word_1_593' title='bbox 2483 2403 2874 2460; x_wconf 88' lang='lat' dir='ltr'><strong>medicinaliter</strong></span> <span class='ocrx_word' id='word_1_594' title='bbox 2901 2403 3330 2458; x_wconf 80' lang='lat' dir='ltr'><strong>existimavimus</strong></span> <span class='ocrx_word' id='word_1_595' title='bbox 3355 2401 3686 2468; x_wconf 89' lang='lat' dir='ltr'><strong>ordinanda;</strong></span> <span class='ocrx_word' id='word_1_596' title='bbox 3715 2401 3810 2456; x_wconf 87' lang='lat' dir='ltr'><strong>tali</strong></span> 
     </span>
    </p>
   </div>
   <div class='ocr_carea' id='block_1_87' title="bbox 2212 2493 3812 2566">
    <p class='ocr_par' dir='ltr' id='par_1_87' title="bbox 2212 2493 3812 2566">
     <span class='ocr_line' id='line_1_88' title="bbox 2212 2493 3812 2566; baseline -0.004 -12"><span class='ocrx_word' id='word_1_597' title='bbox 2212 2497 2418 2554; x_wconf 84' lang='lat' dir='ltr'><strong>scilicet</strong></span> <span class='ocrx_word' id='word_1_598' title='bbox 2444 2497 2773 2558; x_wconf 89' lang='lat' dir='ltr'><strong>conditione,</strong></span> <span class='ocrx_word' id='word_1_599' title='bbox 2807 2505 2884 2562; x_wconf 90' lang='lat' dir='ltr'><strong>ut,</strong></span> <span class='ocrx_word' id='word_1_600' title='bbox 2931 2495 3080 2550; x_wconf 91' lang='lat' dir='ltr'><strong>omni</strong></span> <span class='ocrx_word' id='word_1_601' title='bbox 3121 2495 3176 2550; x_wconf 91' lang='lat' dir='ltr'><strong>in</strong></span> <span class='ocrx_word' id='word_1_602' title='bbox 3217 2501 3496 2566; x_wconf 87' lang='lat' dir='ltr'><strong>posterum</strong></span> <span class='ocrx_word' id='word_1_603' title='bbox 3527 2493 3812 2564; x_wconf 83' lang='lat' dir='ltr'><strong>perturba-</strong></span> 
     </span>
    </p>
   </div>
   <div class='ocr_carea' id='block_1_88' title="bbox 2211 2585 3812 2658">
    <p class='ocr_par' dir='ltr' id='par_1_88' title="bbox 2211 2585 3812 2658">
     <span class='ocr_line' id='line_1_89' title="bbox 2211 2585 3812 2658; baseline -0.002 -14"><span class='ocrx_word' id='word_1_604' title='bbox 2211 2591 2360 2644; x_wconf 89' lang='lat' dir='ltr'><strong>tione</strong></span> <span class='ocrx_word' id='word_1_605' title='bbox 2387 2589 2586 2658; x_wconf 90' lang='lat' dir='ltr'><strong>sopita,</strong></span> <span class='ocrx_word' id='word_1_606' title='bbox 2617 2587 2748 2642; x_wconf 89' lang='lat' dir='ltr'><strong>nihil</strong></span> <span class='ocrx_word' id='word_1_607' title='bbox 2771 2589 2912 2642; x_wconf 91' lang='lat' dir='ltr'><strong>ultra</strong></span> <span class='ocrx_word' id='word_1_608' title='bbox 2945 2603 3044 2643; x_wconf 92' lang='lat' dir='ltr'><strong>nec</strong></span> <span class='ocrx_word' id='word_1_609' title='bbox 3075 2587 3243 2642; x_wconf 89' lang='lat' dir='ltr'><strong>verbo</strong></span> <span class='ocrx_word' id='word_1_610' title='bbox 3271 2601 3376 2642; x_wconf 90' lang='lat' dir='ltr'><strong>nec</strong></span> <span class='ocrx_word' id='word_1_611' title='bbox 3423 2585 3614 2640; x_wconf 90' lang='lat' dir='ltr'><strong>litteris</strong></span> <span class='ocrx_word' id='word_1_612' title='bbox 3657 2585 3812 2656; x_wconf 86' lang='lat' dir='ltr'><strong>quis-</strong></span> 
     </span>
    </p>
   </div>
   <div class='ocr_carea' id='block_1_89' title="bbox 2211 2675 3814 2748">
    <p class='ocr_par' dir='ltr' id='par_1_89' title="bbox 2211 2675 3814 2748">
     <span class='ocr_line' id='line_1_90' title="bbox 2211 2675 3814 2748; baseline -0.001 -14"><span class='ocrx_word' id='word_1_613' title='bbox 2211 2693 2374 2748; x_wconf 88' lang='lat' dir='ltr'><strong>quam</strong></span> <span class='ocrx_word' id='word_1_614' title='bbox 2423 2677 2602 2734; x_wconf 88' lang='lat' dir='ltr'><strong>facere</strong></span> <span class='ocrx_word' id='word_1_615' title='bbox 2657 2695 2726 2734; x_wconf 91' lang='lat' dir='ltr'><strong>ex</strong></span> <span class='ocrx_word' id='word_1_616' title='bbox 2769 2679 2960 2735; x_wconf 89' lang='lat' dir='ltr'><strong>eadem</strong></span> <span class='ocrx_word' id='word_1_617' title='bbox 3011 2695 3174 2735; x_wconf 85' lang='lat' dir='ltr'><strong>causa</strong></span> <span class='ocrx_word' id='word_1_618' title='bbox 3225 2685 3589 2746; x_wconf 65' lang='lat' dir='ltr'><strong>praesumeret.</strong></span> <span class='ocrx_word' id='word_1_619' title='bbox 3643 2675 3714 2730; x_wconf 84' lang='lat' dir='ltr'><strong>At</strong></span> <span class='ocrx_word' id='word_1_620' title='bbox 3751 2685 3814 2734; x_wconf 88' lang='lat' dir='ltr'><strong>tu</strong></span> 
     </span>
    </p>
   </div>
   <div class='ocr_carea' id='block_1_90' title="bbox 2211 2771 3813 2844">
    <p class='ocr_par' dir='ltr' id='par_1_90' title="bbox 2211 2771 3813 2844">
     <span class='ocr_line' id='line_1_91' title="bbox 2211 2771 3813 2844; baseline -0.002 -15"><span class='ocrx_word' id='word_1_621' title='bbox 2211 2787 2392 2844; x_wconf 65' lang='lat' dir='ltr'><strong>pravae</strong></span> <span class='ocrx_word' id='word_1_622' title='bbox 2447 2773 2854 2830; x_wconf 83' lang='lat' dir='ltr'><strong>consuetudinis</strong></span> <span class='ocrx_word' id='word_1_623' title='bbox 2903 2779 3108 2828; x_wconf 89' lang='lat' dir='ltr'><strong>tractus</strong></span> <span class='ocrx_word' id='word_1_624' title='bbox 3149 2771 3406 2837; x_wconf 87' lang='lat' dir='ltr'><strong>audacia,</strong></span> <span class='ocrx_word' id='word_1_625' title='bbox 3457 2783 3632 2840; x_wconf 89' lang='lat' dir='ltr'><strong>neque</strong></span> <span class='ocrx_word' id='word_1_626' title='bbox 3681 2777 3813 2826; x_wconf 91' lang='lat' dir='ltr'><strong>tunc</strong></span> 
     </span>
    </p>
   </div>
   <div class='ocr_carea' id='block_1_91' title="bbox 2212 2863 3814 2938">
    <p class='ocr_par' dir='ltr' id='par_1_91' title="bbox 2212 2863 3814 2938">
     <span class='ocr_line' id='line_1_92' title="bbox 2212 2863 3814 2938; baseline -0.002 -16"><span class='ocrx_word' id='word_1_627' title='bbox 2212 2881 2430 2924; x_wconf 88' lang='lat' dir='ltr'><strong>cessare</strong></span> <span class='ocrx_word' id='word_1_628' title='bbox 2461 2883 2489 2922; x_wconf 87' lang='lat' dir='ltr'><strong>a</strong></span> <span class='ocrx_word' id='word_1_629' title='bbox 2517 2865 2924 2922; x_wconf 86' lang='lat' dir='ltr'><strong>conscribendis</strong></span> <span class='ocrx_word' id='word_1_630' title='bbox 2953 2865 3038 2921; x_wconf 86' lang='lat' dir='ltr'><strong>vel</strong></span> <span class='ocrx_word' id='word_1_631' title='bbox 3077 2863 3432 2938; x_wconf 67' lang='lat' dir='ltr'><strong>praedicandis</strong></span> <span class='ocrx_word' id='word_1_632' title='bbox 3483 2863 3814 2919; x_wconf 87' lang='lat' dir='ltr'><strong>novitatibus</strong></span> 
     </span>
    </p>
   </div>
   <div class='ocr_carea' id='block_1_92' title="bbox 2211 2941 3808 3030">
    <p class='ocr_par' dir='ltr' id='par_1_92' title="bbox 2211 2941 3808 3030">
     <span class='ocr_line' id='line_1_93' title="bbox 2211 2941 3808 3030; baseline 0.001 -17"><span class='ocrx_word' id='word_1_633' title='bbox 2211 2959 2449 3025; x_wconf 88' lang='lat' dir='ltr'><strong>voluisti,</strong></span> <span class='ocrx_word' id='word_1_634' title='bbox 2481 2959 2555 3014; x_wconf 91' lang='lat' dir='ltr'><strong>ita</strong></span> <span class='ocrx_word' id='word_1_635' title='bbox 2587 2967 2648 3014; x_wconf 91' lang='lat' dir='ltr'><strong>ut</strong></span> <span class='ocrx_word' id='word_1_636' title='bbox 2677 2959 2871 3030; x_wconf 84' lang='lat' dir='ltr'><strong>saepius</strong></span> <span class='ocrx_word' id='word_1_637' title='bbox 2913 2957 3108 3013; x_wconf 85' lang='lat' dir='ltr'><strong>libellis</strong></span> <span class='ocrx_word' id='word_1_638' title='bbox 3137 2957 3518 3028; x_wconf 91' lang='lat' dir='ltr'><strong>episcoporum</strong></span> <span class='ocrx_word' id='word_1_639' title='bbox 3567 2941 3808 3024; x_wconf 85' lang='lat' dir='ltr'><strong>redditis,</strong></span> 
     </span>
    </p>
   </div>
   <div class='ocr_carea' id='block_1_93' title="bbox 2213 3049 3816 3122">
    <p class='ocr_par' dir='ltr' id='par_1_93' title="bbox 2213 3049 3816 3122">
     <span class='ocr_line' id='line_1_94' title="bbox 2213 3049 3816 3122; baseline -0.002 -15"><span class='ocrx_word' id='word_1_640' title='bbox 2213 3061 2268 3107; x_wconf 91' lang='lat' dir='ltr'><strong>et</strong></span> <span class='ocrx_word' id='word_1_641' title='bbox 2297 3066 2622 3108; x_wconf 75' lang='lat' dir='ltr'><strong>consensum</strong></span> <span class='ocrx_word' id='word_1_642' title='bbox 2651 3060 2804 3106; x_wconf 90' lang='lat' dir='ltr'><strong>tuum</strong></span> <span class='ocrx_word' id='word_1_643' title='bbox 2833 3065 2954 3106; x_wconf 90' lang='lat' dir='ltr'><strong>cum</strong></span> <span class='ocrx_word' id='word_1_644' title='bbox 2979 3051 3056 3106; x_wconf 90' lang='lat' dir='ltr'><strong>eis</strong></span> <span class='ocrx_word' id='word_1_645' title='bbox 3077 3051 3296 3122; x_wconf 89' lang='lat' dir='ltr'><strong>propria</strong></span> <span class='ocrx_word' id='word_1_646' title='bbox 3321 3049 3662 3106; x_wconf 81' lang='lat' dir='ltr'><strong>confessione</strong></span> <span class='ocrx_word' id='word_1_647' title='bbox 3688 3065 3816 3106; x_wconf 86' lang='lat' dir='ltr'><strong>con-</strong></span> 
     </span>
    </p>
   </div>
   <div class='ocr_carea' id='block_1_94' title="bbox 2212 3143 3812 3215">
    <p class='ocr_par' dir='ltr' id='par_1_94' title="bbox 2212 3143 3812 3215">
     <span class='ocr_line' id='line_1_95' title="bbox 2212 3143 3812 3215; baseline -0.001 -15"><span class='ocrx_word' id='word_1_648' title='bbox 2212 3145 2494 3208; x_wconf 89' lang='lat' dir='ltr'><strong>denmans,</strong></span> <span class='ocrx_word' id='word_1_649' title='bbox 2526 3161 2716 3200; x_wconf 89' lang='lat' dir='ltr'><strong>eorum</strong></span> <span class='ocrx_word' id='word_1_650' title='bbox 2759 3145 2847 3200; x_wconf 87' lang='lat' dir='ltr'><strong>vel</strong></span> <span class='ocrx_word' id='word_1_651' title='bbox 2881 3145 2986 3200; x_wconf 91' lang='lat' dir='ltr'><strong>tuis</strong></span> <span class='ocrx_word' id='word_1_652' title='bbox 3015 3143 3327 3200; x_wconf 84' lang='lat' dir='ltr'><strong>excessibus</strong></span> <span class='ocrx_word' id='word_1_653' title='bbox 3359 3143 3550 3215; x_wconf 59' lang='lat' dir='ltr'><strong>sapius</strong></span> <span class='ocrx_word' id='word_1_654' title='bbox 3580 3157 3610 3197; x_wconf 87' lang='lat' dir='ltr'><strong>a</strong></span> <span class='ocrx_word' id='word_1_655' title='bbox 3659 3143 3812 3198; x_wconf 88' lang='lat' dir='ltr'><strong>nobis</strong></span> 
     </span>
    </p>
   </div>
   <div class='ocr_carea' id='block_1_95' title="bbox 2131 3235 3812 3314">
    <p class='ocr_par' dir='ltr' id='par_1_95' title="bbox 2131 3235 3812 3314">
     <span class='ocr_line' id='line_1_96' title="bbox 2131 3235 3812 3314; baseline -0.001 -22"><span class='ocrx_word' id='word_1_656' title='bbox 2131 3249 2182 3314; x_wconf 75' lang='grc' dir='ltr'>ο</span> <span class='ocrx_word' id='word_1_657' title='bbox 2214 3237 2438 3294; x_wconf 90' lang='lat' dir='ltr'><strong>concedi</strong></span> <span class='ocrx_word' id='word_1_658' title='bbox 2465 3237 2678 3292; x_wconf 87' lang='lat' dir='ltr'><strong>veniam</strong></span> <span class='ocrx_word' id='word_1_659' title='bbox 2723 3237 3072 3308; x_wconf 90' lang='lat' dir='ltr'><strong>postulasses.</strong></span> <span class='ocrx_word' id='word_1_660' title='bbox 3117 3235 3244 3292; x_wconf 87' lang='lat' dir='ltr'><strong>Post</strong></span> <span class='ocrx_word' id='word_1_661' title='bbox 3269 3236 3379 3291; x_wconf 65' lang='lat' dir='ltr'><strong>haec</strong></span> <span class='ocrx_word' id='word_1_662' title='bbox 3401 3245 3580 3291; x_wconf 86' lang='lat' dir='ltr'><strong>autem</strong></span> <span class='ocrx_word' id='word_1_663' title='bbox 3610 3251 3730 3291; x_wconf 89' lang='lat' dir='ltr'><strong>cum</strong></span> <span class='ocrx_word' id='word_1_664' title='bbox 3759 3243 3812 3291; x_wconf 90' lang='lat' dir='ltr'><strong>te</strong></span> 
     </span>
    </p>
   </div>
   <div class='ocr_carea' id='block_1_96' title="bbox 2214 3328 3810 3400">
    <p class='ocr_par' dir='ltr' id='par_1_96' title="bbox 2214 3328 3810 3400">
     <span class='ocr_line' id='line_1_97' title="bbox 2214 3328 3810 3400; baseline -0.003 -16"><span class='ocrx_word' id='word_1_665' title='bbox 2214 3345 2244 3384; x_wconf 87' lang='lat' dir='ltr'><strong>a</strong></span> <span class='ocrx_word' id='word_1_666' title='bbox 2275 3329 2695 3400; x_wconf 68' lang='lat' dir='ltr'><strong>prazsumptione</strong></span> <span class='ocrx_word' id='word_1_667' title='bbox 2724 3329 2884 3384; x_wconf 86' lang='lat' dir='ltr'><strong>solita</strong></span> <span class='ocrx_word' id='word_1_668' title='bbox 2927 3343 3024 3382; x_wconf 89' lang='lat' dir='ltr'><strong>nec</strong></span> <span class='ocrx_word' id='word_1_669' title='bbox 3063 3328 3238 3397; x_wconf 89' lang='lat' dir='ltr'><strong>pudor</strong></span> <span class='ocrx_word' id='word_1_670' title='bbox 3269 3329 3518 3382; x_wconf 74' lang='lat' dir='ltr'><strong>humanae</strong></span> <span class='ocrx_word' id='word_1_671' title='bbox 3545 3343 3810 3382; x_wconf 89' lang='lat' dir='ltr'><strong>verecun-</strong></span> 
     </span>
    </p>
   </div>
   <div class='ocr_carea' id='block_1_97' title="bbox 2211 3421 3808 3492">
    <p class='ocr_par' dir='ltr' id='par_1_97' title="bbox 2211 3421 3808 3492">
     <span class='ocr_line' id='line_1_98' title="bbox 2211 3421 3808 3492; baseline -0.001 -16"><span class='ocrx_word' id='word_1_672' title='bbox 2211 3421 2331 3486; x_wconf 74' lang='lat' dir='ltr'><strong>dizr,</strong></span> <span class='ocrx_word' id='word_1_673' title='bbox 2365 3437 2465 3478; x_wconf 90' lang='lat' dir='ltr'><strong>nec</strong></span> <span class='ocrx_word' id='word_1_674' title='bbox 2493 3421 2780 3478; x_wconf 79' lang='lat' dir='ltr'><strong>sacerdotii</strong></span> <span class='ocrx_word' id='word_1_675' title='bbox 2805 3421 3034 3492; x_wconf 88' lang='lat' dir='ltr'><strong>pondus,</strong></span> <span class='ocrx_word' id='word_1_676' title='bbox 3077 3437 3182 3477; x_wconf 91' lang='lat' dir='ltr'><strong>nec</strong></span> <span class='ocrx_word' id='word_1_677' title='bbox 3213 3421 3374 3476; x_wconf 89' lang='lat' dir='ltr'><strong>timor</strong></span> <span class='ocrx_word' id='word_1_678' title='bbox 3413 3421 3578 3476; x_wconf 88' lang='lat' dir='ltr'><strong>divini</strong></span> <span class='ocrx_word' id='word_1_679' title='bbox 3619 3421 3808 3490; x_wconf 91' lang='lat' dir='ltr'><strong>judicii</strong></span> 
     </span>
    </p>
   </div>
   <div class='ocr_carea' id='block_1_98' title="bbox 2213 3513 3810 3585">
    <p class='ocr_par' dir='ltr' id='par_1_98' title="bbox 2213 3513 3810 3585">
     <span class='ocr_line' id='line_1_99' title="bbox 2213 3513 3810 3585; baseline -0.001 -17"><span class='ocrx_word' id='word_1_680' title='bbox 2213 3513 2511 3582; x_wconf 89' lang='lat' dir='ltr'><strong>cohiberet,</strong></span> <span class='ocrx_word' id='word_1_681' title='bbox 2533 3515 2658 3570; x_wconf 92' lang='lat' dir='ltr'><strong>dum</strong></span> <span class='ocrx_word' id='word_1_682' title='bbox 2690 3515 2937 3585; x_wconf 89' lang='lat' dir='ltr'><strong>amplius,</strong></span> <span class='ocrx_word' id='word_1_683' title='bbox 2963 3529 3126 3583; x_wconf 89' lang='lat' dir='ltr'><strong>quam</strong></span> <span class='ocrx_word' id='word_1_684' title='bbox 3153 3513 3358 3584; x_wconf 91' lang='lat' dir='ltr'><strong>justum</strong></span> <span class='ocrx_word' id='word_1_685' title='bbox 3385 3513 3578 3580; x_wconf 86' lang='lat' dir='ltr'><strong>fuerat,</strong></span> <span class='ocrx_word' id='word_1_686' title='bbox 3598 3513 3810 3582; x_wconf 90' lang='lat' dir='ltr'><strong>patien-</strong></span> 
     </span>
    </p>
   </div>
   <div class='ocr_carea' id='block_1_99' title="bbox 2217 3605 3812 3678">
    <p class='ocr_par' dir='ltr' id='par_1_99' title="bbox 2217 3605 3812 3678">
     <span class='ocr_line' id='line_1_100' title="bbox 2217 3605 3812 3678; baseline 0.001 -18"><span class='ocrx_word' id='word_1_687' title='bbox 2217 3605 2344 3660; x_wconf 90' lang='lat' dir='ltr'><strong>tiam</strong></span> <span class='ocrx_word' id='word_1_688' title='bbox 2375 3607 2480 3662; x_wconf 90' lang='lat' dir='ltr'><strong>tuis</strong></span> <span class='ocrx_word' id='word_1_689' title='bbox 2513 3606 2838 3662; x_wconf 80' lang='lat' dir='ltr'><strong>facinoribus</strong></span> <span class='ocrx_word' id='word_1_690' title='bbox 2867 3607 3256 3678; x_wconf 71' lang='lat' dir='ltr'><strong>przebercmus;</strong></span> <span class='ocrx_word' id='word_1_691' title='bbox 3287 3605 3355 3660; x_wconf 91' lang='lat' dir='ltr'><strong>ad</strong></span> <span class='ocrx_word' id='word_1_692' title='bbox 3401 3607 3504 3662; x_wconf 92' lang='lat' dir='ltr'><strong>hoc</strong></span> <span class='ocrx_word' id='word_1_693' title='bbox 3531 3614 3614 3660; x_wconf 84' lang='lat' dir='ltr'><strong>est</strong></span> <span class='ocrx_word' id='word_1_694' title='bbox 3654 3621 3812 3661; x_wconf 88' lang='lat' dir='ltr'><strong>causa</strong></span> 
     </span>
    </p>
   </div>
   <div class='ocr_carea' id='block_1_100' title="bbox 2213 3697 3812 3770">
    <p class='ocr_par' dir='ltr' id='par_1_100' title="bbox 2213 3697 3812 3770">
     <span class='ocr_line' id='line_1_101' title="bbox 2213 3697 3812 3770; baseline 0.001 -18"><span class='ocrx_word' id='word_1_695' title='bbox 2213 3697 2492 3768; x_wconf 88' lang='lat' dir='ltr'><strong>perducta,</strong></span> <span class='ocrx_word' id='word_1_696' title='bbox 2523 3707 2792 3770; x_wconf 86' lang='lat' dir='ltr'><strong>quatenus</strong></span> <span class='ocrx_word' id='word_1_697' title='bbox 2838 3698 3062 3754; x_wconf 89' lang='lat' dir='ltr'><strong>semotis</strong></span> <span class='ocrx_word' id='word_1_698' title='bbox 3108 3697 3358 3752; x_wconf 86' lang='lat' dir='ltr'><strong>omnibus</strong></span> <span class='ocrx_word' id='word_1_699' title='bbox 3387 3713 3506 3768; x_wconf 66' lang='lat' dir='ltr'><strong>quae</strong></span> <span class='ocrx_word' id='word_1_700' title='bbox 3546 3697 3613 3753; x_wconf 91' lang='lat' dir='ltr'><strong>de</strong></span> <span class='ocrx_word' id='word_1_701' title='bbox 3649 3699 3812 3754; x_wconf 88' lang='lat' dir='ltr'><strong>trium</strong></span> 
     </span>
    </p>
   </div>
   <div class='ocr_carea' id='block_1_101' title="bbox 2213 3789 3813 3864">
    <p class='ocr_par' dir='ltr' id='par_1_101' title="bbox 2213 3789 3813 3864">
     <span class='ocr_line' id='line_1_102' title="bbox 2213 3789 3813 3864; baseline 0.001 -19"><span class='ocrx_word' id='word_1_702' title='bbox 2213 3791 2568 3861; x_wconf 88' lang='lat' dir='ltr'><strong>capitulorum</strong></span> <span class='ocrx_word' id='word_1_703' title='bbox 2607 3789 2626 3829; x_wconf 70' lang='grc' dir='ltr'>ί</span> <span class='ocrx_word' id='word_1_704' title='bbox 2664 3807 2694 3845; x_wconf 89' lang='lat' dir='ltr'><strong>a</strong></span> <span class='ocrx_word' id='word_1_705' title='bbox 2720 3791 3048 3860; x_wconf 89' lang='lat' dir='ltr'><strong>quibuslibet</strong></span> <span class='ocrx_word' id='word_1_706' title='bbox 3093 3791 3240 3846; x_wconf 92' lang='lat' dir='ltr'><strong>dicto</strong></span> <span class='ocrx_word' id='word_1_707' title='bbox 3285 3791 3556 3864; x_wconf 86' lang='lat' dir='ltr'><strong>scriptove</strong></span> <span class='ocrx_word' id='word_1_708' title='bbox 3600 3793 3813 3848; x_wconf 87' lang='lat' dir='ltr'><strong>fuerant</strong></span> 
     </span>
    </p>
   </div>
   <div class='ocr_carea' id='block_1_102' title="bbox 2216 3879 3814 3953">
    <p class='ocr_par' dir='ltr' id='par_1_102' title="bbox 2216 3879 3814 3953">
     <span class='ocr_line' id='line_1_103' title="bbox 2216 3879 3814 3953; baseline 0.001 -17"><span class='ocrx_word' id='word_1_709' title='bbox 2216 3882 2490 3952; x_wconf 89' lang='lat' dir='ltr'><strong>ordinata,</strong></span> <span class='ocrx_word' id='word_1_710' title='bbox 2519 3881 2648 3951; x_wconf 89' lang='lat' dir='ltr'><strong>quid</strong></span> <span class='ocrx_word' id='word_1_711' title='bbox 2677 3881 2745 3937; x_wconf 90' lang='lat' dir='ltr'><strong>de</strong></span> <span class='ocrx_word' id='word_1_712' title='bbox 2773 3883 2888 3953; x_wconf 90' lang='lat' dir='ltr'><strong>ipsa</strong></span> <span class='ocrx_word' id='word_1_713' title='bbox 2913 3899 2972 3938; x_wconf 89' lang='lat' dir='ltr'><strong>re</strong></span> <span class='ocrx_word' id='word_1_714' title='bbox 3003 3883 3142 3938; x_wconf 86' lang='lat' dir='ltr'><strong>facto</strong></span> <span class='ocrx_word' id='word_1_715' title='bbox 3171 3899 3309 3952; x_wconf 90' lang='lat' dir='ltr'><strong>opus</strong></span> <span class='ocrx_word' id='word_1_716' title='bbox 3335 3892 3498 3946; x_wconf 88' lang='lat' dir='ltr'><strong>esset,</strong></span> <span class='ocrx_word' id='word_1_717' title='bbox 3530 3899 3649 3937; x_wconf 90' lang='lat' dir='ltr'><strong>cum</strong></span> <span class='ocrx_word' id='word_1_718' title='bbox 3674 3879 3814 3937; x_wconf 83' lang='lat' dir='ltr'><strong>Afri-</strong></span> 
     </span>
    </p>
   </div>
   <div class='ocr_carea' id='block_1_103' title="bbox 2213 3971 3814 4048">
    <p class='ocr_par' dir='ltr' id='par_1_103' title="bbox 2213 3971 3814 4048">
     <span class='ocr_line' id='line_1_104' title="bbox 2213 3971 3814 4048; baseline -0.001 -20"><span class='ocrx_word' id='word_1_719' title='bbox 2213 3988 2489 4038; x_wconf 88' lang='lat' dir='ltr'><strong>canarum,</strong></span> <span class='ocrx_word' id='word_1_720' title='bbox 2545 3971 2999 4044; x_wconf 85' lang='lat' dir='ltr'><strong>lllyricianarum,</strong></span> <span class='ocrx_word' id='word_1_721' title='bbox 3053 3987 3148 4028; x_wconf 91' lang='lat' dir='ltr'><strong>seu</strong></span> <span class='ocrx_word' id='word_1_722' title='bbox 3194 3975 3418 4028; x_wconf 82' lang='lat' dir='ltr'><strong>aliarum</strong></span> <span class='ocrx_word' id='word_1_723' title='bbox 3473 3971 3814 4048; x_wconf 88' lang='lat' dir='ltr'><strong>[Galliarum]</strong></span> 
     </span>
    </p>
   </div>
   <div class='ocr_carea' id='block_1_104' title="bbox 2217 4065 3814 4139">
    <p class='ocr_par' dir='ltr' id='par_1_104' title="bbox 2217 4065 3814 4139">
     <span class='ocr_line' id='line_1_105' title="bbox 2217 4065 3814 4139; baseline 0.002 -18"><span class='ocrx_word' id='word_1_724' title='bbox 2217 4075 2244 4114; x_wconf 72' lang='grc' dir='ltr'><em>ε</em></span> <span class='ocrx_word' id='word_1_725' title='bbox 2275 4069 2510 4138; x_wconf 89' lang='lat' dir='ltr'><strong>partium</strong></span> <span class='ocrx_word' id='word_1_726' title='bbox 2560 4073 2884 4136; x_wconf 78' lang='lat' dir='ltr'><strong>congregata</strong></span> <span class='ocrx_word' id='word_1_727' title='bbox 2931 4065 3144 4139; x_wconf 80' lang='lat' dir='ltr'><strong>synodo</strong></span> <span class='ocrx_word' id='word_1_728' title='bbox 3193 4075 3572 4134; x_wconf 89' lang='lat' dir='ltr'><strong>tractarcmus,</strong></span> <span class='ocrx_word' id='word_1_729' title='bbox 3622 4082 3814 4124; x_wconf 83' lang='lat' dir='ltr'><strong>eorum</strong></span> 
     </span>
    </p>
   </div>
   <div class='ocr_carea' id='block_1_105' title="bbox 2217 4227 3814 4300">
    <p class='ocr_par' dir='ltr' id='par_1_105' title="bbox 2217 4227 3814 4300">
     <span class='ocr_line' id='line_1_106' title="bbox 2217 4227 3814 4300; baseline 0 -16"><span class='ocrx_word' id='word_1_730' title='bbox 2217 4230 2398 4300; x_wconf 81' lang='lat' dir='ltr'><strong>ibique</strong></span> <span class='ocrx_word' id='word_1_731' title='bbox 2427 4229 2480 4283; x_wconf 91' lang='lat' dir='ltr'><strong>in</strong></span> <span class='ocrx_word' id='word_1_732' title='bbox 2508 4227 2732 4300; x_wconf 69' lang='lat' dir='ltr'><strong>ecclesia</strong></span> <span class='ocrx_word' id='word_1_733' title='bbox 2763 4227 2976 4300; x_wconf 58' lang='lat' dir='ltr'><strong>Sancta}</strong></span> <span class='ocrx_word' id='word_1_734' title='bbox 3021 4227 3332 4300; x_wconf 64' lang='lat' dir='ltr'><strong>Euphemise</strong></span> <span class='ocrx_word' id='word_1_735' title='bbox 3369 4245 3492 4284; x_wconf 90' lang='lat' dir='ltr'><strong>cum</strong></span> <span class='ocrx_word' id='word_1_736' title='bbox 3519 4230 3630 4284; x_wconf 85' lang='lat' dir='ltr'><strong>suis</strong></span> <span class='ocrx_word' id='word_1_737' title='bbox 3657 4229 3814 4286; x_wconf 84' lang='lat' dir='ltr'><strong>habi-</strong></span> 
     </span>
    </p>
   </div>
   <div class='ocr_carea' id='block_1_106' title="bbox 2219 4298 3812 4368">
    <p class='ocr_par' dir='ltr' id='par_1_106' title="bbox 2219 4298 3812 4368">
     <span class='ocr_line' id='line_1_107' title="bbox 2219 4298 3812 4368; baseline 0.001 -14"><span class='ocrx_word' id='word_1_738' title='bbox 2219 4309 2337 4356; x_wconf 87' lang='lat' dir='ltr'><strong>tare</strong></span> <span class='ocrx_word' id='word_1_739' title='bbox 2366 4299 2651 4367; x_wconf 87' lang='lat' dir='ltr'><strong>disposuit.</strong></span> <span class='ocrx_word' id='word_1_740' title='bbox 2693 4298 2772 4352; x_wconf 78' lang='lat' dir='ltr'><strong>Ex</strong></span> <span class='ocrx_word' id='word_1_741' title='bbox 2803 4299 2908 4354; x_wconf 88' lang='lat' dir='ltr'><strong>hoc</strong></span> <span class='ocrx_word' id='word_1_742' title='bbox 2959 4299 3081 4368; x_wconf 89' lang='lat' dir='ltr'><strong>loco</strong></span> <span class='ocrx_word' id='word_1_743' title='bbox 3105 4298 3446 4368; x_wconf 46' lang='lat' dir='ltr'><strong>sequentem</strong></span> <span class='ocrx_word' id='word_1_744' title='bbox 3491 4301 3812 4356; x_wconf 83' lang='lat' dir='ltr'><strong>cireularem</strong></span> 
     </span>
    </p>
   </div>
   <div class='ocr_carea' id='block_1_107' title="bbox 2217 4367 3815 4452">
    <p class='ocr_par' dir='ltr' id='par_1_107' title="bbox 2217 4367 3815 4452">
     <span class='ocr_line' id='line_1_108' title="bbox 2217 4367 3815 4452; baseline 0 -26"><span class='ocrx_word' id='word_1_745' title='bbox 2217 4371 2500 4452; x_wconf 74' lang='lat' dir='ltr'><strong>epistolam</strong></span> <span class='ocrx_word' id='word_1_746' title='bbox 2525 4369 2592 4424; x_wconf 89' lang='lat' dir='ltr'><strong>ad</strong></span> <span class='ocrx_word' id='word_1_747' title='bbox 2621 4369 2928 4452; x_wconf 82' lang='lat' dir='ltr'><strong>universam</strong></span> <span class='ocrx_word' id='word_1_748' title='bbox 2967 4367 3262 4452; x_wconf 79' lang='lat' dir='ltr'><strong>Ecclesiain</strong></span> <span class='ocrx_word' id='word_1_749' title='bbox 3315 4372 3554 4452; x_wconf 73' lang='lat' dir='ltr'><strong>scripsit,</strong></span> <span class='ocrx_word' id='word_1_750' title='bbox 3591 4385 3660 4428; x_wconf 82' lang='lat' dir='ltr'><strong>ex</strong></span> <span class='ocrx_word' id='word_1_751' title='bbox 3681 4387 3815 4452; x_wconf 74' lang='lat' dir='ltr'><strong>_qua</strong></span> 
     </span>
    </p>
   </div>
   <div class='ocr_carea' id='block_1_108' title="bbox 2217 4437 3816 4510">
    <p class='ocr_par' dir='ltr' id='par_1_108' title="bbox 2217 4437 3816 4510">
     <span class='ocr_line' id='line_1_109' title="bbox 2217 4437 3816 4510; baseline 0.004 -20"><span class='ocrx_word' id='word_1_752' title='bbox 2217 4437 2339 4510; x_wconf 72' lang='lat' dir='ltr'><strong>qua:</strong></span> <span class='ocrx_word' id='word_1_753' title='bbox 2402 4437 2658 4508; x_wconf 89' lang='lat' dir='ltr'><strong>deinceps</strong></span> <span class='ocrx_word' id='word_1_754' title='bbox 2723 4449 2906 4494; x_wconf 87' lang='lat' dir='ltr'><strong>secuta</strong></span> <span class='ocrx_word' id='word_1_755' title='bbox 2955 4449 3082 4510; x_wconf 87' lang='lat' dir='ltr'><strong>sunt</strong></span> <span class='ocrx_word' id='word_1_756' title='bbox 3131 4449 3278 4495; x_wconf 87' lang='lat' dir='ltr'><strong>certa</strong></span> <span class='ocrx_word' id='word_1_757' title='bbox 3335 4437 3622 4496; x_wconf 81' lang='lat' dir='ltr'><strong>habentur.</strong></span> <span class='ocrx_word' id='word_1_758' title='bbox 3681 4437 3816 4496; x_wconf 83' lang='lat' dir='ltr'><strong>Vide</strong></span> 
     </span>
    </p>
   </div>
   <div class='ocr_carea' id='block_1_109' title="bbox 2219 4509 3816 4582">
    <p class='ocr_par' dir='ltr' id='par_1_109' title="bbox 2219 4509 3816 4582">
     <span class='ocr_line' id='line_1_110' title="bbox 2219 4509 3816 4582; baseline 0 -16"><span class='ocrx_word' id='word_1_759' title='bbox 2219 4509 2420 4582; x_wconf 83' lang='lat' dir='ltr'><strong>quanta</strong></span> <span class='ocrx_word' id='word_1_760' title='bbox 2461 4511 2702 4582; x_wconf 80' lang='lat' dir='ltr'><strong>potentia</strong></span> <span class='ocrx_word' id='word_1_761' title='bbox 2735 4517 2790 4582; x_wconf 89' lang='lat' dir='ltr'><strong>et</strong></span> <span class='ocrx_word' id='word_1_762' title='bbox 2817 4511 2898 4564; x_wconf 84' lang='lat' dir='ltr'><strong>vis</strong></span> <span class='ocrx_word' id='word_1_763' title='bbox 2945 4509 3216 4566; x_wconf 75' lang='lat' dir='ltr'><strong>cathedra:</strong></span> <span class='ocrx_word' id='word_1_764' title='bbox 3267 4511 3430 4564; x_wconf 86' lang='lat' dir='ltr'><strong>Petri.</strong></span> <span class='ocrx_word' id='word_1_765' title='bbox 3483 4511 3816 4582; x_wconf 87' lang='lat' dir='ltr'><strong>Justinianus</strong></span> 
     </span>
    </p>
   </div>
   <div class='ocr_carea' id='block_1_110' title="bbox 2221 4581 3817 4652">
    <p class='ocr_par' dir='ltr' id='par_1_110' title="bbox 2221 4581 3817 4652">
     <span class='ocr_line' id='line_1_111' title="bbox 2221 4581 3817 4652; baseline 0.001 -16"><span class='ocrx_word' id='word_1_766' title='bbox 2221 4581 2546 4638; x_wconf 77' lang='lat' dir='ltr'><strong>auctoritate</strong></span> <span class='ocrx_word' id='word_1_767' title='bbox 2578 4581 2756 4650; x_wconf 76' lang='lat' dir='ltr'><strong>Vigilii</strong></span> <span class='ocrx_word' id='word_1_768' title='bbox 2801 4595 2950 4648; x_wconf 65' lang='lat' dir='ltr'><strong>parre</strong></span> <span class='ocrx_word' id='word_1_769' title='bbox 2977 4591 3216 4652; x_wconf 80' lang='lat' dir='ltr'><strong>coactus,</strong></span> <span class='ocrx_word' id='word_1_770' title='bbox 3260 4582 3330 4636; x_wconf 88' lang='lat' dir='ltr'><strong>de</strong></span> <span class='ocrx_word' id='word_1_771' title='bbox 3357 4583 3530 4638; x_wconf 87' lang='lat' dir='ltr'><strong>tribus</strong></span> <span class='ocrx_word' id='word_1_772' title='bbox 3563 4581 3817 4652; x_wconf 84' lang='lat' dir='ltr'><strong>capitulis</strong></span> 
     </span>
    </p>
   </div>
   <div class='ocr_carea' id='block_1_111' title="bbox 2141 4651 3818 4735">
    <p class='ocr_par' dir='ltr' id='par_1_111' title="bbox 2141 4651 3818 4735">
     <span class='ocr_line' id='line_1_112' title="bbox 2141 4651 3818 4735; baseline -0.001 -27"><span class='ocrx_word' id='word_1_773' title='bbox 2141 4671 2196 4735; x_wconf 72' lang='grc' dir='ltr'><strong>ι)</strong></span> <span class='ocrx_word' id='word_1_774' title='bbox 2219 4654 2560 4735; x_wconf 78' lang='lat' dir='ltr'><strong>promulgata</strong></span> <span class='ocrx_word' id='word_1_775' title='bbox 2583 4661 2638 4706; x_wconf 89' lang='lat' dir='ltr'><strong>et</strong></span> <span class='ocrx_word' id='word_1_776' title='bbox 2665 4667 2902 4735; x_wconf 85' lang='lat' dir='ltr'><strong>appensa</strong></span> <span class='ocrx_word' id='word_1_777' title='bbox 2917 4651 3110 4735; x_wconf 47' lang='lat' dir='ltr'><strong>Iedic‘t&#39;a</strong></span> <span class='ocrx_word' id='word_1_778' title='bbox 3139 4653 3398 4735; x_wconf 76' lang='lat' dir='ltr'><strong>amoveri,</strong></span> <span class='ocrx_word' id='word_1_779' title='bbox 3433 4651 3670 4735; x_wconf 71' lang='lat' dir='ltr'><strong>nihilque</strong></span> <span class='ocrx_word' id='word_1_780' title='bbox 3691 4661 3818 4735; x_wconf 68' lang='lat' dir='ltr'><strong>ante</strong></span> 
     </span>
    </p>
   </div>
   <div class='ocr_carea' id='block_1_112' title="bbox 2222 4722 3812 4794">
    <p class='ocr_par' dir='ltr' id='par_1_112' title="bbox 2222 4722 3812 4794">
     <span class='ocr_line' id='line_1_113' title="bbox 2222 4722 3812 4794; baseline 0 -16"><span class='ocrx_word' id='word_1_781' title='bbox 2222 4722 2530 4794; x_wconf 56' lang='lat' dir='ltr'><strong>generalem</strong></span> <span class='ocrx_word' id='word_1_782' title='bbox 2584 4722 2844 4794; x_wconf 68' lang='lat' dir='ltr'><strong>synodum</strong></span> <span class='ocrx_word' id='word_1_783' title='bbox 2900 4722 2968 4776; x_wconf 90' lang='lat' dir='ltr'><strong>de</strong></span> <span class='ocrx_word' id='word_1_784' title='bbox 3023 4722 3127 4794; x_wconf 89' lang='lat' dir='ltr'><strong>illis</strong></span> <span class='ocrx_word' id='word_1_785' title='bbox 3173 4723 3462 4778; x_wconf 84' lang='lat' dir='ltr'><strong>detractari</strong></span> <span class='ocrx_word' id='word_1_786' title='bbox 3511 4723 3812 4778; x_wconf 88' lang='lat' dir='ltr'><strong>mandavit.</strong></span> 
     </span>
    </p>
   </div>
   <div class='ocr_carea' id='block_1_113' title="bbox 2223 4793 3820 4864">
    <p class='ocr_par' dir='ltr' id='par_1_113' title="bbox 2223 4793 3820 4864">
     <span class='ocr_line' id='line_1_114' title="bbox 2223 4793 3820 4864; baseline 0 -16"><span class='ocrx_word' id='word_1_787' title='bbox 2223 4793 2542 4848; x_wconf 86' lang='lat' dir='ltr'><strong>Theodorus</strong></span> <span class='ocrx_word' id='word_1_788' title='bbox 2580 4793 3150 4864; x_wconf 15' lang='lat' dir='ltr'><strong>inialorumﬂomnium</strong></span> <span class='ocrx_word' id='word_1_789' title='bbox 3203 4795 3710 4864; x_wconf 12' lang='lat' dir='ltr'><strong>auctoripernitcns</strong></span> <span class='ocrx_word' id='word_1_790' title='bbox 3763 4801 3820 4848; x_wconf 92' lang='lat' dir='ltr'><strong>et</strong></span> 
     </span>
    </p>
   </div>
   <div class='ocr_carea' id='block_1_114' title="bbox 2223 4863 3818 4933">
    <p class='ocr_par' dir='ltr' id='par_1_114' title="bbox 2223 4863 3818 4933">
     <span class='ocr_line' id='line_1_115' title="bbox 2223 4863 3818 4933; baseline -0.001 -14"><span class='ocrx_word' id='word_1_791' title='bbox 2223 4865 2440 4919; x_wconf 88' lang='lat' dir='ltr'><strong>humilis</strong></span> <span class='ocrx_word' id='word_1_792' title='bbox 2471 4863 2708 4917; x_wconf 87' lang='lat' dir='ltr'><strong>libellum</strong></span> <span class='ocrx_word' id='word_1_793' title='bbox 2737 4863 3036 4933; x_wconf 76' lang='lat' dir='ltr'><strong>supplicem</strong></span> <span class='ocrx_word' id='word_1_794' title='bbox 3087 4863 3330 4933; x_wconf 80' lang='lat' dir='ltr'><strong>pontiﬁci</strong></span> <span class='ocrx_word' id='word_1_795' title='bbox 3377 4863 3594 4927; x_wconf 86' lang='lat' dir='ltr'><strong>obtulit,</strong></span> <span class='ocrx_word' id='word_1_796' title='bbox 3623 4879 3732 4932; x_wconf 87' lang='lat' dir='ltr'><strong>quo</strong></span> <span class='ocrx_word' id='word_1_797' title='bbox 3761 4871 3818 4920; x_wconf 85' lang='lat' dir='ltr'><strong>et</strong></span> 
     </span>
    </p>
   </div>
   <div class='ocr_carea' id='block_1_115' title="bbox 2221 4931 3820 5004">
    <p class='ocr_par' dir='ltr' id='par_1_115' title="bbox 2221 4931 3820 5004">
     <span class='ocr_line' id='line_1_116' title="bbox 2221 4931 3820 5004; baseline -0.001 -14"><span class='ocrx_word' id='word_1_798' title='bbox 2221 4943 2425 4990; x_wconf 88' lang='lat' dir='ltr'><strong>rectam</strong></span> <span class='ocrx_word' id='word_1_799' title='bbox 2458 4933 2629 5004; x_wconf 84' lang='lat' dir='ltr'><strong>ﬁdem</strong></span> <span class='ocrx_word' id='word_1_800' title='bbox 2646 4931 3032 5004; x_wconf 75' lang='lat' dir='ltr'><strong>proﬁtetur-,et</strong></span> <span class='ocrx_word' id='word_1_801' title='bbox 3057 4931 3288 5004; x_wconf 82' lang='lat' dir='ltr'><strong>quatuor</strong></span> <span class='ocrx_word' id='word_1_802' title='bbox 3313 4931 3660 4988; x_wconf 82' lang='lat' dir='ltr'><strong>sacrosancta</strong></span> <span class='ocrx_word' id='word_1_803' title='bbox 3685 4949 3820 4990; x_wconf 90' lang='lat' dir='ltr'><strong>con-</strong></span> 
     </span>
    </p>
   </div>
   <div class='ocr_carea' id='block_1_116' title="bbox 2223 5003 3818 5074">
    <p class='ocr_par' dir='ltr' id='par_1_116' title="bbox 2223 5003 3818 5074">
     <span class='ocr_line' id='line_1_117' title="bbox 2223 5003 3818 5074; baseline 0 -14"><span class='ocrx_word' id='word_1_804' title='bbox 2223 5005 2344 5060; x_wconf 87' lang='lat' dir='ltr'><strong>cilia</strong></span> <span class='ocrx_word' id='word_1_805' title='bbox 2370 5003 2702 5060; x_wconf 77' lang='lat' dir='ltr'><strong>(ncumenica</strong></span> <span class='ocrx_word' id='word_1_806' title='bbox 2732 5003 3718 5074; x_wconf 55' lang='lat' dir='ltr'><strong>comprobat,atqnecontroversiam</strong></span> <span class='ocrx_word' id='word_1_807' title='bbox 3748 5005 3818 5060; x_wconf 83' lang='lat' dir='ltr'><strong>de</strong></span> 
     </span>
    </p>
   </div>
   <div class='ocr_carea' id='block_1_117' title="bbox 2225 5073 3815 5144">
    <p class='ocr_par' dir='ltr' id='par_1_117' title="bbox 2225 5073 3815 5144">
     <span class='ocr_line' id='line_1_118' title="bbox 2225 5073 3815 5144; baseline 0 -16"><span class='ocrx_word' id='word_1_808' title='bbox 2225 5075 2396 5129; x_wconf 84' lang='lat' dir='ltr'><strong>tribus</strong></span> <span class='ocrx_word' id='word_1_809' title='bbox 2421 5075 2672 5144; x_wconf 88' lang='lat' dir='ltr'><strong>capitulis</strong></span> <span class='ocrx_word' id='word_1_810' title='bbox 2698 5089 2727 5128; x_wconf 88' lang='lat' dir='ltr'><strong>a</strong></span> <span class='ocrx_word' id='word_1_811' title='bbox 2756 5091 2814 5127; x_wconf 80' lang='lat' dir='ltr'><strong>se</strong></span> <span class='ocrx_word' id='word_1_812' title='bbox 2843 5074 3132 5128; x_wconf 83' lang='lat' dir='ltr'><strong>excitatam</strong></span> <span class='ocrx_word' id='word_1_813' title='bbox 3165 5073 3230 5128; x_wconf 86' lang='lat' dir='ltr'><strong>ad</strong></span> <span class='ocrx_word' id='word_1_814' title='bbox 3253 5073 3579 5130; x_wconf 88' lang='lat' dir='ltr'><strong>decisionem</strong></span> <span class='ocrx_word' id='word_1_815' title='bbox 3601 5075 3815 5130; x_wconf 90' lang='lat' dir='ltr'><strong>concilii</strong></span> 
     </span>
    </p>
   </div>
   <div class='ocr_carea' id='block_1_118' title="bbox 2225 5144 3818 5215">
    <p class='ocr_par' dir='ltr' id='par_1_118' title="bbox 2225 5144 3818 5215">
     <span class='ocr_line' id='line_1_119' title="bbox 2225 5144 3818 5215; baseline 0 -15"><span class='ocrx_word' id='word_1_816' title='bbox 2225 5145 2458 5213; x_wconf 90' lang='lat' dir='ltr'><strong>distulit,</strong></span> <span class='ocrx_word' id='word_1_817' title='bbox 2483 5151 2674 5215; x_wconf 88' lang='lat' dir='ltr'><strong>petens</strong></span> <span class='ocrx_word' id='word_1_818' title='bbox 2691 5144 2906 5198; x_wconf 87' lang='lat' dir='ltr'><strong>veniam</strong></span> <span class='ocrx_word' id='word_1_819' title='bbox 2927 5145 2994 5215; x_wconf 87' lang='lat' dir='ltr'><strong>de</strong></span> <span class='ocrx_word' id='word_1_820' title='bbox 3017 5145 3228 5215; x_wconf 87' lang='lat' dir='ltr'><strong>injuriis</strong></span> <span class='ocrx_word' id='word_1_821' title='bbox 3245 5153 3300 5198; x_wconf 89' lang='lat' dir='ltr'><strong>et</strong></span> <span class='ocrx_word' id='word_1_822' title='bbox 3319 5146 3666 5200; x_wconf 86' lang='lat' dir='ltr'><strong>contumeliis</strong></span> <span class='ocrx_word' id='word_1_823' title='bbox 3687 5161 3818 5215; x_wconf 87' lang='lat' dir='ltr'><strong>pon-</strong></span> 
     </span>
    </p>
   </div>
   <div class='ocr_carea' id='block_1_119' title="bbox 2225 5161 3792 5284">
    <p class='ocr_par' dir='ltr' id='par_1_119' title="bbox 2225 5161 3792 5284">
     <span class='ocr_line' id='line_1_120' title="bbox 2225 5161 3792 5215; baseline 0 -15"><span class='ocrx_word' id='word_1_824' title='bbox 2225 5161 2458 5213; x_wconf 82' lang='lat' dir='ltr'><strong>uistunt,</strong></span> <span class='ocrx_word' id='word_1_825' title='bbox 2483 5161 2674 5215; x_wconf 78' lang='lat' dir='ltr'><strong>petens</strong></span> <span class='ocrx_word' id='word_1_826' title='bbox 2691 5161 2906 5198; x_wconf 82' lang='lat' dir='ltr'><strong>veniam</strong></span> <span class='ocrx_word' id='word_1_827' title='bbox 2927 5161 2994 5198; x_wconf 90' lang='lat' dir='ltr'><strong>oe</strong></span> <span class='ocrx_word' id='word_1_828' title='bbox 3017 5161 3228 5214; x_wconf 79' lang='lat' dir='ltr'><strong>injuriis</strong></span> <span class='ocrx_word' id='word_1_829' title='bbox 3245 5161 3300 5198; x_wconf 71' lang='lat' dir='ltr'><strong>ei</strong></span> <span class='ocrx_word' id='word_1_830' title='bbox 3319 5161 3666 5200; x_wconf 77' lang='lat' dir='ltr'><strong>contumeliis</strong></span> <span class='ocrx_word' id='word_1_831' title='bbox 3725 5161 3792 5200; x_wconf 86' lang='lat' dir='ltr'><strong>on</strong></span> 
     </span>
     <span class='ocr_line' id='line_1_121' title="bbox 2225 5161 3792 5284; baseline 0 -14"><span class='ocrx_word' id='word_1_832' title='bbox 2225 5216 2352 5272; x_wconf 86' lang='lat' dir='ltr'><strong>titici</strong></span> <span class='ocrx_word' id='word_1_833' title='bbox 2385 5215 2660 5272; x_wconf 80' lang='lat' dir='ltr'><strong>innocenti</strong></span> <span class='ocrx_word' id='word_1_834' title='bbox 2689 5215 2932 5282; x_wconf 86' lang='lat' dir='ltr'><strong>objectis.</strong></span> <span class='ocrx_word' id='word_1_835' title='bbox 2977 5213 3122 5270; x_wconf 86' lang='lat' dir='ltr'><strong>Idem</strong></span> <span class='ocrx_word' id='word_1_836' title='bbox 3153 5216 3401 5284; x_wconf 73' lang='lat' dir='ltr'><strong>pmstitit</strong></span> <span class='ocrx_word' id='word_1_837' title='bbox 3431 5215 3650 5272; x_wconf 79' lang='lat' dir='ltr'><strong>Mennas</strong></span> <span class='ocrx_word' id='word_1_838' title='bbox 3677 5161 3792 5272; x_wconf 56' lang='lat' dir='ltr'><strong>gon</strong></span> 
     </span>
    </p>
   </div>
   <div class='ocr_carea' id='block_1_120' title="bbox 2223 5284 3818 5356">
    <p class='ocr_par' dir='ltr' id='par_1_120' title="bbox 2223 5284 3818 5356">
     <span class='ocr_line' id='line_1_122' title="bbox 2223 5284 3818 5356; baseline 0.001 -17"><span class='ocrx_word' id='word_1_839' title='bbox 2223 5285 3070 5356; x_wconf 82' lang='lat' dir='ltr'><strong>stantinOpolitanuscpiscopus.</strong></span> <span class='ocrx_word' id='word_1_840' title='bbox 3119 5284 3266 5352; x_wconf 86' lang='lat' dir='ltr'><strong>Quos</strong></span> <span class='ocrx_word' id='word_1_841' title='bbox 3309 5301 3428 5356; x_wconf 56' lang='lat' dir='ltr'><strong>eum</strong></span> <span class='ocrx_word' id='word_1_842' title='bbox 3475 5285 3701 5356; x_wconf 76' lang='lat' dir='ltr'><strong>Vigilius</strong></span> <span class='ocrx_word' id='word_1_843' title='bbox 3751 5285 3818 5340; x_wconf 90' lang='lat' dir='ltr'><strong>ad</strong></span> 
     </span>
    </p>
   </div>
   <div class='ocr_carea' id='block_1_121' title="bbox 2221 5353 3820 5426">
    <p class='ocr_par' dir='ltr' id='par_1_121' title="bbox 2221 5353 3820 5426">
     <span class='ocr_line' id='line_1_123' title="bbox 2221 5353 3820 5426; baseline -0.002 -14"><span class='ocrx_word' id='word_1_844' title='bbox 2221 5353 2594 5426; x_wconf 73' lang='lat' dir='ltr'><strong>pmiiitentiain</strong></span> <span class='ocrx_word' id='word_1_845' title='bbox 2637 5363 2693 5410; x_wconf 88' lang='lat' dir='ltr'><strong>et</strong></span> <span class='ocrx_word' id='word_1_846' title='bbox 2739 5353 2810 5407; x_wconf 86' lang='lat' dir='ltr'><strong>in</strong></span> <span class='ocrx_word' id='word_1_847' title='bbox 2837 5353 3277 5426; x_wconf 69' lang='lat' dir='ltr'><strong>communionem</strong></span> <span class='ocrx_word' id='word_1_848' title='bbox 3317 5353 3574 5410; x_wconf 62' lang='lat' dir='ltr'><strong>Ecclesiié</strong></span> <span class='ocrx_word' id='word_1_849' title='bbox 3635 5371 3820 5412; x_wconf 80' lang='lat' dir='ltr'><strong>susce-</strong></span> 
     </span>
    </p>
   </div>
   <div class='ocr_carea' id='block_1_122' title="bbox 2263 5424 3818 5495">
    <p class='ocr_par' dir='ltr' id='par_1_122' title="bbox 2263 5424 3818 5495">
     <span class='ocr_line' id='line_1_124' title="bbox 2263 5424 3818 5495; baseline -0.001 -15"><span class='ocrx_word' id='word_1_850' title='bbox 2263 5428 2419 5492; x_wconf 90' lang='lat' dir='ltr'><strong>isset,</strong></span> <span class='ocrx_word' id='word_1_851' title='bbox 2451 5426 2660 5481; x_wconf 87' lang='lat' dir='ltr'><strong>reddita</strong></span> <span class='ocrx_word' id='word_1_852' title='bbox 2687 5433 2770 5480; x_wconf 90' lang='lat' dir='ltr'><strong>est</strong></span> <span class='ocrx_word' id='word_1_853' title='bbox 2797 5441 2904 5495; x_wconf 86' lang='lat' dir='ltr'><strong>pax</strong></span> <span class='ocrx_word' id='word_1_854' title='bbox 2927 5425 3202 5481; x_wconf 66' lang='lat' dir='ltr'><strong>Ecclesiae.</strong></span> <span class='ocrx_word' id='word_1_855' title='bbox 3241 5424 3366 5481; x_wconf 70' lang='lat' dir='ltr'><strong>[line</strong></span> <span class='ocrx_word' id='word_1_856' title='bbox 3409 5443 3478 5481; x_wconf 83' lang='lat' dir='ltr'><strong>ex</strong></span> <span class='ocrx_word' id='word_1_857' title='bbox 3525 5427 3818 5481; x_wconf 89' lang='lat' dir='ltr'><strong>constituto</strong></span> 
     </span>
    </p>
   </div>
   <div class='ocr_carea' id='block_1_123' title="bbox 2276 5495 3819 5566">
    <p class='ocr_par' dir='ltr' id='par_1_123' title="bbox 2276 5495 3819 5566">
     <span class='ocr_line' id='line_1_125' title="bbox 2276 5495 3819 5566; baseline 0 -16"><span class='ocrx_word' id='word_1_858' title='bbox 2276 5497 2408 5566; x_wconf 78' lang='lat' dir='ltr'><strong>igilii</strong></span> <span class='ocrx_word' id='word_1_859' title='bbox 2439 5512 2612 5566; x_wconf 72' lang='lat' dir='ltr'><strong>papae.</strong></span> <span class='ocrx_word' id='word_1_860' title='bbox 2642 5495 2785 5565; x_wconf 90' lang='lat' dir='ltr'><strong>quod</strong></span> <span class='ocrx_word' id='word_1_861' title='bbox 2835 5496 2920 5554; x_wconf 88' lang='lat' dir='ltr'><strong>hic</strong></span> <span class='ocrx_word' id='word_1_862' title='bbox 2963 5497 3352 5566; x_wconf 78' lang='lat' dir='ltr'><strong>subjungimus.</strong></span> <span class='ocrx_word' id='word_1_863' title='bbox 3385 5497 3648 5554; x_wconf 84' lang='lat' dir='ltr'><strong>Baronius</strong></span> <span class='ocrx_word' id='word_1_864' title='bbox 3677 5510 3819 5552; x_wconf 89' lang='lat' dir='ltr'><strong>anno</strong></span> 
     </span>
    </p>
   </div>
   <div class='ocr_carea' id='block_1_124' title="bbox 2229 5513 2956 5624">
    <p class='ocr_par' dir='ltr' id='par_1_124' title="bbox 2229 5513 2935 5624">
     <span class='ocr_line' id='line_1_126' title="bbox 2229 5513 2935 5624; baseline 0.004 -4"><span class='ocrx_word' id='word_1_865' title='bbox 2229 5513 2413 5621; x_wconf 62' lang='lat' dir='ltr'><strong>isi&#39;iii</strong></span> <span class='ocrx_word' id='word_1_866' title='bbox 2439 5513 2935 5624; x_wconf 55' lang='grc' dir='ltr'><strong>ἒέἓίθὲὲὶωῖςιέἶῖῗε</strong></span> 
     </span>
    </p>
   </div>
   <div class='ocr_carea' id='block_1_125' title="bbox 2299 5635 3079 5708">
    <p class='ocr_par' dir='ltr' id='par_1_125' title="bbox 2299 5635 3079 5708">
     <span class='ocr_line' id='line_1_127' title="bbox 2299 5635 3079 5708; baseline 0.003 -18"><span class='ocrx_word' id='word_1_867' title='bbox 2299 5637 2324 5673; x_wconf 71' lang='grc' dir='ltr'>ά</span> <span class='ocrx_word' id='word_1_868' title='bbox 2357 5635 2491 5708; x_wconf 78' lang='lat' dir='ltr'><strong>Cod.</strong></span> <span class='ocrx_word' id='word_1_869' title='bbox 2523 5635 2682 5701; x_wconf 88' lang='lat' dir='ltr'><strong>Luc.,</strong></span> <span class='ocrx_word' id='word_1_870' title='bbox 2715 5639 2783 5690; x_wconf 88' lang='lat' dir='ltr'><strong>ad</strong></span> <span class='ocrx_word' id='word_1_871' title='bbox 2804 5638 3079 5708; x_wconf 79' lang='lat' dir='ltr'><strong>hucusque.</strong></span> 
     </span>
    </p>
   </div>
   <div class='ocr_carea' id='block_1_126' title="bbox 2301 5707 3024 5770">
    <p class='ocr_par' dir='ltr' id='par_1_126' title="bbox 2301 5707 3024 5770">
     <span class='ocr_line' id='line_1_128' title="bbox 2301 5707 3024 5770; baseline 0 -10"><span class='ocrx_word' id='word_1_872' title='bbox 2301 5717 2324 5744; x_wconf 68' lang='grc' dir='ltr'>ο</span> <span class='ocrx_word' id='word_1_873' title='bbox 2355 5707 2522 5762; x_wconf 87' lang='lat' dir='ltr'><strong>Idem.</strong></span> <span class='ocrx_word' id='word_1_874' title='bbox 2555 5709 2701 5770; x_wconf 89' lang='lat' dir='ltr'><strong>cod.,</strong></span> <span class='ocrx_word' id='word_1_875' title='bbox 2725 5707 3024 5762; x_wconf 73' lang='lat' dir='ltr'><strong>universali.</strong></span> 
     </span>
    </p>
   </div>
   <div class='ocr_carea' id='block_1_127' title="bbox 2305 5776 3820 5854">
    <p class='ocr_par' dir='ltr' id='par_1_127' title="bbox 2305 5776 3820 5854">
     <span class='ocr_line' id='line_1_129' title="bbox 2305 5776 3820 5854; baseline 0.003 -23"><span class='ocrx_word' id='word_1_876' title='bbox 2305 5776 2322 5815; x_wconf 71' lang='grc' dir='ltr'>ί</span> <span class='ocrx_word' id='word_1_877' title='bbox 2357 5777 2505 5854; x_wconf 81' lang='lat' dir='ltr'><strong>idem</strong></span> <span class='ocrx_word' id='word_1_878' title='bbox 2557 5779 2706 5842; x_wconf 90' lang='lat' dir='ltr'><strong>cod.,</strong></span> <span class='ocrx_word' id='word_1_879' title='bbox 2749 5780 2810 5830; x_wconf 84' lang='lat' dir='ltr'><strong>de</strong></span> <span class='ocrx_word' id='word_1_880' title='bbox 2853 5779 3007 5832; x_wconf 86' lang='lat' dir='ltr'><strong>trium</strong></span> <span class='ocrx_word' id='word_1_881' title='bbox 3065 5779 3410 5850; x_wconf 80' lang='lat' dir='ltr'><strong>capitulorum</strong></span> <span class='ocrx_word' id='word_1_882' title='bbox 3449 5779 3820 5854; x_wconf 58' lang='lat' dir='ltr'><strong>quastiqibuc</strong></span> 
     </span>
    </p>
   </div>
   <div class='ocr_carea' id='block_1_128' title="bbox 2231 5848 2692 5921">
    <p class='ocr_par' dir='ltr' id='par_1_128' title="bbox 2231 5848 2692 5921">
     <span class='ocr_line' id='line_1_130' title="bbox 2231 5848 2692 5921; baseline -0.011 -18"><span class='ocrx_word' id='word_1_883' title='bbox 2231 5848 2482 5921; x_wconf 67' lang='lat' dir='ltr'><strong>quomodo</strong></span> <span class='ocrx_word' id='word_1_884' title='bbox 2503 5865 2554 5914; x_wconf 77' lang='grc' dir='ltr'><strong>α,</strong></span> <span class='ocrx_word' id='word_1_885' title='bbox 2587 5855 2692 5921; x_wconf 80' lang='lat' dir='ltr'><strong>etc.</strong></span> 
     </span>
    </p>
   </div>
   <div class='ocr_carea' id='block_1_129' title="bbox 2306 5915 2952 5986">
    <p class='ocr_par' dir='ltr' id='par_1_129' title="bbox 2306 5915 2952 5986">
     <span class='ocr_line' id='line_1_131' title="bbox 2306 5915 2952 5986; baseline 0.003 -13"><span class='ocrx_word' id='word_1_886' title='bbox 2306 5929 2332 5968; x_wconf 75' lang='grc' dir='ltr'>ι</span> <span class='ocrx_word' id='word_1_887' title='bbox 2362 5917 2510 5975; x_wconf 81' lang='lat' dir='ltr'><strong>idem</strong></span> <span class='ocrx_word' id='word_1_888' title='bbox 2537 5917 2683 5986; x_wconf 90' lang='lat' dir='ltr'><strong>cod.,</strong></span> <span class='ocrx_word' id='word_1_889' title='bbox 2713 5915 2952 5976; x_wconf 79' lang='lat' dir='ltr'><strong>Iliorum.</strong></span> 
     </span>
    </p>
   </div>
  </div>
