4042 6458
307 407 374 465 61
1514 392 1868 464 ΕΡΙΞΤΟΕΕ
1909 394 2001 463 ΕΤ
2035 394 2375 466 DECRETA.
3514 404 3586 472 62

312 523 545 583 maxime
574 521 915 593 praesentiam
938 523 1276 592 requirentes
1293 536 1519 592 quantm
1549 520 1722 578 fuerat
1741 539 1899 580 scan-
1927 532 1970 586 Α
2001 508 2459 579 contradicentem
2522 524 2915 595 contempsisse
2948 570 2963 597 ,
3028 527 3339 601 pontificem
3420 530 3584 588 etiam

310 616 541 671 dalizata
580 614 909 669 fraternitas.
952 612 1085 669 Illud
1114 628 1330 686 quoque
1377 628 1708 686 magnopere
1734 615 1897 671 nobis

311 723 437 764 cum
453 706 871 762 clementissimo
884 706 1143 777 principe,
1157 708 1512 779 praesentibus
1523 708 1684 762 etiam
1705 708 1898 764 Menna

309 788 922 871 Constantinopolitanae
943 800 1197 867 civitatis,
1226 809 1279 855 et
1302 799 1463 856 Dacio
1487 801 1899 858 Mediolanensis

311 892 462 947 urbis
510 891 772 955 antistite,
814 892 1043 962 aliisque
1092 900 1202 945 tam
1248 890 1446 947 Grmcis
1486 908 1644 963 quam
1696 892 1899 949 Latinis

311 983 602 1053 episcopis,
637 996 759 1037 cum
786 976 983 1052 quibus
1011 982 1278 1050 omnibus,
1308 983 1467 1038 etiam
1516 993 1568 1037 tu
1614 982 1897 1040 Theodore

310 1086 468 1148 pater
489 1076 720 1141 adfuisti,
746 1092 846 1131 nec
866 1092 974 1131 non
1001 1085 1054 1132 et
1083 1076 1432 1147 prccsentibus
1450 1076 1717 1147 judicibus
1736 1087 1897 1147 atque

310 1168 627 1240 proceribus
656 1169 1013 1237 universaque
1068 1176 1257 1224 senatu
1298 1168 1566 1233 convenit,
1619 1184 1687 1222 ne
1728 1182 1896 1239 usque

311 1260 381 1317 ad
427 1270 776 1318 memoratam
816 1262 1028 1318 concilii
1071 1261 1443 1317 diﬂinitionem
1482 1261 1775 1332 quidquam
1829 1261 1896 1317 de

308 1354 548 1426 praefatis
570 1356 736 1412 tribus
756 1355 1002 1427 capitulis
1030 1355 1097 1409 ab
1119 1356 1298 1425 aliquo
1328 1355 1440 1411 ﬁeri
1472 1355 1890 1410 intcntaretur'.

309 1451 390 1507 Ac
434 1451 624 1507 deinde
667 1455 772 1506 tuis
809 1466 873 1506 ex
912 1449 1299 1507 consuetudine
1355 1449 1714 1505 incitamentis
1759 1448 1897 1503 liber

307 1546 815 1603 condemnationem
846 1544 1203 1615 capitulorum
1240 1544 1477 1615 ipsorum
1507 1543 1818 1611 continens,
1841 1541 1895 1598 in

306 1637 534 1708 palatio,
562 1646 613 1692 te
641 1638 923 1692 assistente
945 1643 999 1692 et
1025 1637 1347 1704 instruente,
1370 1651 1553 1691 coram
1574 1633 1895 1704 quibusdam

306 1724 509 1783 Graecis
533 1728 795 1800 episcopis
820 1739 900 1785 est
926 1729 1173 1795 reiectus,
1199 1746 1227 1783 a
1251 1730 1443 1799 quibus
1472 1729 1895 1783 assentationum

304 1819 545 1877 favorem
574 1823 680 1878 tuis
708 1823 928 1881 vocibus
958 1825 1228 1892 exigebas.
1261 1822 1341 1877 Ex
1368 1839 1476 1894 quo
1503 1822 1644 1876 facto
1674 1831 1782 1875 tam
1814 1830 1892 1889 tu,

2000 614 2380 671 Alexandrinas
2409 613 2665 673 Ecclesiae
2698 617 3037 695 sacerdotem
3082 619 3304 678 fratrem
3332 631 3579 681 nostrum

2001 704 2231 770 Zoilum,
2287 706 2441 775 cujus
2484 722 2678 763 nomen
2710 720 2880 777 usque
2926 707 2999 764 ad
3041 717 3398 768 memoratum
3444 713 3588 769 diem

2000 796 2457 851 communicatum
2513 797 2666 854 vobis
2712 799 2887 854 fuerat
2932 797 3199 873 diptycbis
3252 803 3582 875 eximentes,

1999 886 2363 958 Apollinarem
2389 889 2674 959 quemdam
2711 904 3086 962 perversorem
3137 901 3299 965 atque
3334 892 3588 954 Ecclesia:

1999 976 2167 1046 ipsius
2192 977 2495 1037 adulterum
2521 978 2680 1034 vobis
2705 980 2974 1046 soeiastis,
3004 989 3067 1035 ut
3109 990 3290 1037 vestra
3334 985 3588 1053 iniquitas

1998 1085 2106 1126 non
2144 1071 2319 1127 solum
2371 1072 2424 1126 in
2460 1072 2788 1128 removendo
2833 1073 3229 1143 srmplicissimo
3283 1077 3583 1144 sacerdote,

1997 1163 2094 1220 sed
2127 1164 2288 1219 etiam
2321 1166 2373 1219 in
2403 1165 2716 1235 recipiendo
2752 1165 3036 1236 patefieret
3062 1180 3401 1237 perversore.
3437 1168 3588 1225 Reti-

1998 1273 2183 1314 cemus
2217 1259 2434 1314 interim
2461 1260 2583 1327 alia,
2615 1274 2735 1330 qum
2768 1262 2957 1316 eodem
2988 1262 3075 1318 die
3098 1279 3126 1317 a
3155 1264 3310 1320 vobis
3361 1265 3416 1320 in
3460 1280 3592 1335 apo.

1996 1349 2201 1404 stolieze
2248 1349 2390 1405 sedis
2433 1358 2490 1406 et
2538 1351 2590 1405 in
2619 1366 2887 1408 canonum
2933 1361 3245 1425 perpetrata
3289 1355 3591 1427 probantur

1997 1444 2271 1513 injuriam,
2312 1460 2380 1501 ne
2407 1445 2612 1501 detenti
2660 1450 3068 1504 enumeratione
3118 1450 3422 1520 culparum,
3449 1463 3586 1519 qua-

1997 1550 2115 1590 rum
2165 1534 2413 1591 inventor
2436 1533 2463 1574 ἀ
2503 1536 2824 1605 ostenderis,
2856 1538 3000 1607 quod
3033 1539 3127 1595 tibi
3175 1539 3435 1611 competit
3472 1539 3592 1595 diu-

1998 1624 2103 1680 tius
2128 1625 2454 1681 dill‘eramus.
2489 1625 2557 1681 Et
2584 1627 2708 1683 licet
2753 1634 2880 1685 ante
2919 1631 3136 1699 triginta
3166 1632 3284 1689 dies
3329 1647 3428 1704 pro
3470 1647 3589 1689 me-

1996 1719 2222 1774 moratis
2250 1719 2563 1774 excessibus
2608 1720 2802 1775 vestris
2826 1720 2894 1775 ab
2940 1704 3251 1791 apostolica:
3292 1739 3391 1779 vos
3437 1739 3580 1779 com-

1998 1808 2272 1862 munionis
2314 1808 2737 1865 removissemus
2780 1812 3084 1876 consortio,
3117 1813 3403 1869 credentes
3441 1813 3587 1883 quod

304 1924 467 1982 quam
493 1913 586 1968 tibi
615 1916 1013 1971 consentientes
1041 1916 1301 1986 episcopi,
1335 1914 1516 1967 mitius
1537 1913 1661 1968 licet
1681 1927 1715 1967 a
1738 1912 1887 1967 nobis

1997 1897 2319 1954 sacerdotali
2347 1898 2627 1969 proposito
2657 1898 2869 1956 facilius
2898 1916 3019 1971 qua:
3045 1904 3186 1958 male
3206 1910 3354 1972 gesta
3376 1905 3566 1959 Iberan

303 2022 466 2083 quam
495 2009 734 2078 oportuit
774 2009 1054 2079 increpati,
1087 2008 1154 2063 ad
1195 2007 1604 2079 promerendam
1634 2005 1756 2062 ficta
1799 2021 1887 2062 sa-

303 2100 607 2156 tisfactione
645 2102 855 2155 veniam
899 2101 1242 2157 convolastis.
1277 2099 1407 2169 Quis
1445 2108 1623 2155 autem
1648 2114 1889 2155 comme-

301 2206 517 2246 morare
537 2191 765 2247 sulliciat
792 2207 911 2263 qua:
959 2202 1011 2248 te
1057 2194 1312 2248 incitante
1356 2198 1517 2261 atque
1561 2198 1891 2261 exsequente

302 2281 445 2336 mala
473 2283 759 2338 commissa
801 2283 961 2339 sunt?
989 2283 1119 2338 Nam
1154 2292 1213 2338 ut
1255 2282 1321 2337 de
1351 2281 1556 2353 magnis
1584 2282 1891 2338 excessibus

299 2372 413 2426 tuis
451 2387 614 2441 parva
654 2388 954 2440 narremus,
988 2374 1154 2429 totius
1205 2373 1441 2429 scandali
1485 2372 1889 2428 incitamentum

299 2460 450 2516 fuisti
494 2470 658 2531 atque
702 2464 928 2530 seditio;
960 2464 1049 2533 qui
1080 2462 1225 2520 domi
1257 2473 1362 2519 tua:
1404 2463 1619 2529 sedens,
1652 2465 1893 2534 antiqua-

300 2551 415 2607 rios
457 2553 631 2623 pretio
661 2569 789 2610 caro
818 2555 1140 2620 conducens,
1174 2568 1236 2609 ea
1266 2569 1385 2625 qua:
1429 2553 1608 2627 jurata
1656 2570 1792 2610 voce
1836 2563 1891 2611 te

299 2657 414 2697 non
465 2657 584 2699 esse
638 2642 905 2699 facturum
955 2660 1125 2715 usque
1171 2644 1238 2699 ad
1286 2645 1638 2700 constitutum
1677 2652 1890 2716 tempus

297 2733 633 2806 frequentius
681 2738 1010 2803 Iirmaveras,
1060 2740 1467 2808 conscripsisti;
1513 2745 1568 2794 et
1610 2738 1709 2794 sub
1750 2754 1888 2810 prte-

296 2834 455 2883 textu
478 2829 773 2899 religionis,
818 2845 883 2885 ea
912 2845 1031 2901 qua:
1075 2830 1173 2886 Dei
1222 2830 1514 2887 Ecclesiam
1564 2829 1886 2901 dividerent,

294 2917 440 2973 sicut
467 2920 630 2975 etiam
658 2921 819 2977 rebus
843 2920 1009 2991 ipsius
1034 2921 1360 2991 agnoscitur,
1387 2921 1728 2993 perpetrasti.
1753 2919 1888 2974 Nam

295 3029 470 3086 usque
498 3016 565 3071 ad
595 3016 699 3072 hoc
724 3016 963 3073 animum
992 3015 1435 3072 Christianissimi
1464 3014 1723 3085 principis
1745 3013 1889 3069 falsis

292 3107 736 3176 suggestionibus
764 3107 1081 3181 perduxisti,
1114 3115 1176 3162 ut
1203 3107 1489 3161 clementia
1520 3106 1655 3174 ejus,
1687 3120 1804 3175 quzc
1834 3106 1886 3160 in

291 3199 411 3267 suis
438 3197 685 3253 hostibus
714 3199 799 3268 pia
844 3213 1057 3268 semper
1094 3197 1360 3268 apparuit,
1412 3204 1599 3253 contra
1638 3212 1736 3252 nos
1765 3210 1887 3265 gra-

1993 1988 2361 2044 satisfactione
2381 2004 2620 2059 congrua
2651 1993 2915 2048 curaretis
2940 2011 2953 2046 :
2984 1994 3217 2063 ideoque
3241 2009 3309 2050 ex
3352 2011 3585 2066 persona

1992 2086 2049 2135 et
2075 2081 2399 2136 auctoritate
2421 2081 2566 2136 beati
2591 2081 2738 2137 Petri
2761 2085 3016 2153 apostoli,
3042 2086 3213 2155 cujus,
3239 2087 3365 2143 licet
3382 2087 3581 2157 exigui,

1991 2186 2094 2227 nos
2122 2172 2300 2228 locum
2327 2174 2581 2242 gerimus,
2607 2188 2730 2229 cum
2758 2174 2924 2230 Dacio
2944 2175 3355 2246 Mediolanensi,
3374 2176 3583 2235 Joanne

1991 2260 2314 2329 Marsicano,
2333 2262 2590 2318 Zaechzeo
2610 2262 2947 2335 Scyllaceno,
2971 2264 3258 2322 Valentino
3275 2267 3586 2324 SilvaeCan-

1992 2353 2147 2421 didm,
2168 2353 2448 2410 Florentio
2469 2354 2902 2419 Matellicatensi,
2926 2356 3144 2414 Juliaao
3163 2357 3409 2429 Signino,
3432 2369 3457 2398 ⁸
3479 2358 3584 2415 llo-

1991 2446 2139 2503 muio
2160 2446 2565 2514 Numanatensi,
2600 2446 2881 2504 Dominico
2898 2448 2967 2504 de
2984 2449 3290 2521 Calliopoli,
3319 2451 3581 2509 Prnnasio

1993 2540 2364 2603 Adrumetino,
2397 2538 2713 2596 Verecundo
2740 2539 2975 2597 Lunensi
3004 2541 3045 2607 ί,
3077 2540 3354 2613 Stephano
3382 2543 3583 2599 Arimi-

1991 2631 2166 2694 neasi,
2191 2630 2482 2687 Paschasio
2501 2630 2768 2696 Aletrino,
2793 2640 2959 2701 atque
2976 2631 3213 2689 Jordane
3237 2632 3582 2703 Crotonensi,

1991 2722 2245 2780 fratribus
2263 2733 2319 2778 et
2343 2724 2680 2794 coepiscopis
2705 2725 2928 2790 nostris,
2951 2725 3059 2780 hac
3079 2724 3446 2792 Theodorum,
3469 2724 3585 2781 Cae-

1992 2831 2159 2871 sarem
2180 2815 2534 2887 Cappadociae
2550 2817 2785 2872 civitatis
2806 2818 3078 2887 quondam
3103 2818 3441 2890 episcopum,
3455 2834 3582 2875 sen-

1992 2908 2176 2963 tentias
2230 2908 2687 2979 promulgatione,
2748 2917 2858 2964 tam
2906 2909 3231 2967 sacerdotali
3279 2912 3485 2968 honore
3527 2921 3585 2969 et

1991 2998 2373 3054 communione
2399 2998 2691 3063 catholica,
2717 3013 2884 3066 quam
2910 3000 3061 3054 omni
3083 2999 3264 3056 ofﬁcio
3289 3002 3582 3073 episcopali

1990 3104 2088 3146 seu
2140 3095 2413 3158 potestate
2463 3088 2752 3157 spoliatum
2778 3104 2901 3144 esse
2926 3088 3299 3157 decernimus;
3337 3092 3501 3151 nullis
3528 3100 3584 3149 te

1989 3195 2184 3239 vacare
2204 3180 2432 3236 ulterius
2458 3180 2637 3245 rebus,
2671 3179 2773 3235 nisi
2803 3180 3136 3250 paenitentia
3154 3182 3427 3255 ‘hcrymis
3453 3199 3582 3240 cen-

289 3288 436 3344 viter
482 3294 809 3343 moveretur.
866 3287 973 3343 Sed
1021 3288 1137 3344 haec
1188 3286 1369 3342 omnia
1422 3286 1563 3343 bona
1618 3286 1882 3343 desideria

1989 3281 2171 3330 sentes
2194 3315 2208 3337 ,
2238 3274 2434 3343 quibus
2460 3279 2718 3344 percepta
2738 3272 3059 3329 remissione
3080 3274 3382 3345 culparum,
3403 3275 3581 3332 locum

292 3388 507 3448 nostra,
536 3394 657 3451 qum
685 3396 781 3451 pro
810 3386 945 3452 pado
975 3378 1228 3436 Ecclesiae
1256 3378 1441 3450 procul
1479 3377 1643 3434 dubio
1693 3379 1885 3433 milita-

294 3469 448 3534 bant,
482 3468 557 3523 ita
605 3469 812 3523 animus
843 3476 967 3525 tuus
1004 3468 1202 3541 quietis
1248 3467 1537 3539 impatiens
1584 3467 1882 3539 dissipavit,

294 3568 358 3616 ut
385 3560 477 3615 illa
504 3573 624 3631 qnze
643 3559 877 3614 fraterna
904 3559 1194 3615 collatione
1215 3567 1269 3614 et
1290 3558 1574 3631 tranquilla
1601 3560 1886 3629 episcOpo-

294 3667 417 3713 rum
445 3653 656 3708 fuerant
684 3652 1011 3707 reservanda
1033 3650 1257 3721 judicio,
1286 3652 1464 3708 subito
1494 3657 1683 3706 contra
1712 3649 1886 3706 eccle-

295 3744 571 3800 siasticum
606 3758 841 3821 morem,
896 3753 951 3801 et
997 3754 1186 3801 contra
1236 3752 1492 3815 paternas
1545 3744 1882 3810 traditiones,

294 3846 592 3908 contraque
629 3854 845 3895 omnem
894 3838 1269 3895 auctoritatem
1299 3838 1623 3909 evangelica:
1666 3849 1887 3912 apostoo

295 3928 521 4001 liczeque
543 3930 824 3998 doctrinm,
853 3933 1041 3989 edictis
1071 3933 1384 4005 propositis,
1414 3934 1707 3989 secundum
1732 3941 1885 3989 tuum

295 4020 679 4078 damnarentur
700 4024 1001 4092 arbitrium,
1030 4024 1157 4079 dum
1185 4023 1417 4079 fidelium
1444 4024 1622 4079 nullus
1653 4024 1881 4092 ignoret,

294 4128 395 4186 per
413 4131 550 4186 quos
572 4115 829 4170 Dominus
846 4131 908 4171 ac
933 4116 1069 4171 Deus
1092 4124 1279 4172 noster
1299 4116 1556 4171 doctrinis
1577 4115 1884 4171 coelestibus

295 4207 513 4279 plebem
541 4224 694 4264 suam
730 4208 947 4279 jusserit
977 4209 1195 4274 erudiri,
1234 4208 1319 4264 vel
1342 4208 1533 4279 quibus
1556 4207 1751 4278 ligandi
1775 4209 1885 4264 sol-

296 4296 565 4367 vendique
606 4312 770 4367 super
799 4305 997 4351 terram
1038 4295 1247 4351 dederit
1282 4304 1630 4367 potestatem.
1678 4294 1884 4353 Deinde

293 4388 351 4443 in
380 4386 545 4443 domo
567 4387 876 4463 Placidiana
904 4404 1026 4445 cum
1059 4387 1365 4445 Grzccarum
1393 4390 1485 4445 vel
1520 4387 1831 4445 Latinarum
1852 4388 1881 4429 δ

288 4480 530 4551 partium
558 4480 845 4552 episcopis,
878 4481 968 4549 qui
997 4481 1048 4535 in
1072 4480 1203 4535 urbe
1232 4481 1379 4548 regia
1404 4480 1648 4547 aderant,
1674 4490 1729 4536 et
1756 4495 1883 4551 pre-

292 4568 527 4639 sbyteris
560 4584 624 4625 ac
653 4568 968 4625 diaconibus
996 4567 1604 4638 Constantinopolitanae
1631 4566 1880 4624 Ecclesiae

1985 3365 2530 3433 communionemque
2560 3371 2707 3419 tuam
2743 3370 2841 3418 aut
2868 3378 2901 3418 a
2925 3376 3037 3431 me,
3067 3372 3162 3421 aut
3206 3376 3332 3435 post
3373 3368 3579 3425 obitum

1986 3473 2168 3514 meum
2214 3473 2246 3513 a
2292 3472 2609 3513 successore
2633 3472 2760 3513 meo
2789 3457 2860 3529 (si
2899 3457 3190 3531 lucrareris)
3238 3460 3580 3530 indulgentia

1946 3563 1959 3575 '
1984 3552 2232 3620 recipias.
2259 3550 2444 3619 Teque
2469 3549 2721 3605 Hennam
2746 3549 3359 3622 Constantinopolitanae
3389 3553 3579 3610 civita-

1986 3643 2059 3698 tis
2083 3644 2422 3713 episoopum,
2450 3643 2546 3715 qui
2572 3658 2683 3698 non
2709 3642 2960 3711 dissimili
2987 3644 3149 3715 culpa
3170 3646 3579 3715 constringeris,

1985 3752 2108 3792 cum
2139 3737 2388 3792 omnibus
2426 3736 2860 3807 metropolitanis
2896 3744 2954 3793 et
2991 3738 3416 3809 micropolitanis
3457 3741 3578 3810 epi-

1986 3828 2200 3897 scopis,
2253 3827 2322 3882 ad
2370 3836 2519 3882 tuam
2572 3827 2848 3884 dioecesim
2899 3828 3328 3899 pertinentibus,
3376 3830 3475 3886 sed
3523 3839 3579 3887 et

1988 3927 2148 3975 tuost!
2178 3916 2500 3986 Orientales,
2526 3918 2615 3974 vel
2641 3919 2974 3976 diversarum
3020 3920 3417 3989 provinciarum
3458 3936 3578 3977 ma-

1981 4008 2162 4080 jorum
2190 4010 2568 4081 minorumque
2601 4011 2885 4068 civitatum
2911 4013 3219 4083 episcopos,
3251 4014 3346 4084 qui
3373 4014 3457 4070 his
3483 4028 3578 4069 ex-

1985 4103 2243 4167 cessibus,
2271 4118 2371 4173 pro
2406 4103 2601 4172 quibus
2623 4102 2969 4159 Theodorum
3008 4102 3271 4159 Caesarem
3297 4103 3578 4173 Cappado-

1982 4197 2082 4252 cia:
2103 4195 2373 4265 quondam
2404 4196 2716 4266 episcopum
2745 4194 3244 4259 condemnavimus,
3276 4194 3577 4264 praebuistis

1984 4302 2285 4355 assensum,
2310 4289 2630 4344 humaniore
2655 4286 2945 4351 sententia,
2986 4302 3087 4357 pro
3133 4287 3231 4343 Dei
3270 4288 3573 4345 considera-

1986 4380 2157 4445 tione,
2188 4379 2376 4434 tandiu
2401 4394 2434 4433 a
2457 4394 2610 4434 saera
2640 4379 3024 4435 communione
3049 4380 3453 4451 suspendimus,
3478 4381 3576 4441 do-

1984 4490 2087 4529 nec
2111 4474 2480 4542 unusquisque
2505 4480 2742 4528 vestrum
2772 4487 3013 4528 errorem
3041 4489 3151 4529 sua:
3177 4474 3575 4544 praevaricatio-

1986 4566 2072 4620 nis
2113 4579 2435 4634 agnoscens,
2479 4564 2694 4637 culpam
2737 4564 2880 4635 apud
2910 4580 3010 4623 nos
3056 4566 3332 4637 propriam
3356 4581 3575 4638 compe-

293 4661 596 4715 convenisti
623 4679 635 4714 :
672 4660 853 4730 ibique
880 4660 980 4715 sub
1016 4674 1223 4729 magna:
1248 4660 1651 4715 vociferationis
1696 4668 1884 4716 conte-
1913 4669 1963 4731 ι)
1986 4656 2121 4711 tenti
2149 4655 2522 4712 satisfactione
2549 4655 2784 4711 diluerit.
2818 4654 2952 4713 Hae
2970 4665 3048 4713 est
3076 4657 3385 4728 subscriptio
3405 4655 3575 4715 sancti

293 4748 548 4817 statione,
580 4757 691 4805 tam
720 4766 821 4806 nos
849 4766 1006 4822 quam
1039 4750 1204 4807 frater
1249 4759 1437 4807 noster
1471 4749 1885 4810 Mediolanensis
1984 4766 2154 4821 papa
2185 4750 2295 4806 Deo
2320 4750 2563 4819 iuvante,
2596 4757 2651 4804 et
2679 4750 2847 4820 ipsius
2880 4752 3071 4820 gratia,
3104 4751 3326 4821 Vigilius
3375 4754 3575 4823 episco-

292 4840 579 4913 episcopus
606 4842 998 4914 prohibuimus,
1030 4858 1098 4899 ne
1147 4843 1338 4914 aliquis
1363 4852 1601 4901 vestrum
1632 4847 1884 4918 praevari-

292 4931 495 4987 cationi
525 4935 827 4989 communis
856 4935 1151 5003 constituti,
1184 4945 1491 5006 contempta
1522 4936 1877 5006 fraternitate,

289 5020 558 5090 praeberet
586 5037 885 5078 assensum.
917 5020 996 5077 Tu
1034 5034 1235 5090 autem,
1282 5024 1425 5080 sedis
1461 5026 1769 5095 apostolica:
1798 5027 1881 5081 in-

292 5114 602 5172 terdicentis
632 5132 729 5188 per
765 5133 865 5173 nos
892 5117 1215 5172 auctoritate
1259 5117 1535 5188 despecta,
1584 5117 1651 5173 ad
1692 5118 1879 5174 Eccle-

289 5206 426 5261 siam
454 5207 510 5261 in
536 5221 641 5278 qua
681 5206 854 5263 edicta
898 5206 1011 5277 ipsa
1040 5206 1364 5276 pendebant,
1410 5207 1644 5275 reliquos
1698 5215 1877 5263 tecum

288 5296 588 5362 attrahens,
619 5299 923 5367 porrexisti,
956 5297 1136 5368 ibique
1159 5297 1278 5352 aliis
1306 5295 1532 5365 adjectis
1558 5297 1875 5366 praevarica-

288 5388 547 5454 tionibus,
601 5389 882 5443 missarum
924 5388 1185 5444 solemnia
1231 5387 1518 5444 celebrasti
1544 5397 1567 5427 ο
1596 5405 1610 5441 :
1643 5395 1698 5443 et
1723 5388 1876 5459 quasi

286 5482 422 5537 nihil
443 5483 539 5540 tibi
567 5493 712 5540 esset
738 5483 924 5556 primae
951 5481 1094 5539 sedis
1116 5483 1410 5538 antistitem
1454 5488 1777 5553 praesentem
1820 5488 1877 5538 et

367 5747 391 5777 ι
413 5736 547 5794 Cod.
582 5739 736 5805 μιᾳ,
763 5746 1065 5795 tentaretur.

357 5807 583 5875 ibidem,
606 5810 846 5863 aliarum.

361 5891 384 5918 ε
416 5878 584 5947 Idem,
613 5879 925 5934 celebraslis.

357 5949 383 5989 ⁴
412 5950 579 6020 Idem,
611 5960 792 6006 auctor
811 5960 961 6021 atque
987 5951 1238 6006 incentor.

1987 4856 2087 4911 pus
2135 4850 2335 4897 sancta;
2385 4839 2641 4897 Ecclesiae
2679 4842 2959 4898 catholicae
3002 4843 3150 4899 urbis
3204 4842 3408 4910 Romae,
3453 4844 3574 4899 huic

1980 4931 2313 4987 damnationi
2339 4939 2503 5001 atque
2521 4932 3063 5003 excommunicationi
3093 4930 3361 4989 Theodori
3392 4931 3571 4990 Cesa-

1980 5037 2090 5078 rem
2134 5022 2512 5092 Cappadociae,
2552 5029 2612 5077 et
2654 5022 2781 5078 huic
2816 5023 3272 5081 communicantis
3310 5021 3334 5061 ¹³
3365 5022 3571 5079 Manna:

1981 5115 2593 5186 Constantinopolitanae.
2616 5109 2765 5172 urbis
2785 5116 3048 5187 episcopi,
3068 5116 3155 5172 vel
3178 5116 3406 5173 aliorum
3432 5129 3570 5185 prm-

1980 5207 2269 5272 fectorum,
2300 5207 2611 5278 subscripsi.
2646 5206 2778 5267 Data
2811 5224 2899 5264 xix
2929 5206 3187 5269 calendas
3214 5205 3565 5277 Septembris,

1981 5298 2285 5369 imperante
2347 5298 2571 5357 domino
2620 5297 2928 5356 Iustiniano
2995 5306 3259 5369 perpetuo
3323 5296 3567 5365 Augusto

1981 5405 2125 5446 anno
2191 5390 2298 5456 25,
2343 5398 2470 5461 post
2516 5392 2853 5449 consulatum
2902 5390 3079 5446 Basilii
3140 5390 3240 5445 viri
3287 5388 3567 5445 clarissimi

1981 5498 2124 5541 anno
2153 5482 2214 5538 ιι
2241 5482 2353 5557 [ιο]
2381 5484 2555 5558 (Anno
2577 5484 2771 5541 came
2797 5482 2948 5558 εει).

2051 5751 2075 5813 ξ
2104 5741 2269 5813 Idem,
2301 5740 2574 5813 Cinglano.
2604 5738 2741 5794 Num
2768 5736 3103 5807 Cingulano?

2057 5810 2075 5849 τ
2105 5812 2269 5877 Idem,
2302 5810 2569 5867 Juneensi.

2051 5890 2078 5930 ε
2099 5881 2264 5947 Idem,
2295 5899 2403 5936 vos.

2051 5950 2087 6021 λι
2099 5951 2244 6008 Idem
2273 5953 2420 6022 cod.,
2441 5949 2979 6007 excommunicationi;
