4018 6340
480 349 549 405 6'5
1506 307 1541 337 ’³
1875 350 2101 408 VIGlLll
2133 349 2337 407 PAPJE
3678 347 3750 403 es

1517 466 1846 525 EPISTOLA
1883 462 2207 522 EUTYCHII
2240 465 2338 533 AD
2375 462 2701 523 VIGILIUM.

477 585 558 651 Τῷ
584 580 649 633 τά
668 579 834 657 πάντα
860 576 1147 657 ἁγιωτάτῳ,
1166 582 1249 637 καί
1262 583 1636 657 μακᾳΡιωτὸιτῳ
1662 584 1821 657 κυρίῳ
1847 578 2063 653 ἀδελφῷ,

2174 563 2648 657 Proﬁtetur-ﬁdem
2688 576 3016 657 ςοεξιοιξεοηι,
3054 578 3267 657 οε-ρειίε
3320 584 3377 657 ιιι
3416 578 3637 657 γᾳιιωεῑὶο
3685 579 3752 635 de

754 652 837 703 καὶ
862 650 1234 726 συλλειτουργῷ
1260 650 1476 725 Βιγιλίῳ,
1508 650 1778 721 Εὐτύχιος.

546 739 748 804 Ἰδόντες
775 742 971 802 ὁπόσων
996 746 1194 818 ἀγαθῶν
1229 747 1363 801 αἰτία
1398 746 1536 800 ἐστίν
1569 746 1599 803 ή
1624 752 1713 800 τοῦ
1741 749 1870 800 Θεοῦ
1898 746 2062 818 εἰρήνη

478 843 772 913 φρουροῦσα
810 840 906 899 τὰς
947 836 1189 913 καρδίας,
1231 840 1407 893 καὶτὰ
1442 844 1669 910 νοήματα
1703 844 1801 893 τῶν
1836 844 2059 903 πιστῶν,

477 928 561 981 καί
589 925 889 1000 συνάγουσα
914 930 1097 989 αὐτούς
1124 932 1197 991 είς
1223 931 1282 984 τὸ
1316 928 1366 983 ἓν
1406 932 1489 984 καὶ
1523 932 1580 985 τό
1609 930 1727 985 αὐτὸ
1755 938 1975 1005 φρονεῖν,
2014 929 2064 982 ἐν

477 1029 538 1092 τῇ
566 1024 684 1096 περὶ
709 1029 800 1081 τῆς
842 1023 991 1097 ὀρθῆς
1023 1025 1248 1085 πίστεως
1284 1022 1549 1098 ὁμολογία,
1592 1027 1677 1077 καί
1710 1032 1771 1098 τῇ
1797 1031 1896 1079 τῶν
1922 1024 2063 1078 θείων

477 1112 685 1167 ἐντολῶν
711 1116 1039 1187 κατορθώσει,
1070 1117 1155 1169 καὶ
1178 1117 1261 1170 τόν
1286 1117 1408 1170 Θεὸν
1428 1117 1608 1187 εὐμενῆ
1636 1116 1932 1171 καθιστῶσα
1956 1124 2062 1178 τοῖς

478 1203 554 1262 εἰς
578 1205 643 1257 τὰ
669 1205 793 1280 ὀρθὰ
821 1203 1112 1276 ὁμονοοῦσι⁶
1143 1205 1226 1261 διὰ
1252 1212 1406 1264 τοῦτο
1433 1207 1803 1273 σπουδάζοντες
1830 1214 1917 1267 τήν
1942 1208 2063 1263 ἕνω-

476 1312 559 1347 σιν
587 1294 827 1363 φυλάξαι,
854 1296 987 1371 πρὸς
1018 1301 1109 1355 τήν
1134 1296 1389 1356 καθολικὴν
1414 1296 1659 1370 καθέδραν
1683 1308 1775 1359 τῆς
1813 1300 2062 1375 ὑμετέρας

477 1384 866 1459 μακαριότητος,
896 1386 1107 1461 φανερόν
1154 1393 1397 1459 ποιοῦμεν
1439 1384 1517 1443 ὅτι
1545 1390 1624 1443 ἀεὶ
1648 1390 1791 1460 ἡμεῖς
1818 1390 2061 1461 ἐφυλάξα-

475 1493 583 1545 μεν,
615 1478 695 1530 καί
719 1476 1031 1548 φυλάττομεν
1058 1482 1149 1536 τήν
1175 1481 1365 1543 πίστιν,
1394 1483 1485 1537 τήν
1512 1478 1737 1554 ἐξαρχῆς
1763 1478 2063 1554 παραδοθεῖ-

478 1586 576 1620 σαν
602 1568 704 1624 ύπό
746 1577 839 1624 τοῦ
879 1570 1097 1644 μεγάλου
1133 1578 1288 1637 Θεοῦ,
1330 1575 1415 1627 καὶ
1449 1581 1681 1649 σωτῆρος
1716 1577 1853 1645 ἡμῶν
1887 1577 2060 1634 Ἰησοῦ

476 1665 699 1730 Χριστοῦ
745 1667 853 1721 τοῖς
894 1659 1055 1732 ἁγίοις
1106 1663 1435 1732 ἀποστόλοις,
1481 1667 1563 1719 καί
1613 1664 1737 1738 παρ’
1777 1666 1969 1720 ἐκείνων
2012 1668 2061 1721 ἐν

478 1754 633 1806 παντί
657 1760 729 1822 τῷ
754 1753 931 1826 κόσμῳ
958 1758 1333 1829 κηρυχθεῖσαν,
1363 1759 1449 1811 καί
1474 1757 1573 1811 ύπὸ
1598 1766 1697 1813 τῶν
1725 1760 1878 1832 ἁγίων
1903 1762 2062 1817 πατί-

477 1863 579 1917 ρων
605 1847 1000 1918 σαφηνισθεῖσαν
1016 1891 1029 1915 ,
1060 1851 1142 1902 καὶ
1167 1849 1394 1920 μάλιστα
1419 1849 1519 1905 ύπὸ
1544 1857 1643 1906 τῶν
1672 1851 1720 1904 ἐν
1746 1860 1865 1913 ταῖς
1892 1851 2060 1926 ἁγίαις

2406 647 2571 703 tribus
2591 648 2830 718 capitulis
2858 649 2913 702 in
2941 647 3157 702 concilio
3189 647 3505 703 terminatur.

2235 738 2588 796 Sanctissimo
2618 748 2671 794 et
2692 740 3002 795 beatissimo
3027 739 3246 796 domino
3273 748 3331 796 et
3374 741 3749 799 consacerdoti

2163 827 2359 899 Vigilio
2390 829 2705 901 Eutychius.

2236 920 2481 978 Scientes
2502 931 2830 993 quantorum
2864 923 3130 978 bonorum
3164 938 3325 980 causa
3353 932 3438 979 est
3476 940 3582 995 pax
3625 923 3744 994 Dei,

2163 1013 2469 1068 custodiens
2498 1011 2661 1068 corda
2690 1021 2745 1068 et
2774 1028 2962 1069 sensus
3002 1012 3257 1079 ﬁdelium,
3289 1021 3345 1070 et
3372 1014 3628 1084 colligens
3652 1030 3747 1073 eos

2162 1114 2222 1161 ut
2247 1122 2412 1161 unum
2443 1106 2695 1178 idemque
2724 1107 2935 1179 sapiant
2961 1107 3015 1162 in
3036 1115 3183 1163 recta
3213 1106 3337 1162 ﬁdei
3380 1107 3743 1175 confessione,

2162 1205 2217 1253 et
2240 1198 2306 1252 ad
2333 1198 2658 1269 perficienda
2678 1198 2859 1254 divina
2882 1197 3157 1264 mandata,
3182 1208 3236 1254 et
3256 1200 3547 1269 propitium
3577 1200 3747 1257 Deum

2161 1288 2363 1344 faciens
2388 1290 2441 1343 in
2476 1289 2559 1343 his
2586 1304 2705 1359 qua:
2732 1297 2878 1344 recta
2926 1298 3053 1344 sunt
3080 1290 3533 1345 concordantibus
3568 1309 3581 1343 :
3622 1291 3746 1347 ideo

2161 1380 2477 1437 festinantes
2495 1381 2753 1438 unitatem
2770 1396 3088 1438 conservare
3109 1382 3174 1437 ad
3196 1383 3546 1453 apostolicam
3562 1383 3748 1439 sedem

2160 1483 2357 1531 vestra:
2403 1476 2749 1532 beatitudinis
2786 1476 3124 1532 manifestum
3164 1477 3412 1545 facimus,
3460 1478 3603 1547 quod
3647 1493 3746 1534 nos

2162 1582 2379 1639 semper
2402 1576 2456 1623 et
2485 1569 2814 1623 servavimus
2855 1576 2911 1624 et
2948 1584 3225 1624 servamus
3269 1569 3427 1623 fidem
3476 1569 3543 1623 ab
3591 1570 3745 1625 initio

2164 1661 2412 1716 traditam
2439 1677 2470 1716 a
2492 1676 2685 1729 magno
2713 1663 2822 1717 Deo
2851 1669 2906 1717 et
2927 1662 3208 1717 Salvatore
3229 1670 3415 1717 nostro
3443 1660 3567 1718 Jesu
3588 1662 3745 1718 Chri-

2164 1762 2251 1809 sto
2271 1755 2470 1810 sanctis
2500 1756 2777 1826 apostolis,
2810 1763 2865 1811 et
2892 1756 2959 1810 ab
2986 1755 3090 1810 illis
3117 1756 3170 1809 in
3193 1756 3339 1809 omni
3378 1756 3577 1811 mundo
3605 1771 3747 1826 prie-

2164 1847 2413 1913 dicatam,
2440 1856 2495 1902 et
2520 1848 2720 1904 sanctis
2746 1846 2998 1901 Patribus
3026 1847 3391 1917 explanatam,
3434 1855 3489 1900 et
3514 1847 3747 1902 maxime

478 1935 689 2010 τέτρασι
728 1936 959 2000 συνόδοις
999 1940 1361 2004 συνελθόντων,
1414 1936 1487 2002 οἴς
1525 1940 1830 2009 διαπαντὸς,
1869 1948 1955 1998 καί
2006 1947 2056 1999 ἐν

2174 1944 2228 1997 ab
2278 1943 2362 1998 his
2398 1941 2490 2013 qui
2539 1940 2592 1995 in
2639 1940 2841 1996 sanctis
2892 1948 3125 2009 quatuor
3170 1939 3393 2010 synodis
3436 1936 3747 2006 congregati
3787 2006 3795 2016 ‘

478 2033 637 2082 πᾶσιν
666 2030 1060 2102 ἀκολουθοῦμεν,
1087 2036 1172 2086 καί
1198 2032 1481 2103 δεχόμεθα,
1510 2036 1745 2090 τουτέστι
1769 2038 1890 2098 τούς
1915 2059 2061 2112 τρια-

478 2122 683 2181 κοσίους
736 2121 852 2176 δέκα
887 2127 969 2177 καί
1007 2124 1137 2180 ὀκτὼ
1172 2124 1349 2199 ἁγίους
1382 2129 1614 2202 πατέρας
1650 2130 1769 2189 τούς
1805 2132 1851 2184 ἐν
1886 2136 2064 2207 Nomia:

479 2212 835 2281 συνελθόντας,
884 2219 967 2271 καί
1008 2217 1065 2272 τὸ
1102 2216 1241 2290 ἅγιον
1277 2220 1561 2290 σύμϐολον,
1599 2221 1711 2279 ἦτοι
1737 2225 1947 2295 μαθημα
1972 2239 2063 2287 τῆς

479 2303 707 2367 πίστεως
733 2307 1049 2378 ἐκθεμένους,
1099 2312 1182 2365 καί
1214 2315 1306 2371 τήν
1330 2309 1520 2387 ’Δρείου
1548 2315 1731 2384 μανίαν
1757 2317 2062 2388 ἀναθεματί-

480 2417 694 2461 σαιτας,
726 2402 830 2461 ,καί
863 2402 985 2461 τούς
1020 2402 1211 2461 ταύτην
1247 2409 1618 2482 φρονήσαντας,
1655 2405 1685 2467 ἢ
1737 2416 2061 2482 φρονοῦντας.

480 2492 744 2562 Δεχόμεθα
774 2491 939 2549 δὲκαὶ
987 2496 1106 2557 τούς
1150 2495 1329 2553 ἑκατόν
1370 2496 1543 2573 ἁγίους
1584 2502 1814 2576 πατέρας
1851 2505 1972 2562 τοὺς
2015 2505 2066 2557 ἐν

481 2586 993 2643 Κωνστανεινουπόλει
1038 2589 1397 2655 συνελθόντας,
1444 2592 1644 2652 οἵτινες
1672 2594 1729 2647 τὸ
1767 2594 1891 2647 αὐτὸ
1921 2591 2064 2667 ἅγιον

481 2679 690 2751 μάθημα
716 2681 1016 2753 ἐσαφήνισαν
1032 2720 1050 2749 ,
1078 2686 1158 2737 καὶ
1192 2684 1257 2737 τὰ
1281 2687 1400 2758 περί
1425 2692 1517 2746 τῆς
1542 2684 1772 2746 θεότητος
1795 2692 1887 2741 τοῦ
1917 2686 2062 2757 ἁγίου

481 2773 767 2838 πνεύματος
796 2775 1113 2848 ἐτράνωσαν,
1164 2781 1366 2838 καίτήν
1412 2779 1603 2853 αἳρεσιν
1644 2779 1944 2835 Μακεδονίου
1971 2786 2065 2837 τοῦ

481 2868 929 2940 πνευματομὰχου
948 2908 963 2934 ,
994 2873 1077 2925 καί
1100 2870 1186 2925 τὸν
1212 2872 1373 2930 ἀσεϐῆ
1397 2872 1732 2945 ’Λπολινᾶριον
1756 2877 2062 2952 κατέκριναν,

482 2961 609 3030 μετὰ
649 2968 749 3016 τῶν
775 2962 839 3017 τὰ
864 2964 995 3020 αὐτὰ
1020 2964 1217 3025 ἐκείνοις
1241 2967 1621 3041 φρονησάντων,
1661 2966 1691 3025 ἦ
1735 2967 2061 3042 φρονούντων.

481 3052 745 3124 Δεχόμεθα
767 3051 821 3109 δὲ
844 3058 927 3109 καί
952 3058 1072 3117 τούς
1098 3055 1393 3120 διακοσίους
1419 3058 1595 3132 ἁγίους
1619 3061 1852 3135 πατέρας
1872 3063 1990 3121 τούς
2016 3062 2064 3115 ἐν

481 3152 544 3219 τῇ
564 3145 673 3200 κατ’
697 3143 906 3217 Ἐφεσον
929 3151 1107 3221 πρώτη
1130 3148 1328 3219 συνόδῳ
1349 3151 1723 3225 ἀθροισθέντας,
1753 3153 1798 3204 οἵ
1824 3172 1955 3212 τινες
1985 3150 2069 3207 διὰ

483 3238 681 3292 πάντων
728 3238 1069 3298 ἠκολούθησαν
1093 3248 1165 3312 τῷ
1191 3242 1330 3311 αύτῷ
1377 3240 1502 3314 ἁγίῳ
1531 3242 1800 3313 συμϐόλῳ,
1830 3244 1946 3302 ήτοι
1971 3268 2070 3316 μαο

2165 2045 2310 2101 sunt,
2342 2049 2480 2102 quos
2501 2048 2597 2103 per
2624 2033 2803 2088 omnia
2847 2040 2901 2086 et
2930 2032 2983 2086 in
3016 2031 3265 2086 omnibus
3290 2030 3664 2101 amplectimur
3693 2036 3748 2084 et

2163 2127 2505 2196 suscipimus,
2534 2126 2583 2180 id
2609 2133 2710 2189 est,
2741 2132 3014 2179 trecentos
3047 2123 3233 2178 decem
3276 2130 3331 2177 et
3358 2132 3482 2177 octo
3530 2127 3749 2176 sanctos

2163 2214 2352 2271 Patres
2376 2217 2465 2285 qui
2505 2216 2692 2271 Nicaem
2720 2215 3029 2283 congregati
3062 2221 3206 2278 sunt,
3240 2221 3294 2269 et
3322 2221 3566 2269 sanctum
3613 2227 3750 2283 sym-

2162 2307 2345 2363 bolum
2376 2307 2489 2362 sive
2522 2308 2793 2361 mathema
2824 2304 2947 2361 ﬁdei
2977 2313 3363 2375 exposuerunt,
3397 2313 3453 2359 et
3491 2304 3751 2358 Arianam

2164 2402 2497 2473 impietatem
2527 2400 3130 2465 anathematizaverunt,
3164 2406 3218 2453 et
3247 2413 3344 2453 eos
3368 2397 3458 2466 qui
3504 2396 3697 2451 similia
3722 2405 3751 2434 ι

2165 2496 2245 2552 eis
2270 2502 2565 2566 sapuerunt
2587 2495 2671 2549 vel
2696 2494 2928 2565 sapiunt.
2956 2491 3290 2562 Suscipimus
3317 2499 3495 2545 autem
3533 2499 3586 2545 et
3620 2505 3750 2545 cen-

2164 2596 2278 2642 tum
2338 2587 2725 2657 quinquaginta
2772 2592 2992 2640 sanctos
3039 2584 3231 2638 Patres
3281 2581 3753 2652 Constantinopoli

2166 2690 2541 2750 congregatos,
2570 2680 2662 2749 qui
2689 2679 2830 2734 idem
2857 2686 3099 2733 sanctum
3126 2678 3393 2732 mathema
3424 2679 3751 2747 explanave-

2164 2779 2310 2837 runt,
2336 2779 2391 2825 et
2418 2770 2486 2826 de
2513 2770 2715 2826 deitate
2743 2770 2914 2825 sancti
2943 2768 3177 2839 Spiritus
3224 2768 3669 2833 dilucidaverunt,
3699 2775 3755 2822 et

2166 2862 2415 2917 haeresim
2480 2860 2944 2925 Macedonianam,
2988 2868 3233 2915 sanctum
3279 2859 3539 2929 Spiritum
3587 2860 3757 2929 impu.

2168 2962 2443 3023 gnantem,
2472 2960 2527 3005 et
2559 2953 2782 3019 impium
2813 2951 3205 3021 Apollinarium
3240 2951 3751 3018 condemnaverunt,

2168 3060 2291 3101 cum
2319 3045 2403 3099 his
2422 3044 2515 3113 qui
2542 3043 2737 3099 similia
2763 3043 2869 3097 illis
2896 3050 3188 3112 sapuerunt
3212 3042 3293 3095 vel
3309 3042 3541 3111 sapiunt.
3566 3040 3754 3095 Susci-

2167 3136 2346 3206 pimus
2372 3142 2550 3191 autem
2578 3143 2633 3190 et
2658 3142 2874 3190 sanctos
2902 3132 3163 3188 ducentos
3188 3132 3375 3187 Patres
3404 3132 3457 3185 in
3486 3130 3755 3201 Ephesina

2169 3231 2343 3301 prima
2369 3229 2574 3301 synodo
2597 3236 2967 3296 congregatos,
2990 3227 3081 3295 qui
3110 3241 3208 3297 per
3232 3226 3409 3279 omnia
3439 3225 3610 3279 secuti
3631 3229 3761 3278 sunt

483 3328 697 3396 θήματι,
728 3330 1017 3406 κατέκριναν
1045 3329 1098 3384 δὲ
1127 3332 1396 3405 Νεστόριον
1419 3333 1504 3388 τόν
1531 3334 1695 3392 ἀσεϐῆ
1720 3380 1723 3383 .
1764 3338 1847 3388 καί
1873 3337 1937 3390 τὰ
1962 3359 2059 3409 μυ-

2174 3325 2307 3380 idem
2342 3333 2585 3381 sanctum
2615 3323 2916 3395 symbolum
2957 3322 3072 3377 sive
3101 3321 3393 3383 mathema,
3423 3328 3478 3373 et
3501 3318 3760 3374 condem-

485 3421 626 3493 σαρά
651 3420 804 3476 αὐτοῦ
831 3419 1080 3496 δόγματα,
1110 3425 1195 3476 καί
1219 3425 1338 3484 τούς
1361 3424 1427 3477 τὰ
1455 3421 1605 3494 ὅμοια
1634 3425 1769 3493 αύτῷ
1796 3423 2068 3486 ὁτεδήποτε

489 3516 862 3587 φρονήσαντας,
890 3512 921 3573 ἦ
946 3520 1269 3587 φρονοῦντας.
1311 3514 1438 3589 Πρὸς
1476 3517 1675 3577 τούτοις
1703 3515 1959 3589 δεχόμεθα
1984 3522 2071 3575 καί

488 3607 608 3664 τούς
635 3605 927 3669 ἑξακοσίους
952 3608 1222 3679 τριάκοντα
1248 3605 1425 3679 ἁγίους
1450 3608 1676 3685 πατέρας
1720 3611 1838 3669 τούς
1866 3610 1913 3663 ἐν
1939 3612 2071 3666 Χαλ-

489 3698 660 3759 κηδόνι
687 3701 1033 3767 συνελθόντας,
1066 3704 1113 3757 οἶ
1136 3723 1268 3764 τινες
1295 3706 1381 3758 καί
1408 3705 1555 3760 αύτοί
1577 3702 1661 3759 διὰ
1689 3707 1891 3760 πάντων
1917 3710 2072 3778 συνή-

489 3811 640 3846 νεσαν
684 3801 799 3854 ταῖς
844 3796 1239 3872 προρρηθείσαις
1286 3795 1451 3868 ἁγίαις
1497 3799 1637 3873 τρισί
1679 3796 1946 3863 συνόδοις,
1990 3800 2074 3854 καί

490 3882 829 3943 ἠκολούθησαν
854 3895 927 3959 τῷ
953 3888 1285 3964 προρρηθίντι
1310 3887 1552 3959 συμϐόλῳ
1570 3928 1583 3947 .
1628 3888 1739 3947 ἤτοι
1782 3892 2070 3961 μαθήματι,

490 3983 564 4045 τῷ
590 3979 735 4053 παρά
764 3984 862 4032 τῶν
908 3977 1063 4051 ἁγίων
1100 3979 1335 4053 πατέρων
1388 3978 1658 4043 ἐκτεθέντι,
1705 3983 1789 4034 καί
1831 3982 1930 4035 ἀπὸ
1974 3989 2075 4038 τῶν

495 4066 671 4123 ἑκατόν
722 4072 1030 4127 πεντήκοντα
1078 4069 1232 4141 ἁγίων
1281 4069 1517 4146 πατέρων
1566 4074 1933 4144 σαφηνισθέντι.
1986 4075 2076 4128 Καὶ

495 4162 856 4233 ἀνεθεμάτισαν
893 4163 1012 4222 τούς
1059 4162 1230 4237 ἕτερον
1257 4164 1399 4239 παρά
1423 4164 1481 4217 τὸ
1529 4164 1782 4237 εἰρημένον
1822 4166 2078 4234 σύμϐολον

493 4255 776 4323 τολμῶντας
803 4254 1087 4323 διδάσκειν,
1115 4254 1146 4315 ἦ
1176 4256 1447 4311 ἐκτίθεσθαι
1487 4258 1571 4309 καί
1606 4253 1945 4329 πςςραδιδόναι
1965 4264 2078 4319 ταῖς

497 4344 662 4416 ἁγίαις
688 4353 776 4401 τοῦ
805 4354 933 4401 θεοῦ
959 4350 1260 4408 ἐκκλησίαις.
1290 4349 1594 4424 κατέκριναν
1620 4344 1695 4411 δὲ,
1726 4350 1812 4401 καί
1838 4347 2078 4417 ἀνεθεμά-

497 4459 646 4493 τισαν
672 4441 754 4492 καί
782 4438 1021 4509 Εὐτυχῆ,
1068 4443 1155 4494 καί
1183 4437 1476 4517 Νεστόριον,
1514 4442 1595 4495 καὶ
1621 4440 1686 4495 τὰ
1728 4438 1893 4497 ἀσεϐῆ
1918 4439 2079 4494 αὐτῶν

499 4528 759 4602 δόγματα,
787 4534 873 4586 καί
896 4534 1015 4592 τούς
1042 4534 1107 4587 τὰ
1139 4529 1286 4601 ὅμοια
1312 4534 1485 4595 αὐτοῖς
1512 4535 1879 4606 φρονήσαντας,
1907 4530 1937 4591 ἧ
1964 4551 2081 4606 φρο-

498 4628 726 4681 νοῦντας.
776 4624 976 4676 Τούτων
1021 4621 1183 4682 οὕτως
1211 4623 1466 4694 ἐχόντων,
1513 4621 1656 4680 δῆλον
1681 4628 1953 4691 ποιοῦμεν,
2001 4618 2081 4677 ὄτι

2172 3425 2435 3472 naverunt
2454 3415 2758 3470 Nestorium
2786 3414 3027 3485 impium,
3057 3420 3114 3467 et
3138 3411 3300 3483 impia
3331 3411 3449 3480 ejus
3478 3410 3751 3479 dogmata,

2172 3518 2228 3567 et
2256 3525 2352 3565 eos
2375 3508 2467 3579 qui
2495 3506 2689 3561 similia
2712 3505 2762 3560 ei
2784 3503 3074 3575 aliquando
3100 3508 3397 3573 sapuerunt
3415 3501 3501 3555 vel
3523 3501 3756 3571 sapiunt.

2173 3601 2254 3658 Ad
2282 3601 2395 3656 haec
2425 3605 2603 3653 autem
2632 3596 2952 3666 suscipimus
2974 3601 3029 3649 et
3074 3602 3363 3649 sexcentos
3397 3593 3614 3660 triginta
3636 3606 3763 3646 sana

2173 3702 2293 3749 ctos
2329 3690 2516 3746 Patres
2555 3687 2897 3743 Chalcedone
2926 3693 3303 3755 congregatos,
3334 3682 3425 3753 qui
3466 3682 3628 3736 etiam
3658 3680 3763 3751 ipsi

2172 3800 2271 3858 per
2300 3784 2481 3838 omnia
2521 3784 2908 3836 consenserunt
2955 3775 3221 3847 praedictis
3264 3773 3433 3828 tribus
3464 3771 3683 3844 synodis
3708 3770 3759 3837 ι’,

2174 3884 2230 3933 et
2257 3875 2429 3932 secuti
2456 3881 2583 3928 sunt
2609 3870 2922 3942 przedictum
2951 3867 3254 3939 symbolum
3283 3866 3396 3921 sive
3425 3864 3697 3919 mathema
3728 3876 3763 3917 a

2175 3969 2432 4026 trecentis
2460 3966 2645 4022 decem
2667 3972 2723 4021 et
2752 3972 2875 4019 octo
2906 3961 3107 4016 sanctis
3148 3958 3396 4014 Patribus
3437 3956 3763 4027 expositum,

2176 4072 2232 4120 et
2257 4080 2289 4119 a
2317 4069 2535 4118 centum
2567 4057 2952 4130 quinquaginta
2992 4054 3193 4110 sanctis
3220 4052 3470 4106 Patribus
3510 4048 3768 4119 explana-

2178 4164 2313 4220 tum,
2354 4161 2409 4209 et
2452 4148 3039 4207 anathematizaverunt
3077 4158 3175 4198 eos
3220 4142 3309 4212 qui
3369 4139 3515 4194 aliud
3568 4144 3766 4208 prmter

2176 4245 2490 4319 prazdictum
2519 4241 2821 4315 symbolum
2867 4242 3201 4309 praesumunt
3225 4234 3443 4299 docere,
3476 4238 3568 4284 aut
3598 4243 3769 4297 expo-

2177 4353 2327 4405 nere,
2357 4345 2449 4393 aut
2483 4334 2697 4390 tradere
2723 4331 2924 4387 sanctis
2949 4327 3192 4384 ecclesiis
3220 4324 3316 4380 Dei
3344 4334 3389 4378 ο.
3421 4321 3768 4376 Condemna-

2177 4436 2374 4487 verunt
2413 4435 2593 4483 autem
2640 4432 2696 4478 et
2724 4420 3315 4477 anathematizaverunt
3356 4420 3411 4469 et
3447 4411 3766 4483 Eutychem,

2180 4530 2236 4578 et
2281 4520 2603 4584 Nestorium,
2644 4524 2699 4572 et
2750 4514 2915 4584 impia
2944 4525 3132 4567 eorum
3160 4509 3430 4577 dogmata,
3456 4512 3511 4559 et
3551 4518 3647 4558 eos
3676 4500 3771 4571 qui

2181 4614 2375 4670 similia
2403 4613 2481 4667 eis
2509 4614 2808 4681 sapuerunt
2834 4604 2920 4661 vel
2948 4602 3182 4673 sapiunt.
3228 4598 3323 4653 His
3369 4597 3443 4651 ita
3471 4608 3530 4649 se
3572 4592 3772 4647 haben-

497 4720 665 4768 πάντα
690 4717 756 4770 τὰ
791 4716 891 4769 ἀπὸ
918 4722 1020 4770 τῶν
1045 4715 1419 4790 προειρημένων
1454 4713 1608 4787 ἁγίων
1635 4714 1895 4787 τεσσάρων
1929 4710 2069 4768 συνό-

2182 4707 2345 4772 tibus,
2374 4712 2580 4760 certum
2629 4700 2856 4754 facimus
2877 4737 2893 4762 ,
2927 4693 3071 4765 quod
3099 4691 3278 4748 omnia
3305 4703 3423 4759 qua:
3453 4702 3483 4740 a
3504 4683 3773 4756 praedictis

500 4806 598 4861 δων
624 4811 849 4882 κριθέντα
874 4831 927 4865 τε
944 4850 958 4875 ,
988 4815 1068 4865 καὶ
1108 4810 1390 4887 ὁρισθέντα,
1422 4813 1500 4863 καί
1523 4810 1854 4884 ἐφυλάξαμεν,
1886 4813 1968 4864 καί
1994 4831 2077 4883 φυ-

501 4902 763 4973 λάττομεν.
790 4904 987 4963 Ἐπειδὴ
1028 4899 1115 4976 κᾷν
1139 4906 1266 4959 κατὰ
1292 4901 1564 4976 διαφόρους
1608 4900 1830 4975 χρόνους
1862 4901 1915 4956 αἱ
1941 4903 2077 4978 εἰρη-

502 4998 647 5067 μέαι
675 4995 812 5066 ἁγίαι
850 4998 1099 5070 τέσσαρες
1143 4994 1345 5050 σύνοδοι
1371 4994 1621 5067 ἰγένοντο,
1671 4992 1807 5065 ὅμως
1834 4997 1953 5065 μίαν
1994 4995 2077 5050 καί

501 5095 587 5149 τήν
613 5091 765 5147 αὐτην
791 5087 901 5160 ὁμο
921 5091 1062 5160 ογίλν
1090 5094 1180 5148 τῆς
1209 5089 1435 5147 πίστεως
1470 5086 1739 5158 ἐφύλαξαν,
1789 5087 1871 5138 καί
1896 5086 2076 5159 ἐκήρυ-

502 5186 605 5248 ξαν.
638 5182 904 5254 Δεχόμεθα
928 5179 981 5236 δὲ
1002 5186 1084 5236 καί
1109 5178 1557 5256 περιπτυσσόμεθα
1578 5180 1662 5232 καί
1686 5179 1779 5237 τὰς
1805 5175 2077 5239 ἐπιστολάς

502 5284 602 5332 τῶν
630 5275 887 5352 προέδρων
925 5284 1018 5335 τῆς
1045 5276 1094 5329 ἐν
1119 5276 1279 5348 Ῥώμη
1306 5272 1645 5330 ἁποστολικῆς
1678 5266 1921 5342 καθέδρας
1943 5308 1956 5331 ,
1983 5275 2083 5323 τῶν

502 5390 555 5424 τε
586 5368 766 5434 ἄλλων,
796 5374 874 5425 καί
904 5370 1113 5430 Λέοντος
1140 5374 1229 5423 τοῦ
1260 5369 1306 5420 ἐν
1332 5366 1493 5440 ἁγίοις
1512 5405 1527 5429 ,
1558 5366 1652 5424 τὰς
1676 5365 1793 5440 περὶ
1818 5370 1909 5421 τῆς
1939 5364 1953 5403 ί
1965 5363 2084 5435 ρθῆς·

504 5467 726 5525 πίστεως
753 5464 1104 5541 γεγραμμένας
1121 5504 1136 5529 ,
1184 5464 1302 5539 περὶ
1326 5468 1424 5517 τῶν
1452 5460 1604 5532 ἁγίων
1628 5458 1898 5532 τεσσάρων
1927 5455 2081 5511 συνό-

504 5554 634 5624 δων,
678 5556 708 5616 ἦ
736 5562 857 5628 μιᾶς
884 5559 935 5623 ἔξ
982 5558 1164 5613 αύτῶν.
1211 5554 1388 5612 Ὁπότε
1433 5556 1597 5610 τοίνυν
1640 5551 1706 5606 τὰ
1750 5546 2085 5622 προειρημένα

576 5774 600 5835 ξ
629 5761 921 5835 [Iellovac.,
950 5764 1037 5835 qui
1060 5759 1310 5835 insituilia
1329 5758 1397 5813 εἰ.

572 5834 601 5877 ι)
630 5832 825 5904 Paris.,
846 5827 1103 5906 ρναᾶίειίξ
1132 5827 1550 5906 ιᾲνὶιῦμεενιιοάίε.

582 5920 606 5949 ε
638 5900 865 5966 Veteres
888 5902 1029 5971 libri,
1061 5902 1161 5964 Dei
1191 5900 1455 5956 Ecclesiis.

2184 4799 2388 4855 sanctis
2415 4803 2648 4865 quatuor
2670 4790 2693 4828 ἀ
2719 4790 2938 4863 synodis
2960 4787 3197 4859 judicata
3219 4791 3275 4840 et
3301 4781 3516 4837 definita
3549 4785 3691 4844 sunt,
3717 4784 3775 4832 et

2184 4891 2537 4955 servavimus,
2568 4894 2623 4941 et
2650 4897 2931 4941 servamus
2955 4899 2970 4947 ;
2996 4879 3122 4949 quia
3150 4877 3251 4933 etsi
3274 4891 3371 4946 per
3396 4874 3608 4929 diversa
3634 4878 3774 4924 tem-

2184 4999 2314 5058 pora
2357 4979 2626 5053 praedictae
2666 4982 2865 5031 sanctae
2893 4978 3127 5043 quatuor
3171 4966 3362 5041 synodi
3416 4964 3572 5019 facta:
3624 4965 3774 5026 sunt,

2184 5056 2364 5132 tamen
2393 5087 2555 5128 unam
2603 5067 2955 5138 eamdemque
2988 5062 3383 5120 confessionem
3424 5056 3549 5112 fidei
3594 5068 3777 5110 serva-

2186 5178 2382 5230 verunt
2422 5176 2478 5225 et
2519 5166 2965 5239 praedicaverunt.
2998 5159 3329 5231 Suscipimus
3378 5162 3561 5209 autem
3586 5158 3641 5206 et
3668 5164 3781 5203 am-

2186 5263 2467 5334 plectimur
2489 5266 2543 5313 et
2565 5255 2821 5329 epistolas
2844 5252 3130 5325 praasulum
3187 5248 3445 5304 Romana:
3475 5241 3617 5299 sedis
3645 5255 3783 5311 apo-

2186 5353 2388 5409 stolica":
2412 5359 2437 5389 ο
2464 5358 2573 5403 tam
2604 5346 2853 5408 aliorum,
2882 5358 3043 5413 quam
3090 5338 3286 5395 Leonis
3315 5344 3516 5393 sanctae
3564 5346 3784 5387 memo-

2188 5449 2281 5503 riae
2308 5446 2373 5501 de
2401 5450 2549 5500 recta
2579 5440 2683 5496 fide
2706 5439 2951 5510 scriptas,
2977 5443 3031 5491 et
3060 5433 3127 5489 de
3155 5438 3390 5503 quatuor
3417 5425 3619 5481 sanctis
3641 5438 3783 5479 con-

2191 5542 2349 5610 ciliis,
2371 5539 2458 5595 vel
2488 5552 2595 5593 uno
2623 5550 2831 5593 eorum.
2863 5533 3001 5588 Cum
3033 5530 3197 5599 igitur
3223 5525 3479 5600 praedicta
3505 5519 3685 5579 omnia
3726 5526 3786 5574 et

2262 5746 2288 5786 ά
2310 5745 2430 5817 Yox
2452 5751 2670 5817 quatuor
2689 5753 2795 5794 non
2818 5735 3051 5817 habetur
3074 5733 3130 5788 in
3154 5731 3292 5788 libro
3312 5719 3706 5817 Be‘llovacensi.

2264 5828 2288 5856 ο
2309 5806 2505 5883 Ροιυὶεζ,
2532 5814 2668 5870 sedis
2698 5818 2748 5866 et
2775 5806 3093 5879 apostolicae.
3635 5811 3671 5843 ο
