4018 6340
237 304 295 361 65
1397 303 1755 360 EPISTOLIE

1918 299 2252 358 DECRETA.
3391 298 3462 357 66

237 441 375 475 πάντα
397 420 474 472 καί
519 417 850 489 ἐφυλάξαμεν,
897 421 982 473 καί
1007 419 1347 492 φυλάττομεν,
1387 424 1470 475 καί
1498 423 1546 475 ἐν
1572 423 1775 483 τούτοις

1899 417 2205 474 .ervavimus
2248 423 2304 470 et
2348 425 2656 478 servamus,‘
2692 422 2748 470 et
2793 415 2838 470 si
2867 415 2923 470 in
2965 415 3051 470 liis
3076 423 3103 453 ι
3131 413 3288 471 nobis
3329 414 3462 487 ipsis

239 514 561 584 συμφωνοῦμεν
574 510 824 577 ἀλλήλοις,
843 509 1110 584 ἀναγκαῖόν
1127 513 1237 568 ἐστι
1249 511 1778 590 διαντιϐληθῆναιπερέ

234 616 316 664 τῶν
337 611 474 680 τριῶν
499 603 775 677 κεφαλαίων
793 643 810 672 ,
839 608 957 677 περὶ
983 602 1048 659 ὧν
1075 627 1180 663 τισι
1208 610 1416 670 ζήτησις
1453 609 1656 680 ἀνεφύη.
1688 611 1778 662 Καὶ

236 699 304 756 διὰ
339 703 470 754 τοῦτο
497 701 767 770 αἰτοῦμεν,
813 701 1193 774 προκαθημένης
1218 701 1357 774 ήμῶν
1402 709 1495 760 τῆς
1527 701 1778 774 ὑμετέρας

233 789 590 865 μακαριότητος,
619 790 903 864 ἀταράχως
929 794 1010 845 καί
1031 794 1160 862 μετά
1187 793 1440 870 ἱερατικῆς
1467 792 1777 868 πρᾳότητος,

233 887 314 934 τῶν
335 877 473 951 ἁγίων
498 879 834 952 προκειμένων
863 881 1186 954 εὐαγγελίων,
1214 885 1282 938 τά
1310 885 1439 938 αὐτὰ
1465 883 1703 954 κεφάλαια
1727 886 1779 937 ἐν

230 969 348 1039 μέσῳ
369 968 695 1045 προτιθέμενα
719 978 862 1041 κοινῷ
889 973 1158 1044 τρακτάτῳ
1202 973 1498 1038 ζητηθῆναι,
1529 978 1613 1028 καί
1639 975 1780 1031 ἀντι-

234 1061 450 1128 ϐληθῆναι,
481 1065 566 1118 καί
589 1064 754 1139 πέρας
781 1064 1064 1124 ἐπιτεθῆναι
1089 1075 1150 1140 τῇ
1177 1069 1382 1130 ζητήσει
1408 1073 1518 1140 Θεῷ
1545 1067 1776 1144 ἀρέσκον,

227 1157 296 1208 xxi
330 1158 584 1228 σύμφωνον
608 1163 713 1216 τοῖς
753 1160 895 1235 παρά
921 1165 1021 1212 τῶν
1068 1157 1221 1231 ἁγίων
1262 1159 1528 1237 τεσσάρων
1554 1157 1782 1214 συνόδων

230 1243 498 1318 ὁρισθεῖσιν·
530 1245 704 1308 ἐπειδὴ
733 1249 804 1308 εἰς
831 1245 1039 1313 αὔξησιν
1063 1255 1155 1308 τῆς
1183 1249 1407 1325 εἰρήνης,
1449 1252 1533 1304 καί
1559 1252 1633 1309 εἰς
1659 1247 1782 1322 ὁμό-

225 1355 336 1390 νοιαν
375 1345 472 1391 τῶν
519 1337 788 1397 ἐκκλησιῶν
813 1342 1087 1405 συντείνει,
1132 1338 1191 1393 τό
1227 1339 1398 1400 πάσης
1439 1337 1700 1410 διχονοίας
1731 1339 1782 1395 ἐν

224 1431 356 1491 μέσον
382 1433 768 1506 ἀναιρουμένης,
815 1435 882 1488 τά
908 1433 1008 1488 ὐπὸ
1034 1439 1133 1488 τῶν
1159 1432 1316 1505 ἁγίων
1340 1435 1604 1510 τεσσάρων
1629 1434 1782 1490 συνό-

221 1520 304 1578 δων
321 1524 601 1600 ὁρισθέντα,
623 1527 886 1582 ἀσάλευτα
903 1528 1196 1602 τηρηθῆναι,
1221 1533 1311 1584 τοῦ
1331 1528 1660 1599 σεϐάσματος
1682 1535 1782 1583 τῶν

220 1613 352 1688 ἁγίων
376 1615 606 1673 συνόδων
651 1617 700 1672 ἐν
737 1617 905 1675 ἅπασι
949 1619 1341 1692 φυλαττομένου.
1373 1618 1581 1682 Τούτοις
1619 1619 1784 1675 δὲκαὶ

218 1708 647 1782 όπεσημηνάμεθα.
695 1716 797 1767 Καί
836 1713 1126 1786 ὑπογραφή.
1173 1711 1485 1787 Ἐρῤωμένος
1532 1712 1583 1768 ἐν
1625 1717 1782 1788 κυρίῳ

1879 510 2107 565 invicem
2143 507 2530 572 consentimus,
2571 507 2933 562 necessarium
2981 515 3064 561 est
3115 505 3348 562 conferri
3394 505 3461 561 de

1879 600 2052 656 tribus
2091 598 2357 670 capitulis,
2388 597 2531 654 unde
2573 597 2890 667 quibusdam
2916 597 3140 666 quaestio
3186 605 3312 653 nata
3337 605 3461 652 ‘est.

1880 691 1948 747 Et
1986 691 2108 748 ideo
2148 692 2399 762 petimus,
2443 690 2760 761 praesidente
2803 689 2959 745 nobis
3004 697 3184 744 vestra
3232 689 3462 744 beatitu-

1880 783 2028 853 dine,
2056 784 2156 840 sub
2185 784 2572 855 tranquillitate
2599 791 2656 838 et
2686 781 3009 838 sacerdotali
3054 779 3464 834 mansuetudine

1881 875 2172 946 propositis
2198 875 2400 931 sanctis
2427 873 2740 944 evangeliis,
2786 870 3058 928 communi
3096 877 3330 926 tractatu
3367 883 3462 924 ea-

1880 967 2004 1024 dem
2024 968 2256 1039 capitula
2286 969 2342 1023 in
2370 967 2546 1024 medio
2577 965 2946 1037 proponenda,
2971 962 3137 1034 quaeri
3161 970 3217 1018 et
3241 974 3464 1017 conser-

1880 1060 1996 1116 vari
2026 1059 2073 1128 b,
2105 1067 2162 1116 et
2187 1059 2348 1116 ﬁnem
2377 1059 2660 1130 quaestioni
2688 1058 2891 1128 imponi
2924 1057 3036 1112 Deo
3063 1056 3320 1127 placitum
3336 1065 3382 1121 ο,
3409 1061 3467 1109 et

1881 1152 2288 1230 convenientem
2335 1151 2422 1207 his
2461 1167 2581 1223 quae
2619 1166 2651 1206 a
2695 1151 2895 1206 sanctis
2943 1155 3176 1218 quatuor
3220 1145 3466 1204 conciliis

1882 1235 2100 1298 deﬁnita
2129 1251 2290 1299 sunt:
2318 1243 2573 1312 quoniam
2601 1242 2668 1298 ad
2704 1249 3049 1310 augmentum
3077 1238 3224 1310 pacis
3252 1245 3310 1294 et
3335 1253 3467 1294 con-

1883 1336 2122 1392 cordiam
2166 1334 2522 1391 Ecclesiarum
2571 1334 2824 1406 pertinet,
2873 1340 2934 1388 ut
2977 1329 3124 1387 omni
3174 1329 3242 1385 de
3288 1327 3467 1384 medio

1883 1426 2218 1482 dissensione
2245 1427 2477 1495 sublata,
2503 1440 2622 1496 quae
2650 1440 2681 1480 a
2706 1423 2972 1496 praedictis
3011 1430 3243 1492 quatuor
3269 1421 3468 1477 sanctis

1884 1521 2126 1576 conciliis
2151 1519 2372 1575 deﬁnita
2392 1527 2539 1588 sunt,
2565 1519 2879 1576 inconcussa
2917 1526 3218 1584 serventur,
3249 1524 3466 1572 sancta-

1883 1627 2004 1668 rum
2031 1612 2360 1685 synodorum
2384 1611 2686 1667 reverentia
2708 1612 2763 1666 in
2789 1610 3038 1666 omnibus
3062 1609 3348 1665 custodita.
3372 1605 3467 1661 His

1885 1712 2064 1760 autem
2105 1711 2161 1759 et
2199 1703 2490 1774 subscripsi
2535 1703 2817 1758 incolumis
2856 1702 2910 1756 in
2939 1701 3188 1756 Domino.
3220 1697 3327 1754 Ora
3367 1711 3468 1767 pro

214 1799 490 1877 ὑπερεῦχου
537 1804 707 1872 ἡμῶν,
736 1801 986 1875 ἆγιώτατε
1009 1843 1024 1868 ,
1069 1807 1153 1860 καί
1195 1807 1549 1880 μακαριώτατε
1579 1802 1777 1875 ἀδελφέ.

1899 1796 2060 1864 nobis,
2091 1794 2426 1851 sanctissime
2454 1803 2510 1849 et
2533 1793 2841 1848 beatissime.
2869 1791 3056 1848 frater.

213 1896 316 1965 Ἐγὼ
338 1895 595 1966 Εὐτῦχιος
617 1895 740 1951 ἐλέει
759 1903 883 1952 Θεοῦ
905 1898 1185 1958 ἐπίσκοπος
1208 1899 1778 1959 κωνσταντινουπόλεως

210 1985 306 2045 νίας
329 1990 542 2060 Ῥώμης,
573 1992 707 2044 πᾶσι
730 1996 836 2050 τοῖς
861 1992 1332 2065 προγεγραμμένοις
1355 1991 1650 2069 ὑπέγραψα.

265 2177 314 2221 '0
337 2168 494 2228 αὐτὸς
535 2168 753 2230 nemo;
794 2170 986 2244 ἐγίνετο
1024 2175 1110 2227 καί
1151 2175 1294 2247 παρά
1320 2172 1657 2247 ’Δπολιναρίου
1682 2180 1776 2232 τοῦ

207 2255 465 2316 όσιωτάτου
521 2263 930 2338 ἀρχιεπισκόπου
971 2274 1063 2327 τῆς
1098 2265 1454 2343 ’Δλεξανδρέων
1497 2271 1780 2342 μεγαλοπό-

202 2351 332 2418 λεως,
368 2358 450 2410 καί
497 2357 729 2427 Δομνίνου
765 2363 857 2414 τοῦ
899 2355 1185 2415 όσιωτάτου
1231 2361 1647 2436 ἀρχιεπισκόπου
1687 2370 1780 2423 τῆς

203 2445 560 2510 Θεσυπολιτῶν,
589 2449 672 2501 καί
695 2454 794 2502 τῶν
820 2447 908 2502 ὑπ’
938 2450 1128 2510 αὐτοὺς
1154 2451 1546 2523 θεοφιλεστάτων
1571 2453 1782 2509 ἐπισκό-

200 2556 312 2602 πων,
342 2547 443 2594 τῶν
475 2543 563 2596 καί
587 2537 929 2611 ἐνδημοῦντων
953 2544 1118 2619 ταύτῃ
1143 2551 1206 2620 τῇ
1234 2543 1456 2616 βασιλίδι
1475 2546 1784 2625 πόλει,πρός

200 2626 271 2680 τόν
296 2629 447 2684 αὐτὸν
479 2628 766 2689 ὁσιώτατον
794 2633 1026 2705 Βιγίλιον.

197 2837 270 2904 Τῷ
293 2838 556 2910 ἀγαπητῷ
584 2837 776 2914 ἀδελφῷ
806 2841 1071 2914 Εὖτυχίῳ,
1104 2843 1188 2896 καί
1212 2850 1320 2902 τοῖς
1345 2841 1444 2897 ὑπό
1481 2843 1539 2896 σέ
1576 2843 1784 2898 ἐπισκό-

755 2912 892 2978 ποις,
921 2912 1157 2986 Βιγίλιος.

258 3014 276 3048 t
309 2999 622 3076 Ἐπληρῶθη
673 3010 849 3080 χαρᾶς
894 3005 952 3059 τὸ
999 3005 1166 3076 στόμα
1204 3007 1374 3075 ήμῶν,
1403 3008 1488 3060 καὶ
1522 3007 1551 3062 ri
1579 3005 1791 3074 γλῶσσα

196 3087 314 3156 ἡμῶν
340 3092 713 3166 ἀγαλλιάσεως
741 3093 759 3161 (
785 3094 910 3147 Ψαλ.
945 3093 1049 3147 1⁸25
1077 3095 1120 3162 ),
1157 3111 1177 3144 s
1227 3092 1308 3148 ὅτι
1347 3102 1438 3154 τῆς
1477 3095 1793 3167 συγχύσεως

196 3186 264 3233 τοῦ
288 3181 578 3253 διχονοεῖν
604 3185 1028 3261 περιαιρεθείσης,
1057 3191 1147 3243 τήν
1183 3188 1381 3261 εἰρήνην
1408 3185 1434 3240 ό
1462 3187 1584 3247 Θεὸς
1613 3195 1675 3263 τῇ
1701 3189 1794 3242 αὐ-

945 2742 1280 2801 EPlSTOLA
1309 2743 1478 2819 (olim)
1507 2745 1646 2803 XVI.
1686 2746 1916 2805 VIGILII
1954 2749 2160 2806 ΡΔΡΛΕ
2197 2751 2291 2806 AD
2327 2748 2753 2807 EUTYCHIUM.

1953 1885 2065 1956 Ego
2103 1884 2418 1957 Eutychius,
2442 1883 2810 1939 misericordia
2861 1881 2957 1938 Dei
2999 1881 3284 1953 episcopus
3319 1877 3459 1934 Con-

1886 1975 2266 2047 stantinopolis
2294 1990 2448 2032 novas
2467 1974 2654 2031 Romae
2677 1974 2926 2031 omnibus
2945 1971 3322 2045 suprascriptis
3348 1970 3471 2026 sub-

1883 2069 2094 2141 scripsi.

1905 2193 1908 2196 ’
1955 2183 2106 2240 Idem
2135 2181 2339 2237 libellus
2367 2182 2587 2253 scriptus
2614 2190 2691 2236 est
2728 2189 2778 2236 et
2812 2181 2875 2234 ab
2903 2179 3226 2250 Apollinario
3254 2179 3470 2232 sanctis-

1882 2277 2011 2332 simo
2041 2273 2425 2343 archiepiscopo
2454 2289 2659 2344 magna:
2701 2273 2923 2326 civitatis
2963 2270 3318 2336 Alexandriae,
3357 2279 3406 2323 et
3435 2287 3467 2322 a

1883 2364 2144 2422 Domnino
2164 2366 2489 2421 sanctissimo
2501 2365 2885 2436 archiepiscopo
2899 2362 3230 2434 Theopoleos,
3245 2371 3295 2417 et
3311 2379 3341 2415 α
3358 2361 3466 2416 Deo

1884 2457 2254 2510 amantissimis
2274 2455 2526 2527 episcopis
2556 2455 2644 2528 qui
2671 2454 2762 2509 sub
2801 2455 2930 2526 ipsis
2973 2461 3114 2516 sunt,
3143 2454 3226 2525 qui
3258 2464 3305 2506 et
3333 2467 3470 2522 pra:-

1885 2556 2054 2602 sentes
2076 2557 2228 2602 erant
2249 2549 2304 2602 in
2325 2548 2422 2602 hac
2443 2549 2586 2619 regia
2615 2546 2837 2612 civitate,
2863 2544 2933 2600 ad
2953 2545 3184 2601 eumdem
3203 2543 3470 2600 sanctissi-

1885 2656 2027 2696 mum
2061 2639 2324 2713 Vigilium.

1893 2843 2227 2918 Commendat
2247 2843 2357 2912 ejus
2379 2845 2555 2918 ﬁdem,
2580 2845 2838 2918 et__annuit
2864 2849 2920 2896 ut
2950 2842 3014 2898 de
3042 2841 3208 2898 tribus
3234 2841 3472 2914 capitulis

2424 2915 2479 2967 in
2495 2913 2711 2966 concilio
2733 2921 2940 2983 agatur.

1966 3005 2329 3062 Dilectissimo
2377 3003 2528 3060 fratri
2575 3003 2840 3076 Eutychio
2869 3012 2921 3061 et
2971 3005 3236 3078 episcopis
3284 3006 3386 3063 sub
3421 3013 3478 3062 te

1897 3097 2207 3154 constitutis
2236 3096 2478 3165 Vigilius.

1970 3189 2240 3262 Repletum
2265 3197 2344 3244 est
2364 3190 2554 3263 gaudio
2584 3206 2641 3245 os
2661 3198 2915 3258 nostrum,
2939 3196 2990 3244 et
3027 3191 3207 3262 lingua
3246 3197 3428 3246 nostra
3450 3191 3478 3228 ἀ

195 3279 268 3327 τοῦ
298 3277 738 3334 ἀποκατέστησεν
772 3278 1040 3352 ἐκκλησίᾳ,
1087 3279 1168 3333 ἵνα
1202 3279 1440 3352 πληρωθῇ
1473 3281 1532 3334 τὸ
1570 3300 1790 3356 γεγραμ-

1899 3283 2234 3340 exultatione
2263 3282 2432 3356 (Psal.
2460 3285 2645 3356 cxxv),
2675 3282 2820 3353 quod
2845 3283 3128 3340 discordia:
3157 3282 3476 3340 confusione

193 3365 346 3430 μένον,
385 3383 406 3417 ε
448 3361 586 3419 Ἰδοὺ
615 3363 674 3424 δή
700 3369 751 3421 τί
777 3367 985 3432 καλόν,ἧ
1013 3369 1063 3422 τί
1087 3369 1320 3443 τερπνὸν,
1352 3367 1456 3422 ἀλλ’
1479 3367 1511 3427 ἧ
1537 3369 1596 3424 τό
1623 3390 1795 3424 κατοι-

195 3464 283 3510 κεῖν
311 3455 572 3532 ἀδελφοὺς
599 3459 873 3514 ἐπιτοαυτό
903 3459 921 3530 (
951 3459 1075 3513 Ψαλ.
1109 3458 1211 3513 152
1240 3460 1292 3527 );
1329 3477 1348 3512 ε
1382 3461 1508 3514 Πάνυ
1533 3461 1631 3533 γάρ
1661 3463 1796 3534 ἡμᾶς

196 3546 236 3598 ἐν
260 3550 426 3624 κυρίῳ
455 3548 796 3621 ἁγαλλιᾶσθαι
821 3553 1092 3625 προσήκει,
1121 3547 1198 3605 ὅτι
1225 3571 1321 3622 περ
1368 3551 1629 3626 ἐγγράφως
1654 3552 1796 3622 ήμῶν

196 3638 285 3709 Ῑῖσ.
312 3641 460 3715 ἡμῖν]
492 3646 826 3718 προσηνέχθη
844 3645 1156 3720 πληροφορία
1177 3653 1269 3706 τῆς
1295 3645 1544 3719 ὑμετέρας
1572 3646 1792 3718 ἀγάπης,

196 3729 247 3791 ἧς
273 3738 301 3792 ἡ
330 3733 566 3808 δύναμις
593 3736 756 3797 οὕτως
783 3734 918 3807 ἔχει.
951 3736 1152 3790 Ιιιεθτεθ
1179 3745 1261 3790 est
1291 3735 1393 3790 hoc
1414 3736 1530 3790 loco
1553 3736 1798 3804 superior

199 3820 444 3896 Eutychii
499 3826 753 3894 epistola,
785 3827 990 3896 plenior
1015 3837 1192 3881 autem
1226 3828 1312 3882 hic
1346 3839 1430 3882 est
1475 3826 1799 3895 subscriptio

194 3914 393 3984 aliquot
443 3916 668 3982 verbis,
698 3927 757 3972 ut
795 3918 848 3972 in
888 3919 1126 3974 editione
1157 3918 1366 3973 Latina.
1403 3921 1609 3980 Τούτοις
1637 3917 1690 3974 δὲ
1716 3921 1800 3974 καὶ

195 4004 661 4080 ὕπεσημηνὸιμεθα,
696 4011 888 4072 ταύτης
937 4020 1030 4074 τῆς
1083 4011 1342 4091 ὀρθοδόξου
1395 4012 1659 4086 ὁμολογίας
1708 4018 1798 4072 τήν

194 4099 519 4173 φαιδρότητα
549 4104 782 4175 ἀσμένως
808 4107 1258 4176 περιπτυξάμενοι,
1287 4107 1353 4160 τά
1388 4106 1522 4161 αὐτὰ
1547 4107 1690 4176 ἡμεῖς
1717 4104 1801 4161 διὰ

197 4193 396 4247 πάντων
448 4196 549 4248 καὶ
581 4194 628 4247 ἐν
671 4194 861 4251 ἅπασιν
913 4194 1317 4271 ἀποδεχόμενοι,
1357 4198 1584 4272 φυλάξειν
1620 4217 1674 4254 τε
1717 4200 1802 4252 καὶ

197 4281 494 4357 ἀμωμήτως
554 4291 789 4360 τηρήσειν
811 4329 824 4350 ,
879 4294 970 4343 τοῦ
1023 4295 1152 4344 Θεοῦ
1204 4291 1341 4363 ἡμῶν
1391 4290 1798 4366 προηγουμένου,

197 4374 637 4450 ἐπαγγελλόμεθα.
665 4380 925 4438 ’Δπάντων
961 4385 1127 4438 τοίνυν
1153 4390 1253 4439 τῶν
1288 4393 1351 4458 τῇ
1388 4385 1608 4462 ὑμετέρᾳ
1642 4405 1802 4460 περιε-

197 4469 426 4536 χομένων
464 4470 710 4547 ὁμολογίᾳ
746 4473 794 4524 ἐν
833 4480 897 4547 τῇ
931 4475 1088 4548 οἰκείᾳ
1126 4471 1338 4546 δυνάμει
1371 4478 1444 4535 εἰς
1479 4475 1540 4530 τό
1579 4473 1801 4534 διηνεκές

1893 3376 2164 3446 submota,
2205 3391 2396 3447 pacem
2434 3376 2580 3432 Deus
2620 3391 2731 3432 suae
2773 3374 3086 3432 reformavit
3115 3375 3390 3443 Ecclesiae,
3423 3385 3485 3432 ut

1894 3467 2211 3540 impleretur
2240 3467 2384 3539 quod
2411 3467 2613 3524 dictum
2640 3475 2726 3524 est
2750 3477 2774 3505 °
2799 3485 2811 3521 :
2847 3467 2982 3523 Ecce
3021 3485 3175 3540 quam
3216 3467 3402 3524 bonum
3434 3477 3486 3522 et

1895 3577 2051 3632 quam
2061 3560 2349 3632 jucundum
2368 3559 2604 3614 habitare
2615 3561 2804 3632 fratres
2820 3561 2874 3614 in
2889 3577 3048 3615 unum
3066 3558 3236 3632 (Psal.
3255 3559 3481 3630 cum).

1895 3652 2065 3709 Valde
2100 3654 2243 3709 enim
2275 3669 2378 3710 nos
2403 3653 2460 3708 in
2491 3653 2719 3709 Domino
2748 3653 3020 3710 exsultare
3045 3653 3315 3718 convenit,
3341 3651 3488 3724 quod

1901 3743 2178 3798 charitatis
2207 3752 2401 3800 vestrae
2425 3743 2628 3814 scripto
2673 3743 2829 3800 nobis
2855 3755 2939 3800 est
2965 3743 3146 3800 oblata
3193 3741 3484 3815 professio,

1899 3835 2053 3907 cujus
2080 3845 2239 3892 tenor
2262 3837 2336 3892 ita
2364 3852 2484 3893 sese
2503 3834 2704 3893 habetf
2727 3836 3005 3894 :Scientes
3031 3845 3356 3907 quantorum
3384 3835 3486 3892 bo-

1901 3943 2096 3985 norum
2115 3943 2278 3984 causa
2301 3935 2386 3984 est
2412 3943 2517 3999 pax
2543 3927 2660 3997 Dei,
2692 3927 3002 3984 custodiens
3029 3928 3192 3984 corda
3221 3936 3279 3984 et
3298 3939 3489 3983 sensus

1901 4016 2156 4086 ﬁdelium,
2187 4025 2242 4075 et
2264 4019 2524 4090 colligens
2552 4034 2648 4077 eos
2675 4026 2736 4075 ut
2771 4035 2938 4074 unum
2983 4018 3233 4087 idemque
3279 4017 3491 4086 sapiant

1902 4110 1958 4167 in
1983 4122 2134 4168 recta
2165 4110 2288 4167 ﬁdei
2315 4110 2677 4175 confessione,
2707 4118 2816 4165 etc.

1973 4201 2068 4258 His
2119 4211 2299 4258 autem
2343 4210 2401 4257 et
2446 4199 2892 4268 subscripsimus,
2942 4196 3102 4266 hujus
3140 4193 3492 4268 professionis

1903 4294 2221 4351 orthodoxae
2251 4293 2550 4348 claritatem
2593 4291 2822 4345 libenter
2869 4289 3122 4360 amplexi,
3163 4279 3354 4346 eadem
3392 4303 3492 4344 nos

1905 4401 2004 4456 per
2029 4383 2210 4440 omnia
2239 4389 2295 4438 et
2333 4382 2387 4435 in
2419 4381 2670 4437 omnibus
2699 4381 3081 4451 approbantes,
3131 4380 3492 4439 custodituros

1906 4483 2066 4544 atque
2097 4471 2478 4527 inviolabiliter
2508 4479 2818 4527 servaturos
2844 4471 2958 4528 Deo
2987 4480 3175 4529 nostro
3210 4471 3492 4544 proﬁtere-

198 4558 438 4624 μενόντων
457 4601 476 4628 ,
506 4562 698 4638 ᾔτησεν
724 4566 755 4622 ri
782 4563 1057 4638 ἀδελφότης
1090 4565 1232 4636 ὑμῶν
1267 4569 1398 4621 ὥστε
1437 4568 1575 4634 ήμῶν
1607 4587 1790 4641 προκα·

1906 4579 2028 4618 mur
2055 4571 2080 4610 8
2097 4559 2454 4636 [proﬁtemur]
2482 4569 2723 4619 auctore.
2754 4561 3013 4619 Omnibus
3040 4562 3354 4633 igitur,quac
3367 4571 3493 4633 pro-

197 4649 449 4720 θημίνων,
504 4658 630 4728 περὶ
677 4662 774 4709 τῶν
817 4661 969 4730 τριῶν
1021 4655 1327 4728 κεφαλαίων,
1381 4658 1428 4720 ἐξ
1477 4653 1542 4709 ὧν
1594 4660 1790 4721 ζήτησις

1905 4654 2067 4712 fessio
2103 4664 2284 4712 vestra
2333 4656 2594 4722 continet,
2647 4656 2703 4712 in
2741 4671 2839 4712 sua
2887 4656 3200 4728 perenniter
3241 4654 3494 4712 ﬁrmitate

197 4740 405 4814 ἆνεφῶν,
450 4747 750 4820 ἀταράχως
784 4767 860 4812 τε,
900 4750 984 4802 καὶ
1024 4748 1152 4819 μετά
1191 4748 1442 4824 ἱερατικῆς
1486 4750 1794 4826 πρᾳότητος,

199 4837 294 4885 τῶν
328 4833 496 4909 ἁγίων
545 4839 884 4913 προκειμένων
935 4840 1272 4913 εὐαγγελίων,
1318 4843 1674 4918 συγκριθῆναὶ,
1713 4847 1800 4900 καί

199 4923 334 4984 τέλος
361 4935 428 5000 τῇ
458 4933 678 4993 ζητήσει
710 4931 876 5005 ταύτῃ
913 4939 983 5004 τῷ
1011 4940 1119 5006 Θεῷ
1147 4935 1382 5010 ἀρέσκον,
1413 4937 1497 4989 καί
1523 4937 1800 5008 συμϐαῖνον

198 5021 300 5076 τοῖς
327 5022 486 5093 ποιρά
516 5027 618 5076 τῶν
644 5024 1074 5097 μνημονευθεισῶν
1099 5025 1368 5100 τεσσάρων
1394 5024 1548 5098 άγίων
1575 5026 1802 5083 συνόδων

199 5104 480 5182 ὁρισθεῖσιν
506 5153 527 5180 ,
569 5114 849 5175 ἐπιτεθῆναι
873 5132 888 5148 ’
927 5117 1010 5171 ⁴ίνα
1042 5119 1216 5178 πάσης
1253 5118 1305 5171 ἐκ
1332 5120 1491 5189 μέσου
1537 5116 1804 5191 διχονοίας

198 5197 608 5276 ἀναιρουμένης,
656 5208 724 5261 τά
770 5209 873 5263 ἀπὸ
917 5215 1020 5263 τῶν
1057 5207 1212 5278 ἀγίων
1247 5208 1518 5284 τεσσάρων
1575 5208 1803 5267 συνόδων

197 5289 501 5364 ὁρισθέντα,
555 5298 815 5356 ἀσάλευτα
838 5299 1123 5373 φυλαχθείη
1141 5340 1157 5366 ,
1197 5306 1291 5356 τοῦ
1330 5301 1666 5372 σεϐάσματος
1701 5309 1804 5360 τῶν

263 5494 290 5562 ξ
314 5487 638 5562 Peligne,
665 5500 715 5547 et
741 5464 868 5562 ipsis
888 5491 1036 5547 nobis
1055 5491 1154 5546 his.

261 5554 538 5634 bP_ar§s_.,
586 5554 843 5634 conﬁteri.
892 5563 1160 5619 Be'llovac.
1208 5569 1266 5620 et
1310 5563 1574 5626 editiones
1613 5578 1803 5624 omnes

193 5627 729 5706 ante_Lal_)bean_am,
762 5633 1006 5706 conferri.

265 5709 288 5772 ις
322 5698 547 5772 faris"
575 5703 838 5772 placitam.

264 5769 291 5846 ἐ
325 5767 655 5846 lignorum,
675 5774 867 5846 linguae
889 5785 1098 5833 nostra.

273 5845 296 5877 ⁸
329 5837 580 5898 Veteres
605 5837 1022 5919 librifscriptum

1903 4749 2238 4817 durantibus,
2271 4749 2524 4820 poposcit
2550 4756 2731 4806 vestra
2751 4745 3077 4817 fraternitas,
3099 4756 3154 4804 ut
3178 4747 3334 4803 nobis
3354 4763 3494 4819 prte—

1905 4842 2205 4900 sidentibus
2225 4841 2294 4898 de
2320 4842 2493 4896 tribus
2517 4841 2786 4912 capitulis,
2815 4855 2883 4896 ex
2901 4841 3096 4911 quibus
3115 4839 3340 4912 quaestio
3369 4846 3494 4894 nata

1907 4941 2009 4999 est,
2047 4933 2146 4988 sub
2173 4931 2561 5001 tranquillitate
2600 4939 2658 4988 et
2704 4931 3030 4988 sacerdotali
3085 4930 3494 4987 mansuetudine

1907 5023 2108 5079 sanctis
2153 5021 2443 5094 propositis
2480 5018 2509 5058 ιι
2537 5019 2842 5091 Evangeliis
2881 5019 3224 5087 conferatur,
3270 5029 3326 5077 et
3373 5018 3494 5072 ﬁnis

1909 5113 2192 5185 quaestioni
2221 5112 2322 5184 ipsi
2361 5110 2474 5168 Deo
2501 5111 2732 5183 placitus
2781 5120 2839 5170 et
2882 5113 3209 5170 conveniens
3242 5110 3308 5167 iis
3330 5106 3349 5147 ί
3375 5121 3495 5178 qua:

1906 5219 1940 5260 a
1966 5204 2282 5261 memoratis
2308 5202 2511 5260 sanctis
2545 5209 2778 5273 quatuor
2805 5203 3053 5260 conciliis
3085 5201 3306 5258 deﬁnita
3345 5203 3492 5263 sunt,

1906 5296 2248 5369 imponatur;
2278 5304 2340 5353 ut
2371 5297 2520 5353 omni
2558 5295 2629 5353 de
2675 5295 2856 5354 medio
2881 5293 3216 5354 dissensione
3256 5290 3496 5361 sublata,

1985 5491 2007 5537 ί
2037 5495 2231 5563 Paris.,
2259 5497 2337 5552 ita
2361 5512 2418 5552 se
2443 5496 2613 5552 habet.

1982 5576 2008 5614 ε
2037 5565 2366 5639 Legendum,
2387 5569 2728 5639 proﬁtemur._
2747 5565 2997 5639 Mendum
3026 5574 3106 5622 est
3144 5565 3496 5639 typograph-

1910 5650 2032 5694 cum
2059 5637 2310 5693 editionis
2333 5637 2646 5702 Labbeanm,
2679 5637 2768 5694 hic
2787 5637 3150 5694 emendatum.

1986 5706 2012 5745 δ
2039 5705 2332 5777 Bellovac.,
2364 5711 2680 5777 prwpositis.

1992 5778 2007 5816 ί
2041 5776 2265 5836 Veteres
2294 5778 2436 5847 libri,
2467 5776 2565 5834 his.
