4018 6340
486 337 550 390 ω
1895 313 2118 382 νιοιιιι
2158 307 2361 369 ΡΑΡΑΕ
3689 289 3760 348 68

485 456 645 508 αὐτῶν
672 446 897 506 συνόδων
922 447 972 501 ἄν
1000 443 1164 501 ἅπασι
1187 440 1582 517 φυλαττομένου.
1603 435 1753 492 Ἣνπε
1759 458 1788 512 ρ
1807 435 2072 508 ὁμολογίαν

2204 442 2296 498 [ure
2325 424 2393 480 ab
2418 422 2620 479 eisdem
2642 426 2875 493 quatuor
2905 407 3104 474 sanctis
3131 410 3351 486 synodis
3370 405 3590 466 definita
3612 415 3760 473 sunt,

485 552 581 601 τῶν
621 548 874 616 πατρικῶν
911 537 1244 616 παραδόσεων
1281 534 1717 607 μνημονεύουσαν,
1757 534 1843 586 καὶ
1883 530 2069 587 αὐταῖς

486 637 872 697 ἀκολουθοῦσαν,
899 638 1052 688 τοῦτο
1091 631 1179 699 μὲν
1205 629 1255 682 ἐν
1288 635 1350 702 τῇ
1378 627 1520 695 ὑμῶν
1556 623 1880 696 ἀδελφότητι,
1917 625 2072 675 τοῦτο

486 726 539 786 δὲ
569 730 616 780 ἐν
649 725 817 782 ἅπασι
851 733 953 784 τοῖς
989 723 1055 778 τὰ
1084 717 1232 795 ὅμοια
1265 717 1613 792 ὁμολογήσασί
1654 735 1731 780 τε,
1773 717 1856 768 καὶ
1894 710 2073 783 ὁμολο-

486 826 661 894 γοῦσι,
686 819 880 876 παντὸς
909 814 1112 870 ἐπαίνου
1142 812 1534 886 πεπληρωμένην
1562 806 1812 882 κρίνομεν.
1843 805 1926 858 καὶ
1954 804 2076 872 ἡμε-

489 912 668 984 τέρους
708 909 759 972 ἐξ
795 909 946 963 αὐτοῦ
974 912 1066 962 τοῦ
1094 906 1394 980 πράγματος
1420 903 1612 964 ἀληθῶς
1649 900 1888 972 ἀδελφοὺς
1917 899 2080 969 ἐπιγι-

489 1005 763 1071 νὼσκομεν.
794 997 935 1054 Ὀθεν
961 1004 1050 1058 τὴν
1087 1006 1176 1054 τοῦ
1205 1004 1330 1052 Θεοῦ
1362 995 1730 1072 φιλανθρωπίαν
1765 994 2076 1063 ἱκετεύομεν,

496 1096 626 1150 ὥστε
653 1094 847 1154 πάντας
875 1094 1009 1164 ἡμᾶς
1036 1093 1085 1148 ἐν
1125 1092 1288 1165 ταύτῃ
1315 1096 1378 1163 τῇ
1420 1087 1682 1160 ὁμολογίᾳ,
1712 1089 1798 1139 καί
1834 1093 1948 1144 ταῖς
1973 1104 2080 1138 πα-

495 1196 686 1265 τρικαῖς
729 1185 1080 1261 παραδόσεσιν
1120 1185 1442 1254 ἐμμένοντας,
1490 1181 1660 1245 ἀξίους
1696 1179 1954 1250 εὑρεθῆναι
1989 1182 2080 1232 τοῦ

496 1280 876 1352 ἐπαγγέλματος
917 1281 1078 1347 ἡμῶν.
1121 1282 1206 1332 καί
1235 1278 1280 1332 ἐν
1307 1285 1368 1351 τῇ
1397 1274 1562 1347 ἡμέρᾳ
1586 1281 1677 1333 τῆς
1705 1272 1842 1331 θείας
1867 1270 2083 1346 κρίσεως

498 1375 576 1430 ἐπ’
628 1373 835 1445 οὐδεμιᾷ
885 1373 1185 1447 παραϐάσει
1241 1379 1339 1426 τῶν
1390 1374 1653 1439 πατρικῶν
1716 1364 2084 1422 διατυπώσεων

500 1465 814 1524 ὑπευθύνους
866 1465 1148 1538 εὑρεθῆναι.
1196 1463 1398 1516 Τούτων
1445 1459 1605 1519 οὕτως
1649 1457 1942 1533 εἰρημένων,
1995 1461 2086 1514 τῆς

499 1557 749 1630 ὑμετέρας
787 1558 1036 1615 αἰτήσεως
1068 1557 1153 1609 τὸν
1188 1553 1337 1608 πόθον
1373 1549 1671 1623 ἐγνωκότες,
1711 1550 2086 1616 ἄπενεύσαμεν,

498 1649 580 1702 ἶνα
614 1653 736 1724 περὶ
775 1655 876 1703 τῶν
902 1655 1054 1720 τριῶν
1086 1645 1388 1719 κεφαλαίων,
1445 1644 1495 1706 ἐξ
1521 1638 1588 1696 ὧν
1625 1645 1836 1705 ζήτησις
1876 1639 2090 1711 inquit),

501 1741 765 1812 ytaeus'vn;
811 1747 1066 1799 κανονικῆς
1105 1735 1354 1799 συνόδου,
1382 1739 1469 1790 καὶ
1494 1739 1581 1791 τοῦ
1611 1731 1805 1788 δικαίου
1841 1731 2092 1801 φυλαττο-

504 1833 678 1901 μένου,
703 1833 753 1886 ἐν
775 1831 915 1903 μέσῳ
935 1831 1078 1898 (τῶν)
1093 1827 1432 1905 προκειμένων
1459 1833 1558 1880 τῶν
1587 1823 1741 1897 ἁγίων
1767 1819 2088 1893 εὐαγγελίων,
2196 1817 2467 1867 comem“
2483 1850 2502 1877 ,

504 1919 614 1992 ἅμα
662 1930 770 1981 τοῖς
809 1921 1066 1975 ἑνωθεῑσιν
1103 1921 1224 1991 ἡμῖν
1258 1916 1510 1990 ἀδελφοῖς,
1555 1913 1826 1986 σύγκρισιν
1866 1913 2091 1968 ποιησὼ-

502 2015 633 2085 μιθα
694 2017 780 2068 καὶ
814 2014 956 2073 τέλ.ς
1001 2010 1121 2086 δέθῄ
1156 2019 1229 2081 τῷ
1267 2018 1377 2079 Θεῷ
1403 2009 1646 2082 ἀρέσκον,
1686 2010 1770 2061 καὶ
1813 2005 2092 2072 συμϐαῖνον

502 2113 611 2164 τοῖς
639 2107 778 2179 παρὰ
805 2113 903 2158 τῶν
930 2103 1089 2173 ἁγίων
1117 2104 1386 2175 τεσσάρων
1421 2096 1647 2154 συνόδων
1685 2098 1990 2173 ὁρισθεῖσιν·
2021 2101 2094 2150 εἰ·

506 2197 650 2258 δότες·
677 2196 888 2262 δηλαδή,
917 2195 1142 2270 καθάπερ
1171 2198 1254 2250 καὶ
1280 2197 1308 2251 ἡ
1335 2203 1424 2252 τῆς
1464 2201 1631 2252 κοινῆς
1669 2190 1933 2266 ὁμολογίας
1966 2209 2098 2264 μαρ-

507 2292 661 2364 τυρία
689 2289 958 2351 δείκνυσιν,
993 2289 1060 2346 ὡς
1097 2294 1195 2343 τῶν
1221 2287 1649 2356 μνημονευθεισῶν
1676 2285 1946 2360 τεσσάρων
1976 2303 2098 2337 συν-

509 2384 636 2441 όδων
665 2387 712 2438 ἐν
739 2383 907 2438 ἅπασι
933 2387 990 2437 τὸ
1019 2381 1173 2442 σέϐας
1199 2382 1528 2455 φυλάττεται.
1558 2383 1866 2452 Ὑπογραφὴ.
1895 2391 1948 2431 ‘0
1977 2379 2101 2440 Θεὸς

511 2500 570 2536 σε
599 2482 715 2553 ὑγιῆ
743 2477 1062 2551 διαφυλάξοι,
1090 2475 1266 2546 ἀδελφέ
1304 2479 1603 2546 τιμιώτατε.
1633 2471 1800 2530 Ἐδόθη
1836 2472 1937 2543 πρὸ
1973 2471 2103 2535 ἔπτὰ

511 2570 655 2628 εἰδῶν
680 2569 1024 2647 Ἰανουαρίων,
1066 2569 1328 2642 βασιλείας
1354 2573 1443 2622 τοῦ
1473 2565 1724 2620 δεσπότου
1751 2563 2100 2619 ’Ῑουστινιανοῦ

512 2673 599 2723 τοῦ
628 2669 828 2722 αἰωνίου
868 2664 1161 2738 Αὐγούστου
1206 2660 1357 2720 ἔτους
1387 2657 1828 2730 είκοστοεϐδὸμου,
1860 2657 1990 2726 μετά
2015 2659 2104 2714 τήν

513 2759 754 2812 ὑπατείαν
780 2756 1040 2810 Βασιλείου
1068 2759 1158 2809 τοῦ
1186 2753 1577 2828 λαμπροτάτου,
1612 2748 1765 2808 ἔτους
1794 2744 2099 2802 δωδεκάτου.

584 2856 668 2938 Ἰςῷ
709 2850 842 2928 αυτῷ
885 2845 1034 2918 τύπῳ
1077 2844 1267 2924 ἔγραψε
1313 2837 1416 2899 καί
1441 2843 1570 2916 πρὸς
1627 2839 1968 2912 ’Λπολινάριον
2019 2839 2104 2894 τὸν

515 2925 792 2996 ὄσιῶτατον
830 2939 1238 3017 ἀρχιεπίσκοπον
1274 2945 1365 2996 τῆς
1409 2925 1769 3009 ’Δλεξανδρέων
1820 2926 2106 3005 μεγαλοπό-

515 3031 666 3098 λιως,
715 3032 799 3084 καί
841 3031 969 3106 πρὸς
1009 3037 1239 3100 Δομνῖδον
1275 3030 1358 3082 τὸν
1387 3026 1666 3082 ὁσιώτατον
1700 3027 2107 3101 ἀρχιιπίσκοπον

515 3130 605 3184 τῆς
633 3123 1001 3186 Θεουπολιτῶν,
1027 3123 1113 3174 καὶ
1139 3125 1229 3178 τήν
1256 3119 1345 3174 ὑπ’
1371 3119 1554 3178 αὐτοὺς
1582 3114 1810 3172 σύνοδον.

821 3317 1307 3376 CONSTITUTUM
1341 3313 1572 3372 VlGiLll
1609 3313 1812 3369 PAPIE

1011 3428 1078 3466 DE
1108 3425 1294 3465 ἨΠΒυὸ
1323 3421 1616 3464 οΑΡιτυιιιε.

591 3504 992 3560 Gloriosissimo
1051 3511 1107 3558 et
1152 3501 1575 3558 clementissimo
1633 3499 1744 3554 ﬁlio
1807 3497 2108 3553 Justiuiano

521 3597 761 3666 Augusto
793 3595 1013 3665 Vigilius
1043 3597 1350 3665 episcOpus.
1694 3585 1696 3587 ί

597 3687 744 3742 Inter
771 3687 1086 3742 innumeras
1105 3687 1496 3744 sollicitudines
1522 3687 1714 3756 quibus
1743 3694 2000 3742 oneratur
2019 3685 2111 3738 im-

523 3779 725 3850 periale
750 3778 1040 3846 fastigium,
1076 3779 1341 3836 laudabile
1361 3779 1661 3834 clementia:
1685 3786 1876 3834 vestra:
1905 3791 2110 3844 cogno—

524 3869 700 3924 vimus
727 3884 846 3924 esse
875 3868 1228 3938 propositum,
1259 3884 1358 3938 per
1393 3869 1536 3937 quod
1572 3869 1834 3924 submotis
1866 3869 2111 3924 omnibus

525 3959 808 4016 discordiae
845 3960 1160 4026 seminibus,
1211 3975 1332 4029 quae
1377 3962 1590 4028 inagro
1633 3960 1848 4016 Domini
1897 3959 2114 4016 humani

526 4053 738 4124 generis
768 4054 1015 4108 inimicus
1043 4061 1368 4124 asperserat,
1401 4054 1678 4110 universos
1699 4053 1910 4108 Domini
1930 4068 2116 4108 sacer-

528 4147 682 4201 dotes
705 4146 991 4216 praemissis
1011 4146 1077 4200 ad
1105 4146 1468 4202 testimonium
1491 4147 1831 4203 conscientiae
1855 4161 1965 4200 sua:
1985 4161 2113 4214 pro-

527 4240 868 4304 fessionibus,
899 4257 997 4311 per
1023 4255 1157 4311 quas
1185 4251 1496 4298 sanctorum
1527 4239 1744 4294 Patrum
1785 4247 1840 4295 et
1886 4253 2115 4294 venera-

435 4395 438 4397 Α
529 4331 714 4386 bilium
743 4341 974 4398 quatuor
999 4333 1324 4402 synndorum
1353 4349 1418 4388 ac
1463 4333 1746 4402 praesidum
1796 4331 1940 4386 sedis
1986 4347 2119 4401 apo-

531 4422 732 4478 stolica:
765 4422 1026 4476 inbmrere
1052 4422 1453 4479 deﬁnitionibus
1487 4431 1651 4492 atque
1689 4423 1910 4491 judiciis
1962 4437 2117 4482 mon-

531 4522 848 4579 strareutur,
881 4513 948 4568 ad
971 4515 1228 4568 unitatem
1258 4525 1420 4586 atque
1461 4517 1806 4570 concordiam
1833 4516 2120 4571 restituere

531 4604 861 4672 properastis
886 4622 898 4656 :
929 4618 1154 4674 quarum
1175 4605 1562 4674 professionum
1584 4606 1830 4670 formam,
1855 4618 1914 4662 ut
1937 4607 2118 4661 eccle-

2173 519 2490 574 inconcussa
2526 523 2825 578 serventur,
2871 507 3182 564 earumdem
3225 500 3560 576 synodorum
3603 514 3760 554 reve-

2173 612 2350 670 rentia
2378 611 2433 666 in
2463 608 2712 665 omnibus
2736 603 3024 662 custodita.
3054 599 3228 668 Quam
3251 594 3641 669 professionem
3675 609 3763 663 pa-

2174 716 2448 764 ternarum
2477 701 2824 758 traditionum
2867 710 3165 753 memorem
3206 700 3262 748 et
3310 703 3617 759 sequacem,
3649 695 3762 740 tam

2175 801 2232 856 in
2260 797 2597 854 fraternitate
2619 801 2798 850 vestra
2826 804 2988 860 quam
3025 787 3079 844 in
3107 785 3356 842 omnibus
3394 779 3590 836 similia
3630 793 3766 834 con-

2177 893 2348 949 fessis-
2376 898 2537 960 atque
2565 883 2974 952 conﬁtentibus,
3008 879 3156 938 omni
3200 876 3360 934 laude
3401 873 3768 946 plenissimam

2175 982 2568 1055 judicavimus‘
2597 985 2653 1034 et
2681 985 2896 1034 nostros
2915 989 2984 1030 ex
3011 989 3076 1028 ea
3099 987 3160 1027 re
3185 967 3354 1027 vereb
3385 966 3579 1024 fratres
3600 977 3772 1033 agno-

2180 1077 2400 1134 scimus.
2434 1072 2589 1130 Unde
2617 1071 2810 1128 divime
2838 1067 3141 1125 clementiae
3159 1063 3544 1137 supplicamus,
3573 1066 3633 1113 ut
3652 1071 3772 1112 om-

2183 1183 2281 1224 nes
2303 1183 2402 1223 nos
2429 1167 2483 1222 in
2515 1165 2617 1220 hac
2639 1159 2980 1218 confessione
3008 1166 3066 1214 et
3092 1155 3334 1228 paternis
3349 1165 3371 1194 ε
3398 1147 3776 1207 traditionibus

2184 1263 2584 1331 permanentes,
2617 1261 2803 1310 nostro
2825 1251 2972 1321 digni
2998 1248 3336 1321 reperiemur
3374 1241 3572 1306 ofﬁcio,
3618 1249 3678 1294 et
3723 1237 3777 1291 in

2187 1351 2275 1414 die
2323 1347 2488 1404 divini
2535 1344 2723 1415 iudicii
2778 1343 2908 1398 nulli
2949 1335 3380 1412 praevaricationi
3430 1341 3778 1404 paternarum

2189 1439 2634 1500 constitutionum
2659 1436 2998 1492 inveniamur
3025 1431 3264 1488 obnoxii.
3302 1428 3506 1495 Quibus
3541 1425 3614 1479 ita
3645 1435 3780 1491 pra:-

2190 1534 2347 1591 dictis
2375 1529 2826 1603 postulationibus
2853 1535 3091 1583 vestrum
3125 1519 3530 1596 [postulationis
3565 1508 3782 1580 vestrae]

2191 1625 2518 1684 desiderium
2547 1629 2940 1693 cognoscentes
2968 1616 3282 1678 annuimus,
3315 1620 3374 1668 ut
3402 1611 3468 1666 de
3493 1609 3667 1664 tribus
3695 1619 3786 1658 ca-

2193 1721 2399 1793 pitulis,
2447 1734 2517 1774 ex
2545 1717 2740 1787 quibus
2767 1711 2996 1783 quazstio
3045 1715 3168 1764 nata
3221 1712 3322 1768 est,
3363 1701 3504 1758 facto
3552 1693 3788 1766 regulari

2557 1813 2770 1862 servata
2825 1802 3113 1873 aequitate,
3165 1794 3358 1862 mediis
3424 1787 3791 1850 sacrosanctis

2197 1902 2513 1974 evangeliis,
2545 1898 2896 1956 collationem
2934 1910 3057 1950 cum
3093 1889 3258 1948 unitis
3297 1885 3552 1944 fratribus
3589 1879 3792 1944 habea-

2195 2013 2314 2052 mus
2347 1973 2483 2068 7[[or.
2527 1986 2820 2060 habeatis},
2842 1995 2899 2043 et
2943 1984 3066 2040 ﬁnis
3106 1984 3264 2038 detur
3303 1978 3534 2050 placitus
3562 1973 3702 2068 Deo,
3741 1977 3794 2026 et

2197 2063 2527 2144 conveniens
2549 2083 2634 2138 bis
2661 2096 2784 2151 qua:
2818 2096 2848 2134 a
2890 2078 3096 2134 sanctis
3124 2082 3360 2145 quatuor
3405 2076 3531 2126 sunt
3575 2063 3792 2122 deﬁnita

2200 2181 2481 2238 conciliis:
2513 2178 2747 2236 scientes
2776 2174 2983 2243 utique,
3011 2172 3157 2228 sicut
3177 2178 3234 2226 et
3261 2165 3563 2224 communis
3590 2158 3794 2232 profes-

2202 2274 2370 2336 sionis
2412 2268 2720 2326 testimonio
2751 2266 3082 2330 declaratur,
3115 2266 3538 2317 memoratarum
3567 2251 3796 2326 synodo-

2203 2382 2322 2421 rum
2351 2365 2406 2420 in
2428 2362 2677 2418 omnibus
2706 2358 3067 2416 reverentiam
3087 2352 3369 2412 custodiri.
3395 2348 3537 2404 Deus
3567 2355 3620 2402 te
3644 2345 3795 2400 inco-

2204 2459 2405 2514 lumem
2432 2455 2723 2522 custodiat,
2754 2452 2918 2508 frater
2946 2449 3281 2508 charissime.
3315 2446 3507 2501 Datum
3537 2457 3627 2497 vni
3681 2434 3798 2513 [vn]

2206 2553 2325 2607 idus
2366 2549 2669 2614 Januarias,
2706 2545 2919 2616 imperii
2967 2542 3168 2599 domini
3208 2537 3497 2596 Justiniani
3546 2529 3800 2605 perpetui

2207 2643 2431 2713 Augusti
2460 2656 2602 2696 anno
2626 2639 2862 2709 27,post
2881 2635 3219 2692 consulatum
3251 2631 3438 2688 Basilii
3463 2629 3565 2685 viri
3607 2625 3801 2682 claris-

2207 2740 2326 2796 simi
2357 2752 2500 2792 anno
2529 2735 2615 2789 12.

2279 2817 2481 2884 Eadem
2510 2830 2678 2899 forma
2707 2825 2914 2895 scripsit
2942 2831 2990 2877 et
3019 2821 3088 2875 ad
3121 2817 3500 2891 Apollinarium
3530 2809 3804 2868 sanctissi-

2207 2939 2367 2986 mum,
2395 2918 2838 2986 m'cliiepiscopum
2867 2928 3073 2983 ntaguaa
3096 2909 3315 2964 civitatis
3356 2902 3712 2965 Alexandrina,
3757 2907 3802 2951 et

2209 3015 2278 3068 ad
2307 3011 2623 3066 Domninum
2649 3005 3053 3067 sanctissimum,
3083 3000 3525 3070 archiepiscopum
3570 2992 3805 3061 Theopo-

2209 3108 2340 3174 leos,
2367 3113 2416 3160 ct
2447 3103 2515 3156 ad
2541 3099 2794 3173 synodum
2814 3097 2940 3169 ipsis
2971 3095 3272 3168 subjectum.

2141 3309 2190 3374 α
2220 3306 2644 3362 ecclesiasticam
2674 3316 2911 3368 servare,
2941 3305 3262 3370 praesentem
3291 3296 3514 3351 facimus
3541 3292 3802 3349 libellum.

2210 3397 2477 3467 imprimis
2501 3401 2736 3466 quatuor
2763 3400 2980 3448 sanctas
3009 3389 3264 3463 synodos,
3290 3388 3560 3442 Nicrenam
3592 3391 3808 3440 trecen-

2214 3499 2390 3544 torum
2422 3489 2608 3543 decem
2634 3495 2688 3541 et
2721 3495 2864 3550 octo,
2894 3481 3544 3552 Constantinopolitanam
3586 3485 3808 3532 centum

2212 3581 2616 3652 quinquaginta,
2659 3577 2986 3648 Ephesinam
3038 3576 3268 3646 primam
3316 3573 3697 3636 ducentorum,
3749 3569 3808 3623 in

2211 3689 2316 3743 qua
2363 3675 2416 3727 in
2455 3673 2648 3744 legatis
2674 3672 2786 3726 suis
2815 3677 2979 3739 atque
3003 3669 3237 3732 vicariis,
3270 3666 3322 3720 id
3363 3672 3446 3720 est
3490 3661 3810 3718 beatissimo

2212 3766 2414 3840 Cyrillo
2443 3765 2822 3820 Alexandrina)
2853 3763 3001 3818 urbis
3027 3762 3301 3832 episc0po,
3328 3757 3561 3814 Arcadio
3591 3764 3645 3809 ct
3679 3753 3816 3809 Pro-

2208 3859 2355 3929 jccto
2384 3859 2672 3929 episcopis,
2705 3865 2761 3912 et
2796 3855 3045 3926 Philippo
3084 3855 3421 3925 presbytero,
3465 3850 3814 3906 beatissimus

2214 3950 2538 4006 Caelestinus
2568 3964 2706 4020 papa
2737 3948 2967 4004 senioris
2993 3947 3178 4001 Romae
3201 3946 3442 4000 noscitur
3468 3942 3816 4014 praesedisse,

2215 4052 2271 4099 et
2308 4043 2804 4099 Chalcedonensem
2832 4046 3215 4095 sexcentorum
3250 4038 3465 4107 triginta
3495 4044 3816 4091 sanctorum

2216 4136 2436 4190 Patrum
2474 4135 2816 4204 suscipimus.
2865 4131 2933 4186 Et
2971 4147 3067 4202 per
3114 4130 3293 4185 on'mia
3341 4135 3396 4183 et
3441 4129 3494 4182 in
3535 4125 3816 4192 omnibus,

2217 4241 2552 4295 quazcunque
2584 4227 2636 4279 in
2665 4223 2914 4280 omnibus
2935 4221 3101 4291 gestis
3127 4217 3582 4274 Chalcedonensis
3623 4217 3818 4270 conci—
3862 4255 3876 4264 .

2217 4317 2275 4371 lii
2327 4317 2665 4385 aliarumque
2719 4315 3097 4385 praedictarum
3153 4312 3501 4384 synodorum,
3558 4311 3700 4364 sicut
3754 4308 3818 4363 in

2218 4410 2407 4466 iisdem
2430 4419 2664 4480 quatuor
2693 4409 2910 4480 synodis
2931 4409 3193 4477 scriptum
3216 4405 3506 4470 invenitur,
3531 4402 3819 4458 communi

2220 4522 2485 4561 consensu
2511 4522 2631 4561 cum
2663 4505 2848 4571 legatis
2879 4513 3040 4571 atque
3063 4502 3276 4557 vicariis
3305 4499 3448 4555 sedis
3475 4496 3820 4568 apostolicae,

2220 4602 2276 4656 in
2305 4601 2500 4673 quibus
2522 4601 2674 4669 juxta
2711 4608 2952 4667 tempora
2981 4611 3075 4651 sua
3104 4595 3529 4665 praedecessores
3555 4588 3828 4645 sanctita-

535 4699 767 4754 siastica:
795 4701 940 4769 pacis
969 4700 1398 4770 amplectendum
1423 4701 1652 4770 posteris
1677 4701 1916 4754 tradatur
1936 4716 2120 4755 excm-
2147 4717 2198 4777 ι)
2225 4695 2294 4750 tis
2330 4701 2526 4749 vestra:
2550 4691 2845 4747 beatissimi
2876 4703 3027 4760 papae
3051 4687 3280 4742 senioris
3326 4685 3512 4740 Romae
3559 4682 3689 4753 ipsis
3733 4695 3827 4752 sy-

535 4789 714 4860 plum,
769 4790 1039 4859 praesenti,
1079 4791 1532 4860 quemadmodum
1581 4806 1639 4847 se
1687 4792 1868 4857 habet,
1914 4792 2116 4848 inserta

544 4882 737 4951 pagina
764 4882 1118 4939 declaramus.

537 5043 848 5115 Exeatplum
873 5045 1059 5122 prima
1094 5047 1434 5122 professionis
1475 5064 1628 5120 quam
1667 5049 1735 5102 ad
1764 5049 1976 5107 Sancta:
2008 5049 2122 5110 Eu-

954 5117 1171 5208 pliemia:
1195 5117 1437 5208 templum
1461 5117 1711 5191 fecerunt.

611 5227 809 5285 Omnes
837 5230 1052 5302 quidem
1078 5231 1280 5299 ﬁdeles,
1313 5233 1545 5290 maxime
1572 5250 1703 5290 vero
1731 5235 1829 5290 Dei
1871 5236 2126 5292 sacerdo-

543 5327 647 5404 tes,
692 5335 880 5390 pacem
918 5330 973 5378 et
1001 5323 1482 5390 sanctiﬁcationem
1531 5327 1684 5396 sequi
1713 5342 1836 5383 cum
1877 5327 2125 5384 omnibus

544 5422 775 5482 oportet,
825 5416 943 5470 sine
990 5418 1181 5486 quibus
1232 5433 1412 5486 nemo,
1459 5421 1752 5476 secundum
1807 5422 2124 5491 Apostolum

546 5501 598 5574 (Ι
628 5503 807 5560 Thess.
840 5507 934 5579 iv),
966 5508 1168 5564 videbit
1195 5508 1497 5567 Dominum.
1530 5513 1640 5570 Nos
1669 5514 1831 5583 igitur
1869 5513 2127 5585 apostoli-

544 5609 664 5650 cam
691 5609 978 5666 sequentes
1003 5599 1324 5670 doctrinam,
1357 5611 1416 5660 et
1439 5603 1755 5663 festinantes
1780 5605 2123 5665 concordiam

621 5783 645 5852 ξ
676 5773 1058 5852 yetereslibri,
1081 5782 1396 5852 judicamus.

622 5842 648 5882 ι’
677 5841 840 5901 Iidem
867 5847 1007 5918 libri,
1033 5841 1169 5905 νεῖ-α.

2223 4785 2378 4841 nodis
2406 4783 2796 4854 praesederunt,
2832 4790 2940 4836 tam
2967 4781 3036 4836 de
3064 4779 3168 4834 ﬁde
3195 4793 3358 4847 quam
3387 4777 3456 4831 de
3483 4774 3600 4830 aliis
3639 4773 3830 4828 omni-

2220 4877 2322 4931 bus
2344 4871 2540 4938 edusis,
2567 4874 2802 4944 judiciis,
2838 4871 3331 4935 constitutionibus,
3378 4875 3472 4923 aut
3500 4862 3826 4935 dispositio-

2222 4968 2379 5022 nibus
2399 4964 2619 5021 deﬁnita
2651 4973 2744 5020 aut
2769 4963 3031 5033 judicata,
3053 4964 3139 5019 vel
3165 4963 3477 5027 constituta,
3493 4960 3608 5015 sive
3627 4957 3827 5026 dispo-

2224 5059 2328 5114 sita
2355 5066 2501 5125 sunt,
2531 5058 2870 5125 inconcusse,
2896 5056 3296 5119 inviolabiliter,
3327 5048 3829 5124 irrep'rebensibili-

2229 5161 2342 5221 ter,
2401 5159 2566 5220 atque
2619 5150 3116 5214 irretractabiliter,
3182 5149 3299 5206 sine
3369 5146 3676 5217 adiectione
3730 5139 3832 5198 vel

2228 5243 2605 5298 imminutione
2632 5243 2808 5311 aliqua
2835 5257 2939 5298 nos
2966 5243 3334 5313 promittimus
3366 5245 3680 5304 secuturos,
3717 5251 3832 5292 nee

2224 5335 2522 5405 quidquam
2540 5335 2868 5390 contrarium
2890 5333 3039 5404 quod
3050 5336 3118 5391 ad
3139 5343 3324 5391 earum
3341 5332 3832 5406 reprehensionem

2227 5436 2283 5482 et
2308 5427 2747 5482 retractationem
2787 5427 2873 5482 vel
2918 5429 3372 5499 permutationem
3410 5427 3525 5480 sive
3565 5422 3833 5492 iniuriam

2227 5518 2326 5573 sub
2351 5518 2592 5588 qualibet
2617 5520 2905 5576 occasione
2929 5521 3017 5575 vel
3039 5521 3282 5575 novitate
3310 5520 3577 5589 pertineat
3614 5513 3833 5570 admis-

2229 5625 2402 5677 suros,
2428 5619 2521 5666 aut
2549 5613 2657 5668 tale
2685 5612 2887 5682 aliquid
2924 5611 3372 5684 praesumentibus
3416 5625 3782 5668 consensuros
3812 5627 3834 5670 ε

2300 5796 2321 5825 ε
2345 5783 2510 5842 Iidem
2531 5787 2670 5854 libri,
2690 5799 2739 5842 et
2762 5788 2815 5841 in
2849 5789 3103 5858 paternis.
