4042 6458
260 296 334 361 ea
1472 298 1827 385 ertsrotas
1865 296 1955 385 ur
1993 302 2334 395 auerterit.
3477 313 3546 373 70

258 416 359 472 sed
388 427 722 490 quacunque
742 414 1019 472 communi
1046 430 1313 473 consensu
1336 431 1459 473 eum
1487 415 1680 486 legatis
1699 425 1860 490 atque
1888 424 1938 480 Α
1966 416 2300 486 Suscipimus
2322 423 2501 473 autem
2524 424 2581 511 et
2602 425 2819 477 sanctos
2838 419 3300 511 ducentosPatres
3315 422 3552 498 quphe-

258 511 482 567 vieariis
535 508 677 565 sedis
726 502 1039 581 apostolica:
1090 500 1407 568 orthodoxa:
1464 511 1665 568 ibidem
1712 511 1856 568 dicta

260 612 413 667 sunt,
444 615 508 657 ea
538 600 840 657 orthodoxa
874 618 1194 658 veneramur
1221 611 1383 673 atque
1412 603 1756 675 suscipimus.

336 693 682 763 Qumetmque
711 686 1305 750 anathematizaverunt
1330 695 1419 750 vel
1443 694 1858 762 damnaverunt,

262 786 785 843 anathematizamus
812 780 867 843 et
905 803 1005 844 nos
1046 796 1209 858 atque
1255 784 1607 855 damnamus;'
1652 796 1705 844 et
1735 788 1859 842 uni-

262 874 454 943 versa,
519 880 659 934 sicut
708 879 777 935 ab
840 879 1031 935 iisdem
1090 874 1314 953 'synodis
1380 881 1651 937 communi
1692 896 1861 962 .con-

262 988 429 1029 sensu
478 988 603 1027 eum
646 972 859 1029 vicariis
909 972 1053 1031 sedis
1100 973 1412 1044 apostolica:
1454 970 1716 1044 judicata,
1768 977 1863 1027 aut

263 1064 511 1132 deﬁnita,
531 1066 620 1122 vel
648 1060 963 1134 constituta;
986 1068 1100 1125 sive
1125 1064 1384 1138 disposita
1417 1066 1553 1122 lecta
1582 1064 1864 1123 inveniun-

264 1158 378 1225 tur,
420 1152 1075 1229 irretractabiiiter'atque
1112 1150 1619 1230 inipei‘niutabiliter'
1643 1152 1865 1214 conser-

264 1265 474 1306 vamus.
502 1248 611 1306 S‘ed
632 1259 687 1307 et
711 1249 883 1315 beatas
904 1250 1297 1308 recordationis
1325 1242 1474 1323 papm
1521 1249 1720 1306 Leonis
1756 1251 1865 1321 epi-

266 1340 456 1409 stolas,
507 1350 563 1398 et
606 1342 753 1398 sedis
783 1343 1096 1414 apostolicae
1141 1343 1455 1409 constituta,
1506 1346 1768 1413 quze'tam
1796 1340 1864 1398 de

266 1431 375 1490 ﬁde
395 1446 557 1507 quam
585 1433 652 1490 de
679 1426 935 1490 ﬁrmitate
971 1434 1398 1506 supradictarum
1430 1424 1673 1504 quatuor’
1695 1446 1861 1507 syno-

265 1526 482 1589 dorum,
513 1532 916 1597 precesserunt,
948 1538 1049 1583 nos
1075 1526 1130 1582 in
1161 1526 1411 1583 omnibus
1439 1524 1718 1582 secuturos
1743 1534 1863 1581 ser-

265 1616 601 1691 vaturdsque
637 1606 1020 1691 promittimus.
1070 1619 1602 1676 Anathematizantes
1647 1610 1863 1675 omnem

263 1710 542 1766 hominem
574 1711 639 1765 ad
672 1711 888 1768 ordines
912 1720 965 1766 et
993 1712 1280 1781 dignitates
1308 1710 1701 1767 ecclesiasticas
1730 1726 1858 1781 per-

1924 508 2080 564 ‘sina
2118 508 2292 580 prima
2335 506 2541 582 synodo
2567 491 2847 579 'colleetos,
2900 506 2991 585 qui
3029 496 3334 587 peremnia
3380 520 3550 575 secuti

1961 602 2088 657 sunt
2112 599 2250 656 idem
2279 610 2523 658 sanctum
2552 603 2851 676 symbOlum
2873 604 2985 662 sive
3014 609 3303 679 mathema,
3335 619 3390 667 et
3417 629 3550 670 con-

1962 691 2353 748 demnaverunt
2398 691 2704 749 Nestorium
2755 694 2977 766 impium
3026 706 3081 752 et
3133 701 3396 773 scelerata
3438 701 3554 774 ejus

1963 783 2234 851 dogmata,
2267 792 2323 839 et
2358 800 2453 840 eos
2492 784 2583 859 qui
2612 784 2807 841 similia
2835 787 2885 843 ei
2914 784 3205 860 aliquando
3252 803 3549 863 sapuerunt

1962 874 2048 931 vel
2074 875 2307 946 sapiunt.
2766 872 2771 879 ’
3016 876 3019 879 ’

2035 966 2114 1021 Ad
2144 968 2258 1024 haec
2288 976 2468 1024 autem
2499 969 2662 1026 etiam
2686 970 3009 1043 suscipimus
3030 982 3316 1032 sexcentos
3339 977 3557 1045 triginta

1962 1069 2180 1117 sanctos
2228 1059 2416 1117 Patres
2442 1058 2785 1120 Chalcedone
2816 1077 3209 1137 congregatos;
3257 1070 3349 1139 qui
3394 1071 3557 1126 etiam

1963 1149 2067 1222 ipsi
2097 1166 2194 1221 per
2222 1153 2403 1208 omnia
2432 1165 2825 1212 consenserunt
2867 1156 3135 1230 prmdictis
3158 1162 3360 1218 sanctis
3389 1163 3559 1219 tribus

1963 1239 2205 1312 s'ynodis,
2250 1249 2306 1296 et
2357 1243 2528 1299 secuti
2568 1252 2693 1299 sunt
2737 1247 3067 1317 praedictum
3102 1244 3406 1323 symbolum
3446 1253 3561 1311 sive

1963 1331 2235 1387 mathema
2266 1346 2297 1387 a
2318 1334 2575 1393 trecentis
2613 1334 2802 1393 decem
2830 1346 2887 1394 et
2915 1348 3042 1395 octo
3068 1330 3268 1398 sanctis
3310 1341 3560 1400 Patribns

1963 1420 2288 1493 erpositum,
2321 1431 2376 1481 et
2403 1440 2436 1481 a
2464 1435 2682 1484 centum
2723 1429 3111 1501 quinquaginta
3140 1434 3342 1489 sanctis
3381 1432 3557 1490 Patri-

1962 1518 2064 1574 bus
2092 1519 2458 1590 explanatum,
2492 1529 2546 1577 et
2567 1516 3161 1581 anathematizaverunt
3189 1543 3285 1583 eos
3304 1530 3395 1598 qui
3418 1528 3563 1585 aliud

1964 1621 2163 1684 praeter
2189 1613 2504 1684 prmdictum
2534 1615 2834 1687 symbolum
2865 1628 3197 1688 praesumunt
3224 1620 3440 1689 docere,
3473 1628 3566 1677 aut

1966 1719 2259 1774 exponere,
2292 1712 2347 1760 et
2377 1704 2590 1762 tradere
2619 1707 2819 1764 sanctis
2849 1708 2945 1764 Dei
2990 1710 3236 1768 ecclesiis
3262 1732 3274 1767 :
3308 1712 3562 1769 condem-

266 1800 554 1872 tincntem’
585 1804 891 1873 quicunque
913 1811 1100 1859 contra
1132 1819 1195 1858 ea
1218 1816 1337 1872 qua;
1374 1802 1620 1872 superius
1662 1802 1858 1873 promi.
1894 1803 1940 1863 Β
1969 1803 2234 1849 naverunt
2271 1803 2453 1851 autem
2483 1805 2538 1852 et
2566 1798 3155 1860 anathematizaverunt
3202 1815 3256 1863 et
3294 1804 3568 1879 Eutyche-

264 1895 436 1952 simus
464 1898 563 1952 sub
591 1896 832 1966 qualibet
861 1897 1148 1953 occasione
1175 1897 1262 1953 vel
1300 1896 1655 1952 altercatione
1681 1893 1863 1950 venire

268 1984 583 2041 tentaverit.
610 1982 872 2041 Libellum
897 1994 1077 2042 autem
1108 1988 1161 2041 in
1192 2002 1357 2042 causa
1396 1986 1557 2041 trium
1601 1984 1864 2055 capitulo—

266 2093 411 2145 rum,
440 2077 509 2133 de
539 2072 734 2148 quibus
764 2076 991 2147 qnmstio
1022 2088 1147 2134 nata
1168 2086 1269 2146 est,
1295 2070 1482 2135 contra
1511 2076 1861 2133 constitutum

264 2168 493 2237 piissimi
531 2168 793 2240 principis
821 2177 875 2225 et
892 2171 1239 2227 beatitudinis
1269 2178 1479 2238 vestrm,
1516 2185 1615 2240 ego
1645 2167 1860 2240 quidem

266 2262 475 2317 nullum
520 2261 651 2333 feci,
698 2258 797 2319 sed
846 2265 972 2320 volo
1023 2274 1185 2335 atque
1229 2266 1535 2334 consentio,
1578 2270 1636 2319 ut
1674 2278 1863 2319 omnes

265 2351 437 2407 libelli
459 2352 550 2424 qui
580 2353 707 2410 facti
732 2360 857 2429 sunt
876 2354 976 2411 sub
996 2357 1099 2411 hac
1127 2354 1297 2411 forma
1328 2354 1648 2411 beatitudini
1669 2362 1863 2410 vestias

263 2444 582 2502 reddantur.
615 2444 689 2503 De
710 2449 917 2517 injuriis
941 2456 1143 2510 autem,
1175 2464 1512 2521 qumcunque
1540 2447 1863 2503 beatitudini

264 2536 357 2591 vel
381 2538 496 2595 sedi
525 2546 716 2595 vestrae
744 2541 899 2596 facta:
927 2548 1074 2608 sunt,
1107 2554 1200 2595 eas
1229 2538 1446 2610 quidem
1469 2554 1577 2594 non
1607 2536 1736 2604 feci;
1769 2537 1865 2592 sed

266 2626 397 2697 quia
422 2642 521 2700 pro
551 2642 684 2700 pace
711 2629 967 2687 Ecclesia:
996 2630 1171 2686 modis
1201 2639 1284 2686 est
1309 2630 1560 2685 omnibus
1599 2626 1864 2685 festinan—

268 2717 420 2786 dum,
449 2721 597 2776 velut
640 2723 687 2777 si
729 2738 822 2779 eas
852 2723 1122 2789 fecissem,
1171 2724 1383 2778 veniam
1439 2721 1674 2794 postulo.
1722 2722 1862 2792 Quia

265 2826 403 2867 vero
449 2821 694 2885 tempore
737 2815 1023 2873 discordiae
1060 2817 1557 2873 excommunicatos
1599 2817 1687 2872 vel
1755 2832 1866 2872 non

268 2911 524 2973 receptos
586 2920 618 2961 a
682 2904 1018 2962 beatitudine
1082 2916 1262 2963 vestra
1318 2908 1372 2962 in
1424 2906 1867 2964 communionem

265 2998 505 3068 suscepi,
536 3000 742 3069 pariter
768 3000 981 3054 veniam
1007 3000 1247 3070 postulo.

344 3087 404 3142 In
450 3088 554 3145 hac
589 3089 762 3145 forma
801 3089 1047 3144 fecerunt
1095 3088 1319 3144 Mennas
1360 3088 1867 3160 Constantinopoli-

1964 1892 2072 1938 tcm
2105 1891 2162 1940 et
2186 1884 2516 1951 Nestorium,
2548 1897 2603 1944 et
2649 1890 2813 1961 impia
2860 1908 3047 1949 eorum
3076 1896 3346 1965 dogmata,
3384 1906 3439 1953 et
3467 1912 3565 1954 eos

1963 1976 2058 2044 qui
2084 1972 2276 2031 similia
2306 1976 2387 2033 eis
2414 1986 2713 2048 sapuerunt
2742 1982 2830 2039 vel
2858 1984 3093 2055 sapiunt.
3125 1984 3222 2043 His
3260 1988 3333 2042 ita
3362 2003 3424 2045 se
3463 1988 3563 2043 hu-

1964 2067 2237 2137 bentibus,
2268 2074 2476 2125 certum
2505 2069 2729 2127 iacimus
2777 2074 2921 2143 quod
2950 2079 3130 2133 omnia
3166 2058 3289 2149 quae
3340 2095 3371 2135 a
3417 2095 3557 2149 prce-

1964 2160 2122 2215 dictis
2179 2162 2382 2217 sanctis
2426 2170 2661 2234 quatuor
2713 2164 2935 2237 synodis
2981 2165 3221 2237 judicata
3250 2178 3306 2226 et
3346 2169 3566 2226 deﬁnita

1964 2262 2091 2308 sunt
2113 2264 2426 2323 servamus;
2458 2256 2581 2328 quia
2612 2258 2713 2314 etsi
2767 2274 2866 2329 per
2890 2259 3100 2317 diversa
3132 2270 3375 2334 tempora
3424 2280 3564 2336 prac-

1966 2344 2122 2403 dictaa
2153 2356 2353 2403 sanctae
2376 2358 2609 2419 quatuor
2628 2353 2814 2424 synodi
2848 2352 3002 2410 facta:
3030 2364 3176 2425 sunt,
3204 2364 3379 2412 tamen
3404 2373 3563 2413 unam

1966 2436 2319 2512 eamdemque
2348 2440 2745 2501 confessionem
2785 2444 2910 2502 ﬁdei
2956 2458 3313 2506 servaverunt
3337 2458 3392 2506 et
3424 2465 3562 2523 prte-

1966 2531 2308 2588 dicaverunt.

2034 2618 2371 2696 Suscipimus
2401 2633 2582 2682 autem
2613 2635 2668 2682 et
2698 2614 3077 2699 amplectimur
3119 2631 3377 2703 epistolas
3424 2650 3564 2706 pne-

1967 2716 2141 2772 suium
2172 2716 2433 2773 Romana:
2454 2718 2598 2776 sedis
2627 2716 2956 2791 apostolicae,
2982 2731 3090 2779 tam
3122 2725 3371 2794 aliorum,
3395 2743 3561 2798 quam

1968 2804 2169 2863 Leonis
2200 2816 2401 2865 sanctae
2432 2812 2707 2867 memoriae
2754 2811 2820 2868 de
2864 2822 3011 2870 recta
3055 2816 3163 2873 ﬁde
3215 2818 3467 2890 scriptas,
3511 2831 3567 2876 et

1968 2897 2038 2951 de
2065 2906 2298 2966 quatuor
2323 2902 2525 2956 sanctis
2554 2903 2814 2972 conciliis,
2845 2906 2934 2961 vel
2969 2905 3038 2963 de
3066 2924 3174 2964 uno
3202 2926 3411 2968 eorum.
3433 2912 3569 2969 Cum

1972 2987 2138 3056 igitur
2163 2989 2424 3059 praedicta
2453 2994 2632 3048 omnia
2654 3004 2709 3049 et
2737 2998 3068 3053 servavimus
3103 3010 3159 3056 et
3186 3018 3481 3073 servamus,
3515 3015 3570 3062 et

1970 3079 2025 3134 in
2065 3080 2255 3137 iisdem
2300 3083 2456 3139 nobis
2496 3084 2721 3141 invicem
2753 3091 3156 3163 consentimus,
3206 3094 3569 3153 necessarium

266 3186 435 3234 mnus
484 3180 799 3250 episcopus,
844 3177 1165 3235 Theodorus
1205 3178 1467 3235 amarem
1508 3179 1865 3251 Cappadocia:
1893 3190 1940 3255 ρ
1972 3181 2055 3228 est
2074 3172 2311 3230 conferri
2339 3174 2633 3251 [conﬁteri]
2665 3177 2734 3234 de
2762 3179 2935 3237 tribus
2964 3183 3233 3255 capitulis,
3265 3186 3411 3244 unde
3451 3184 3567 3259 qui-

266 3272 593 3343 episcopus,
634 3272 874 3328 Andreas
911 3271 1215 3342 Ephesinus
1255 3273 1569 3344 episcopus,
1616 3271 1869 3327 Theodo—

265 3380 364 3421 rus
414 3364 714 3420 Antiochiae
756 3362 966 3419 Pisidiae
1005 3365 1307 3436 episcopus,
1354 3363 1545 3421 Petrus
1590 3364 1868 3421 Tarsensis

267 3455 588 3527 episcOpus;
616 3455 711 3511 sed
739 3456 892 3511 multi
922 3457 1011 3510 alii
1032 3456 1271 3528 episcOpi
1299 3456 1439 3512 idem
1460 3456 1720 3513 fecerunt.

267 3567 561 3642 Exeruplar
586 3571 923 3651 professionis
935 3587 1109 3651 .quam.
1122 3571 1317 3651 residui
1338 3571 1563 3642 episcopi
1595 3570 1867 3643 Theopha-

679 3642 883 3695 m'orum
911 3641 995 3695 die
1021 3641 1169 3695 nobis
1200 3641 1449 3713 fecerunt.

343 3730 588 3787 Scientes
616 3740 941 3801 quantorum
974 3733 1239 3787 bonorum
1279 3747 1442 3788 causa
1490 3741 1575 3789 est
1610 3749 1716 3804 pax
1746 3733 1862 3801 Dei,

271 3820 586 3877 custodiens
614 3819 777 3877 corda
807 3829 864 3876 et
887 3836 1079 3877 sensus
1104 3819 1361 3887 ﬁdelium,
1386 3829 1442 3878 et
1464 3822 1721 3892 colligens
1749 3839 1866 3893 eos,

272 3916 336 3965 ut
360 3925 523 3965 unum
554 3912 806 3980 idemque
834 3912 1049 3982 sapiant
1093 3912 1146 3967 in
1176 3920 1322 3967 recta
1355 3912 1475 3967 ﬁdei
1505 3912 1864 3981 confessione,

273 4011 331 4057 et
361 4004 429 4059 ad
455 4001 782 4074 perﬁcienda
805 4004 984 4059 divina
1008 4004 1281 4071 mandata,
1308 4013 1362 4060 et
1384 4002 1674 4076 propitium
1699 4004 1869 4061 Deum

272 4095 478 4154 faciens
507 4098 561 4159 in
603 4098 686 4153 his
712 4113 831 4168 qua:
877 4102 1024 4153 recta
1060 4104 1187 4153 sunt
1232 4096 1709 4166 concordantibus,
1746 4098 1868 4153 ideo

271 4189 593 4246 festinantes
623 4192 885 4247 unitatem
917 4192 1263 4258 conservare,
1290 4191 1357 4247 ad
1384 4191 1740 4263 apostolicam
1778 4207 1866 4247 se-

272 4281 396 4337 dem
424 4290 618 4337 vestrze
654 4282 1007 4338 beatitudinis
1047 4282 1390 4337 manifestum
1431 4282 1675 4349 facimus,
1724 4282 1868 4353 quod

274 4390 376 4431 nos
402 4391 619 4446 semper
646 4374 1088 4432 conservavimus
1118 4384 1173 4431 et
1200 4391 1584 4431 conservamus
1616 4374 1773 4430 ﬁdem
1799 4376 1867 4430 ab

275 4465 430 4522 initio
456 4468 702 4523 traditam
726 4485 754 4523 a
788 4480 981 4536 magno
1001 4468 1114 4524 Deo
1145 4476 1201 4523 et
1222 4468 1505 4524 Saivatore
1529 4477 1715 4523 nostro
1739 4465 1869 4522 Jesu

276 4557 512 4623 Christo,
544 4561 743 4617 sanctis
769 4560 1049 4631 ap0stoiis,
1082 4568 1138 4615 et
1166 4559 1368 4615 abillis
1397 4559 1450 4613 in
1477 4558 1625 4614 omni
1667 4559 1868 4613 mundo
1901 4593 1947 4651 ι)

276 4652 643 4722 prmdicatam,
688 4660 749 4708 et“
796 4668 827 4707 a
866 4652 1067 4708 sanctis
1111 4651 1362 4706 Patribus
1401 4649 1768 4720 explanatam,
1818 4657 1874 4705 et

277 4744 513 4800 maxime
538 4745 606 4800 ab
634 4744 718 4799 bis
746 4740 839 4813 qui
878 4744 932 4798 in
974 4744 1175 4798 sanctis
1203 4750 1436 4814 quatuor
1485 4740 1702 4814 synodis
1740 4758 1873 4797 con-

277 4836 484 4905 gregati
524 4845 669 4902 sunt,
701 4850 839 4905 quos
865 4850 964 4906 per
991 4836 1174 4891 omnia
1219 4843 1275 4890 et
1304 4835 1357 4889 in
1396 4834 1649 4890 omnibus
1690 4835 1871 4905 sequi-

277 4942 403 4985 mur
428 4939 484 4985 et
509 4930 850 5002 suscipimus,
880 4930 935 4985 id
977 4936 1061 4986 est
1106 4936 1381 4985 trecentos
1408 4926 1597 4984 decem
1649 4936 1704 4983 et
1745 4935 1869 4984 octo

277 5028 496 5077 sanctos
522 5018 732 5092 Patres,
766 5022 857 5094 qui
880 5020 1069 5077 Nicmae
1092 5020 1407 5091 congregati
1450 5027 1598 5089 sunt,
1650 5024 1723 5075 et
1744 5034 1871 5074 san-

277 5120 426 5171 ctum
454 5113 757 5186 symbolmn
786 5115 900 5170 sive
923 5113 1200 5170 mathema
1237 5111 1361 5168 ﬁdei
1394 5117 1784 5183 exposuerunt,
1816 5116 1872 5167 et

278 5207 534 5262 Ariauam
563 5202 893 5278 impietatem
923 5205 1541 5271 anathematizaverunt,
1573 5213 1629 5259 et
1656 5218 1751 5261 eos
1778 5202 1871 5274 qui

278 5297 468 5355 eadem
495 5305 791 5371 sapuerunt
819 5298 904 5354 vel
954 5298 1189 5369 sapiunt.
1243 5297 1579 5368 Suscipimus
1604 5303 1786 5351 autem
1817 5305 1873 5353 et

283 5398 505 5447 centum
533 5389 921 5461 quinquaginta
946 5398 1163 5445 sanctos
1187 5398 1371 5461 patres
1399 5387 1871 5459 Constantinopoli

277 5490 655 5553 congregatos,
685 5481 775 5552 qui
804 5483 945 5537 idem
974 5488 1216 5538 sanctum
1244 5481 1515 5537 mathema
1543 5479 1869 5551 explanave-

276 5582 427 5638 runt,
457 5582 513 5628 et
539 5573 607 5628 de
634 5572 836 5629 deitate
868 5570 1105 5643 Spiritus
1132 5574 1304 5628 sancti
1330 5573 1783 5641 dilucidaverunt,
1816 5572 1873 5628 ει

278 5665 527 5723 haresim
584 5664 1029 5722 Macedonianam
1077 5665 1337 5737 Spiritum
1404 5674 1649 5722 sanctum
1697 5666 1873 5736 impu-

279 5765 559 5830 gnantem,
589 5767 645 5814 et
672 5758 894 5830 impium
933 5759 1324 5831 Apollinarium
1352 5758 1870 5826 condemnaverunt,

282 5868 406 5914 cum
435 5852 520 5909 his
544 5852 637 5923 qui
662 5851 852 5910 eadem
880 5867 1003 5910 cum
1031 5852 1135 5911 illis
1175 5862 1471 5925 sapuerunt
1502 5851 1591 5910 vel
1638 5852 1870 5925 sapiunt.

1970 3266 2197 3321 busdam
2244 3270 2469 3337 quaestio
2507 3280 2632 3325 nata
2669 3280 2772 3328 est.
2821 3270 2890 3328 Et
2935 3274 3057 3331 ideo
3085 3279 3339 3348 petimus,
3384 3281 3569 3351 ρι’ωεὶ-

1969 3355 2312 3416 ἀθηῑθήοῢίε
2339 3370 2519 3418 vestra
2559 3364 2917 3437 beatitudine,
2964 3371 3064 3425 sub
3096 3374 3485 3443 tranquillitate
3514 3382 3571 3431 et

1968 3451 2290 3507 sacerdotali
2334 3457 2767 3525 mansuetudine,
2809 3456 3011 3517 sanctis
3052 3465 3345 3535 propositis
3391 3464 3567 3522 Evand-

1969 3541 2143 3609 geliis,
2177 3543 2452 3599 communi
2498 3553 2727 3602 tractatu
2771 3549 2960 3605 eadem
3013 3554 3246 3624 capitula
3291 3555 3343 3609 in
3390 3555 3568 3612 medio

1969 3632 2321 3701 proponenda
2366 3637 2535 3705 quaeri
2581 3645 2638 3692 et
2683 3639 2937 3707 conferri,
2984 3652 3039 3697 et
3081 3644 3240 3699 ﬁnem
3288 3647 3570 3715 quaestioni

1970 3723 2173 3793 imponi
2221 3723 2332 3779 Deo
2363 3726 2619 3795 placitum
2668 3737 2724 3785 et
2766 3733 3177 3788 convenientem
3233 3734 3317 3792 his
3362 3754 3481 3808 qua:
3530 3754 3561 3793 a

1971 3816 2170 3872 sanctis
2202 3824 2435 3887 quatuor
2463 3821 2705 3878 conciiiis
2734 3822 2951 3879 deﬁnita
2983 3834 3108 3880 sunt
3139 3844 3153 3893 ;
3201 3830 3456 3898 quoniam
3497 3829 3567 3885 ad

1971 3918 2317 3977 augmentum
2347 3912 2518 3981 pacis,
2553 3922 2607 3969 et
2630 3917 2975 3972 concordiam
3006 3916 3366 3975 Ecclesiarum
3399 3923 3569 3992 perti-

1971 4008 2083 4067 net,
2117 4008 2197 4070 ut,
2227 4002 2375 4057 omni
2418 4004 2485 4059 de
2516 4006 2694 4061 medio
2736 4007 3074 4065 dissensione
3109 4010 3342 4079 sublata,
3372 4028 3491 4082 quae
3529 4030 3562 4069 a

1976 4093 2246 4163 praedictis
2292 4098 2495 4153 sanctis
2523 4094 2758 4168 quatuor
2792 4102 3034 4158 conciliis
3062 4102 3283 4158 deﬁnita
3327 4114 3452 4159 sunt
3494 4106 3568 4162 in-

1973 4198 2235 4241 concussa
2266 4196 2570 4255 serventur,
2605 4198 2913 4246 sanctarum
2943 4193 3273 4264 synodornm
3322 4211 3568 4253 reveren-

1973 4276 2046 4331 tia
2076 4278 2130 4333 in
2160 4279 2412 4334 omnibus
2440 4280 2732 4337 custodita.
2759 4279 2854 4338 His
2880 4290 3057 4337 autem
3077 4292 3131 4339 et
3158 4286 3569 4359 subscripsimus

1972 4372 2026 4426 in
2056 4372 2198 4427 hunc
2224 4372 2445 4427 modum
2475 4373 2672 4429 fratres
2699 4384 2754 4431 et
2778 4377 3084 4450 coepiscopi
3116 4384 3304 4438 nostri.

2041 4461 2333 4535 Eutychius
2362 4466 2647 4536 episcopus
2669 4466 3324 4546 Constantinopolitanus,
3357 4476 3565 4548 Apolli-

1972 4557 2119 4611 naris
2158 4557 2443 4629 episc0pus
2473 4552 2890 4631 Alexandrinus,
2933 4560 3230 4623 Domninus
3278 4568 3557 4642 [Domnus]

1978 4647 2280 4703 Antiochiae
2310 4647 2479 4723 Syriae
2503 4653 2809 4724 episcopus,
2858 4653 3004 4711 Elias
3030 4654 3313 4730 episcopus
3339 4658 3567 4719 Thessa-

1976 4736 2295 4806 lOnieensis;
2327 4740 2420 4795 sed
2453 4748 2510 4795 et
2539 4743 2721 4797 cmteri
2762 4744 2852 4814 qui
2902 4746 3128 4815 primam
3175 4742 3565 4820 professionem

1977 4840 2084 4885 non
2114 4829 2374 4899 fecerunt,
2403 4841 2458 4888 et
2481 4832 2533 4888 in
2562 4832 2664 4890 hac
2691 4838 2923 4891 secunda
2960 4838 3295 4909 professione
3320 4856 3414 4898 aut
3440 4845 3567 4900 sub-

1975 4927 2326 4996 scripserunt,
2356 4935 2450 4981 aut
2478 4942 2723 4984 seorsum
2749 4930 2990 4986 eamdem
3016 4931 3275 4989 fecerunt.

2047 5015 2142 5074 llis
2182 5019 2344 5088 igitur
2370 5018 2663 5091 dispositis,
2697 5024 3004 5093 optavimus
3044 5020 3279 5098 quidem,
3331 5046 3561 5086 venera-

1973 5110 2095 5167 bilis
2123 5110 2419 5183 imperator
2448 5113 2609 5181 (sicut
2658 5113 3114 5185 frequentissime
3137 5122 3364 5192 suppiici
3402 5137 3565 5191 prece

1973 5204 2337 5275 poposcimus)
2381 5204 2613 5260 eundum
2665 5205 2733 5262 ad
2794 5209 3089 5276 quemlibet
3132 5209 3297 5265 Italiae
3363 5211 3561 5281 locum,

1974 5303 2067 5350 aut
2094 5303 2243 5350 certe
2271 5294 2339 5350 ad
2366 5294 2626 5364 Siciliam,
2653 5306 2709 5354 et
2734 5301 3051 5355 convocatis
3080 5300 3147 5355 ad
3178 5317 3274 5356 nos
3301 5300 3564 5358 Africana:

1946 5392 1950 5405 ‘
1973 5390 2028 5444 et
2054 5388 2277 5443 aliarum
2302 5388 2702 5459 provinciarum
2730 5389 2935 5447 Latina:
2958 5393 3151 5462 lingua:
3171 5392 3563 5466 sacerdotibus,

1971 5480 2058 5534 vel
2108 5477 2362 5535 Ecclesiaa
2402 5487 2603 5536 nostrae
2648 5474 2873 5567 sacratis
2921 5480 3217 5549 ordinibus,
3266 5485 3564 5547 secundum

1972 5568 2416 5626 consuetudinem
2473 5577 2852 5639 tractaremus,
2916 5581 2973 5627 et
3029 5572 3098 5626 de
3175 5574 3565 5644 questionibus

1976 5664 2138 5719 trium
2168 5663 2522 5734 capitulorum
2565 5663 2752 5735 pietati
2780 5670 2971 5719 vestrae
3020 5661 3366 5721 redderemus
3403 5668 3567 5740 plena

1976 5754 2365 5812 deliberatione
2411 5766 2768 5825 responsum;
2798 5752 2941 5824 quod
2969 5753 3094 5824 quia
3133 5753 3248 5812 ﬁeri
3296 5760 3562 5818 serenitas

1979 5841 2158 5907 ve'stra
2182 5863 2292 5905 non
2321 5848 2527 5914 annuit,
2558 5850 2663 5935 hoc
2687 5848 2882 5905 iterum
2913 5848 3155 5907 noscitur
3181 5852 3555 5928 constitutum,
