4018 6340
451 326 518 383 ’11
1845 318 2066 376 VlGILIl

2169 319 2314 375 APJE
3664 309 3728 365 η

451 446 515 495 ut
541 436 736 493 oblatis
763 449 794 490 a
819 433 973 490 nobis
993 431 1393 489 mansuetudini
1421 439 1614 489 vestrae
1634 433 1939 489 nominibus
1967 435 2037 490 de
2064 438 2114 500 Α
2141 436 2313 506 psissc
2343 434 2629 508 [resedisse
2633 434 2653 505 J
2684 440 3079 501 monstrantur,
3111 431 3457 506 synodalibus
3486 424 3732 501 epistolis

451 526 828 599 suprascriptis
853 525 1161 596 provinciis,
1195 526 1285 594 qui
1305 526 1580 581 nobiscum
1601 526 1667 580 ad
1699 526 2035 581 tractandum

453 620 835 675 adhiberentur
860 618 1147 685 antistites,
1181 618 1465 673 clementia
1502 626 1681 672 vestra
1710 616 1915 672 faceret
1943 616 2038 671 ad-

2141 526 2429 597 inspectis,
2487 526 2834 581 nihilominus
2897 526 3356 596 praadecessorum
3420 532 3727 579 nostrorum

2140 619 2285 674 sedis
2313 617 2623 688 apostolicae
2651 618 2941 687 prmsulum
2969 618 3305 683 constitutis,
3344 616 3571 686 aliisque
3608 633 3729 687 pro-

450 712 661 779 venire;
685 711 772 768 cui
792 709 1129 781 dispositioni
1157 710 1286 765 item
1310 708 1635 779 praibuimus
1656 709 2039 764 ecclesiasticae
2140 711 2392 766 batorum
2420 708 2638 765 Patrum
2683 711 2999 766 necessariis
3037 710 3477 768 instructionibus
3515 717 3729 780 pertra-

456 804 604 875 pacis
633 818 819 858 amore
844 815 1185 857 consensum.
1216 797 1411 854 Postea
1441 813 1571 854 vero
1591 799 1695 854 hoc
1720 798 1889 867 magis
1917 812 2040 853 cum

454 912 722 953 consensu
780 895 1002 949 fratrum
1059 900 1406 958 nostrorum,
1456 900 1762 946 nostrarum
1807 890 2041 960 partium

454 987 857 1058 episcoporum,
882 1001 1056 1055 nuper
1084 994 1209 1039 ante
1233 990 1478 1039 sanctum
1505 981 1726 1039 Paschce
1756 982 1897 1036 diem
1929 982 2045 1052 pie-

456 1088 539 1135 tas
568 1090 744 1136 vestra
776 1080 1077 1144 constituit,
1101 1086 1160 1133 ut
1181 1084 1463 1147 exaequato
1493 1092 1721 1132 numero
1754 1075 1838 1132 his
1865 1076 2046 1147 ponti-

456 1171 668 1236 ficibus,
698 1172 790 1241 qui
831 1171 884 1225 in
938 1169 1534 1240 ConstantinOpolitana
1573 1169 1706 1224 urbe
1756 1177 2049 1239 praesentes

457 1272 603 1327 sunt,
633 1262 700 1316 de
732 1261 900 1316 tribus
928 1262 1197 1330 capitulis,
1232 1277 1299 1316 ex
1320 1260 1513 1329 quibus
1541 1261 1766 1330 quaestio
1798 1262 2048 1330 vertitur,

455 1353 749 1407 secundum
797 1350 1041 1421 superius
1071 1350 1408 1421 designatani
1465 1350 1689 1407 fratrum
1740 1361 2050 1408 nostrorum

460 1446 842 1517 episcoporum
898 1445 1290 1517 professionem
1339 1445 1662 1507 deberemus
1735 1447 1873 1503 inire
1942 1456 2054 1503 tra-

459 1545 684 1592 clatum.

532 1626 639 1683 Sed
664 1629 810 1699 quia,
843 1628 971 1684 dum
999 1645 1063 1686 ea
1091 1644 1211 1700 qua:
1253 1647 1352 1702 pro
1381 1631 1752 1689 conservanda
1790 1631 2055 1690 Ecclesia-

459 1735 581 1775 rum
610 1736 744 1791 pace
770 1737 891 1777 cum
918 1721 1175 1779 fratribus
1211 1725 1411 1780 nostris
1437 1724 1574 1791 fieri,
1616 1734 1796 1781 vestra
1825 1726 2057 1796 disposi—

2144 803 2305 859 ctatis
2337 819 2349 856 :
2383 803 2428 857 si
2455 818 2559 873 qua
2590 802 2658 857 de
2701 802 2783 858 his
2829 818 2949 872 qua:
2994 803 3048 857 in
3095 802 3447 872 quaestionem
3499 802 3731 858 deducta

2145 902 2291 961 sunt,
2322 894 2462 964 apud
2503 902 2684 964 patres
2716 902 2930 951 nostros
2962 895 3269 950 examinata
3310 894 3543 962 fuerint,
3584 893 3734 949 finita

2148 996 2310 1056 atque
2361 988 2661 1058 disposita,
2718 1003 2992 1044 memores
3040 987 3286 1058 superius
3337 986 3740 1055 designatarum

2147 1083 2564 1153 professionum,
2613 1083 2940 1153 investigare
2990 1082 3297 1138 curavimus
3341 1099 3352 1134 :
3396 1081 3743 1152 inspicientes

2152 1176 2401 1243 dogmata
2429 1175 2676 1246 quaedam
2707 1177 2760 1232 in
2788 1178 2961 1247 prima
2988 1176 3257 1232 chartacei
3281 1174 3569 1231 voluminis
3589 1182 3745 1246 parte

2153 1285 2250 1340 per
2278 1269 2501 1325 fratrem
2532 1279 2772 1325 nostrum
2801 1271 3097 1340 Benignum
3129 1270 3439 1341 episc0pum
3469 1267 3745 1324 Heraclea:

2154 1358 2533 1431 Paphlagoniae
2559 1377 2588 1416 a
2616 1370 2793 1417 vestra
2822 1371 2975 1432 parte
3003 1361 3303 1417 transmissi
3325 1360 3581 1430 jacentia,
3609 1374 3749 1429 quo-

2155 1468 2275 1507 rum
2326 1461 2483 1509 tenor
2519 1455 2815 1509 secundum
2863 1455 3197 1510 intellectum
3226 1455 3412 1511 subter
3439 1453 3746 1524 expositum

2157 1544 2225 1600 ad
2250 1545 2640 1601 excludendum
2665 1547 2829 1602 totius
2853 1546 3214 1615 ambiguitatis
3233 1561 3473 1601 errorem
3497 1544 3751 1616 praesenti

2160 1634 2461 1690 deﬁnitioni
2493 1645 2691 1692 nostra:
2723 1644 2938 1692 tenetur
2968 1638 3221 1703 insertus,
3254 1636 3413 1707 plena
3440 1636 3751 1691 exsecrabi-

2160 1726 2301 1782 lihus
2326 1727 2698 1798 blasphemiis,
2723 1737 2779 1784 et
2805 1728 3125 1785 orthodoxae
3150 1728 3272 1784 fidei
3296 1729 3436 1803 (qua:
3453 1727 3753 1785 secundum

461 1810 610 1867 tione
631 1822 1016 1882 convenerant,
1042 1814 1420 1873 festinaremus
1453 1817 1696 1887 implere,
1730 1825 1790 1872 ut
1818 1817 2059 1874 adhibita
2090 1834 2137 1894 Β
2163 1820 2529 1889 evangelicam
2583 1822 3044 1892 apostolicamque
3107 1822 3410 1877 doctrinam
3464 1836 3494 1875 a
3551 1820 3756 1874 sanctis

460 1903 660 1958 salubri
691 1904 1083 1962 deliberatione
1112 1909 1496 1978 communiter,
1529 1917 1585 1963 et
1622 1918 1846 1979 propter
1883 1909 2054 1965 infor-

458 1994 709 2048 mandam
740 1996 1098 2056 universalem
1132 1996 1454 2065 Ecclesiam,
1500 2001 1710 2055 cunctis
1754 2016 1874 2069 qua:
1917 2002 2058 2057 inter

461 2101 562 2141 nos
591 2096 852 2155 geruntur
895 2089 949 2143 in
987 2090 1203 2159 scriptis
1252 2090 1497 2147 deductis
1526 2100 1688 2162 atque
1732 2093 2059 2163 jacentibus,

461 2187 706 2233 nostrum
738 2194 805 2235 ex
835 2180 917 2234 his
948 2181 1237 2236 collectum
1261 2182 1329 2237 de
1362 2184 1533 2239 tribus
1560 2185 1810 2255 capitulis
1839 2187 1892 2242 in
1920 2203 2061 2257 qua:-

461 2270 697 2325 stionem
762 2271 1005 2328 deductis
1060 2273 1318 2343 judicium
1378 2277 1749 2346 proveniret:
1805 2280 2061 2348 continuo

463 2367 639 2438 pietas
671 2376 848 2424 vestra
882 2381 903 2405 ἰ
935 2379 1061 2441 post
1084 2370 1521 2443 illudvolumen,
1550 2373 1695 2443 quod
1738 2374 1895 2431 nobis
1934 2384 2063 2432 ante

465 2461 666 2516 multos
706 2460 925 2531 Pascha:
954 2464 1069 2520 dies
1100 2480 1196 2534 per
1225 2466 1400 2519 virum
1438 2466 1783 2536 magnificum
1813 2466 2064 2524 Theodo-

462 2568 583 2607 rum
604 2552 953 2617 decurionem
985 2556 1166 2624 palatii
1186 2556 1494 2624 destinavit,
1520 2558 1575 2612 in
1595 2574 1703 2629 quo
1726 2574 1827 2615 vos
1848 2559 2064 2615 interim

464 2646 593 2715 quid
613 2646 679 2702 de
692 2648 861 2702 tribus
883 2650 1156 2705 sentiretis
1172 2651 1421 2721 capitulis
1443 2661 1799 2723 exponentes,
1819 2663 2064 2711 nostrum

465 2737 687 2808 poscitis
720 2737 837 2793 dari
868 2755 937 2795 ex
966 2740 1155 2796 eadem
1181 2758 1344 2797 causa
1374 2759 1718 2815 responsum.

551 2828 788 2900 Ideoque
817 2847 939 2886 cum
970 2831 1162 2889 fratres
1204 2835 1399 2904 nostri,
1439 2851 1616 2907 neque
1656 2847 1940 2909 exaequato
1969 2855 2069 2896 no-

466 2920 673 2978 hiscum
731 2941 957 2981 numero
1010 2927 1267 2994 residere,
1316 2945 1491 2999 neque
1540 2931 1595 2987 in
1641 2934 1902 3005 scriptum
1948 2948 2067 3004 qlia:

465 3026 747 3083 ageremus
766 3016 853 3071 vel
876 3024 1229 3074 tractaremus
1253 3021 1422 3091 redigi
1446 3030 1781 3092 paterentur,
1810 3034 2067 3098 tanquam

473 3106 642 3178 (quod
686 3110 847 3181 absit)
889 3127 996 3167 non
1028 3114 1409 3168 convenientia
1455 3118 1768 3172 rectitudini
1812 3120 2065 3188 loquere-

2160 1924 2393 1985 quatuor
2420 1916 2661 1988 synodis,
2689 1917 2923 1982 Nicmna,
2947 1915 3563 1986 Constantinopolitana,
3586 1911 3759 1983 Ephe-

2161 2005 2296 2073 siua,
2329 2014 2492 2076 atque
2534 2005 2961 2063 Chalcedonensi
3007 2006 3361 2077 probabiliter
3402 2014 3566 2075 atque
3616 2005 3756 2059 irre-

2161 2096 2615 2165 prchensibiliter,
2649 2099 2821 2153 sancti
2871 2098 3102 2168 Spiritus
3149 2106 3478 2168 cooperante
3516 2110 3757 2166 praesen-

2163 2187 2259 2255 tia,
2292 2186 2487 2255 legitur
2515 2187 2757 2260 delinita)
2781 2189 2940 2245 valde
2969 2190 3182 2244 inimica
3212 2205 3331 2245 esse
3360 2189 3755 2259 perspeximus,

2164 2284 2221 2331 et
2248 2277 2435 2347 procul
2464 2292 2494 2332 a
2515 2276 2836 2333 Christianis
2862 2280 3109 2337 sensibus
3131 2277 3460 2350 repellenda.
3495 2276 3757 2348 Propter-

2165 2381 2227 2423 ea
2260 2382 2407 2438 ergo,
2444 2376 2503 2422 ut
2530 2377 2657 2437 pote
2686 2370 3057 2436 exsecrabilis,
3082 2377 3244 2440 atque
3283 2385 3314 2423 a
3351 2369 3552 2424 sanctis
3579 2367 3758 2422 Patri-

2165 2459 2266 2514 bus
2314 2460 2442 2514 olim
2482 2460 2599 2516 sine
2650 2459 2984 2517 dubitatione
3027 2462 3300 2529 damnata,
3330 2470 3515 2517 nostra
3542 2474 3761 2530 quoque

2165 2552 2435 2607 sententia
2482 2553 3003 2609 anathematizamus
3051 2564 3215 2624 atque
3243 2554 3586 2620 damnamus,
3616 2566 3759 2624 quo-

2166 2659 2286 2699 rum
2314 2643 2546 2714 primum
2572 2645 2865 2717 capitulum
2893 2646 2968 2700 ita
2995 2661 3055 2704 se
3083 2646 3247 2702 habet
3278 2664 3292 2701 :

2625 2823 2895 2864 TBEODORI
2933 2824 3234 2865 CAPITULUI
3272 2826 3312 2866 Ῑ.

2240 2916 2266 2956 b
2300 2916 2567 2983 Quomodo
2609 2923 2770 2993 igitur
2815 2929 2888 2986 tu,
2941 2939 3086 2994 quem
3126 2939 3280 2994 super
3316 2941 3494 2979 omnes
3529 2925 3758 2978 maxime

2169 3010 2312 3065 decet
2333 3011 2619 3066 animarum
2645 3014 2891 3083 regimen,
2916 3014 3062 3067 illum
3086 3015 3340 3083 eumdem,
3362 3018 3449 3088 qui
3468 3033 3533 3071 ea;
3552 3018 3754 3087 virgine

2168 3113 2323 3157 natus
2352 3113 2447 3170 est,
2481 3102 2645 3159 Deum
2668 3122 2795 3171 esse,
2823 3113 2870 3159 et
2897 3122 2961 3159 ea:
2990 3106 3100 3160 Deo
3132 3108 3619 3162 consubstantialem
3649 3107 3760 3161 Ρα-

466 3213 610 3268 mur,
639 3215 760 3270 qua;
787 3203 1027 3256 scribere
1058 3204 1374 3259 timeremus
1404 3222 1418 3272 ;
1451 3215 1507 3260 ει
1546 3208 1765 3280 insuper
1792 3210 2068 3277 gloriosis_
2094 3224 2137 3282 Ο
2172 3196 2239 3247 tri
2270 3197 2559 3249 existimari
2588 3196 2736 3261 dicis,
2769 3198 2873 3250 nisi
2903 3199 3036 3269 forte
3063 3209 3239 3253 sancto
3272 3199 3491 3270 Spiritui
3513 3200 3759 3269 imputari

468 3288 618 3344 simis
659 3291 726 3344 ad
772 3306 871 3346 nos
917 3293 1235 3362 proceribus
1277 3294 1558 3351 destinatis
1585 3296 1862 3354 insisteret
1888 3310 2067 3356 vestra

470 3379 778 3448 clementia,
822 3390 1066 3437 nostrum
1115 3384 1184 3440 de
1234 3386 1396 3440 trium
1445 3388 1805 3458 capitulorum
1849 3394 2068 3460 negotio

470 3484 633 3541 quam
662 3472 946 3528 celerrime
974 3478 1220 3544 proferre
1249 3477 1450 3533 debere
1476 3494 1816 3549 responsum,
1850 3498 1952 3538 nec
1992 3485 2071 3540 sic

470 3562 774 3621 destitimus
804 3580 997 3623 vestrae
1023 3569 1246 3625 obedire
1287 3573 1426 3627 velle
1476 3573 1777 3630 clementia:
1811 3594 1824 3628 :
1858 3577 1961 3633 hoc
1989 3594 2072 3633 so-

474 3656 755 3713 lummodo
808 3662 1167 3730 postulantes,
1223 3670 1283 3717 ut
1322 3681 1420 3735 pro
1472 3664 1783 3722 inﬁrmitate
1826 3671 2071 3738 corporis

473 3751 665 3817 nostri,
698 3766 818 3821 quae
847 3753 979 3807 nulli
1018 3753 1248 3808 habetur
1277 3755 1569 3825 incognita,
1622 3758 1810 3834 viginti
1859 3760 2068 3815 dierum

474 3843 631 3898 nobis
676 3844 879 3900 daretis
920 3845 1184 3912 inducias,
1231 3856 1499 3917 quatenus
1548 3851 1732 3906 habito
1765 3853 2067 3923 nobiscum,

474 3929 588 3988 Deo
619 3935 933 4002 auxiliante,
966 3943 1216 4003 tractatu,
1261 3937 1589 3997 deﬁnitionis
1619 3952 1835 4010 nostra},
1870 3947 2071 4001 consti-

478 4030 594 4081 tuto
642 4025 729 4082 die
775 4028 997 4098 scripto,
1041 4031 1364 4085 sententiam
1395 4032 1697 4089 diceremus
1731 4054 1743 4088 :
1774 4037 1842 4092 ad
1880 4038 2073 4095 fratres

474 4126 531 4174 et
558 4122 914 4193 coepiscopos
940 4134 1187 4192 nostros,
1221 4140 1252 4180 a
1280 4126 1475 4196 quibus
1505 4128 1756 4184 similiter
1782 4130 1850 4185 de
1880 4132 2072 4187 eadem

474 4227 636 4268 causa
660 4230 981 4285 responsum
1005 4234 1102 4273 vos
1127 4216 1368 4288 ﬂagitare
1388 4220 1619 4288 dixistis,
1638 4222 1800 4277 lilium
1824 4234 2073 4280 nostrum

475 4302 763 4359 diaconum
795 4305 1066 4377 Pelagium
1096 4326 1218 4366 cum
1259 4312 1567 4382 hujusmodi
1596 4315 1853 4371 mandato
1883 4317 2076 4373 direxi-

477 4411 617 4461 mus,
664 4398 926 4454 dicentes.
976 4400 1047 4455 Ut
1095 4405 1221 4471 quia
1270 4409 1595 4465 constitutus
1646 4411 1956 4468 collationis
2002 4411 2076 4468 fa-

478 4486 684 4543 cienda:
730 4489 924 4545 modus
978 4490 1153 4548 fuerat
1196 4499 1612 4565 praetermissus,
1646 4503 1836 4557 saltem
1884 4504 2072 4574 viginti

480 4579 596 4636 dies
623 4597 721 4650 pro
743 4582 1014 4638 antedicta
1038 4586 1208 4639 nostri
1231 4591 1476 4659 corporis
1498 4591 1886 4659 imbecillitate,
1910 4611 2074 4665 quam
2107 4613 2147 4668 υ

480 4677 697 4735 norunt,
729 4678 974 4727 nostrum
1014 4674 1275 4730 deberent
1312 4676 1590 4733 definitum
1630 4680 1697 4734 de
1736 4683 1904 4736 tribus
1933 4686 2075 4754 capi-

483 4758 607 4813 tulis
656 4760 921 4817 sustinere
961 4778 1302 4834 responsum,
1345 4768 1623 4836 antiquum
1668 4779 1724 4824 et
1769 4772 2073 4840 regularem

482 4849 845 4909 custodientes
872 4854 1148 4919 ordinem,
1178 4872 1247 4912 nc
1274 4866 1400 4913 antc
1427 4868 1624 4915 nostra:
1641 4902 1654 4927 ,
1690 4862 1794 4918 hoc
1823 4872 1906 4918 est
1933 4866 2076 4921 sedis

483 4942 815 5012 apostolicaa,
843 4944 927 4999 cui
951 4961 1047 5015 per
1076 4946 1173 5003 Dei
1201 4950 1429 5018 gratiam
1454 4952 1820 5021 praesidemus,
1845 4958 2077 5025 promul-

483 5034 753 5105 gationem
801 5038 1103 5108 sententiae,
1147 5040 1440 5111 quidquam
1493 5044 1735 5113 proferre
1782 5055 2071 5113 tentarent,

485 5125 629 5182 unde
654 5127 895 5185 scandali
924 5145 1129 5199 rursus,
1159 5147 1280 5202 qua:
1312 5134 1489 5203 sopita
1517 5124 1709 5202 fuerat,
1740 5139 1869 5194 oriri
1894 5149 2080 5211 posset

486 5220 721 5276 occasio.

559 5307 856 5382 Propositis
886 5313 1070 5383 itaque
1094 5315 1251 5372 nobis
1290 5314 1669 5392 etdiligenter
1695 5322 1971 5394 inspectis,
2005 5326 2086 5381 in-

488 5409 748 5468 quantum
789 5404 1207 5478 uniuscujusque
1252 5410 1472 5479 capituli
1511 5413 1565 5466 in
1607 5414 1961 5482 quaestionem
1992 5415 2083 5471 de-

490 5487 640 5546 ducti
668 5493 807 5548 ratio
837 5496 1162 5566 postulabat,
1195 5501 1543 5571 synodalibus
1590 5505 1865 5562 codicibus
1917 5514 2081 5577 atque

489 5580 654 5649 gestis
693 5585 936 5653 prolatis,
980 5602 1101 5659 quae
1152 5591 1273 5647 aliis
1316 5595 1628 5651 eorumdem
1659 5594 1881 5653 Patrum
1907 5599 1994 5652 vel
2024 5599 2078 5653 in

491 5674 689 5730 sanctis
729 5687 961 5747 quatuor
998 5683 1238 5754 synodis,
1288 5694 1385 5743 aut
1429 5687 1483 5743 in
1514 5704 1619 5746 una
1648 5704 1835 5747 earum
1888 5691 2081 5750 rescri-

566 5871 589 5901 θ
619 5861 803 5936 Forte,
833 5869 1045 5939 protulit
1065 5869 1215 5927 illud.
1249 5867 1577 5932 iisnnvnms.

2169 3286 2312 3339 illius
2334 3290 2647 3341 creationem
2671 3306 2773 3342 non
2796 3288 2985 3360 jubes?
3015 3290 3121 3344 Sed
3150 3292 3262 3361 quis
3282 3300 3359 3343 est
3387 3290 3524 3344 Deus
3550 3306 3615 3343 ea:
3648 3288 3758 3345 Deo
3802 3352 3807 3353 ί

2173 3387 2220 3431 et
2243 3379 2699 3435 consubstantialis
2714 3381 2902 3434 Patri?
2927 3382 2984 3435 Is
3014 3383 3148 3436 idem
3177 3384 3263 3454 qui
3292 3400 3357 3437 ea:
3384 3384 3577 3454 virgine
3605 3392 3759 3436 natus

2170 3481 2282 3525 erat
2314 3471 2363 3539 (ο
2404 3473 2775 3542 iniranduntl),
2834 3482 2883 3526 et
2931 3476 3015 3544 qui
3067 3492 3157 3544 per
3213 3475 3468 3543 Spiritum
3522 3484 3761 3527 sanctum

2172 3564 2453 3617 secundum
2482 3564 2684 3617 divinas
2716 3564 3015 3634 Scripturas
3046 3565 3329 3634 plasmatus
3369 3576 3467 3633 est,
3508 3575 3557 3617 et
3598 3564 3766 3634 conﬁ-

2172 3659 2393 3712 ctionem
2436 3660 2490 3711 in
2541 3657 2782 3713 muliebri
2830 3662 3028 3729 accepit
3072 3660 3285 3713 ventre?
3315 3657 3497 3712 Inerat
3538 3659 3763 3729 forsitan

2173 3751 2295 3819 quia
2346 3767 2465 3804 mox
2514 3768 2670 3822 quant
2706 3752 2994 3821 plasmatus
3043 3762 3135 3816 est,
3188 3761 3236 3805 et
3277 3761 3332 3804 ut
3376 3752 3619 3821 templum
3663 3750 3769 3805 Dei

2174 3850 2327 3906 esset,
2369 3844 2567 3912 accepit
2609 3860 2626 3895 :
2671 3860 2773 3897 non
2816 3852 2988 3899 tamen
3028 3844 3429 3899 existimandum
3477 3845 3621 3899 nobis
3666 3854 3768 3911 est,

2174 3930 2340 3986 Deum
2372 3933 2434 3986 de
2463 3934 2658 4004 virgine
2687 3945 2865 3988 uatum
2911 3952 3041 4002 esse,
3081 3936 3183 3989 nisi
3225 3938 3358 4007 forte
3399 3936 3536 3989 idem
3579 3936 3768 3989 existi—

2176 4025 2422 4078 mandum
2452 4024 2599 4079 nobis
2628 4034 2773 4080 estet
2803 4027 2936 4099 quod
2967 4036 3142 4081 natum
3184 4037 3279 4093 est,
3323 4036 3373 4081 et
3411 4031 3545 4098 quod
3587 4036 3664 4080 est
3710 4028 3769 4080 in

2177 4124 2301 4170 nato
2345 4118 2532 4186 templo
2552 4158 2565 4180 ,
2584 4124 2632 4169 et
2666 4118 2753 4186 qui
2782 4118 2835 4171 in
2866 4118 3053 4187 templo
3080 4127 3155 4172 est
3185 4117 3327 4172 Deus
3367 4117 3586 4171 Verbum
3614 4134 3630 4170 :
3660 4134 3770 4172 non

2177 4216 2352 4261 tamen
2382 4226 2474 4262 uec
2505 4209 2783 4262 secundum
2822 4219 2963 4263 tuam
3002 4228 3171 4265 vocem
3211 4210 3653 4280 pronuntiandum
3692 4217 3772 4263 est

2178 4299 2409 4362 omnino,
2442 4317 2506 4353 ea:
2535 4301 2732 4370 virgine
2759 4311 2939 4356 natum
2970 4302 3135 4357 Deum
3171 4320 3281 4357 esse
3317 4313 3366 4357 et
3394 4320 3459 4357 ex
3500 4301 3608 4356 Deo
3644 4319 3774 4356 con-

2178 4391 2569 4447 substantialem
2621 4392 2793 4447 Patri.
2853 4394 2997 4448 Nam
3047 4398 3093 4450 si
3143 4414 3245 4451 non
3298 4398 3449 4451 homo
3494 4407 3570 4450 est
3613 4396 3773 4469 (sicut

2179 4486 2332 4557 dicis)
2366 4496 2683 4558 assumptus,
2725 4489 2812 4558 qui
2852 4500 3005 4542 natus
3047 4500 3213 4543 estex
3244 4492 3456 4560 virgine,
3490 4488 3630 4543 Deus
3654 4506 3772 4543 vero

2180 4584 2514 4646 incarnatus;
2546 4581 2799 4653 quomodo
2829 4583 2916 4654 qui
2958 4591 3110 4635 natus
3156 4590 3250 4647 est,
3299 4581 3438 4635 Deus
3476 4598 3540 4635 ea:
3576 4580 3689 4638 Deo
3721 4590 3773 4635 et

2178 4673 2635 4729 consubstantialis
2665 4675 2864 4729 dicetur
2898 4674 3063 4735 Patri,
3097 4691 3252 4727 carne
3277 4690 3380 4728 non
3410 4684 3614 4744 potente
3636 4673 3775 4726 hanc

2177 4786 2350 4823 vocem
2381 4770 2680 4842 suscipere?
2707 4768 2850 4824 Nam
2880 4781 2955 4824 est
2985 4771 3190 4843 quidem
3223 4771 3479 4825 dementia
3509 4769 3675 4822 Deum
3705 4784 3773 4821 ex

2179 4863 2379 4932 virgine
2408 4871 2588 4917 natum
2616 4879 2728 4917 esse
2756 4864 2957 4927 dicere;
3002 4864 3098 4918 hoc
3140 4865 3278 4917 enim
3325 4863 3457 4916 nihil
3506 4861 3652 4916 aliud
3696 4866 3777 4913 est

2180 4972 2336 5025 quant
2361 4973 2426 5009 ex
2455 4957 2649 5009 semine
2677 4972 2792 5009 eum
2815 4956 2984 5010 dicere
3013 4955 3182 5009 David
3208 4956 3270 5010 de
3293 4956 3581 5010 substantia
3610 4953 3776 5023 virgi-

2182 5049 2264 5101 nis
2284 5050 2513 5120 genitum
2533 5058 2581 5102 et
2604 5051 2659 5102 in
2684 5050 2799 5121 ipsa
2829 5050 3161 5119 plasmatum,
3188 5052 3309 5122 quia
3338 5049 3475 5121 quod
3494 5064 3558 5103 ea:
3577 5048 3779 5103 semine

2183 5138 2357 5193 David
2384 5151 2432 5194 et
2461 5141 2524 5194 de
2550 5140 2843 5195 substantia
2871 5143 3083 5212 virginis
3112 5150 3225 5205 est,
3254 5143 3309 5195 in
3339 5149 3573 5195 materno
3602 5149 3780 5193 ventre

2183 5232 2438 5297 consistit,
2471 5244 2518 5286 et
2542 5233 2708 5286 sancti
2738 5231 2967 5301 Spiritus
2996 5232 3310 5303 plasmatum
3347 5232 3552 5296 virtute,
3594 5237 3779 5281 natum

2186 5325 2346 5395 fuisse
2376 5324 2593 5379 dicimus
2626 5324 2689 5377 de
2726 5323 2949 5393 virgine.
3007 5323 3077 5378 Ut
3122 5334 3291 5379 autem
3339 5323 3525 5395 aliquis
3573 5337 3639 5375 ex
3680 5320 3782 5374 hoc

2186 5415 2436 5469 concedat
2462 5415 2630 5468 dicere
2649 5414 2796 5485 ipsis,
2825 5414 2962 5485 quod
2985 5414 3122 5469 Deus
3143 5431 3207 5469 ea:
3236 5413 3344 5469 Deo
3367 5424 3417 5468 et
3436 5410 3785 5467 consubstan-

2186 5506 2329 5561 tialis
2360 5505 2511 5560 Patri
2530 5516 2688 5560 natus
2709 5516 2786 5560 est
2814 5522 2879 5561 ea:
2908 5508 3122 5578 virgine,
3155 5524 3213 5561 eo
3235 5506 3370 5578 quod
3398 5516 3475 5560 est
3502 5506 3555 5559 in
3586 5505 3782 5573 templo

2183 5608 2329 5665 nato,
2358 5601 2448 5655 sed
2477 5618 2580 5656 non
2602 5618 2691 5672 per
2720 5618 2775 5656 se
2805 5610 2955 5655 natus
2975 5609 3053 5655 est
3074 5600 3211 5654 Deus
3243 5599 3499 5663 Verbum;
3529 5600 3785 5653 incarna-

2186 5702 2268 5749 tus
2290 5712 2429 5762 vero,
2460 5697 2592 5751 sicut
2620 5696 2743 5749 dicit
2772 5697 2869 5749 iste
2898 5694 3124 5765 sapiens.
3158 5694 3219 5751 Si
3261 5694 3420 5767 igitur
3455 5707 3571 5746 cum
3617 5705 3786 5744 carne

2267 5876 2294 5917 ιο
2325 5876 2397 5934 Ut
2422 5877 2476 5935 in
2505 5882 2701 5938 concil.
2736 5882 2802 5951 γ,
2831 5884 3013 5941 collat.
3045 5904 3097 5939 ιι.
