4018 6340
242 331 310 386 is
1416 327 1766 406 £91310LG

1876 329 1891 385 ς
1927 330 2258 391 DECRETA.
2903 311 2913 321 ’
3033 297 3035 299 ’
3090 328 3092 331 ’
3387 350 3463 410 ’μ

241 458 350 498 eum
369 451 538 497 natum
556 456 670 498 esse
691 441 902 509 dicunt;
940 444 1075 516 quod
1102 453 1271 502 autem
1299 455 1478 502 natum
1505 457 1601 512 est,
1646 447 1786 503 Deus
1817 451 1866 511 Α

237 550 297 592 εει
321 532 446 600 Deo,
473 541 522 588 ct
546 533 1004 590 consubstantialis
1030 535 1184 591 Patri
1209 547 1286 592 est
1311 555 1330 592 :
1359 555 1563 596 necesse
1590 550 1668 597 est
1694 542 1790 598 hoc

239 633 283 678 et
305 640 499 677 carnem
527 623 714 689 dicere,
755 625 892 697 quod
932 628 978 680 si
1018 643 1121 681 non
1159 628 1353 686 idcirco
1387 646 1508 686 caro
1533 639 1628 699 est,
1659 649 1788 706 quo-

223 708 365 770 niam
387 731 476 768 nec
493 714 634 771 Deus
655 733 721 772 ea:
747 716 878 786 Deo,
901 734 995 772 nec
1015 719 1469 777 consubstantialis
1497 722 1670 794 Patri,
1699 729 1793 780 sed

238 823 296 862 ex
335 809 520 862 semine
567 807 759 874 David,
806 818 858 864 et
898 810 1353 868 consubstantialis
1379 815 1426 868 ei
1450 813 1596 886 cujus
1619 829 1790 871 semen

238 907 322 964 est,
361 908 408 955 et
441 917 542 955 non
567 901 626 954 id
649 902 788 972 quod
829 912 1009 959 natum
1031 912 1109 960 est
1133 920 1198 959 ex
1223 906 1420 977 virgine
1446 905 1586 964 Deus
1611 917 1711 979 est,
1740 917 1791 964 et

235 1006 292 1044 ea
331 987 465 1057 Deo,
511 992 1057 1070 elvconsubslantialis
1102 994 1289 1062 Patri;
1337 997 1442 1053 nisi
1468 1000 1624 1070 forte
1665 1017 1790 1071 pars

237 1078 366 1146 Nati,
387 1089 540 1151 prout
564 1068 676 1154 ipse
700 1085 756 1138 in
777 1085 1109 1156 inferioribus
1127 1085 1326 1159 partem
1345 1068 1538 1145 Christi
1557 1068 1791 1147 nominat

235 1171 488 1236 deitatem;
520 1174 615 1229 sed
641 1193 747 1231 non
775 1177 952 1233 divina
975 1186 1165 1235 natura
1190 1197 1256 1236 ea:
1283 1183 1482 1254 virgine
1513 1193 1641 1238 nata
1677 1194 1788 1252 est;

234 1270 366 1316 natus
391 1273 564 1318 autem
590 1275 668 1320 est
693 1283 758 1321 ea:
797 1269 1019 1340 virgine,
1047 1272 1135 1342 qui
1163 1288 1228 1326 ea:
1253 1271 1544 1330 substantia
1575 1276 1790 1348 virginis

233 1363 432 1424 constat,
461 1373 570 1412 non
594 1357 735 1414 Deus
763 1360 970 1418 verbum
1007 1380 1073 1419 ea:
1097 1363 1274 1421 Maria
1298 1377 1452 1422 natus
1489 1377 1566 1424 est
1587 1385 1608 1426 :
1636 1379 1789 1427 natus

233 1454 299 1498 est
322 1453 482 1500 autem
511 1463 580 1503 ea:
617 1448 811 1519 Maria,
851 1455 943 1523 qui
979 1471 1046 1510 ea:
1083 1458 1278 1512 semine
1323 1468 1401 1514 est
1445 1459 1632 1531 David,
1683 1480 1787 1519 non

232 1533 354 1590 Deus
378 1538 586 1596 verbum
609 1557 676 1595 ea:
704 1543 916 1600 muliere
935 1554 1090 1601 natus
1117 1556 1212 1614 est,
1256 1549 1348 1604 sed
1387 1560 1538 1608 natus
1571 1569 1635 1608 ea:
1670 1571 1788 1609 mu-

230 1629 356 1694 liere,
385 1632 470 1702 qui
495 1633 685 1689 virtute
721 1639 888 1692 sancti
930 1637 1158 1709 Spiritus
1185 1641 1470 1710 plasmatns
1497 1653 1572 1700 est
1607 1647 1663 1700 in
1691 1663 1786 1713 ea;

228 1736 319 1774 non
355 1737 417 1775 ea:
442 1731 616 1778 matre
657 1734 812 1781 natus
859 1738 936 1782 est
973 1731 1427 1789 consubstantialis
1461 1734 1613 1792 Patri
1653 1739 1788 1807 (sine

227 1822 375 1868 matre
392 1816 532 1870 enim
561 1825 658 1883 est,
689 1820 968 1874 secundum
994 1820 1132 1878 beati
1161 1821 1318 1880 Pauli
1343 1827 1556 1896 vocem),
1578 1828 1672 1882 sed
1699 1830 1786 1900 qui
1813 1834 1888 1898 Β,
1959 1841 2127 1898 suam
2179 1853 2351 1902 autem
2399 1865 2492 1906 εοο

225 1905 271 1958 in
298 1908 660 1974 posterioribus
703 1912 1013 1980 temporibus
1052 1914 1106 1969 in
1135 1925 1368 1974 materno
1409 1928 1582 1975 ventre
1623 1923 1791 1978 sancti

223 1993 432 2064 Spiritus
450 2001 640 2056 virtute
657 2002 944 2074 plasmatus
959 2014 1054 2073 est,
1071 2017 1258 2079 utpote
1276 2011 1387 2066 sine
1404 2009 1566 2068 Patre
1582 2022 1791 2086 propter

223 2085 305 2140 hoc
330 2087 514 2146 dictus.

750 2203 933 2280 Vigilii
957 2213 1245 2279 responsio.

273 2287 327 2349 ιη
350 2295 726 2368 suprascripto
765 2300 943 2369 primo
982 2304 1218 2374 capitulo
1259 2307 1512 2376 quoniam
1542 2322 1641 2380 per
1677 2311 1786 2368 cir-

210 2384 368 2443 cuitus
393 2385 445 2445 id
482 2386 696 2446 videtur
721 2391 918 2458 astrui,
947 2393 1072 2464 quia
1111 2395 1275 2453 homo
1306 2413 1474 2468 purus
1499 2414 1569 2456 ex
1597 2410 1786 2459 saneta

209 2476 399 2546 virgine
425 2479 602 2538 Maria
631 2486 790 2542 natus
817 2482 920 2551 sit,
950 2481 1177 2543 dicendo
1209 2505 1223 2542 :
1255 2487 1313 2544 Si
1349 2489 1581 2547 fatemur
1613 2491 1784 2549 Deum

207 2566 436 2634 verbum,
501 2571 597 2640 qui
649 2573 1120 2634 consubstantialis
1169 2584 1255 2636 est
1301 2573 1469 2648 Patri,
1507 2595 1670 2638 carne
1714 2597 1783 2640 ex

207 2656 382 2714 eadem
407 2660 624 2730 virgine
669 2673 876 2734 natum,
905 2681 1130 2725 necesse
1167 2681 1253 2727 est
1289 2679 1349 2727 ut
1387 2686 1607 2730 carnem
1652 2688 1783 2731 con-

206 2747 608 2809 substantialem
635 2750 638 2752 ’
670 2753 814 2810 Patri
875 2769 1270 2830 consequenter
1332 2777 1454 2820 esse
1517 2767 1777 2824 dicamus.

205 2833 424 2909 Ideoque
474 2843 783 2916 quicunque
821 2847 1130 2918 huiusmodi
1158 2853 1462 2912 intellectus
1490 2857 1650 2928 sapit,
1681 2859 1782 2915 do-

202 2933 297 2994 cet,
322 2930 527 2998 credit,
557 2941 652 2989 aut
685 2936 964 3006 praedicat,
1009 2947 1064 2994 ct
1103 2956 1212 2996 non
1259 2943 1506 3000 eumdem
1541 2946 1782 3003 Verbum

202 3032 254 3073 ac
277 3020 480 3078 Filium
517 3023 615 3080 Dei
653 3043 752 3096 per
791 3030 1084 3085 secundam
1125 3034 1460 3090 nativitatem
1488 3031 1556 3091 e'x
1593 3045 1780 3095 sancta

203 3096 350 3168 Maria
377 3115 727 3170 incarnatum
754 3126 810 3172 et
836 3126 1022 3174 natum
1051 3122 1243 3191 credit,
1272 3126 1561 3183 anathema
1589 3128 1679 3184 sit.

635 3242 901 3286 THEODOB!
938 3245 1002 3287 CA
1009 3247 1239 3290 ριτυιωί
1275 3251 1334 3292 Il.

257 3327 278 3353 ι
309 3316 451 3373 Mox
483 3324 655 3373 autem
678 3320 734 3374 in
759 3321 874 3392 ipso
899 3324 1156 3394 plasmata
1184 3326 1326 3384 Deus
1360 3329 1580 3386 Verbum
1606 3333 1778 3404 factus

200 3415 291 3471 est;
330 3423 428 3462 nec
468 3408 610 3463 enim
644 3410 701 3465 in
745 3413 926 3468 caelum
956 3418 1251 3474 ascendenti
1275 3421 1439 3477 solum
1468 3425 1658 3495 inerat,
1684 3427 1776 3482 sed

197 3494 334 3549 etiam
362 3494 432 3550 et
462 3499 683 3553 mortuis
705 3505 1015 3574 resurgenti,
1035 3515 1092 3560 ut
1116 3516 1235 3574 pote
1259 3518 1310 3564 et
1327 3494 1774 3570 resuscitanseum

199 3587 466 3642 secundum
507 3603 656 3644 suam
685 3584 1113 3663 promissionem;
1135 3597 1240 3654 'nec
1279 3606 1568 3675 resurgenti
1607 3608 1773 3662 solum

197 3671 369 3746 inerat,
397 3678 500 3734 sed
521 3681 677 3737 etiam
699 3685 948 3755 cruciﬁxo
975 3693 1026 3741 et
1046 3686 1329 3760 baptizata,
1358 3701 1408 3746 et
1426 3671 1773 3766 evangelicum

199 3775 297 3831 post
322 3766 586 3839 baptisma
609 3776 992 3846 conversionem
1018 3784 1282 3851 peragenti
1299 3823 1315 3850 ,
1351 3799 1445 3838 nec
1485 3801 1589 3840 non
1615 3789 1772 3843 etiam

142 3863 148 3872 ‘
201 3854 254 3908 de
299 3855 571 3927 baptismo.
603 3865 821 3936 legalem
873 3869 1181 3942 adimplenti
1229 3877 1676 3945 constitutionem,
1721 3888 1772 3934 et

199 3958 501 4034 presentato
545 3956 824 4009 secundum
871 3959 1052 4029 legem,
1097 3972 1148 4016 et
1184 3953 1504 4032 circumciso,
1548 3977 1598 4022 et
1642 3969 1769 4039 fetui

199 4041 369 4106 pannis
398 4031 673 4108 obvoluto;
701 4054 814 4099 erat
843 4057 1017 4104 autem
1038 4053 1173 4123 forte
1210 4046 1264 4110 in
1286 4056 1398 4126 ipso
1427 4031 1768 4132 etnascente,

199 4139 242 4182 et
280 4147 391 4186 cum
428 4134 493 4186 in
538 4141 684 4190 utero
724 4147 855 4191 esset
905 4156 938 4192 a
981 4144 1150 4212 prima
1187 4147 1362 4202 statim
1388 4147 1767 4220 plasmatione;

203 4221 564 4296 dispensationi
592 4228 728 4281 enim
756 4244 872 4301 quin
895 4233 1035 4288 circa
1058 4251 1175 4291 eum
1201 4247 1313 4293 erat
1341 4239 1574 4296 ordinem
1602 4243 1767 4314 impo-

201 4313 362 4383 nebat,
401 4326 455 4374 et
499 4319 850 4389 particulatim
876 4323 1046 4393 ipsum
1081 4328 1154 4383 ad
1184 4332 1550 4403 perfectionem
1577 4313 1768 4405 perdu-

201 4416 322 4461 (8118.
616 4441 619 4444 ·

615 4541 885 4589 TKEODOR!
921 4546 1221 4591 CAPITULO!
1255 4549 1334 4592 ιιι.

260 4609 324 4668 Et
347 4631 438 4686 per
465 4625 668 4690 tempus
693 4623 764 4676 ad
789 4623 1045 4694 baptisma
1067 4626 1280 4697 ducens,
1306 4635 1422 4697 post
1445 4625 1576 4683 illud
1593 4637 1766 4686 autem

201 4701 264 4753 ad
296 4715 535 4774 mortem,
581 4710 765 4767 deinde
799 4714 1078 4769 secundum
1115 4731 1264 4771 suam
1292 4719 1766 4786 pronuntiationem

202 4797 518 4864 resuscitans,
545 4800 738 4872 ducens
765 4805 821 4858 in
849 4805 1052 4874 emtam,
1083 4807 1340 4864 collocans
1367 4825 1484 4864 eum
1503 4810 1574 4864 ad
1594 4811 1769 4866 dexte-

202 4897 299 4938 rant
343 4886 442 4944 Dei
483 4873 582 4961 per
625 4905 772 4970 suam
818 4897 1248 4968 conjunctionem,
1295 4914 1360 4952 ea:
1397 4914 1499 4969 qua
1536 4897 1678 4952 sedet
1714 4905 1766 4952 et

203 4974 429 5035 adoretur
475 4981 543 5036 ab
590 4984 847 5056 omnibus,
896 4997 947 5040 et
991 5003 1166 5043 omnes
1205 4987 1478 5059 judicabit.
1532 4986 1762 5044 Istorum

201 5073 349 5122 autem
374 5072 607 5127 omnium
630 5074 789 5143 ﬁnem
817 5077 958 5145 apud
981 5093 1036 5132 se
1063 5076 1280 5133 habebat
1327 5075 1464 5133 Deus
1511 5076 1752 5146 Verbum,

201 5167 300 5209 cum
343 5159 398 5214 in
444 5178 507 5218 eo
554 5174 686 5232 erat,
709 5157 712 5162 ’
735 5174 786 5220 et
821 5167 996 5222 omnia
1032 5184 1124 5238 per
1168 5169 1400 5223 ordinem
1431 5168 1754 5240 complebat;

200 5261 327 5315 quem
355 5253 588 5311 ordinem
615 5259 725 5328 ipse
755 5259 1103 5316 arbitrabatur
1130 5260 1254 5316 bene
1277 5261 1464 5316 habere
1500 5277 1591 5332 per
1629 5261 1754 5330 ﬁni-

202 5337 368 5396 “Otmn
405 5347 610 5417 quidem
645 5358 696 5404 et
725 5351 1033 5406 voluntatem
1051 5391 1067 5418 ,
1096 5369 1247 5425 quam
1275 5362 1430 5406 antea
1455 5352 1633 5405 statuit
1661 5366 1754 5421 pro

198 5425 265 5482 lli:
289 5449 400 5503 qua:
426 5449 665 5494 eventura
697 5449 862 5506 erant,
893 5449 942 5495 et
970 5441 1104 5497 bona
1132 5443 1408 5507 voluntate,
1439 5458 1590 5514 quant
1615 5443 1753 5496 circa

2432 457 2608 531 Vigilii
2635 463 2918 532 responsio.

1959 545 2020 602 In
2062 548 2436 622 suprascriptis
2475 553 2712 610 secundo
2757 563 2813 611 et
2861 556 3020 614 tertio
3064 561 3312 632 capitulis
3356 565 3462 624 hoc

1889 636 2099 694 videtur
2126 642 2324 709 astrui,
2366 643 2492 714 quia
2529 645 2670 702 Deus
2695 647 2918 724 verbum
2956 650 3159 708 homini
3195 657 3460 725 plasmate

1889 727 2062 785 inerat
2103 739 2357 802 tanquam
2396 733 2532 790 alter
2575 736 2631 790 in
2671 722 2864 794 altero.
2910 722 3348 815 Dicendo'enim,
3399 759 3461 806 ut

1888 823 2244 893 particulatim
2272 826 2692 898 dispensationi,
2723 844 2842 900 quae
2868 832 3009 890 circa
3037 849 3160 890 eum
3187 848 3334 907 erat,
3365 856 3458 896 or-

1889 914 2066 971 dinem
2099 917 2372 976 videretur
2410 921 2710 992 imponere,
2756 931 2813 981 et
2845 938 2970 981 eum
3004 935 3227 998 propter
3261 931 3457 990 bonam

1888 1005 2241 1077 voluntatem,
2267 1024 2426 1080 quam
2453 1011 2598 1069 circa
2637 1013 2811 1084 ipsum
2839 1014 3102 1084 habebat,
3144 1027 3200 1074 et
3235 1024 3461 1090 parabat

1889 1108 2012 1151 eum
2051 1097 2143 1167 qui
2192 1108 2496 1170 assumptus
2543 1111 2626 1159 est
2669 1104 2738 1160 ad
2775 1115 3089 1176 provectum
3115 1111 3462 1183 perfectionis

1889 1185 2188 1256 adducere,
2246 1189 2441 1248 talibus
2487 1193 2664 1250 verbis
2707 1195 2938 1254 dualitas
2999 1216 3351 1270 personarum
3405 1207 3461 1262 in

1887 1275 2115 1350 Domino
2135 1295 2242 1338 uno
2265 1289 2322 1338 et.
2345 1281 2459 1340 Deo
2481 1292 2666 1341 nostro
2685 1284 2811 1344 Jesu
2831 1288 3044 1348 Christo
3063 1296 3463 1355 exsecrabiliter

1889 1366 2100 1423 videtur
2127 1369 2326 1441 induci,
2357 1381 2413 1429 et
2435 1381 2690 1446 tanquam
2729 1381 3022 1448 quemlibet
3065 1383 3336 1443 hominem
3364 1389 3463 1446 Dei

1891 1457 2050 1515 Verbi
2078 1462 2248 1528 gratia
2270 1477 2368 1534 per
2385 1466 2556 1536 spatia
2576 1475 2879 1539 temporum
2898 1474 3206 1543 profecisse.
3227 1477 3463 1551 Ideoque

1887 1551 2194 1623 quicunque
2239 1567 2307 1610 eo
2348 1555 2626 1615 intellectu
2679 1563 2839 1634 sapit,
2894 1564 3070 1636 docet,
3125 1570 3318 1640 credit,
3367 1581 3463 1630 aut

1888 1639 2167 1712 praedicat,
2195 1645 2480 1702 anathema
2506 1647 2595 1704 sit.

2319 1773 2588 1816 ἸἮΕΟΒΟΜ
2624 1775 2844 1821 ολιητυι
2851 1781 2922 1823 UH
2958 1784 3031 1826 IV.

2493 1855 2810 1921 perationem
2873 1859 2943 1912 ad
2993 1865 3260 1934 proposita
3309 1883 3466 1940 opera
3499 1927 3512 1944 ,

1887 1935 2170 2006 praestabat
2195 1939 2244 1992 ei
2268 1939 2357 2011 qui
2384 1953 2708 2015 assumptus;
2734 1947 2820 2003 ubi
2848 1949 2946 2004 hoc
2969 1951 3096 2023 facit
3121 1956 3176 2010 in
3203 1957 3316 2014 loco
3340 1935 3465 2016 sen-

1885 2040 1973 2080 sus
1995 2026 2158 2096 fuisse
2186 2028 2464 2086 distantem
2487 2033 2567 2087 illi
2596 2037 2681 2106 qui
2726 2050 3018 2110 assumptus
3050 2054 3156 2112 est;
3201 2063 3294 2103 nec
3329 2053 3466 2106 enim

1885 2116 1959 2170 eis
1987 2116 2368 2194 quibuscunque
2387 2123 2597 2181 donavit
2617 2131 3060 2200 cooperationem;
3087 2151 3266 2192 sensus
3295 2138 3463 2196 locum

1883 2211 1995 2284 ejus
2019 2211 2310 2282 obtinebat;
2332 2217 2380 2270 si
2399 2227 2568 2273 autem
2592 2228 2642 2274 et
2666 2222 2819 2277 modo
2846 2227 3161 2297 praecipuam
3188 2232 3466 2301 quamdam

1883 2301 2294 2372 conparationem
2317 2299 2528 2361 donavit
2547 2307 2628 2364 illi
2655 2310 2743 2380 qui
2781 2322 3072 2390 assumptus
3110 2299 3209 2384 est,
3239 2329 3343 2374 non
3371 2320 3467 2376 hoc

1884 2391 2107 2462 faciebat
2125 2392 2295 2449 locum
2321 2411 2502 2452 sensus
2529 2397 2772 2455 deitatem
2792 2399 3036 2460 obtinere.
3080 2404 3190 2462 Sed
3222 2410 3269 2463 si
3301 2409 3465 2467 deitas

1882 2499 1978 2551 pro
2017 2500 2171 2540 sensu
2214 2485 2375 2556 ﬁebat
2419 2488 2502 2544 illi
2548 2492 2635 2560 qui
2683 2503 2977 2565 assumptus
3023 2505 3134 2567 est,
3183 2501 3466 2558 secundum

1882 2581 2052 2629 vestra
2072 2575 2247 2646 verba,
2278 2568 2532 2648 quomodo
2563 2583 2797 2664 timorem
2833 2585 2890 2640 in
2934 2589 3179 2660 passione
3216 2594 3466 2665 suscipie-

1883 2665 2010 2722 bat?
2038 2666 2178 2734 Quid
2196 2671 2650 2731 vehementioribus
2677 2661 2999 2736 orationibus
3025 2681 3098 2737 ad
3115 2661 3466 2744 imminentem

1882 2761 2236 2818 necessitatem
2276 2765 2560 2838 indigebat,
2607 2784 2737 2840 quas
2779 2785 2897 2826 cum
2936 2789 3128 2846 magna
3174 2777 3377 2848 quidem
3413 2790 3466 2835 et

1881 2847 2174 2905 clamorosa
2191 2866 2330 2919 voce,
2355 2870 2470 2910 cum
2489 2857 2732 2926 plurimis
2747 2861 2904 2916 etiam
2922 2861 3166 2936 lacrymis
3185 2847 3464 2926 secundum

1881 2939 2089 2995 beatum
2124 2941 2350 2998 Paulum
2379 2945 2539 3016 (Heb.
2569 2949 2628 3018 ν)
2657 2952 2912 3021 referebat
2955 2956 3102 3025 Deo,
3149 2965 3463 3034 evangelista

1883 3036 2061 3099 aperte
2088 3031 2288 3086 dicente
2315 3032 2467 3104 (Luc.
2497 3037 2656 3106 χχιι),
2686 3041 2826 3108 quod
2845 3042 3012 3112 globis
3032 3031 3299 3120 sanguinis
3323 3053 3463 3108 simi-

1881 3118 1947 3174 lis
1990 3119 2150 3175 sudor
2185 3122 2561 3181 descendebat?
2603 3126 2742 3191 Quid
2776 3139 2946 3186 autem
2969 3118 3142 3208 angeli
3166 3139 3383 3196 adventu
3409 3152 3462 3198 et

1803 3197 1851 3261 C
1883 3210 2173 3266 visitatione
2209 3212 2408 3283 egebat,
2448 3209 2678 3272 animam
2706 3221 2986 3292 reﬁcienlis
3023 3197 3079 3281 in
3111 3232 3460 3301 experimento

1877 3301 2154 3370 malorum,
2195 3305 2536 3376 confortantis
2578 3310 2691 3380 ejus
2729 3312 3072 3382 alacritatem,
3124 3323 3460 3380 exercitantis

1876 3407 1990 3446 eum
2019 3393 2092 3446 ad
2126 3396 2477 3452 imminentem
2517 3402 2779 3470 passionis
2817 3409 3192 3476 necessitatem,
3238 3414 3459 3472 tolerare

1877 3483 2081 3553 fortiter
2109 3485 2249 3541 mala
2269 3488 2557 3564 suadentis,
2581 3495 2810 3564 urgentis
2838 3496 2909 3550 ad
2931 3500 3235 3568 patientiam
3259 3513 3310 3559 et
3332 3509 3460 3562 tole-

1875 3576 2128 3632 rationem
2175 3577 2451 3649 malorum,
2487 3583 2800 3640 ostendentis
2845 3597 3177 3656 praesentium
3203 3596 3457 3654 malorum

1876 3660 2098 3730 fructum
2143 3679 2210 3718 ea:
2253 3666 2515 3734 passione,
2564 3672 2901 3727 mutationem
2927 3675 2983 3729 in
3003 3678 3225 3748 gloriam
3270 3680 3456 3738 bonam

1874 3749 2013 3804 circa
2048 3768 2164 3806 eum
2201 3763 2318 3824 post
2361 3758 2652 3826 passionem
2688 3761 2957 3831 futuram?
2990 3768 3080 3837 qui
3104 3771 3242 3826 enim
3279 3789 3458 3830 secum

1875 3841 1995 3896 dum
2039 3843 2365 3914 evangelista
2412 3862 2583 3901 vocem
2630 3846 2878 3923 (Ibidem)
2927 3857 3256 3928 confortabat
3305 3878 3454 3932 eum,

1873 3933 2086 4004 angelus
2123 3934 2344 4003 scilicet,
2380 3937 2545 3993 verbis
2582 3939 2700 3995 istis
2737 3943 2924 4012 fortem
2969 3961 3084 4001 eum
3118 3949 3362 4017 faciebat,
3404 3963 3456 4008 et

1870 4021 2170 4094 inﬁrmitati
2188 4035 2392 4082 natura:
2415 4029 2731 4099 superiorem
2757 4031 2876 4100 fieri
2903 4031 3226 4104 hortabatur,
3255 4047 3306 4094 et
3331 4057 3454 4097 cor-

1870 4113 2164 4173 roborando
2190 4119 2530 4190 cogitationes
2549 4122 2663 4191 ejus
2683 4121 2869 4192 fortem
2891 4137 3006 4177 eum
3032 4126 3274 4195 faciebat.

1905 4280 1914 4290 ,
2404 4228 2586 4302 Vigilii
2613 4230 2898 4300 responsio.

1937 4314 1998 4372 In
2018 4303 2381 4388 suprascripto
2402 4324 2596 4386 quarto
2623 4317 2881 4387 capitulo,
2912 4318 3038 4390 quia
3059 4319 3165 4380 dici
3192 4323 3451 4400 intelligi-

1868 4413 1978 4472 tur,
2008 4406 2153 4476 quod
2180 4407 2320 4463 sicut
2347 4405 2466 4464 aliis
2493 4407 2802 4465 hominibus
2821 4408 3042 4474 donavit
3068 4429 3222 4472 suam
3250 4433 3452 4490 coope«

1871 4497 2138 4553 rationem
2176 4497 2338 4565 Deus,
2385 4497 2461 4554 ita
2501 4506 2556 4556 et
2596 4499 2648 4556 ei
2691 4500 2787 4571 qui
2824 4513 3128 4578 assumptus
3169 4517 3279 4578 est,
3323 4511 3452 4568 licet

1789 4583 1846 4650 Ι)
1868 4590 2212 4661 praecipuam,
2236 4597 2417 4648 tamen
2447 4592 2694 4650 similiter
2714 4603 2774 4650 ut
2795 4595 2914 4654 aliis
2933 4598 3236 4656 hominibus
3254 4602 3450 4658 dicitur

1869 4696 1990 4739 esse
2029 4681 2302 4751 donatam,
2351 4690 2408 4741 et
2440 4685 2517 4740 ita
2554 4699 2747 4756 purum
2789 4695 2950 4755 atque
2979 4689 3244 4746 inﬁmum
3273 4692 3450 4750 homi-

1865 4788 1990 4831 nem
2017 4775 2162 4829 circa
2189 4778 2494 4842 passionem
2533 4773 2710 4842 angeli
2749 4777 2960 4844 eguisse
2991 4779 3276 4852 praesidio,
3307 4792 3365 4839 ut
3392 4786 3446 4842 ei

1865 4872 1967 4929 pro
2009 4858 2423 4917 corroborandis
2471 4862 2888 4933 cogitationibus
2921 4864 3038 4937 ejus
3065 4869 3242 4928 futura
3268 4873 3442 4943 gloria

1864 4949 2271 5022 promitteretur
2309 4952 2376 5009 de
2412 4954 2702 5012 tolerantia
2739 4958 3036 5028 passionis;
3079 4977 3200 5034 quae
3238 4966 3282 5020 si
3321 4967 3442 5035 quis

1863 5041 1938 5096 ita
1967 5041 2131 5113 sapit,
2161 5041 2340 5111 docet,
2371 5044 2559 5111 credit,
2583 5057 2676 5101 aut
2695 5047 2968 5117 prmdicat,
2999 5053 3283 5110 anathema
3310 5055 3398 5110 sit.

2307 5174 2576 5216 THEODOM
2610 5177 2909 5220 CAPITULUII
2945 5181 3000 5221 ν.

1935 5249 2084 5307 Vade
2109 5257 2233 5321 post
2259 5264 2374 5313 me,
2405 5249 2632 5317 Satana,
2663 5255 2975 5310 scandalum
3000 5257 3128 5312 mihi
3157 5269 3215 5312 es
3234 5295 3249 5318 .
3291 5257 3437 5328 quod

1864 5360 1971 5400 non
2005 5344 2150 5415 sapis
2189 5357 2254 5399 ea
2295 5357 2415 5413 quae
2456 5344 2546 5399 Dei
2588 5355 2729 5422 sunt,
2773 5347 2867 5402 sed
2903 5363 2965 5403 ea
3005 5363 3121 5417 quia:
3159 5348 3435 5404 hominum

1863 5436 2078 5508 (Matth.
2111 5453 2231 5502 xw;
2266 5435 2436 5490 Marc.
2465 5437 2600 5506 vm),
2632 5455 2735 5493 non
2766 5448 2841 5494 est
2861 5429 3094 5512 confusib
3123 5439 3248 5493 mihi
3275 5457 3432 5508 mors,

199 5532 298 5573 eum
323 5524 554 5596 habebat,
587 5529 652 5584 ab
678 5531 829 5587 initio
857 5532 1095 5587 similiter
1121 5535 1289 5587 inerat
1307 5535 1374 5600 ei,
1403 5551 1494 5605 per
1521 5533 1753 5589 ordinem
1859 5550 1965 5589 non
2001 5533 2142 5605 fugio
2181 5531 2348 5602 ipsam
2382 5537 2438 5583 ut
2472 5530 2785 5585 indecentem
2816 5531 2884 5584 ad
2912 5533 3188 5586 humanam
3214 5533 3434 5604 gloriam

198 5619 346 5670 Intern
374 5616 622 5711 placitum
641 5622 711 5676 ad
738 5625 1103 5697 perfectionem
1120 5625 1337 5681 ducebat
1360 5626 1544 5698 ipsum.

1858 5625 2154 5698 respiciens.
2189 5621 2464 5680 Sustinebo
2493 5633 2663 5678 autem
2691 5622 2887 5679 meliori
2918 5624 3088 5678 animo
3110 5628 3403 5696 experimen
3421 5661 3436 5670 -

257 5820 282 5853 ⁸
306 5813 364 5874 In
384 5816 587 5879 Concil.
615 5820 685 5892 ν,
713 5823 896 5881 collat.
923 5822 979 5890 4,
1010 5824 1198 5884 eadem
1219 5823 1490 5886 Theodori
1512 5827 1767 5901 excerpta
1804 5825 1972 5900 legas,
1997 5840 2116 5900 quae
2143 5827 2231 5918 hic
2259 5834 2380 5886 sunt
2410 5840 2578 5901 usque
2608 5823 2676 5882 ad
2704 5821 2996 5896 capitulum
3025 5825 3154 5882 xm.

450 5914 720 5980 Ρηιιοι..
765 5918 994 5983 LXIX.

2996 5921 3038 5986 3

3975 4413 3979 4460 ¹

3975 4889 3979 5078 1
