4042 6454
545 385 613 439 75
861 341 882 346 ”’
1913 348 2127 419 "Vicus

2229 355 2391 415 ’ΛΡΖΕ
3720 347 3803 410 76

547 518 650 563 ιιυη
678 501 853 558 mortis
879 515 972 569 pro
1014 497 1247 567 plurimis
1294 495 1436 549 bonis
1489 491 1692 561 futuris,
1745 488 1798 540 in
1835 482 2014 555 quibus
2061 487 2109 532 et
2138 477 2185 540 Α
2213 483 2397 549 posita,
2431 486 2478 532 et
2508 479 2794 532 doctrinam
2817 477 2938 529 inde
2977 476 3144 546 ipsum
3174 473 3429 569 accepisse
3455 477 3505 569 et
3532 473 3797 569 virtutem,

538 595 646 664 ipse
672 597 836 666 fuero,
868 599 918 643 et
944 605 1033 657 per
1060 604 1253 650 omnes,
1288 601 1349 638 ne
1375 584 1496 638 mihi
1523 583 1748 635 animum
1780 575 1940 632 lwdas
1967 583 2115 643 atque

545 665 733 746 turbes,
777 691 1022 753 tanquam
1061 678 1358 750 confusione
1401 676 1614 746 dignum
1656 673 1831 744 fugere
1872 665 2116 720 admones

543 771 724 827 mortis
754 771 1175 842 experimentum.

1091 910 1266 982 Vigilii
1295 913 1577 981 responsio.

617 1027 677 1082 In
715 1027 1020 1100 supradicto
1053 1028 1240 1096 quinto
1273 1025 1508 1096 capitulo
1534 1022 1771 1096 dicitur,
1811 1015 1957 1088 quod
1994 1011 2116 1068 ideo

547 1119 701 1177 Jesus
735 1119 979 1176 Christus
1014 1119 1177 1173 verba
1209 1120 1350 1173 i’etri
1391 1116 1621 1188 apostoli
1655 1114 1828 1168 fuerat
1861 1119 2116 1177 asperna-

547 1221 655 1275 tus,
684 1209 897 1280 quando
925 1209 975 1262 ei
1005 1208 1137 1262 dixit
1165 1226 1176 1261 :
1219 1207 1363 1262 Vade
1389 1216 1501 1278 post
1525 1223 1620 1271 me,
1654 1203 1876 1264 Satana,
1903 1196 2120 1252 scanda-

549 1303 656 1356 lum
682 1303 805 1355 mihi
829 1318 901 1366 es,
926 1302 1043 1372 quia
1067 1317 1166 1354 non
1203 1301 1344 1369 sapis
1377 1317 1436 1353 ea
1475 1313 1588 1370 quin
1613 1295 1714 1350 Dei
1758 1301 1874 1347 sunt
1902 1286 2113 1362 (Matth.

545 1408 662 1457 xvr;
695 1390 864 1446 Marc.
897 1394 1017 1460 VIII)
1045 1409 1056 1443 :
1089 1407 1155 1445 ne
1192 1391 1524 1446 dissuasione
1564 1389 1682 1458 ejus
1719 1385 1926 1440 animus
1953 1380 2120 1452 ipsius

545 1486 888 1555 perturbatus
941 1483 1213 1553 refugeret
1259 1484 1593 1553 passionem,
1631 1489 1685 1537 et
1711 1481 1836 1550 quia
1870 1477 2120 1548 passione

545 1592 642 1632 sua
673 1577 982 1647 proliceret.
1015 1584 1072 1633 et
1110 1591 1206 1646 pro
1249 1576 1487 1647 pluribus
1529 1574 1685 1630 bonis
1708 1571 1900 1628 exinde
1923 1568 2120 1640 adipis-

408 1667 420 1687 "
453 1688 458 1694 ·
547 1670 746 1724 cendis.
782 1668 883 1734 Qui
921 1669 1080 1736 igitur
1109 1667 1222 1723 haec
1264 1667 1338 1721 ita
1375 1667 1541 1736 sapit,
1583 1665 1762 1728 docet,
1797 1661 1996 1728 credit,
2028 1665 2121 1714 aut

547 1760 822 1828 praedicat,
854 1769 908 1812 et
941 1775 1048 1814 non
1087 1759 1256 1829 magis
1295 1759 1448 1815 nobis
1475 1767 1704 1814 mortem
1744 1755 1928 1826 ipsius,
1960 1767 2119 1824 quam

547 1851 768 1922 propria
798 1865 960 1906 carne
985 1851 1250 1922 suscepit,
1279 1859 1492 1908 aeterna:
1538 1849 1711 1908 credit
1755 1847 1876 1904 vitae
1902 1845 2122 1918 praemia
2149 1855 2197 1922 Β

547 1943 838 2000 contulisse
857 1986 872 2013 ,
903 1945 1185 2000 anathema
1203 1945 1293 2002 sit.

971 2102 1239 2141 THEODORI
1278 2101 1576 2141 αΑΡιτυιωι
1613 2100 1684 2141 VI.

623 2185 771 2248 Quod
799 2185 935 2239 enim
960 2185 1151 2238 dictum
1179 2195 1286 2240 est:
1311 2184 1612 2241 Ducebatur
1632 2201 1662 2240 a
1683 2184 1884 2255 Spiritu
1906 2183 2118 2254 (Matth.

550 2277 647 2344 ιν),
680 2287 855 2346 aperte
887 2276 982 2330 hoc
1011 2277 1292 2347 significat,
1321 2276 1454 2347 quod
1483 2276 1544 2330 ab
1566 2293 1626 2331 eo
1656 2278 1945 2346 regebatur,
1975 2274 2039 2329 ab
2067 2290 2126 2330 eo

550 2367 620 2421 ad
667 2369 904 2422 virtutem
951 2370 1332 2438 prepositorum
1388 2369 1794 2439 conforlabatur,
1845 2366 1907 2422 ab
1955 2384 2013 2422 eo
2058 2365 2128 2420 ad

553 2459 660 2511 hcec
709 2475 821 2530 qua:
869 2457 1134 2530 oportebat
1181 2458 1485 2526 ducebatur,
1537 2458 1601 2514 ab
1648 2477 1706 2514 eo
1744 2459 1878 2532 quod
1923 2457 2130 2514 decebat

551 2550 863 2615 docebatur,
916 2550 978 2604 ab
1027 2568 1084 2606 eo
1135 2550 1528 2622 cogitationibus
1577 2549 2025 2615 corroborabatur,
2074 2557 2130 2602 ut

551 2639 808 2694 intantum
839 2648 1096 2694 oet-tamen
1125 2641 1398 2710 sufﬁceret,
1429 2642 1560 2695 sicut
1589 2650 1638 2694 et
1659 2641 1833 2695 beatus
1851 2641 1974 2694 dicit
1992 2638 2132 2692 Pau-

554 2733 633 2784 lus
674 2747 691 2784 :
730 2730 1045 2799 Quicunque
1091 2729 1293 2801 Spiritu
1340 2731 1434 2785 Dei
1485 2739 1732 2800 aguntur,
1777 2730 1833 2784 hi
1876 2736 2002 2784 sunt
2037 2729 2129 2784 lilii

553 2817 649 2874 Dei
683 2819 856 2888 (Rom.
892 2819 1034 2892 vm);
1079 2819 1195 2872 duci
1229 2820 1428 2888 Spiritu
1477 2820 1647 2873 dicens
1695 2817 1810 2873 illos
1848 2818 1932 2890 qui
1977 2816 2040 2870 ab
2071 2833 2129 2870 eo

553 2906 922 2979 gubernantur,
954 2908 1016 2961 ab
1052 2924 1110 2962 eo
1150 2907 1417 2972 docentur,
1452 2905 1514 2960 ab
1549 2923 1607 2960 eo
1636 2906 1704 2959 ad
1733 2906 1911 2960 melius
1949 2906 2135 2961 consti-

555 3008 793 3068 tuuntur,
841 3003 904 3054 ab
956 3018 1014 3054 eo
1067 3001 1459 3072 competentiam
1512 2999 1799 3053 doctrinam
1849 2999 2129 3070 accipiunt.

553 3091 678 3145 Cum
709 3093 921 3147 dixisset
951 3102 1119 3146 autem
1159 3093 1493 3163 evangelista,
1537 3091 1673 3163 quod
1713 3091 1912 3162 Spiritu
1952 3100 2132 3144 sancto

551 3185 732 3254 plenus
759 3200 1018 3253 regressus
1047 3194 1122 3236 est
1152 3182 1214 3235 ab
1249 3182 1502 3249 Iordane,
1547 3189 1734 3260 aperte.
1763 3180 2133 3236 demonstravit

553 3274 686 3345 quod
733 3273 884 3343 hujus
940 3290 1096 3327 causa
1143 3275 1308 3327 sancti
1372 3273 1600 3340 Spiritus
1657 3255 2022 3328 habitationem
2074 3245 2200 3329 inc

554 3363 861 3433 baptismate
890 3367 1131 3434 suscepit,
1166 3375 1218 3416 ut
1246 3365 1364 3439 inde
1393 3364 1714 3433 propositam
1744 3373 1947 3433 caperet
1980 3366 2132 3418 virtu-

555 3463 685 3518 tem;
708 3453 843 3508 unde
872 3461 922 3506 et
949 3453 1018 3506 ad
1038 3464 1293 3507 certamen
1323 3453 1450 3507 illud
1475 3451 1607 3523 quod
1636 3469 1730 3522 pro
1759 3449 1904 3509 nobis
1932 3463 2044 3509 erat
2063 3455 2131 3508 ad

554 3545 814 3603 diabolum
839 3546 1135 3615 e/Tecturus,
1159 3547 1361 3618 Spiritu
1391 3544 1687 3600 ducebatur.

1121 3687 1297 3760 Vigilii
1321 3691 1603 3759 responsio.

619 3803 678 3859 In
709 3803 1073 3875 suprascripto
1097 3811 1254 3860 sexto
1281 3803 1514 3875 capitulo
1542 3819 1724 3864 rursus
1751 3814 2006 3878 tanquam
2035 3821 2135 3877 pu-

550 3911 641 3950 rus
668 3895 832 3952 homo
862 3913 892 3951 a
923 3894 1146 3967 Spiritu,
1176 3898 1328 3967 cujus
1354 3901 1691 3968 praesentiam
1721 3908 1843 3970 post
1867 3898 2130 3970 baptisma

550 3985 850 4055 suscepisse
877 3989 1091 4051 dicitur,
1125 3989 1191 4042 ad
1222 3989 1400 4043 cauda
1429 3988 1616 4045 ductus
1641 3990 1972 4060 perhibetur,
2003 4007 2130 4046 con-

550 4077 779 4132 fortatus
808 4085 862 4132 et
889 4076 1129 4143 edoctus,
1162 4077 1299 4132 sicut
1328 4079 1505 4132 centeri
1533 4079 1797 4144 homines,
1823 4079 1890 4134 de
1915 4080 2126 4149 quibus,

447 4229 456 4236 ,
550 4179 612 4225 ut
639 4171 724 4225 hic
750 4170 963 4225 videtur
990 4168 1115 4236 dici,
1146 4169 1538 4243 Apostolusait
1566 4191 1578 4225 :
1606 4169 1903 4243 Quicunque
1932 4172 2131 4242 Spiritu

549 4261 651 4315 Dei
679 4270 901 4332 aguntur
929 4261 981 4316 hi
1007 4269 1128 4316 sunt
1156 4262 1254 4332 ﬁlii
1282 4259 1382 4316 Dei
1414 4261 1587 4334 (Rom.
1615 4263 1749 4334 vm).
1782 4261 1839 4318 Si
1868 4265 1988 4334 quis
2016 4264 2131 4319 haec

551 4355 628 4408 ita
651 4354 831 4423 sapit,
869 4355 1027 4410 docet
1050 4394 1066 4420 ,
1104 4356 1271 4411 credit
1302 4364 1394 4410 aut
1417 4354 1666 4425 praedicat
1691 4393 1704 4418 ,
1747 4361 1935 4411 etnon
1962 4353 2129 4411 Deum

551 4442 792 4500 Verbum
819 4445 1154 4500 incarnatum
1183 4463 1347 4501 unum
1377 4462 1494 4503 esse
1519 4446 1706 4515 credit,
1738 4453 1796 4503 et
1821 4445 2127 4520 conﬁtetur,

552 4542 610 4592 et
635 4533 889 4606 praedicat
916 4533 1185 4592 Christum
1202 4577 1216 4603 ,
1249 4537 1533 4592 anathema
1565 4537 1655 4592 sit.

981 4692 1249 4734 τιεουοιιι
1284 4692 1585 4734 csrrrucuu
1611 4683 1701 4734 vni.

625 4776 819 4832 Dicant
856 4777 1015 4848 igitur
1055 4773 1201 4829 nobis
1241 4777 1470 4828 omnium
1513 4781 1914 4843 sapientissimi,
1947 4784 1994 4837 si
2035 4800 2129 4851 pro

474 4860 477 4864 ’
555 4885 710 4926 sensu
737 4868 961 4926 Domino
985 4865 1211 4932 Christo,
1241 4867 1327 4938 qui
1355 4874 1433 4921 est
1459 4867 1738 4922 secundum
1764 4885 1989 4940 carnem,
2020 4872 2132 4928 dei-

558 4969 640 5015 tas
669 4961 808 5032 facta
834 4969 988 5025 esset,
1019 4959 1150 5012 sicut
1179 4958 1374 5023 dicunt,
1405 4957 1529 5029 quid
1555 4960 1719 5012 sancti
1749 4960 1977 5030 Spiritus
2002 4981 2127 5033 ope-

553 5052 760 5107 ratione
785 5050 854 5104 ad
882 5049 992 5106 lucc
1019 5047 1250 5103 Christus
1276 5047 1542 5119 indigebat
1569 5049 1592 5102 ?
1635 5047 1748 5106 Nec
1774 5052 1910 5106 enim
1938 5051 2130 5125 Unige-

555 5143 656 5197 niti
684 5141 848 5196 deitas
869 5139 1068 5210 Spiritu
1096 5139 1360 5211 indigebat
1381 5140 1449 5193 ad
1463 5141 1906 5211 justiﬁcationem,
1931 5143 2134 5215 Spiritu

553 5232 821 5305 indigebat
867 5233 936 5286 ad
979 5231 1285 5286 vincendum
1333 5229 1614 5301 diabolum,
1643 5232 1844 5302 Spiritu
1873 5235 2135 5306 indigebat

558 5329 625 5381 ad
655 5325 919 5398 operanda
944 5324 1216 5389 miracula,
1250 5322 1448 5394 Spiritu
1495 5322 1756 5394 indigebat
1781 5333 1838 5378 ut
1868 5325 2134 5384 doceretur

556 5434 617 5470 ea
646 5434 758 5488 qua:
783 5417 993 5472 decebat
1031 5431 1270 5485 peragere
1292 5455 1306 5481 ,
1349 5415 1545 5485 Spiritu
1575 5416 1837 5490 indigebat
1866 5427 1919 5470 ut
1946 5420 2133 5473 imma-

558 5508 758 5561 culatus
799 5515 1090 5578 appareret.
1123 5506 1184 5561 Si
1210 5508 1346 5560 enim
1390 5525 1481 5577 pro
1529 5525 1682 5565 sensu
1719 5509 1923 5581 quidem
1965 5510 2128 5566 deitas

558 5595 868 5666 sufficiebat,
907 5598 976 5652 ad
1013 5600 1186 5653 omnia
1227 5610 1394 5654 autem
1423 5604 1533 5673 ejus
1566 5604 1722 5656 virtus
1742 5641 1755 5665 ,
1787 5619 1988 5657 necesse
2020 5610 2130 5659 erat

559 5685 679 5739 inde
708 5686 882 5739 omnia
908 5688 1040 5758 ﬁeri,
1071 5697 1126 5742 ut
1151 5690 1410 5759 superflua
1433 5700 1562 5744 esset
1586 5692 1751 5744 sancti
1782 5691 2008 5761 Spiritus
2038 5691 2133 5745 ha-

560 5774 742 5829 bitatio
771 5778 901 5833 :sed
928 5796 1063 5833 nunc
1094 5789 1303 5834 unctum
1337 5797 1444 5834 esse
1470 5781 1595 5834 dicit
1619 5785 1783 5851 ipsum
1821 5783 2051 5852 Spiritu,
2083 5794 2131 5838 et

558 5867 818 5928 habitasse
850 5873 904 5930 in
931 5891 989 5934 eo
1022 5875 1303 5946 Spiritum,
1336 5882 1384 5929 et
1414 5873 1481 5928 ad
1528 5876 1700 5933 omnia
1728 5874 1983 5945 adjuvisse
2013 5894 2132 5947 pro-

2151 4617 2206 4679 D

2215 580 2263 625 et
2297 571 2417 625 inde
2444 571 2745 640 impetrasse
2767 567 3224 638 justi/icationem,
3254 574 3302 619 et
3335 564 3456 619 inde
3486 563 3800 620 immacula-

2215 674 2322 721 tum
2347 666 2540 736 factum
2565 677 2694 718 esse.

2765 805 2943 876 Vigilii
2971 803 3257 874 responsio.

2286 908 2344 966 In
2359 910 2724 980 suprascripto
2739 907 2966 979 septimo
2980 905 3212 976 capitulo
3223 905 3330 960 hoc
3338 901 3442 960 dici
3457 899 3796 970 intelligitur,

2215 1002 2341 1073 quia
2361 1018 2419 1056 ut
2447 1002 2626 1058 caeteri
2655 1001 2898 1057 homines
2923 999 2991 1053 ad
3009 995 3448 1066 justiﬁeationem
3472 1009 3623 1050 suam
3645 1000 3702 1050 et
3726 993 3798 1050 ad

2216 1092 2534 1148 vincendum
2562 1091 2854 1156 diabolum,
2879 1095 2934 1144 et
2954 1089 3022 1144 ad
3043 1086 3315 1158 operanda
3340 1083 3620 1152 miracula,
3652 1093 3710 1139 et
3736 1090 3799 1138 ut

2217 1183 2507 1238 doceretur
2528 1196 2594 1237 ea
2617 1196 2737 1251 quae
2756 1180 2983 1237 decebat
3007 1193 3132 1234 eum
3157 1192 3336 1248 agere,
3367 1183 3423 1230 et
3451 1183 3509 1230 ut
3537 1175 3797 1232 immacu-

2217 1273 2359 1330 latus
2386 1280 2694 1343 appareret,
2724 1271 3056 1327 habitatione
3094 1268 3269 1326 sancti
3307 1266 3534 1336 Spiritus
3561 1264 3796 1333 eguisse,

2218 1373 2273 1420 et
2301 1367 2418 1434 ipso
2444 1363 2646 1434 Spiritu
2673 1379 2796 1419 eum
2825 1363 2894 1418 ad
2921 1362 3105 1419 omnia
3130 1359 3372 1430 adjutum
3399 1356 3562 1414 fuisse
3589 1369 3796 1426 propo-

2218 1456 2342 1512 sita.
2374 1455 2684 1526 Quicunque
2710 1455 2825 1510 haec
2851 1454 2924 1510 ita
2950 1455 3109 1524 sapit,
3137 1452 3318 1519 docet,
3346 1447 3516 1508 credit
3540 1453 3637 1502 aut
3660 1459 3799 1517 prae-

2219 1548 2382 1616 dicat,
2413 1555 2607 1605 etnon
2646 1563 2742 1605 sua
2782 1548 2983 1606 deitate
3008 1546 3312 1609 Christum,
3345 1551 3405 1600 ut
3451 1549 3579 1613 pote
3604 1554 3798 1596 verum

2221 1641 2409 1707 Deum,
2440 1640 2620 1697 omnia
2649 1648 2925 1710 operatum
2952 1639 3114 1695 fuisse
3138 1652 3257 1708 qua:
3280 1635 3469 1701 voluit,
3499 1641 3556 1690 et
3581 1629 3799 1702 operari

2220 1748 2341 1804 qua:
2366 1732 2531 1799 volet,
2554 1731 2650 1788 sed
2678 1740 2934 1802 tanquam
2956 1745 3147 1802 purum
3175 1728 3449 1786 hominem
3472 1724 3648 1783 sancti
3676 1722 3800 1793 Spi-

2221 1826 2356 1882 ritus
2383 1825 2596 1897 eguisse
2621 1825 2846 1890 solatio,
2877 1824 3160 1879 anathema
3188 1821 3277 1877 sit.

2641 1981 2909 2022 THEODOBI
2939 1979 3236 2021 CAPITULUH
3263 1977 3372 2017 VIII.

2298 2076 2414 2134 Hoc
2441 2077 2576 2148 quod
2601 2087 2721 2132 ante
2744 2080 2932 2132 saecula
2961 2084 3099 2140 erat,
3130 2075 3255 2128 dicit
3289 2074 3345 2127 in
3385 2071 3581 2126 ultimis
3607 2071 3804 2140 factum

2228 2185 2336 2224 esse
2361 2167 2688 2240 temporibus,
2721 2177 2776 2222 ut
2809 2177 2926 2238 pote
2953 2164 3256 2240 quibusdam
3286 2165 3379 2219 hoc
3409 2160 3800 2233 conﬁtentibus;

2231 2280 2345 2318 cum
2367 2279 2515 2317 nemo
2544 2279 2609 2317 ex
2637 2262 2716 2315 his
2746 2263 2831 2334 qui
2863 2261 3064 2330 pietatis
3093 2274 3272 2312 curam
3301 2257 3504 2322 habent,
3538 2255 3692 2309 istum
3711 2271 3809 2326 pa-

2231 2358 2356 2411 titur
2388 2355 2621 2414 morbum
2656 2354 2840 2409 habere
2868 2354 3153 2419 dementice,
3181 2362 3235 2405 ut
3265 2350 3401 2404 dicat
3430 2365 3541 2404 eum
3573 2348 3660 2420 qui
3688 2354 3808 2401 ante

2233 2449 2421 2504 sa'cula
2471 2457 2583 2514 est,
2612 2449 2666 2502 in
2695 2447 2888 2502 ultimis
2931 2447 3121 2518 factum
3161 2461 3288 2498 esse.
3345 2440 3413 2495 Et
3442 2459 3507 2495 ea:
3534 2441 3611 2494 his
3651 2440 3809 2510 infert

2231 2539 2363 2608 quod
2387 2555 2587 2593 necesse
2610 2547 2707 2602 est,
2735 2545 2783 2590 et
2805 2538 2898 2591 hoc
2922 2537 3127 2608 quodin
3150 2535 3339 2589 ultimis
3363 2542 3456 2601 est,
3478 2542 3596 2586 ante
3615 2531 3812 2586 stecula

2231 2647 2361 2696 esse,
2388 2640 2435 2686 et
2459 2639 2667 2686 accusat
2692 2648 2776 2686 eos
2805 2629 2891 2703 qui
2918 2647 3020 2683 non
3050 2629 3221 2684 omnia
3244 2628 3478 2682 similiter
3499 2641 3613 2678 cum
3642 2623 3815 2679 obver—

2233 2723 2376 2777 sione
2392 2723 2599 2789 dicunt;
2628 2723 2775 2796 quasi
2790 2722 2843 2778 hi
2859 2723 2942 2796 qui
2959 2739 3114 2776 unum
3137 2739 3247 2776 esse
3266 2719 3458 2774 Filium
3477 2719 3810 2789 confitentur,

2235 2817 2587 2872 necessitatem
2619 2817 2837 2871 habeant
2867 2833 2979 2871 cum
3001 2814 3294 2900 obversiorie
3323 2813 3494 2868 omnia
3524 2812 3708 2865 dicere.
3743 2806 3813 2862 Et

2235 2909 2346 2980 quis
2379 2927 2480 2964 non
2511 2909 2770 2980 beatiﬁcet
2796 2919 3014 2963 vestram
3059 2907 3367 2962 dementiam
3391 2905 3416 2957 ?
3473 2900 3600 2967 Quis
3639 2910 3812 2954 autem
3881 2908 3897 2923 ‘

2235 3015 2336 3052 non
2365 3007 2499 3070 aptet
2518 2999 2644 3053 tales
2667 2999 2942 3070 impetrare
2958 2998 3211 3064 doctores,
3237 3004 3433 3050 tantam
3461 2995 3815 3065 confusionem

2235 3092 2425 3147 rationi
2465 3093 2670 3161 pietatis
2706 3092 3085 3146 introducentes
3107 3132 3121 3156 ,
3163 3101 3217 3144 ut
3243 3090 3470 3142 dicerent
3500 3128 3516 3155 ,
3557 3087 3652 3141 hoc
3680 3086 3814 3156 quod

2237 3191 2357 3236 ante
2385 3184 2574 3238 scecula
2599 3191 2704 3249 est,
2735 3184 2926 3253 factum
2956 3190 3032 3235 est
3067 3182 3122 3234 in
3161 3181 3380 3244 ultimis,
3413 3187 3460 3232 et
3491 3178 3585 3232 hoc
3615 3177 3815 3230 aliena-

2231 3281 2347 3327 rent
2377 3290 2470 3327 sua
2498 3282 2707 3342 natura,
2736 3282 2783 3326 et
2809 3271 2876 3325 ad
2904 3272 3128 3326 deterius
3159 3271 3492 3334 deducerent,
3519 3266 3706 3320 deinde
3733 3265 3817 3320 ob-

2232 3374 2500 3431 verterent,
2533 3366 2667 3436 quod
2696 3375 2746 3420 et
2771 3366 2866 3419 hoc
2891 3365 3025 3436 quod
3051 3373 3126 3419 est
3153 3365 3206 3418 in
3233 3363 3447 3426 ultimis,
3476 3370 3596 3415 ante
3623 3358 3817 3413 saecula

2233 3467 2328 3522 est,
2353 3475 2465 3512 cum
2495 3468 2751 3530 oporteret
2780 3460 2913 3530 forte
2948 3458 3138 3525 dicere,
3168 3457 3287 3528 quia
3315 3453 3450 3528 quod
3479 3460 3597 3507 ante
3625 3450 3815 3506 swcula

2232 3561 2362 3615 erat,
2386 3552 2662 3621 assumpsit
2684 3551 2818 3604 hunc
2837 3550 2924 3620 qui
2947 3551 3000 3604 in
3021 3549 3214 3602 ultimis
3235 3556 3346 3602 erat
3374 3545 3654 3600 secundum
3681 3543 3817 3598 beati

2231 3639 2388 3697 Pauli
2417 3657 2586 3697 vocem
2618 3639 2674 3713 (Ι
2697 3638 2828 3695 Tim.
2854 3641 2952 3710 ιν).
3005 3639 3214 3694 Vestras
3241 3641 3399 3711 igitur
3427 3637 3562 3708 leges
3599 3649 3818 3706 sequen-

2232 3742 2327 3801 tes,
2358 3744 2408 3788 et
2445 3751 2478 3787 a
2518 3743 2606 3787 tua
2641 3735 2896 3804 sapientia
2933 3734 3263 3788 constitutam
3299 3733 3678 3795 obversionem,
3711 3730 3815 3782 imo

2229 3825 2397 3897 magis
2426 3822 2798 3880 subversionem
2823 3824 3152 3894 suscipientes
3180 3841 3276 3896 age
3301 3824 3479 3879 omnia
3503 3820 3658 3877 simul
3683 3836 3810 3873 con-

2233 3919 2512 3990 fundamus
2533 3958 2547 3984 ,
2577 3928 2626 3972 et
2658 3919 2800 3973 nulla
2821 3917 2937 3988 jam
2966 3920 3032 3971 sit
3059 3918 3332 3981 discretio,
3363 3933 3456 3968 nec
3482 3912 3579 3966 Dei
3609 3913 3811 3982 formw,

2233 4029 2325 4066 nec
2360 4014 2494 4068 servi
2523 4013 2704 4082 forma:
2728 4054 2743 4079 ,
2774 4027 2864 4064 nec
2895 4011 3069 4078 templi
3097 4007 3321 4078 sumpti,
3353 4021 3446 4060 nec
3487 4005 3596 4075 ejus
3643 4003 3729 4076 qui
3760 4005 3814 4057 in

2233 4103 2419 4174 templo
2447 4101 2715 4171 habitavit,
2744 4117 2836 4155 nec
2862 4104 2971 4171 ejus
3000 4099 3089 4170 qui
3117 4099 3312 4153 solutus
3339 4104 3434 4161 est,
3461 4111 3553 4150 nec
3585 4095 3698 4165 ejus
3728 4095 3816 4164 qui

2231 4195 2531 4258 suscitavit,
2581 4210 2673 4248 nec
2722 4194 2830 4264 ejus
2874 4194 2958 4263 qui
2997 4193 3253 4261 perfectus
3281 4199 3355 4242 est
3383 4190 3438 4242 in
3465 4184 3812 4265 passionibus,

2231 4302 2324 4340 nec
2349 4287 2459 4357 ejus
2501 4286 2586 4356 qui
2615 4287 2868 4358 perfecit,
2900 4300 2992 4338 nec
3015 4284 3123 4354 ejus
3154 4284 3237 4353 qui
3277 4281 3573 4335 memoriam
3602 4282 3814 4333 meritus

2229 4384 2323 4442 est,
2354 4391 2443 4429 nec
2480 4375 2591 4445 ejus
2618 4375 2704 4445 qui
2741 4388 2933 4427 memor
2969 4374 3136 4443 factus
3166 4379 3270 4437 est,
3304 4387 3398 4424 nec
3436 4369 3546 4440 ejus
3575 4370 3662 4441 qui
3688 4370 3814 4424 visi-

2232 4473 2369 4522 tatus
2407 4475 2517 4534 est,
2549 4482 2642 4520 nec
2682 4465 2793 4536 ejus
2837 4465 2922 4535 qui
2965 4463 3216 4527 uisitauit,
3256 4477 3349 4515 nec
3389 4460 3500 4530 ejus
3536 4462 3624 4532 qui
3660 4462 3815 4532 paulo

2230 4561 2402 4613 minus
2429 4557 2491 4611 ab
2519 4559 2718 4629 angelis
2755 4557 3037 4610 minoratus
3071 4561 3178 4621 est,
3207 4568 3299 4607 nec
3327 4553 3438 4623 ejus
3465 4553 3552 4624 qui
3579 4553 3817 4607 minora-

2231 4653 2321 4716 oit,
2344 4666 2436 4704 nec
2455 4651 2566 4720 ejus
2591 4650 2676 4721 qui
2702 4648 2870 4720 gloria
2888 4655 2938 4700 et
2956 4646 3148 4700 honore
3167 4653 3442 4699 coronatus
3462 4652 3558 4708 est,
3585 4658 3678 4697 nec
3705 4643 3818 4713 ejus

2231 4744 2319 4817 qui
2347 4743 2630 4805 coronavit,
2661 4757 2754 4795 nec
2782 4740 2893 4810 ejus
2925 4740 3011 4811 qui
3048 4739 3353 4792 constitutus
3380 4746 3456 4790 est
3481 4752 3632 4804 super
3659 4749 3820 4802 opera

2229 4850 2478 4889 manuum
2511 4831 2632 4898 Dei,
2662 4847 2754 4885 nec
2781 4829 2894 4900 ejus
2920 4830 3007 4901 qui
3033 4829 3323 4892 constituit,
3353 4841 3446 4880 nec
3471 4825 3584 4896 ejus
3609 4825 3696 4896 qui
3722 4839 3818 4878 ac-

2231 4922 2367 4991 cepit
2394 4922 2495 4974 ista
2523 4919 2592 4974 ad
2619 4919 3016 4977 sublevationem
3033 4957 3050 4987 ,
3079 4935 3170 4975 nec
3209 4917 3324 4990 ejus
3349 4917 3440 4988 qui
3475 4915 3617 4974 dedit
3642 4914 3818 4973 suble-

2230 5013 2506 5069 nationem.

2792 5126 2967 5200 Vigilii
2997 5127 3280 5199 responsio.

2307 5238 2366 5296 In
2393 5240 2755 5311 suprascripto
2784 5247 2975 5297 octavo
3013 5241 3248 5312 capitulo
3284 5238 3511 5296 diversis
3538 5238 3715 5296 modis
3736 5240 3818 5295 vi-

2233 5331 2389 5388 detur
2416 5333 2596 5388 induci
2621 5333 2851 5391 dualitas
2877 5349 3226 5403 personarum
3257 5348 3351 5404 per
3380 5334 3483 5390 hoc
3508 5333 3652 5404 quod
3675 5333 3816 5390 dici-

2233 5434 2322 5482 tur
2347 5444 2360 5482 :
2384 5427 2503 5484 Non
2524 5428 2638 5497 ipse
2666 5430 2756 5499 qui
2784 5439 2910 5486 ante
2937 5431 3128 5487 saecula
3155 5437 3289 5497 erat,
3321 5431 3377 5486 in
3404 5430 3608 5486 ultimis
3631 5429 3817 5485 dicen-
3907 5413 3920 5420 ’

2233 5515 2334 5571 dus
2378 5526 2463 5573 est
2501 5519 2718 5574 venisse
2765 5521 3125 5591 temporibus;
3182 5520 3279 5577 sed
3325 5523 3478 5593 quasi
3531 5521 3702 5577 altera
3743 5520 3822 5577 sit

2235 5611 2558 5669 assumentis
2598 5612 3014 5681 humanitatem,
3058 5614 3227 5669 altera
3263 5614 3521 5683 assumpti
3558 5626 3814 5684 persona.

2233 5700 2292 5756 Si
2315 5702 2434 5772 quis
2461 5704 2623 5774 igitur
2650 5705 2767 5759 haec
2794 5705 2868 5758 ita
2897 5707 3064 5773 sapit,
3095 5706 3277 5770 docet,
3305 5705 3476 5760 credit
3499 5712 3592 5759 aut
3619 5702 3819 5774 praedi-

2234 5800 2343 5859 cat,
2375 5800 2428 5846 et
2455 5809 2560 5848 non
2591 5794 2838 5849 eumdem
2871 5795 3038 5850 Deum
3066 5795 3317 5862 Verbum,
3350 5796 3440 5865 qui
3466 5804 3592 5852 ante
3619 5793 3814 5851 secula

2236 5897 2305 5942 ex
2331 5880 2490 5941 Patre
2527 5892 2684 5944 natus
2724 5893 2838 5957 est,
2880 5886 2936 5946 in
2964 5885 3162 5948 ultimis
3194 5887 3528 5960 temporibus
3555 5903 3626 5952 ex
3649 5885 3810 5949 bella
