4018 6340
276 367 345 424 77
1449 335 1454 338 ’
1488 367 1838 426 Ειηετοιίῖε

2004 371 2336 429 DECRETA.
2387 375 2390 380 ’
3468 379 3537 433 '78

280 499 499 570 Virgine
527 498 693 554 Maria
723 498 1054 556 incarnatum
1083 509 1139 557 et
1175 510 1360 557 natum
1398 517 1518 561 esse
1549 502 1763 568 fatetur,
1797 512 1856 556 ut

1968 486 2432 554 tcandalizantem;
2467 497 2518 544 et
2550 489 2606 544 in
2634 506 2827 561 magna
2859 494 3197 563 trepidatione
3223 512 3313 565 per
3339 503 3536 566 tempus

277 606 419 646 unus
457 588 705 660 idemque
743 588 812 644 sit
837 586 1081 646 Christus
1119 591 1176 648 in
1206 599 1434 662 utraque
1473 601 1693 659 natura,
1725 607 1858 649 ana-

282 681 464 736 thema
493 679 586 736 sit.

705 808 976 850 τιιεουοειι
1019 809 1317 852 CAPITULO“
1355 811 1407 852 lx
1417 837 1429 851 .

348 887 521 942 Istum
561 887 720 959 igitur
759 888 956 954 virum,
985 889 1044 943 in
1081 905 1182 960 quo
1220 891 1402 955 statuit
1437 891 1663 945 omnium
1691 891 1862 962 facere

270 980 532 1052 judicium
568 979 639 1033 ad
664 978 824 1050 fidem
852 981 1175 1052 futurorum,
1215 999 1331 1036 cum
1365 984 1720 1038 resuscitasset
1745 997 1862 1038 eum

279 1089 341 1127 ea:
366 1071 618 1134 mortuis,
647 1077 699 1123 et
719 1069 952 1141 judicent
979 1071 1206 1126 omnium
1231 1071 1652 1139 demonstrasset,
1683 1088 1862 1126 secun-

278 1164 400 1216 dum
424 1159 563 1216 beati
590 1159 749 1216 Pauli
773 1177 945 1216 vocem
975 1163 1110 1234 (Act.
1142 1162 1298 1233 un),
1325 1163 1496 1217 meriti
1519 1171 1543 1201 ⁸
1567 1165 1764 1218 unitate
1793 1163 1861 1216 ad

280 1256 505 1324 seipsum
547 1252 788 1324 dignatus
814 1261 892 1307 est
919 1268 938 1307 :
968 1262 1017 1307 et
1047 1269 1138 1323 per
1163 1253 1576 1324 conjunctionem
1602 1253 1670 1306 ad
1697 1269 1751 1308 se
1780 1254 1862 1324 fa-

278 1354 444 1408 ctam,
473 1343 660 1397 talium
686 1344 990 1415 participem
1019 1345 1167 1414 fecit,
1195 1353 1254 1399 ut
1291 1353 1342 1399 et
1371 1345 1692 1400 adorationis
1719 1361 1860 1399 com-

241 1433 244 1435 i
279 1435 578 1490 nmnionem
626 1431 867 1501 haberet;
923 1434 1156 1490 omnibus
1189 1435 1392 1506 quidem
1435 1435 1623 1490 divina:
1663 1444 1862 1490 natura

279 1532 505 1588 debitam
540 1528 898 1584 adorationem
933 1527 1294 1594 reddentibus,
1325 1527 1862 1599 comprehendentibus

279 1631 454 1677 autem
475 1609 783 1675 adoratione
800 1625 848 1673 et
870 1618 1017 1673 illum
1036 1635 1183 1691 quem
1205 1617 1616 1690 inseparabiliter
1637 1619 1733 1672 scit
1755 1634 1864 1672 esse

281 1711 632 1784 conjunctum.
670 1706 757 1764 Ex
794 1725 893 1781 quo
920 1710 1252 1781 manifestum
1278 1717 1374 1776 est,
1401 1710 1539 1781 quod
1567 1708 1635 1764 ad
1660 1709 1864 1781 majora

281 1821 398 1861 eum
434 1801 754 1876 perduxerit.

840 1909 1019 1984 Vigilii
1047 1913 1333 1983 responsio.

350 2023 414 2080 In
463 2022 830 2095 suprascripto
889 2037 1034 2078 nono
1085 2022 1324 2092 capitulo
1364 2021 1755 2101 coniunctionis
1809 2030 1864 2079 et

276 2115 706 2190 participationis
733 2112 1011 2183 cujusdam
1045 2114 1328 2179 vocabulo,
1361 2113 1514 2183 quasi
1541 2115 1639 2171 Dei
1665 2114 1733 2170 ad
1761 2115 1864 2170 ho-

279 2211 486 2268 minem
519 2206 788 2264 Christum
838 2206 993 2263 factae
1012 2246 1028 2273 ,
1077 2205 1273 2263 divinis
1316 2205 1562 2262 Christus
1609 2207 1865 2263 asseritur

276 2301 536 2373 operibus
559 2298 842 2367 decorari;
872 2312 971 2369 per
996 2312 1118 2368 quas
1156 2312 1348 2354 rursus
1393 2298 1623 2354 dualitas
1660 2298 1863 2354 induci-

279 2397 371 2446 tur
396 2403 770 2461 personarum.
827 2384 888 2444 Si
913 2387 1032 2458 quis
1056 2387 1218 2456 igitur
1246 2387 1320 2442 ita
1345 2388 1505 2458 sapit,
1537 2387 1716 2456 docet,
1747 2404 1866 2445 cre-

277 2482 360 2542 dit
385 2491 483 2538 aut
501 2479 778 2552 praedicat,
803 2486 862 2536 et
885 2495 996 2536 non
1017 2495 1180 2535 unum
1210 2479 1568 2551 eumdemque
1592 2479 1865 2538 Christum

235 2637 238 2646 ί
277 2572 454 2631 Deum
472 2587 538 2631 ac
560 2572 850 2630 Dominum
877 2577 1121 2627 nostrum
1147 2571 1488 2626 manentibus
1508 2571 1566 2626 in
1593 2571 1706 2627 suis
1733 2586 1863 2642 pro-

277 2663 604 2735 prietatibus
960 2667 1298 2731 naturarum,
1317 2660 1562 2731 agnoscit
1587 2667 1644 2718 et
1669 2661 1862 2727 credit,

271 2755 568 2816 anathema
593 2754 688 2814 sit.

731 2865 1007 2925 menon:
1033 2879 1332 2922 CAPITULUI
1357 2881 1414 2921 ι.

347 2977 467 3052 Ego
495 2979 724 3052 quidem,
753 2993 902 3051 quem
923 2976 1124 3042 videtis,
1157 2975 1288 3029 nihil
1315 2975 1519 3045 quidem
1548 2977 1716 3046 facere
1743 2991 1863 3044 pos-

262 3087 390 3128 sum
417 3071 700 3128 secundum
725 3079 896 3123 meam
924 3075 1184 3131 naturam,
1217 3081 1333 3119 cum
1360 3066 1508 3121 homo
1535 3067 1655 3131 sim,
1685 3083 1868 3135 operor

260 3172 454 3219 autem
473 3201 490 3227 ,
521 3161 644 3230 quia
683 3161 739 3214 in
765 3175 849 3214 me
873 3171 1090 3213 manens
1120 3157 1282 3211 Pater
1309 3155 1483 3210 omnia
1522 3157 1686 3228 facit;
1737 3173 1866 3227 quo-

1961 578 2219 648 passionis
2259 579 2562 634 constitutus
2581 623 2596 648 ,
2636 583 2961 652 apparitione
2990 586 3160 655 angeli
3187 587 3386 656 indiget
3413 605 3538 644 con-

1960 668 2201 738 fortantis
2229 686 2343 724 eum
2387 672 2456 724 ad
2493 673 2791 742 patientiam
2828 682 2874 727 et
2905 675 3232 731 tolerantiam
3263 679 3539 734 imminen-

1963 758 2087 812 tium
2113 759 2386 815 malorum.
2416 759 2540 815 Post
2566 765 2992 819 resurrectionem
3021 775 3191 820 autem
3219 784 3281 821 ex
3301 771 3534 837 mortuis,

1959 858 2010 904 et
2044 851 2097 904 in
2127 851 2278 905 caelos
2308 867 2605 919 ascensum,
2643 855 2976 926 impassibilis
3011 859 3178 928 factus
3216 867 3266 913 et
3294 861 3536 916 immuta-

1962 939 2076 996 bilis
2108 944 2314 998 omnino
2338 984 2353 1010 ,
2387 953 2434 999 et
2461 945 2530 998 ad
2559 945 2821 1001 dexteram
2850 946 2947 1002 Dei
2976 948 3160 1004 sedens
3187 987 3201 1012 ,
3225 949 3390 1019 judex
3417 953 3539 1006 uni-

1959 1036 2090 1090 versi
2127 1045 2202 1090 est
2241 1037 2378 1091 orbis
2420 1047 2672 1093 terrarum
2696 1080 2709 1107 ,
2743 1049 2798 1094 ut
2835 1048 2952 1111 pote
2978 1043 3033 1096 in
3062 1059 3120 1097 eo
3150 1042 3326 1097 divina
3353 1052 3541 1100 natura

1961 1129 2182 1201 faciente
2205 1131 2476 1202 judicium.

2520 1243 2700 1317 Vigilii
2726 1247 3010 1316 responsio.

2037 1355 2096 1412 In
2123 1359 2486 1430 suprascripto
2535 1359 2820 1415 undecimo
2847 1359 3082 1429 capitulo
3134 1360 3322 1416 eadem
3372 1362 3546 1430 repeti

1965 1448 2213 1506 videntur
2257 1465 2377 1518 quae
2422 1451 2666 1520 superius
2712 1450 2768 1505 in
2815 1458 3008 1520 quarto
3049 1450 3162 1517 jam
3205 1450 3350 1506 dicta
3395 1460 3542 1519 sunt,

1963 1540 2112 1610 quod
2140 1551 2266 1597 ante
2291 1541 2594 1611 passionem
2621 1541 2699 1596 ita
2727 1540 2970 1596 inﬁrmus
3002 1540 3162 1596 fuerit
3191 1539 3455 1611 Christus,
3482 1548 3548 1596 ut

1963 1635 2020 1692 in
2045 1649 2239 1705 magna
2267 1633 2626 1704 trepidatione
2651 1631 2918 1701 passionis
2956 1638 3196 1702 tempore
3221 1632 3546 1688 constitutus

1964 1727 2141 1797 angeli
2167 1725 2437 1782 videretur
2458 1724 2668 1794 eguisse
2693 1722 2909 1778 solatio.
2940 1722 3093 1790 Quod
3121 1723 3245 1792 quia
3271 1723 3419 1778 velut
3441 1738 3544 1792 pu-

1893 1859 1942 1919 B
1968 1835 2088 1876 rum
2111 1820 2406 1882 hominem,
2443 1819 2537 1888 qui
2562 1815 2867 1886 huiusmodi
2890 1816 3104 1919 auxiliis
3133 1823 3307 1884 egeat,
3337 1814 3542 1884 signiti-

1968 1925 2094 1966 care
2121 1910 2348 1976 videtur,
2379 1909 2424 1964 si
2445 1909 2564 1979 quis
2591 1907 2666 1964 ita
2693 1906 2851 1978 sapit,
2883 1905 3061 1974 docet,
3087 1905 3258 1963 credit
3282 1912 3376 1961 aut
3402 1918 3543 1975 prm-

1965 2001 2138 2070 dicat,
2166 2002 2448 2057 anathema
2478 2000 2572 2056 sit.

2391 2113 2661 2168 renouant
2688 2125 2990 2166 carnuwu
3017 2127 3110 2167 xu.

2024 2226 2117 2283 Sic
2127 2227 2285 2298 igitur
2295 2233 2343 2278 et
2354 2225 2435 2278 hic
2445 2225 2875 2296 sapientissimum
2889 2221 3306 2296 [sapientissime]
3319 2224 3543 2278 omnium

1965 2317 2152 2373 habere
2161 2334 2256 2373 nos
2267 2317 2416 2372 doces
2431 2314 2620 2370 Christi
2633 2331 2858 2379 sensum,
2870 2324 2926 2368 ut
2937 2322 3171 2369 sanctum
3187 2313 3437 2384 Spiritum
3451 2305 3544 2366 ha-

1967 2406 2161 2463 bentem
2184 2408 2332 2482 illum
2348 2409 2433 2480 qui
2452 2407 2626 2462 sensui
2644 2405 2833 2460 Christi
2857 2403 3117 2477 [habentes
3145 2405 3290 2459 illum
3314 2406 3398 2475 qui
3421 2421 3541 2458 sen-

1965 2513 2053 2554 sus
2073 2496 2321 2568 Christo],
2347 2499 2573 2570 aliquam
2603 2497 2840 2550 virtutem
2865 2494 3196 2564 adimplebat,
3219 2495 3543 2565 prudentiam

1965 2592 2078 2663 ejus
2107 2590 2198 2664 [ei]
2228 2599 2485 2661 praestans
2525 2589 2594 2642 ad
2633 2587 2807 2642 omnia
2836 2602 2948 2658 quae
2974 2587 3175 2657 agenda
3200 2595 3378 2649 erant,
3412 2586 3545 2640 sicut

1963 2692 2012 2740 et
2051 2685 2108 2738 in
2157 2678 2562 2751 praecedentibus
2605 2679 3100 2743 demonstravimus,
3142 2677 3277 2749 quod
3322 2676 3386 2731 ab
3430 2677 3545 2746 ipso

1963 2775 2169 2846 quidem
2187 2777 2244 2829 in
2271 2789 2495 2829 eremum
2519 2773 2587 2825 ad
2615 2773 2899 2826 certamina
2937 2787 3051 2842 qua:
3075 2777 3257 2824 contra
3287 2767 3545 2822 diabolum

1965 2872 2116 2920 eram
2141 2863 2454 2928 ducebatur;
2493 2864 2786 2916 unctionem
2821 2870 2991 2916 autem
3021 2861 3159 2914 illius
3200 2868 3249 2913 et
3278 2860 3544 2913 scientiam

1965 2962 2017 3008 et
2051 2956 2152 3008 vim
2190 2969 2366 3007 eorum
2402 2969 2514 3024 qua:
2551 2953 2754 3023 agenda
2792 2961 2940 3005 erant
2968 2952 3279 3020 accipiebat;
3318 2959 3368 3004 et
3403 2949 3544 3005 illius

1967 3046 2226 3116 particeps
2273 3045 2471 3114 factus,
2513 3057 2617 3097 non
2655 3043 2820 3096 solum
2866 3041 3120 3094 miracula
3161 3038 3415 3110 faciebat,
3455 3039 3545 3092 sed

1969 3137 2125 3189 etiam
2153 3117 2404 3206 quomodo
2431 3133 2508 3186 uti
2536 3133 2801 3198 oportebat
2829 3129 3091 3184 miraculis
3115 3168 3129 3195 ,
3161 3128 3352 3182 sciebat
3381 3129 3544 3182 subti-

259 3257 423 3310 niam
610 3260 661 3306 et
680 3267 773 3322 ego
797 3251 852 3305 in
875 3249 1054 3316 Patre,
1079 3256 1129 3304 et
1150 3247 1312 3302 Pater
1330 3249 1387 3301 in
1406 3262 1488 3302 me
1515 3222 1699 3318 (locu.
1721 3222 1862 3318 xiv);

1969 3227 2116 3291 liter,
2147 3235 2203 3278 ut
2233 3233 2406 3280 notam
2435 3225 2638 3296 quidem
2667 3226 2860 3295 faceret
2887 3222 3119 3293 gentibus
3154 3222 3420 3292 pietatem,
3451 3238 3546 3291 pa-

261 3346 422 3402 Deus
450 3353 623 3399 autem
655 3342 878 3399 Verbum
910 3342 1204 3414 unigenitus
1233 3342 1287 3394 in
1313 3357 1394 3395 me
1421 3349 1529 3406 est;
1570 3349 1762 3396 certum
1787 3351 1866 3397 est

265 3436 418 3510 quod
442 3443 494 3492 et
524 3434 684 3490 Pater
711 3445 826 3488 cum
853 3435 966 3504 ipso
1011 3433 1067 3487 in
1099 3447 1180 3487 me
1204 3439 1376 3486 manet
1401 3474 1417 3501 ,
1454 3440 1503 3485 ct
1530 3449 1686 3500 opera
1713 3435 1858 3503 facit.

267 3527 349 3585 Et
375 3541 485 3582 non
513 3533 590 3582 est
614 3523 912 3581 mirandum
937 3523 1002 3578 de
1026 3521 1230 3579 Christo
1261 3523 1369 3577 haec
1397 3521 1716 3589 existimari,
1749 3539 1863 3578 cum

265 3616 541 3675 evidenter
574 3619 684 3686 ipse
717 3617 782 3671 de
805 3615 1002 3671 cwteris
1032 3609 1322 3669 hominibus
1349 3613 1490 3666 dicat
1518 3627 1536 3667 :
1565 3609 1666 3679 Qui
1693 3612 1866 3681 diligit

264 3723 366 3768 me
389 3708 614 3766 verbum
643 3721 826 3764 meum
853 3705 1161 3763 observabit
1177 3745 1192 3772 ,
1224 3712 1280 3761 et
1304 3703 1466 3760 Pater
1499 3719 1652 3759 meus
1677 3703 1866 3773 diliget

263 3815 422 3868 omn,
452 3805 512 3858 et
535 3799 603 3856 ad
630 3815 756 3857 eum
783 3801 1094 3867 veniemus,
1125 3807 1183 3857 et
1207 3798 1542 3854 mansionem
1571 3799 1711 3868 apud
1740 3814 1864 3854 eum

260 3889 532 3948 faciemus
553 3889 825 3963 (Ibidem).
856 3891 918 3948 Si
943 3893 1080 3948 enim
1101 3891 1241 3963 apud
1261 3889 1668 3961 unumquemque
1687 3891 1866 3961 hujus-

268 3983 422 4039 modi
449 3983 713 4038 hominum
737 3991 789 4040 et
813 3983 976 4040 Pater
1003 3994 1053 4040 et
1081 3983 1254 4040 Filius
1277 3984 1601 4040 mansionem
1632 3984 1861 4054 faciunt,

262 4075 400 4147 quid
427 4075 832 4130 existimandum
855 4085 972 4143 est,
1004 4084 1059 4131 ut
1086 4078 1142 4132 in
1171 4077 1394 4131 Domino
1435 4074 1714 4130 secundum
1743 4091 1862 4129 car-

265 4187 394 4228 nem
429 4170 624 4226 Christi
665 4170 815 4228 ambo
851 4172 1005 4226 simul
1033 4179 1339 4243 putarentur
1371 4185 1601 4236 manere,
1631 4185 1862 4223 commu-

265 4270 482 4325 nionem
525 4285 701 4324 eorum
741 4269 1026 4326 secundum
1059 4271 1424 4338 substantiam,
1453 4269 1862 4326 communionem

267 4362 432 4418 etiam
457 4361 743 4417 mansionis
764 4363 986 4434 forsitan
1005 4363 1366 4434 suscipientem
1378 4361 1404 4414 ν

820 4473 996 4548 Vigilii
1033 4476 1318 4546 responsio.

344 4584 405 4642 ln
451 4586 818 4659 suprascripto
875 4586 1086 4642 decimo
1134 4583 1372 4656 capitulo
1419 4583 1494 4638 ita
1538 4583 1596 4638 in
1643 4582 1862 4639 homine

271 4677 491 4734 Christo
538 4677 682 4734 Deus
727 4677 966 4734 Verbum
1015 4679 1192 4732 inesse
1219 4675 1433 4742 dicitur,
1465 4674 1606 4731 sicut
1656 4672 1820 4731 Pater
1841 4717 1859 4746 ,

275 4775 336 4822 ut
357 4783 455 4840 per
473 4769 582 4824 hoc
609 4757 709 4824 aut
721 4776 777 4824 et
802 4767 964 4824 Pater
992 4767 1298 4823 incarnatus
1327 4781 1446 4822 esse
1467 4763 1729 4832 videatur,
1753 4767 1860 4822 sic-

271 4867 333 4915 ut
360 4866 416 4916 et
439 4857 640 4927 Filius;
673 4867 764 4914 aut
793 4874 894 4914 nec
919 4856 1085 4914 Filius
1124 4857 1194 4912 sit
1221 4857 1548 4922 incarnatus,
1596 4857 1737 4910 sicut
1760 4871 1862 4910 nec

273 4947 461 5021 Pater,
494 4959 589 5006 aut
614 4951 786 5019 magis
813 4957 1040 5020 uterque
1067 4947 1124 5003 in
1151 4945 1309 5003 tertia
1351 4961 1583 5018 persona
1628 4944 1860 5001 hominis

272 5041 540 5099 habitare.
574 5041 676 5108 Qui
699 5041 860 5112 igitur
887 5041 964 5097 ita
988 5041 1162 5111 sapit,
1191 5041 1381 5110 docet,
1411 5039 1585 5096 credit
1613 5045 1705 5100 aut
1731 5053 1864 5110 pnn-

272 5131 437 5204 dicat,
471 5133 760 5190 anathema
785 5133 874 5189 sit.

721 5261 990 5306 THEODOBI
1017 5260 1316 5302 CAPITULO!
1345 5260 1420 5302 ιι.

347 5360 438 5418 Ita
471 5370 524 5418 et
567 5364 799 5417 animam
820 5398 836 5428 ,
865 5368 925 5414 ut
950 5367 1068 5428 pote
1105 5360 1384 5414 humanam
1427 5365 1481 5411 et
1514 5356 1856 5411 immortalem

273 5457 640 5522 constitutam,
670 5464 720 5510 et
747 5470 929 5510 sensus
971 5454 1274 5523 participem
1301 5459 1442 5521 prtus
1481 5451 1773 5518 accipiens,
1805 5456 1858 5500 et

274 5567 369 5620 per
395 5550 822 5604 resurrectionem
844 5548 900 5602 in
928 5544 1394 5600 immutabilitatem
1423 5545 1756 5605 constituens,
1785 5543 1858 5596 sic

275 5653 323 5698 et
353 5643 500 5698 nobis
523 5641 817 5698 earumdem
840 5641 1057 5694 istorum
1080 5655 1172 5705 per
1199 5637 1616 5690 resurrectionem
1643 5632 1859 5704 praebuit

273 5738 710 5790 communionem.
771 5730 898 5786 Ideo
948 5739 1115 5783 autem
1160 5739 1278 5781 ante
1320 5727 1742 5781 resurrectionem
1795 5739 1858 5774 ea;

273 5830 492 5883 mortuis
520 5828 752 5897 increpat
780 5822 985 5896 quidem
1018 5821 1253 5891 Petrum,
1280 5828 1335 5874 ut
1375 5821 1479 5875 suis
1509 5833 1622 5872 cum
1656 5813 1858 5871 vocibus

263 6061 275 6080 ,
355 6004 386 6038 ⁸
423 5994 684 6074 Inuum.
713 6000 769 6076 4,
796 6001 998 6062 merito.
1029 5996 1196 6058 Ηω.

1585 6094 1612 6100 ,.
1629 6075 1699 6097 ..ξι-

1971 3327 2160 3374 teretur
2187 3327 2358 3372 autem
2396 3316 2742 3372 laborantium
2769 3315 3118 3385 infirmitates,
3150 3322 3198 3366 et
3226 3314 3299 3366 sic
3321 3313 3389 3366 ad
3416 3312 3543 3381 effe-

1968 3424 2104 3468 ctum
2132 3429 2280 3467 suam
2307 3412 2621 3466 roluntatem
2657 3409 2898 3472 duceret,
2917 3415 2966 3462 et
2987 3405 3374 3480 justiﬁcabatur
3402 3406 3542 3471 inde,

1965 3515 2016 3561 et
2037 3505 2397 3560 immaculatus
2419 3501 2798 3567 ostendebatur,
2819 3501 2924 3554 sive
2943 3498 3269 3568 reparatione
3287 3511 3540 3566 pejorum,

1967 3600 2072 3654 sive
2099 3597 2332 3654 custodia
2357 3595 2646 3660 meliorum,
2668 3592 2771 3647 sive
2792 3592 2947 3646 etiam
2969 3589 3222 3662 paulatim
3241 3587 3310 3642 ad
3327 3586 3546 3643 meliora

1967 3689 2301 3762 profectibus.

2515 3807 2694 3881 Vigilii
2724 3807 3006 3878 responsio.

2037 3925 2094 3980 In
2124 3923 2487 3996 suprascripto
2516 3919 2833 3976 duodecimo
2861 3917 3098 3988 capitulo
3127 3913 3315 3972 eadem
3343 3926 3463 3980 qua:
3490 3911 3545 3966 in

1967 4015 2196 4086 septimo
2224 4013 2460 4084 capitulo
2489 4011 2738 4070 videntur
2776 4008 3011 4077 exponi,
3043 4000 3335 4059 asserendo
3363 3999 3547 4056 Domi-

1965 4126 2093 4166 num
2121 4117 2365 4165 nostrum
2392 4106 2571 4160 Jcsum
2599 4102 2870 4158 Christum
2899 4112 2994 4167 per
3017 4093 3405 4150 habitationem
3427 4106 3547 4146 san-

1965 4202 2039 4258 cti
2059 4199 2289 4272 Spiritus
2311 4197 2382 4253 ad
2405 4195 2583 4253 omnia
2609 4191 2972 4250 informatum,
2997 4193 3055 4240 et
3080 4198 3178 4255 per
3205 4191 3449 4252 tempora
3477 4182 3547 4238 ad

1965 4291 2355 4366 perfectionem
2403 4283 2672 4342 unctionis
2715 4279 2828 4350 ejus
2873 4275 3071 4333 auxilio
3115 4273 3443 4346 pervenisse.
3488 4273 3546 4330 Si

1965 4384 2086 4454 quis
2116 4383 2278 4450 igitur
2305 4393 2427 4434 eum
2457 4392 2567 4432 non
2593 4389 2691 4429 sua
2730 4371 2928 4452 deitate
2956 4367 3251 4441 perfectum
3278 4381 3398 4423 esse
3435 4381 3546 4422 cre-

1965 4474 2101 4530 dens
2118 4515 2134 4540 ,
2163 4471 2259 4528 sed
2289 4478 2540 4539 tanquam
2570 4481 2763 4538 purum
2790 4462 3063 4520 hominem
3090 4460 3346 4517 unctione
3371 4459 3546 4516 sancti

1970 4564 2204 4636 Spiritus
2248 4561 2572 4632 indigentem
2616 4557 2780 4615 fuisse
2841 4555 3083 4626 adjutum
3133 4553 3316 4625 sapit,
3357 4551 3544 4625 docet,

1964 4655 2140 4716 credit
2167 4663 2258 4711 aut
2284 4653 2560 4728 prmdicat,
2591 4651 2876 4708 anathema
2904 4648 2992 4704 sit.

2330 4796 2339 4807 '
2389 4787 2657 4830 πίωσι)οω
2679 4784 2978 4828 οηιτυιυιι
3005 4784 3118 4826 χιιι.

2036 4889 2305 4956 Quomodo
2341 4887 2502 4960 igitur
2538 4884 2854 4952 sequentium
2890 4881 3083 4949 habet,
3119 4896 3181 4937 eo
3215 4881 3351 4952 quod
3392 4882 3544 4939 homo

1965 4991 2133 5062 fastus
2161 4991 2238 5040 est
2264 4982 2426 5048 Deus,
2446 4980 2652 5052 justum
2687 4978 2943 5032 hominem
2978 4975 3146 5030 Deum
3181 4975 3406 5031 Verbum
3431 4989 3546 5030 esse

1963 5080 2173 5133 dicere:
2197 5077 2244 5131 si
2270 5075 2407 5128 enim
2435 5071 2585 5126 homo
2604 5077 2681 5125 est
2704 5067 2841 5123 Deus
2876 5065 3120 5134 Verbum,
3159 5077 3216 5124 ut
3251 5070 3364 5138 ipse
3387 5067 3540 5137 dicis,

1962 5166 2254 5224 omnimodo
2296 5164 2360 5218 de
2389 5161 2592 5218 homine
2629 5159 2851 5214 dicemus
2891 5174 2956 5213 ea
2979 5175 3096 5229 quae
3123 5159 3188 5212 de
3225 5156 3336 5211 Deo
3374 5154 3542 5213 Verbo

1961 5258 2274 5330 evangelista
2299 5255 2443 5309 dicit.
2483 5249 2621 5317 Quid
2649 5259 2820 5304 autem
2847 5249 3010 5304 dicit?
3050 5247 3110 5303 In
3134 5245 3396 5319 principio
3423 5253 3544 5301 erat
3591 5311 3598 5316 _

1962 5348 2198 5404 Verbum
2224 5384 2240 5411 ,
2285 5353 2341 5402 et
2377 5341 2613 5399 Verbum
2653 5347 2771 5396 erat
2796 5337 2937 5408 apud
2965 5337 3134 5392 Deum
3158 5377 3174 5402 ,
3213 5335 3316 5389 iste
3342 5341 3460 5389 erat
3485 5335 3542 5392 in

1961 5439 2224 5512 principio
2263 5435 2403 5508 apud
2436 5433 2604 5490 Deum
2638 5449 2650 5485 :
2681 5430 2862 5486 omnia
2900 5443 2998 5500 per
3024 5427 3196 5488 ipsum
3223 5424 3364 5480 facta
3392 5435 3540 5500 sunt,

1963 5543 2016 5590 et
2037 5535 2152 5588 sine
2175 5532 2290 5601 ipso
2311 5528 2508 5584 factum
2528 5535 2610 5581 est
2631 5523 2762 5578 nihil
2781 5520 2922 5590 quod
2946 5519 3142 5572 factum
3165 5525 3246 5572 est
3269 5517 3446 5590 (Joan.
3471 5520 3533 5587 1).

1964 5623 2105 5700 Ergo
2136 5627 2179 5680 si
2215 5625 2363 5679 homo
2396 5630 2471 5676 est
2504 5617 2640 5673 Deus
2675 5614 2914 5672 Verbum,
2947 5609 3170 5662 dicemus
3200 5609 3262 5663 de
3284 5612 3438 5680 ipso:
3470 5605 3536 5662 In

1960 5697 2212 5787 principio
2235 5723 2345 5768 erat
2375 5713 2544 5773 homo,
2571 5718 2618 5761 et
2641 5707 2788 5760 homo
2811 5709 2920 5754 erat
2947 5699 3084 5770 apud
3115 5697 3296 5767 Deum,
3327 5710 3374 5756 et
3395 5701 3536 5754 Deus

1960 5818 2069 5865 erat
2100 5809 2266 5875 homo,
2295 5813 2404 5862 erat
2434 5804 2582 5859 homo
2609 5799 2662 5853 in
2691 5794 2943 5866 principio
2971 5794 3108 5864 apud
3137 5794 3328 5862 Deum;
3360 5796 3535 5853 omnia
