4042 6474
441 308 512 365 τε,
1820 294 2049 354 VIGILII
2083 294 2284 353 mem
2852 252 2858 257 i
3635 304 3715 362 so

444 439 537 494 per
580 423 747 493 ipsum
796 421 936 491 facta
963 423 1113 484 sunt,
1143 425 1190 471 et
1230 417 1339 472 sine
1378 415 1488 487 ipso
1530 415 1721 485 factum
1766 422 1843 467 est
1889 411 2016 466 nihil
2048 416 2095 476 Α
2122 413 2205 467 die
2232 411 2638 481 resurrectionis,
2667 424 2784 485 post
2810 428 3097 471 ascensum.
3128 414 3201 473 Et
3228 416 3359 473 illud
3388 426 3554 475 tamen
3583 425 3711 478 ani-

445 514 582 583 quod
602 515 790 583 factum
817 518 911 563 est.
943 509 1004 564 Si
1026 511 1161 563 enim
1187 509 1335 563 homo
1363 519 1438 561 est
1459 505 1595 560 Deus
1627 503 1868 571 Verbum,
1892 505 2023 558 sicut

446 605 603 667 dicis,
635 601 932 655 convenient
974 602 1148 656 omnia
1185 601 1285 671 ipsi
1312 615 1426 672 qua:
1455 599 1517 653 de
1550 596 1660 653 Deo
1702 594 1869 651 Verbo
1898 596 2025 650 dicit

446 693 779 765 evangelista.

1002 809 1180 881 Vigilii
1206 807 1491 879 responsio.

515 902 576 957 In
605 902 969 973 suprascripto
996 900 1205 956 decimo
1228 900 1388 955 tertio
1416 897 1653 969 capitulo
1674 894 1859 966 negari
1879 894 2025 951 vide-

446 1002 534 1051 tur
563 996 731 1051 Deum
758 994 991 1050 Verbum
1018 993 1289 1049 hominem
1318 992 1538 1059 factum,
1560 998 1616 1045 et
1640 1003 1824 1045 rursus
1850 987 2026 1043 homi-

448 1106 575 1147 nem
608 1090 836 1145 Verbum
866 1087 1031 1144 Deum
1062 1102 1199 1153 esse,
1228 1095 1287 1141 ut
1314 1100 1410 1156 per
1431 1086 1535 1141 hoc
1563 1084 1864 1152 inducatur,
1892 1083 2030 1140 sicut

449 1185 695 1255 superius
742 1184 943 1238 dictum
991 1189 1114 1249 est,
1146 1180 1376 1236 dualitas
1404 1192 1775 1249 personarum.
1824 1176 1879 1232 Si
1909 1175 2029 1245 quis

449 1276 611 1347 igitur
637 1277 712 1331 ita
752 1274 925 1344 sapit,
955 1274 1145 1338 docet,
1178 1270 1350 1327 credit
1378 1277 1471 1325 aut
1498 1268 1793 1341 praedicat,
1831 1276 1886 1323 et
1919 1282 2029 1322 non

448 1368 647 1439 potius,
681 1372 934 1420 manente
967 1363 1022 1419 in
1050 1363 1277 1418 Domino
1306 1361 1418 1416 Deo
1446 1368 1634 1416 nostro
1660 1358 1786 1415 Jesu
1814 1358 2029 1415 Christo

450 1457 928 1515 inconvertibiliter
946 1464 1108 1526 atque
1129 1455 1352 1510 indivise
1373 1452 1672 1509 differentia
1692 1460 2026 1519 naturarum,

449 1550 529 1605 sic
557 1564 663 1604 una
693 1564 942 1619 persona,
970 1548 1084 1603 sive
1110 1546 1454 1603 subsistentia
1483 1544 1599 1614 ejus
1627 1558 1745 1600 esse
1774 1542 2029 1611 creditur,

452 1654 513 1701 ut
531 1652 587 1700 et
606 1644 747 1699 Dens
770 1643 1004 1698 Verbum
1030 1642 1146 1697 sine
1175 1640 1281 1696 ulla
1309 1640 1502 1695 divinae
1532 1646 1736 1693 natura:
1764 1652 1874 1693 sure
1903 1651 2028 1691 con-

454 1735 802 1791 vertihilitate
830 1734 991 1788 homo
1021 1747 1169 1797 esse,
1204 1739 1257 1786 et
1285 1737 1557 1799 assumpta
1584 1726 1889 1781 humanitas
1914 1740 2033 1795 pro-

452 1835 575 1898 pter
610 1826 1033 1894 singularitatem
1080 1839 1322 1895 pcrsonte
1366 1819 1847 1878 inconvertibiliter
1890 1819 2031 1875 Deus
2059 1793 2106 1855 Β

453 1932 574 1973 esse
602 1916 870 1982 credatur,
902 1914 1186 1970 anathema
1212 1914 1301 1969 sit.
1356 1939 1360 1943 -
1394 1958 1398 1962 .

866 2040 1136 2083 T118000!“
1163 2039 1465 2080 CAPITULUM
1493 2036 1604 2077 XIV.

525 2125 550 2153 ιι
582 2114 697 2169 Hoc
722 2115 925 2187 quidem
950 2114 1072 2185 quid
1092 2122 1188 2179 est,
1213 2115 1289 2169 Ad
1314 2114 1527 2169 Patrem
1546 2126 1724 2168 meum
1750 2120 1803 2167 et
1825 2110 2037 2168 Patrem

454 2219 695 2267 vestrum
721 2251 735 2275 ,
767 2218 822 2266 et
857 2210 1024 2265 Deum
1053 2224 1232 2264 meum
1262 2217 1317 2264 et
1349 2208 1517 2263 Deum
1554 2216 1793 2263 vestrum
1843 2206 2033 2278 (Joan.

459 2302 584 2375 xx).
626 2300 795 2355 Nemo
822 2302 895 2355 sic
926 2300 1134 2355 demens
1163 2311 1239 2354 est
1260 2342 1275 2366 ,
1312 2309 1369 2354 ut
1403 2301 1496 2354 alii
1536 2300 1741 2354 cuidam
1770 2300 2038 2355 convenire

458 2393 682 2458 diceret,
722 2392 823 2445 nisi
868 2391 1054 2461 tentplo
1097 2389 1197 2444 Dei
1234 2390 1387 2445 Verbi
1425 2399 1686 2462 assumpto
1729 2407 1825 2460 pro
1858 2399 2037 2446 nostra

456 2484 623 2537 salute
650 2482 863 2547 homini,
886 2483 971 2551 qui
998 2490 1077 2536 est
1105 2490 1355 2552 mortuus,
1378 2492 1427 2537 et
1454 2484 1755 2549 resurrexit,
1780 2491 1828 2536 et
1858 2499 2039 2537 ascen-

457 2589 605 2627 surus
635 2581 765 2627 esset
792 2575 846 2626 in
876 2572 1048 2639 caelos,
1086 2580 1135 2627 et
1160 2583 1358 2643 patrem
1386 2573 1483 2628 sibi
1518 2574 1730 2629 ascribit
1755 2591 1868 2628 cum
1891 2574 2041 2628 disci-

456 2666 591 2737 pulis
612 2667 718 2721 suis
749 2665 935 2734 Deum,
963 2676 1012 2721 et
1038 2668 1149 2736 ipse
1174 2669 1343 2739 gratia
1364 2668 1690 2738 adeptionem
1718 2652 1928 2723 meritus
1950 2685 1967 2722 :
1990 2677 2040 2722 et

458 2756 624 2811 Deum
654 2774 802 2811 suum
831 2758 1058 2829 appellat
1077 2799 1093 2824 ,
1124 2762 1245 2832 quia
1274 2776 1391 2815 cum
1427 2763 1623 2815 cazteris
1653 2760 1939 2816 hominibus
1963 2762 2037 2815 si-

456 2849 649 2902 militer
675 2858 731 2902 ut
758 2858 890 2904 esset
932 2853 1149 2922 accepit.
1200 2851 1348 2906 Unde
1388 2862 1598 2923 prapter
1625 2856 2039 2908 communitatem

455 2938 658 3010 quidem
692 2948 921 3009 naturce,
957 2942 1170 2996 Patrem
1200 2961 1364 2998 meum
1392 2953 1440 2998 et
1468 2943 1678 2999 Patrem
1703 2954 1926 2999 vestrum
1951 2946 2005 2999 di
2013 2974 2038 2987 -

456 3028 553 3096 cit,
586 3037 634 3081 et
662 3028 830 3084 Deum
868 3048 1034 3086 meum
1075 3042 1125 3087 et
1166 3032 1332 3087 Deum
1375 3043 1616 3089 vestrum.
1654 3034 1839 3089 Divisit
1871 3044 2040 3091 autem

456 3121 643 3175 iterum
671 3139 818 3177 suam
856 3141 1130 3193 personam
1156 3127 1282 3196 ipsis
1299 3165 1314 3191 ,
1344 3128 1653 3197 principium
1678 3129 1861 3197 gratia,
1885 3129 2041 3197 signi-

456 3211 653 3280 ﬁcans,
682 3223 888 3282 propter
915 3232 1069 3285 quam
1108 3216 1176 3268 ad
1204 3215 1371 3269 Deum
1411 3216 1630 3270 Verbum
1675 3218 2038 3287 conjunctione

454 3301 511 3355 in
539 3302 651 3356 loco
676 3304 783 3356 veri
812 3302 940 3358 Filii
974 3304 1038 3358 ab
1075 3304 1311 3359 omnibus
1342 3306 1625 3361 honoratur
1654 3306 1962 3362 horninibus.

472 3466 475 3469 _
995 3415 1173 3487 Vigilii
1196 3421 1482 3488 responsio.
1866 3458 1869 3461 λ

528 3504 590 3559 In
635 3506 999 3576 suprascripto
1049 3516 1243 3577 quarto
1271 3508 1480 3565 decimo
1526 3511 1760 3580 capitulo
1810 3526 1907 3582 per
1934 3512 2039 3568 hoc

455 3593 601 3663 quod
628 3594 823 3663 legitur
847 3595 901 3649 in
926 3594 1218 3665 Evangelio
1243 3616 1256 3650 :
1286 3598 1520 3655 Ascendo
1541 3601 1611 3654 ad
1643 3600 1848 3655 Patrem
1871 3618 2039 3656 meum

457 3694 507 3738 et
536 3685 749 3741 Patrem
776 3698 1025 3753 vestrum,
1078 3688 1243 3743 Deum
1285 3707 1453 3746 meum
1503 3701 1553 3746 et
1605 3691 1771 3747 Deunt
1820 3703 2038 3749 vostrum

459 3774 638 3847 (Joan.
668 3778 793 3848 xx),
827 3779 900 3833 ita
946 3779 1273 3850 intelligitur,
1304 3784 1449 3852 quod
1476 3783 1629 3839 Jesus
1656 3784 1901 3839 Christus
1928 3784 2037 3841 Do-

456 3865 632 3920 minus
660 3875 714 3921 et
747 3867 884 3922 Deus
911 3877 1116 3935 noster,
1149 3872 1286 3926 sicut
1306 3875 1485 3928 caeteri
1508 3875 1772 3939 homines,
1804 3876 2036 3943 gratiam

458 3954 793 4024 adoptionis,
841 3966 901 4011 ut
940 3957 1106 4014 Filius
1143 3961 1238 4016 Dei
1267 3963 1535 4019 diceretur
1559 4005 1574 4030 ,
1628 3966 1932 4035 acceperit,
1985 3978 2041 4022 et

456 4044 609 4113 quasi
633 4060 729 4114 per
756 4045 1191 4116 coniunctionem
1220 4044 1287 4105 ad
1318 4053 1485 4107 Deum
1509 4054 1747 4111 Verbum
1776 4056 1831 4110 in
1860 4055 2039 4112 locum

454 4132 569 4187 veri
586 4132 703 4188 Filii
727 4136 795 4191 ab
818 4136 1070 4193 omnibus
1098 4138 1370 4196 adoretur.
1390 4140 1544 4208 Quod
1573 4145 1617 4199 si
1642 4146 1761 4214 quis
1787 4146 1860 4200 ita
1877 4148 2036 4216 sapit,

455 4222 632 4292 docet,
664 4226 834 4282 credit
872 4238 964 4284 aut
996 4231 1283 4301 praedicat,
1315 4240 1369 4288 et
1412 4249 1519 4288 non
1564 4236 1735 4303 magis
1761 4252 1924 4291 unum
1950 4236 2038 4293 de:

458 4328 577 4367 sum
626 4316 897 4373 Christum
940 4321 1135 4377 Filium
1180 4323 1276 4380 Dei
1305 4332 1360 4381 et
1384 4325 1669 4382 Dominum
1710 4337 1953 4385 nostrum
1984 4331 2037 4386 in

456 4402 664 4459 duabus
695 4405 987 4465 inconfusis
1009 4420 1065 4465 et
1092 4414 1537 4484 inseparabilibus
1566 4416 1814 4485 intelligit
1842 4426 1896 4473 et
1919 4434 2039 4476 crc-

456 4494 536 4550 dit
564 4511 681 4553 esse
705 4502 930 4569 naturis,
961 4504 1250 4561 anathema
1280 4507 1368 4561 sit.
1784 4515 1788 4519 “

896 4633 1161 4675 TBEODORI
1192 4637 1490 4677 CAPITULUM
1514 4639 1604 4678 XV.

529 4698 645 4754 Hoc
665 4702 800 4772 quod
821 4703 1012 4758 dictum
1037 4718 1115 4759 est
1130 4726 1147 4759 :
1173 4710 1431 4779 Accipite,
1464 4730 1559 4784 pro
1580 4715 1861 4785 accipietis,
1885 4718 2030 4772 dicit.

458 4786 522 4842 Si
547 4791 683 4844 enim
711 4807 827 4845 cum
869 4793 1213 4864 insu/ﬂasset,
1247 4795 1497 4866 Spiritum
1528 4802 1748 4854 dedisset
1774 4807 2035 4871 discipulis

461 4878 622 4948 (quod
644 4883 793 4937 valde
820 4885 1023 4956 quidem
1038 4886 1199 4941 stulte
1225 4889 1688 4962 existimaverunt),
1722 4893 2034 4964 superﬂuum

453 4980 570 5026 erat
590 4974 759 5030 dicere
786 4988 963 5044 postea
989 4980 1089 5046 his,
1111 4990 1161 5035 et
1189 4983 1413 5037 maxime
1441 4994 1668 5055 tempore
1697 5002 1940 5041 ascensus
1978 4987 2034 5041 in

456 5064 610 5119 caelos
650 5082 754 5121 non
782 5072 1015 5138 separari
1054 5069 1117 5124 ab
1165 5071 1456 5128 Jerusalem
1478 5114 1493 5140 ,
1544 5075 1635 5128 sed
1675 5083 2034 5145 exspectarent

458 5154 805 5233 (exspectare)
826 5164 1218 5233 promissionem
1248 5168 1507 5241 Spiritus;
1536 5173 1653 5225 etin
1675 5171 1996 5243 sequentibus
2014 5188 2033 5226 :

457 5245 564 5302 Sed
595 5252 871 5322 accipietis
890 5256 1164 5327 virtutem,
1187 5262 1600 5331 superveniente
1620 5261 1825 5332 Spiritu
1846 5269 2034 5317 sancto

456 5338 509 5394 in
542 5358 637 5398 vos
666 5344 804 5416 (Act.
831 5348 892 5418 ι).
923 5349 1207 5406 Adventum
1232 5363 1402 5409 autem
1426 5356 1597 5426 ipsum
1622 5357 1790 5409 sancti
1808 5355 2037 5426 Spiritus

451 5449 606 5503 super
620 5437 901 5510 discipulos
928 5440 1092 5498 Lucas
1112 5448 1307 5517 factum
1326 5464 1437 5502 esse
1465 5448 1589 5502 dicit
1609 5448 2033 5519 quinquagesimo

525 5605 549 5629 “
578 5592 780 5673 Eadem
812 5609 1063 5673 excerpta
1094 5601 1387 5673 Theodori,
1412 5615 1580 5673 usque
1606 5602 1672 5673 ad
1700 5619 1817 5673 cap.
1850 5602 1919 5657 60
1949 5601 2033 5655 in-

452 5660 895 5802 glipcsivlcixmlegas
939 5660 993 5726 ei
1046 5672 1101 5728 in
1147 5670 1313 5730 Cone.
1346 5660 1389 5727 ν
1419 5660 1599 5728 collat.
1632 5672 1686 5751 Δ,
1720 5660 1909 5731 eodem
1940 5686 2032 5743 ca-

2060 4566 2111 4628 D

2125 506 2541 561 madvertendam
2582 515 2677 573 est,
2720 508 2856 579 quod
2884 511 2928 564 si
2956 509 3021 563 ab
3061 510 3323 581 insuﬂlatu
3352 516 3705 585 suscepissent

2126 596 2404 666 Spiritum,
2435 614 2539 653 non
2562 598 2791 654 diceret:
2813 600 3074 672 Accipite,
3102 603 3213 671 sed,
3242 606 3483 675 quoniam
3505 612 3709 679 accepi-

2125 689 2250 753 stis;
2280 688 2375 743 hoc
2396 689 2533 743 enim
2552 690 2689 761 quod
2714 690 2907 745 dictum
2933 700 3043 747 est:
3069 692 3329 764 Accipite,
3356 696 3435 751 his
3462 700 3703 753 convenit

2126 780 2212 851 qui
2232 780 2461 835 nondum
2488 791 2816 855 acceperunt.

2661 894 2839 968 Vigilii
2876 901 3167 970 responsio.

2196 986 2256 1043 In
2305 988 2670 1061 suprascripto
2716 990 2924 1047 decimo
2971 994 3159 1064 quinto
3203 994 3440 1066 capitulo
3484 997 3708 1067 dicitur,

2127 1081 2254 1149 quia
2302 1080 2581 1136 insulﬂans
2609 1080 2864 1139 Dominus
2893 1092 3077 1138 noster
3101 1084 3256 1141 Jesus
3297 1086 3542 1144 Christus
3580 1099 3712 1160 post

2128 1173 2577 1227 resurrectionem
2610 1188 2763 1229 suam
2792 1173 2845 1228 in
2876 1174 3037 1231 iacies
3070 1176 3452 1249 discipulorum
3481 1194 3711 1235 suorum

2129 1281 2238 1322 non
2266 1252 2473 1322 dederit
2496 1265 2575 1323 eis
2595 1265 2854 1337 Spiritum
2875 1276 3143 1335 sanctum,
3168 1269 3261 1324 sed
3282 1270 3515 1326 dandum
3543 1273 3713 1342 signi—

2130 1355 2367 1413 ﬁcaverit
2397 1375 2410 1410 :
2444 1364 2503 1412 ut
2529 1373 2625 1428 per
2653 1358 2758 1413 hoc
2794 1365 2887 1413 aut
2928 1360 3128 1416 veritas
3156 1360 3271 1431 ipsa
3303 1364 3485 1433 (quod
3525 1364 3713 1436 absit)

2129 1456 2347 1520 putetur
2375 1465 2493 1506 esse
2514 1450 2761 1516 mentita,
2794 1458 2887 1505 aut
2915 1459 3169 1521 tanquam
3213 1468 3405 1523 purum
3433 1448 3715 1513 hominem
3740 1510 3743 1511 ν

2131 1540 2224 1595 illo
2254 1539 2385 1595 llatu
2414 1555 2521 1595 non
2548 1541 2798 1596 habuisse
2825 1541 2970 1610 quod
2995 1541 3183 1610 daret,
3211 1551 3303 1599 aut
3330 1544 3461 1601 dare
3487 1546 3717 1605 minime

2129 1632 2386 1705 potuisse.
2420 1632 2478 1688 Si
2502 1634 2623 1703 quis
2643 1634 2806 1705 igitur
2823 1633 2938 1691 haec
2966 1634 3039 1689 ita
3064 1635 3223 1706 sapit,
3248 1635 3407 1695 docet
3450 1648 3544 1696 aut
3570 1656 3716 1713 pras—

2131 1722 2294 1790 dicat,
2322 1724 2611 1781 anathema
2640 1726 2728 1781 sit.

2551 1854 2821 1896 THEODORI
2849 1856 3150 1899 CAPITULO“
3172 1858 3280 1898 XVI.

2202 1927 2343 1983 Dicit
2370 1928 2440 1982 ad
2486 1929 2780 1985 Thomam:
2816 1929 2957 1987 infer
2993 1931 3217 2000 digitum
3265 1938 3415 1987 tuum
3462 1931 3607 1996 huc,
3655 1938 3719 1989 et

2132 2020 2254 2076 vide
2282 2035 2473 2076 manus
2498 2036 2683 2088 meas;
2715 2030 2771 2077 et
2798 2022 3013 2092 porrige
3033 2038 3254 2078 manum
3281 2030 3447 2089 tuam,
3479 2033 3535 2078 et
3558 2023 3719 2078 mitte

2134 2111 2188 2166 in
2214 2112 2354 2166 latus
2387 2127 2599 2177 meum,
2644 2119 2700 2167 et
2724 2113 2834 2168 noli
2863 2128 2983 2169 esse
3028 2106 3334 2169 incredulus
3354 2156 3369 2182 ,
3417 2113 3511 2169 sed
3542 2113 3717 2169 lidelis

2138 2207 2316 2277 (Joan.
2350 2206 2558 2277 xxvnl).
2592 2203 2872 2275 Quoniam,
2903 2208 3050 2275 dicit,
3092 2224 3195 2262 non
3222 2208 3409 2275 credis,
3440 2217 3490 2261 et
3517 2216 3715 2261 tactum

2137 2300 2303 2353 solum
2337 2299 2567 2369 sufﬁcere
2611 2298 2702 2352 tibi
2743 2301 2814 2354 ad
2848 2300 3159 2355 credendum
3195 2308 3346 2370 putas
3387 2301 3537 2371 (hwc
3574 2302 3717 2355 enim

2138 2390 2311 2445 dicens
2342 2406 2445 2444 non
2472 2406 2551 2443 me
2577 2391 2833 2461 latuisti),
2874 2401 3029 2464 tange
3055 2409 3240 2458 manu,
3269 2400 3318 2445 et
3357 2407 3483 2463 cape
3509 2393 3719 2462 experi-

2136 2490 2393 2545 mentum,
2425 2489 2475 2535 et
2502 2481 2641 2536 disce
2669 2481 2908 2549 credere,
2951 2491 3001 2536 et
3041 2500 3146 2537 non
3192 2483 3440 2552 diﬁdere.
3492 2481 3718 2537 Thomas

2139 2574 2343 2646 quidem
2386 2590 2500 2627 cum
2537 2575 2612 2629 sic
2652 2575 2987 2643 credidisset,
3028 2574 3286 2630 Dominus
3314 2588 3466 2629 meus
3496 2579 3552 2628 et
3575 2572 3720 2627 Deus

2137 2681 2309 2731 meus,
2341 2666 2468 2719 dicit
2501 2682 2521 2720 :
2560 2664 2687 2720 Non
2728 2667 2897 2737 ipsum
2936 2665 3216 2720 Dominum
3243 2674 3293 2719 et
3328 2664 3493 2718 Deum
3514 2664 3712 2717 dicens.

2140 2756 2266 2817 Non
2291 2760 2428 2811 enim
2456 2759 2847 2812 resurrectionis
2874 2760 3087 2814 scientia
3115 2757 3329 2813 docebat
3355 2758 3509 2811 etiam
3555 2755 3720 2810 Deum

2140 2866 2249 2906 esse
2275 2867 2389 2905 eum
2416 2853 2501 2923 qui
2530 2853 2843 2918 resurrexit,
2874 2851 2964 2907 sed
2992 2852 3139 2923 quasi
3176 2867 3271 2919 pro
3299 2850 3549 2905 miraculo
3579 2851 3718 2921 [acto

2143 2940 2307 2997 Deum
2337 2942 2617 2997 collaudat.

2679 3052 2859 3125 Vigilii
2896 3050 3183 3123 responsio.

2214 3143 2272 3199 In
2306 3145 2670 3216 suprascripto
2697 3144 2907 3202 decimo
2932 3154 3087 3202 sexto
3114 3144 3348 3216 capitulo
3380 3142 3449 3199 de
3476 3142 3569 3197 illo
3596 3141 3718 3197 loco

2142 3232 2416 3302 Evangelii
2463 3235 2553 3290 ubi
2603 3234 2836 3290 Thomas
2878 3237 3153 3309 apostolus
3202 3235 3428 3305 palpans
3469 3234 3662 3302 ﬁguras
3691 3238 3719 3278 b

2140 3327 2415 3382 clavorum
2436 3326 2568 3382 dixit
2586 3346 2597 3380 :
2614 3327 2866 3383 Dominus
2887 3346 3029 3383 meus
3049 3338 3098 3383 et
3114 3328 3253 3382 Deus
3279 3343 3421 3382 meus
3447 3324 3715 3396 (Ibidem),

2141 3418 2398 3472 asscritur
2424 3418 2569 3487 quod
2596 3418 2831 3491 Thomas
2858 3418 3140 3489 apostolus
3177 3432 3286 3473 non
3326 3417 3501 3487 ipsum
3537 3413 3718 3469 Jesum

2140 3508 2411 3564 Christum
2452 3509 2739 3565 Dominum
2768 3509 3349 3581 Deumqueconl'essus
3375 3508 3477 3571 sit,
3515 3512 3571 3562 et
3594 3504 3717 3574 quia

2141 3600 2551 3656 resurrectionis
2578 3599 2858 3656 scientiam
2889 3617 2995 3656 non
3021 3601 3264 3666 doceret,
3300 3599 3388 3653 vel
3422 3597 3548 3666 quia
3578 3595 3720 3650 Deus

2140 3701 2284 3747 esset
2323 3691 2415 3762 qui
2444 3693 2767 3758 resurrexit,
2817 3692 2912 3748 sed
2936 3693 3061 3762 quia
3097 3692 3265 3761 magis
3310 3706 3409 3762 pro
3453 3688 3717 3745 miraculo

2139 3782 2282 3838 facto
2322 3782 2553 3838 Thomas
2592 3782 2867 3855 apostolus
2914 3783 3082 3838 Deum
3131 3780 3444 3837 laudaverit.
3494 3779 3550 3834 Si
3595 3778 3718 3849 quis

2141 3860 2302 3943 igitur
2326 3874 2439 3930 hsce
2467 3875 2539 3929 ita
2579 3875 2757 3945 sapit,
2802 3874 2992 3941 docet,
3026 3874 3198 3931 credit
3226 3880 3321 3927 aut
3359 3870 3634 3942 praedicat,
3665 3877 3720 3923 et

2142 3982 2248 4021 non
2271 3967 2451 4037 potius
2479 3966 2700 4022 Thomas
2725 3967 3064 4031 confessione
3095 3974 3149 4021 et
3178 3978 3368 4020 verum
3401 3962 3567 4017 Deum
3596 3974 3718 4016 esse

2139 4053 2321 4112 Jesum
2360 4056 2632 4114 Christum
2670 4067 2726 4114 et
2764 4058 2819 4114 in
2856 4073 2983 4115 vera
3006 4072 3170 4113 carne
3207 4070 3333 4112 eum
3354 4054 3716 4112 resurrexisse

2141 4148 2469 4205 declaratum
2498 4152 2693 4220 credit,
2718 4152 3003 4208 anathema
3027 4151 3116 4206 sit.

2545 4280 2818 4321 THEODORI
2846 4280 3147 4321 CAPITULUI!
3178 4279 3305 4319 XVII.

2211 4352 2312 4407 Ille
2331 4362 2503 4407 autem
2530 4355 2661 4409 dixit
2689 4365 2925 4425 oportere
2954 4355 3308 4425 paenitentiam
3332 4370 3487 4425 agere
3514 4369 3603 4408 eos
3623 4369 3718 4423 pro

2140 4445 2304 4498 crucis
2324 4446 2615 4516 iniquitate,
2628 4455 2676 4499 et
2690 4454 3025 4519 agnoscentes
3044 4445 3367 4500 Salvatorem
3391 4453 3439 4498 et
3460 4454 3721 4498 auctorem

2140 4533 2387 4592 bonorum
2427 4539 2656 4593 omnium
2683 4537 2861 4592 Jesum
2890 4538 3189 4604 Christum,
3237 4539 3478 4608 quoniam
3512 4544 3719 4605 propter

2136 4627 2239 4680 ista
2281 4631 2509 4699 pervenit
2550 4638 2599 4684 et
2639 4638 2931 4700 assumptus
2962 4638 3038 4683 est
3068 4630 3132 4684 de
3166 4629 3341 4683 divina
3383 4635 3615 4696 natura,
3664 4629 3718 4681 in

2136 4721 2306 4791 ipsum
2335 4723 2493 4792 ﬁdem
2523 4726 2799 4794 suscipere,
2848 4733 2897 4778 et
2941 4726 3052 4796 ejus
3082 4725 3362 4793 discipulos
3404 4725 3550 4793 ﬁeri,
3602 4730 3721 4775 ante

2137 4812 2312 4865 omnia
2334 4822 2505 4865 autem
2528 4814 2597 4865 ad
2618 4814 2873 4882 baptisma
2904 4816 3231 4879 accedentes;
3254 4815 3390 4885 quod
3417 4815 3527 4882 ipse
3556 4812 3719 4865 tradi-

2140 4898 2213 4951 dit
2240 4899 2407 4963 nobis,
2436 4903 2914 4971 prceformationem
2944 4906 3148 4975 quidem
3188 4906 3380 4959 habens
3408 4903 3719 4975 sperationis

2138 4989 2447 5059 futurorum,
2490 4992 2545 5045 in
2587 4994 2792 5046 nomine
2832 5004 3005 5048 autem
3044 4997 3404 5051 celebrandum
3431 4995 3641 5059 Patris,
3673 5003 3722 5048 et

2139 5078 2291 5146 Filii,
2324 5090 2372 5134 et
2402 5082 2630 5151 Spiritus
2660 5088 2828 5139 sancti
2859 5102 2877 5139 :
2910 5087 3005 5141 hoc
3043 5088 3178 5141 enim
3220 5088 3355 5158 quod
3383 5095 3480 5143 est.
3525 5085 3596 5141 Ut
3624 5086 3719 5139 ba-

2140 5172 2371 5241 ptizetur
2392 5176 2755 5245 unusquisque
2779 5177 2831 5231 in
2861 5178 3078 5233 nomine
3100 5178 3228 5232 Jesu
3256 5177 3451 5232 Christi
3477 5178 3613 5249 (Act.
3638 5175 3718 5245 ιι),

2139 5279 2244 5346 non
2293 5264 2385 5318 hoc
2416 5264 2540 5318 dicit
2580 5275 2636 5320 ut
2663 5270 2977 5323 vocationem
2998 5262 3111 5340 qua:
3137 5270 3193 5322 in
3217 5271 3422 5322 nomine
3450 5268 3650 5329 Patris,
3673 5274 3718 5319 et

2137 5354 2289 5421 Filii,
2319 5366 2368 5411 et
2397 5357 2626 5427 Spiritus
2647 5362 2814 5413 sancti
2839 5369 2934 5429 est,
2965 5362 3326 5433 relinquentes,
3356 5360 3539 5415 Iesum
3566 5358 3717 5413 Chri-

2137 5456 2272 5502 stum
2298 5448 2354 5502 in
2382 5447 2688 5519 baptismate
2707 5461 2915 5522 vocent,
2947 5454 3037 5508 sed
3065 5455 3215 5525 quale
3240 5454 3335 5508 hoc
3361 5462 3437 5508 est
3454 5494 3468 5521 ,
3498 5451 3634 5524 quod
3660 5452 3714 5503 in

2141 5601 2330 5730 milia
2362 5605 2574 5675 vulgata
2602 5605 2865 5675 editione,
2900 5610 3122 5679 ﬁxurus,
3151 5616 3206 5666 et
3236 5610 3378 5681 apud
3404 5609 3712 5671 Baronium.
