4042 6480
331 376 395 434 Si
1507 369 1862 431 EPISTOLAS
1902 371 1991 430 ET
2029 365 2368 430 DECRETA.
2959 363 2968 372 ’
3513 376 3586 434 82

332 496 512 569 Noyse
537 495 783 568 baptizati
813 501 930 550 sunt
961 493 1017 550 in
1043 492 1173 549 nube
1199 499 1249 549 et
1285 492 1341 548 in
1375 492 1541 555 mari,
1587 501 1643 544 ut
1688 493 1896 560 diceret,
1927 495 1976 554 Λ
2003 508 2061 546 eo
2082 499 2160 545 est
2181 506 2379 560 semper
2397 486 2485 560 qui
2505 493 2800 564 assumptus
2824 498 2934 557 est;
2959 497 3008 546 et
3032 508 3132 548 non
3162 493 3457 550 mirandum
3483 502 3582 564 est,

329 591 451 662 quia
470 588 561 643 sub
583 587 716 642 nube
741 595 791 642 et
811 589 944 642 mari
973 585 1343 658 Egyptiorum
1365 584 1590 653 separati
1611 591 1750 648 sunt,
1780 583 1904 637 libe-

329 681 434 733 rati
462 695 638 734 eorum
659 679 915 743 seruitute,
947 685 1003 730 ut
1033 675 1084 730 Μ
1094 677 1230 746 oysis
1251 675 1385 746 leges
1408 673 1728 728 attentlerent
1756 689 1773 727 :
1806 672 1907 726 tale

331 771 429 824 hoc
455 777 552 834 est,
574 778 628 822 ut
654 784 769 822 cum
795 767 866 821 ad
891 769 1060 839 ipsum
1087 768 1422 822 accessissent
1450 772 1696 836 tanquam
1719 763 1907 818 Salva-

333 871 493 918 torem
519 870 568 917 et
594 861 821 917 omnium
843 859 1091 915 bonorum
1126 867 1384 914 auctorem
1413 866 1462 912 et
1489 858 1748 912 doctorem
1769 856 1905 910 ueri-

331 953 488 1021 tatis,
533 953 596 1007 ab
635 954 778 1023 ipso,
828 959 1032 1022 utpote
1077 949 1575 1005 auctore‘bonorum
1605 957 1655 1002 et
1700 946 1908 1003 doctore

330 1043 583 1110 veritatis,
605 1049 925 1110 uocarentur,
947 1039 1324 1095 sicutomnibus
1341 1038 1633 1094 hominibus
1656 1053 1908 1111 quamque

329 1141 525 1187 sectam
571 1133 895 1204 sequentibus
927 1132 1239 1186 consuetudo
1279 1139 1356 1186 est
1394 1131 1459 1185 ab
1500 1131 1614 1201 ipso
1652 1127 1906 1201 dogmatis

327 1223 591 1277 inventore
619 1223 811 1289 vocari,
840 1233 895 1277 ut
918 1221 1202 1290 Platonici,
1234 1222 1496 1292 Epicurei,
1525 1220 1828 1288 Manichazi,
1857 1228 1907 1275 et

327 1311 705 1380 Marcionistte,
728 1323 778 1369 et
801 1316 844 1370 si
866 1315 1074 1386 quidam
1103 1315 1230 1369 tales
1255 1315 1535 1368 dicuntur:
1563 1313 1742 1368 eodem
1767 1313 1905 1368 enim

327 1405 480 1458 modo
497 1411 544 1458 et
564 1421 658 1459 nos
676 1407 934 1460 nominari
946 1404 1268 1461 Christianos
1278 1404 1640 1475 judicaverunt
1661 1403 1902 1474 apostoli,

330 1506 574 1570 tanquam
600 1515 694 1568 per
721 1500 814 1553 hoc
843 1507 1035 1553 certum
1064 1499 1330 1570 facientes,
1361 1497 1498 1570 quod
1525 1497 1676 1550 istius
1716 1496 1908 1549 doctri-

327 1606 451 1644 nam
476 1599 672 1660 oportet
701 1591 966 1646 attendere
991 1608 1009 1646 :
1035 1592 1110 1646 sic
1139 1600 1188 1644 et
1214 1590 1350 1662 quod
1379 1589 1442 1643 ab
1471 1591 1582 1660 ipso
1612 1589 1790 1642 datum
1829 1597 1906 1642 est

326 1681 638 1749 susciperent
668 1681 956 1752 baptisma,
987 1682 1042 1735 in
1070 1683 1184 1751 ipso
1209 1680 1414 1757 quidem
1455 1681 1622 1750 pritno
1652 1680 1904 1733 constitu-

328 1776 466 1836 tum,
495 1771 582 1842 qui.
609 1780 656 1825 et
681 1772 876 1843 primus
917 1773 1204 1844 baptizatus
1234 1781 1343 1838 est,
1391 1771 1454 1825 ab
1483 1773 1597 1841 ipso
1642 1780 1812 1825 autetn
1858 1779 1908 1825 et

325 1860 524 1914 cwteris
555 1863 831 1928 traditum,
862 1872 917 1919 ut
940 1862 1236 1918 secundum
1263 1863 1738 1934 pratformationem

325 1967 503 2008 rerum
524 1952 821 2010 celebretur.
1097 1959 1102 1968 “
1323 1955 1326 1960 ’

871 2066 1053 2139 Vigilii
1078 2067 1369 2138 responsio.

397 2181 458 2239 In
481 2183 788 2255 supradicto
808 2184 1018 2240 decimo
1036 2185 1268 2256 septimo
1290 2184 1527 2256 capitulo
1550 2198 1619 2240 ex
1639 2184 1819 2240 verbis
1839 2183 1900 2239 Β.

326 2275 494 2344 Petri,
523 2278 716 2348 quibus
744 2277 798 2332 in
826 2276 976 2332 Actis
1003 2277 1370 2348 apostolorum
1398 2276 1526 2333 dicit
1554 2294 1568 2330 :
1601 2274 1907 2348 Baptizetur

323 2370 670 2440 unusquisque
690 2379 908 2424 uestrum
929 2370 984 2424 in
1007 2371 1215 2424 nomine
1231 2367 1353 2424 Jesu
1365 2367 1581 2438 Christi,
1595 2369 1700 2425 hoc
1720 2367 1908 2424 astrui-

327 2467 438 2528 tur,
467 2460 592 2530 quia
615 2461 668 2516 in
694 2476 758 2518 ea
789 2461 1147 2526 invocatione,
1180 2477 1300 2532 quae
1321 2461 1624 2517 in'nomine
1651 2460 1826 2517 Patris
1851 2468 1908 2516 et

325 2550 449 2606 Filii
475 2560 530 2607 et
551 2550 780 2623 Spiritus
801 2538 1076 2621 sancti'lit,
1100 2568 1208 2608 non
1228 2553 1570 2608 contineatur
1588 2559 1644 2608 et
1662 2550 1908 2607 Christus

327 2651 385 2698 et
403 2643 548 2713 quod
571 2644 706 2700 dixit
729 2642 922 2700 Petrus
942 2645 1243 2724 apostolus,
1284 2643 1489 2724 debere.
1509 2659 1604 2699 eos
1631 2642 1686 2698 in
1708 2641 1907 2698 Christi

326 2734 546 2790 nomine
569 2735 848 2810 baptizari,
873 2743 934 2792 ut
962 2735 1255 2793 secundum
1284 2736 1428 2811 hunc
1455 2735 1908 2812 intellectumap-

325 2833 516 2896 pareat
543 2825 847 2882 introducta
868 2827 1222 2895 quaternitas.
1250 2825 1514 2896 Adjicitur
1535 2825 1700 2880 etiam
1729 2824 1785 2879 in
1813 2838 1908 2879 eo-

329 2912 454 2972 dem
476 2917 731 2987 capitulo,
761 2919 886 2988 quia
911 2917 988 2974 sic
1011 2934 1042 2972 a
1070 2917 1286 2974 Christo
1313 2916 1605 2973 Christiani
1625 2930 1904 2981 vocemur,

328 3009 780 3078 quemadmodum
808 3011 1142 3066 diversarum
1169 3017 1436 3066 sectarum
1463 3017 1520 3064 et
1547 3022 1789 3064 errorum
1818 3020 1907 3062 se-

327 3114 528 3168 quaces
553 3101 620 3157 ab
649 3101 1020 3158 inventoribus
1048 3108 1104 3156 et
1129 3100 1400 3169 magistris
1436 3100 1547 3154 suis
1583 3105 1706 3153 sunt
1732 3096 1910 3152 sortiti

323 3190 612 3257 vocabula,
644 3198 706 3245 ut
732 3206 764 3245 a
793 3189 1019 3246 Platone
1051 3189 1336 3250 Platonici,
1386 3203 1419 3243 a
1453 3187 1727 3244 Marcione
1761 3184 1907 3240 Mar-

2006 598 2120 636 cum
2140 583 2296 636 etiam
2323 581 2378 635 in
2401 579 2707 652 quibuslibet
2735 581 3026 636 hominibus
3054 587 3289 641 virtutem
3322 591 3583 659 sequenti-

2008 671 2098 728 bus
2120 688 2235 727 cum
2267 670 2407 726 Filio
2443 681 2493 728 et
2531 671 2693 728 Patre
2719 690 2830 728 esse
2858 674 3086 729 dicitur:
3110 676 3405 734 Veniemus
3436 680 3584 734 enim

2007 769 2064 818 et
2090 777 2219 833 ego,
2251 771 2306 817 et
2333 764 2514 832 Pater,
2547 772 2604 819 et
2641 765 2977 820 mansionem
3003 766 3143 836 apud
3171 782 3294 822 eum
3322 767 3585 826 faciemus

2009 852 2187 925 (Joan.
2219 855 2354 925 xtv).
2380 852 2532 919 Quod
2559 864 2729 910 autem
2756 864 2804 910 et
2828 855 3056 928 Spiritus
3098 857 3389 928 hujusmodi
3414 862 3586 918 homi-

2008 960 2131 1000 num
2154 945 2519 1016 inseparabilis
2545 958 2644 1013 est,
2665 957 2863 1003 certum
2886 956 2962 1003 est
2983 947 3237 1004 omnibus.

2547 1055 2727 1128 Vigilii
2764 1059 3055 1129 responsio.

2077 1143 2138 1200 In
2165 1147 2530 1218 suprascripto
2557 1147 2766 1204 decimo
2796 1157 2990 1206 octavo
3020 1150 3258 1220 capitulo
3284 1151 3358 1207 ita
3401 1152 3586 1210 invisi-

2004 1237 2128 1295 bilis
2167 1238 2264 1294 Dei
2306 1240 2482 1309 imago
2512 1241 2769 1296 asseritur
2793 1257 2914 1298 esse
2951 1240 3224 1314 Christus,
3255 1254 3510 1313 tanquam
3539 1245 3587 1301 si

2007 1329 2307 1385 absentium
2335 1331 2637 1401 principum
2678 1331 2937 1401 imagines
2977 1349 3077 1404 pro
3105 1349 3294 1390 eorum
3337 1335 3588 1392 colantur

2005 1419 2324 1476 honoribus.
2353 1421 2481 1488 Quze
2508 1421 2554 1477 si
2581 1423 2703 1492 quis
2744 1422 2816 1479 ita
2843 1424 3011 1495 sapit,
3042 1425 3233 1494 docet,
3285 1425 3456 1483 credit
3493 1434 3587 1483 aut

2007 1511 2280 1584 praedicat,
2311 1513 2596 1568 anathema
2624 1513 2714 1568 sit.
2769 1562 2775 1570 .

2383 1631 2388 1635 ’
2425 1642 2694 1682 τιιεουοιιι
2725 1641 3023 1686 curruum
3052 1648 3164 1688 χιχ.

2083 1716 2200 1774 Iloc
2224 1719 2363 1773 enim
2383 1718 2536 1791 quod,
2563 1717 2661 1774 llic
2689 1729 2772 1774 est
2796 1719 2958 1777 Filius
2973 1738 3125 1778 meus
3144 1722 3374 1781 dilectus
3394 1725 3446 1781 in
3474 1741 3584 1797 quo

2010 1810 2143 1864 mihi
2169 1809 2492 1881 complacuit
2520 1810 2671 1882 (Luc.
2703 1810 2814 1883 ιιι),
2843 1813 2898 1866 in
2926 1811 3230 1885 baptismate
3255 1818 3585 1886 adoptionem

2180 1863 2223 1865 ρ
2293 1863 2318 1881 τ
2523 1863 2540 1882 ι
2632 1863 2668 1864 η
2704 1863 2814 1883 ---,,
2929 1863 3223 1885 -πτ--ν---πη
3256 1863 3585 1886 πηνα-ηυ-

1765 1863 1894 1934 fum'
1934 1889 1984 1951 B
2010 1902 2348 1968 demonstrat,
2379 1902 2470 1956 sed
2496 1919 2600 1956 non
2629 1906 3015 1974 comparatione
3043 1905 3342 1977 [secundum
3370 1926 3585 1979 compa-

2007 1991 2284 2064 rationem]
2304 1993 2547 2074 .Judaicte
2571 1995 2864 2066 adoptionis
2890 2013 2908 2052 :
2932 1998 3053 2069 quia
3081 2007 3130 2053 et
3155 2000 3224 2054 ad
3249 2000 3369 2055 illos
3394 2001 3590 2056 dictum

2007 2092 2122 2138 erat
2148 2099 2168 2139 :
2197 2083 2310 2153 Ego
2335 2084 2447 2140 dixi
2472 2103 2486 2138 :
2518 2084 2602 2140 Dii
2633 2087 2782 2155 estis,
2822 2097 2878 2143 et
2905 2089 2999 2144 lilii
3030 2092 3235 2147 excelsi,
3257 2098 3472 2158 omnes,
3497 2090 3588 2149 et.‘

2005 2177 2173 2235 Filios
2200 2178 2361 2247 genui
2384 2187 2441 2234 et
2467 2179 2700 2235 exaltavi
2715 2179 2890 2251 (Psal.
2911 2183 3094 2255 Lxxxt)
3121 2201 3134 2237 :
3161 2185 3272 2255 ejus
3294 2185 3590 2255 adoptionis

2005 2270 2322 2340 pracipuum
2346 2311 2362 2340 ,
2406 2288 2466 2327 eo
2506 2270 2642 2343 quod
2687 2272 2819 2327 dixit
2859 2289 2879 2328 :
2915 2272 3168 2340 Dilectus,
3201 2283 3256 2330 et
3282 2276 3335 2330 in
3364 2291 3429 2331 eo
3459 2277 3590 2334 mihi

2006 2360 2330 2431 complacuit
2371 2362 2525 2434 (Isai.
2557 2362 2641 2433 ιι),
2689 2365 2978 2420 ostendens.
3029 2365 3252 2438 Propter
3290 2367 3385 2422 hoc
3412 2375 3461 2423 et
3493 2385 3592 2423 sua:

2009 2450 2189 2508 Patris
2217 2453 2373 2524 ﬁebat
2400 2455 2732 2528 adoptionem
2760 2459 3078 2536 conﬁrmans
3097 2497 3112 2524 ,
3159 2469 3208 2514 et
3253 2458 3385 2516 Filii
3422 2462 3593 2516 nomi-

2009 2546 2352 2625 nationeper
2379 2548 2709 2618 adoptionem
2752 2551 3033 2605 secundum
3073 2553 3299 2623 gratiam
3342 2569 3457 2607 eum
3503 2554 3592 2625 qui

2007 2653 2122 2692 uere
2143 2635 2190 2690 F
2193 2624 2312 2692 ilius
2331 2647 2408 2693 est
2446 2639 2833 2696 demonstrabat
2858 2659 2876 2696 :
2906 2643 3052 2714 cujus
3082 2643 3374 2713 conjunctio
3399 2643 3470 2697 ad
3505 2624 3593 2699 ue-

2008 2718 2122 2784 ram
2143 2739 2193 2785 et
2215 2717 2422 2802 ﬁrmam
2450 2732 2778 2806 adoptionem
2804 2736 2961 2790 istum
2985 2735 3363 2792 constituebat:
3393 2745 3442 2791 et
3465 2736 3594 2807 Spi-

2009 2822 2139 2876 ritus
2158 2833 2368 2879 sanctus
2406 2827 2461 2880 in
2491 2827 2658 2896 specie
2684 2827 2931 2882 columba:
2959 2829 3274 2886 descendens
3301 2829 3590 2900 permansit

2008 2929 2163 2983 super
2190 2929 2324 2983 eum,
2363 2905 2613 2988 quatenus
2637 2920 2691 2972 in
2727 2920 3089 2989 conjunctione
3116 2920 3186 2973 ad
3213 2936 3328 2974 eum
3355 2923 3442 2992 qui
3473 2936 3587 2975 uere

2009 3002 2060 3059 F
2062 3005 2183 3060 ilius
2211 3015 2307 3075 est,
2349 3009 2463 3079 ejus
2498 3012 2850 3081 cooperationi
2875 3013 3101 3067 intentus
3127 3021 3353 3079 maneat,
3381 3013 3593 3082 ﬁrmam

2012 3095 2308 3166 adoptionis
2349 3096 2543 3154 habens
2579 3101 2906 3172 dignitatem.
2956 3101 3064 3157 Per
3104 3105 3280 3157 omnia
3316 3111 3487 3156 autem
3532 3103 3591 3158 in

2012 3202 2112 3259 quo
2148 3189 2316 3258 primo
2351 3190 2646 3262 adoptionis
2688 3193 3107 3264 performabatur
3144 3194 3435 3268 baptisnta,
3475 3195 3595 3254 dico

324 3281 592 3347 cionistac,
626 3289 682 3336 et
718 3279 1062 3360 aManichaeo
1093 3279 1349 3354 [Manete]
1375 3277 1673 3334 Manichtei.
1701 3276 1759 3332 Si
1787 3275 1908 3346 quis
1933 3270 1979 3336 C
2011 3286 2180 3332 autem
2208 3277 2424 3337 Domini
2461 3281 2653 3340 Christi
2692 3301 2757 3340 ea:
2784 3285 2965 3354 Patre,
3000 3295 3049 3342 et
3090 3285 3255 3357 Filio,
3295 3299 3344 3343 et
3389 3287 3592 3360 Spiritu

325 3369 447 3426 huic
474 3368 548 3424 ita
576 3371 736 3440 sapit,
763 3369 941 3435 docet,
973 3370 1147 3426 credit
1196 3377 1289 3424 aut
1314 3368 1595 3440 praedicat,
1621 3366 1910 3423 anathema

326 3463 420 3517 sit.
449 3462 559 3519 Nos
585 3464 729 3519 enim
755 3461 1178 3520 ideoCbristiani
1199 3476 1456 3518 vocamur
1477 3469 1534 3518 et
1561 3476 1764 3527 sumus,
1781 3459 1908 3529 quia

328 3555 506 3626 ipsum
516 3556 802 3614 Dominum
814 3565 1057 3613 nostrum
1073 3555 1258 3613 Jesum
1267 3553 1543 3619 Christum
1563 3554 1616 3610 in
1642 3554 1907 3625 baptisma

329 3648 692 3718 percipientes
733 3649 1036 3716 induimus,
1086 3649 1203 3719 ipso
1244 3648 1398 3704 nobis
1429 3649 1692 3704 existente
1733 3646 1910 3719 capite

333 3751 522 3795 omnes
547 3738 601 3794 in
627 3737 821 3796 eodem
850 3755 1016 3820 unum
1035 3753 1230 3808 corpus
1254 3725 1534 3797 eﬂicimur.
1605 3777 1608 3780 ~

457 3848 462 3854 ’
537 3863 564 3875 ³·
635 3853 653 3884 -“
731 3840 1321 3909 πεουοιιιαηιτυιζυιι
1349 3868 1496 3908 xvui.

405 3961 475 4016 Et
494 3965 770 4019 secundum
800 3965 931 4020 duas
955 3957 1182 4020 rationes
1211 3967 1377 4021 locum
1407 3968 1650 4040 imaginis
1673 3969 1907 4025 obtinet:

331 4055 419 4126 qui
445 4057 580 4110 enim
608 4065 789 4111 amant
817 4057 1088 4129 quosdam,
1118 4056 1232 4130 post
1273 4069 1485 4114 mortem
1515 4078 1688 4116 eorum
1718 4064 1910 4133 stepius

329 4145 582 4216 imagines
622 4155 900 4203 statuentes
924 4189 940 4218 ,
991 4151 1086 4204 hoc
1129 4139 1380 4220 sit/ficiens
1438 4152 1619 4206 mortis
1665 4154 1905 4207 solatium

330 4234 521 4291 habere
547 4236 866 4292 arbitrantur
896 4256 914 4294 :
944 4249 993 4294 et
1020 4257 1134 4295 eum
1161 4243 1247 4313 qui
1276 4259 1378 4297 non
1406 4243 1620 4310 videtur,
1652 4261 1743 4307 nec
1770 4261 1910 4316 pra:-

327 4341 448 4381 sens
469 4334 565 4393 est,
591 4337 831 4401 tanquam
851 4330 903 4384 in
927 4332 1154 4402 imagine
1172 4333 1494 4402 aspicientes,
1513 4341 1698 4405 putant
1716 4336 1906 4404 uidere,

327 4417 404 4471 ita
427 4419 690 4488 ﬂammam
721 4414 1027 4478 desiderii‘et
1053 4424 1279 4494 vigorem
1300 4426 1565 4496 placantes
1596 4442 1612 4480 :
1641 4426 1732 4480 sed
1753 4427 1909 4481 etiam

325 4509 408 4564 illi
429 4513 513 4583 qui
534 4529 625 4583 per
645 4515 874 4570 ciuitates
901 4515 1090 4571 habent
1108 4519 1477 4588 imperatorum
1491 4513 1764 4590 imagines,
1793 4529 1910 4573 tan-

327 4619 482 4674 quam
509 4595 788 4675 prtesentes
813 4615 862 4660 et
894 4607 1124 4662 uidentes
1156 4608 1410 4663 honorare
1437 4607 1672 4662 uidentur
1709 4625 1796 4662 eos
1823 4609 1910 4679 qui

330 4709 436 4748 non
472 4694 594 4750 sunt
620 4695 934 4768 prtesentes,
983 4698 1122 4752 cultu
1161 4707 1210 4752 et
1252 4699 1558 4753 adoratione
1595 4699 1904 4770 imaginum.

335 4781 450 4837 Ista
493 4796 662 4841 autem
703 4797 918 4860 utraque
959 4805 1050 4860 per
1092 4787 1238 4843 illum
1284 4789 1634 4860 adimplentur
1672 4806 1692 4844 :
1733 4807 1909 4844 omnes

332 4874 470 4927 enim
497 4877 581 4944 qui
603 4892 725 4931 cum
745 4878 837 4932 illo
866 4876 1012 4943 sunt,“
1036 4887 1085 4931 et
1112 4879 1349 4932 virtutem
1376 4887 1677 4949 sequuntur,
1703 4889 1754 4933 et
1776 4879 1914 4935 debi-

335 4975 502 5021 torum
531 4967 631 5022 Dei
651 4971 818 5040 parati
840 4970 1147 5037 redditores,
1179 4971 1406 5042 diligunt
1422 4987 1536 5026 eum
1562 4981 1614 5026 et
1638 4971 1787 5026 ualde
1813 4971 1915 5025 Ιιοο·

333 5069 548 5128 norant,
569 5069 616 5114 et
633 5062 936 5117 charitatem
957 5063 1160 5134 quidem
1179 5064 1248 5126 ei,
1270 5063 1442 5117 divina
1463 5072 1653 5118 natura
1675 5064 1793 5118 licet
1807 5079 1912 5118 non

336 5153 654 5219 aspiciatur,
699 5153 981 5223 adimplent
1009 5156 1062 5208 in
1092 5154 1181 5209 illo
1211 5156 1296 5224 qui
1325 5154 1388 5208 ab
1419 5154 1652 5210 omnibus
1691 5156 1909 5224 videtur,

335 5242 409 5294 sic
443 5241 674 5297 omnibus
701 5244 1146 5312 existimantibus,
1190 5253 1246 5298 ut
1287 5247 1452 5315 ipsum
1497 5244 1782 5300 uidentibus
1822 5261 1913 5315 per

330 5333 506 5402 illum,
555 5345 606 5389 et
635 5336 713 5390 illi
753 5353 952 5407 semper
993 5324 1361 5408 pratsentibus,
1410 5345 1459 5390 et
1506 5336 1750 5391 honorem
1795 5352 1910 5390 vero

331 5441 536 5480 omnem
563 5429 637 5481 sic
666 5427 952 5482 attribuunt
982 5435 1227 5499 tanquam
1250 5428 1465 5500 imagini
1487 5428 1763 5500 imperiali,
1796 5444 1911 5481 cum

331 5519 480 5593 quasi
507 5519 619 5590 ipso
644 5521 711 5574 sit
739 5520 909 5574 divina
948 5529 1158 5588 natura,
1204 5529 1252 5575 et
1290 5521 1345 5575 in
1374 5522 1486 5592 ipso
1527 5529 1801 5591 spectetur.
1846 5519 1911 5574 Si

331 5612 468 5663 enim
497 5621 546 5665 et
587 5611 631 5664 F
635 5613 754 5667 ilius
783 5621 859 5667 est
887 5614 973 5686 qui
1002 5611 1293 5667 inhabitare
1322 5613 1510 5665 dicitur
1528 5651 1543 5676 ,
1590 5611 1681 5665 sed
1710 5627 1822 5664 cum
1848 5628 1908 5665 eo

331 5710 409 5753 est
429 5701 582 5756 etiant
600 5703 779 5768 Pater,
811 5713 858 5757 et
880 5704 1295 5774 inseparabiliter
1315 5703 1608 5758 omnimodo
1631 5703 1698 5754 ad
1714 5700 1761 5754 Γ
1766 5703 1908 5754 ilium

331 5808 442 5846 esse
463 5793 528 5847 ab
557 5797 696 5849 omni
725 5795 946 5849 creditur
976 5803 1211 5850 creatura
1229 5833 1243 5859 ,
1270 5803 1319 5848 et
1350 5794 1579 5864 Spiritus
1606 5801 1778 5846 autem
1804 5809 1908 5846 non

334 5883 494 5958 abest,
529 5898 583 5942 ut
607 5899 724 5963 pote
745 5891 901 5946 etiam
929 5889 983 5947 in
1011 5889 1122 5948 loco
1143 5888 1402 5946 unctionis
1423 5889 1591 5964 [actus
1612 5886 1660 5944 ei
1672 5927 1688 5959 ,
1719 5894 1768 5943 et
1791 5901 1905 5944 cum

2010 3377 2214 3443 sancto,
2245 3373 2340 3430 hoc
2367 3375 2506 3446 quod
2531 3376 2691 3448 ﬁebat
2719 3379 3091 3449 complebatur.

2557 3489 2731 3564 Vigilii
2769 3494 3060 3564 responsio.

2081 3578 2142 3635 In
2169 3581 2534 3653 suprascripto
2556 3582 2766 3640 decimo
2785 3600 2932 3664 nono
2956 3585 3213 3657 capitulo,
3239 3588 3328 3642 ubi
3348 3586 3595 3658 Evange—

2010 3667 2144 3725 litlu
2170 3670 2465 3726 secundum
2494 3669 2695 3728 Lucam
2723 3673 2792 3730 de
2837 3675 3108 3746 baptismo
3137 3675 3336 3734 Christi
3380 3678 3597 3735 videtur

2011 3760 2230 3830 exponi,
2261 3760 2379 3817 duae
2406 3770 2531 3818 sunt
2549 3755 2997 3835 reprehensiones
3027 3786 3040 3822 :
3074 3784 3182 3824 una
3210 3769 3336 3839 quia
3361 3768 3592 3826 dualitas

2011 3849 2280 3909 inducitur
2308 3852 2561 3922 ﬁliorum,
2591 3871 2714 3916 cum
2751 3874 2849 3930 per
2875 3859 3222 3932 adoptionem
3247 3861 3460 3918 videtur
3485 3863 3594 3919 dici

2011 3940 2258 4014 Christus
2282 3944 2449 4002 Filius
2475 3946 2574 4002 Dei
2599 3966 2615 4015 ;
2665 3949 2790 4016 alia,
2820 3951 2946 4021 quia
2985 3951 3041 4008 in
3061 3953 3285 4028 nomine
3315 3952 3594 4009 Trinitatis

2011 4033 2128 4104 ipsc
2149 4049 2365 4106 quoque
2387 4039 2646 4096 asseritur
2670 4039 2975 4110 baptizatus
2998 4058 3012 4108 ;
3043 4057 3140 4112 per
3161 4041 3303 4111 quod
3325 4043 3592 4110 quaterni

2011 4134 2096 4183 tas
2118 4128 2235 4184 sine
2263 4130 2596 4187 dubitatione
2635 4140 2986 4188 monstratur.
3027 4132 3085 4188 Si
3131 4135 3251 4203 quis
3281 4135 3440 4201 igitur
3478 4135 3592 4189 haec

2013 4217 2087 4276 ita
2137 4221 2296 4290 sapit,
2341 4221 2525 4290 docet,
2555 4225 2724 4277 credit
2753 4231 2846 4276 aut
2872 4222 3147 4292 prmdicat,
3182 4224 3468 4278 anathema
3496 4225 3586 4280 sit.

2439 4347 2706 4387 τιιεοιιοιιι
2741 4347 3044 4388 οΑΡιτυιωι
3072 4350 3163 4389 XX.

2084 4421 2214 4478 Ideo
2241 4439 2365 4494 ergo
2393 4423 2744 4492 differentiam
2772 4425 2978 4495 quidem
3016 4425 3114 4480 Dei
3149 4424 3306 4481 Verbi
3323 4435 3374 4482 et
3401 4426 3596 4500 recepti

2016 4513 2238 4568 hominis
2282 4522 2484 4568 tantunt
2515 4513 2662 4568 nobis
2699 4515 2924 4570 ostendit
2961 4518 3192 4586 psalmus
3219 4533 3238 4572 :
3269 4519 3605 4590 diuisapem

2016 4602 2123 4656 hare
2144 4603 2197 4655 in
2225 4601 2374 4657 Novo
2405 4602 2730 4660 Testamento
2761 4606 3106 4676 reperiuntur,
3137 4606 3360 4662 Domino
3389 4609 3592 4678 quidem

2012 4696 2067 4751 in
2098 4712 2152 4750 se
2180 4697 2463 4767 accipiente
2488 4694 2775 4769 primordia
2803 4699 3025 4768 psalmi,
3051 4701 3104 4752 in
3134 4699 3314 4767 quibus
3341 4703 3592 4772 factorem

2011 4801 2125 4840 eum
2141 4786 2264 4840 dicit
2285 4803 2395 4840 esse
2423 4796 2690 4848 creaturae,
2715 4792 2764 4838 et
2794 4784 3040 4840 eleuatum
3062 4787 3247 4841 habere
3265 4805 3418 4859 super
3439 4791 3594 4845 ca'los

1987 4877 2486 4948 'magniﬁcentiam,
2530 4886 2579 4930 et
2606 4877 2876 4946 ntiriﬁcari
2905 4878 2957 4932 in
2989 4881 3129 4932 omni
3161 4890 3316 4934 terra.
3345 4882 3612 4952 Apostolo.

2015 4976 2182 5019 autem
2212 4968 2507 5036 supradicta
2535 4982 2650 5036 qua:
2669 4967 2732 5019 de
2752 4967 2958 5021 homine
2983 4964 3244 5035 (lieuntur,
3278 4974 3362 5042 qui
3394 4956 3608 5026 tantum

2016 5057 2376 5127 beneﬁciorum
2405 5059 2608 5119 nteruit,
2639 5061 2891 5128 quomodo
2919 5074 3024 5112 non
3062 5061 3417 5132 manifestum,
3459 5063 3594 5132 quod

2016 5153 2236 5204 alterum
2261 5149 2464 5221 quidem
2492 5167 2588 5204 nos
2626 5150 2800 5205 divina
2839 5151 3114 5223 Scriptura
3145 5145 3290 5208 docet
3333 5155 3611 5226 evidenter.

2014 5260 2124 5298 esse
2143 5243 2307 5297 Deum
2338 5242 2578 5309 Verbum,
2605 5243 2823 5298 alterunt
2846 5261 2962 5300 vero
2989 5245 3265 5317 hominem,
3299 5253 3348 5298 et
3375 5246 3593 5302 multant

2014 5351 2190 5390 eorum
2221 5350 2332 5389 esse
2359 5335 2581 5390 ostendit
2619 5335 2766 5390 nobis
2789 5335 3134 5406 di/i'erentiam
3163 5353 3182 5392 :
3209 5353 3330 5391 nam
3356 5339 3455 5393 iste
3478 5343 3593 5409 qui-
3611 5393 3616 5404 ε

2015 5425 2129 5480 dem
2154 5435 2425 5492 memorat,
2453 5425 2541 5480 ille
2570 5434 2741 5480 autent
2769 5429 3070 5483 memoriam
3100 5438 3320 5482 meretur
3358 5445 3377 5483 .'
3417 5440 3466 5484 et
3495 5432 3595 5486 iste

2017 5517 2220 5589 quidem
2248 5516 2422 5570 uisitut
2440 5557 2456 5584 ,
2487 5515 2618 5570 alter
2639 5528 2810 5572 autem
2835 5534 2951 5573 cum
2979 5518 3320 5573 visitationem
3344 5503 3588 5587 meretur,

2017 5607 2193 5661 beatus
2223 5608 2410 5662 dicitttr
2438 5623 2455 5662 :
2496 5618 2545 5662 et
2573 5609 2671 5663 iste
2707 5610 2911 5679 quidem
2952 5597 3251 5678 beneﬁcium
3286 5611 3460 5667 dando
3489 5615 3587 5667 mi-

2017 5700 2126 5752 nuit
2152 5699 2305 5770 paulo
2333 5699 2501 5752 minus
2524 5696 2588 5750 ab
2633 5698 2860 5768 angelis,
2889 5697 2979 5750 ille
3005 5707 3172 5753 autem
3211 5709 3261 5756 et
3305 5719 3396 5772 per
3428 5690 3590 5757 talem

2014 5789 2346 5843 minutionem
2373 5787 2673 5857 beneficium
2705 5787 2900 5856 accepit
2929 5803 2947 5841 :
2976 5796 3025 5841 et
3053 5789 3149 5844 iste
3180 5793 3382 5863 quidem
3413 5794 3583 5864 gloria

2013 5891 2063 5941 et
2085 5883 2278 5952 honore
2307 5887 2548 5948 coronat,
2584 5879 2714 5935 alter
2738 5886 2908 5959 autem
2936 5892 3235 5960 coronatur,
3282 5896 3331 5944 et
3373 5902 3468 5960 pro
3507 5887 3592 5947 his
