4018 6340
361 4519 372 4569 l

364 4576 379 4627 l

375 5784 396 5846 ἕ

471 300 543 358 83

1872 290 2096 350 VIGILII
2135 291 2338 348 PAWE

3658 288 3732 355 δι

472 421 646 474 beatus
688 418 873 473 dicitur
900 433 916 471 :
946 426 993 472 ct
1020 417 1115 471 iste
1144 415 1343 488 quidem
1383 415 1646 469 constituit
1684 413 1851 485 ipsum
1891 428 2043 482 super
2073 413 2117 471 A
2147 418 2200 465 et
2228 424 2391 480 super
2427 409 2805 467 vestimentum
2831 424 3008 467 meum
3038 410 3298 467 miserunt
3324 416 3525 467 sortem
3550 407 3728 482 (Psal.
3802 426 3813 431 ’

471 514 643 569 omnia
668 530 824 585 opera
854 529 1098 568 manuum
1119 512 1248 582 ejus,
1276 518 1322 563 et
1350 510 1521 565 omnia
1550 508 1763 578 subjecit
1784 505 1874 561 sub
1904 506 2046 576 pedi-

471 604 560 659 bus
582 606 691 674 ejus
715 621 732 659 :
757 605 889 660 alter
908 611 1075 657 autem
1097 603 1304 656 meritus
1327 608 1400 655 est
1429 600 1687 657 dominari
1709 599 1806 665 eis,
1829 612 2043 670 quorum

471 706 623 753 antea
651 714 754 752 non
785 695 999 751 habebat
1023 703 1346 767 potestatem.

1015 811 1193 882 Vigilii
1233 794 1517 882 responsio.

539 925 596 980 In
619 924 984 995 suprascripto
1002 924 1263 992 vigesimo
1284 924 1536 993 capitulo,
1554 922 1645 978 ubi
1666 931 1886 979 octavus
1904 921 2047 993 pssi-

469 1032 590 1071 mus
614 1016 825 1071 videtur
854 1016 1069 1086 exponi,
1101 1023 1156 1070 et
1184 1015 1359 1070 nudus
1388 1015 1551 1070 homo
1584 1014 1751 1086 (sicut
1773 1021 1830 1070 et
1852 1014 1904 1068 in
1927 1013 2045 1069 aliis

467 1106 577 1176 jam
596 1107 796 1163 dictum
819 1108 923 1178 est)
953 1105 1198 1162 Christus
1224 1108 1503 1175 asseritur,
1525 1114 1580 1162 et
1600 1106 1804 1164 divisus
1822 1106 2043 1163 aVerbo

466 1207 820 1264 monstratur,
850 1206 906 1253 et
932 1199 1159 1253 dualitas
1190 1199 1458 1254 inducitur
1494 1215 1864 1270 personarum.
1913 1199 2043 1265 Quae

468 1290 516 1346 si
542 1291 663 1359 quis
694 1291 767 1345 ita
798 1292 965 1361 sapit,
999 1292 1192 1357 docet,
1225 1292 1394 1348 credit
1436 1300 1529 1348 aut
1551 1294 1825 1364 prmdieat,
1848 1300 1903 1347 et
1933 1307 2041 1347 non

466 1381 543 1437 ita
572 1382 626 1437 in
665 1381 882 1438 Christo
920 1382 1150 1439 Domino
1193 1384 1325 1440 duas
1353 1392 1571 1438 naturas
1616 1382 1948 1438 invisibiliter
1988 1390 2044 1438 et

468 1471 745 1528 inconfuse
773 1476 951 1529 unitas
981 1476 1279 1545 intelligat,
1330 1484 1391 1530 ut
1434 1486 1686 1529 manente
1732 1474 2042 1529 earumdem

468 1569 765 1624 differentia
793 1580 1104 1625 naturarum
1126 1610 1142 1635 ,
1196 1571 1310 1640 ipse
1338 1586 1477 1625 unus
1512 1579 1673 1639 atque
1717 1569 1855 1624 idem
1884 1583 2044 1625 verus

463 1663 536 1727 sit
562 1664 655 1719 Dei
686 1672 739 1719 et
764 1680 923 1720 verus
948 1664 1180 1720 hominis
1206 1665 1395 1730 Filius,
1426 1665 1712 1720 anathema
1739 1664 1824 1720 sit.

891 1794 1160 1834 THEODORI
1186 1794 1485 1835 CAPITULUII
1503 1795 1614 1834 XII.

536 1868 643 1924 Sed
672 1885 775 1923 non
802 1870 1025 1923 uolentes
1056 1872 1157 1924 ista
1186 1871 1537 1939 considerare,
1562 1885 1706 1926 uoces
1725 1885 1900 1925 omnes
1932 1877 2038 1923 tra-

464 1960 584 2014 here
612 1961 679 2013 ad
708 1960 985 2015 Dominum
1018 1970 1217 2015 tentant
1238 1962 1517 2025 Christum,
1551 1970 1607 2015 at
1635 1978 1695 2016 ea
1722 1978 1834 2033 qua:
1861 1961 1924 2014 de
1943 1977 2037 2030 po-

464 2051 584 2119 pulo
627 2053 768 2122 facta
810 2063 929 2107 sunt
958 2054 1117 2107 simili
1158 2055 1311 2108 modo
1357 2054 1739 2125 intelligerent,
1790 2062 1841 2108 et
1880 2054 2039 2107 risum

462 2152 770 2212 prtestarent
815 2145 1034 2207 Judceis,
1080 2147 1287 2217 quando
1327 2162 1390 2200 ea:
1433 2148 1741 2217 scriptorum
1780 2147 2040 2217 sequentia

461 2234 594 2287 nihil
648 2235 717 2289 ad
773 2234 1053 2291 Dominum
1101 2235 1359 2291 Christum
1408 2239 1717 2308 pertinentes
1765 2237 2042 2292 ostendant

460 2339 628 2379 saces.

866 2455 1134 2496 THEODORI
1172 2456 1469 2496 CAPITULUII
1505 2457 1635 2495 XXII.

535 2528 659 2585 Tale
712 2538 807 2597 est,
839 2540 893 2587 et
931 2533 1077 2604 quod
1105 2547 1214 2588 non
1244 2533 1497 2589 derelicta
1528 2541 1611 2588 est
1638 2532 1813 2588 anima
1842 2530 1958 2603 ejus
1986 2532 2042 2588 in

461 2619 693 2692 inferno,
724 2640 824 2680 nec
851 2641 977 2681 caro
999 2626 1115 2695 ejus
1133 2626 1269 2681 vidit
1290 2629 1688 2698 corruptionem
1714 2626 1885 2699 (Psal.
1906 2626 1997 2697 xv)
2022 2644 2038 2683 :

458 2728 581 2767 nam
607 2716 857 2787 prapheta
883 2718 1087 2789 quidem
1115 2735 1272 2789 supra
1300 2720 1509 2774 modum
1534 2721 1701 2790 ipsam
1729 2719 1875 2789 ponit
1903 2719 2042 2773 circa

456 2806 700 2875 populum
747 2809 1142 2879 providentiam,
1194 2811 1366 2867 volens
1395 2812 1590 2877 dicere,
1619 2813 1861 2885 quoniam
1908 2812 2042 2868 inter

456 2899 726 2955 tentabiles
767 2920 852 2958 eos
881 2904 944 2957 ab
975 2905 1208 2961 omnibus
1238 2908 1554 2962 conseruauit
1574 2909 1745 2963 malis.
1782 2906 2042 2973 Quoniam

454 2997 625 3045 autem
654 2991 749 3047 hoc
790 3011 962 3048 verum
988 3004 1038 3050 et
1065 3011 1129 3051 ea:
1158 2997 1285 3068 ipsis
1328 2997 1479 3052 rebus
1510 3007 1743 3052 eventum
1772 2999 1964 3069 accepit
1984 2999 2039 3052 in

454 3078 676 3137 Domino
716 3084 942 3153 Christo,
991 3089 1397 3160 frequentissime
1435 3090 1499 3143 de
1527 3106 1585 3144 eo
1630 3090 1837 3161 loquens
1866 3089 2041 3145 beatus

2147 502 2281 570 XXI),
2306 503 2374 556 ad
2393 520 2507 557 eum
2527 510 2793 558 traxerunt
2815 506 3085 576 manifeste
3108 520 3125 558 :
3148 504 3387 575 quoniam
3418 500 3730 575 quod-supra

2144 592 2354 647 modum
2382 595 2572 649 dictum
2599 596 2768 665 fuerat
2812 596 2954 662 prius
2988 612 3021 648 a
3049 593 3241 663 David,
3270 602 3479 665 propter
3503 594 3657 647 illata
3680 591 3731 659 ei

2145 687 2307 753 mala,
2336 688 2430 742 hoc
2458 704 2523 744 ea;
2559 689 2792 759 operibus
2820 690 2982 744 evenit
3009 691 3065 744 in
3087 688 3307 744 Domino
3330 686 3554 754 Christo,
3579 685 3731 757 cujus

2144 787 2193 835 et
2221 781 2520 836 vestimenta
2548 781 2843 850 diuiserunt,
2876 790 2926 837 et
2952 790 3077 837 sorti
3109 782 3337 837 tunicam
3374 778 3729 863 subjecerunt.

2695 917 2871 989 Vigilii
2892 918 3174 988 responsio.

2216 1032 2270 1087 in
2302 1038 2662 1107 suprascripto
2693 1037 2947 1106 vigesimo
2963 1035 3121 1092 tertio
3143 1035 3379 1108 capitulo
3400 1031 3732 1105 exponendo

2144 1125 2384 1192 quadam
2414 1127 2652 1196 vigesimi
2682 1127 2839 1199 primi
2861 1127 3049 1198 psalmi
3072 1127 3256 1192 verba,
3278 1126 3469 1196 quibus
3498 1125 3727 1184 dicitur:

2145 1212 2442 1270 Diviserunt
2471 1217 2567 1273 sibi
2593 1220 2889 1273 vestimenta
2928 1234 3063 1283 mea,
3096 1225 3145 1273 et
3169 1233 3320 1288 super
3347 1224 3531 1272 vestem
3556 1230 3735 1275 meat!

2143 1309 2393 1362 miserunt
2414 1318 2621 1377 sortem,
2654 1318 2915 1380 negantur
2940 1309 3063 1367 Jesu
3094 1309 3309 1367 Christo
3338 1308 3569 1365 Domino
3596 1326 3734 1366 eon-

2143 1399 2361 1466 venire;
2409 1402 2503 1456 sed
2532 1402 2674 1473 quod
2714 1402 2880 1457 David
2919 1411 3139 1474 propter
3167 1402 3407 1474 quaedam
3436 1402 3580 1457 mala
3609 1416 3733 1472 qua:

2144 1504 2432 1561 perpessus
2461 1499 2560 1560 est,
2593 1493 2660 1547 de
2687 1509 2745 1548 se
2773 1493 2984 1560 dixerit,
3017 1494 3399 1563 evangelistam
3427 1508 3494 1549 ex
3524 1501 3734 1548 eventu

2145 1584 2211 1639 ad
2236 1584 2505 1642 Christum
2533 1588 2779 1657 traxisse,
2827 1596 2881 1643 ct
2911 1588 3174 1659 adjicitur,
3222 1587 3345 1659 quia
3376 1602 3482 1641 non
3512 1593 3735 1656 poterat

2143 1675 2324 1732 dicere
2352 1677 2610 1734 Dominus
2637 1678 2808 1745 Jesus,
2838 1682 2922 1753 qui
2958 1688 3219 1752 peccatum
3247 1696 3351 1735 non
3377 1681 3527 1753 fecit:
3547 1678 3736 1752 Longe

2065 1786 2115 1849 Β
2145 1784 2177 1822 a
2204 1768 2368 1823 salute
2409 1787 2523 1824 mea
2560 1770 2713 1825 verba
2756 1771 3055 1826 delictorum
3094 1788 3319 1827 meorum
3350 1768 3600 1843 (Ibidem)
3628 1787 3642 1823 τ
3676 1774 3738 1833 et

2144 1859 2265 1915 ideo
2311 1860 2399 1929 qui
2430 1860 2543 1916 lucc
2573 1861 2727 1931 sapit,
2773 1861 2951 1930 docet,
3008 1863 3179 1917 credit
3225 1871 3317 1917 aut
3361 1862 3642 1935 praedicat,
3676 1867 3736 1951 et

2143 1966 2252 2005 non
2299 1967 2363 2007 ea
2406 1952 2460 2007 in
2501 1953 2696 2022 quibus
2741 1952 3057 2009 delictorum
3104 1954 3365 2021 meminit,
3416 1953 3485 2009 ad
3526 1968 3740 2023 corpus

2144 2043 2327 2113 ipsius,
2378 2045 2521 2112 quod
2565 2053 2647 2100 est
2687 2044 2949 2115 Ecclesia,
2980 2061 3098 2115 quae
3126 2047 3179 2100 in
3226 2047 3331 2103 hoc
3358 2048 3565 2103 mundo
3610 2046 3737 2104 sine

2141 2135 2338 2192 delicto
2366 2152 2488 2193 esse
2530 2154 2640 2193 non
2661 2146 2860 2209 potest,
2892 2138 3142 2208 intelligit
3180 2140 3477 2211 pertinere;
3512 2140 3604 2196 illa
3630 2155 3736 2197 au—

2144 2238 2251 2286 tem
2281 2230 2348 2286 de
2386 2229 2649 2287 divisione
2685 2232 3155 2299 vestimentorum,
3197 2249 3302 2292 non
3325 2234 3640 2305 specialiter
3665 2233 3739 2290 de

2144 2321 2261 2391 ipso
2287 2321 2486 2391 capite,
2528 2320 2581 2377 id
2609 2330 2692 2377 est
2719 2322 2949 2380 Domino
2976 2322 3090 2382 Deo
3132 2333 3319 2383 nostro
3357 2326 3482 2382 Jesu
3508 2325 3739 2381 Christo

2142 2412 2418 2484 praedicta,
2448 2419 2505 2469 et
2545 2412 2599 2468 in
2645 2413 2761 2487 ipso
2807 2417 2979 2474 credit
3022 2431 3144 2474 esse
3177 2416 3466 2487 completa,
3498 2414 3740 2471 anathe-

2142 2522 2232 2563 ma
2258 2508 2346 2564 sit.

2544 2639 2809 2682 'I‘IIEODORI
2846 2639 3146 2681 CAPITULUII
3184 2638 3329 2680 XXIV.

2213 2712 2485 2769 Foderunt
2510 2730 2697 2771 manus
2725 2731 2875 2773 meas
2903 2724 2957 2771 et
2979 2716 3141 2787 pedes
3169 2714 3340 2787 (Psal.
3371 2712 3508 2783 xxi),
3541 2720 3596 2769 et
3623 2728 3744 2768 om-

2145 2804 2233 2858 nia
2264 2805 2736 2875 perscrutabantur,
2782 2816 2832 2860 et
2857 2822 2971 2877 qua:
2998 2806 3230 2877 agebam,
3260 2815 3308 2859 et
3335 2821 3448 2878 qum
3476 2804 3743 2861 conabar.

2145 2895 2286 2951 Nam
2310 2896 2568 2968 foderunt,
2601 2915 2667 2952 ea:
2696 2898 3036 2953 translatione
3058 2899 3182 2951 dicit
3200 2915 3377 2952 eorum
3406 2899 3495 2969 qui
3513 2914 3611 2967 per
3633 2898 3747 2967 fos-

2144 2992 2338 3045 sionem
2367 2992 2588 3045 scrutari
2617 3007 2729 3062 qua:
2754 2992 2810 3046 in
2856 2991 3114 3061 profundo
3144 3000 3263 3046 sunt
3305 3000 3525 3047 tentant.
3562 2991 3744 3046 Dinu-

2143 3091 2485 3138 meravcrunt
2530 3084 2708 3138 omnia
2751 3099 2875 3139 ossa
2922 3099 3043 3138 mea
3075 3082 3319 3157 (Ibidem)
3353 3101 3366 3137 :
3402 3085 3561 3138 totius
3604 3098 3746 3138 mea:

454 3169 665 3240 Petrus,
695 3177 856 3229 utitur
877 3193 1026 3242 voce;
1056 3179 1328 3233 ostendens
1350 3182 1595 3250 quoniam
1615 3180 1751 3252 quod
1770 3181 1833 3236 de
1853 3182 2040 3252 pOpulo
2066 3169 2111 3233 C
2146 3175 2467 3246 fortitudinis
2514 3183 2563 3228 et
2608 3177 2760 3231 totius
2786 3192 2913 3230 mete
2941 3176 3244 3231 substantia:
3285 3176 3578 3231 detentores
3610 3173 3747 3248 facti

453 3277 614 3331 supra
651 3265 862 3319 modum
909 3268 1103 3341 dictum
1150 3277 1248 3334 est,
1287 3286 1354 3324 ea:
1390 3271 1614 3340 quadam
1641 3273 1844 3326 ratione
1870 3280 2040 3329 utente

450 3368 572 3407 uoce
599 3357 867 3426 propheta,
893 3359 986 3413 hoc
1013 3376 1186 3415 verum
1212 3371 1446 3417 eventum
1482 3362 1539 3417 in
1566 3363 1694 3434 ipsis
1721 3363 1868 3420 rebus
1893 3383 2040 3422 acce-
2068 3366 2075 3369 ’

451 3445 526 3514 pit
547 3462 683 3501 nunc
706 3448 762 3502 in
786 3446 1013 3505 Domino
1032 3449 1258 3509 Christo.

1006 3563 1186 3636 Vigilii
1214 3568 1502 3639 responsio.

520 3646 581 3704 In
622 3653 999 3725 suprascriptis
1027 3656 1288 3724 vigesimo
1333 3659 1508 3729 primo
1556 3668 1611 3716 et
1639 3659 1916 3729 'vigesimo
1944 3675 2033 3716 se-

449 3740 628 3798 cundo
655 3745 901 3815 capitulis
931 3748 1034 3804 hoc
1060 3748 1276 3805 videtur
1302 3751 1427 3819 dici,
1482 3753 1629 3823 quod
1674 3753 2033 3825 prophetiam,

449 3846 568 3903 qua:
589 3850 656 3890 ex
686 3852 912 3907 persona
938 3839 1136 3896 Christi
1164 3842 1391 3913 loquens
1419 3845 1494 3898 ait
1520 3863 1531 3897 :
1565 3843 1689 3900 Non
1713 3846 2033 3917 derelinques

447 3926 678 3981 animam
703 3946 866 3983 meam
896 3933 948 3986 in
976 3933 1256 4004 infernum,
1304 3952 1395 3989 nec
1424 3934 1570 3989 dabis
1613 3936 1864 3990 Sanctum
1892 3945 2033 3990 tuum

444 4017 617 4072 uidere
659 4024 1035 4092 corruptionem
1061 4023 1234 4095 (Psal.
1265 4025 1386 4092 xv),
1440 4041 1546 4080 non
1576 4025 1645 4079 de
1676 4026 1791 4095 ipso
1818 4025 2031 4082 Christo

442 4110 751 4178 praedictam
782 4112 965 4182 fuisse,
1006 4115 1098 4171 sed
1128 4117 1196 4171 de
1223 4116 1425 4186 populo
1453 4116 1757 4171 Israeliticae
1802 4130 2029 4184 genera-

442 4199 642 4255 tionis:
698 4203 915 4258 heatum
963 4220 1092 4260 vero
1145 4205 1362 4260 Petrum
1411 4206 1715 4276 apostolum
1774 4204 1843 4259 ad
1873 4205 2029 4263 Chri-

437 4302 580 4351 stum
609 4297 749 4353 hanc
776 4301 1116 4370 prophetiam
1158 4318 1256 4372 per
1296 4292 1549 4358 eventum
1578 4310 1763 4372 aptare
1790 4301 2027 4358 voluisse

438 4386 578 4457 (Act.
609 4386 693 4454 ιι).
726 4385 793 4440 Ει
816 4389 936 4443 ideo
956 4392 1047 4459 qui
1076 4393 1192 4448 hinc
1220 4394 1293 4449 ita
1322 4395 1481 4466 sapit,
1512 4393 1689 4462 docet,
1722 4394 1892 4451 credit
1932 4403 2026 4453 aut

433 4475 709 4547 praedicat,
739 4479 1026 4535 anathema
1053 4482 1142 4536 sit.

833 4607 1099 4647 THEODORI
1137 4609 1436 4651 CAPITULIIM
1478 4610 1625 4651 XXIII.

504 4677 758 4735 Eumdem
781 4682 1092 4736 intellectum
1125 4684 1274 4738 habet
1313 4694 1362 4740 et
1390 4686 1519 4739 illud
1542 4703 1559 4741 :
1583 4685 1889 4741 Diviserunt
1916 4686 2019 4743 sibi

427 4771 748 4827 vestimenta
778 4787 917 4836 mea,
970 4780 1024 4827 et
1052 4787 1213 4844 super
1242 4775 1622 4829 vestimentum
1650 4791 1829 4829 meum
1856 4779 2018 4833 mise-

426 4869 555 4917 runt
579 4870 782 4918 sortem
815 4864 989 4935 (Psal.
1022 4867 1153 4937 xxx).
1187 4863 1335 4929 Quod
1361 4866 1548 4919 etenim
1587 4866 1817 4937 psalmus
1844 4869 2014 4923 nulla-

426 4963 573 5009 tenus
602 4956 837 5009 convenit
866 4954 1110 5023 Domino,
1161 4966 1354 5010 certum
1402 4966 1477 5011 est
1502 4973 1519 5010 :
1552 4974 1709 5029 neque
1737 4959 1874 5012 enim
1902 4966 2015 5013 erat

426 5045 641 5101 Domini
670 5044 880 5112 Christi,
908 5047 999 5115 qui
1027 5057 1307 5116 peceatum
1337 5063 1443 5103 non
1471 5047 1613 5114 fecit,
1639 5064 1738 5103 nec
1764 5049 2012 5105 inventus

425 5144 509 5191 est
533 5136 689 5192 dolus
719 5137 772 5191 in
796 5151 892 5191 ore
918 5136 1033 5205 ejus
1062 5136 1116 5209 (Ι
1145 5137 1402 5209 Petr.'n),
1432 5138 1603 5193 dicere
1622 5156 1640 5193 :
1671 5137 1852 5207 Longe
1880 5154 1910 5193 a
1932 5154 2013 5195 sa-

424 5227 537 5282 lute
564 5243 683 5283 mea
706 5227 871 5283 verba
900 5227 1216 5284 delictorum
1248 5245 1490 5286 meorum
1531 5229 1701 5301 (Psal.
1734 5228 1868 5299 xxi).
1903 5229 2011 5283 Sed

420 5325 472 5370 et
495 5318 605 5387 ipse
624 5316 895 5383 Dominus,
946 5334 1060 5373 cum
1086 5321 1365 5375 secundum
1394 5337 1715 5376 communem
1745 5320 2010 5372 hominum

418 5408 584 5479 legem
620 5409 675 5463 in
720 5410 962 5479 passione
1006 5414 1398 5483 apprimeretur,
1448 5412 1590 5467 Deus
1640 5425 1810 5474 meus,
1864 5409 2006 5463 Dcus

418 5510 589 5563 meus,
639 5511 806 5567 quare
851 5514 939 5555 me
986 5503 1317 5574 dereliquisti
1358 5499 1573 5577 (Matth.
1616 5496 1818 5566 xxv")?
1868 5496 2007 5548 misit

415 5607 618 5659 vocem;
652 5602 703 5647 et
736 5595 980 5683 apostolis
1003 5614 1021 5652 :
1048 5597 1353 5655 Diviserunt
1377 5596 1479 5651 sibi
1511 5593 1833 5649 vestimenta
1859 5603 1999 5651 mea,

492 5830 514 5859 “
545 5819 634 5882 Sic
662 5818 821 5881 etiam
848 5823 1042 5897 legitur
1071 5825 1122 5883 in
1148 5824 1334 5882 collat.
1370 5816 1425 5871 4.
1459 5811 1785 5888 "sanemus.
1860 5892 1863 5895 Ι

2140 3275 2276 3331 sunt,
2323 3275 2381 3320 ut
2414 3268 2568 3322 etiam
2597 3283 2809 3323 numero
2837 3282 2952 3321 mea
2983 3267 3313 3338 subjicerent.
3362 3265 3517 3321 Istud
3560 3275 3746 3321 autem

2140 3375 2205 3412 ea:
2233 3358 2597 3413 consuetudine
2624 3374 2777 3430 quam
2800 3358 2986 3411 habent
3016 3357 3183 3412 hostes
3213 3357 3361 3423 dixit,
3408 3359 3496 3431 qui
3522 3357 3745 3430 quando

2140 3448 2472 3516 obtinuerint,
2513 3464 2725 3504 numero
2756 3457 2779 3486 α
2803 3457 2853 3503 et
2878 3449 2997 3503 talis
3023 3448 3258 3502 subtilem
3286 3450 3530 3504 notitiam
3553 3447 3734 3505 inven-

2140 3546 2306 3592 torum
2328 3539 2526 3607 faciunt
2546 3537 2743 3611 [Locus
2770 3539 3098 3610 corruptus).
3127 3538 3413 3609 Propterea
3443 3548 3495 3593 et
3514 3556 3729 3613 sequen-

2140 3641 2215 3685 ter
2254 3629 2431 3683 dicens
2458 3647 2469 3681 :
2493 3627 2598 3699 Ipsi
2638 3644 2769 3685 vero
2798 3630 3298 3693 consideraverunt,
3338 3636 3397 3685 et
3422 3644 3742 3701 conspexe-

2136 3727 2265 3776 runt
2292 3735 2400 3790 me,
2429 3722 2606 3776 intulit
2631 3738 2650 3776 :
2682 3722 2986 3777 Diviserunt
3011 3722 3112 3779 sibi
3143 3722 3469 3779 vestimenta
3497 3738 3652 3791 mea,
3686 3732 3742 3780 el

2135 3824 2300 3880 super
2325 3810 2704 3866 vestimentum
2724 3826 2903 3865 meum
2933 3811 3196 3866 miserunt
3213 3819 3438 3867 sortem.
3472 3810 3718 3868 Conside

2134 3911 2308 3956 rantes
2335 3903 2472 3957 enim
2511 3918 2613 3971 me,
2643 3904 2734 3968 ait,
2782 3909 2832 3957 et
2857 3904 3226 3973 conspicientes
3266 3902 3404 3972 quod
3429 3903 3618 3956 omnia
3660 3904 3740 3959 eis

2132 4001 2402 4048 evenerunt
2420 3994 2477 4047 in
2491 4008 2571 4047 me
2591 3992 2881 4047 desiderata
2906 3992 3224 4064 (conspicere
3243 3994 3383 4048 enim
3408 3993 3485 4048 ita
3504 4001 3565 4047 ut
3589 3994 3749 4066 apud

2132 4102 2228 4141 nos
2256 4086 2442 4140 dicitur
2468 4103 2563 4156 pro
2587 4102 2648 4141 eo
2677 4086 2811 4155 quod
2835 4094 2911 4139 est
2934 4101 2952 4139 :
2992 4084 3135 4142 Vidit
3157 4086 3213 4140 in
3233 4102 3352 4141 eum
3379 4102 3497 4158 qua:
3523 4087 3741 4149 uolebat

2130 4176 2242 4245 pati
2260 4176 2397 4246 eum)
2411 4178 2544 4247 jam,
2575 4184 2819 4248 tanquam
2842 4191 2923 4230 me
2949 4178 3158 4232 omnino
3186 4176 3342 4233 malis
3369 4178 3574 4247 dedito,
3591 4180 3738 4235 sicut

2043 4282 2059 4297 ο
2131 4268 2319 4335 hostes,
2348 4285 2464 4324 mea
2484 4276 2599 4339 post
2626 4269 2963 4324 vastationem
2989 4276 3038 4325 et
3065 4268 3415 4337 captivitatem
3433 4269 3741 4328 diviserunt

2128 4368 2266 4416 sorte
2293 4360 2592 4415 diuisionem
2618 4374 2793 4415 eorum
2833 4360 3100 4430 facientes.
3142 4357 3215 4413 Et
3253 4362 3578 4432 euangelista
3608 4365 3738 4435 qui-

2129 4452 2244 4509 dem
2269 4455 2322 4509 in
2356 4452 2576 4509 Domino
2603 4452 2756 4508 verba
2776 4467 2842 4507 ea:
2868 4451 3019 4506 rebus
3040 4466 3331 4519 assumens,
3363 4454 3442 4509 eis
3470 4470 3603 4510 usus
3624 4463 3740 4527 est,

2047 4538 2102 4599 D
2128 4546 2260 4600 sicut
2286 4554 2335 4601 et
2361 4548 2417 4599 in
2459 4544 2577 4600 aliis
2605 4545 2850 4599 diximus.
2894 4540 3037 4598 Nam
3074 4542 3211 4613 quod
3237 4559 3343 4599 non
3367 4546 3636 4613 pertineat
3658 4545 3739 4602 ad

2126 4638 2413 4695 Dominum
2439 4640 2689 4711 psalmus,
2736 4639 2793 4691 in
2819 4636 3459 4707 superioribuseuidenter
3484 4641 3735 4696 ostendi-

2126 4746 2259 4785 mus.
2290 4731 2357 4782 At
2383 4745 2498 4784 vero
2526 4730 2705 4782 beatus
2724 4726 2896 4780 Dauid
2923 4742 3082 4796 supra
3101 4728 3313 4783 modum
3340 4729 3446 4783 ista
3472 4730 3650 4801 magis
3674 4732 3735 4785 in
3818 4744 3821 4747 '

2126 4821 2204 4876 his
2232 4834 2346 4891 qua:
2380 4818 2444 4872 ab
2471 4816 2713 4870 Absolom
2753 4817 2894 4886 facta
2919 4822 3062 4885 sunt,
3104 4816 3240 4871 dixit
3260 4834 3279 4873 :
3315 4820 3570 4888 quoniam
3599 4819 3735 4875 dum

2122 4910 2413 4964 recessisset
2431 4907 2611 4972 David,
2617 4908 2736 4976 jure
2747 4907 2864 4962 belli
2888 4908 3209 4978 metropolim
3235 4910 3527 4981 ingressus,
3540 4928 3735 4969 omnes

2122 4998 2326 5071 quidem
2353 4997 2568 5052 obtinuit
2609 5012 2693 5052 res
2731 4997 2951 5069 regales,
2983 5014 3090 5055 non
3128 4999 3301 5070 piguit
3337 5011 3514 5060 autem
3551 5001 3735 5076 patris

2119 5091 2285 5147 cubile
2310 5090 2601 5159 inquinare.

2570 5198 2575 5201 ’
2654 5199 2833 5272 Vigilii
2872 5204 3160 5273 responsio.

2186 5312 2245 5367 In
2273 5309 2634 5383 suprascripto
2664 5311 2924 5380 vigesimo
2954 5323 3149 5382 quarto
3188 5317 3431 5387 capitulo
3480 5318 3554 5376 de
3595 5334 3692 5379 me
3719 5358 3729 5373 ι

2115 5413 2329 5460 morato
2378 5403 2568 5457 eodem
2613 5402 2872 5470 vigesimo
2922 5406 3098 5473 primo
3140 5408 3352 5478 psalmo
3400 5410 3494 5465 illa
3545 5413 3728 5470 verba

2117 5495 2208 5548 ubi
2240 5493 2367 5547 dicit
2400 5510 2411 5543 :
2446 5489 2713 5546 Fuderunt
2757 5509 2943 5549 manus
2971 5512 3111 5552 meas
3139 5508 3189 5552 et
3225 5501 3380 5569 pedes
3428 5521 3597 5569 meos,
3632 5506 3726 5560 di—

2117 5591 2508 5641 numeraverunt
2531 5585 2704 5640 omnia
2734 5601 2852 5641 ossa
2879 5603 2992 5641 mea
3018 5604 3036 5643 :
3065 5589 3167 5659 ipsi
3193 5607 3314 5648 vero
3343 5595 3725 5655 considerare-
