4042 6482
513 424 584 482 87
1897 414 2123 474 vuum
2161 412 2365 471 mea;
2918 432 2928 440 ~
3700 424 3770 479 ει

509 541 763 609 certabat,
803 538 1124 609 mortiﬁcans
1166 538 1367 609 quidem
1402 538 1459 593 in
1499 550 1655 590 carne
1699 542 1993 605 peccatum,
2042 541 2091 586 et
2116 535 2168 593 Α
2192 532 2350 585 minis
2369 538 2609 585 naturam
2634 538 2684 585 et
2701 531 3241 601 personamsimiliter.
3264 531 3484 599 Quando
3512 545 3683 593 autem
3706 540 3777 592 ad

508 638 846 688 mansuetam
869 629 981 701 ejus
1010 629 1269 693 libidines,
1315 638 1365 682 et
1405 627 1558 697 facile
1583 622 1858 695 capiendas
1887 621 2087 677 meliori
2188 623 2602 693 coniunctionem
2626 674 2643 681 ,
2670 624 3001 695 respiciamus
3026 665 3041 693 ,
3098 641 3255 680 unam
3325 643 3600 697 personam
3656 637 3777 683 tunc

507 721 711 776 ratione
756 719 947 774 anima:
987 720 1205 790 faciens,
1255 717 1491 771 erudiens
1531 724 1700 769 autem
1745 714 1992 775 animam,
2041 719 2092 765 et

506 818 800 865 exercitum
819 816 870 863 et
890 825 1012 863 suas
1033 794 1298 878 passiones
1320 808 1539 871 vincere,
1564 814 1613 869 et
1633 804 1805 858 carnis
1828 804 2092 874 refrenare

453 925 463 933 -
507 896 771 967 libidines,
789 898 897 953 [uec
917 907 1087 951 autem
1115 898 1281 951 deitas
1308 896 1606 951 inhabitans
1626 892 1955 965 operabatur,
1982 892 2092 949 ha:c

507 987 808 1045 inhabitans
835 988 1133 1045 medebatur
1154 990 1356 1061 utrique
1376 1004 1570 1043 eorum.

1062 1104 1237 1175 Vigilii
1262 1106 1548 1176 responsio.

579 1193 640 1249 ln
686 1195 1048 1266 suprascripto
1094 1196 1352 1265 vigesimo
1393 1204 1584 1252 octavo
1622 1194 1857 1267 capitulo
1900 1192 2093 1251 iterum

508 1300 674 1357 purus
710 1286 872 1341 homo
899 1286 1143 1343 Christus
1184 1286 1469 1353 inducitur,
1509 1287 1601 1357 qui
1644 1287 1855 1343 ratione
1881 1286 2091 1352 animae,

509 1376 754 1448 corporis
781 1376 974 1434 dicitur
1003 1387 1310 1436 mansuetas
1350 1378 1542 1434 fecisse
1570 1377 1837 1446 libidines,
1874 1386 1929 1433 et
1968 1391 2093 1432 eru-

511 1467 657 1525 disse
681 1470 935 1539 animam,
967 1482 1024 1526 et
1046 1470 1372 1526 exercitasse
1400 1486 1541 1541 eam,
1572 1480 1631 1526 ut
1657 1470 1935 1543 passiones
1972 1484 2097 1525 suas

511 1560 773 1631 vinceret,
820 1570 878 1619 et
924 1563 1101 1618 carnis
1131 1563 1184 1616 in
1214 1577 1273 1618 se
1318 1562 1567 1619 libidines
1608 1563 1946 1619 refrenaret:
1977 1577 2097 1633 quae

511 1658 696 1706 tamen
741 1659 997 1722 utraque,
1040 1652 1307 1708 mediante
1348 1652 1567 1722 deitate,
1614 1662 1888 1725 operatam
1934 1653 2097 1710 fuisse

512 1740 647 1797 dicit
666 1743 899 1797 animam
925 1762 938 1798 :
963 1754 1022 1799 ut
1037 1744 1327 1801 secundum
1349 1744 1464 1799 haec
1483 1744 1595 1813 jam
1613 1759 1715 1800 nec
1736 1746 1910 1814 ipsum
1931 1759 2095 1799 unum

514 1832 873 1903 eamdemque
900 1833 1079 1890 Jesum
1109 1834 1376 1890 Christum
1409 1834 1758 1890 mediatorem
1789 1835 1885 1889 Dei
1912 1842 1965 1889 et
1993 1834 2095 1889 ho-

513 1926 715 1981 minum
742 1927 1052 1996 habeamus,
1082 1928 1178 1984 sed
1205 1929 1353 1985 carni
1378 1938 1433 1983 et
1459 1927 1651 1982 animae
1674 1926 1958 1982 mediatrix
1978 1926 2095 1982 dei-
2128 1919 2175 1980 B

516 2025 599 2073 tas
620 2019 783 2076 fuisse
811 2020 1075 2077 videatur.
1108 2021 1210 2088 Qui
1240 2022 1403 2091 igitur
1445 2021 1561 2076 haec
1608 2020 1682 2074 ita
1720 2019 1878 2091 sapit,
1917 2019 2097 2090 docet,

514 2109 687 2166 credit
715 2119 808 2165 aut
828 2111 1102 2182 praedicat,
1136 2112 1424 2168 anathema
1457 2113 1546 2167 sit.

920 2239 1187 2280 THEODORI
1216 2239 1515 2281 CAPITULUI
1545 2240 1709 2281 XXIX.’

589 2315 696 2371 Sed
724 2317 768 2371 si
798 2333 917 2371 caro
941 2325 1072 2382 erat,
1105 2318 1289 2387 inquit,
1319 2318 1590 2387 cruci/ima,
1623 2317 1874 2387 quomodo
1905 2319 1984 2372 sol
2012 2334 2099 2372 ra-

516 2408 630 2461 dios
653 2409 851 2476 avertit,
874 2418 922 2462 et
948 2406 1165 2463 tenebrte
1190 2417 1561 2479 occupaverunt
1586 2418 1777 2463 terram
1797 2426 2018 2477 onmem,
2049 2418 2100 2465 et

517 2509 857 2567 lerrwntotus,
915 2511 966 2557 et
1004 2513 1163 2573 petrae
1189 2501 1629 2575 dirumpebantur,
1680 2512 1730 2556 et
1768 2504 1955 2557 mortui
1984 2520 2100 2557 sur-

516 2594 801 2646 rexerunt?
823 2591 960 2657 Quid
979 2596 1137 2665 igitur
1162 2595 1339 2649 dicant
1366 2603 1413 2649 et
1454 2595 1515 2649 de
1544 2592 1761 2651 tenebris
1783 2597 1836 2650 in
1866 2594 2099 2668 JEgypto

519 2683 671 2753 factis
702 2683 1013 2754 temporibus
1040 2684 1260 2756 Moysis,
1302 2704 1404 2740 non
1434 2703 1525 2757 per
1556 2696 1658 2741 tres
1689 2686 1861 2751 horas,
1893 2689 1983 2741 sed
2011 2704 2101 2758 per

519 2782 622 2829 tres
650 2775 801 2829 dies?
845 2777 969 2847 quid
994 2787 1163 2831 autem
1203 2786 1413 2848 propter
1436 2778 1544 2832 alia
1580 2796 1671 2849 per
1697 2777 1932 2849 Moysem
1960 2780 2101 2849 facta

516 2864 809 2919 miracula?
847 2876 896 2920 et
935 2883 1047 2938 qum
1074 2885 1165 2936 per
1214 2867 1392 2923 Jesum
1421 2868 1590 2935 Nare,
1633 2870 1719 2939 qui
1757 2872 1915 2923 solem
1962 2878 2103 2924 stare

520 2955 680 3025 fecit?
708 2959 792 3028 qui
818 2958 897 3012 sol
922 2967 971 3012 et
998 2959 1051 3013 in
1076 2959 1384 3030 temporibus
1411 2957 1649 3014 Ezechiae
1681 2962 1815 3031 regis
1846 2970 1896 3014 et
1921 2966 2103 3015 contra

516 3054 757 3101 naturam
784 3057 1037 3103 retrorsus
1057 3052 1172 3104 est?
1192 3049 1263 3103 Et
1288 3051 1350 3105 de
1374 3048 1554 3106 Elisazi
1575 3051 1806 3122 reliquiis
1830 3068 1943 3123 qua:
1964 3067 2103 3106 mor-

519 3144 660 3191 tuum
689 3141 1042 3194 suscitarunt?
1070 3141 1131 3196 Si
1158 3144 1295 3196 enim
1333 3141 1551 3196 Verbum
1581 3142 1745 3197 Deum
1771 3160 1979 3213 passum
2009 3142 2103 3197 de-

520 3238 814 3283 monstrant
841 3247 955 3299 qute
980 3233 1035 3286 in
1066 3250 1216 3287 cruce
1258 3236 1399 3304 facta
1428 3241 1569 3303 sunt,
1608 3242 1658 3289 et
1695 3243 1904 3305 propter
1932 3235 2100 3289 homi-

522 3335 637 3373 nem
667 3337 769 3375 non
798 3324 1085 3379 concedunt
1123 3328 1263 3396 facta
1291 3343 1432 3391 esse;
1479 3336 1527 3382 et
1556 3344 1669 3398 qua:
1708 3330 1763 3383 in
1794 3330 2103 3400 temporibus

522 3410 741 3483 Moysis,
774 3425 983 3486 propter
1010 3434 1168 3487 genus
1204 3417 1464 3473 Abraham
1490 3437 1592 3475 non
1632 3431 1800 3488 erant,
1831 3431 1881 3476 et
1908 3439 2022 3495 qua:
2048 3424 2105 3477 in

520 3506 833 3575 temporibus
861 3506 985 3562 Jesu
1010 3506 1178 3575 Nave,
1201 3518 1252 3563 et
1281 3527 1394 3581 qua:
1416 3502 1471 3565 in
1494 3510 1735 3567 Ezechiae
1764 3515 1899 3585 regis
1926 3531 1944 3569 :
1970 3514 2106 3586 quod

520 3595 567 3651 si
610 3596 704 3651 illa
747 3608 957 3669 prapter
992 3597 1293 3655 Iudaeorum
1341 3604 1585 3672 populum
1630 3605 1935 3660 mirabiliter
1964 3608 2106 3677 facta

448 3706 451 3711 λ
519 3695 664 3755 sunt,
710 3688 961 3759 quomodo
992 3706 1093 3744 non
1122 3692 1288 3762 magis
1335 3708 1447 3764 qum
1492 3695 1547 3749 in
1590 3709 1737 3751 cruce
1775 3698 1918 3769 facta
1964 3706 2125 3766 sunt,

523 3784 735 3849 propter
756 3778 855 3853 Dei
885 3779 1036 3835 Verbi
1060 3782 1346 3852 templum?

1074 3894 1252 3967 Vigilii
1291 3900 1573 3968 responsio.

597 3977 656 4035 ln
682 3983 1042 4054 suprascripto
1069 3985 1330 4054 vigesimo
1354 4002 1499 4044 nono
1521 3989 1776 4060 capitulo,
1808 3989 1931 4047 dum
1953 3990 2109 4060 quasi

527 4071 841 4142 Apollinari,
866 4074 958 4144 qui
980 4074 1215 4129 divinam
1239 4086 1483 4133 naturam
1509 4080 1846 4150 passionibus
1874 4066 2109 4152 implica-

526 4164 637 4232 bat,
670 4166 1074 4235 contradicitur,
1099 4184 1130 4225 a
1157 4181 1308 4227 recto
1332 4172 1544 4229 tramite
1571 4174 1890 4241 declinatur,
1915 4182 1971 4230 et
1990 4190 2110 4232 mo-

525 4256 626 4313 dus
645 4259 955 4315 assertionis
980 4260 1252 4317 exceditur
1268 4302 1285 4329 ,
1326 4272 1385 4318 ut
1412 4279 1579 4334 purus
1606 4265 1769 4320 homo
1791 4264 2109 4337 pependisse

524 4354 743 4415 putetur
788 4348 843 4402 in
891 4362 1070 4406 cruce.
1100 4349 1167 4404 Et
1207 4352 1329 4409 ideo
1370 4354 1462 4423 qui
1509 4354 1613 4411 hoc
1634 4355 1708 4409 ita
1730 4355 2106 4426 sapit,doeet,

525 4435 698 4492 credit
743 4446 836 4491 aut
886 4439 1141 4508 prmdicat
1162 4482 1177 4507 ,
1209 4450 1264 4498 et
1303 4457 1412 4498 non
1439 4442 1711 4500 Christum
1734 4445 1902 4501 Deum
1922 4461 2108 4503 verum

525 4528 773 4594 credens,
797 4539 1052 4588 manente
1079 4532 1394 4603 impassibili
1416 4534 1641 4604 deitate,
1664 4536 1915 4595 eumdem
1942 4553 2109 4596 carne

523 4620 744 4691 propria
769 4635 985 4692 passum
1007 4638 1127 4680 esse
1155 4623 1463 4696 conﬁtetur,
1487 4628 1772 4684 anathema
1793 4629 1882 4685 sit.

931 4751 1193 4794 TIEODOBI
1233 4756 1532 4796 CAPITULUI
1570 4757 1698 4796 XXX.

598 4824 935 4899 Manifestum
986 4838 1063 4885 est
1109 4841 1277 4887 autem
1317 4833 1452 4904 quod
1492 4834 1669 4889 unitas
1712 4837 1987 4892 convenit:
2017 4854 2108 4908 per

523 4933 641 4972 eam
663 4920 799 4973 enim
828 4928 1028 4977 natnrte
1057 4922 1284 4978 collecta:
1323 4940 1480 4977 unam
1526 4942 1800 4993 personam
1827 4928 2108 4983 secundum

522 5009 776 5067 unitatem
797 5009 1089 5079 effecerunt.
1124 5012 1271 5068 Sicut
1292 5014 1429 5068 enim
1451 5013 1516 5068 de
1544 5016 1653 5071 viro
1666 5027 1714 5071 et
1742 5017 1953 5073 muliere
1972 5020 2107 5074 dici-

523 5109 629 5169 tur,
647 5101 783 5174 quod
798 5102 915 5172 jam
937 5120 1039 5159 non
1055 5114 1172 5159 sunt
1201 5106 1324 5171 duo,
1348 5107 1439 5161 sed
1457 5123 1562 5161 una
1581 5124 1704 5163 caro
1720 5109 1930 5182 (Matth.
1955 5109 2105 5185 xxx);

524 5190 757 5247 dicamus
782 5202 830 5261 ε]
858 5211 953 5250 nos
980 5196 1357 5251 rationabiliter
1382 5199 1660 5255 secundum
1702 5202 1915 5257 unitatis
1940 5204 2105 5259 ratio-

521 5298 662 5353 nem,
685 5287 929 5356 quoniam
952 5302 1055 5342 non
1079 5298 1196 5343 sunt
1220 5289 1338 5344 duae
1365 5307 1623 5362 personae,
1654 5293 1743 5347 sed
1768 5310 1893 5361 una,
1915 5296 2107 5351 scilicet

522 5376 725 5430 naturis
778 5377 1033 5432 discretis.
1080 5378 1229 5434 Sicut
1276 5383 1413 5435 enim
1450 5382 1520 5435 ibi
1552 5400 1653 5437 non
1700 5393 1847 5439 nocet
1894 5402 2103 5442 numero

523 5459 742 5519 duorum
780 5484 935 5521 unam
974 5470 1073 5524 dici
1103 5487 1310 5524 carnem
1335 5473 1550 5541 (certum
1573 5482 1649 5527 est
1670 5476 1805 5529 enim
1827 5476 2103 5531 secundum

520 5556 659 5625 quod
685 5574 789 5611 una
812 5559 1021 5627 dicitur)
1050 5578 1065 5621 ;
1088 5562 1159 5613 ita
1190 5570 1238 5613 et
1259 5562 1341 5614 hic
1368 5580 1471 5618 non
1498 5574 1645 5618 nocet
1671 5577 1973 5622 naturarum
2001 5570 2107 5642 dif-

521 5646 755 5716 ferentia:
780 5666 1012 5717 persona:
1040 5652 1231 5704 unitas.
1267 5650 1486 5715 Quando
1506 5657 1658 5709 etiam
1688 5667 1737 5710 et
1765 5668 1980 5712 naturas
1999 5660 2109 5716 dis-

521 5740 795 5803 cernimus,
836 5743 1115 5811 perfectam
1165 5752 1403 5797 naturam
1448 5745 1545 5799 Dei
1596 5746 1746 5801 Verbi
1776 5749 2016 5816 dicimus,
2057 5761 2108 5806 et

521 5835 802 5899 perﬁdam
842 5849 1112 5900 personam
1144 5848 1161 5885 :
1201 5850 1292 5885 nec
1320 5838 1454 5888 enim
1482 5839 1593 5891 sine
1631 5855 1850 5909 persona
1877 5849 1952 5894 est
1983 5841 2104 5894 sub-

528 5920 811 5978 sistentiam
854 5922 1020 5980 direre
1068 5924 1345 5996 perfectam
1376 5942 1393 5981 :
1424 5928 1704 6002 perfectam
1733 5938 1900 5988 autem
1928 5939 1978 5990 ct
2007 5931 2108 5992 hoc

817 6063 853 6093 τ
1583 6025 1591 6033 ’
1742 6028 1745 6031 ’
2086 6024 2175 6096 Ψ

2190 717 2430 773 dicimus.

2233 826 2237 831 ’
2734 831 2911 905 Vigilii
2949 836 3231 906 responsio.

2262 944 2321 1001 In
2350 945 2713 1017 suprascripto
2742 947 3017 1018 trigesimo
3062 948 3297 1019 capitulo
3325 949 3561 1020 pessimo
3588 964 3781 1006 exem-

2192 1038 2285 1110 plo
2312 1046 2551 1094 tentatur
2598 1039 2844 1105 ostendi,
2874 1042 3147 1110 quomodo
3175 1058 3283 1098 una
3313 1058 3547 1113 persona
3574 1044 3781 1100 Christi

2195 1129 2365 1201 possit
2404 1130 2646 1199 intelligi,
2698 1131 2753 1186 id
2779 1120 2896 1199 'est,
2928 1133 3067 1188 sicut
3110 1133 3179 1189 de
3204 1132 3320 1189 viro
3348 1142 3405 1189 et
3448 1134 3516 1190 de
3554 1134 3785 1191 muliere

2195 1218 2642 1276 convenientibus
2668 1220 2884 1289 legitur,
2915 1222 2993 1278 sic
3021 1230 3076 1279 et
3102 1222 3157 1278 in
3178 1221 3392 1281 Christo
3420 1223 3666 1281 discretis
3691 1240 3788 1280 na-

2197 1310 2329 1366 turis
2353 1310 2508 1381 quasi
2553 1326 2715 1365 unam
2754 1326 2874 1367 esse
2902 1328 3189 1383 personam
3220 1331 3235 1367 :
3278 1323 3335 1369 et
3368 1315 3611 1384 sequitur
3655 1330 3787 1387 pero

2195 1400 2394 1457 rectam
2422 1416 2541 1457 esse
2594 1408 2840 1457 naturam
2884 1402 2980 1458 Dei
3008 1402 3199 1470 Verbi,
3243 1412 3299 1460 et
3324 1405 3615 1475 perlectam
3654 1422 3780 1477 per-

2198 1508 2387 1549 sonam
2427 1531 2443 1557 ,
2513 1499 2569 1548 et
2629 1492 2925 1563 perfectam
3000 1494 3233 1550 hominis
3308 1503 3558 1550 naturam
3620 1508 3788 1566 atque

2197 1596 2506 1654 personam,
2562 1589 2619 1639 et
2657 1581 2947 1639 similiter:
2990 1583 3137 1639 unde
3184 1592 3405 1655 apparet
3443 1585 3569 1655 quia
3623 1595 3679 1641 et
3717 1586 3789 1643 de

2198 1673 2446 1743 exemplo
2472 1672 2573 1727 viri
2601 1688 2665 1729 ac
2690 1673 2931 1729 mulieris
2952 1713 2969 1740 ,
2998 1675 3091 1730 ubi
3138 1675 3257 1730 dua:
3282 1692 3526 1746 persona:
3552 1685 3696 1744 sunt,
3729 1688 3791 1733 et

2200 1763 2268 1819 de
2294 1765 2378 1821 his
2398 1779 2516 1835 quae
2543 1773 2859 1835 sequuntur,
2888 1767 3103 1821 tametsi
3126 1774 3332 1823 tacetur
3354 1783 3609 1823 numerus
3626 1808 3643 1833 ,
3666 1768 3791 1823 dua:

2201 1865 2381 1913 autem
2424 1857 2754 1913 inducuntur
2802 1859 2960 1916 unius
2987 1858 3185 1915 Christi
3214 1874 3477 1930 personae.
3508 1860 3665 1927 Quod
3692 1861 3790 1930 qui

2201 1948 2276 2008 ita
2312 1950 2472 2022 sapit,
2514 1951 2699 2019 docet,
2730 1950 2903 2007 credit
2946 1960 3039 2007 aut
3063 1952 3339 2023 prtedicat,
3371 1953 3660 2010 anathema
3690 1953 3781 2010 sit.

2600 2078 2868 2120 THBODOM
2906 2080 3206 2121 ολιιιτυιυκ
3242 2081 3387 2121 XXXI.

2272 2175 2379 2232 Sed
2406 2176 2667 2232 Christum
2690 2178 2895 2249 quidem
2924 2178 3201 2233 secundum
3230 2194 3438 2234 carnem
3465 2189 3516 2235 et
3543 2196 3789 2253 assump-

2202 2279 2307 2325 tam
2328 2272 2459 2325 servi
2481 2272 2722 2341 formam,
2747 2287 2861 2325 eum
2892 2280 3060 2325 autem
3080 2272 3165 2342 qui
3195 2287 3310 2325 eam
3337 2274 3616 2343 assumpsit
3634 2288 3790 2343 super

2201 2365 2375 2420 omnia
2415 2365 2690 2419 nominans
2733 2362 2931 2427 Deum,
2976 2363 3152 2417 intulit
3182 2372 3350 2417 tamen
3375 2363 3469 2418 hoc
3508 2364 3791 2418 secundum

2201 2453 2642 2524 conjunctionem;
2662 2462 2718 2507 ut
2742 2471 2832 2525 per
2856 2454 3286 2523 signiﬁcationem
3314 2454 3597 2519 nominum,
3629 2463 3790 2509 natu-

2202 2563 2378 2600 rarum
2407 2547 2737 2616 manifestam
2763 2545 3063 2599 divisionem
3085 2546 3267 2616 faciat.
3300 2543 3468 2600 Nemo
3494 2546 3672 2616 igitur,
3705 2563 3795 2601 ne-

2202 2654 2298 2709 que
2342 2653 2456 2691 eum
2501 2636 2587 2707 qui
2642 2636 2920 2690 secundum
2948 2652 3156 2690 carnem
3197 2651 3264 2690 ea:
3297 2633 3495 2691 Judteis
3523 2645 3618 2703 est,
3649 2637 3793 2691 dicat

2203 2728 2391 2796 Deum,
2436 2744 2529 2782 nec
2572 2731 2757 2782 iterant
2784 2727 2971 2796 Deum,
2994 2728 3082 2799 qui
3104 2736 3180 2783 est
3203 2744 3354 2798 super
3380 2728 3574 2797 omnia,
3607 2743 3794 2784 secun-

2204 2819 2326 2875 dum
2348 2836 2557 2875 carnem
2583 2834 2647 2874 ex
2667 2818 2886 2873 Judteis.

2744 2929 2924 3002 Vigilii
2959 2933 3247 3003 responsio.

2275 3021 2333 3077 ln
2358 3020 2718 3093 suprascripto
2741 3021 3017 3091 trigesimo
3044 3023 3219 3093 primo
3245 3022 3502 3095 capitulo,
3530 3023 3585 3080 in
3610 3040 3789 3096 expo-

2204 3111 2400 3171 sitione
2420 3128 2539 3183 qua:
2579 3111 2647 3168 de
2692 3112 2939 3184 symbolo
2964 3121 3325 3170 trecentorum
3366 3114 3551 3172 decem
3580 3124 3635 3171 et
3661 3124 3791 3173 octo

2208 3204 2429 3261 Patrum
2474 3205 2619 3261 facta
2646 3204 2859 3261 videtur
2881 3246 2897 3272 ,
2926 3221 3035 3261 non
3064 3206 3238 3263 solum
3266 3205 3456 3263 divisio
3477 3217 3793 3264 naturarum

2134 3304 2178 3367 c
2209 3297 2487 3363 asseritur,
2518 3296 2613 3355 sed
2640 3303 2696 3353 et
2721 3296 2969 3353 absolute
2997 3296 3225 3354 dicendo
3246 3337 3262 3366 ,
3308 3311 3486 3368 neque
3524 3313 3648 3354 eum
3696 3298 3793 3367 qui

2207 3389 2502 3445 secundum
2530 3403 2751 3444 carnem
2778 3404 2848 3445 ex
2880 3386 3079 3444 ludatis
3107 3389 3280 3445 nudus
3299 3389 3500 3446 deitate
3524 3390 3707 3455 homo,
3731 3399 3796 3446 et

2206 3497 2372 3553 purus
2398 3480 2513 3537 sine
2540 3494 2705 3535 carne
2758 3479 2922 3547 Deus,
2951 3479 3104 3551 quasi
3147 3494 3390 3559 seorsum
3443 3487 3501 3536 et
3543 3494 3796 3536 seorsum

2206 3573 2325 3629 duae
2365 3572 2785 3644 pronuntiantur
2823 3587 2944 3628 esse
2978 3587 3240 3643 personae.
3288 3571 3493 3645 Siquis
3517 3585 3646 3640 ergo
3673 3571 3795 3628 haec

2206 3667 2281 3723 ita
2303 3665 2468 3736 sapit,
2507 3665 2686 3733 docet,
2719 3664 2894 3722 credit
2945 3674 3038 3721 aut
3078 3665 3354 3736 prmdicat,
3395 3673 3451 3721 et
3490 3679 3599 3721 non
3626 3664 3706 3720 sic
3733 3665 3796 3719 in

2208 3770 2317 3811 uno
2345 3754 2564 3813 Christo
2595 3755 2774 3813 unitas
2814 3752 3106 3812 conﬁtetur
3130 3770 3251 3812 esse
3275 3763 3498 3813 naturas
3519 3793 3536 3821 ,
3582 3762 3643 3811 ut
3666 3769 3797 3826 per-

2206 3864 2355 3904 sonte
2382 3849 2496 3905 sive
2523 3848 2885 3905 subsistentia:
2912 3848 3255 3921 singularitas
3281 3856 3627 3931 agnoscatur,
3655 3863 3793 3905 ana-

2209 3937 2389 3994 thema
2418 3938 2506 3995 sit.

2586 4070 2853 4112 τιιιουοιιι
2891 4071 3191 4113 (ιλιιηυιωι
3226 4072 3392 4114 XXXII.

2280 4142 2461 4199 Jesum
2506 4144 2650 4200 enim
2679 4146 2808 4203 dicit
2844 4163 2875 4202 a
2921 4147 3208 4216 Nazareth,
3259 4163 3419 4217 quem
3462 4148 3615 4203 unxit
3647 4147 3797 4205 Deus

2208 4234 2411 4305 Spiritu
2439 4244 2628 4293 sancto
2657 4245 2711 4292 et
2725 4238 2922 4293 virtute
2950 4238 3087 4309 (Act.
3117 4238 3173 4308 ι)
3201 4256 3215 4293 :
3245 4240 3331 4308 qui
3354 4247 3526 4294 autem
3546 4238 3642 4294 Dei
3670 4238 3799 4310 δρῦς

2210 4329 2313 4384 ritu
2334 4338 2515 4385 unctus
2555 4339 2658 4397 est,
2689 4331 2895 4385 omnino
2921 4329 3117 4403 aliquid
3142 4330 3264 4385 inde
3308 4332 3604 4401 assumpsit.
3659 4328 3796 4394 Quis

2211 4430 2381 4475 autem
2422 4423 2596 4493 furens
2638 4421 2777 4476 dicat
2806 4421 2869 4476 de
2894 4419 3094 4492 Spiritu
3124 4421 3319 4492 aliquid
3345 4424 3684 4493 assumpsisse
3712 4423 3800 4476 di-

2208 4515 2383 4569 vinam
2410 4522 2674 4581 naturam;
2704 4530 2910 4569 necnon
2938 4522 2986 4568 et
3014 4514 3343 4585 participem?
3355 4514 3634 4585 participes
3654 4516 3801 4569 enim

2211 4606 2324 4676 ejus
2362 4606 2597 4660 videlicet
2634 4614 2779 4661 vocat
2818 4607 2905 4676 qui
2941 4614 2990 4660 et
3012 4606 3113 4676 ipsi
3157 4608 3298 4661 uncti
3325 4617 3483 4672 sunt;
3506 4608 3592 4677 qui
3623 4618 3798 4662 autem

2131 4676 2187 4738 Ῑ)
2211 4696 2351 4750 uncti
2379 4706 2527 4763 sunt,
2559 4705 2608 4751 et
2636 4698 2690 4751 in
2728 4697 2823 4751 hoc
2871 4696 3146 4767 participes
3176 4697 3287 4766 ejus
3304 4696 3445 4765 juste
3494 4676 3642 4766 facti,
3691 4713 3797 4751 non

2214 4788 2364 4843 aliter
2387 4788 2651 4842 unctiones
2680 4788 3058 4842 communicare
3083 4788 3323 4840 dicuntur
3347 4825 3363 4852 ,
3387 4788 3487 4840 nisi
3516 4788 3561 4840 ei
3590 4788 3675 4857 qui
3706 4802 3799 4840 as-
3859 4786 3867 4793 ’

2212 4889 2442 4951 sumptus
2469 4890 2586 4934 est:
2632 4880 2727 4935 hoc
2772 4881 2941 4949 ipsum
2989 4888 3159 4934 autem
3208 4878 3607 4946 demonstratur,
3662 4891 3800 4950 quod

2210 4972 2492 5027 mercedem
2508 4973 2707 5043 justam
2729 4970 2964 5041 accepit:
2993 4968 3100 5026 Pro
3124 4970 3229 5026 hoc
3256 4969 3625 5042 enim,inquit,
3654 4968 3800 5038 quod

2209 5062 2442 5118 dilexisti
2465 5060 2747 5131 justitiam,
2781 5069 2835 5117 et
2854 5060 3016 5117 odisti
3043 5061 3399 5132 iniquitatem,
3424 5076 3525 5134 pro
3552 5061 3635 5116 his
3660 5075 3799 5132 prae-

2212 5154 2426 5227 cipuam
2454 5154 2764 5247 unctionem
2788 5154 3050 5211 meruisti.

2758 5265 2936 5338 Vigilii
2976 5265 3260 5337 responsio.

2282 5384 2341 5439 In
2362 5382 2727 5455 suprascripto
2748 5380 3027 5451 trigesimo
3052 5381 3291 5438 secundo
3313 5378 3553 5451 capitulo
3574 5379 3626 5434 in
3651 5394 3801 5434 com-

2212 5485 2396 5533 mento
2422 5474 2673 5546 EpilekB
2711 5471 2781 5529 ad
2810 5471 3065 5530 llebrzcos
3111 5472 3398 5528 adhibetur
3444 5471 3575 5527 illud
3633 5470 3799 5535 Petri,

2215 5569 2307 5624 ubi
2334 5568 2467 5623 dixit
2496 5584 2508 5619 :
2540 5564 2720 5620 Jesum
2759 5582 2791 5619 a
2833 5562 3119 5629 Nazareth,
3150 5580 3297 5635 quem
3324 5565 3475 5617 uiuit
3502 5562 3647 5616 Deus
3672 5562 3798 5630 Spi-

2214 5664 2317 5715 ritu
2343 5669 2521 5715 sancto
2543 5668 2589 5714 et
2614 5661 2813 5724 virtute,
2846 5666 2901 5712 et
2929 5657 3157 5713 infertur
3189 5675 3203 5710 :
3235 5656 3338 5722 Qui
3360 5664 3539 5711 autem
3567 5654 3798 5722 DciSpF

2214 5752 2322 5805 ritu
2350 5760 2541 5807 unctus
2567 5759 2650 5807 est
2673 5790 2688 5816 ,
2731 5747 3041 5804 omnimode
3069 5748 3271 5817 aliquid
3312 5748 3435 5802 inde
3466 5748 3753 5816 assumpsit
3779 5764 3794 5812 ;

2216 5849 2270 5894 ct
2297 5840 2506 5895 additur
2539 5857 2552 5895 :
2598 5840 2727 5906 Quis
2755 5846 2940 5892 autem
2970 5837 3151 5893 furens
3179 5837 3323 5893 dicat
3367 5837 3435 5891 de
3462 5837 3664 5908 Spiritu
3695 5836 3797 5889 ali-

2215 5931 2345 6005 quid
2372 5932 2722 6007 assumpsisse
2768 5928 3005 5992 divinam
3032 5932 3323 5989 naturam?
3364 5943 3462 6004 per
3487 5944 3607 6003 qua:
3636 5927 3795 5989 verba

2666 6020 2688 6042 ι
2700 6013 2723 6025 ο
2768 6018 2830 6028 ι..-
2900 6018 2917 6031 ρ-
2974 6028 2977 6029 ,
