4042 6466
349 407 421 468 89
1536 413 1888 473 EPISTOLAE
1927 415 2014 475 ET
2050 419 2384 478 DECRETA.
3525 435 3592 491 90

347 537 514 597 purus
538 525 699 580 homo
713 523 954 580 Christus
980 525 1264 592 inducitur,
1290 527 1382 596 qui
1405 529 1661 586 unctione
1689 530 1920 601 Spiritus
1944 535 1998 594 Α
2020 531 2350 602 baptizatum
2376 534 2572 590 dicitur
2600 553 2613 591 :
2643 537 2778 604 Quia
2807 548 3024 598 renatus
3049 543 3186 599 alter
3207 542 3381 601 factus
3418 555 3500 600 est
3528 559 3592 601 es

345 616 519 673 sancti
559 615 830 686 particeps
871 615 1042 673 factus
1067 617 1137 673 sit
1175 617 1368 673 divinae
1413 628 1651 687 natum,
1682 621 1820 677 sicut
1865 628 1922 677 et

347 705 437 760 alii
462 722 476 759 :
503 712 558 760 et
583 704 844 760 mercedis
867 705 1025 774 justze
1069 707 1287 763 nomine
1305 746 1321 774 ,
1351 709 1474 778 quia
1497 708 1745 766 dilexerit
1767 711 1922 780 justi-

346 797 474 851 tiam
504 838 519 863 ,
563 804 620 853 et
663 796 839 853 oderit
886 797 1239 868 iniquitatem,
1294 801 1619 872 prtecipuam
1666 803 1921 859 meruerit

343 892 673 947 unctionem.
718 891 820 958 Qui
866 907 994 964 ergo
1043 893 1118 948 ita
1157 894 1323 966 sapit,
1358 894 1556 967 'dOcet,
1609 896 1782 953 credit
1828 904 1921 953 aut

342 983 616 1057 praedicat,
637 985 922 1040 anathema
949 985 1036 1042 sit.

727 1118 990 1159 THEODORI
1028 1119 1325 1160 CAPITULUI
1362 1119 1544 1159 XXXIII.

411 1193 604 1261 Rabbi,
633 1203 693 1250 tu
711 1209 769 1250 es
790 1195 955 1250 Filius
981 1196 1092 1261 Dei,
1122 1204 1178 1250 tu
1193 1212 1252 1252 es
1271 1211 1367 1252 rex
1386 1195 1550 1250 Israel
1574 1213 1586 1249 :
1618 1197 1713 1256 hoc
1743 1204 1839 1265 est,
1864 1204 1920 1251 tu

339 1307 396 1344 es
421 1289 508 1343 ille
534 1289 621 1359 qui
641 1289 704 1344 de
732 1289 878 1360 longe
907 1290 1216 1360 prtedicatus
1244 1306 1297 1345 es
1327 1288 1558 1344 Christus
1583 1306 1600 1343 :
1624 1289 1732 1344 hwc
1781 1291 1918 1344 enim

339 1379 534 1434 scilicet
565 1379 629 1432 de
657 1379 858 1434 Christo
886 1378 1152 1451 sperabat,
1185 1381 1316 1435 sicut
1341 1381 1615 1436 domestico
1644 1382 1917 1436 constitute

337 1478 527 1541 praeter
546 1487 719 1526 omnes
749 1471 875 1528 Deo.

717 1597 983 1638 TREODORI
1021 1598 1321 1638 CAPITULUI
1358 1599 1537 1640 XXXIV.

409 1670 588 1727 Certus
602 1671 806 1744 quidem
824 1681 874 1726 et
895 1674 1004 1743 ipse
1028 1681 1141 1728 erat
1165 1672 1337 1729 Filius
1366 1671 1484 1735 Dei,
1511 1688 1614 1727 non
1636 1672 1916 1728 secundum

336 1763 543 1818 deitatis
571 1764 747 1819 dicens
776 1765 1126 1832 nativitatem,
1156 1766 1248 1820 sed
1274 1766 1552 1820 secundum
1577 1767 1710 1836 quod
1733 1766 1912 1821 dome-

2022 624 2223 695 altero,
2255 641 2362 681 non
2385 626 2498 696 jam
2546 643 2673 698 pars
2713 631 2880 687 Adam
2929 636 3199 692 mutabilis
3254 647 3311 694 et
3349 641 3589 709 peccatis

2023 715 2365 785 circumfusi,
2398 719 2490 775 sed
2515 718 2746 788 Christi,
2776 724 2868 793 qui
2895 725 3113 782 omnino
3142 726 3479 798 inculpabilis
3497 745 3592 802 per

2019 811 2467 868 resurrectionem
2519 812 2694 870 factus
2717 822 2798 871 est
2829 834 2842 871 :
2877 817 3072 886 quibus
3111 819 3286 875 verbis
3321 819 3592 878 Christum

2020 910 2147 957 ante
2175 905 2623 961 resurrectionem
2643 944 2658 972 ,
2689 909 2837 978 quod
2877 910 3054 979 absit,
3099 911 3215 967 vult
3236 912 3406 968 videri
3432 913 3596 973 fuisse

2018 993 2357 1065 culpabilem.
2389 995 2492 1064 Qui
2514 1010 2642 1068 ergo
2671 999 2788 1057 haec
2818 1000 2977 1072 sapit,
3023 1000 3185 1059 docet
3205 1009 3298 1059 aut
3315 1003 3593 1076 prtedicat,

2019 1087 2308 1144 anathema
2336 1089 2425 1145 sit.

2381 1220 2647 1263 TBEODORI
2683 1223 2982 1265 CAPITULUII
3019 1227 3220 1269 XXXVII.

2095 1317 2164 1373 Ut
2205 1320 2420 1374 multam
2446 1320 2648 1391 quidem
2676 1321 2786 1393 ejus
2817 1325 3009 1394 faceret
3038 1325 3359 1396 diligentiam
3381 1367 3396 1392 ,
3421 1327 3595 1382 omnia

2018 1416 2187 1462 autem
2239 1408 2379 1463 illius
2432 1413 2643 1480 propria
2685 1414 2876 1484 faceret
2918 1422 2969 1468 et
3014 1415 3274 1480 toleraret,
3303 1433 3394 1486 per
3420 1431 3596 1471 omnes

2019 1496 2294 1552 conductus
2317 1500 2598 1568 passiones,
2627 1517 2719 1572 per
2741 1519 2867 1573 quas
2884 1520 2995 1558 eum
3018 1506 3298 1560 secundum
3318 1524 3465 1561 suam
3493 1509 3596 1564 uir-

2019 1594 2176 1640 tutem
2202 1589 2482 1658 perfectum
2505 1589 2645 1658 fecit,
2662 1606 2754 1643 nec
2783 1608 2813 1644 a
2834 1595 3050 1648 mortuis
3078 1596 3354 1649 secundum
3379 1613 3487 1650 sua:
3508 1613 3596 1651 na-

2017 1685 2148 1732 tura:
2184 1678 2344 1748 legem
2387 1680 2647 1746 recedens,
2679 1683 2769 1736 sed
2790 1699 2884 1737 sua
2912 1687 3190 1752 prazsentia
3218 1697 3269 1742 et
3297 1689 3596 1760 operatione

2020 1777 2070 1820 et
2097 1769 2266 1838 gratia
2295 1768 2518 1825 liberans
2546 1787 2659 1826 eum
2704 1776 2908 1844 quidem
2951 1776 3014 1830 de
3035 1787 3196 1833 morte
3232 1787 3281 1832 et
3308 1779 3460 1834 malis
3482 1793 3597 1850 qua:

333 1856 493 1909 sticus
531 1854 642 1911 Deo
669 1865 808 1922 erat,
855 1873 947 1927 per
973 1857 1108 1927 quod
1153 1855 1278 1910 Filii
1317 1855 1417 1910 Dei
1443 1857 1527 1926 qui
1556 1873 1649 1927 per
1683 1858 1916 1911 virtutem
1951 1917 1990 1937 ἢ
2017 1858 2139 1912 inde
2163 1868 2281 1912 sunt
2309 1900 2323 1926 ,
2355 1863 2666 1916 resuscitans
2710 1873 2882 1920 autem
2918 1883 3031 1922 eum
3076 1869 3140 1923 tle
3179 1871 3420 1937 mortuis,
3451 1879 3500 1925 et
3526 1867 3596 1923 ad

336 1947 603 2004 domestici
639 1947 750 2004 Deo
780 1950 1042 2004 constituti
1071 1949 1304 2004 homines
1327 1949 1533 2003 interim
1582 1947 1913 2006 vocabantur.

881 2064 1060 2137 Vigilii
1097 2066 1383 2138 responsio.

400 2157 460 2214 In
481 2159 859 2230 suprascriptis
881 2160 1153 2228 trigesimo
1175 2155 1334 2215 tertio
1347 2168 1402 2214 et
1425 2159 1698 2228 trigesimo
1723 2168 1916 2230 quarto

331 2251 582 2320 capitulis
639 2250 706 2306 de
779 2250 1224 2320 interpretatione
1284 2249 1556 2320 Evangelii
1622 2251 1916 2307 secundum

329 2339 593 2398 Joannem
630 2341 948 2397 adhibentur
977 2343 1138 2398 verba
1174 2342 1522 2398 Nathannelis
1550 2342 1782 2399 dicentis
1809 2344 1917 2400 Do-

332 2434 480 2489 mino
514 2452 526 2486 :
562 2433 636 2488 Tu
679 2451 734 2489 es
762 2433 934 2490 Filius
959 2433 1075 2501 Dei,
1105 2444 1159 2490 tu
1179 2452 1233 2490 es
1258 2453 1354 2490 rea:
1375 2435 1545 2492 Israel
1566 2453 1584 2491 :
1608 2443 1662 2492 et
1690 2436 1918 2494 infertur

329 2524 532 2580 dictum
559 2539 677 2580 esse
704 2525 920 2582 Christo
942 2533 1197 2596 tauquam
1242 2527 1539 2584 domestico
1579 2528 1693 2596 Dei,
1725 2538 1917 2586 utnon

329 2614 446 2683 ipse
473 2614 718 2670 Christus
738 2615 809 2670 sit
835 2616 996 2683 Deus,
1029 2617 1124 2672 sed
1158 2618 1444 2689 plusquam
1471 2619 1560 2674 alii
1583 2620 1827 2676 homines
1848 2621 1917 2676 sit

330 2706 661 2762 domesticus
686 2707 799 2762 Deo
824 2725 839 2774 ;
863 2715 919 2763 et
945 2707 1160 2777 dicitur,
1183 2710 1309 2778 quia
1331 2710 1468 2766 sicut
1497 2710 1588 2765 alii
1617 2712 1789 2766 sancti
1818 2710 1917 2766 ho-

330 2798 507 2854 mines
535 2799 627 2854 filii
649 2800 745 2855 Dei
765 2799 1046 2871 dicuntur,
1075 2801 1154 2856 sic
1181 2809 1236 2857 et
1254 2799 1500 2858 Christus
1524 2817 1622 2872 per
1642 2802 1916 2857 familiari-

332 2898 501 2944 tatem
531 2905 695 2960 quam
724 2891 792 2946 ad
821 2891 991 2947 Deum
1021 2893 1186 2948 habet
1223 2907 1254 2946 a
1278 2891 1628 2957 Nathanaele,
1657 2908 1780 2948 cum
1807 2907 1916 2962 quo

331 2980 686 3056 loquebatur,
726 2980 870 3038 Deus
896 2983 966 3038 sit
993 2983 1322 3040 nominatus.
1353 2982 1484 3049 Qua:
1525 2975 1630 3053 qui
1654 2983 1726 3037 ita
1755 2984 1914 3054 sapit,

330 3070 491 3126 docet
512 3109 528 3136 ,
568 3072 738 3126 credit
795 3080 889 3126 aut
917 3073 1174 3142 prmdicat
1195 3113 1210 3138 ,
1243 3082 1298 3128 et
1325 3088 1433 3128 non
1479 3070 1726 3126 eumdem
1767 3069 1918 3127 Chri-

327 3167 474 3216 stum
515 3175 703 3214 verum
755 3159 925 3214 Deum
973 3169 1028 3216 et
1066 3176 1252 3216 verum
1290 3161 1565 3216 hominem
1609 3161 1913 3227 confitetur,

328 3266 501 3308 unum
532 3251 586 3306 in
613 3259 846 3322 utraque
879 3260 1070 3307 natura
1100 3251 1414 3332 perfectum,
1447 3252 1732 3308 anathema
1753 3253 1841 3308 sit.

722 3381 988 3423 THEODOM
1025 3381 1325 3422 CAPITULUI
1360 3381 1523 3422 XXXV.

403 3457 623 3523 Quando
654 3459 789 3513 enim
815 3458 938 3512 dicit
963 3474 981 3513 :
1013 3457 1088 3512 De
1109 3457 1244 3513 Filio
1268 3473 1386 3525 suo,
1417 3458 1509 3528 qui
1530 3459 1701 3514 factus
1729 3465 1812 3515 est
1848 3475 1915 3516 ex

328 3552 534 3607 semine
562 3550 726 3606 David
755 3550 1050 3627 secundum
1077 3566 1314 3617 carnem,
1343 3561 1533 3629 certum
1552 3553 1753 3624 quidem
1780 3554 1916 3624 quod

328 3642 494 3714 filium
512 3644 594 3697 hic
617 3660 731 3698 eum
747 3644 833 3716 qui
852 3659 917 3697 ea:
944 3644 1134 3697 semine
1154 3641 1324 3697 David
1345 3644 1509 3714 factus
1535 3652 1610 3698 est
1637 3644 1914 3700 secundum

328 3748 535 3788 carnem
555 3749 660 3788 non
690 3731 856 3786 Deum
883 3732 1007 3786 dicit
1035 3731 1277 3799 Verbum,
1323 3733 1412 3787 sed
1432 3741 1748 3803 assumptum
1776 3733 1908 3787 servi

329 3823 570 3894 formum.
602 3821 719 3878 Nec
756 3824 891 3877 enim
919 3821 1058 3876 Deus
1084 3823 1361 3877 secundum
1385 3837 1591 3876 carnem
1615 3862 1628 3889 ,
1653 3839 1745 3876 nec
1774 3822 1915 3878 Deus

326 3930 394 3968 ea:
414 3901 604 3970 setninc
626 3918 794 3988 factus
816 3923 892 3970 est
924 3914 1114 3981 David,
1136 3916 1228 3970 sed
1266 3903 1498 3985 sumptus
1525 3931 1619 3984 pro
1641 3914 1786 3970 nobis
1816 3914 1905 3970 ho-

325 4023 430 4076 mo,
453 4023 601 4080 quem
629 4006 824 4064 Filium
854 4006 1026 4062 beatus
1059 4005 1334 4080 Apostolus
1357 4009 1629 4094 manifeste
1657 4015 1824 4063 vocat.
1913 4015 1916 4017 ’

877 4119 1055 4193 Vigilii
1084 4122 1369 4192 responsio.

397 4205 455 4262 lu
484 4209 851 4282 suprascripto
880 4209 1117 4282 capitulo
1148 4213 1424 4285 trigesimo
1452 4213 1640 4283 quinto
1672 4229 1794 4270 cunt
1822 4229 1913 4271 ex-

325 4302 546 4373 ponitur
571 4302 719 4359 locus
736 4303 1075 4374 Apostolide
1103 4303 1342 4376 Epistola
1370 4305 1437 4361 ad
1467 4305 1743 4363 Romanos
1767 4346 1783 4372 ,
1816 4307 1908 4362 ubi

323 4392 490 4448 dicit:
523 4391 602 4448 De
621 4393 762 4449 Filio
789 4411 881 4450 suo
909 4397 995 4465 qui
1021 4398 1188 4468 factus
1217 4403 1294 4452 est
1315 4412 1379 4451 ea:
1402 4399 1596 4453 semine
1628 4398 1795 4452 David
1824 4414 1909 4454 se-

327 4484 552 4538 cundum
596 4502 802 4542 carnem
825 4528 840 4554 ,
871 4488 1013 4544 nuda
1053 4490 1192 4544 servi
1221 4488 1394 4544 forma
1431 4489 1780 4560 depromitur,
1831 4475 1914 4546 di-

329 4577 506 4632 cendo
548 4578 692 4648 quod
739 4579 826 4635 hic
877 4580 1067 4635 Filium
1110 4597 1231 4636 eum
1279 4580 1372 4651 'qui
1418 4598 1484 4638 ex
1513 4584 1718 4639 semine
1745 4583 1913 4639 David

327 4667 502 4723 factus
523 4679 608 4725 est
634 4672 930 4727 secundum
961 4689 1200 4740 carnem,
1234 4690 1339 4730 non
1371 4675 1538 4730 Deum
1565 4675 1802 4731 Verbum
1831 4677 1913 4733 di-
1938 4669 1992 4729 D

330 4770 440 4829 cat,
464 4762 558 4819 sed
585 4772 856 4834 sumptum
896 4755 997 4836 pro
1027 4765 1182 4822 nobis
1206 4766 1509 4834 hominem,
1541 4782 1699 4838 quem
1721 4766 1913 4824 Filium

327 4851 521 4908 beatus
550 4852 844 4924 Apostolus
870 4855 1151 4911 manifeste
1172 4865 1333 4913 vocet
1364 4876 1377 4911 :
1402 4872 1520 4928 quae
1542 4859 1704 4914 verba
1733 4867 1914 4915 osten-

327 4939 460 4997 dunt
481 4944 703 5013 nudum,
733 4945 873 5001 sicut
915 4946 1115 5004 dictum
1161 4957 1266 5014 est,
1310 4949 1582 5005 hominem
1609 4949 1910 5020 przcdicari.

326 5030 428 5099 Qui
457 5048 585 5104 ergo
606 5035 680 5090 ita
709 5035 867 5106 sapit,
891 5036 1072 5105 docet,
1103 5039 1276 5094 credit
1316 5047 1408 5094 aut
1435 5039 1706 5109 praedicat,
1722 5047 1778 5095 et
1806 5056 1912 5096 non

326 5124 615 5192 eumdem,
671 5129 763 5196 qui
807 5143 874 5184 ex
928 5126 1133 5185 semine
1180 5129 1344 5185 David
1378 5131 1668 5186 secundum
1694 5147 1912 5190 carnem

328 5221 488 5268 natus
501 5223 602 5281 est,
617 5216 770 5285 juxta
799 5218 964 5274 David
997 5228 1048 5274 et
1070 5218 1218 5275 Pauli
1250 5221 1479 5290 apostoli
1504 5236 1712 5287 vocem,
1740 5221 1911 5292 ipsum

324 5306 500 5363 credit
544 5324 665 5366 esse
701 5311 864 5366 etiam
905 5329 1068 5383 super
1089 5313 1268 5367 omnia
1295 5313 1485 5379 Deum,
1511 5313 1799 5369 anathema
1819 5315 1908 5372 sit.

706 5433 973 5482 ruuobom
1010 5442 1308 5482 csmuwu
1347 5442 1529 5482 xxxvi.

400 5539 632 5596 Renatus
660 5542 792 5597 alter
819 5545 987 5614 factus
1031 5552 1107 5598 est
1147 5560 1242 5614 pro
1289 5529 1452 5598 altero
1479 5584 1494 5608 ,
1524 5559 1627 5598 non
1651 5543 1765 5614 jam
1791 5561 1911 5614 pars

323 5632 496 5687 Adam
525 5635 786 5689 mutabilis
810 5644 859 5689 et
887 5638 1107 5706 peccatis
1136 5637 1454 5706 circumfusi,
1477 5636 1566 5689 sed
1589 5635 1799 5701 Christi,
1828 5637 1913 5708 qui

327 5725 541 5779 omnino
570 5725 899 5795 inculpabilis
921 5742 1010 5795 per
1038 5727 1460 5797 resurrectionem
1490 5728 1658 5797 factus
1687 5735 1781 5779 est.

882 5839 1061 5911 Vigilii
1089 5841 1376 5911 responsio.

403 5929 462 5991 in
508 5932 873 6006 suprascripto
922 5933 1192 6006 trigesimo
1232 5940 1385 5995 sexto
1415 5932 1652 6010 capitulo
1730 5930 1821 5994 ubi
1844 5931 1912 5999 ad

1945 1917 1992 1978 Β

2019 1949 2280 2004 meliorem
2315 1952 2486 2023 ﬁnem,
2513 1956 2815 2024 perducens.

2568 2067 2747 2140 Vigilii
2775 2075 3057 2142 responsio.

2087 2182 2145 2237 In
2160 2175 2526 2256 suprascripto
2551 2185 2830 2255 trigesimo
2855 2188 3083 2257 septimo
3113 2189 3351 2260 capitulo
3375 2189 3588 2256 dicitur,

2017 2277 2142 2346 quia
2191 2275 2403 2332 Christo
2442 2277 2496 2331 in
2533 2279 2874 2350 passionibus
2904 2288 2958 2333 et
2985 2288 3160 2335 morte
3200 2279 3342 2337 Deus
3369 2283 3591 2337 verbum

2015 2371 2303 2439 praesentia
2330 2377 2387 2426 et
2407 2371 2723 2441 operatione
2749 2379 2806 2428 et
2824 2370 2890 2426 ad
2915 2373 3141 2443 gratiam
3162 2373 3425 2428 adfuerit:
3451 2373 3592 2442 quod

2017 2461 2064 2516 si
2092 2462 2165 2516 ita
2197 2469 2311 2532 est,
2356 2471 2612 2532 tanquam
2658 2464 2797 2520 alter
2840 2466 2996 2520 alteri
3024 2481 3260 2535 praesens
3283 2468 3508 2535 gratiam
3539 2475 3595 2521 et

2017 2556 2390 2626 operationem
2421 2557 2747 2627 impendisse
2766 2557 3054 2614 videbitur.
3088 2557 3190 2624 Qui
3218 2572 3346 2627 ergo
3376 2559 3488 2613 ι]ωο
3517 2559 3590 2614 ita

2015 2647 2174 2716 sapit,
2231 2646 2410 2713 docet,
2466 2647 2637 2702 credit
2696 2657 2791 2704 aut
2833 2650 3106 2719 praedicat,
3159 2658 3214 2705 et
3263 2665 3372 2706 non
3420 2650 3593 2720 ipsum

2018 2740 2187 2796 Deum
2212 2741 2462 2808 Verbum,
2488 2749 2700 2798 servata
2713 2743 3141 2820 irnpassibilitate
3171 2743 3465 2800 divinitatis
3486 2758 3595 2799 sum

2019 2832 2072 2886 in
2101 2847 2264 2887 carne
2309 2834 2486 2887 anima
2532 2835 2786 2889 rationali
2834 2843 2891 2890 et
2944 2834 3292 2892 intellectuali
3332 2836 3593 2901 animata,

2019 2937 2180 2991 quam
2201 2923 2303 2979 sibi
2325 2925 2391 2980 ab
2421 2925 2539 2995 ipso
2562 2933 2827 2996 conceptu
2854 2928 3025 2982 univit
3045 2943 3113 2983 ex
3142 2927 3377 2999 Virgine,
3408 2928 3592 2984 omnia

2017 3031 2135 3088 qua:
2162 3018 2230 3074 de
2251 3019 2500 3088 passione
2541 3020 2654 3088 ejus
2685 3021 2884 3090 scripta
2927 3029 3072 3088 sunt,
3101 3020 3401 3079 voluntarie
3425 3021 3589 3078 susti-

2017 3111 2198 3166 nuisse
2226 3109 2383 3178 dicit,
2415 3111 2701 3166 anathema
2727 3111 2816 3166 sit.
2895 3141 2898 3144 ~

2376 3243 2638 3284 THEODORI
2676 3243 2976 3284 CAPITULUM
3013 3245 3233 3286 XXXVI“.

1942 3294 1988 3358 ο
2087 3318 2288 3374 Deinde
2307 3317 2577 3373 ostendens
2607 3318 2754 3390 cujus
2768 3321 2936 3391 gratia
2951 3337 3133 3391 passus
3161 3327 3256 3387 est,
3286 3320 3592 3377 diminutio-

2016 3427 2131 3466 nem
2187 3410 2344 3481 infert
2390 3425 2410 3464 :
2486 3407 2762 3476 Quatenus
2838 3411 2979 3465 circa
3026 3409 3218 3484 [citra]
3265 3409 3430 3467 Deum
3493 3423 3593 3479 pro

2016 3501 2263 3556 omnibus
2289 3507 2528 3570 gustaret
2548 3508 2776 3556 mortem
2793 3499 2978 3572 (Hebr.
3011 3499 3100 3573 n):
3125 3503 3263 3572 quia,
3296 3501 3468 3555 divina
3494 3516 3595 3554 na-

2016 3601 2133 3648 tura
2153 3595 2228 3648 ita
2255 3594 2468 3658 volente,
2494 3604 2736 3665 separata
2758 3595 2873 3662 illa,
2901 3595 3010 3664 ipse
3028 3611 3122 3665 pro
3151 3610 3206 3647 se
3233 3593 3346 3666 [per
3372 3591 3470 3663 se],
3500 3609 3595 3662 pro

2015 3687 2245 3741 omnium
2271 3685 2496 3740 utilitate
2541 3686 2763 3756 gustavit
2789 3693 3004 3740 mortem
3025 3701 3044 3739 :
3072 3693 3121 3739 et
3147 3676 3420 3740 ostendens
3442 3682 3596 3755 "quod

2015 3775 2180 3829 deitas
2215 3783 2456 3845 separata
2483 3775 2687 3846 quidem
2713 3784 2826 3828 erat
2851 3773 2915 3827 ab
2939 3775 3030 3830 illo
3072 3777 3157 3847 qui
3185 3792 3369 3846 passus
3408 3783 3484 3831 est
3513 3791 3595 3828 se-

2015 3865 2238 3918 cundum
2265 3865 2444 3918 mortis
2484 3866 2891 3934 experimentum
2917 3905 2930 3928 ,
2961 3867 3082 3937 quia
3109 3882 3201 3920 nec
3223 3862 3466 3936 possibile
3485 3873 3596 3918 erat

2014 3954 2160 4010 illam
2179 3956 2360 4010 mortis
2388 3955 2794 4024 experimentum
2815 3955 3065 4026 accipere,
3084 3973 3187 4010 non
3209 3966 3378 4011 tamen
3401 3955 3483 4010 illi
3509 3955 3594 4024 qui

2013 4064 2197 4119 passus
2224 4056 2299 4103 est
2326 4031 2872 4119 abfuerat‘secundum
2900 4048 3238 4119 diligentiam.

2555 4159 2734 4229 Vigilii
2771 4161 3055 4230 responsio.

2080 4251 2141 4308 In
2163 4252 2532 4324 suprascripto
2561 4252 2836 4320 trigesimo
2877 4258 3071 4306 octavo
3100 4251 3338 4322 capitulo
3361 4259 3417 4308 et
3436 4252 3595 4310 falsae

2012 4352 2126 4401 tum
2165 4343 2534 4400 testimonium
2562 4342 2808 4411 Apostoli
2859 4342 3218 4410 agnoscimus,
3245 4346 3372 4415 quia
3403 4346 3492 4402 ubi
3516 4347 3595 4403 le-

2012 4439 2196 4508 gitur:
2235 4436 2302 4492 Ut
2347 4437 2521 4507 gratia
2549 4435 2647 4490 Dei
2678 4453 2773 4508 pro
2825 4435 3058 4492 omnibus
3104 4446 3332 4510 gustaret
3356 4449 3594 4508 mortem,

2014 4530 2104 4584 hic
2133 4529 2444 4584 invenitur:
2500 4526 2571 4584 Ut
2615 4528 2732 4586 sine
2779 4531 2890 4588 Deo
2934 4547 3034 4601 pro
3073 4533 3320 4590 omnibus
3356 4543 3598 4605 gustaret

2015 4629 2264 4685 mortem,
2285 4621 2464 4676 ethoc
2482 4622 2638 4690 quasi
2664 4624 2953 4679 astruendo
2968 4620 3211 4680 dicitur:
3244 4625 3389 4694 quia,
3416 4625 3596 4682 divina

2016 4721 2207 4767 natura
2227 4721 2500 4782 separata,
2523 4713 2640 4783 ipse
2670 4729 2772 4783 pro
2801 4729 2890 4780 se,
2919 4715 3008 4771 vel
3029 4723 3088 4770 ut
3111 4731 3278 4786 purus
3306 4716 3468 4772 homo
3495 4733 3595 4788 pro

2017 4805 2254 4860 omnium
2295 4804 2531 4860 utilitate
2577 4807 2874 4875 gustaverit
2916 4815 3168 4864 mortem.
3207 4807 3310 4876 Qui
3349 4823 3477 4878 ergo
3521 4809 3594 4865 ita

2017 4897 2176 4966 sapit,
2209 4896 2386 4962 docet,
2433 4897 2636 4966 credit,
2660 4906 2752 4952 aut
2771 4899 3025 4968 praedicat
3047 4939 3062 4966 ,
3091 4908 3146 4956 et
3171 4916 3280 4958 non
3307 4902 3597 4959 confitetur

2019 4987 2146 5058 quia
2175 4988 2316 5044 Deus
2341 4989 2565 5044 verbum
2597 5005 2816 5046 carnem
2841 5031 2856 5055 ,
2905 5004 3066 5061 quam
3103 4992 3205 5048 sibi
3233 5008 3299 5048 ex
3331 4994 3445 5064 ipsa
3473 5009 3597 5049 con-

2019 5079 2268 5148 eeptionc
2291 5079 2584 5134 secundum
2610 5080 2962 5136 substantiam
2983 5083 3241 5151 adunivit,
3267 5100 3368 5140 nec
3389 5073 3444 5140 in
3471 5099 3596 5152 pas-

2018 5171 2263 5226 sionibus
2305 5186 2405 5227 nec
2459 5171 2514 5226 in
2559 5180 2732 5228 morte
2789 5188 3021 5246 unquam
3076 5175 3409 5240 deseruerit,
3463 5191 3597 5230 ana-

2018 5263 2200 5319 thema
2222 5264 2312 5319 sit.
3122 5302 3124 5305 -
3374 5283 3376 5286 τ

2390 5393 2654 5436 TKBODOBI
2691 5395 2990 5440 ρΑῐιιτυιυιι
3031 5399 3208 5440 XXXIX.

2086 5471 2265 5527 Iesum
2293 5479 2470 5526 autem
2523 5473 2598 5524 ait
2633 5471 2700 5527 de
2727 5472 2989 5530 Nazareth
3015 5514 3028 5538 ,
3059 5489 3220 5542 quem
3251 5473 3402 5527 unxit
3449 5472 3593 5530 Deus

2013 5564 2214 5634 Spiritu
2237 5570 2292 5616 et
2321 5563 2516 5616 virtute
2546 5563 2684 5633 (Act.
2726 5565 2804 5633 x),
2835 5568 2983 5636 cujus
3018 5566 3309 5618 unctionem
3356 5568 3592 5633 meritus,

2013 5667 2062 5711 et
2091 5639 2449 5726 immaculatus
2475 5653 2686 5722 effectus
2717 5665 2793 5708 est
2816 5673 2907 5725 per
2931 5655 3103 5709 omnia
3130 5694 3144 5719 ,
3173 5665 3223 5708 et
3251 5657 3318 5709 ad
3359 5656 3587 5709 divinam

2011 5756 2254 5800 naturam
2277 5745 2464 5797 meruit
2511 5745 2943 5814 conjunctionem.
2976 5742 3156 5815 Neque
3192 5747 3327 5801 enim
3373 5746 3594 5816 conjun-

2011 5837 2233 5890 ctionem
2254 5836 2554 5904 suscepisset
2573 5835 2736 5897 illam,
2753 5835 2852 5887 nisi
2872 5836 3014 5904 prius
3039 5836 3400 5894 intmaculttlus
3420 5837 3591 5909 factus

2013 5927 2214 6006 fuisset,
2244 5935 2299 5986 ut
2328 5927 2401 5988 sic
2427 5925 2700 5987 condeceat
2730 5925 2866 5986 illius
2898 5928 3165 5988 unitatem.
