4018 6340
472 208 536 265 Si
1851 214 2059 272 VlGILll

2166 215 2316 271 (ira:
3210 182 3213 185 ’
3657 226 3729 282 92

1021 335 1199 409 Vigilii
1230 335 1511 408 responsio.

544 422 600 479 1η
632 429 996 502 suprascripto
1044 432 1310 501 trigesimo
1359 446 1501 487 nono
1547 428 1781 495 capitulo
1834 444 2042 486 rursum

474 515 606 595 illud
655 522 800 591 quod
829 525 1014 579 beatus
1056 524 1244 579 Petrus
1271 508 1437 578 dixit:
1484 521 1662 576 Iesum
1701 538 1732 575 a
1756 520 2042 587 Nazareth,

471 627 620 682 quem
650 618 799 672 unxit
826 616 964 671 Deus
992 616 1190 686 Spiritu
1236 623 1284 668 et
1333 615 1513 669 virtute
1538 630 1553 668 :
1583 628 1860 685 exponens
1881 612 2040 678 dicit,

474 719 574 775 per
602 719 907 764 unctionem
938 706 1199 777 Spiritus,
1229 706 1373 775 quod
1420 706 1634 771 meruit,
1665 713 1721 760 et
1744 704 2047 776 immacula-

476 807 585 851 tmn
617 814 737 854 eum
770 816 863 871 per
891 799 1067 875 omnia
1096 798 1292 853 factum
1317 837 1331 862 ,
1361 805 1415 852 et
1447 796 1513 857 ad
1540 794 1770 853 divinam
1799 803 2045 865 naturam

476 891 734 946 meruisse
780 891 1214 964 coniunctionem
1248 908 1261 944 :
1308 904 1425 962 qua:
1454 889 1616 945 verba
1646 888 1913 944 Christum
1944 902 2044 959 pu-

476 994 589 1034 rum
623 980 890 1037 hominem
921 992 1108 1051 aperte
1137 982 1371 1049 signant.
1418 978 1518 1046 Qui
1570 993 1697 1053 ergo
1724 979 1837 1035 hsce
1858 980 1930 1035 ita
1958 993 2047 1035 sa—

476 1069 570 1140 pit,
601 1068 780 1140 docet,
805 1072 973 1128 credit
1000 1079 1091 1125 aut
1114 1071 1381 1141 praedicat,
1412 1069 1696 1124 anathema
1726 1070 1813 1124 sit.

893 1199 1158 1241 TIIEODOM
1198 1198 1498 1239 CAPITULUM
1534 1201 1622 1239 XL.

547 1298 688 1355 Nam
716 1309 767 1356 et
802 1300 970 1355 illud:
1005 1297 1099 1353 llic
1122 1308 1203 1354 est
1226 1298 1390 1354 Filius
1411 1313 1563 1354 meus
1592 1298 1837 1365 dilectus,
1868 1299 1919 1353 in
1940 1312 2047 1368 quo

479 1390 607 1447 mihi
640 1391 963 1462 complacuit.
1010 1390 1225 1459 (JIatth.
1260 1389 1369 1459 ιιι),
1401 1389 1610 1444 insania
1655 1390 1858 1444 evidens
1887 1399 1962 1444 est
1987 1391 2051 1444 de

480 1481 589 1537 ltro
646 1483 805 1537 Verbo
828 1494 1008 1547 putare
1045 1482 1215 1534 dicere
1263 1498 1397 1535 eum.
1427 1480 1526 1546 Qui
1573 1479 1709 1535 enim
1738 1481 1873 1535 dixit
1903 1498 1920 1534 :
1955 1480 2052 1536 llic

475 1584 559 1630 est
608 1573 772 1629 Filius
819 1587 969 1629 meus
1008 1574 1263 1640 dilectus,
1315 1583 1363 1627 et
1409 1573 1628 1628 intulit:
1659 1573 1715 1628 In
1763 1589 1870 1644 quo
1920 1572 2051 1627 mihi

478 1666 819 1738 complacuit,
838 1668 1145 1737 signiﬁcarit
1162 1668 1296 1735 quod
1320 1678 1493 1735 aperte
1518 1667 1587 1721 ad
1614 1670 2052 1737 comparationem

478 1760 573 1815 hoc
598 1762 721 1815 dicit
750 1761 971 1816 aliarum
1007 1762 1254 1827 filiorum,
1285 1762 1371 1829 qui
1401 1777 1493 1816 nec
1539 1761 1712 1817 dilecti
1753 1763 1877 1834 facti
1908 1770 2051 1830 sunt,

481 1872 570 1910 rec
596 1856 799 1926 placere
820 1857 974 1911 nimis
1005 1866 1279 1924 potuerunt
1306 1857 1375 1911 ei.

1025 1968 1200 2040 Vigilii
1229 1971 1515 2040 responsio.

548 2085 606 2141 in
634 2082 996 2157 suprascripto
1039 2081 1278 2153 capitulo
1324 2082 1735 2154 quadragesimo
1781 2083 1850 2141 de
1888 2084 2054 2141 inter-

486 2176 790 2248 pretatione
819 2173 1092 2246 Evangelii
1132 2175 1423 2231 secundum
1448 2175 1771 2242 Mattharum,
1807 2177 1895 2233 ubi
1923 2175 2057 2233 dici-

484 2279 569 2324 tur
598 2284 612 2322 :
644 2266 690 2322 11
700 2268 745 2321 ic
765 2276 841 2322 est
872 2266 1040 2321 Filius
1068 2283 1208 2322 meus
1235 2269 1468 2334 dilectus,
1486 2269 1536 2322 in
1564 2286 1663 2340 quo
1685 2270 1809 2325 mihi
1829 2270 2057 2341 compla-

480 2371 605 2424 cuit,
633 2358 971 2431 subjungitur
997 2372 1051 2415 et
1081 2360 1277 2416 dicitur
1307 2380 1321 2417 :
1352 2362 1561 2419 Insania
1609 2362 1827 2419 evidens
1871 2371 1953 2420 est
1989 2362 2057 2421 de

485 2448 593 2505 Deo
615 2451 793 2504 dicere
821 2463 963 2504 cnun.
1000 2449 1099 2516 Qui
1123 2449 1264 2505 enim
1295 2451 1465 2506 dixit:
1498 2449 1601 2505 llic
1627 2462 1704 2506 est
1729 2451 1897 2507 Filius
1916 2470 2057 2509 meus

478 2542 715 2606 dilectus,
739 2548 795 2597 ct
841 2540 1019 2596 intulit
1050 2559 1063 2596 :
1100 2541 1163 2598 In
1195 2560 1293 2615 quo
1322 2546 1447 2599 mihi
1491 2547 1831 2617 complacuit,
1857 2546 2058 2616 signiﬁ-

482 2632 627 2686 cavit
655 2631 797 2700 quod
828 2641 1018 2702 aperte
1041 2634 1105 2688 ad
1142 2636 1599 2706 comparationem
1638 2638 1740 2693 hoc
1768 2637 1895 2694 dicit
1922 2638 2059 2694 illio-

436 2729 440 2733 '
481 2737 621 2789 rum,
652 2722 742 2792 qui
799 2740 864 2779 nc
893 2724 1073 2781 dilecti
1121 2727 1169 2782 ei
1210 2725 1333 2782 lacti
1362 2738 1508 2798 sunt,
1535 2744 1634 2786 nec
1660 2732 1873 2801 placere
1901 2732 2060 2790 nimis

484 2821 793 2882 potuerunt.
820 2813 947 2881 Qua:
968 2817 1131 2891 verba
1162 2816 1431 2875 Christum
1457 2819 1636 2878 Jcsum
1662 2838 1854 2892 purum
1876 2839 2059 2881 rursus

488 2903 761 2960 hominem
804 2914 859 2962 et
905 2908 1219 2980 adoptivum
1251 2910 1416 2968 lilium
1446 2913 1723 2970 evidenter
1751 2916 2057 2972 ostendunt.

486 2994 587 3060 Qui
614 2995 775 3064 igitur
793 2997 909 3054 haec
935 2999 1008 3055 ita
1048 3003 1207 3073 sapit,
1254 3003 1431 3072 docet,
1463 3005 1637 3063 credit
1663 3014 1757 3063 aut
1782 3008 2058 3080 praedicat,

484 3086 772 3145 anathema
797 3090 885 3145 sit.

906 3220 1170 3262 TIIEODORI
1206 3223 1509 3266 CAPITULUH
1538 3228 1646 3271 XLI.

553 3308 874 3369 Permanens
894 3323 1085 3385 autem,
1119 3319 1278 3375 donec
1304 3324 1581 3379 secundum
1606 3341 1752 3381 suam
1771 3335 2061 3386 creaturam

484 3413 536 3457 et
565 3404 801 3459 virtutem
830 3407 1033 3462 solvens
1058 3413 1238 3466 mortis
1264 3414 1489 3485 dolores,
1518 3416 1753 3473 liberauit
1775 3434 1890 3474 eum
1926 3421 2064 3493 inef-

487 3495 728 3567 fabilibus
774 3499 915 3555 illius
957 3503 1208 3574 vinculis,
1257 3515 1307 3561 et
1350 3509 1414 3563 de
1458 3513 1671 3567 mortuis
1713 3516 2058 3583 resuscitans,

494 3586 757 3641 transtulit
785 3589 989 3661 quidem
1016 3593 1071 3648 in
1116 3594 1459 3655 immortalem
1487 3602 1641 3657 vitam
1664 3620 1682 3657 :
1710 3604 2062 3676 incorruptum

489 3687 659 3823 auzem
680 3695 797 3825 εᾶιηι
823 3692 873 3736 et
891 3684 1235 3744 immortalem
1260 3700 1309 3746 et
1328 3693 1697 3752 immutabilem
1729 3700 1974 3770 eﬂiciens,
2003 3701 2060 3755 in

489 3783 560 3822 cce
581 3784 669 3823 um
732 3773 865 3825 umis.

487 3773 669 3823 coelum
694 3773 865 3830 duxit.

1027 3888 1203 3963 Vigilii
1238 3899 1524 3969 responsio.

562 3972 621 4029 In
650 3979 1019 4052 suprascripto
1048 3984 1462 4057 quadragesimo
1492 3992 1665 4063 primo
1707 3996 1943 4067 capitulo
1986 3999 2066 4055 di-

491 4064 648 4133 citur,
675 4071 822 4138 quod
875 4073 1094 4132 solvens
1136 4080 1324 4136 mortis
1354 4081 1568 4141 dolores
1588 4128 1604 4155 ,
1637 4064 1883 4143 liberavit
1910 4090 2066 4147 Chri-

493 4162 634 4211 stum
655 4158 1012 4220 inell'abilibus
1043 4166 1147 4223 illis
1173 4169 1425 4242 vinculis,
1456 4180 1510 4229 et
1549 4176 1616 4231 de
1640 4185 1813 4234 morte
1837 4182 2069 4238 resusci-

491 4253 611 4301 tans
639 4252 973 4310 transtulerit
1014 4258 1234 4328 quidem
1263 4262 1332 4319 ad
1376 4264 1733 4325 immortalem
1761 4271 1956 4339 vitam,
1986 4273 2070 4329 in-

490 4346 803 4408 corruptum
825 4352 1006 4400 autem
1038 4363 1163 4404 eum
1192 4359 1247 4407 et
1274 4354 1632 4414 immortalem
1673 4370 1730 4416 et
1759 4361 2067 4420 immutabi-

492 4426 596 4481 lem
646 4429 902 4501 eﬂiciens,
932 4437 987 4491 in
1036 4443 1233 4498 coelum
1270 4446 1558 4506 eduxerit:

491 4520 659 4574 verba
695 4521 998 4583 deelaratur
1023 4530 1226 4589 nudum
1256 4537 1529 4596 hominem
1555 4520 1673 4599 esse
1701 4520 1883 4602 Jesum
1911 4548 2065 4607 Chri-

493 4616 656 4758 stuml.
689 4612 789 4680 Qui
816 4631 947 4720 ergo
969 4620 1043 4677 ita
1069 4625 1229 4694 sapit,
1259 4626 1436 4698 docet,
1468 4634 1658 4706 credit,
1682 4645 1774 4693 aut
1791 4640 2067 4716 praedicat,

495 4716 597 4757 ana
643 4720 782 4758 tema
809 4716 898 4758 SIL

495 4716 782 4761 anathema
809 4716 898 4765 Sit.

911 4841 1176 4885 THEODOBI
1204 4847 1503 4894 CAPITULUM
1533 4855 1659 4897 XLII.

566 4909 827 5007 Christum
849 4917 1194 4989 justi/iculum
1238 4934 1289 4979 et
1336 4927 1718 4988 immaculatum
1765 4936 1959 5007 factum
1986 4955 2070 4995 se-

496 5005 977 5100 cundumvirtutem
999 5017 1168 5070 sancti
1198 5015 1428 5088 Spiritus
1457 5021 1607 5093 [sicut
1638 5005 1814 5083 beatus
1842 5029 2067 5100 Aposto-

496 5092 575 5192 lus
605 5097 758 5192 modo
787 5101 991 5192 quidem
1032 5104 1195 5161 dicit:
1224 5106 1377 5176 Quod
1401 5092 1725 5181 jurstilieatu$
1752 5126 1835 5176 est
1862 5092 1915 5175 in
1943 5120 2068 5192 Spi-

497 5186 605 5242 ritu
636 5187 729 5257 (ΙΙ
784 5189 918 5246 Tim.
959 5196 1069 5264 ιιι);
1097 5200 1249 5257 modo
1293 5218 1409 5258 vero
1443 5221 1462 5260 :
1489 5206 1641 5273 Quod
1688 5225 1788 5279 per
1811 5186 2069 5280 Spiritum

495 5286 753 5377 internum
804 5284 1287 5350 immaculatumse
1338 5297 1532 5354 obtulit
1575 5302 1687 5356 Deo
1737 5300 1922 5373 (Hebr.
1948 5304 2067 5377 13)]

498 5376 631 5428 mori
672 5377 877 5447 quidem
920 5381 1042 5450 fecit
1070 5387 1345 5469 secundum
1375 5390 1539 5463 legem
1560 5392 1841 5461 hominum,
1872 5403 1929 5448 ut
1954 5376 2073 5465 pote

498 5475 665 5521 autem
688 5469 1065 5541 impeccabilem
1093 5478 1275 5535 virtute
1307 5485 1476 5538 sancti
1506 5484 1735 5554 Spiritus
1765 5486 1960 5555 factum
1986 5503 2073 5540 re-

499 5560 761 5616 suscitavit
790 5564 854 5619 de
879 5570 1114 5637 mortuis,
1143 5581 1193 5626 et
1220 5572 1288 5626 ad
1316 5577 1473 5629 vitam
1496 5576 1763 5630 constituit
1787 5576 2071 5647 meliorem,

500 5647 867 5710 immutabilem
909 5660 1111 5730 quidem
1140 5664 1315 5719 anima
1354 5664 1768 5737 cogitationibus,
1800 5668 2074 5741 incorrup-

504 5751 611 5801 tum
639 5754 808 5805 autem
825 5760 875 5807 et
902 5752 1263 5816 indissolutum
1293 5772 1360 5814 ea:
1386 5772 1544 5816 carne
1570 5757 1791 5831 faciens.

2074 334 2127 395 A

2694 334 2871 409 Vigilii
2904 336 3190 408 responsio.

2212 432 2274 491 In
2302 430 2666 502 suprascripto
2693 431 3101 502 quadragesimo
3121 427 3357 487 secundo
3376 427 3616 500 capitulo
3634 429 3725 485 di-

2146 528 2287 584 citur
2313 527 2580 582 Christum
2623 525 2973 596 justilieatum
2999 533 3055 581 et
3088 523 3485 581 immaculatum
3521 523 3722 579 factum

2147 636 2266 677 esse
2288 622 2484 676 virtute
2521 620 2749 691 Spiritus
2777 620 2982 686 sancti;
3014 626 3069 674 ct
3096 618 3313 687 adjicit:
3339 616 3475 672 Mori
3503 614 3723 686 quidem

2146 724 2268 765 eum
2296 711 2424 767 l'ccit
2442 709 2736 766 secundum
2766 709 2938 777 legem
2960 709 3258 773 hominum,
3284 716 3347 763 ut
3385 715 3516 777 pote
3540 713 3728 762 autem

2147 802 2553 870 impeccabilcm
2577 800 2777 855 virtute
2805 800 3037 871 Spiritus
3065 800 3236 856 sancti
3264 798 3463 854 factum
3487 798 3724 855 resusci¢

2150 899 2281 953 tavit
2300 898 2367 955 de
2395 906 2620 953 mortuis
2648 916 2660 950 :
2692 898 2886 967 quibus
2905 898 3085 953 verbis
3109 898 3189 954 sic
3206 903 3485 966 separatus
3504 908 3536 949 a
3554 893 3727 950 verbo

2148 989 2243 1044 Dei
2276 989 2575 1045 insinuatur
2602 988 2789 1065 homo,
2820 996 2881 1043 ut
2906 989 3077 1045 sancti
3121 988 3351 1059 Spiritus
3378 989 3578 1043 virtute
3624 986 3726 1041 im-

2149 1080 2447 1136 maculatus
2475 1088 2531 1134 et
2558 1080 2937 1150 impeecabilis,
2966 1083 3117 1150 quasi
3142 1082 3332 1151 aliquis
3354 1081 3529 1152 justus
3556 1081 3723 1155 homo

2151 1179 2421 1227 asseratur
2448 1167 2684 1225 elieetus.
2718 1169 2819 1237 Qui
2838 1184 2967 1238 ergo
2989 1170 3106 1227 luce
3128 1172 3199 1227 ita
3229 1172 3388 1243 sapit,
3412 1171 3725 1239 docet,ere—

2149 1264 2227 1319 dit
2249 1273 2339 1319 aut
2367 1264 2643 1335 praedicat,
2672 1263 2955 1318 anathema
2983 1263 3072 1319 sit.

2537 1392 2805 1433 THEODOBI
2850 1393 3149 1434 CAPITULUII
3190 1394 3337 1435 XLIII.

2223 1470 2336 1527 Deo
2365 1478 2543 1526 autem
2570 1470 2791 1540 gratias,
2823 1471 2914 1541 qui
2942 1472 3097 1527 nobis
3124 1471 3271 1526 dedit
3311 1469 3589 1526 victoriam
3630 1485 3728 1541 per

2152 1561 2437 1617 Dominum
2463 1570 2705 1618 nostrum
2725 1561 2908 1618 Jesum
2931 1563 3198 1619 Christum
3225 1561 3277 1632 (ι
3294 1562 3411 1618 Cor.
3446 1561 3566 1635 xv);
3595 1565 3727 1619 isto-

2152 1671 2267 1710 rum
2296 1671 2504 1709 causam
2546 1654 2690 1709 nobis
2721 1656 2881 1728 fuisse
2900 1655 3073 1709 dicens
3093 1654 3278 1720 Deum,
3307 1654 3393 1726 qui
3418 1663 3595 1709 contra
3617 1670 3732 1709 om-

2155 1762 2245 1800 nes
2271 1746 2593 1800 adversarios
2624 1746 2762 1799 dedit
2792 1744 2937 1800 nobis
2966 1746 3234 1801 victoriam
3256 1747 3359 1799 sive
3388 1746 3596 1811 mortis,
3626 1745 3733 1799 sive

2155 1838 2371 1910 peccati,
2401 1838 2505 1893 sive
2527 1839 2873 1908 cujuscunque
2895 1839 3013 1892 hinc
3042 1837 3288 1893 nascendi
3317 1836 3441 1890 mali
3468 1852 3485 1890 :
3516 1838 3599 1908 qui
3620 1834 3733 1891 Do-

2156 1930 2350 1983 minum
2377 1936 2609 1983 nostrum
2654 1929 2831 1983 Jesum
2856 1927 3116 1982 Christum
3157 1945 3250 1999 pro
3299 1926 3446 1982 nobis
3474 1928 3732 1979 hominem

2155 2038 2380 2089 sumens,
2411 2030 2461 2075 et
2513 2023 2679 2092 ipsum
2733 2040 2826 2092 per
2854 2024 3280 2077 resurrectionem
3321 2020 3384 2074 de
3410 2021 3625 2074 mortuis
3664 2017 3734 2072 ad

2155 2112 2417 2166 meliorem
2446 2111 2711 2165 transtulit
2737 2112 2913 2183 ﬁnem,
2945 2122 2994 2167 et
3020 2112 3073 2166 in
3104 2112 3315 2166 dextera
3342 2127 3434 2165 sua
3456 2110 3633 2165 sedere
3652 2110 3734 2181 fe-

2158 2203 2243 2269 cit,
2275 2210 2321 2256 et
2352 2200 2499 2257 nobis
2519 2202 2587 2255 ad
2615 2218 2730 2257 eum
2758 2202 2964 2258 donavit
2987 2204 3418 2259 communionem.

2697 2316 2874 2389 Vigilii
2912 2319 3201 2389 responsio.

2227 2407 2288 2465 In
2308 2408 2670 2487 suprascripto
2709 2409 3117 2480 quadragesimo
3146 2408 3311 2464 tertio
3355 2406 3610 2479 capitulo,
3642 2421 3736 2463 ex-

2157 2501 2410 2573 ponendo
2431 2502 2596 2557 verba
2626 2501 2857 2572 apostoli
2905 2499 3055 2556 Pauli
3082 2501 3275 2571 quibus
3304 2499 3434 2579 dicit
3465 2519 3477 2555 :
3511 2500 3620 2555 Deo
3642 2516 3739 2553 au-

2161 2602 2262 2649 tem
2288 2595 2503 2665 gratias,
2533 2594 2618 2666 qui
2662 2592 2810 2648 trabis
2839 2592 2977 2647 dedit
3024 2593 3289 2648 victoriam
3333 2608 3425 2665 per
3457 2592 3739 2647 Dominum

2158 2698 2391 2745 nostrum
2417 2686 2595 2767 Jesum
2624 2683 2902 2741 Christum.
2935 2684 3003 2741 Et
3031 2694 3155 2757 post
3177 2686 3332 2757 plura
3358 2684 3736 2763 subjuugitur:

2159 2780 2417 2838 Dominus
2445 2788 2630 2836 noster
2655 2778 2812 2837 Jesus
2854 2779 3099 2835 Christus
3145 2796 3244 2852 pro
3278 2779 3435 2836 nobis
3464 2778 3740 2834 hominem

2161 2889 2400 2940 sumens,
2424 2880 2482 2929 et
2509 2873 2685 2944 ipsum
2717 2888 2815 2945 per
2842 2874 3292 2929 resurrectionem
3321 2872 3387 2928 de
3415 2870 3644 2927 mortuis
3671 2869 3741 2925 ad

2159 2968 2439 3024 meliorem
2468 2966 2738 3022 transtulit
2766 2965 2957 3033 linem,
2988 2982 3087 3037 per
3134 2980 3253 3036 qum
3277 2965 3390 3036 jam
3418 2964 3571 3034 quasi
3621 2961 3741 3017 exi-

2115 3118 2130 3143 ,
2162 3070 2308 3118 stens
2332 3060 2519 3127 homo,
2542 3074 2573 3113 a
2594 3059 2708 3114 Deo
2754 3059 2920 3115 verbo
2951 3056 3282 3127 signiﬁcatur
3324 3063 3653 3125 assumptus,
3684 3059 3745 3107 ut

2116 3153 2269 3223 fduo
2326 3151 2489 3209 fuisse
2543 3150 2866 3218 videantur,
2919 3158 2976 3205 et
3026 3150 3162 3204 alter
3210 3148 3367 3203 alteri
3409 3146 3743 3219 praestitisse.

2161 3246 2264 3313 Qui
2319 3245 2395 3300 ita
2458 3246 2626 3315 sapit,
2676 3245 2860 3313 docet,
2911 3242 3081 3298 credit
3134 3251 3227 3298 aut
3282 3240 3571 3312 praedicat,
3613 3252 3746 3293 ana-

2161 3336 2343 3391 thema
2368 3335 2457 3390 sit.
2778 3330 2779 3333 “

2565 3463 2830 3506 THEODORI
2867 3462 3168 3504 CAPITULUM
3206 3462 3351 3502 XLIV.

2233 3545 2360 3600 Cum
2404 3557 2525 3613 ergo
2571 3542 2883 3611 interrogent
2914 3556 2932 3594 :
2964 3537 3208 3593 Hominis
3236 3536 3481 3609 genitrix,
3530 3539 3621 3589 aut
3648 3531 3751 3588 Dei

2164 3635 2387 3710 genitrix
2419 3630 2597 3686 Maria
2634 3632 2836 3685 dicatur
2864 3647 2894 3683 a
2923 3628 3105 3683 nobis?
3138 3627 3384 3699 Utraque,
3414 3642 3576 3680 unum
3628 3624 3751 3696 qui-

2167 3728 2282 3784 dem
2311 3734 2521 3791 natura,
2572 3723 2791 3778 alterum
2819 3729 2992 3776 autem
3032 3718 3285 3775 relatione
3310 3735 3327 3773 :
3357 3716 3582 3773 hominis
3613 3715 3754 3770 enim

2168 3819 2392 3893 genitria:
2436 3824 2649 3881 natura,
2677 3816 2799 3887 quia
2826 3815 2976 3869 homo
3028 3822 3141 3868 erat
3165 3821 3213 3868 et
3241 3814 3295 3867 iu
3321 3820 3493 3867 ventre
3524 3808 3754 3876 Marica,

2167 3909 2253 3982 qui
2274 3914 2323 3962 et
2341 3906 2589 3978 processit
2616 3902 2769 3968 inde;
2796 3902 2897 3957 Dei
2940 3910 3113 3956 autem
3138 3900 3391 3974 genitricis,
3437 3899 3560 3973 quia
3611 3896 3755 3951 Deus

2168 4007 2282 4054 erat
2340 3998 2395 4052 in
2456 3996 2660 4051 homine
2708 4002 2865 4060 nato;
2905 4010 3009 4048 non
3065 3994 3121 4047 in
3183 3992 3274 4047 illo
3327 3987 3760 4056 circumscriptus

2171 4090 2448 4148 secundum
2485 4095 2746 4154 naturam,
2795 4087 2885 4140 sed
2921 4084 3056 4157 quod
3094 4085 3149 4139 in
3180 4100 3241 4139 eo
3272 4089 3383 4138 erat
3429 4081 3623 4153 affectu
3664 4094 3760 4133 vo-

2171 4184 2403 4240 luntatis.

2316 4274 2317 4277 η
2713 4290 2895 4364 Vigilii
2932 4291 3217 4363 responsio.

2243 4387 2301 4443 In
2331 4384 2693 4459 suprascripto
2718 4384 3126 4455 quadragesimo
3155 4389 3347 4455 quarto
3389 4380 3631 4454 capitulo
3678 4380 3766 4438 di-

1590 4468 1689 4522 per
1710 4470 1848 4547 -ίῖυίθ
1888 4459 2066 4515 omnia
2096 4480 2148 4542 D
2172 4480 2313 4538 citur
2341 4497 2353 4533 :
2386 4479 2520 4535 Cum
2546 4491 2675 4547 ergo
2704 4477 3040 4546 interrogent
3065 4495 3077 4532 :
3109 4476 3354 4532 Hominis
3397 4475 3657 4546 genitrix,
3691 4491 3766 4530 an

2170 4572 2267 4628 Dei
2312 4570 2545 4641 genitrix
2599 4567 2765 4623 Maria
2808 4568 3033 4634 dicatur,
3065 4568 3216 4639 quasi
3264 4583 3329 4622 ex
3377 4567 3770 4636 respondentis

2168 4676 2402 4734 persona
2437 4660 2651 4728 dicitur,
2677 4666 2906 4728 utraque
2943 4659 3046 4715 diei
3067 4702 3083 4728 ,
3114 4666 3170 4715 et
3195 4657 3541 4728 adjungitur:
3581 4656 3768 4713 Unum

2171 4754 2387 4825 quidem
2420 4758 2611 4807 natura
2636 4752 2735 4818 rei,
2767 4752 2993 4806 alterum
3036 4760 3216 4808 autem
3244 4750 3541 4815 relatione;
3576 4755 3638 4805 et
3665 4750 3773 4804 ad-

2172 4846 2358 4901 ditur:
2388 4842 2630 4898 Hominis
2686 4842 2829 4897 enim
2879 4843 3109 4910 genitrix
3164 4850 3379 4911 natura,
3422 4840 3546 4910 quia
3590 4841 3770 4897 homo

2173 4942 2293 4993 erat
2320 4942 2376 4990 et
2400 4951 2455 4990 ιιι
2498 4941 2687 4989 ventre
2714 4932 2912 4999 Mariae,
2942 4932 3033 5003 qui
3074 4940 3129 4989 et
3176 4933 3436 5003 processit
3464 4930 3634 4987 inde:
3667 4931 3773 4987 Dei

2175 5036 2354 5086 autem
2382 5028 2630 5100 genitrix,
2662 5027 2787 5097 quia
2835 5025 2976 5081 Deus
3003 5034 3122 5082 erat
3161 5025 3219 5080 in
3246 5025 3466 5080 homine
3494 5030 3630 5078 nato
3661 5041 3677 5078 :
3713 5033 3777 5079 et

2175 5120 2452 5189 adjicitur:
2469 5119 2586 5176 Non
2609 5120 2701 5175 ille
2720 5118 3151 5188 circumscriptus
3164 5115 3458 5173 secundum
3480 5122 3771 5184 naturam,

2176 5210 2273 5267 sed
2301 5212 2444 5278 quod
2473 5211 2529 5264 in
2575 5225 2641 5265 eo
2670 5215 2790 5265 erat
2835 5205 3031 5263 affectu
3076 5206 3387 5263 voluntatis.
3430 5204 3561 5271 Quas
3589 5206 3776 5273 verba

2177 5302 2307 5357 item
2327 5308 2382 5355 et
2402 5316 2565 5355 unum
2586 5299 2861 5356 hominem
2884 5298 3173 5363 Christum,
3193 5304 3247 5353 et
3266 5296 3402 5352 duos
3421 5295 3562 5351 ﬁlios
3581 5296 3777 5353 beatae

2174 5392 2356 5448 Mariae
2385 5393 2777 5451 demonstrant.
2822 5391 2976 5458 Quod
3003 5393 3095 5462 qui
3123 5393 3198 5448 ita
3236 5391 3398 5459 sapit,
3426 5389 3613 5455 docet,
3643 5406 3779 5447 cre-

2174 5484 2254 5541 dit
2280 5491 2375 5538 aut
2411 5486 2697 5555 praedicat,
2741 5492 2797 5540 et
2834 5499 2941 5538 non
2989 5483 3156 5539 Deum
3203 5482 3449 5547 verbum,
3490 5481 3588 5551 qui
3635 5490 3781 5539 ante

2175 5577 2358 5633 omnia
2372 5579 2567 5635 smcula
2589 5594 2657 5635 ex
2677 5578 2839 5633 Patre
2859 5575 3193 5632 ineﬂ‘abiliter
3210 5581 3369 5629 natus
3384 5580 3491 5643 est,
3506 5574 3780 5631 eumdem

2178 5686 2249 5727 ex
2289 5679 2477 5727 sancta
2512 5671 2731 5742 Virgine
2773 5666 2940 5723 Maria
2990 5666 3148 5740 (sicut
3195 5666 3247 5720 in
3295 5664 3473 5735 primo
3520 5665 3785 5736 capitulo

2180 5762 2438 5834 diximus)
2460 5779 2555 5838 per
2574 5761 2862 5822 secundani
2882 5760 3210 5818 nativitatem
3232 5773 3390 5818 suam
3416 5756 3788 5823 incarnatum
