4018 6340
258 239 316 298 93
1399 241 1754 304 EPISTOLE
1791 243 1884 305 ET
1917 244 2256 308 DECRETA.

3427 273 3503 332 94

258 360 302 412 et
319 358 480 409 natum
507 366 666 408 unum
695 352 750 410 in
773 361 1002 427 utraque
1029 342 1224 416 natura
1253 358 1537 420 inconfusa
1581 365 1797 437 insepa-
1826 365 1876 429 Α
1900 367 2044 436 quod
2071 369 2201 425 dicit
2242 368 2554 440 Apostolus,
2584 370 2687 437 Qui
2733 376 2924 435 multos
2969 380 3111 452 ﬁlios
3153 385 3223 440 ad
3271 387 3496 460 gloriam

255 445 483 522 [annique
499 446 792 522 cognoscit,
815 449 1101 508 anathema
1127 453 1217 508 sit.

616 576 884 618 THEODORI
922 580 1225 621 CAPITULUII
1247 581 1389 628 ,ιιι

311 683 334 713 ιι
353 672 519 728 Gratia
545 673 686 745 ﬁlius
711 677 801 748 qui
845 693 911 732 ea:
959 677 1136 734 Har-ia
1165 687 1243 734 est
1271 681 1452 750 homo,
1482 681 1675 739 natura
1702 701 1797 740 au-

252 774 335 824 tem
372 765 499 822 Deus
560 766 780 823 Verbum
809 785 828 824 :
853 770 990 841 quod
1019 780 1190 827 autem
1213 774 1494 830 secundum
1544 778 1794 848 gratiam,

249 875 335 915 non
359 866 548 921 natura,
574 865 626 912 et
665 859 803 931 quod
852 862 1134 917 secundum
1177 872 1442 934 naturam,
1467 883 1570 921 non
1597 869 1792 940 gratia,

247 968 334 1008 non
358 950 448 1002 duo
484 947 616 1019 ﬁlii;
657 952 881 1021 sumciat
922 956 1156 1026 corpori,
1181 955 1317 1028 quod
1341 974 1404 1011 ea:
1435 959 1582 1014 nobis
1610 971 1686 1016 est
1714 979 1795 1017 se-

246 1041 430 1097 cundum
450 1041 676 1110 gratiam
711 1043 929 1112 ﬁliatio,
955 1046 1123 1117 gloria
1149 1057 1199 1102 et
1224 1047 1591 1108 immortalitas
1622 1071 1640 1109 :
1671 1055 1794 1126 quia

248 1132 448 1202 templum
491 1131 592 1186 Dei
659 1133 811 1190 Verbi
855 1139 1050 1208 factum
1075 1148 1170 1206 est,
1204 1158 1307 1196 non
1337 1160 1496 1215 supra
1543 1156 1792 1204 naturam

213 1203 222 1216 ’
245 1223 459 1279 elevatur:
483 1233 533 1278 et
553 1224 699 1281 Deus
733 1203 953 1284 Verbum
975 1247 1070 1301 pro
1086 1203 1257 1288 debita
1279 1251 1312 1289 a
1334 1203 1484 1293 nobis
1506 1243 1792 1312 gratiarum

241 1316 406 1369 actione
427 1331 524 1370 non
556 1317 612 1371 in
611 1319 837 1388 jurietur
866 1337 884 1376 :
910 1331 961 1376 et
1007 1339 1122 1395 qua:
1146 1335 1222 1380 est
1249 1329 1447 1398 injuria
1472 1347 1780 1403 componere

238 1423 325 1462 eum
350 1425 453 1462 cum
473 1426 713 1481 corpore,
746 1423 794 1466 et
819 1423 1001 1484 putare
1026 1417 1260 1490 indigere
1297 1425 1534 1493 corporis
1573 1425 1641 1478 ad
1673 1443 1792 1497 per—

233 1502 382 1572 fectam
401 1502 748 1571 ﬁlialionem!
776 1523 870 1562 nec
911 1509 1022 1581 ipse
1051 1507 1193 1565 Deus
1224 1511 1448 1570 Verbum
1469 1517 1573 1572 vult
1591 1536 1647 1574 se
1675 1518 1789 1575 Da-

229 1589 296 1645 rid
313 1593 460 1661 ﬁlium
485 1609 608 1649 esse
627 1637 642 1662 ,
664 1596 756 1650 sed
787 1595 1104 1666 Dominum;
1130 1618 1314 1671 corpus
1346 1613 1520 1662 autem
1561 1611 1656 1665 hoc
1701 1629 1790 1668 ro-

227 1685 314 1738 tari
330 1682 484 1739 David
509 1687 690 1757 filium
715 1706 821 1746 non
849 1690 1017 1746 solum
1037 1709 1146 1749 non
1168 1693 1374 1766 invidit,
1397 1699 1490 1752 sed
1506 1707 1557 1754 et
1575 1709 1788 1774 propter

227 1775 302 1831 ιω
313 1778 481 1850 adfuit.

732 1899 916 1976 Vigilii
953 1906 1242 1977 responsio.

275 1981 326 2038 lu
349 1987 713 2060 suprascripto
760 1992 1176 2063 quadragesimo
1207 1997 1397 2068 quinto
1435 1999 1674 2071 capitulo
1704 1999 1786 2056 di-

220 2072 348 2142 citur,
371 2078 488 2148 quia
515 2095 623 2152 per
642 2081 871 2150 gratiam
898 2083 968 2140 sit
992 2083 1129 2142 filius
1169 2087 1261 2159 qui
1302 2103 1368 2145 ex
1415 2089 1585 2146 Maria
1626 2100 1785 2149 natus

221 2173 288 2220 est
303 2165 470 2239 homo,
491 2178 694 2228 natura
736 2181 918 2231 autem
945 2176 1086 2233 Deus
1115 2177 1352 2235 Verbum
1381 2201 1394 2236 :
1426 2189 1484 2240 et
1513 2183 1669 2255 quasi
1693 2200 1782 2252 ra-

219 2254 471 2315 tiocinatur
491 2260 725 2320 dicendo
753 2282 764 2318 :
796 2263 951 2333 Quod
969 2269 1161 2337 gratia,
1187 2285 1293 2327 non
1324 2279 1534 2341 natura,
1561 2275 1784 2346 etquod

217 2358 394 2421 natura,
423 2371 536 2412 non
588 2359 792 2428 gratia;
821 2370 876 2416 et
923 2361 1512 2435 adjungitur:Suflicit
1564 2371 1785 2443 corpori

215 2440 334 2509 Quod
359 2460 421 2503 ex
441 2448 602 2505 nobis
629 2457 712 2506 est
733 2453 1030 2510 secundum
1058 2456 1285 2528 gratiam
1329 2459 1538 2531 ﬁliatio,
1565 2469 1622 2518 et
1663 2440 1778 2522 non

216 2545 347 2624 supra
367 2546 612 2598 naturam
652 2543 913 2614 elevetur,
947 2555 1004 2604 et
1029 2547 1172 2604 Deus
1200 2549 1437 2606 Verbum
1465 2565 1566 2624 pro
1596 2553 1781 2613 debita

214 2634 238 2676 ι
255 2623 390 2682 nobis
412 2629 706 2699 gratiarum
738 2635 952 2694 actione
988 2653 1096 2694 non
1119 2639 1439 2709 injurietur;
1466 2623 1585 2714 quas
1611 2647 1777 2702 verba

212 2715 384 2774 nudum
445 2722 725 2782 hominem
784 2743 852 2784 ex
905 2729 1126 2800 Virgine
1192 2731 1361 2789 Maria
1415 2730 1775 2806 ‘signilicant,

209 2808 282 2901 qui
313 2827 407 2883 per
450 2819 682 2887 gratiam
739 2823 1046 2892 appelletur
1100 2824 1268 2884 Filius
1316 2824 1435 2883 Dei.
1486 2826 1590 2896 Qui
1645 2845 1778 2901 ergo

207 2900 295 2958 haec
346 2905 421 2964 ita
475 2911 652 2982 sapit,
707 2912 906 2980 docet,
947 2916 1131 2978 credit
1169 2926 1263 2973 aut
1320 2919 1607 2990 praedicat,
1645 2900 1776 2978 ana-

206 2992 355 3054 thema
379 2999 475 3057 sit.
1201 3009 1208 3014 ’

574 3128 843 3172 THEODOR!
889 3132 1191 3175 CAPITULUI
1230 3134 1376 3176 XLVI.

1903 459 2196 518 adduxerat
2228 462 2418 535 (Hebr.
2460 480 2517 533 ιι,
2551 465 2678 537 l0),
2731 474 3054 541 exponendo
3103 477 3320 544 dicitur,
3351 482 3498 552 quod

1901 565 2235 627 assumptum
2285 558 2558 615 hominem
2611 562 2824 618 caeteris
2874 579 3228 627 connumeret
3276 583 3500 634 sanctus

1897 645 2211 717 Apostolus,
2245 664 2312 706 eo
2339 652 2484 720 quod
2511 652 2762 710 similiter
2787 657 3016 725 gratiam
3045 659 3320 724 tiliationis
3345 682 3499 726 acce-

1897 739 2058 808 perit,
2081 741 2198 796 sola
2226 743 2429 800 deitate
2460 746 2760 804 naturalem
2790 749 3106 809 tiliationem
3134 757 3444 826 possidente
3471 779 3488 818 :

1896 843 2016 899 quae
2043 832 2260 901 quidem
2299 836 2464 892 verba
2483 875 2499 902 ,
2531 837 2672 894 sicut
2699 842 2950 912 superius
2977 843 3182 902 dictum
3221 855 3322 916 est,
3355 851 3492 909 duos

1897 921 2250 982 introducunt
2278 928 2436 994 lilios,
2468 929 2522 986 id
2549 939 2630 987 est
2653 948 2815 990 unum
2843 951 2944 1006 per
2962 937 3192 1008 gratiam
3209 981 3224 1008 ,
3258 938 3489 1000 alterum
3561 973 3566 976 -

1895 1029 1992 1086 per
2031 1025 2298 1074 naturam.
2343 1019 2498 1088 Quod
2525 1025 2620 1093 qui
2667 1026 2743 1083 ita
2771 1027 2934 1100 sapit,
2966 1030 3151 1104 docet,
3194 1033 3369 1094 credit
3400 1041 3496 1093 aut

1893 1106 2172 1184 praedicat,
2207 1112 2496 1169 anathema
2517 1115 2606 1174 sit.

2271 1243 2537 1287 THEODOBI
2579 1247 2886 1294 εΑιδινι-ιιιιιιι
2920 1253 3106 1297 XLVIII.

1965 1312 2072 1370 Sed
2102 1316 2172 1371 ad
2201 1316 2298 1373 hac
2325 1321 2524 1389 dicunt,
2550 1327 2690 1396 quod
2733 1328 2892 1385 Jesus
2943 1348 3133 1388 nomen
3180 1335 3492 1394 salvatorem

1891 1407 2174 1478 signiﬁcat.
2227 1410 2475 1470 Salvator
2526 1428 2699 1474 autem
2753 1424 2798 1476 si
2849 1423 3072 1495 dicitur,
3103 1429 3358 1498 quomodo
3398 1431 3492 1487 ille

1890 1499 2044 1555 homo
2073 1503 2316 1560 dicatur?
2344 1506 2488 1563 obliti
2510 1513 2644 1582 quod
2668 1512 2822 1569 Jesus
2862 1518 3131 1575 dicebatur
3153 1521 3310 1578 etiam
3338 1523 3486 1596 ﬁlius

1891 1591 2039 1651 Nave
2079 1615 2099 1652 :
2141 1606 2192 1652 et
2235 1602 2374 1671 quod
2416 1604 2714 1661 mirandum
2745 1609 2854 1677 est‘,
2900 1614 3022 1684 quia
3068 1631 3171 1669 non
3225 1618 3294 1671 sit
3332 1633 3486 1672 voca-

1893 1697 1973 1743 tus
2024 1692 2240 1760 fortuito
2267 1693 2330 1747 in
2380 1698 2751 1767 generatione,
2799 1703 2890 1756 sed
2951 1709 3397 1765 transnominatus
3453 1724 3488 1764 α

1817 1751 1865 1814 Β
1891 1751 2094 1850 Moyse.
2136 1779 2344 1838 Certum
2366 1751 2534 1841 autem
2575 1796 2652 1843 est
2677 1751 2814 1861 quod
2855 1809 2958 1848 non
2983 1795 3077 1849 hoc
3099 1799 3362 1870 imponere
3390 1801 3486 1855 ho-

1889 1871 2020 1924 mini
2047 1872 2363 1942 patiebatur,
2390 1876 2437 1931 si
2463 1877 2693 1935 divinam
2721 1890 2964 1939 naturam
2991 1889 3287 1945 omnimodo
3320 1892 3486 1964 signi-

1888 1961 2103 2034 ﬁcabat.

2441 2083 2620 2158 Vigilii
2648 2093 2938 2162 responsio.

1957 2172 2017 2262 In
2043 2176 2412 2250 suprascripto
2439 2179 2856 2252 quadragesimo
2898 2194 3098 2245 octavo
3135 2188 3374 2263 capitulo
3409 2189 3482 2249 de

1884 2253 2108 2324 nomine
2126 2265 2279 2338 Jesu,
2303 2271 2452 2340 quod
2497 2273 2827 2332 salvatorem
2877 2277 3163 2350 signiﬁcat,
3193 2253 3482 2352 argumen-

1884 2357 2052 2414 tando
2073 2368 2318 2430 negatur,
2349 2369 2408 2418 et
2445 2362 2644 2421 dicitur
2673 2383 2686 2420 :
2715 2366 2851 2434 Quia
2879 2369 2926 2424 si
2961 2370 3200 2428 salvator
3243 2373 3482 2432 divinam

1882 2457 2133 2507 naturam
2176 2452 2526 2524 signiﬁcaret,
2551 2472 2827 2529 nunquam
2875 2461 2986 2517 tale
3031 2477 3231 2519 nomen
3276 2463 3482 2521 homini

1881 2541 2272 2613 imponeretur.
2305 2545 2511 2614 Quibus
2547 2551 2728 2608 verbis
2754 2552 3003 2609 absolute
3041 2562 3097 2610 et
3121 2569 3286 2626 purus
3315 2555 3480 2615 homo

1879 2631 2128 2692 Christus
2190 2639 2495 2696 ostenditur
2514 2681 2530 2708 ,
2581 2650 2638 2698 et
2691 2643 2811 2702 dum
2868 2660 3116 2717 personae
3167 2645 3511 2719 intelligun;

1879 2735 1986 2784 tur.
2028 2729 2160 2796 Quae
2196 2733 2287 2802 qui
2338 2733 2414 2790 ita
2447 2737 2629 2808 sapit,
2681 2738 2858 2795 credit
2891 2747 2986 2797 aut
3019 2739 3318 2813 praedicat,
3347 2756 3480 2800 ana-

1885 2819 2070 2876 thema
2107 2821 2198 2878 sit.
3285 2845 3290 2852 ‘

2271 2951 2538 2996 THEODORI
2587 2957 2890 3001 CAPITULUI
2935 2961 3083 3005 XLIX.

1951 3023 2138 3098 Itaque
2163 3041 2269 3082 non
2295 3029 2466 3085 solum
2495 3030 2694 3089 Filium
2719 3037 2889 3106 ipsum
2915 3048 3064 3094 vocat
3089 3056 3124 3095 α
3149 3039 3263 3098 Deo
3303 3041 3474 3099 Verbo

1801 3149 1848 3216 Ο
1879 3130 2155 3188 separans,
2177 3119 2270 3173 sed
2287 3121 2446 3177 etiam
2464 3125 2745 3182 secundum
2766 3131 3021 3184 rationem
3039 3131 3318 3203 ﬁliationis
3335 3150 3474 3190 eom-

250 3198 274 3240 δ
294 3199 526 3268 Quando
537 3207 636 3261 erit
647 3210 860 3276 quastio
877 3210 942 3263 de
953 3211 1307 3267 nativitatibus
1331 3214 1611 3270 secundum
1627 3224 1773 3272 natu-

1887 3211 2150 3264 municans
2175 3213 2374 3268 cwteris
2421 3215 2758 3288 participibus
2805 3198 3080 3290 ﬁliationis
3109 3225 3428 3281 convincitur
3448 3243 3470 3284 :

201 3307 306 3362 tam,
327 3285 392 3350 ne
422 3293 618 3352 Mariis
639 3299 786 3375 [ilius
827 3299 1049 3356 Verbum
1081 3300 1178 3358 Dei
1207 3305 1548 3375 existimetur,
1567 3317 1765 3364 morta~

202 3382 256 3440 les
277 3389 411 3450 enim
465 3373 714 3447 mortales
770 3403 1025 3465 generant
1071 3397 1352 3452 secundum
1409 3407 1672 3471 naturam,
1719 3409 1771 3457 et

201 3490 356 3548 corpus
374 3479 550 3535 simile
589 3479 688 3536 sibi
718 3499 738 3538 :
767 3492 817 3538 et
846 3485 976 3541 duas
1028 3489 1320 3545 nativitates
1365 3488 1505 3546 Deus
1543 3491 1768 3570 Verbum

202 3583 282 3623 non
301 3573 563 3642 sustinuit,
589 3591 748 3636 unam
776 3577 984 3650 quidem
1011 3589 1131 3636 ante
1159 3581 1370 3651 swcula,
1402 3582 1621 3640 alteram
1648 3602 1768 3642 vero

201 3661 242 3715 in
261 3665 625 3736 posterioribus
672 3669 1009 3741 temporibus.

715 3782 895 3856 Vigilii
934 3789 1224 3859 responsio.

255 3865 636 3946 [usupradicto
658 3875 1072 3946 quadragesimo
1101 3889 1256 3938 sexto
1285 3882 1523 3955 capitulo
1543 3884 1760 3959 dicitur,

201 3969 246 4015 ut
266 3962 432 4024 Maria:
477 3969 621 4027 titius
649 3968 792 4028 Deus
840 3971 1074 4030 Verbum
1120 3991 1230 4032 non
1276 3979 1636 4052 existimetur,
1661 3985 1760 4043 ad-

198 4048 398 4118 iiciendo
426 4077 440 4113 :
469 4057 612 4128 Quia
648 4062 892 4120 mortalis
937 4065 1227 4123 mortalem
1269 4080 1495 4140 generat
1555 4089 1756 4132 secun-

200 4140 300 4201 dum
333 4158 600 4221 naturam,
639 4161 698 4211 et
751 4170 950 4227 corpus
1008 4157 1186 4216 simile
1243 4162 1366 4219 sibi.
1415 4162 1546 4232 Quae
1588 4168 1758 4226 verba

200 4246 241 4332 et
269 4257 446 4312 purum
473 4248 755 4306 hominem
791 4249 864 4307 de
899 4261 1089 4310 sancta
1127 4253 1350 4325 Virgine
1387 4256 1556 4318 Maria
1592 4261 1759 4332 signi-

1872 3301 2118 3372 quoniam
2161 3306 2336 3375 gratia
2360 3315 2412 3362 et
2454 3307 2566 3379 ipse
2592 3310 2854 3383 particeps
2883 3314 2983 3385 fuit
3008 3315 3313 3386 ﬁliationis,
3361 3334 3467 3375 non

1870 3397 2191 3452 naturaliter
2231 3413 2296 3453 ea:
2323 3398 2488 3455 Patre
2533 3397 2707 3470 natus,
2740 3403 2936 3461 habens
2965 3413 3137 3463 tamen
3163 3409 3235 3463 ad
3254 3419 3468 3466 exteros

1868 3485 2250 3556 excellentiam,
2272 3492 2359 3561 qui
2405 3492 2606 3548 unitate
2653 3495 2724 3549 ad
2768 3497 2940 3568 ipsum
2990 3499 3301 3570 ﬁliationem
3343 3517 3465 3574 pos-

1867 3577 2040 3647 sidet,
2067 3581 2203 3654 quod
2229 3583 2276 3640 ei
2319 3584 2604 3656 ﬁrmiorem
2647 3589 2814 3660 ipsius
2850 3593 2928 3648 rei
2965 3591 3128 3650 donat
3178 3597 3466 3670 participa-

1869 3669 2080 3728 tionem.

2415 3794 2597 3870 Vigilii
2630 3800 2920 3872 responsio.

1933 3884 1997 3943 In
2044 3889 2410 3963 suprascripto
2438 3893 2852 3965 quadragesimo
2881 3911 3029 3954 nono
3057 3897 3295 3972 capitulo
3323 3900 3458 3959 dici-

1862 3982 1970 4048 tur,
2001 3980 2130 4052 quia
2151 3981 2396 4043 Christus
2423 3999 2521 4056 per
2547 3987 2774 4056 gratiam
2800 3989 3072 4060 particeps
3095 3991 3206 4047 fuit
3235 3992 3456 4049 ﬁliatio—

1863 4071 1968 4138 nis,
1994 4073 2200 4132 habens
2228 4081 2410 4133 tamen
2439 4077 2506 4132 ad
2547 4085 2775 4135 caeteros
2796 4080 3196 4149 excellentiam,
3226 4082 3374 4152 quod
3403 4083 3456 4141 ei

1862 4165 2068 4223 ﬁrmior
2117 4168 2284 4240 ipsius
2328 4169 2409 4228 rei
2456 4169 2656 4226 donata
2702 4169 2865 4225 fuerit
2903 4170 3267 4242 participatio.
3300 4171 3458 4242 Quod

1858 4261 1952 4330 qui
1981 4262 2055 4318 ila
2084 4263 2242 4333 sapit,
2271 4262 2454 4331 docet,
2484 4261 2656 4318 credit
2703 4269 2796 4322 aut
2817 4262 3094 4333 praedicat,
3125 4272 3178 4321 et
3206 4280 3315 4322 non
3341 4282 3458 4323 ma-

201 4329 347 4405 ﬁcant,
384 4349 439 4397 et
465 4343 609 4400 duos
637 4341 778 4402 ﬁlios
801 4345 1172 4407 introducunt.
1201 4350 1307 4419 Qui
1329 4367 1460 4426 ergo
1489 4355 1565 4413 ita
1592 4329 1753 4429 sapit,
1859 4355 1939 4426 gis
1988 4329 2396 4428 Deus—Verbum
2427 4370 2552 4411 cum
2598 4365 2872 4428 assumpta
2905 4373 3069 4416 came
3124 4375 3262 4416 unus
3291 4369 3455 4442 3"!“9

200 4422 340 4501 docet,
368 4435 542 4494 credit
573 4443 667 4492 aut
693 4439 974 4510 prmdicat,
1003 4444 1293 4501 anathema
1319 4422 1413 4503 sit;

549 4566 822 4611 τιιεουοιιι
849 4555 1155 4612 castrum!
1191 4572 1360 4614 nvu.

1859 4447 2002 4503 idem
2051 4448 2311 4505 Dominus
2338 4446 2494 4506 Jesus
2523 4447 2768 4506 Christus
2808 4459 2863 4506 et
2891 4467 3052 4509 verus
3077 4452 3247 4511 Filius
3275 4453 3368 4510 Dei
3397 4461 3456 4512 et

1780 4549 1836 4610 1)
1859 4535 1998 4593 idem
2021 4537 2138 4611 ipse
2159 4554 2319 4597 verus
2342 4539 2508 4598 Filius
2530 4539 2765 4598 hominis
2785 4541 3104 4615 intelligitur
3124 4551 3180 4602 et
3195 4531 3451 4616 creditur,

251 4633 372 4712 Ergo
389 4642 506 4715 jam
535 4645 808 4703 cessabunt
836 4647 902 4702 ab
947 4650 1246 4716 impudente
1274 4668 1473 4725 pugna,
1501 4654 1752 4713 desistent
1856 4630 2145 4688 anathema
2172 4631 2261 4688 είιο

200 4737 333 4786 Mem
346 4750 378 4789 α
398 4752 535 4792 vana
555 4741 903 4808 contentione,
920 4740 1276 4800 erubescentes
1295 4746 1603 4803 evidentiam
1624 4767 1756 4822 pra:-

199 4819 410 4885 ἀίσιοηηιι
433 4847 454 4886 :
483 4831 740 4904 plurimos
769 4835 908 4890 enim
946 4835 1124 4891 dicunt
1147 4838 1289 4910 ﬁlios
1315 4837 1373 4895 in
1397 4819 1632 4913 gloriam
1651 4844 1750 4899 du-

199 4923 351 4975 centa.
377 4920 517 4979 Ecce
539 4925 702 4996 igitur
725 4927 780 4982 in
809 4927 1085 4998 ﬁliationis
1115 4933 1319 4988 ratione
1345 4933 1624 5005 Apostolus
1653 4954 1749 5009 ap~

197 5017 310 5072 Wet
334 5009 385 5083 (Ι
406 5012 542 5070 Tim.
576 5015 680 5088 ιιι),
703 5026 1026 5089 assumptum
1045 5021 1304 5079 hominem
1323 5025 1526 5080 cmteris
1546 5043 1746 5082 connu-

200 5111 400 5172 Mans,
424 5123 532 5163 non
588 5109 870 5166 secundum
923 5113 1062 5186 quod
1097 5115 1205 5171 illis
1254 5117 1440 5191 [illius]
1471 5119 1746 5190 ﬁliationis

197 5193 412 5282 barliceps
430 5208 528 5270 est,
555 5201 648 5257 sed
662 5204 944 5260 secundum
971 5207 1110 5280 quod
1129 5209 1371 5264 similiter
1390 5211 1562 5282 gratia
1599 5212 1746 5282 ﬁlia-

199 5277 350 5342 ιὶοιιεικ
394 5296 692 5368 assumpsit,
724 5295 913 5353 deitate
957 5277 1070 5355 sola
1117 5277 1409 5358 naturalem
1435 5277 1745 5372 ﬁlictionem

197 5379 465 5444 "uidente.

704 5505 880 5579 Vigilii
917 5509 1202 5582 responsio.

245 5583 299 5647 in
318 5595 678 5670 suprascripto
703 5599 1118 5673 quadragesimo
1162 5603 1394 5678 septimo
1422 5606 1660 5682 capitulo
1686 5609 1742 5670 id

247 5776 274 5816 ⁸
294 5770 362 5836 Ut
382 5774 440 5840 in
461 5776 669 5841 Concil.
695 5780 762 5857 V,
798 5780 980 5842 stillat.
1000 5779 1038 5840 4
1065 5787 1124 5842 et
1145 5779 1198 5844 5.

2300 4764 2572 4809 TBEODOM
2608 4766 2913 4812 CAPITULUI
2949 4768 3004 4811 ι.

1923 4841 2099 4899 Domo
2143 4843 2296 4900 Jesus
2345 4847 2586 4902 similiter
2639 4847 2876 4905 omnibus
2923 4849 3251 4920 hominibus,
3315 4854 3448 4912 nihil

1851 4935 2098 5005 differens
2145 4939 2570 4993 connaturalibus
2616 4939 2910 4997 hominibus
2951 4959 3107 5015 quam
3158 4945 3297 5016 quod
3343 4947 3448 5016 ipsi

1857 5030 2085 5100 gratiam
2103 5029 2277 5096 dedit;
2304 5031 2479 5103 gratia
2499 5039 2673 5088 autem
2700 5033 2828 5089 data
2855 5044 3101 5100 naturam
3122 5055 3226 5094 non
3247 5047 3444 5106 mutat;

1853 5122 1946 5202 sed
1972 5129 2090 5193 post
2138 5123 2322 5178 mortis
2351 5117 2752 5184 destructionem
2776 5128 2988 5187 donavit
3005 5132 3056 5188 ei
3083 5130 3229 5188 Deus
3255 5147 3444 5188 nomen

1851 5229 2008 5286 super
2032 5230 2185 5272 omne
2217 5231 2424 5275 nomen.

2399 5331 2579 5407 Vigilii
2608 5337 2899 5410 responsio.

1925 5421 1985 5479 In
2031 5424 2400 5497 suprascripto
2439 5427 2888 5498 quinquagesimo
2933 5426 3173 5500 capitulo
3219 5427 3439 5503 dicitur,

1852 5519 1997 5591 quod
2024 5517 2190 5576 homo
2217 5518 2374 5577 Jesus
2401 5521 2535 5578 nihil
2560 5521 2774 5581 differat
2799 5523 2867 5578 ab
2897 5521 3152 5581 omnibus
3174 5534 3441 5583 connatu-

1849 5612 2053 5670 ralibus
2073 5612 2403 5680 hominibus,
2429 5613 2531 5671 nisi
2555 5613 2701 5687 quod
2727 5614 2778 5672 ei
2823 5611 3054 5686 gratiam
3090 5615 3277 5677 dedit:
3315 5633 3439 5694 qua

1918 5787 1960 5863 ι,
1976 5785 2048 5849 Ut
2072 5787 2127 5848 in
2156 5787 2361 5850 Concil.
2393 5789 2458 5864 V,
2482 5790 2662 5850 collat.
2695 5788 2751 5852 5.
