4042 6452
582 389 652 448 95
856 414 865 421 -
1969 394 2139 451 VIGIL

2244 394 2432 452 PAPIE

3766 411 3848 470 96

583 508 745 565 verba
808 505 1096 561 Dominum
1156 512 1400 563 nostrum
1456 506 1638 562 Jesum
1691 506 1962 565 Christum
2009 512 2157 566 velut
2184 514 2607 583 Apotestatcm.
2652 516 2707 573 Si
2750 518 2871 587 quis
2898 533 3026 590 ergo
3052 522 3167 579 hate
3194 521 3268 579 ita
3294 524 3461 597 sapit,
3493 526 3687 597 docet,
3716 545 3849 589 cre-

580 612 745 651 unum
772 596 1013 665 dejustis
1040 597 1345 652 hominibus
1381 596 1584 651 faciunt
1610 598 1886 666 aestimari,
1917 601 2008 670 qui
2047 617 2155 656 non

580 689 783 744 deitate
826 703 923 743 sua
962 678 1586 759 excelsus‘intelligatur,
1636 691 1728 746 sed
1757 694 1928 760 gratia
1958 694 2157 763 aliquid

581 778 811 849 amplius
858 793 1019 848 quam
1072 780 1254 835 caeteri
1298 780 1545 837 homines
1591 789 1863 839 asseratur
1909 785 2152 855 adeptus.

579 867 737 935 Quod
763 870 809 924 si
839 870 957 940 quis
985 869 1059 925 ita
1082 870 1243 941 sapit,
1293 869 1470 939 docet,
1518 871 1691 928 credit
1732 880 1824 928 aut
1878 874 2157 947 praedicat,

581 964 869 1019 anathema
898 964 985 1020 sit.

1006 1089 1272 1131 THEODORI
1310 1090 1611 1132 CAPITULO!
1650 1095 1724 1134 LI.

652 1166 756 1223 Sed
783 1170 882 1223 mei
913 1170 1119 1240 fratres,
1151 1173 1237 1241 qui
1265 1173 1493 1242 ejusdem
1524 1174 1651 1229 mihi
1690 1178 1872 1231 matris
1908 1186 2030 1232 sunt
2056 1178 2156 1249 filii

579 1258 755 1312 diczmt
784 1260 927 1313 mihi.
956 1258 1080 1314 Non
1103 1277 1289 1331 separa
1318 1264 1577 1319 hominem
1598 1276 1646 1320 et
1670 1266 1854 1336 Deum,
1881 1270 1972 1325 sed
1997 1288 2155 1325 unum

575 1351 903 1421 eamdemque
931 1351 1013 1405 dic
1042 1353 1320 1421 hominem,
1346 1357 1521 1412 dicens
1544 1375 1563 1412 :
1604 1358 1733 1415 Dico
1763 1364 2155 1419 connaturalem

574 1439 724 1505 mihi,
769 1441 882 1495 dico
910 1442 1093 1497 Deum.
1141 1444 1202 1499 Si
1229 1447 1395 1501 dicam
1420 1455 1811 1507 connaturalem
1838 1453 1968 1523 Deo,
1996 1456 2111 1511 dico
2134 1472 2153 1511 :

577 1528 843 1594 Quomodo
873 1534 1025 1590 homo
1044 1546 1095 1590 et
1124 1536 1259 1592 Deus
1285 1556 1443 1594 unum
1467 1553 1585 1596 sunt
1606 1546 1631 1597 ἰ)
1658 1543 1907 1618 Nunquid
1926 1565 2033 1602 una
2054 1566 2153 1603 na-

574 1632 692 1676 tura
720 1624 941 1679 hominis
969 1635 1017 1679 et
1047 1626 1164 1694 Dei,
1193 1630 1387 1685 domini
1415 1642 1462 1686 et
1490 1636 1638 1700 servi,
1671 1638 1885 1705 factoris
1913 1650 1962 1693 et
1984 1642 2154 1709 factu-

578 1713 701 1767 rw?
738 1713 901 1768 Ilomo
931 1715 1123 1770 homini
1169 1719 1627 1777 consubstantialis
1656 1735 1753 1794 est,
1800 1727 1938 1783 Deus
1985 1740 2155 1786 autem

574 1800 686 1859 Deo
726 1805 1183 1863 consubstantialis
1222 1820 1297 1865 est
1337 1828 1355 1866 :
1405 1817 1658 1885 quomodo
1704 1820 1861 1889 igitur
1906 1822 2055 1878 homo
2104 1832 2154 1879 et

2259 600 2338 655 dit
2361 610 2451 657 aut
2477 605 2748 674 praedicat,
2781 611 3067 668 anathema
3093 613 3181 669 sit.

2669 736 2941 778 TBEODORI
2970 741 3273 785 οΑΡιτυιυι
3309 744 3413 785 LIV.

2328 808 2679 869 Consonantia
2707 824 2757 869 et
2778 818 3057 888 Apostolus
3090 822 3253 877 dicit:
3302 821 3370 878 Et
3406 825 3689 883 manifeste
3717 843 3843 884 ma-

2256 915 2418 971 gnum
2448 913 2532 960 est
2557 907 2771 977 pietatis
2796 913 3131 981 mysterium,
3155 913 3299 983 quod
3327 915 3727 973 manifestatum
3754 927 3847 975 est

2258 993 2313 1049 in
2361 1010 2543 1064 carne,
2587 996 2934 1066 justiticatum
2982 1010 3065 1058 est
3108 1002 3160 1056 in
3203 1004 3408 1074 Spiritu
3456 1004 3512 1075 (Ι
3544 1005 3680 1062 Tim.
3733 1008 3841 1077 tu),

2249 1082 2595 1155 justificatum
2620 1104 2730 1143 esse
2768 1091 2823 1144 in
2863 1091 3061 1161 Spiritu
3091 1093 3269 1148 dicens
3316 1096 3503 1163 ipsum,
3550 1099 3656 1152 sive
3698 1099 3842 1169 quod

2258 1188 2378 1234 ante
2406 1178 2663 1252 baptisma
2692 1200 2806 1239 cum
2831 1186 3110 1241 subtilitate
3139 1199 3453 1258 competente
3480 1191 3642 1262 legem
3670 1202 3844 1247 custo-

2259 1272 2405 1343 diuit,
2457 1276 2562 1329 sive
2600 1277 2736 1348 quod
2780 1279 2937 1331 etiam
2976 1288 3090 1349 post
3119 1280 3250 1334 illud
3275 1283 3458 1351 gratiae
3485 1285 3842 1338 conversatio-

2259 1377 2374 1415 nem
2400 1365 2761 1434 cooperatione
2788 1365 3019 1437 Spiritus
3048 1386 3160 1424 cum
3195 1387 3387 1442 magna
3415 1372 3683 1443 complevit
3712 1370 3839 1427 sub-

2257 1452 2459 1508 tilitate.

2810 1550 2991 1622 Vigilii
3013 1557 3302 1624 responsio.

2326 1634 2384 1691 In
2414 1640 2779 1710 suprascripto
2815 1643 3261 1713 quinquagesimo
3290 1653 3481 1715 quarto
3512 1647 3753 1718 capitulo
3780 1649 3839 1706 id

2256 1728 2403 1799 quod
2431 1730 2720 1800 Apostolus
2741 1731 2871 1809 dicit
2894 1752 2907 1787 :
2943 1732 3093 1799 Quod
3116 1738 3501 1809 manifestatum
3525 1748 3603 1794 est
3630 1741 3686 1794 in
3717 1757 3840 1795 car-

2258 1836 2354 1883 ne,
2406 1820 2749 1890 justiﬁcatum
2800 1808 2876 1878 est
2914 1824 2969 1877 in
3020 1808 3267 1895 Spiritu,
3304 1825 3547 1884 Christus
3578 1828 3839 1898 justiﬁca-

575 1893 714 1950 Deus
741 1913 871 1952 unus
901 1917 991 1969 per
1016 1901 1265 1956 unitatem
1301 1921 1411 1958 esse
1438 1916 1641 1974 potest:
1691 1912 1780 1981 qui
1806 1913 2143 1984 salviﬁcatur,
2175 1900 2224 1961 Β
2251 1916 2337 1963 lus
2365 1922 2485 1965 0550
2513 1912 2801 1977 assel'illll'o
2856 1913 2969 1969 Sive
2996 1915 3142 1984 ιιιιοίὶ
3178 1924 3304 1971 ante
3344 1918 3667 1988 baptismum
3709 1936 3837 1976 cum

573 1986 659 2055 qui
686 1988 961 2060 salrificat,
990 2002 1037 2045 et
1065 1994 1149 2063 qui
1179 2002 1297 2048 ante
1323 1996 1534 2066 sa’cula,
1565 2006 1614 2051 et
1642 2002 1729 2069 qui
1748 2016 1823 2056 ex
1850 2001 2025 2060 Maria
2054 2022 2149 2077 ap-

572 2080 744 2146 paruit
771 2081 796 2133 ?

1112 2196 1290 2270 Vigilii
1319 2203 1601 2273 responsio.

642 2304 701 2360 In
727 2308 1091 2379 suprascripto
1117 2312 1558 2381 quinquagesimo
1588 2315 1761 2384 primo
1782 2317 2017 2389 capitulo
2050 2333 2148 2374 ne-

571 2404 728 2465 gatur
766 2400 909 2468 quod
938 2417 1074 2456 unus
1114 2402 1361 2473 idemque
1389 2404 1491 2460 dici
1520 2406 1691 2476 possit
1719 2407 1859 2464 Deus
1904 2419 1958 2465 et
1985 2410 2149 2466 homo

567 2486 800 2544 dicendo
826 2507 839 2542 :
870 2490 1151 2556 Quomodo
1176 2493 1337 2549 homo
1363 2502 1417 2550 et
1444 2495 1584 2551 Deus
1610 2513 1747 2552 unus
1766 2514 1866 2568 per
1892 2501 2149 2557 unitatem

576 2593 696 2634 esse
724 2588 920 2649 potest,
972 2582 1065 2650 qui
1094 2582 1377 2651 salvillcat,
1430 2594 1484 2640 ct
1519 2586 1611 2655 qui
1660 2587 2007 2657 salviticatur,
2055 2591 2150 2660 qui

571 2676 699 2723 ante
745 2670 939 2725 saecula
978 2680 1080 2739 est,
1132 2683 1187 2728 et
1231 2674 1322 2745 qui
1364 2689 1433 2730 ex
1476 2674 1643 2732 Maria
1687 2680 1976 2749 apparuit?
2021 2680 2151 2748 Qua:

574 2761 738 2816 verba
767 2760 900 2818 duas
929 2763 1275 2821 introducunt
1302 2768 1357 2822 in
1386 2766 1601 2826 Christo
1626 2787 1905 2842 personas.
1946 2775 2003 2831 Si
2030 2776 2151 2845 quis

572 2847 734 2916 igitur
760 2849 832 2905 ita
855 2853 1014 2924 sapit,
1045 2853 1223 2924 docet,
1258 2859 1429 2914 credit
1466 2869 1559 2915 aut
1606 2862 1880 2935 praidicat,
1926 2866 2152 2924 anathe-

573 2954 659 2994 ma
693 2940 782 2997 sit.

992 3073 1257 3116 THEODORI
1293 3076 1594 3120 οΑΡιτυιυιι
1624 3078 1715 3120 ιιι.

640 3146 777 3202 Bene
801 3150 1014 3206 intulit:
1062 3152 1303 3223 Namque
1348 3166 1402 3210 et
1431 3170 1531 3226 ego
1559 3158 1723 3213 homo
1763 3173 1882 3215 sum
1930 3159 2144 3231 (Matth.

569 3234 706 3307 vni),
749 3247 807 3291 ut
832 3240 1009 3293 dicat:
1059 3239 1212 3295 Nihil
1238 3244 1533 3299 mirandum
1560 3247 1606 3300 si
1635 3246 1730 3299 hoc
1759 3256 1904 3317 potes
1932 3265 2049 3303 cum
2072 3251 2144 3305 sis

570 3325 722 3381 homo
751 3329 1008 3398 accipiens
1038 3347 1070 3383 a
1097 3330 1207 3387 Deo
1230 3349 1247 3387 :
1279 3336 1521 3403 quoniam
1562 3344 1611 3391 et
1639 3354 1731 3408 ego
1759 3355 1872 3393 cum
1900 3340 1995 3395 hoc
2022 3342 2142 3411 sim,

569 3420 767 3490 accipio
796 3410 1112 3492 obedientes,
1156 3428 1310 3479 semel
1356 3426 1550 3485 habens
1592 3429 1807 3501 jubendi
1844 3410 2146 3504 potestatem

568 3519 775 3579 prapter
799 3510 998 3569 datoris
1024 3515 1419 3587 indulgentiam.

995 3646 1259 3689 TIIEODORI
1295 3650 1593 3693 CAPITULUII
1622 3653 1733 3693 LIII.

640 3738 965 3814 Quapropter
1005 3755 1054 3799 et
1092 3764 1183 3801 nec
1212 3748 1550 3822 incongruum
1596 3761 1674 3807 est
1720 3762 1770 3807 et
1817 3764 1884 3823 te,
1932 3765 2142 3827 accepta

566 3830 666 3885 ista
696 3849 727 3885 a
757 3832 867 3888 Deo
896 3846 1167 3905 potestate,
1196 3839 1346 3896 verbo
1374 3842 1483 3896 solo
1506 3842 1772 3914 jubentem
1802 3847 2007 3918 abigere
2020 3865 2143 3919 pas-

565 3924 754 3993 siones,
784 3942 874 3980 nec
900 3928 1035 3982 enim
1057 3938 1300 4002 tanquam
1322 3930 1463 3987 Filio
1488 3933 1607 4001 Dei,
1641 3943 1688 3989 et
1710 3945 1830 3991 ante
1851 3940 2143 3995 universam

563 4023 858 4071 creaturam
885 4019 1147 4088 existenti,
1200 4029 1249 4075 et
1286 4026 1510 4079 creatori
1555 4042 1728 4081 eorum
1760 4044 1872 4099 qua:
1898 4038 2020 4086 sunt
2048 4048 2140 4086 ac-

560 4107 715 4161 cessit
734 4110 986 4166 centurio.

1093 4225 1272 4299 Vigilii
1306 4232 1590 4298 responsio.

627 4330 686 4389 In
730 4338 1104 4410 suprascriptis
1131 4340 1575 4412 quinquagesimo
1619 4346 1860 4403 secundo
1891 4354 1947 4403 et
1972 4348 2129 4419 quin-

554 4426 863 4492 quagesimo
894 4429 1055 4485 tertio
1079 4432 1325 4500 capitulis
1353 4434 1569 4504 dicitur,
1618 4438 1744 4506 quia
1785 4438 2001 4495 Christo
2043 4440 2129 4497 di-

554 4518 697 4571 xerit
723 4520 986 4587 centurio,
1039 4521 1171 4577 nihil
1216 4524 1517 4581 mirandum
1565 4544 1682 4583 esse
1730 4530 1776 4585 si
1822 4530 1927 4587 hoc
1953 4540 2130 4603 potes,

553 4624 675 4663 cum
704 4611 779 4667 sis
803 4612 965 4669 homo
988 4616 1257 4686 accipiens
1277 4633 1308 4672 a
1334 4618 1444 4675 Deo
1469 4639 1482 4674 :
1515 4622 1768 4691 quoniam
1794 4632 1850 4680 et
1878 4640 1977 4697 ego
2008 4642 2127 4681 cum

2255 2000 2551 2057 subtilitate
2582 2005 2910 2073 competenti
2960 2006 3133 2075 legem
3185 2009 3490 2079 custodivit,
3540 2012 3655 2068 sive
3692 2012 3839 2083 quod

2226 2092 2417 2146 'etiam
2446 2098 2567 2162 post
2594 2092 2722 2147 illud
2742 2094 2925 2163 gratiae
2964 2101 3423 2154 conversationem
3446 2102 3835 2171 cooperatione

2255 2183 2489 2253 Spiritus
2526 2200 2647 2241 cum
2696 2202 2887 2256 magna
2931 2190 3229 2247 subtilitate
3282 2194 3655 2264 compleverit.
3705 2196 3836 2263 Qua:

2252 2276 2417 2331 verba
2447 2276 2575 2346 quia
2606 2277 2735 2333 item
2781 2295 2973 2349 purum
3004 2282 3277 2339 hominem
3318 2284 3588 2341 Christum
3632 2287 3835 2356 justiti-

2254 2371 2470 2427 catione
2496 2372 2708 2440 eguisse
2731 2374 3100 2446 demonstrat,
3127 2380 3172 2435 si
3201 2380 3321 2449 quis
3351 2382 3423 2436 ita
3451 2384 3619 2453 sapit,
3652 2384 3830 2452 docet,

2258 2462 2431 2518 credit
2459 2472 2553 2519 aut
2598 2466 2870 2536 prtedicat,
2913 2478 2967 2525 et
3005 2486 3112 2526 non
3143 2474 3311 2543 magis
3346 2475 3519 2545 ipsum
3556 2484 3617 2531 ut
3646 2492 3835 2534 verum

2252 2553 2423 2611 Deum
2480 2558 2995 2616 consubstantialem
3049 2562 3192 2618 Patri
3250 2573 3306 2619 et
3355 2565 3578 2636 Spiritui
3641 2580 3833 2628 sancto

2246 2646 2541 2717 justrilicare
2567 2650 2761 2721 impios
2788 2666 2884 2722 per
2912 2652 3068 2709 ﬁdem
3100 2655 3287 2722 credit,
3319 2659 3598 2714 anathema
3629 2660 3720 2716 sit.

2680 2777 2947 2820 1⁵ποῦοηί
2976 2780 3280 2824 εΑιιιτυιωι
3315 2784 3403 2825 ιν.

2321 2851 2472 2907 Idem
2500 2854 2595 2909 hoc
2625 2854 2840 2911 dicimus
2857 2857 3000 2928 juste
3037 2869 3087 2914 et
3127 2861 3192 2915 de
3234 2861 3476 2930 Domino,
3522 2864 3660 2936 quod
3682 2863 3824 2921 Deus

2251 2944 2456 2999 rerbum
2495 2948 2663 3001 sciens
2706 2948 2816 3019 ejus
2850 2950 3109 3019 virtutem,
3158 2942 3221 3007 et,
3246 2956 3526 3010 secundum
3553 2957 3831 3027 prtescien-

2252 3037 2379 3092 tiam
2405 3041 2581 3094 statim
2603 3042 2659 3095 in
2686 3042 2799 3111 ipso
2826 3043 2977 3098 initio
3018 3046 3493 3116 complasmationis
3529 3050 3830 3105 cohabitare

2251 3130 2376 3188 bene
2404 3136 2578 3201 vohtit,
2603 3144 2653 3190 et
2681 3138 2865 3191 uniens
2891 3154 3006 3191 eum
3032 3138 3128 3193 sibi
3171 3139 3357 3210 affectu
3386 3142 3684 3208 voluntatis,
3713 3159 3831 3196 ma-

2243 3223 2413 3293 jorem
2457 3226 2732 3295 quamdam
2769 3227 3048 3298 praestabat
3092 3232 3335 3302 gratiam,
3388 3241 3444 3286 ut
3493 3244 3607 3304 pote
3648 3236 3826 3305 gratia

2250 3332 2365 3388 qui:
2392 3317 2444 3371 in
2474 3334 2589 3373 eum
2609 3327 2704 3387 est,
2736 3328 2785 3373 et
2811 3322 2861 3374 in
2884 3337 3059 3376 omnes
3087 3322 3315 3378 homines
3345 3323 3639 3381 dividenda.
3677 3326 3831 3384 Unde

2247 3418 2297 3464 et
2326 3411 2462 3465 circa
2491 3411 2625 3467 bona
2652 3414 2961 3470 voluntatem
2979 3418 3235 3490 integram
3265 3420 3313 3473 ei
3333 3418 3667 3473 custodiebat.
3700 3418 3757 3473 Ν
3762 3437 3829 3474 on

2247 3500 2385 3555 etaim
2412 3502 2507 3556 hoc
2535 3502 2783 3571 dicemus,
2812 3508 2949 3577 quod
2974 3507 3060 3561 ille
3090 3508 3242 3564 homo
3271 3508 3584 3564 voluntatem
3605 3508 3831 3563 habebat

2246 3592 2463 3661 nullam,
2494 3596 2585 3650 sed
2607 3597 2743 3666 quod
2768 3599 2965 3653 volebat
2992 3600 3195 3671 quidem
3225 3601 3431 3669 bonum,
3464 3604 3629 3673 magis
3653 3612 3827 3656 autem

2242 3680 2296 3737 ci
2319 3682 2606 3739 voluntarie
2632 3686 2907 3757 plurimum
2954 3688 3137 3743 aderat
3172 3699 3222 3744 et
3264 3692 3383 3746 boni
3414 3692 3745 3760 desiderium,
3778 3701 3828 3746 et

2244 3777 2495 3830 contrarii
2524 3777 2738 3831 odium:
2780 3779 3179 3835 conservabatur
3218 3797 3336 3836 vero
3381 3799 3414 3835 a
3440 3781 3615 3836 divina
3654 3781 3827 3851 gratia

2244 3864 2324 3919 illi
2353 3866 2587 3919 voluntas
2623 3867 2825 3938 integra
2852 3870 3114 3937 ab’initio,
3161 3869 3271 3925 Deo
3298 3872 3466 3943 qualis
3494 3872 3591 3926 erit
3617 3870 3826 3926 subtili-

2244 3965 2321 4013 ter
2353 3959 2564 4023 sciente,
2596 3961 2682 4030 qui
2710 3969 2759 4014 et
2788 3962 2857 4014 ad
2886 3963 3300 4033 conﬁrmandum
3329 3980 3443 4018 eum
3472 3980 3717 4036 magnam
3746 3964 3827 4019 illi

2243 4038 2654 4117 cooperationem
2685 4048 3002 4105 habitatione
3039 4068 3134 4105 sua
3162 4052 3444 4123 prwstabat
3471 4070 3565 4123 pro
3594 4040 3826 4108 omnium

2239 4146 2473 4190 nostrum
2502 4138 2666 4192 salute
2692 4154 2711 4192 :
2742 4138 2877 4192 unde
2906 4156 2998 4193 nec
3029 4140 3281 4211 injustam
3308 4141 3447 4195 dicat
3472 4143 3659 4213 aliquis
3688 4160 3820 4210 esse,

2239 4224 2376 4297 quod
2400 4234 2589 4293 prazter
2615 4243 2793 4282 onmes
2832 4229 3147 4299 prwcipuum
3176 4229 3371 4301 aliquid
3415 4230 3591 4284 datum
3620 4241 3697 4286 est
3739 4230 3822 4286 illi

2239 4313 2457 4381 homini,
2481 4316 2566 4386 qui
2595 4334 2628 4370 a
2656 4315 2881 4373 Domino
2909 4327 3198 4387 assumptus
3235 4329 3328 4375 est.

2682 4410 2685 4415 ί
2790 4428 2969 4502 Vigilii
2996 4432 3284 4501 responsio.

2308 4517 2368 4575 In
2428 4520 2799 4592 suprascripto
2848 4521 3290 4591 quinquagesimo
3337 4523 3528 4594 quinto
3577 4524 3818 4593 capitulo

2237 4609 2432 4666 dicitur
2476 4612 2600 4681 quia
2641 4611 2783 4667 Deus
2822 4612 3044 4667 verbum
3087 4613 3379 4669 secundum
3421 4615 3816 4685 prmscientiam

552 4699 655 4755 hoc
681 4701 802 4769 sim,
852 4704 1057 4775 accipio
1087 4679 1419 4774 obedientcs,
1472 4679 1639 4767 εεξηρι
1682 4713 1887 4769 habens
1910 4679 2131 4785 ἷυυοηάί
2160 4679 2213 4741 Ῑ)
2235 4704 2413 4761 sciens
2441 4705 2673 4761 hominis
2701 4704 2899 4761 Christi
2942 4706 3217 4773 virtutem,
3258 4706 3413 4763 initio
3456 4709 3816 4779 complasma-

548 4800 877 4860 potestatem
916 4804 1137 4867 propter
1162 4799 1368 4857 datoris
1396 4801 1804 4873 indulgentiam.
1837 4804 1907 4859 Et
1936 4821 2130 4876 quam-

548 4882 630 4938 vis
672 4899 739 4939 ex
777 4901 845 4942 eo
874 4887 1017 4956 quod
1043 4891 1303 4960 sequitur,
1334 4894 1707 4974 centurionem
1737 4914 1842 4954 non
1870 4905 2128 4968 tanquam

545 4970 739 5028 Filium
784 4976 881 5031 Dei
925 4978 1136 5047 adiisse,
1187 4983 1277 5051 qui
1309 4970 1625 5042 universam
1642 4988 1943 5044 condiderit
1970 5006 2125 5045 crea-

546 5072 721 5123 turam
751 5085 765 5134 ;
797 5070 1042 5126 videatur
1062 5074 1276 5143 quidem
1307 5092 1426 5134 esse
1457 5081 1704 5136 conﬁteri
1731 5096 1853 5137 eum
1884 5098 2003 5139 esse
2031 5084 2123 5139 Fi-

542 5158 673 5215 lium
704 5161 800 5217 Dei
836 5172 891 5218 et
923 5174 1184 5223 creaturae
1209 5171 1374 5227 totius
1424 5172 1695 5244 opiﬁcem.
1748 5173 1951 5231 Tamen
1996 5177 2123 5246 quia

542 5269 644 5310 nec
671 5256 740 5313 de
769 5260 1096 5317 centurionis
1125 5263 1400 5321 intellectu
1427 5262 1568 5323 bene
1597 5269 1942 5337 existimavit,
1974 5271 2123 5341 cujus

542 5344 796 5405 Dominus
828 5350 983 5407 tidem
1014 5371 1121 5410 non
1157 5356 1403 5413 laudaret
1444 5358 1671 5415 dicendo
1707 5377 1722 5414 :
1780 5359 1902 5415 Non
1945 5363 2120 5418 inveni

539 5446 738 5495 tantam
771 5444 927 5512 ﬁdem
953 5449 1010 5501 in
1039 5447 1210 5505 Israel
1240 5451 1487 5522 (Ibidem)
1509 5491 1524 5515 ,
1554 5455 1655 5509 nisi
1683 5456 1848 5511 sciret
1883 5472 2009 5512 eum
2036 5458 2119 5511 in-

539 5527 808 5586 tellexisse
837 5528 960 5603 quia
990 5536 1129 5593 Deus
1155 5558 1167 5593 :
1201 5548 1257 5595 et
1278 5556 1344 5595 ex
1373 5543 1456 5597 his
1498 5553 1552 5598 et
1575 5534 1943 5614 superioribus
1968 5547 2116 5617 capi-

536 5618 661 5674 tulis
692 5630 746 5675 et
775 5626 891 5680 aliis
919 5628 1073 5684 dictis
1094 5633 1204 5699 jam
1253 5649 1359 5689 non
1408 5651 1504 5704 per
1533 5636 1789 5691 unitatem
1823 5639 2117 5695 subsisten-

536 5711 640 5777 tim,
672 5716 763 5769 sed
787 5733 883 5786 per
911 5719 1136 5787 gratiam
1166 5725 1360 5780 dicitur
1387 5725 1633 5783 Christus
1661 5744 1779 5784 esse
1809 5729 1975 5785 Filius
1997 5731 2113 5797 Dei,

538 5810 592 5855 ct
622 5820 687 5857 cx
734 5822 799 5861 eo
831 5809 1075 5865 Christus
1103 5828 1265 5880 purus
1309 5815 1471 5871 homo
1512 5819 1724 5874 videtur
1768 5820 1970 5885 induci,
2021 5823 2114 5889 qui

531 5910 626 5968 pro
656 5900 852 5958 merito
882 5918 980 5960 suo
1008 5904 1278 5977 acciperet
1326 5924 1423 5983 per
1470 5910 1680 5971 (latoris
1728 5911 2114 5984 indulgentiam

2233 4794 2395 4850 tionis
2440 4798 2618 4851 statim
2666 4798 2969 4853 inhabitare
3015 4798 3067 4853 in
3115 4799 3234 4869 ipso
3280 4799 3421 4856 bene
3448 4802 3701 4869 voluerit,
3757 4811 3815 4860 et

2234 4886 2424 4939 uniens
2452 4900 2575 4939 eum
2605 4887 2706 4941 sibi
2744 4887 2938 4944 affectu
2984 4890 3278 4947 voluntatis
3322 4891 3583 4962 majorem
3630 4909 3817 4964 quam-

2232 4974 2357 5029 dam
2398 4976 2447 5029 ei
2476 4978 2763 5046 praestabat
2787 4980 3035 5048 gratiam.
3084 4980 3163 5037 Ex
3193 4983 3386 5052 quibus
3412 4985 3609 5050 verbis,
3659 4994 3717 5041 et
3740 5001 3813 5042 ex

2231 5067 2352 5122 aliis
2379 5083 2497 5138 qua:
2537 5079 2857 5139 sequuntur,
2888 5072 3005 5128 dua:
3033 5075 3311 5133 evidenter
3338 5078 3663 5135 inducuntur
3686 5095 3812 5137 esse

2229 5174 2497 5229 persona),
2526 5168 2583 5215 et
2610 5160 2734 5229 quia
2757 5161 2921 5217 Filius
2947 5162 3043 5244 Dei
3071 5165 3124 5219 in
3154 5166 3262 5223 lilio
3291 5169 3522 5225 hominis
3549 5186 3646 5241 per
3673 5168 3810 5228 atie-

2230 5258 2375 5304 ctum
2405 5258 2461 5304 et
2484 5250 2711 5319 gratiam
2738 5260 2793 5306 et
2821 5253 3136 5310 relationem
3165 5257 3410 5315 habitare
3438 5260 3702 5316 videatur.
3746 5260 3810 5317 Si

2228 5343 2347 5412 quis
2376 5358 2504 5413 ergo
2533 5345 2646 5401 haec
2675 5344 2749 5399 ita
2774 5346 2935 5417 sapit,
2966 5347 3147 5415 docet,
3185 5350 3354 5406 credit
3381 5361 3475 5407 aut
3522 5354 3800 5423 pnedicat,

2225 5440 2415 5488 etnon
2443 5450 2606 5490 unum
2638 5437 2991 5508 eumdemquc
3016 5440 3287 5496 Christum
3335 5442 3387 5495 in
3437 5443 3643 5501 duabus
3686 5460 3807 5515 per»

2224 5522 2379 5579 lectis
2402 5535 2457 5578 et
2500 5525 2785 5583 individuis
2812 5529 3211 5601 inconfusisque
3252 5535 3496 5602 agnoscit
3534 5543 3588 5591 et
3629 5536 3803 5592 credit

2225 5616 2450 5681 naturis,
2478 5618 2761 5674 anathema
2792 5621 2877 5675 sit.

2633 5748 2897 5787 'I'IIEODORI
2929 5748 3227 5791 CAPITULUII
3267 5754 3372 5795 LVI.

2294 5820 2436 5876 Nam
2467 5824 2742 5878 rationalis
2768 5826 2973 5895 quidem
3011 5830 3278 5899 prOprium
3316 5840 3392 5884 est
3420 5832 3661 5887 discretio
3704 5831 3796 5887 bo-

2220 5932 2401 5973 norum
2448 5926 2497 5975 et
2534 5916 2785 5975 malorum
2828 5935 2845 5977 .'
2895 5936 3011 5977 cum
3051 5937 3167 5985 vero
3216 5937 3318 5982 non
3359 5925 3464 5983 sint
3507 5926 3791 6001 contraria,
