4042 6464
192 316 269 375 97

1392 302 1746 366 εΡιετοωΕ
1783 302 1876 362 ΕΤ
1913 293 2252 364 DECRETA.

3371 301 3444 358 98

189 448 298 488 non
325 439 439 487 erat
472 429 520 486 ei
555 427 795 501 possibile
821 424 1015 500 aliquid
1057 423 1348 480 discernere
1375 423 1634 492 primum:
1665 421 1770 493 igi-
1798 428 1848 483 Α
1875 419 2000 475 duci
2029 419 2250 474 meliora
2277 433 2290 473 :
2335 423 2391 475 et
2419 415 2670 489 adjicitur
2695 436 2708 473 :
2749 415 2885 487 Quia
2915 417 2959 474 si
2984 415 3166 476 statim
3194 413 3262 471 ab
3290 415 3444 473 initio

191 531 279 578 tur
305 524 361 578 in
405 525 484 578 Iris
537 539 652 596 qua
685 527 859 577 creata
901 526 1020 574 sunt
1059 531 1306 589 magnam
1351 514 1769 571 contrarietatem

194 615 338 687 fecit.

197 795 202 798 _
742 725 916 798 Vigilii
943 721 1230 794 responsio.

265 823 327 878 In
354 817 719 892 suprascripto
746 815 1190 887 quinquagesimo
1238 821 1394 870 sexto
1420 809 1658 884 capitulo
1686 808 1770 866 di-

195 914 358 982 citur,
402 909 679 966 rationalis
702 907 981 980 proprium
1025 920 1147 962 esse
1173 903 1550 961 discretionem
1595 903 1770 959 bono-

195 1019 319 1061 rum
347 1011 402 1059 et
429 1001 730 1068 malorum;
761 1007 817 1055 et
855 1006 978 1071 post
1004 1013 1178 1070 pauca
1218 998 1500 1068 sequitur:
1534 995 1772 1051 Primum

199 1093 362 1164 igitur
388 1092 445 1147 in
467 1091 551 1147 his
578 1105 696 1161 quae
723 1095 907 1146 creata
929 1094 1056 1144 sunt
1072 1101 1320 1157 magnam
1337 1086 1775 1143 contrarietatem

199 1184 348 1240 fecit.
380 1181 511 1250 Quae
547 1181 710 1237 verba
754 1181 802 1236 si
841 1195 906 1236 ea
934 1179 1234 1236 intentione
1268 1177 1532 1243 dicantur,
1563 1184 1622 1232 ut
1647 1174 1775 1232 mali

201 1284 396 1334 natura
424 1275 564 1333 sicut
589 1283 645 1330 et
671 1273 802 1331 boni
821 1272 1214 1342 introducatur,
1243 1271 1531 1328 anathema
1555 1268 1642 1326 sit.

311 1437 318 1444 .
615 1402 882 1444 'I'IIBODORI
919 1401 1218 1444 CAPITULUI
1248 1401 1375 1441 LVII.

280 1483 541 1549 Quoniam
569 1487 738 1535 autem
763 1495 865 1535 non
893 1478 1105 1534 obaudit
1127 1477 1316 1542 Adam,
1349 1475 1533 1530 deinde
1551 1473 1782 1530 subditus

204 1584 285 1634 est
331 1575 486 1630 morti
524 1588 544 1628 :
591 1579 642 1627 et
684 1573 851 1643 factus
887 1578 963 1626 est
1003 1570 1098 1624 hoc
1125 1576 1332 1640 propter
1358 1565 1780 1634 inobedientiam,

205 1665 346 1739 quod
389 1672 440 1720 et
483 1665 614 1719 citra
659 1660 1058 1718 inobedientiam
1103 1667 1315 1730 propter
1359 1657 1636 1713 utilitatem
1687 1673 1784 1712 no-

206 1766 374 1814 stram
400 1773 434 1811 a
461 1755 702 1812 Creatorc
725 1755 920 1826 factum
947 1761 1046 1822 est,
1071 1751 1239 1808 edocti
1258 1767 1434 1807 sumus
1463 1765 1638 1807 omnes
1659 1766 1780 1822 pec-

209 1858 403 1906 catum.

744 1959 925 2032 Vigilii
961 1954 1267 2030 responsio:

279 2049 342 2107 In
385 2051 749 2122 suprascripto
795 2049 1236 2120 quinquagesimo
1284 2047 1516 2119 septimo
1553 2044 1788 2118 capitulo

213 2143 425 2208 dicitur,
457 2142 585 2214 quia
611 2142 712 2196 etsi
756 2155 866 2196 non
914 2140 1102 2195 fuisset
1148 2138 1318 2194 Adam
1346 2137 1679 2204 inobediens,
1710 2144 1790 2192 ta-

213 2247 338 2289 men
368 2238 594 2303 propter
619 2230 905 2285 utilitatem
932 2229 1208 2285 hominum
1238 2243 1270 2284 a
1301 2227 1562 2285 Creatore
1589 2226 1791 2284 factum

215 2339 358 2390 esse,
401 2331 458 2380 et
482 2323 705 2379 edoctos
736 2339 836 2378 nos
863 2338 984 2379 esse
1012 2330 1294 2394 peccatum
1333 2339 1348 2376 :
1395 2321 1540 2394 quod
1568 2322 1708 2377 absit
1734 2328 1795 2377 ut

217 2414 490 2472 catholica
535 2411 668 2469 fides
713 2412 919 2479 credat,
966 2427 998 2468 a
1042 2413 1154 2469 Deo
1201 2428 1322 2481 nos,
1370 2419 1432 2467 ut
1477 2419 1794 2482 peccatores

218 2510 580 2578 efﬁceremur,
611 2510 796 2568 doceri
823 2511 1062 2582 potuisse
1088 2519 1393 2583 peccatum.
1433 2507 1492 2565 Si
1518 2509 1639 2579 quis
1662 2523 1794 2580 ergo

217 2604 327 2660 hoc
353 2603 431 2657 ita
486 2601 645 2673 sapit,
693 2600 852 2657 docet
892 2609 985 2656 aut
1030 2601 1325 2672 praedicat;
1374 2606 1431 2656 et
1472 2614 1581 2655 non
1627 2599 1796 2670 magis

217 2693 541 2766 prohibente
567 2693 701 2758 Deo,
746 2692 906 2763 primi
944 2692 1177 2748 hominis
1219 2692 1376 2762 culpa
1426 2689 1797 2745 introductum

220 2783 420 2836 fatetur
466 2795 586 2836 esse
627 2788 948 2851 peccatum,
997 2787 1063 2846 et
1087 2779 1237 2848 justo
1283 2779 1382 2834 Dei
1423 2778 1625 2849 judicio
1675 2792 1798 2834 eum

222 2882 388 2942 atque
417 2871 534 2942 ejus
564 2872 877 2942 progeniem
922 2880 1144 2942 propter
1190 2870 1614 2928 inobedientiam
1641 2885 1798 2927 suam

222 2965 415 3022 mortis
437 2964 664 3020 subiisse
687 2963 1028 3035 supplicium,
1058 2963 1346 3018 anathema
1368 2962 1459 3018 sit.

621 3086 890 3126 'I'IIEODORI
922 3086 1072 3125 CAPIT
1080 3086 1222 3125 υιυκ
1251 3086 1398 3124 LVIII.

1871 513 2205 569 immortales
2234 527 2336 568 nos
2359 511 2576 570 fecisset
2604 522 2660 570 et
2699 513 3076 580 immutabiles,
3107 512 3311 568 nullam
3338 511 3442 567 dif-

1871 604 2154 661 ferentiam
2181 604 2250 659 ad
2275 604 2661 660 irrationabilia
2680 604 3022 669 haberemus,
3049 605 3326 675 proprium
3345 617 3442 660 ne-

1873 699 2105 754 scientes
2128 696 2350 752 bonum.
2390 695 2594 764 Quibus
2620 695 2800 754 verbis
2822 695 3052 767 primum
3072 703 3261 750 contra
3287 707 3448 764 regu-

1874 788 1983 846 lam
2010 787 2133 845 ﬁdei
2161 788 2302 846 Deus
2327 788 2588 845 asseritur
2624 795 2882 858 tanquam
2909 787 3066 844 nobis
3101 787 3234 842 utile
3277 787 3451 843 intro-

1877 879 2098 937 duxisse
2123 889 2425 951 peccatum.
2470 879 2721 937 Secundo
2749 894 2871 936 cum
2898 879 3080 936 omnia
3105 879 3450 935 rationabilis

1875 971 2278 1042 complectitur,
2323 971 2430 1027 hoc
2473 971 2638 1027 etiam
2675 970 2743 1027 de
2771 971 2977 1040 angelis
3004 977 3062 1026 et
3102 968 3172 1026 de
3197 969 3451 1026 universa

1877 1060 2082 1116 caelesti
2119 1061 2326 1128 militia,
2373 1075 2492 1132 qua:
2518 1062 2728 1116 ratione
2773 1069 2857 1116 est
2901 1059 3144 1130 praedita,
3195 1058 3320 1114 lacit
3364 1059 3451 1114 in-

1879 1150 2068 1219 telligi.
2117 1151 2303 1208 Tertio
2349 1151 2478 1221 quia
2523 1150 2674 1217 illud,
2729 1151 2873 1222 quod
2909 1149 3154 1206 diabolus
3203 1148 3270 1204 ad
3297 1148 3450 1205 deci-

1879 1240 2133 1311 piendum
2160 1241 2345 1312 primis
2372 1241 2680 1297 hominibus
2721 1240 3071 1312 persuaserit,
3117 1239 3265 1312 quia,
3309 1239 3357 1294 si
3385 1237 3453 1294 de

1881 1335 2026 1406 ligno
2054 1333 2330 1406 prohibito
2353 1333 2741 1395 manducarent
2767 1333 2906 1390 sicut
2937 1331 3010 1388 dii
3039 1341 3068 1370 α
3093 1331 3326 1389 scientes
3353 1330 3454 1387 bo-

1881 1443 2008 1484 num
2047 1435 2104 1484 et
2141 1427 2362 1494 malum,
2402 1425 2652 1482 beneﬁcii
2697 1425 2818 1482 loco
2863 1423 3122 1482 asseritur
3164 1423 3455 1495 profuisse.

1883 1519 2013 1589 Quae
2045 1521 2093 1577 si
2121 1521 2243 1593 quis
2272 1520 2347 1576 ita
2374 1516 2545 1591 sapit,
2585 1517 2776 1585 docet,
2822 1517 2996 1576 credit
3043 1523 3137 1574 aut
3179 1514 3454 1588 prmdicat,

1884 1611 2170 1669 anathema
2199 1611 2288 1668 sit.

2299 1737 2567 1780 THEODORI
2599 1735 2902 1780 αηιτσιυιί
2932 1735 3042 1778 ιιι.

1809 1803 1860 1868 Β
1961 1837 2186 1894 Necesse
2218 1847 2295 1892 est
2315 1845 2484 1892 autem
2511 1837 2685 1892 omnia
2708 1835 2861 1890 simul
2893 1833 3244 1900 rationabilia,
3280 1831 3462 1887 invisi-

1891 1931 2015 1986 bilia
2043 1931 2179 1996 dico,
2209 1939 2260 1985 et
2285 1946 2380 1986 nos
2399 1929 2559 2001 ipsos,
2581 1927 2761 2000 quibus
2781 1927 2998 1983 mortale
3017 1927 3221 1999 quidem
3249 1933 3325 1980 est
3355 1941 3464 1979 cor-

1889 2038 2004 2092 pus,
2036 2023 2212 2076 anima
2234 2027 2406 2075 autem
2432 2036 2522 2090 per
2542 2021 2716 2075 omnia
2739 2018 2969 2090 ejusdem
2996 2015 3196 2089 generis
3226 2011 3462 2069 invisibi-

1891 2113 2022 2167 libus
2051 2107 2233 2185 [Forte
2274 2111 2593 2166 immortalis
2621 2124 2743 2166 cum
2770 2108 2974 2164 eisdem
3015 2103 3388 2175 invisibilibus]
3417 2109 3466 2158 et

1891 2203 2286 2258 rationabilibus
2312 2200 2633 2266 substantiis,
2676 2200 2758 2255 hic
2787 2199 2992 2269 quidem
3020 2206 3324 2270 prazsentem
3350 2213 3465 2251 mu-

1893 2295 2199 2350 tabilitatem
2225 2295 2355 2366 pati,
2383 2301 2439 2348 ut
2459 2295 2655 2366 Optima
2676 2294 2972 2348 erudiamur
2999 2291 3235 2346 doctrina
3257 2289 3466 2361 religio-

1893 2385 2081 2452 sitatis,
2107 2393 2158 2440 et
2185 2385 2256 2439 ad
2283 2383 2683 2442 benevolentiam
2713 2383 3108 2438 constituamur.

2441 2496 2617 2570 Vigilii
2651 2495 2955 2566 responsio;

1967 2588 2029 2645 In
2056 2589 2422 2660 suprascripto
2465 2589 2908 2660 quinquagesimo
2937 2602 3081 2644 nono
3120 2585 3356 2658 capitulo
3383 2583 3468 2640 di-

1897 2679 2038 2736 citur
2069 2697 2083 2735 :
2116 2681 2348 2736 Necesse
2377 2687 2462 2736 est
2488 2681 2668 2736 omnia
2697 2679 2857 2736 simul
2892 2677 3253 2745 rationabilis,
3291 2674 3477 2732 invisi-

1897 2772 2044 2838 bilia,
2075 2778 2134 2827 et
2160 2787 2260 2828 nos
2287 2771 2455 2842 ipsos,
2503 2771 2697 2841 quibus
2724 2769 2955 2827 mortale
2995 2770 3212 2840 quidem
3242 2777 3326 2824 est
3350 2782 3475 2824 cor-

1899 2875 2020 2934 pus,
2073 2862 2252 2916 anima
2291 2870 2471 2918 autem
2498 2877 2596 2932 per
2619 2861 2799 2916 omnia
2829 2860 3070 2930 ejusdem
3097 2859 3308 2929 generis
3337 2857 3475 2913 invi-

1877 2953 2143 3012 ‘Sibilibus
2181 2960 2239 3008 et
2283 2952 2687 3008 rationabilibus
2711 2953 3052 3017 substantiis,
3119 2951 3208 3005 hic
3260 2949 3478 3020 quidem

1901 3051 2226 3116 praesentem
2253 3043 2610 3098 mutationem
2637 3042 2782 3113 pati,
2833 3051 2894 3097 ut
2942 3042 3145 3111 optima
3173 3041 3482 3095 erudiamur

299 3164 414 3219 Nec
443 3163 602 3235 igitur
651 3172 865 3215 mortem
909 3179 1012 3215 non
1042 3169 1224 3231 sponte
1252 3169 1302 3214 et
1327 3169 1514 3230 praeter
1545 3159 1802 3230 judicium
1830 3187 1878 3254 c
1903 3136 2149 3254 ξὶθθιτίηδ
2195 3134 2603 3254 ξιξξίθδίξῗίῗζο
2707 3131 3482 3254 ἕδη

225 3271 375 3310 suum
404 3253 579 3308 intulit
607 3251 921 3315 hominibus,
948 3267 1040 3304 nec
1068 3259 1275 3320 peccato
1297 3250 1494 3304 aditum
1516 3250 1584 3303 ad
1607 3251 1805 3304 nullam

227 3348 505 3402 utilitatem
535 3344 676 3398 dedit
700 3361 718 3398 :
749 3360 839 3398 nec
859 3345 996 3397 enim
1025 3343 1118 3396 hoc
1142 3342 1276 3412 ﬁeri,
1309 3343 1513 3398 nolente
1539 3345 1671 3412 ipso,
1701 3359 1805 3398 non

227 3446 472 3508 poterat:
501 3435 592 3489 sed
629 3435 873 3504 quoniam
902 3433 1094 3488 sciebat
1121 3435 1248 3488 utile
1271 3450 1381 3489 esse
1409 3435 1552 3489 nobis
1578 3473 1594 3498 ,
1640 3435 1805 3506 magis

230 3534 402 3580 autem
431 3525 666 3580 omnibus
696 3522 1090 3579 rationabilibus
1131 3527 1273 3595 prius
1319 3525 1524 3595 quidem
1552 3527 1808 3579 malorum

229 3624 280 3672 et
301 3617 607 3670 deteriorum
635 3616 751 3684 ﬁeri
772 3616 987 3682 aditum,
1019 3625 1196 3686 postea
1225 3626 1397 3671 autem
1423 3616 1583 3670 deleri
1605 3616 1808 3688 quidem

235 3706 382 3770 lucc;
425 3706 682 3760 introduci
713 3715 886 3760 autem
927 3707 1142 3762 meliora
1181 3722 1199 3760 :
1248 3706 1363 3762 ideo
1409 3709 1463 3761 in
1492 3708 1619 3762 duos
1641 3715 1809 3762 status

236 3797 405 3851 divisit
433 3795 573 3850 Deus
601 3803 928 3871 creaturam,
976 3807 1310 3867 prwsentem,
1357 3807 1406 3853 et
1434 3800 1705 3869 futurum;
1753 3799 1810 3852 in

233 3887 336 3941 isto
376 3886 577 3956 quidem
627 3886 697 3940 ad
748 3887 1190 3942 immortalitatem
1243 3898 1292 3942 et
1339 3887 1812 3944 immutabilitatem

235 3978 412 4034 omnia
455 3963 802 4043 adducturus,
851 3979 908 4032 in
963 3980 1209 4048 prwsenti
1253 3997 1368 4035 vero
1420 3989 1712 4034 creaturam
1757 3980 1812 4034 in

237 4079 452 4123 mortem
478 4078 526 4122 et
572 4067 966 4122 mutabilitatem
1005 4069 1210 4123 interim
1240 4069 1524 4124 dimittens.
1567 4067 1709 4124 Nam
1735 4070 1812 4125 si-

236 4157 439 4229 quidem
465 4159 640 4211 statim
667 4156 731 4210 ab
765 4159 913 4213 initio
939 4159 1253 4212 immortales
1282 4175 1378 4214 nos
1418 4160 1595 4231 fecerit
1637 4169 1686 4214 et
1711 4162 1814 4214 im-

237 4243 534 4318 mutabiles,’
557 4254 756 4307 nullam
777 4254 1124 4324 di/ferentiam
1143 4253 1214 4307 ad
1240 4255 1626 4309 irrationabilia
1655 4254 1814 4310 liabe-

238 4361 427 4411 remus,
457 4347 722 4416 proprium
760 4346 1043 4400 nescientes
1075 4345 1282 4400 bonum.
1336 4345 1650 4417 Ignorantes
1675 4347 1815 4400 enim

238 4435 658 4503 mutabilitatem,
703 4433 1136 4490 immutabilitatis
1174 4434 1543 4507 ignorabamus
1585 4434 1814 4498 bonum;

1908 3236 2143 3282 tuamur.
2195 3225 2400 3292 Quibus
2427 3223 2606 3280 verbis
2632 3223 2678 3278 si
2706 3223 2879 3292 angeli
2922 3222 3074 3289 lucis,
3126 3229 3182 3277 et
3219 3221 3483 3276 universa:

1909 3319 2156 3376 caelestes
2187 3316 2588 3386 invisibilesque
2615 3316 2840 3371 virtutes
2868 3316 2946 3372 sic
2982 3314 3327 3370 mutabilitati
3355 3313 3483 3368 hac-

1907 3418 2065 3466 tenus
2114 3409 2416 3480 subjacere,
2461 3409 2600 3465 sicut
2640 3407 2887 3464 humana:
2914 3407 3103 3463 animae
3149 3412 3482 3472 asseruntur,

1912 3503 2198 3559 anathema
2223 3503 2312 3558 sit.

2347 3628 2612 3672 THEODORI
2639 3629 2940 3670 CAPITULUI
2965 3629 3054 3669 LI.

1984 3709 2128 3765 Nam
2177 3708 2369 3765 sciebat
2415 3708 2619 3781 quidem
2665 3707 2799 3779 quod
2845 3705 3129 3778 peccabunt
3167 3704 3488 3772 omnimodo,

1911 3802 2219 3858 concedebat
2259 3816 2378 3855 vero
2419 3800 2515 3854 ltoc
2543 3799 2678 3870 ﬁeri,
2725 3797 2968 3868 expedire
3013 3797 3088 3851 eis
3139 3810 3474 3868 cognoscens,

1912 3895 2155 3965 quoniam
2178 3900 2292 3946 erat
2317 3889 2630 3961 impossibile
2658 3905 2795 3958 eum,
2824 3890 2909 3959 qui
2931 3904 3045 3942 cum
3069 3889 3248 3959 fecerit
3270 3903 3373 3942 non
3395 3901 3489 3940 eat»

1924 3993 2142 4048 stantes,
2186 3992 2234 4037 et
2262 3991 2520 4036 tantorum
2544 3980 2746 4053 quidem
2769 3979 3193 4034 demonstraverit
3232 3978 3490 4042 dominos,

1917 4083 2062 4131 tanta
2089 4092 2204 4130 tero
2241 4074 2375 4130 bona
2400 4075 2742 4147 proposuerit,
2773 4082 2828 4126 ut
2856 4074 2930 4126 eis
2956 4074 3213 4142 fruantur,
3241 4086 3336 4124 nec
3364 4087 3486 4140 pro-

1917 4167 2090 4222 hibere
2115 4167 2314 4238 peccati
2334 4167 2554 4234 aditum,
2583 4167 2626 4220 si
2647 4163 2888 4234 expedire
2910 4164 2982 4216 eis
3012 4163 3111 4216 hoc
3141 4168 3491 4232 cognosceret.

1918 4259 2025 4315 Sed
2066 4259 2201 4312 enim
2241 4274 2346 4312 non
2372 4267 2484 4312 erat
2511 4255 2752 4326 possibile
2779 4271 2873 4310 nos
2903 4254 3055 4307 aliter
3090 4252 3288 4307 discere
3318 4268 3496 4323 peccao

1919 4359 2044 4414 tum,
2085 4358 2132 4401 et
2155 4348 2454 4418 passionum
2482 4346 2766 4408 molestias,
2803 4352 2850 4397 et
2882 4344 3158 4409 deteriora,
3189 4353 3239 4397 et
3264 4352 3495 4398 nostram

1919 4441 2276 4510 inﬁrmitatem
2315 4439 2372 4492 in
2415 4439 2495 4492 liis
2519 4437 2996 4506 demonstrandam,
3026 4438 3098 4492 ad
3125 4438 3496 4493 ostendendam

241 4530 528 4584 nescientes
567 4537 804 4594 mortem,
854 4529 1268 4584 immortalitatis
1311 4530 1509 4583 lucrum
1555 4527 1816 4582 nescieba—
1846 4561 1897 4621 Β
1922 4527 2332 4600 magnitudinem
2353 4526 2812 4594 immutabilitatis,
2850 4544 3005 4600 quam
3032 4537 3212 4600 postea
3237 4527 3385 4582 nobis
3409 4544 3494 4582 es-

238 4633 392 4684 urus;
442 4620 740 4688 ignorantes
779 4621 1178 4690 corruptionem,
1227 4635 1331 4674 non
1361 4618 1702 4673 laudabamus
1730 4620 1815 4674 in-

237 4707 656 4778 corruptionem;
706 4711 986 4764 nescientes
1029 4710 1329 4779 passionum
1381 4724 1676 4778 gravamen,
1716 4709 1816 4763 im-

237 4797 631 4872 possibilitatem
654 4815 756 4854 non
777 4798 1094 4853 mirabamur
1121 4797 1501 4868 (compendiose
1529 4799 1720 4864 dicam,
1752 4815 1818 4854 ne

238 4893 452 4962 longum
478 4905 764 4946 sermonem
805 4889 1019 4962 faciam)
1043 4907 1061 4956 ;
1110 4891 1388 4946 nescientes
1436 4893 1691 4946 malorum
1720 4908 1816 4946 ea:-

237 4981 606 5052 perimentum,‘
644 4981 894 5038 bonorum
940 4981 1147 5037 illorum
1188 4998 1291 5037 non
1329 4989 1624 5054 poteramus
1649 4984 1818 5039 scien-

241 5074 367 5127 tiam
393 5075 596 5128 mereri.

272 5261 280 5266 ξ
516 5238 520 5242 λ
661 5235 664 5240 .
790 5185 969 5273 Vigilii
1003 5189 1282 5261 responsio.

309 5278 371 5334 In
417 5279 783 5350 suprascripto
829 5280 1278 5349 quinquagesimo
1334 5291 1532 5338 octavo
1577 5280 1817 5352 capitulo

237 5371 459 5439 dicitur,
507 5371 631 5427 ideo
679 5369 849 5426 Deum
891 5370 1103 5428 dedisse
1147 5380 1374 5443 peccato
1415 5373 1641 5442 aditum,
1690 5373 1818 5442 quia

238 5459 373 5516 utile
402 5459 508 5536 hoc
552 5459 758 5514 sciebat
785 5474 904 5516 esse
933 5460 1110 5529 nobis,
1159 5462 1331 5530 magis
1359 5472 1540 5517 autem
1569 5462 1819 5518 omnibus

238 5547 678 5615 rationabilibus,
695 5556 754 5603 ut
776 5548 923 5619 prius
943 5547 1192 5606 videlicet
1204 5550 1361 5607 malis
1386 5559 1442 5607 et
1466 5552 1821 5610 deterioribus

236 5642 404 5700 rebus
450 5638 605 5696 ﬁeret
646 5641 839 5707 aditus,
893 5649 1083 5712 postea
1111 5651 1291 5699 autem
1337 5645 1419 5700 bis
1446 5645 1635 5703 deletis
1663 5646 1823 5703 intro-

315 5808 341 5840 ⁸
371 5799 557 5868 Forte,
591 5807 756 5857 essent
783 5801 917 5860 sicut
938 5804 1032 5859 dii.
1064 5800 1386 5862 Hsnwmus.

1919 4627 1996 4674 set
2025 4619 2333 4688 donaturus,
2373 4619 2473 4674 nisi
2503 4620 2578 4674 sic
2617 4619 2682 4674 ab
2721 4620 2872 4674 initio
2918 4620 3027 4676 Ita’c
3056 4621 3272 4690 fuissent
3321 4637 3354 4673 a
3381 4618 3493 4676 Deo

1924 4711 2244 4782 dispensata,
2291 4720 2347 4766 ut
2393 4713 2670 4768 collatione
2712 4721 2763 4766 et
2799 4713 3146 4783 experimento
3172 4714 3495 4784 inﬁnitarum

1924 4803 2203 4870 malorum,
2254 4803 2502 4860 bonorum
2529 4821 2792 4876 possemus
2819 4806 2950 4860 scire
2973 4806 3397 4877 magnitudinem,
3439 4817 3490 4860 et

1924 4896 2077 4968 hujus
2100 4896 2292 4967 gratia,
2333 4905 2389 4948 ut
2429 4905 2547 4967 pote
2572 4898 2898 4968 profuturum
2926 4897 3098 4964 nobis,
3129 4895 3389 4966 peccatum
3411 4897 3496 4949 in-

1925 4997 2064 5042 trare
2109 4989 2393 5056 dimittens,
2437 5005 2682 5059 magnum
2725 4989 2781 5044 in
2820 4989 2930 5059 ejus
2966 4988 3098 5045 bello
3127 4989 3378 5045 auxilium
3411 4988 3495 5042 in-

1923 5096 2011 5136 sen
2020 5081 2078 5135 it.

2478 5191 2652 5264 Vigilii
2677 5181 2960 5264 responsio.

1994 5282 2054 5338 In
2099 5280 2464 5353 suprascripto
2509 5280 2844 5353 sexagesimo
2875 5282 3111 5354 capitulo
3158 5281 3349 5340 dicitur
3374 5280 3497 5353 quia

1926 5371 2070 5430 Deus
2091 5373 2267 5429 sciens
2295 5373 2567 5428 hominem
2586 5380 2952 5442 peccaturum,
2978 5372 3105 5430 ideo
3133 5387 3358 5444 peccare
3378 5387 3504 5442 per-

1922 5463 2148 5532 miserit,
2179 5465 2308 5533 quia
2333 5465 2437 5520 hoc
2466 5464 2516 5519 ei
2544 5471 2772 5519 noverat
2801 5463 3074 5535 expedire,
3111 5472 3165 5518 et
3213 5469 3500 5533 propterea

1927 5573 2035 5615 non
2063 5557 2404 5628 prohibuisse
2428 5558 2636 5627 peccati
2665 5555 2890 5622 aditum,
2919 5554 3044 5623 quia
3068 5553 3147 5608 sic
3175 5552 3242 5608 ab
3293 5552 3442 5607 initio
3469 5567 3499 5606 a

1928 5649 2040 5707 Deo
2060 5648 2225 5706 fuerit
2249 5647 2634 5720 dispensatum,
2657 5654 2718 5704 ut
2743 5644 3031 5703 collatione
3051 5653 3108 5700 et
3131 5644 3501 5720 experimento
3526 5675 3540 5688 ο
