4018 6340
536 336 605 438 95
958 338 967 345 ’
1916 367 2141 426 vn;an
2182 366 2386 423 raras

3687 364 3788 421 100

535 501 862 560 inlinitorum
889 495 1179 563 maiorum,
1222 496 1490 551 bonorum
1518 508 1798 567 possemus
1836 492 1975 552 scire
2002 506 2119 545 ma-
2146 496 2193 555 Α
2225 504 2425 545 nomen
2455 487 2615 544 fuisse
2644 488 2898 554 delatum,
2954 501 3049 543 sua
3098 487 3431 557 providentia
3462 484 3786 544 ecclcSiasti-

531 588 885 662 gnitudinem,
920 594 975 642 et
1002 586 1160 653 hujus
1183 585 1263 639 rei
1284 584 1482 652 gratia,
1535 592 1593 638 ut
1622 591 1749 653 pote
1778 580 2115 653 profuturum

535 679 708 747 nobis,
742 684 1025 748 peccatum
1054 677 1258 731 intrare
1284 674 1578 739 dimittens,
1612 687 1865 743 magnum
1914 672 1968 726 in
2000 669 2116 739 ejus

533 773 742 845 peccati
769 772 913 827 bello
940 770 1199 824 auxilium
1226 769 1493 822 invenerit
1538 768 1722 822 homo.
1773 765 1902 833 Quae
1951 764 2117 819 verba

533 865 791 936 quoniam
832 863 1007 917 aliena
1038 868 1163 916 sunt
1190 875 1222 913 a
1264 874 1425 914 sensu
1471 857 1665 913 divinae
1711 857 2018 928 Scripturae,
2060 861 2120 909 ut

535 955 760 1020 dicatur,
787 953 910 1023 quia
940 959 1225 1021 peccatum
1254 964 1286 1003 a
1315 948 1429 1003 Deo
1460 963 1558 1018 pro
1585 948 1818 1002 utilitate
1848 947 2003 1002 nobis
2034 946 2117 1000 in-

538 1044 842 1100 troductum
889 1042 977 1097 sit.
1027 1040 1085 1095 Si
1132 1039 1252 1109 quis
1304 1039 1380 1092 ita
1428 1038 1583 1108 sapit,
1618 1037 1799 1106 docet,
1832 1035 2001 1092 credit
2028 1043 2120 1117 aut

537 1136 810 1207 przedicat,
845 1134 1131 1190 anathema
1160 1133 1250 1186 sit.
1280 1131 1475 1186 Sancta
1510 1131 1655 1185 enim
1701 1130 1966 1186 catholica
2016 1128 2119 1185 Ec-

540 1229 703 1284 clesia
732 1229 835 1284 hoc
864 1234 1072 1284 certum
1100 1234 1247 1281 tenet
1269 1232 1322 1279 et
1352 1223 1542 1290 credit,
1593 1224 1717 1293 quia
1746 1224 1885 1279 Deus
1912 1234 1968 1278 et
1995 1238 2118 1293 pro-

538 1322 776 1378 hibuerit
798 1337 829 1378 a
857 1318 1083 1392 peccato
1113 1321 1347 1390 primum
1394 1318 1689 1386 hominem,
1721 1325 1777 1372 et
1804 1332 1902 1387 per
1929 1315 2117 1370 inobe-

539 1411 793 1468 dientiam
846 1420 1131 1483 peccatum
1192 1408 1432 1479 punierit
1479 1408 1625 1477 justo
1681 1407 1970 1477 supplicio;
2026 1402 2120 1460 sed

540 1502 680 1558 bene
706 1512 863 1558 utens
885 1502 1051 1558 etiam
1089 1500 1245 1555 malis
1270 1500 1488 1564 nostris,
1522 1498 1777 1568 singulari
1824 1510 1924 1552 nos
1945 1508 2120 1551 reme-

539 1593 652 1663 dio,
680 1608 779 1665 per
803 1592 1062 1663 unigeniti
1100 1591 1221 1646 Filii
1272 1591 1356 1648 sui
1401 1591 1853 1657 incarnationem,
1906 1587 2117 1658 passio-

539 1698 685 1751 nem,
743 1691 1013 1753 mortem,
1037 1691 1093 1755 et
1133 1684 1603 1751 resurrectionem,
1633 1671 1753 1739 hoc
1783 1687 1868 1737 est
1908 1680 2120 1736 Domini

541 1774 713 1857 nostri
740 1773 871 1831 Jesu
897 1772 1116 1842 Christi,
1147 1773 1213 1830 ab
1234 1773 1473 1831 omnium
1516 1780 1864 1846 peccatorum
1890 1771 2119 1829 nexibus

540 1858 810 1921 liberavit.

611 1940 706 2012 His
732 1940 894 2026 igitur
922 1952 1294 2027 Competenter
1322 1966 1376 2011 et
1401 1958 1499 2026 per
1544 1953 1863 2011 orthodoxae
1887 1953 2009 2009 ﬁdei
2036 1969 2122 2010 re-

538 2047 856 2105 ctitudinem
895 2048 1207 2119 apostolicae
1236 2047 1522 2102 sententiae
1548 2046 1870 2101 auctoritate
1897 2032 2121 2100 damna-

539 2140 626 2206 tis,
656 2141 1047 2208 constituimus,
1072 2147 1131 2193 ut
1157 2154 1225 2193 ex
1268 2138 1515 2194 omnibus
1544 2138 1678 2207 istis,
1709 2151 1829 2208 quas
1870 2151 1970 2192 nos
2016 2133 2121 2189 Pa-

543 2238 687 2285 trum
715 2230 929 2286 statutis
950 2216 1111 2297 atque
1134 2222 1509 2285 traditionibus
1531 2227 1854 2282 inluerentes
1898 2234 2119 2297 aposto-

540 2320 645 2377 lica
666 2322 987 2377 auctoritate
1008 2318 1403 2395 damnavimUS,
1432 2319 1574 2374 nulla
1611 2317 1896 2395 injuriandi
1924 2332 2122 2388 praece-

543 2412 734 2469 dentes
774 2404 963 2467 Patres
1002 2409 1090 2467 vel
1142 2410 1393 2467 doctores
1443 2409 1696 2465 Ecclesiae
1745 2409 1892 2478 (quae
1938 2404 2125 2478 procul

541 2505 704 2561 dubio
730 2504 982 2561 scandala
1029 2498 1389 2560 sacrosanctae
1416 2498 1667 2556 Ecclesim
1696 2498 1950 2568 suscitat)
1979 2510 2122 2568 pra:-

537 2595 730 2653 beatur
750 2596 960 2652 oceasio
989 2602 1001 2647 ':
1030 2592 1549 2652 anathematizantes
1578 2607 1793 2647 omnem
1816 2589 1883 2647 ad
1906 2590 2122 2647 ordines

543 2686 943 2744 ceclesiasticos
970 2676 1354 2756 pertinentem,
1382 2683 1474 2754 qui
1497 2680 1744 2738 Patribus
1765 2688 1925 2753 atque
1945 2681 2125 2735 docto-

538 2777 689 2834 ribus
711 2772 963 2833 Ecclesia:
993 2775 1373 2832 contumeliam
1414 2772 1481 2829 ex
1521 2771 1900 2845 suprascriptis
1929 2770 2122 2843 impie-

541 2866 739 2923 tatibus
758 2862 1154 2936 Quodammodo
1180 2863 1449 2921 ascribere
1477 2866 1562 2921 vel
1604 2865 1843 2935 irrog‘are
1870 2864 2121 2921 voluerit.

539 2956 607 3013 Et
633 2958 889 3027 quoniam
914 2955 1134 3027 pratiata
1179 2954 1451 3027 dogmata,
1482 2956 1601 3027 quin
1644 2955 1937 3013 secundum
1967 2954 2126 3010 intel-

536 3048 735 3105 lectum
764 3047 830 3103 de
857 3047 941 3103 his
966 3048 1270 3118 expositum
1318 3046 1648 3102 anathemati
1697 3050 1860 3117 atque
1902 3046 2123 3101 damna-

538 3141 675 3195 tioni
702 3138 1027 3209 Subjecimus
1055 3140 1110 3194 in
1131 3154 1205 3194 eo
1226 3138 1509 3194 volumine
1534 3134 1677 3209 quod
1703 3139 1859 3195 nobis
1888 3154 1985 3210 per
2015 3137 2123 3193 fra-

2216 595 2333 635 cam
2364 578 2789 634 moderationem
2818 579 2961 634 circa
2988 585 3257 633 mortuum
3305 579 3567 649 sapientia
3611 594 3795 636 sacer-

2217 672 2385 727 dotali
2428 680 2751 737 servantem,
2804 671 3042 726 noluisse
3090 684 3286 725 nomen
3337 670 3475 740 ejus,
3507 687 3574 727 ne
3602 688 3796 728 monu-

2215 762 2414 840 mentis
2439 762 2655 832 quidem
2678 761 3039 833 synodalibus,
3080 766 3301 831 propter
3319 760 3558 828 regulam
3584 776 3704 833 quae
3732 762 3799 817 de

2217 855 2445 909 mortuis
2470 855 2524 908 in
2552 852 2857 908 sacerdotio
2886 852 3147 907 servanda
3175 858 3280 917 est,
3311 850 3598 907 contineri.
3646 851 3797 918 Quo-

2221 943 2384 999 modo
2433 949 2613 998 autem
2660 942 2767 998 hoc
2809 942 2953 1012 quod
3003 957 3162 1013 supra
3193 942 3328 997 dixit
3352 942 3544 998 beatus
3568 940 3800 1015 Cyrillus

2218 1035 2582 1105 dispensative
2628 1034 2852 1101 factum,
2881 1041 2942 1088 ut
2968 1034 3187 1089 minime
3234 1033 3562 1089 anathemati
3602 1049 3799 1089 nomen

2217 1127 2320 1184 viri
2370 1126 2636 1196 subjicere
2688 1127 2945 1182 voluisset
2997 1125 3240 1196 intelligi,
3283 1124 3349 1180 ad
3378 1124 3800 1181 ecclesiasticam

2218 1222 2460 1290 regulam
2488 1220 2891 1291 porrigendum,
2924 1219 2977 1274 in
2999 1219 3187 1274 eadem
3217 1218 3443 1289 epistola
3471 1232 3566 1274 sua
3615 1217 3803 1275 subter

2219 1312 2433 1380 adjecit,
2488 1311 2670 1366 dicens
2702 1329 2714 1364 :
2762 1309 2868 1365 Sed
2914 1310 3058 1379 justc
3084 1309 3322 1376 audient,
3345 1309 3563 1364 tametsi
3602 1309 3795 1377 nolint,

2219 1403 2313 1472 qui
2362 1401 2669 1473 hujusmodi
2713 1416 2903 1457 causas
2967 1401 3229 1470 praebent.
3275 1399 3661 1455 ()bliviscimini
3708 1414 3804 1455 vos

2222 1495 2390 1566 ipsos,
2406 1492 2620 1564 quando
2647 1492 2904 1549 adversus
2916 1492 3135 1549 cineres
3156 1502 3316 1547 arcus
3341 1490 3669 1546 extenditis:
3695 1506 3805 1547 non

2218 1588 2361 1643 enim
2388 1594 2631 1656 superest
2660 1586 2752 1655 qui
2797 1585 2939 1656 apud
2990 1598 3086 1639 eos
3133 1583 3423 1653 inscriptus
3462 1587 3674 1638 est:et
3719 1597 3807 1639 me

2218 1679 2395 1736 nullus
2418 1677 2598 1748 culpet
2627 1677 2683 1733 in
2712 1680 2828 1734 haec
2871 1676 3035 1732 verba
3082 1688 3447 1746 progressum,
3495 1674 3592 1732 sed
3614 1675 3808 1731 cedant

2218 1769 2391 1835 valde,
2425 1769 2677 1823 nimirum
2699 1767 3099 1839 prmdecessori.

2144 1869 2193 1930 Β
2287 1858 2462 1914 Grave
2505 1866 2588 1915 est
2635 1860 2778 1914 enim
2824 1859 3086 1914 insultare
3131 1856 3419 1926 defunctis,
3472 1856 3561 1913 vel
3610 1857 3658 1912 si
3688 1856 3810 1914 laici

2226 1949 2443 2014 fuerint,
2498 1949 2699 2006 nedum
2747 1949 2853 2006 illis
2880 1948 2973 2019 qui
3002 1949 3058 2005 in
3109 1946 3422 2020 episcopatu
3474 1948 3615 2004 hanc
3642 1949 3808 2003 vitam

2224 2042 2611 2113 deposuerunt.
2640 2039 3000 2098 Justissimum
3030 2041 3176 2097 enim
3203 2049 3428 2111 apparet
3454 2040 3809 2111 prudentibus

2222 2132 2352 2210 viris
2380 2122 2572 2190 cedere
2620 2133 2944 2204 praescienti,
2997 2132 3106 2188 Deo
3136 2133 3349 2199 scilicet,
3394 2130 3812 2202 uniuscujusque

2223 2225 2595 2293 voluntatem;
2650 2233 2706 2280 et
2754 2224 3100 2295 cognoscenti
3151 2223 3539 2294 qualiscunque
3582 2222 3810 2294 quisque

2223 2316 2430 2373 futurus
2477 2318 2567 2372 sit.
2600 2315 2826 2371 Beatum
2855 2316 3152 2387 quinetiam
3182 2314 3436 2371 Proclum
3463 2312 3622 2383 hujus
3650 2312 3809 2382 regia:

2223 2410 2458 2467 civitatis
2479 2390 2776 2466 antistitEm
2805 2410 2881 2465 ita
2907 2408 3190 2465 memorati
3219 2406 3439 2464 Joannis
3485 2405 3810 2462 Antiociieni

2223 2502 2462 2573 episc0pi
2509 2500 2757 2558 similiter
2784 2509 2998 2557 constat
3027 2500 3371 2572 respondisse
3402 2484 3694 2568 rescriptis,
3726 2498 3808 2553 di-

2222 2603 2434 2650 centem
2454 2593 2595 2648 inter
2624 2592 2726 2647 alia
2752 2609 2765 2646 :
2796 2590 3023 2658 Quando
3046 2591 3191 2647 enim
3238 2590 3429 2661 scripsi
3458 2597 3565 2646 tute
3610 2589 3810 2645 sancti-

2223 2687 2343 2755 tati,
2391 2693 2644 2756 oportere
2691 2690 2784 2739 aut
2832 2682 3195 2748 Theodorum,
3224 2688 3317 2736 aut
3346 2681 3481 2736 alios
3519 2679 3805 2749 quosdam,

2222 2778 2313 2849 qui
2341 2777 2547 2849 pridem
2573 2774 2809 2831 defuncti
2857 2781 3000 2839 sunt,
3028 2772 3356 2829 anathemati
3378 2770 3555 2838 subdi,
3586 2777 3683 2825 aut
3710 2784 3810 2824 no-

2222 2868 2465 2926 minatim
2492 2866 2716 2937 alicujus
2744 2866 2847 2922 feci
2868 2864 3233 2921 mentionem?
3259 2871 3315 2918 et
3342 2868 3466 2933 post
3490 2874 3685 2931 pauca.
3740 2857 3808 2914 Et

2222 2962 2315 3018 illa
2345 2960 2582 3032 capitula
2602 2975 2722 3029 quae
2749 2959 2992 3029 subjecta
3020 2966 3144 3013 sunt
3165 2957 3356 3029 repuli,
3388 2966 3446 3011 ut
3487 2962 3615 3025 pote
3640 2953 3809 3009 subti-

2221 3054 2427 3110 litatem
2459 3068 2569 3107 non
2597 3051 2852 3108 habentia
2873 3049 3089 3121 pietatis
3118 3067 3129 3102 :
3156 3063 3332 3119 neque
3354 3056 3532 3101 autem
3552 3044 3619 3099 de
3633 3042 3810 3099 Theo-

2222 3144 2377 3210 doro,
2411 3158 2586 3216 neque
2615 3143 2683 3199 de
2712 3142 2818 3198 alio
2848 3155 3120 3211 quoquam
3148 3140 3239 3210 qui
3261 3138 3373 3210 jam
3397 3134 3633 3194 defuncti
3681 3142 3809 3191 sunt

542 3237 680 3285 “em
711 3237 955 3285 11081me
1002 3228 1302 3299 Benignum
1331 3229 1642 3299 episcopum
1673 3236 1843 3298 nuper
1869 3244 1899 3283 a
1924 3228 2123 3299 ρίθιίιιθ
2150 3244 2197 3309 C
2225 3237 2432 3306 scripsi,
2487 3234 2598 3291 Deo
2628 3232 3000 3297 amantissimi,
3031 3238 3125 3286 aut
3152 3229 3809 3296 ut’anathematizaretur,

541 3327 723 3376 vestra
750 3318 1121 3375 transmissum
1150 3320 1250 3376 sub
1298 3316 1569 3375 Theodori
1597 3318 1961 3390 Mopsuesteni
2009 3322 2124 3391 epi-

539 3415 690 3483 scopi
711 3413 1057 3484 perhihentur
1077 3412 1297 3468 nomine
1336 3410 1660 3483 praenotata;
1686 3411 1754 3468 ad
1776 3411 1879 3469 hoc
1907 3412 2114 3470 sollici-

540 3505 744 3561 tudinis
772 3512 970 3561 nostra:
1016 3504 1253 3559 animum
1305 3513 1696 3574 consequenter
1733 3505 2121 3573 admonuimus,

542 3603 604 3652 ut
621 3597 666 3653 si
693 3597 820 3666 quid
845 3596 914 3652 de
932 3610 1166 3666 persona
1185 3597 1273 3653 vel
1302 3598 1523 3653 nomine
1552 3598 1834 3654 memorati
1856 3598 2126 3655 Theodori

543 3684 687 3756 apud
704 3684 892 3742 Patres
921 3687 1205 3756 quaesitum
1234 3688 1325 3754 sit,
1355 3687 1441 3744 vel
1464 3689 1511 3769 si
1531 3702 1636 3758 qua
1665 3703 1827 3759 super
1863 3688 1980 3759 ejus
2021 3704 2122 3747 no-

541 3779 693 3844 mine
708 3777 776 3832 ah
803 3778 886 3833 eis
912 3779 1235 3847 regulariter
1262 3779 1462 3835 fuerint
1485 3781 1777 3837 constituta
1805 3782 1920 3839 sive
1948 3783 2125 3852 dispo-

542 3871 668 3937 sita,
692 3869 1101 3939 diligentissima
1133 3870 1479 3941 indagatione
1507 3885 1747 3941 quaerere
1791 3888 2120 3930 curaremus.

543 3962 614 4018 Et
636 3964 753 4019 haec
772 3961 1158 4035 investigantes
1182 3964 1513 4021 advertimus
1541 3966 1711 4021 beatae
1735 3967 2124 4024 recordationis

545 4055 804 4128 Cyrillum
823 4055 1206 4112 Alexandrinae
1225 4057 1459 4114 civitatis
1486 4058 1779 4114 antistitem
1806 4059 1872 4114 de
1895 4074 2123 4130 persona

534 4147 648 4219 jam
674 4148 875 4204 mortui
902 4147 1173 4205 Theodori
1196 4149 1437 4221 episcopi
1466 4150 1659 4206 Joanni
1680 4152 1991 4208 reverendae
2013 4166 2125 4208 me-

542 4240 729 4297 morias
766 4240 1117 4298 Antiochense
1145 4242 1381 4298 civitatis
1407 4243 1681 4314 episcopo,
1732 4244 1820 4299 vel
1865 4243 2123 4301 Orientali

540 4330 751 4403 synodo
778 4331 848 4386 ad
874 4330 991 4400 ejus
1034 4331 1244 4388 litteras
1268 4333 1675 4403 rescribentem,
1707 4333 1850 4392 inter
1897 4337 2001 4393 alia
2047 4328 2121 4391 ita

540 4420 862 4477 tradidisse:
889 4419 1020 4488 Quae
1040 4421 1250 4491 prolata
1270 4424 1431 4480 estin
1474 4434 1661 4481 sancta
1689 4427 1895 4499 synodo
1946 4425 2123 4498 Ephe-

542 4513 664 4571 sina
691 4512 957 4583 deﬁnitio,
987 4512 1154 4571 veluti
1195 4528 1227 4570 a
1256 4514 1541 4573 Theodoro
1570 4517 1846 4589 disposita,
1877 4519 2014 4575 sicut
2042 4520 2125 4576 of-

2223 3335 2395 3385 autut
2424 3326 2722 3383 abdicetur.
2754 3324 2861 3380 Sed
2888 3339 3065 3395 neque
3096 3322 3445 3379 charissimus
3472 3320 3807 3386 Theodotus,

2222 3421 2364 3490 quia
2391 3419 2547 3475 nobis
2574 3417 2810 3474 directus
2835 3424 2937 3484 est,
2961 3415 3221 3471 diacOnus
3248 3414 3377 3470 talia
3419 3412 3667 3468 mandata
3690 3427 3809 3468 sus-

2223 3512 2384 3581 cepit.
2417 3510 2549 3565 ltem
2572 3511 2687 3580 ipse
2716 3507 2905 3564 beatus
2925 3507 3162 3563 Proclus.
3177 3507 3231 3561 in
3253 3506 3479 3577 epistola
3526 3504 3593 3560 ad
3638 3504 3809 3560 Maxi-

2221 3617 2368 3657 mum
2397 3602 2686 3657 diaconum
2710 3607 2833 3670 post
2861 3599 2966 3654 alia
2993 3599 3065 3654 ita
3097 3598 3268 3654 dicit:
3320 3597 3604 3665 Quomodo
3646 3598 3810 3669 igitur

2220 3709 2320 3765 per
2342 3694 2554 3749 litteras
2577 3692 2738 3749 didici
2770 3708 2931 3760 nunc,
2962 3692 3087 3763 quia
3116 3689 3390 3748 Theodori
3418 3689 3808 3761 Mopsuesteni,

2221 3792 2277 3840 et
2299 3786 2525 3840 aliorum
2570 3783 2924 3853 quorumdam
2959 3782 3177 3837 nomina
3203 3781 3489 3852 praeposita
3515 3789 3637 3836 sunt
3663 3782 3813 3852 capi-

2221 3875 2345 3932 tulis
2368 3875 2434 3931 ad
2464 3873 3045 3941 anathematizandum,
3076 3890 3201 3930 cum
3229 3873 3305 3928 illi
3359 3872 3427 3929 ad
3472 3873 3641 3929 Deum
3690 3874 3810 3945 jam

2222 3966 2610 4035 migraverint:
2646 3972 2703 4021 et
2749 3979 2843 4020 eos
2884 3964 2978 4033 qui
3021 3963 3132 4033 jam
3156 3962 3320 4020 vitam
3355 3963 3688 4034 reliquerunt
3713 3981 3810 4022 su-

2221 4070 2550 4128 pervacuum
2578 4063 2662 4111 est
2690 4054 2931 4125 injuriari
2953 4063 3076 4127 post
3094 4063 3351 4121 mortem,
3375 4069 3511 4125 quos
3536 4070 3637 4111 nec
3654 4055 3816 4113 vivos

2223 4153 2514 4223 aliquando
2536 4153 2892 4225 culpavimus.
2924 4153 2991 4209 Et
3019 4162 3144 4227 post
3172 4170 3343 4225 pauca
3369 4173 3382 4212 :
3414 4153 3546 4211 Post
3572 4156 3813 4213 subscri—

2222 4246 2465 4317 ptionem
2495 4256 2677 4303 autem
2726 4250 2879 4315 tomi,
2931 4256 2987 4303 et
3013 4255 3137 4318 post
3165 4247 3526 4317 abjectionem
3554 4248 3817 4319 capitulo-

2222 4330 2360 4409 rum,
2403 4356 2523 4412 quae
2564 4341 2717 4412 cujus
2768 4344 2877 4398 sint
2906 4342 3233 4412 ignoramus,
3281 4342 3540 4398 continuo
3567 4357 3814 4413 praepara

2221 4430 2507 4488 diaconum
2537 4430 2879 4488 Theodorum
2905 4432 3091 4488 venire
3119 4432 3185 4489 ad
3213 4434 3419 4502 regiam
3444 4434 3737 4489 civitatem.

2296 4519 2604 4595 Perpendat
2624 4535 2752 4592 ergo
2775 4522 2992 4592 pietatis
3005 4532 3197 4577 vestra:
3217 4523 3482 4594 sapientia
3500 4522 3811 4592 singularis,

541 4606 780 4663 ferentes
822 4605 1106 4673 dicebant,
1156 4607 1288 4664 nihil
1334 4606 1539 4666 habens
1589 4625 1805 4677 sanum,
1844 4611 2124 4666 evacuavit
2149 4612 2200 4672 D
2225 4611 2349 4682 quia
2376 4610 2598 4667 Proclus
2624 4610 3018 4667 eruditissimus
3039 4612 3402 4676 sacerdotum,
3434 4621 3491 4667 et
3517 4627 3629 4669 non
3649 4612 3816 4682 longe

540 4697 763 4768 quidem
789 4706 913 4755 eam
938 4705 1123 4755 sancta
1149 4699 1383 4770 synodus
1401 4700 1567 4756 veluti
1588 4715 1960 4771 perversarum
2003 4694 2121 4772 ple-

542 4803 668 4845 nam
687 4788 1186 4859 intelligentiarum,
1215 4789 1582 4849 condemnans
1609 4792 1738 4848 item
1768 4805 1864 4847 eos
1900 4789 1994 4861 qui
2041 4790 2120 4848 sic

542 4879 777 4951 sapiunt.
801 4880 1161 4953 Dispensatim
1180 4896 1312 4938 vero
1334 4882 1680 4952 fmentionem
1706 4882 1809 4938 viri
1838 4896 1945 4939 non
1970 4882 2116 4951 fecit,

541 4985 721 5040 neque
754 4987 879 5029 eum
931 4973 1247 5030 nominatim
1299 4975 1628 5030 anathemati
1662 4973 1915 5043 subdidit,
1944 4990 2120 5045 neque

540 5060 697 5120 alios.
728 5062 903 5134 ipsam
921 5078 1053 5120 vero
1072 5064 1334 5136 synodum
1363 5062 1684 5135 Ephesinam
1712 5064 1941 5135 primam
1970 5064 2119 5121 solli-

540 5152 649 5209 cite
671 5160 1039 5222 recensentes,
1069 5153 1202 5208 nihil
1226 5154 1295 5210 de
1323 5153 1593 5210 Theodori
1620 5153 1979 5225 Mopsuesteni
2001 5171 2119 5225 per-

537 5256 674 5298 sona
700 5240 901 5297 referre
921 5244 1299 5313 comperimus,
1336 5243 1431 5298 sed
1460 5243 1781 5313 symbolum,
1811 5243 1954 5312 quod
1975 5244 2115 5299 Cha-

538 5334 698 5390 risius
718 5334 999 5406 presbyter
1026 5334 1133 5390 illic
1154 5333 1407 5404 prodidit,
1431 5335 1601 5405 magis
1628 5336 1751 5405 quia
1777 5337 1844 5391 ab
1874 5336 2115 5391 Athana-

538 5425 620 5482 sio
659 5433 713 5482 et
742 5423 958 5495 Photio,
985 5427 1079 5495 qui
1106 5434 1236 5481 tunc
1263 5425 1522 5495 temporis
1569 5426 1820 5483 hacretico
1866 5426 2112 5484 Nestorio

540 5515 907 5583 adhmrebant,
941 5531 1038 5586 per
1067 5515 1354 5571 Antonium
1393 5522 1449 5569 et
1476 5514 1735 5573 Jacobum
1756 5519 1976 5574 nomina
2001 5526 2118 5574 tan-

539 5615 654 5663 tum
705 5608 1147 5680 presbyterorum
1196 5606 1460 5662 habentes
1510 5607 1577 5663 ad
1631 5607 2118 5677 Philadelphiorum

542 5705 798 5761 ecclesias
846 5703 1007 5759 fuerit
1049 5702 1415 5757 destinatum:
1464 5717 1533 5757 ex
1581 5719 1687 5772 quo
1709 5705 1873 5759 claret
1904 5704 2117 5759 beatum

539 5794 797 5865 Cyrillum
827 5796 929 5849 hoc
955 5794 1098 5863 quod
1128 5810 1224 5864 per
1251 5794 1455 5852 litteras
1494 5797 1775 5867 proﬁtetur
1816 5814 1843 5851 a
1876 5800 2116 5867 prolato—

541 5881 693 5940 ribus
714 5883 923 5944 scilicet
942 5884 1171 5957 symboli
1188 5884 1302 5957 jam
1329 5884 1569 5948 defuncti
1588 5888 1859 5950 Theodori
1878 5890 2117 5962 episcopi

2224 4718 2256 4759 a
2302 4700 2581 4760 Theodori
2608 4703 2974 4775 Mopsuesteni
3002 4703 3112 4760 vita
3141 4713 3408 4775 repertus,
3435 4704 3578 4760 mala
3603 4718 3726 4774 qua:
3746 4703 3815 4760 ii-

2222 4794 2414 4850 benter
2442 4794 2792 4851 damnaverat
2815 4796 2969 4865 cujus
2993 4803 3177 4854 essent
3201 4811 3261 4853 se
3281 4795 3395 4866 jam
3442 4803 3572 4852 tunc
3596 4796 3812 4867 profes-

2221 4902 2314 4945 sus
2335 4894 2418 4943 est
2445 4886 2712 4955 ignorare.
2741 4885 2848 4943 Sed
2869 4901 3045 4957 neque
3073 4887 3129 4942 in
3157 4894 3347 4944 sancto
3391 4901 3456 4943 ac
3501 4885 3816 4944 venerando

2222 4977 2651 5034 Clialcedonensi
2679 4978 2910 5035 concilio
2939 4979 3140 5048 aliquid
3190 4978 3258 5035 de
3303 4977 3501 5050 szepius
3543 4978 3813 5047 designati

2222 5068 2590 5141 Mopsuesteni
2638 5068 2908 5125 Theodori
2953 5070 3195 5141 episcopi
3240 5070 3462 5127 nomine
3508 5070 3819 5126 invenimus

2220 5168 2480 5218 statutum
2505 5160 2593 5216 vel
2620 5159 2818 5216 dictum
2845 5174 2965 5217 esse
2990 5161 3342 5229 contrarium,
3400 5160 3527 5216 dum
3563 5162 3619 5215 in
3665 5160 3819 5215 rein.-

2220 5252 2387 5318 tione,
2420 5263 2579 5319 quam
2600 5249 2787 5304 eadem
2815 5249 3117 5306 veneranda
3139 5251 3376 5322 synodus
3395 5250 3497 5321 piae
3525 5250 3811 5309 memoriae

2220 5341 2491 5399 Marciano
2512 5350 2640 5397 tunc
2668 5342 2982 5412 imperatori
3022 5344 3337 5412 transmisit,
3363 5359 3523 5414 quam
3549 5357 3645 5398 vos
3665 5357 3814 5415 quo-

2220 5448 2326 5505 que
2352 5435 2547 5490 vestris
2574 5434 2798 5503 legibus,
2822 5434 2949 5490 dum
2970 5435 3271 5492 orthodoxa
3288 5436 3625 5509 professione
3642 5451 3812 5492 unum

2226 5524 2294 5581 de
2319 5533 2506 5583 sancta
2536 5523 2795 5581 Trinitate
2822 5524 3092 5581 Christum
3114 5526 3282 5581 Deum
3307 5543 3370 5583 ac
3396 5528 3679 5584 Dominum
3708 5545 3814 5585 no-

2222 5625 2393 5673 strum
2442 5617 2803 5674 conﬁtendum
2833 5620 3095 5687 astruitis,
3126 5620 3191 5675 ad
3224 5622 3586 5676 testimonium
3612 5618 3810 5675 lauda-

2220 5707 2399 5762 biliter
2454 5710 2771 5779 adduxistis,
2823 5711 3015 5766 litterae
3060 5712 3379 5770 Antiocheni
3431 5711 3651 5770 Joannis
3680 5728 3811 5768 cum

2222 5797 2475 5854 Orientali
2506 5800 2710 5871 synodo
2742 5801 2806 5853 ad
2850 5799 3207 5857 Theodosium
3236 5812 3364 5860 tunc
3419 5805 3671 5875 piissimm
3720 5821 3814 5859 re-

2220 5890 2547 5953 cordationis
2593 5892 2893 5966 principem
2938 5893 3218 5957 destinata:
3265 5900 3639 5963 venerabiliter
3686 5914 3814 5962 tne-
