4042 6484
275 429 374 486 101

1480 413 1838 473 EPISTOLIE
1877 414 1966 472 ET
2005 414 2340 472 DECRETA.

3434 369 3538 471 to.

272 525 568 622 morentur,
627 535 818 610 quibus
866 532 1227 608 Mopsuesteni
1284 531 1554 589 Theodori
1608 531 1844 602 episcopi
1873 532 1928 594 Α
1951 538 2035 586 tus
2060 529 2293 586 Joannes
2319 530 2608 602 Apostolus
2633 531 2689 588 in
2713 505 3034 605 Apocalypsi
3080 505 3229 602 dicit,
3259 531 3537 603 scripsisse

271 623 526 708 persona,
580 646 650 688 ne
703 637 826 703 post
873 637 1105 686 mortem
1144 627 1386 684 damnari
1411 625 1652 694 deberet,
1685 640 1851 682 excu-

274 736 446 810 satum
507 797 531 810 ..
1657 799 1660 802 .

344 807 474 878 Post
503 807 617 876 haec
644 818 890 890 ampliori
911 833 1038 874 cura
1052 817 1457 888 prospeximus,
1484 815 1530 870 si
1558 815 1686 884 quid
1707 813 1853 870 inhis

274 895 367 988 qui
388 912 500 983 jam
523 910 761 968 defuncti
789 918 933 977 sunt,
966 917 1021 964 et
1050 908 1269 964 minime
1295 907 1638 978 reperiuntur
1667 906 1720 960 in
1742 905 1851 960 vita

273 1005 532 1073 damnati,
582 1004 744 1066 etiam
785 1010 984 1059 sanctae
1013 998 1406 1057 recordationis
1433 997 1854 1068 praedecessores

273 1081 446 1166 nostri
466 1095 823 1160 decreverint.
853 1095 1056 1162 Quibus
1077 1092 1350 1164 inspectis,
1374 1091 1689 1160 agnovimus
1712 1088 1857 1159 quod

273 1185 432 1258 hujus
496 1187 719 1244 cautelae
765 1185 1223 1258 providentiteque
1272 1182 1497 1240 formam
1550 1179 1856 1238 veneranda

272 1269 729 1355 prmdecessorum
749 1267 1056 1334 nestrorum
1077 1274 1220 1331 sedis
1240 1272 1551 1344 apostolica:
1572 1271 1858 1342 praesulum

274 1371 565 1446 constituta
597 1370 752 1428 nobis
780 1369 1134 1446 apertissime
1167 1367 1522 1446 tradiderunt.
1553 1364 1688 1420 Nam
1726 1365 1856 1419 bea-

273 1443 512 1538 tissimus
539 1476 677 1532 papa
705 1459 815 1516 Leo
845 1460 910 1514 ad
953 1443 1295 1530 Theodorum
1328 1457 1641 1532 episcopum
1685 1454 1858 1510 Foro-

267 1541 557 1624 julicnsem
604 1545 728 1624 poSt
755 1551 859 1606 alia
889 1551 962 1604 ita
990 1549 1120 1622 dicit
1152 1567 1164 1602 :
1194 1548 1313 1604 Non
1361 1563 1585 1626 necesse
1632 1554 1715 1603 est
1737 1621 1740 1626 _
1761 1561 1862 1604 nos

171 1639 174 1643 ’
273 1633 587 1728 eorumlqui
613 1645 691 1701 sic
719 1644 970 1706 obierunt
999 1638 1192 1698 merita
1234 1651 1493 1712 actusque
1523 1640 1858 1716 discurrere;

278 1727 405 1790 cum
455 1733 714 1790 Dominus
760 1731 903 1788 Deus
950 1742 1154 1800 noster,
1189 1729 1563 1802 cujusjudicia
1593 1734 1864 1801 nequeunt

277 1823 684 1897 comprehendi,
716 1818 860 1898 quod
908 1825 1244 1882 sacerdotale
1273 1813 1590 1896 mysterium
1641 1822 1866 1892 implere

1953 623 2230 690 asseritur,
2260 623 2315 678 in
2343 623 2534 692 quibus
2583 623 2878 698 Judaicum,
2903 625 3234 683 intellectum
3282 627 3534 684 habuisse

1951 705 2220 788 narratur.
2268 714 2397 773 Post
2447 715 2600 786 cujus
2651 727 2900 783 mortem,
2955 733 3077 773 cum
3127 719 3196 774 ad
3223 718 3534 792 Dionysium

1952 803 2289 893 Alexandriae
2317 805 2627 878 episcopum
2651 807 3004 884 pervenisset,
3035 809 3181 878 quod
3206 817 3318 867 tota
3364 809 3535 884 Egy—

1953 907 2082 974 ptus
2103 899 2249 968 ipsos
2271 897 2452 964 libros,
2485 914 2623 968 quos
2652 898 2831 970 Nepos
2855 900 3166 970 reliquerat,
3193 901 3360 966 veluti
3387 915 3538 972 mag-

1956 1006 2088 1078 num
2118 991 2334 1060 aliquod
2362 1001 2416 1047 et
2444 981 2716 1048 occultum
2760 993 3077 1064 mysterium
3107 1008 3165 1049 se
3192 993 3392 1048 habere
3438 975 3542 1064 pu;

1958 1088 2139 1138 taret:
2173 1091 2230 1137 et
2257 1097 2486 1152 pergens
2512 1083 2580 1139 ad
2603 1099 2724 1139 eum
2754 1083 2928 1140 locum
2953 1084 3029 1155 (in
3075 1083 3346 1140 Arsinoite
3389 1085 3537 1140 enim
3580 1113 3598 1136 .

1961 1176 2316 1244 quaestionem
2345 1174 2517 1248 ipsam
2543 1184 2746 1231 motam
2772 1175 2934 1231 luisse
2956 1175 3144 1246 refert)
3191 1176 3540 1248 scribensque

1959 1263 2228 1318 destruxit
2281 1263 2501 1320 eosdem
2551 1266 2718 1323 libros
2774 1276 2935 1338 atque
2994 1267 3229 1323 evertit:
3280 1267 3542 1339 Nepotem

1959 1369 2090 1409 vero
2137 1351 2231 1424 qui
2275 1370 2370 1410 eos
2413 1357 2723 1427 scripserat,
2771 1364 2994 1428 propter
3021 1357 3126 1414 hoc
3154 1357 3388 1414 maxime
3415 1358 3541 1426 quia

1956 1445 2071 1520 jam
2093 1445 2373 1502 defunctus
2395 1447 2588 1516 fuerat,
2612 1448 2758 1504 nulla
2787 1449 2856 1504 sit
2885 1463 3167 1520 aggressus
3197 1447 3544 1519 injuria.Quaa

1962 1539 2007 1622 si
2039 1536 2157 1622 quis
2185 1537 2344 1593 latius
2373 1553 2665 1607 agnoscere
2705 1540 2836 1596 velit
2863 1539 2916 1595 in
2963 1529 3265 1598 memorato
3313 1541 3544 1613 septimo

1965 1626 2206 1683 historiae
2227 1627 2468 1698 ejusdem
2491 1627 2707 1685 Eusebii
2729 1629 2867 1687 libro
2896 1629 3148 1708 reperiet.

1989 1777 1992 1780 ,
2037 1719 2238 1786 Quibus
2268 1721 2512 1776 omnibus
2543 1719 2830 1791 diligenter
2857 1703 3130 1793 inspectis,
3161 1703 3286 1794 quia
3315 1722 3440 1780 licet
3464 1722 3546 1778 di-

1967 1803 2126 1868 verso
2176 1811 2364 1868 Patres
2409 1813 2580 1868 nostri
2630 1814 2917 1869 verborum
2959 1814 3142 1886 modo,
3184 1801 3340 1871 unius
3367 1822 3550 1872 tamen

279 1933 390 1988 non
405 1895 650 1987 poterat,
700 1895 810 1973 suae
851 1914 1073 1987 justitiae
1120 1913 1436 1970 reservavit.
1487 1912 1617 1969 ltem
1673 1911 1864 1967 beatus
1895 1927 1942 1987 Β
1972 1899 2138 1957 ductu
2168 1901 2554 1972 intelligentiae,
2586 1903 2930 1972 disserentes,
2973 1895 3167 1960 illaesas
3207 1904 3548 1960 sacerdotum

279 2003 525 2062 Gelasius
552 2021 693 2076 papa
723 2005 778 2060 in
806 2004 1036 2076 epistola
1064 2019 1224 2074 quam
1253 1999 1322 2058 ad
1351 2003 1634 2074 episc0pos
1662 1997 1863 2055 Darda-

278 2101 383 2178 niae
403 2100 472 2157 de
495 2115 658 2156 causa
685 2099 866 2154 Acacii
894 2097 1128 2168 scripsit,
1157 2104 1280 2168 post
1305 2097 1408 2178 alia
1433 2096 1515 2150 ita
1549 2094 1677 2150 dicit
1702 2113 1716 2148 :
1764 2090 1866 2160 Qui

278 2175 569 2270 postquam
598 2194 654 2249 in
675 2193 961 2263 collegium
990 2189 1237 2247 recidens
1267 2173 1571 2261 pravitatis,
1597 2187 1719 2258 jure
1747 2201 1864 2242 me-

279 2269 389 2344 ruit
415 2289 482 2344 ab
505 2269 797 2358 apostolica
820 2283 1198 2341 communione
1227 2282 1452 2351 secludi,
1484 2282 1537 2337 in
1563 2281 1664 2337 hac
1685 2288 1867 2340 autem

281 2379 577 2456 persistens
615 2373 961 2430 damnatione
991 2371 1277 2428 defunctus
1315 2379 1416 2456 est,
1450 2369 1864 2434 absolutionem,

281 2443 445 2544 quam
482 2474 752 2538 superstes
799 2481 903 2520 nec
959 2463 1205 2536 quaesivit
1232 2443 1474 2527 omhino,
1523 2475 1622 2515 nec
1652 2453 1865 2526 meruit,

284 2555 530 2632 inortuus
562 2557 674 2628 jam
708 2572 815 2612 non
844 2564 1025 2626 potest
1053 2549 1359 2626 impetrare.
1414 2549 1689 2622 Siquidem
1742 2549 1870 2620 ipsis

285 2639 769 2724 apostoliﬂhristi
798 2661 932 2701 voce
957 2643 1261 2713 delegatum
1291 2650 1401 2698 est:
1434 2641 1562 2707 Qua:
1587 2641 1870 2713 ligaveritis

281 2727 443 2813 paper
465 2735 673 2813 (errant,
706 2750 754 2795 et
784 2755 896 2811 qua:
923 2737 1175 2793 solveritis
1219 2755 1372 2807 super
1416 2744 1606 2790 terram
1655 2732 1866 2804 (Matth.

287 2834 465 2927 ‘xvni).
497 2831 766 2888 Caeterum
792 2830 905 2901 jam
929 2829 995 2885 de
1024 2845 1089 2885 eo
1115 2829 1206 2900 qui
1230 2829 1283 2884 in
1313 2827 1496 2883 divino
1546 2833 1628 2882 est
1670 2821 1871 2894 judicio

290 2917 614 3000 'constitutus
635 2921 790 2977 nobis
817 2919 896 2977 fas
925 2917 1068 2974 aliud
1098 2919 1391 2974 decernere
1416 2933 1525 2973 non
1553 2925 1656 2984 est,
1681 2922 1874 2985 printer

291 2991 346 3071 id
369 3014 558 3088 inquo
590 3030 713 3070 eum
743 3012 859 3068 dies
885 3026 1168 3082 supremus
1189 3009 1411 3064 invenit.
1724 3079 1728 3084 λ

329 3173 332 3180 ι
366 3114 392 3141 ⁸
419 3093 556 3160 Item
584 3111 909 3158 memoratus
935 3101 1110 3156 beata:
1134 3099 1520 3156 recordationis
1552 3112 1688 3168 papa
1717 3095 1877 3152 Gela-

292 3190 408 3266 pius
437 3193 489 3248 in
521 3193 688 3260 gestis
709 3190 734 3228 ι)
767 3181 1111 3262 synodalibus
1135 3186 1203 3242 de
1250 3186 1440 3241 Miseni
1490 3185 1726 3255 episcopi
1773 3185 1880 3239 Cu-

1967 1997 2022 2076 in
2047 2012 2179 2067 pace
2201 1995 2566 2054 ecclesiastica
2588 1996 2959 2075 defunctorum
2974 2011 3258 2054 servavere
3267 2011 3548 2070 personas,

1968 2086 2214 2156 idemque
2243 2085 2560 2155 regulariter
2580 2087 2891 2158 apostolica:
2917 2087 3059 2143 sedis
3085 2103 3215 2158 quas
3231 2103 3390 2158 supra
3410 2085 3549 2143 dixi-

1968 2192 2088 2233 mus
2120 2155 2379 2232 deﬁniunt
2407 2155 2698 2233 constituta
2725 2197 2737 2232 :
2761 2155 2902 2233 Nuili
2930 2155 3331 2235 licere—noviter
3351 2177 3551 2249 aliquid

1971 2263 2040 2324 de
2085 2278 2418 2324 mortuorum
2444 2268 2688 2339 judicare
2737 2268 2981 2342 personis
3007 2288 3021 2324 :
3053 2269 3148 2326 sed
3180 2271 3232 2326 in
3261 2270 3366 2327 hoc
3391 2270 3555 2342 [‘01in

1969 2359 2082 2428 qui,
2107 2359 2160 2414 in
2190 2375 2297 2429 quo
2328 2375 2764 2431 unumquemque
2793 2361 2906 2418 dies
2937 2377 3220 2434 supremus
3247 2361 3470 2428 invenit,
3492 2367 3550 2418 et

1970 2451 2275 2524 specialiter
2303 2451 2373 2506 de
2422 2450 2693 2508 Theodori
2721 2443 3083 2524 Mopsuesteni
3137 2453 3372 2520 nomine,
3423 2452 3554 2525 quid

1971 2543 2140 2599 sancti
2162 2543 2349 2601 Patres
2373 2545 2544 2601 nostri
2574 2545 2955 2618 disposuerint,
2987 2531 3232 2618 superius
3277 2545 3556 2603 evidenter

1972 2653 2286 2709 expressum
2315 2645 2398 2694 est
2429 2656 2441 2692 :
2475 2654 2598 2695 eum
2637 2649 2820 2695 nostra
2866 2635 2975 2716 non
3018 2639 3274 2696 audemus
3300 2639 3557 2696 damnare

1972 2729 2261 2799 sententia,
2288 2729 2382 2784 sed
2413 2745 2516 2786 nec
2542 2730 2608 2786 ab
2638 2729 2745 2786 alio
2771 2730 3022 2802 quopiam
3047 2729 3396 2787 condemnari
3419 2744 3554 2785 con-

1973 2821 2251 2876 cedimus:
2283 2821 2423 2876 absit
2469 2828 2652 2877 tamen
2686 2829 2744 2876 ut
2771 2822 3134 2893 suprascripta
3163 2822 3396 2892 capitula
3423 2819 3557 2892 dog-

1973 2923 2198 2979 matum,
2229 2928 2347 2984 quae
2367 2913 2662 2970 secundum
2701 2914 2972 2984 subjectos
3027 2912 3394 2984 intelligentiae
3433 2927 3557 2968 sen-

1975 3017 2068 3059 sus
2095 2999 2128 3056 a
2154 3003 2311 3058 nobis
2337 3008 2553 3058 constat
2607 3017 2729 3058 esse
2779 3001 3055 3069 damnata,
3091 3003 3177 3057 vel
3224 3015 3558 3072 qumcunque

1977 3095 2121 3151 dicta
2147 3093 2434 3164 cujuslibet
2481 3094 2597 3150 sine
2639 3093 2857 3150 nomine
2883 3101 3206 3164 praenotata,
3238 3093 3560 3164 evangelicis

1978 3193 2159 3243 tamen
2182 3195 2237 3242 et
2265 3185 2595 3257 apostolicis,
2626 3201 2690 3242 ac
2712 3194 2944 3256 quatuor
2996 3177 3346 3258 synodorum,
3392 3183 3564 3240 Nicae-

293 3275 448 3340 inani
488 3280 829 3337 absolutione
883 3277 1160 3343 confectis,
1207 3277 1311 3333 hoc
1337 3275 1615 3332 evidenter
1641 3275 1874 3343 edocuit,
1907 3315 1953 3379 C
1982 3292 2084 3344 me,
2143 3275 2775 3348 Constantinopolitanae,
2821 3275 3106 3347 Ephesium
3149 3276 3358 3347 primae,
3403 3285 3565 3346 atque

298 3375 523 3431 dicens:
557 3371 751 3427 Totum
772 3369 916 3439 quod
945 3384 1106 3439 supra
1132 3366 1400 3424 facultatis
1448 3375 1533 3423 est
1582 3364 1877 3434 modulum,

299 3447 486 3521 divino
509 3461 709 3533 judicio
737 3461 1104 3531 relinquamus
1129 3478 1142 3513 :
1176 3476 1284 3516 non
1311 3468 1493 3515 autem
1522 3459 1679 3515 nobis
1723 3467 1880 3529 pote-

300 3539 431 3611 runt
449 3552 730 3624 imputare,
763 3567 858 3608 cur
878 3549 1334 3623 prtevaricationis
1359 3549 1616 3605 offensam
1656 3543 1884 3604 viventi-

303 3631 405 3703 hus
431 3646 795 3713 remittamus;
827 3643 970 3714 quod
991 3627 1264 3710 Etclesire,
1291 3641 1406 3700 Deo
1433 3643 1713 3712 largiente,
1752 3655 1883 3712 pos-

306 3737 462 3796 sibile
490 3745 576 3795 est
601 3755 614 3790 :
650 3751 753 3792 nec
780 3751 879 3791 nos
895 3736 1006 3804 jam
1033 3734 1260 3789 mortuis
1283 3733 1495 3788 veniam
1518 3739 1772 3802 praestare
1792 3729 1888 3785 de-

307 3836 532 3908 poscant
559 3846 573 3881 :
605 3826 749 3895 quod
776 3826 932 3881 nobis
979 3839 1087 3879 non
1120 3838 1237 3878 esse
1263 3821 1518 3894 possibile
1548 3819 1888 3875 manifestum

308 3907 422 3984 ‘cst;
453 3918 576 3987 quia
603 3932 725 3973 cum
748 3915 950 3972 dictum
973 3914 1042 3970 sit
1067 3933 1080 3968 :
1117 3911 1244 3979 Quae
1265 3913 1542 3985 ligaverilis
1563 3920 1612 3968 et
1639 3911 1890 3966 solveritis

311 4028 468 4081 super
501 4020 710 4075 terram,
738 4009 860 4076 hos,
890 4021 1027 4077 quos
1053 4021 1212 4078 super
1239 4011 1437 4060 terram
1464 4002 1576 4074 jam
1621 4019 1729 4059 non
1776 4015 1894 4058 esse

314 4109 547 4166 constat,
583 4115 692 4155 non
719 4099 978 4166 humano,
996 4098 1090 4154 sed
1113 4105 1212 4152 suo
1241 4094 1602 4164 Deusjudicio
1651 4107 1894 4149 reserva-

315 4189 396 4245 vit
420 4207 432 4243 :
459 4205 560 4245 nec
588 4188 753 4244 audet
773 4187 1010 4243 Ecclesia
1040 4186 1255 4242 sibimet
1281 4185 1574 4252 vindicare,
1599 4184 1740 4256 quod
1767 4183 1898 4255 ipsis

318 4279 581 4356 apostolis
607 4279 873 4350 conspicit
900 4295 1012 4334 non
1031 4278 1194 4334 fuisse
1221 4291 1574 4334 concessum:
1621 4275 1748 4346 quia
1795 4274 1898 4330 alia

1980 3368 2452 3438 Chalcedonensis,
2481 3375 2536 3424 et
2564 3367 2874 3438 apostolica:
2901 3366 3045 3424 sedis
3073 3383 3183 3423 non
3213 3366 3562 3438 congruentia

1982 3477 2330 3532 consonaque
2378 3456 2662 3528 doctrinis,
2717 3476 2828 3516 non
2873 3459 3050 3517 solum
3097 3474 3279 3527 sensu,
3329 3457 3427 3516 sed
3480 3458 3567 3515 vel

1983 3553 2146 3611 etiam
2173 3568 2303 3609 aure
2328 3552 2597 3624 patiamur
2625 3549 2927 3608 admittere.

2058 3645 2136 3702 De
2157 3646 2376 3716 scriptis
2398 3659 2529 3701 vero
2551 3659 2672 3714 quae
2699 3645 2798 3700 sub
2824 3643 2928 3700 viri
2948 3627 3270 3700 venerabilis
3320 3625 3570 3722 Theodo-

1992 3737 2097 3795 reti
2118 3736 2390 3807 quondam
2419 3736 2658 3808 episcopi
2685 3735 2902 3792 nomine
2929 3721 3293 3806 proferuntur,
3315 3723 3573 3788 miramti-

1992 3829 2244 3899 primum,
2271 3843 2368 3882 cur
2395 3841 2620 3883 necesse
2645 3827 2718 3883 sit
2743 3825 2860 3897 ejus
2908 3815 3202 3882 sacerdotis
3248 3819 3466 3880 nomine
3513 3819 3569 3878 in

1990 3911 2436 3974 obtrectationem
2466 3916 2757 3988 quidquam
2777 3914 3060 3986 cujuslibet
3087 3911 3264 3972 studio
3287 3911 3573 3969 devocari:

1991 4007 2085 4080 qui
2114 4015 2238 4062 ante
2264 4014 2480 4062 centum
2500 4013 2554 4062 et
2581 4001 2810 4078 amplius
2826 4003 2994 4062 annos
3018 4007 3073 4061 in
3101 4003 3302 4062 sancta:
3326 4019 3391 4061 ac
3406 4017 3574 4059 vene-

1993 4100 2174 4156 randa:
2200 4097 2659 4156 Chalcedonensis
2687 4098 2876 4169 synodi
2899 4097 3102 4168 judicio
3124 4096 3448 4153 constitutus
3463 4091 3580 4152 sin'e

1995 4189 2173 4260 aliqua
2218 4190 2561 4246 cunctatione
2608 4179 2941 4259 subscripsit,
2992 4183 3051 4246 et
3094 4183 3389 4242 beatissimi
3427 4199 3579 4268 papa:

1995 4281 2193 4342 Leonis
2220 4279 2461 4355 epistolis
2481 4297 2650 4353 prona
2693 4276 2982 4337 devotione
3031 4279 3326 4338 consensit.
3375 4271 3582 4336 Dehiiic

315 4382 403 4460 ρει
427 4390 590 4457 causa
614 4372 983 4454 superstitum.
1007 4372 1112 4427 alia
1153 4369 1544 4427 άθῖυηίιῐοΐυω-
1603 4367 1755 4425 “anc
1800 4383 1898 4422 all-
1995 4371 2120 4435 cum
2149 4378 2444 4434 existerent
2473 4383 2603 4430 tunc
2649 4373 2938 4430 Dioscorus
2965 4380 3021 4430 et
3045 4365 3285 4454 ἐξεγρῐῆ
3323 4364 3580 4444 episcopi,

318 4451 433 4523 tem
462 4454 702 4537 regulam
726 4471 783 4522 et
810 4451 864 4521 in
902 4471 1211 4521 sanctorum
1257 4463 1477 4520 Joannis
1521 4461 1903 4519 Constantino-
1999 4469 2092 4540 qui
2119 4483 2242 4524 eum
2270 4467 2511 4523 dicerent
2531 4474 2775 4522 sanctum
2799 4461 3057 4538 Cyrillum
3079 4451 3580 4532 anathematizasse,

322 4559 551 4646 politani
576 4561 832 4635 episcopi,
856 4567 1015 4632 quem
1041 4559 1482 4631 Chrysostomum
1501 4563 1719 4620 vocant,
1741 4562 1904 4624 atque
2002 4569 2058 4617 et
2085 4559 2332 4615 eumdem
2359 4557 2762 4614 Theodoretum
2801 4551 2964 4614 etiam
2990 4557 3302 4614 haereticum
3333 4573 3473 4627 esse,
3505 4549 3586 4614 ta-

320 4643 565 4738 Ῠιδῖίδηί
605 4653 845 4724 θὶιιεάθιη
873 4647 1106 4709 εῖνίῑίίιῖε
1133 4651 1390 4722 episcopi,
1423 4645 1730 4705 veneranda
1784 4659 1902 4700 1118*
1932 4688 1981 4749 D
2003 4665 2128 4707 men
2177 4649 2345 4706 sancti
2396 4647 2582 4705 Patres
2609 4649 2778 4705 nostri
2800 4643 2917 4705 hinc
2943 4649 3240 4717 audientes,
3291 4649 3586 4721 diligentis-

322 4745 496 4802 moria
515 4754 728 4803 constat
755 4743 874 4801 eSse
893 4754 1185 4813 servatam,
1206 4742 1296 4812 qui
1343 4741 1470 4798 licet
1493 4739 1760 4797 violenter
1809 4752 1904 4793 ex-

324 4834 464 4893 elusi
489 4839 632 4903 sunt,
673 4851 781 4892 non
809 4843 987 4889 tamen
1015 4848 1116 4905 pro
1146 4829 1412 4887 damnatis
1437 4837 1560 4887 sunt
1605 4828 1791 4896 habiti,
1838 4843 1905 4884 eo

322 4926 474 4998 quod
498 4941 710 4997 semper
757 4925 1067 4981 inviolatam
1097 4937 1284 4981 eorum
1313 4923 1744 4980 communionem
1795 4915 1906 4977 Ro-

323 5020 476 5079 mani
502 5017 788 5091 pontiﬁces
810 5026 1181 5088 servaverunt,
1211 5032 1314 5074 nec
1355 5015 1594 5074 abscindi
1622 5017 1689 5071 ab
1721 5013 1907 5072 Eccle-

325 5113 408 5173 sia
437 5111 540 5169 dici
567 5119 863 5184 potuerunt
885 5111 971 5167 vel
992 5118 1263 5182 poterunt,
1297 5124 1433 5180 quos
1471 5108 1574 5166 sibi
1594 5108 1906 5165 inconvulse

325 5204 508 5264 nnitos
535 5203 829 5274 apostolica
851 5203 1106 5274 judicavit
1134 5204 1447 5258 auctoritas.

399 5289 461 5350 In
486 5293 704 5352 Eusebii
727 5295 890 5350 etiam
935 5304 1293 5363 cognomento
1345 5292 1609 5364 Pamphili
1659 5293 1905 5348 HiStoriae

328 5385 470 5444 libro
497 5386 726 5456 septimo
751 5384 965 5455 legitur,
993 5383 1304 5456 Dionysium
1359 5384 1730 5439 Alexandrinae
1777 5384 1909 5440 civi-

329 5477 460 5533 tatis
497 5475 830 5545 episcopum,
874 5475 962 5544 qui
1010 5473 1169 5544 longe
1216 5483 1342 5530 ante
1388 5475 1584 5545 fuerat,
1615 5475 1682 5531 de
1703 5475 1908 5546 Nepote

331 5567 570 5642 quodam
594 5568 850 5639 episcopo
872 5567 1090 5640 IEgypti
1113 5568 1185 5624 ita
1207 5568 1397 5624 fecisse
1424 5587 1435 5622 :
1461 5571 1548 5625 hic
1567 5571 1710 5624 enim
1732 5570 1910 5642 Nepos

333 5660 621 5730 episcOpus
648 5657 715 5714 de
736 5658 880 5714 mille
907 5661 1078 5725 annis,
1107 5659 1301 5728 quibus
1329 5668 1453 5731 post
1477 5661 1698 5729 primam
1727 5677 1910 5718 resur-

331 5753 632 5808 rectioiiem
660 5758 873 5807 sanctos
894 5765 1015 5807 cum
1037 5750 1252 5806 Christo
1274 5758 1593 5819 regnaturos
1616 5765 1735 5811 esse
1775 5751 1910 5810 bea-

421 5941 450 5974 α
478 5932 614 5996 Vide
639 5943 695 5996 et
717 5932 952 5998 Facund.
975 5932 1066 5993 lib.
1091 5938 1283 5993 contra
1306 5928 1535 5994 Mocian.

2011 4735 2147 4799 sime
2175 4738 2367 4805 eodem
2415 4737 2758 4798 Theodoreto
2803 4739 3031 4812 posthac
3057 4741 3452 4799 examinatione
3479 4743 3590 4799 dis-
3640 4789 3645 4794 .

2010 4851 2188 4902 cusso,
2231 4841 2287 4890 et
2337 4840 2602 4904 praesente
2645 4848 2677 4888 a
2723 4833 3078 4904 praesentibus
3125 4833 3406 4904 inquisito,
3453 4833 3589 4890 nihil

2010 4925 2155 4982 aliud
2180 4924 2248 4980 ab
2275 4938 2342 4980 eo
2371 4925 2612 4993 exegisse
2635 4918 2949 4992 noscuntur,
2979 4924 3084 4982 nisi
3106 4931 3166 4982 ut
3192 4920 3372 4982 statim
3392 4924 3588 4982 Nesto-

2007 5019 2148 5077 rium
2177 5013 2398 5090 ejusque
2425 5017 2590 5088 imma
2619 5015 2870 5086 dogmata
2900 5017 3377 5074 anathematizaret
3427 5025 3590 5086 atque

2009 5112 2308 5179 damnaret,
2341 5111 2446 5167 hoc
2472 5110 2572 5168 sibi
2600 5109 2970 5167 tantummodo
2998 5111 3244 5169 sufﬁcere
3265 5110 3588 5182 jud‘icantes,

2009 5203 2154 5274 quod
2173 5202 2265 5259 ille
2286 5217 2470 5258 coram
2492 5201 2745 5258 universo
2772 5203 3000 5259 concilio
3028 5203 3252 5269 faciens,
3280 5195 3586 5257 Nestorium

2015 5309 2139 5350 cum
2162 5292 2502 5364 dogmatibus
2523 5293 2652 5361 suis,
2667 5295 2930 5350 universis
2957 5291 3204 5351 Patribus
3233 5289 3590 5359 audientibus,

2013 5387 2157 5442 clara
2177 5402 2310 5442 voce
2331 5387 2622 5443 damnavit.
2653 5386 2729 5442 Ex
2759 5403 2866 5458 quo
2895 5390 3169 5445 evidenter
3195 5394 3436 5459 apparet,
3465 5387 3591 5457 quia

2014 5471 2271 5549 quidquid
2291 5479 2360 5533 'sit
2378 5477 2464 5534 vel
2483 5477 2646 5535 fuerit
2662 5481 2760 5536 sub
2780 5480 3336 5552 cujuslibetprolatum
3352 5479 3588 5547 nomine,

2015 5572 2159 5643 quod
2185 5571 2334 5643 impii
2355 5571 2585 5633 Nestorii
2615 5573 2854 5629 videatur
2881 5573 3207 5628 concordare
3236 5563 3591 5641 dogmatibus,

2009 5661 2117 5719 hoc
2163 5672 2290 5718 tunc
2336 5663 2390 5717 in
2439 5665 2530 5719 illo
2585 5674 2774 5721 sancto
2820 5661 3049 5719 concilio
3093 5679 3124 5716 a
3155 5663 3266 5720 viro
3302 5657 3593 5719 venerabili

2013 5745 2356 5813 The'odoi'eto
2380 5754 2540 5811 fuerit
2566 5755 2682 5813 sine
2711 5753 3042 5811 dubitatione
3063 5753 3372 5811 damnatum
3391 5772 3409 5808 :
3441 5745 3496 5810 οἳ
3521 5728 3592 5808 ’sit

2088 5927 2120 5972 δ
2147 5921 2236 5989 Ex
2262 5927 2467 5992 conon.
2501 5907 2659 5990 Rom.
2697 5922 2800 5993 sub
2845 5921 3059 5990 Cciasio
3107 5939 3196 5992 an.
3243 5923 3365 5990 495;
3413 5906 3591 5993 Hisbo.
