  <div class='ocr_page' id='page_1' title='image "/cluster/home/n/w/nwhite01/storage/ocr_20150623/69/hvd.32044015469349/057.png"; bbox 0 0 4042 6456; ppageno 0'>
   <div class='ocr_carea' id='block_1_1' title="bbox 534 333 639 390">
    <p class='ocr_par' dir='ltr' id='par_1_1' title="bbox 534 333 639 390">
     <span class='ocr_line' id='line_1_1' title="bbox 534 333 639 390; baseline 0.019 -3"><span class='ocrx_word' id='word_1_1' title='bbox 534 333 639 390; x_wconf 69' lang='grc'><strong>105</strong></span> 
     </span>
    </p>
   </div>
   <div class='ocr_carea' id='block_1_2' title="bbox 1910 306 2401 369">
    <p class='ocr_par' dir='ltr' id='par_1_2' title="bbox 1910 306 2401 369">
     <span class='ocr_line' id='line_1_2' title="bbox 1910 306 2401 369; baseline -0.01 0"><span class='ocrx_word' id='word_1_2' title='bbox 1910 308 2137 369; x_wconf 85' lang='lat' dir='ltr'><strong>VlGlLlI</strong></span> <span class='ocrx_word' id='word_1_3' title='bbox 2175 306 2401 365; x_wconf 65' lang='grc' dir='ltr'><strong>ΡΑΡᾸΕ.</strong></span> 
     </span>
    </p>
   </div>
   <div class='ocr_carea' id='block_1_3' title="bbox 3714 309 3823 366">
    <p class='ocr_par' dir='ltr' id='par_1_3' title="bbox 3714 309 3823 366">
     <span class='ocr_line' id='line_1_3' title="bbox 3714 309 3823 366; baseline 0.018 -2"><span class='ocrx_word' id='word_1_4' title='bbox 3714 309 3823 366; x_wconf 66' lang='grc'><strong>104</strong></span> 
     </span>
    </p>
   </div>
   <div class='ocr_carea' id='block_1_4' title="bbox 530 423 3802 506">
    <p class='ocr_par' dir='ltr' id='par_1_4' title="bbox 530 423 3802 506">
     <span class='ocr_line' id='line_1_4' title="bbox 530 423 3802 506; baseline -0.005 -6"><span class='ocrx_word' id='word_1_5' title='bbox 530 445 686 501; x_wconf 99' lang='lat' dir='ltr'><strong>valde</strong></span> <span class='ocrx_word' id='word_1_6' title='bbox 716 438 1065 506; x_wconf 88' lang='lat' dir='ltr'><strong>contrarium,</strong></span> <span class='ocrx_word' id='word_1_7' title='bbox 1109 444 1164 494; x_wconf 90' lang='lat' dir='ltr'><strong>et</strong></span> <span class='ocrx_word' id='word_1_8' title='bbox 1190 432 1643 494; x_wconf 83' lang='lat' dir='ltr'><strong>Chalcedonensis</strong></span> <span class='ocrx_word' id='word_1_9' title='bbox 1686 430 1877 506; x_wconf 80' lang='lat' dir='ltr'><strong>synodi</strong></span> <span class='ocrx_word' id='word_1_10' title='bbox 1919 429 2121 500; x_wconf 85' lang='lat' dir='ltr'><strong>judicio</strong></span> <span class='ocrx_word' id='word_1_11' title='bbox 2150 432 2197 488; x_wconf 78' lang='grc' dir='ltr'>Α</span> <span class='ocrx_word' id='word_1_12' title='bbox 2227 442 2324 498; x_wconf 88' lang='lat' dir='ltr'><strong>per</strong></span> <span class='ocrx_word' id='word_1_13' title='bbox 2354 427 2492 482; x_wconf 91' lang='lat' dir='ltr'><strong>hanc</strong></span> <span class='ocrx_word' id='word_1_14' title='bbox 2520 423 2841 481; x_wconf 89' lang='lat' dir='ltr'><strong>sententiam</strong></span> <span class='ocrx_word' id='word_1_15' title='bbox 2866 438 2895 478; x_wconf 90' lang='lat' dir='ltr'><strong>a</strong></span> <span class='ocrx_word' id='word_1_16' title='bbox 2920 423 3074 480; x_wconf 91' lang='lat' dir='ltr'><strong>nobis</strong></span> <span class='ocrx_word' id='word_1_17' title='bbox 3102 423 3367 495; x_wconf 81' lang='lat' dir='ltr'><strong>prolatam</strong></span> <span class='ocrx_word' id='word_1_18' title='bbox 3410 437 3441 479; x_wconf 89' lang='lat' dir='ltr'><strong>a</strong></span> <span class='ocrx_word' id='word_1_19' title='bbox 3489 429 3678 482; x_wconf 80' lang='lat' dir='ltr'><strong>sancta</strong></span> <span class='ocrx_word' id='word_1_20' title='bbox 3719 427 3802 484; x_wconf 75' lang='lat' dir='ltr'><strong>De</strong></span> 
     </span>
    </p>
   </div>
   <div class='ocr_carea' id='block_1_5' title="bbox 531 521 2121 600">
    <p class='ocr_par' dir='ltr' id='par_1_5' title="bbox 531 521 2121 600">
     <span class='ocr_line' id='line_1_5' title="bbox 531 521 2121 600; baseline -0.011 -8"><span class='ocrx_word' id='word_1_21' title='bbox 531 534 949 593; x_wconf 90' lang='lat' dir='ltr'><strong>indubitabiliter</strong></span> <span class='ocrx_word' id='word_1_22' title='bbox 992 531 1290 599; x_wconf 91' lang='lat' dir='ltr'><strong>inimicum,</strong></span> <span class='ocrx_word' id='word_1_23' title='bbox 1340 528 1588 600; x_wconf 79' lang='lat' dir='ltr'><strong>quaedam</strong></span> <span class='ocrx_word' id='word_1_24' title='bbox 1638 526 1957 583; x_wconf 85' lang='lat' dir='ltr'><strong>Nestoriana</strong></span> <span class='ocrx_word' id='word_1_25' title='bbox 1987 521 2121 591; x_wconf 86' lang='lat' dir='ltr'><strong>dog-</strong></span> 
     </span>
    </p>
   </div>
   <div class='ocr_carea' id='block_1_6' title="bbox 526 614 2121 692">
    <p class='ocr_par' dir='ltr' id='par_1_6' title="bbox 526 614 2121 692">
     <span class='ocr_line' id='line_1_6' title="bbox 526 614 2121 692; baseline -0.009 -10"><span class='ocrx_word' id='word_1_26' title='bbox 526 634 672 683; x_wconf 88' lang='lat' dir='ltr'><strong>mata</strong></span> <span class='ocrx_word' id='word_1_27' title='bbox 713 639 855 679; x_wconf 90' lang='lat' dir='ltr'><strong>nunc</strong></span> <span class='ocrx_word' id='word_1_28' title='bbox 894 623 992 679; x_wconf 89' lang='lat' dir='ltr'><strong>sub</strong></span> <span class='ocrx_word' id='word_1_29' title='bbox 1022 622 1138 692; x_wconf 84' lang='lat' dir='ltr'><strong>ejus</strong></span> <span class='ocrx_word' id='word_1_30' title='bbox 1165 620 1464 676; x_wconf 84' lang='lat' dir='ltr'><strong>sacerdotis</strong></span> <span class='ocrx_word' id='word_1_31' title='bbox 1486 619 1711 685; x_wconf 89' lang='lat' dir='ltr'><strong>nomine</strong></span> <span class='ocrx_word' id='word_1_32' title='bbox 1740 614 2121 683; x_wconf 90' lang='lat' dir='ltr'><strong>condemnari,</strong></span> 
     </span>
    </p>
   </div>
   <div class='ocr_carea' id='block_1_7' title="bbox 525 710 2123 791">
    <p class='ocr_par' dir='ltr' id='par_1_7' title="bbox 525 710 2123 791">
     <span class='ocr_line' id='line_1_7' title="bbox 525 710 2123 791; baseline -0.008 -15"><span class='ocrx_word' id='word_1_33' title='bbox 525 720 618 791; x_wconf 88' lang='lat' dir='ltr'><strong>qui</strong></span> <span class='ocrx_word' id='word_1_34' title='bbox 645 734 768 776; x_wconf 91' lang='lat' dir='ltr'><strong>cum</strong></span> <span class='ocrx_word' id='word_1_35' title='bbox 795 718 996 774; x_wconf 82' lang='lat' dir='ltr'><strong>sanctis</strong></span> <span class='ocrx_word' id='word_1_36' title='bbox 1016 716 1264 772; x_wconf 87' lang='lat' dir='ltr'><strong>Patribus</strong></span> <span class='ocrx_word' id='word_1_37' title='bbox 1293 714 1539 771; x_wconf 88' lang='lat' dir='ltr'><strong>eumdem</strong></span> <span class='ocrx_word' id='word_1_38' title='bbox 1571 714 1789 785; x_wconf 91' lang='lat' dir='ltr'><strong>impium</strong></span> <span class='ocrx_word' id='word_1_39' title='bbox 1815 710 2123 767; x_wconf 87' lang='lat' dir='ltr'><strong>Nestorium</strong></span> 
     </span>
    </p>
   </div>
   <div class='ocr_carea' id='block_1_8' title="bbox 525 799 2125 879">
    <p class='ocr_par' dir='ltr' id='par_1_8' title="bbox 525 799 2125 879">
     <span class='ocr_line' id='line_1_8' title="bbox 525 799 2125 879; baseline -0.006 -13"><span class='ocrx_word' id='word_1_40' title='bbox 525 818 583 866; x_wconf 89' lang='lat' dir='ltr'><strong>et</strong></span> <span class='ocrx_word' id='word_1_41' title='bbox 628 809 982 865; x_wconf 83' lang='lat' dir='ltr'><strong>cxsecrabilia</strong></span> <span class='ocrx_word' id='word_1_42' title='bbox 1029 808 1147 879; x_wconf 85' lang='lat' dir='ltr'><strong>ejus</strong></span> <span class='ocrx_word' id='word_1_43' title='bbox 1191 806 1446 876; x_wconf 83' lang='lat' dir='ltr'><strong>dogmata</strong></span> <span class='ocrx_word' id='word_1_44' title='bbox 1495 805 1655 876; x_wconf 90' lang='lat' dir='ltr'><strong>(sicut</strong></span> <span class='ocrx_word' id='word_1_45' title='bbox 1692 799 1947 874; x_wconf 80' lang='lat' dir='ltr'><strong>diximus)</strong></span> <span class='ocrx_word' id='word_1_46' title='bbox 1996 808 2125 856; x_wconf 90' lang='lat' dir='ltr'><strong>tunc</strong></span> 
     </span>
    </p>
   </div>
   <div class='ocr_carea' id='block_1_9' title="bbox 524 892 2120 973">
    <p class='ocr_par' dir='ltr' id='par_1_9' title="bbox 524 892 2120 973">
     <span class='ocr_line' id='line_1_9' title="bbox 524 892 2120 973; baseline -0.008 -16"><span class='ocrx_word' id='word_1_47' title='bbox 524 902 864 973; x_wconf 83' lang='lat' dir='ltr'><strong>apertissime</strong></span> <span class='ocrx_word' id='word_1_48' title='bbox 908 899 1398 956; x_wconf 82' lang='lat' dir='ltr'><strong>anathematizavit.</strong></span> <span class='ocrx_word' id='word_1_49' title='bbox 1450 895 1589 964; x_wconf 84' lang='lat' dir='ltr'><strong>Quid</strong></span> <span class='ocrx_word' id='word_1_50' title='bbox 1637 894 1778 951; x_wconf 91' lang='lat' dir='ltr'><strong>enim</strong></span> <span class='ocrx_word' id='word_1_51' title='bbox 1825 892 1970 948; x_wconf 88' lang='lat' dir='ltr'><strong>aliud</strong></span> <span class='ocrx_word' id='word_1_52' title='bbox 2017 898 2120 959; x_wconf 89' lang='lat' dir='ltr'><strong>est,</strong></span> 
     </span>
    </p>
   </div>
   <div class='ocr_carea' id='block_1_10' title="bbox 526 982 2124 1062">
    <p class='ocr_par' dir='ltr' id='par_1_10' title="bbox 526 982 2124 1062">
     <span class='ocr_line' id='line_1_10' title="bbox 526 982 2124 1062; baseline -0.007 -10"><span class='ocrx_word' id='word_1_53' title='bbox 526 994 821 1052; x_wconf 87' lang='lat' dir='ltr'><strong>mendaces</strong></span> <span class='ocrx_word' id='word_1_54' title='bbox 837 1000 929 1047; x_wconf 90' lang='lat' dir='ltr'><strong>aut</strong></span> <span class='ocrx_word' id='word_1_55' title='bbox 948 992 1265 1049; x_wconf 88' lang='lat' dir='ltr'><strong>simulantes</strong></span> <span class='ocrx_word' id='word_1_56' title='bbox 1282 990 1671 1062; x_wconf 81' lang='lat' dir='ltr'><strong>professionem</strong></span> <span class='ocrx_word' id='word_1_57' title='bbox 1700 994 1861 1042; x_wconf 73' lang='lat' dir='ltr'><strong>recta:</strong></span> <span class='ocrx_word' id='word_1_58' title='bbox 1878 985 2000 1040; x_wconf 87' lang='lat' dir='ltr'><strong>fidei</strong></span> <span class='ocrx_word' id='word_1_59' title='bbox 2022 982 2124 1041; x_wconf 88' lang='lat' dir='ltr'><strong>Pa-</strong></span> 
     </span>
    </p>
   </div>
   <div class='ocr_carea' id='block_1_11' title="bbox 526 1078 2124 1151">
    <p class='ocr_par' dir='ltr' id='par_1_11' title="bbox 526 1078 2124 1151">
     <span class='ocr_line' id='line_1_11' title="bbox 526 1078 2124 1151; baseline -0.005 -11"><span class='ocrx_word' id='word_1_60' title='bbox 526 1096 640 1141; x_wconf 89' lang='lat' dir='ltr'><strong>tres</strong></span> <span class='ocrx_word' id='word_1_61' title='bbox 662 1085 716 1138; x_wconf 90' lang='lat' dir='ltr'><strong>in</strong></span> <span class='ocrx_word' id='word_1_62' title='bbox 738 1091 921 1140; x_wconf 86' lang='lat' dir='ltr'><strong>sancta</strong></span> <span class='ocrx_word' id='word_1_63' title='bbox 943 1081 1367 1139; x_wconf 69' lang='lat' dir='ltr'><strong>Chalcedonensi</strong></span> <span class='ocrx_word' id='word_1_64' title='bbox 1387 1079 1597 1151; x_wconf 83' lang='lat' dir='ltr'><strong>synodo</strong></span> <span class='ocrx_word' id='word_1_65' title='bbox 1619 1078 1916 1133; x_wconf 85' lang='lat' dir='ltr'><strong>residentes</strong></span> <span class='ocrx_word' id='word_1_66' title='bbox 1941 1088 2124 1133; x_wconf 89' lang='lat' dir='ltr'><strong>osten-</strong></span> 
     </span>
    </p>
   </div>
   <div class='ocr_carea' id='block_1_12' title="bbox 524 1170 2126 1246">
    <p class='ocr_par' dir='ltr' id='par_1_12' title="bbox 524 1170 2126 1246">
     <span class='ocr_line' id='line_1_12' title="bbox 524 1170 2126 1246; baseline -0.005 -15"><span class='ocrx_word' id='word_1_67' title='bbox 524 1178 674 1239; x_wconf 87' lang='lat' dir='ltr'><strong>dere,</strong></span> <span class='ocrx_word' id='word_1_68' title='bbox 725 1190 887 1246; x_wconf 87' lang='lat' dir='ltr'><strong>quam</strong></span> <span class='ocrx_word' id='word_1_69' title='bbox 937 1174 1121 1230; x_wconf 84' lang='lat' dir='ltr'><strong>dicere</strong></span> <span class='ocrx_word' id='word_1_70' title='bbox 1164 1173 1373 1242; x_wconf 86' lang='lat' dir='ltr'><strong>aliquos</strong></span> <span class='ocrx_word' id='word_1_71' title='bbox 1413 1187 1481 1227; x_wconf 83' lang='lat' dir='ltr'><strong>ex</strong></span> <span class='ocrx_word' id='word_1_72' title='bbox 1528 1172 1604 1227; x_wconf 91' lang='lat' dir='ltr'><strong>eis</strong></span> <span class='ocrx_word' id='word_1_73' title='bbox 1648 1170 1843 1224; x_wconf 86' lang='lat' dir='ltr'><strong>similia</strong></span> <span class='ocrx_word' id='word_1_74' title='bbox 1883 1170 2126 1240; x_wconf 85' lang='lat' dir='ltr'><strong>sapuisse</strong></span> 
     </span>
    </p>
   </div>
   <div class='ocr_carea' id='block_1_13' title="bbox 524 1260 2125 1337">
    <p class='ocr_par' dir='ltr' id='par_1_13' title="bbox 524 1260 2125 1337">
     <span class='ocr_line' id='line_1_13' title="bbox 524 1260 2125 1337; baseline -0.004 -14"><span class='ocrx_word' id='word_1_75' title='bbox 524 1267 804 1333; x_wconf 85' lang='lat' dir='ltr'><strong>Nestorio,</strong></span> <span class='ocrx_word' id='word_1_76' title='bbox 836 1281 1065 1337; x_wconf 90' lang='lat' dir='ltr'><strong>quorum</strong></span> <span class='ocrx_word' id='word_1_77' title='bbox 1105 1264 1308 1336; x_wconf 92' lang='lat' dir='ltr'><strong>judicio</strong></span> <span class='ocrx_word' id='word_1_78' title='bbox 1351 1263 1535 1321; x_wconf 88' lang='lat' dir='ltr'><strong>videas</strong></span> <span class='ocrx_word' id='word_1_79' title='bbox 1564 1262 1874 1319; x_wconf 82' lang='lat' dir='ltr'><strong>Nestorium</strong></span> <span class='ocrx_word' id='word_1_80' title='bbox 1901 1260 2125 1331; x_wconf 87' lang='lat' dir='ltr'><strong>ejusque</strong></span> 
     </span>
    </p>
   </div>
   <div class='ocr_carea' id='block_1_14' title="bbox 524 1356 1263 1429">
    <p class='ocr_par' dir='ltr' id='par_1_14' title="bbox 524 1356 1263 1429">
     <span class='ocr_line' id='line_1_14' title="bbox 524 1356 1263 1429; baseline -0.003 -16"><span class='ocrx_word' id='word_1_81' title='bbox 524 1359 776 1429; x_wconf 78' lang='lat' dir='ltr'><strong>dogmata</strong></span> <span class='ocrx_word' id='word_1_82' title='bbox 807 1358 970 1413; x_wconf 86' lang='lat' dir='ltr'><strong>fuisse</strong></span> <span class='ocrx_word' id='word_1_83' title='bbox 991 1356 1263 1412; x_wconf 89' lang='lat' dir='ltr'><strong>damnata.</strong></span> 
     </span>
    </p>
   </div>
   <div class='ocr_carea' id='block_1_15' title="bbox 596 1448 2124 1518">
    <p class='ocr_par' dir='ltr' id='par_1_15' title="bbox 596 1448 2124 1518">
     <span class='ocr_line' id='line_1_15' title="bbox 596 1448 2124 1518; baseline -0.001 -14"><span class='ocrx_word' id='word_1_84' title='bbox 596 1450 707 1505; x_wconf 62' lang='lat' dir='ltr'><strong>Dec</strong></span> <span class='ocrx_word' id='word_1_85' title='bbox 751 1449 881 1504; x_wconf 91' lang='lat' dir='ltr'><strong>illud</strong></span> <span class='ocrx_word' id='word_1_86' title='bbox 907 1448 1275 1504; x_wconf 88' lang='lat' dir='ltr'><strong>arbitrandum</strong></span> <span class='ocrx_word' id='word_1_87' title='bbox 1305 1456 1415 1516; x_wconf 89' lang='lat' dir='ltr'><strong>est,</strong></span> <span class='ocrx_word' id='word_1_88' title='bbox 1457 1449 1582 1518; x_wconf 86' lang='lat' dir='ltr'><strong>quia</strong></span> <span class='ocrx_word' id='word_1_89' title='bbox 1611 1457 1812 1504; x_wconf 69' lang='lat' dir='ltr'><strong>sancta:</strong></span> <span class='ocrx_word' id='word_1_90' title='bbox 1851 1448 2124 1505; x_wconf 68' lang='lat' dir='ltr'><strong>memorim</strong></span> 
     </span>
    </p>
   </div>
   <div class='ocr_carea' id='block_1_16' title="bbox 525 1542 2125 1615">
    <p class='ocr_par' dir='ltr' id='par_1_16' title="bbox 525 1542 2125 1615">
     <span class='ocr_line' id='line_1_16' title="bbox 525 1542 2125 1615; baseline -0.001 -16"><span class='ocrx_word' id='word_1_91' title='bbox 525 1542 710 1613; x_wconf 85' lang='lat' dir='ltr'><strong>Cyrilli</strong></span> <span class='ocrx_word' id='word_1_92' title='bbox 750 1542 962 1613; x_wconf 87' lang='lat' dir='ltr'><strong>injuriis</strong></span> <span class='ocrx_word' id='word_1_93' title='bbox 990 1558 1089 1615; x_wconf 88' lang='lat' dir='ltr'><strong>per</strong></span> <span class='ocrx_word' id='word_1_94' title='bbox 1108 1542 1389 1599; x_wconf 90' lang='lat' dir='ltr'><strong>duodecim</strong></span> <span class='ocrx_word' id='word_1_95' title='bbox 1417 1543 1779 1613; x_wconf 87' lang='lat' dir='ltr'><strong>capitulorum</strong></span> <span class='ocrx_word' id='word_1_96' title='bbox 1797 1542 1914 1612; x_wconf 90' lang='lat' dir='ltr'><strong>ejus</strong></span> <span class='ocrx_word' id='word_1_97' title='bbox 1940 1556 2125 1611; x_wconf 84' lang='lat' dir='ltr'><strong>repre-</strong></span> 
     </span>
    </p>
   </div>
   <div class='ocr_carea' id='block_1_17' title="bbox 524 1630 2124 1702">
    <p class='ocr_par' dir='ltr' id='par_1_17' title="bbox 524 1630 2124 1702">
     <span class='ocr_line' id='line_1_17' title="bbox 524 1630 2124 1702; baseline -0.002 -15"><span class='ocrx_word' id='word_1_98' title='bbox 524 1632 837 1688; x_wconf 85' lang='lat' dir='ltr'><strong>housionem</strong></span> <span class='ocrx_word' id='word_1_99' title='bbox 867 1649 897 1687; x_wconf 89' lang='lat' dir='ltr'><strong>a</strong></span> <span class='ocrx_word' id='word_1_100' title='bbox 926 1634 1042 1689; x_wconf 88' lang='lat' dir='ltr'><strong>viro</strong></span> <span class='ocrx_word' id='word_1_101' title='bbox 1071 1633 1365 1688; x_wconf 83' lang='lat' dir='ltr'><strong>venerabili</strong></span> <span class='ocrx_word' id='word_1_102' title='bbox 1395 1631 1741 1688; x_wconf 89' lang='lat' dir='ltr'><strong>Theodoreto</strong></span> <span class='ocrx_word' id='word_1_103' title='bbox 1773 1632 1857 1702; x_wconf 93' lang='lat' dir='ltr'><strong>(ut</strong></span> <span class='ocrx_word' id='word_1_104' title='bbox 1880 1630 2124 1701; x_wconf 86' lang='lat' dir='ltr'><strong>putatur)</strong></span> 
     </span>
    </p>
   </div>
   <div class='ocr_carea' id='block_1_18' title="bbox 525 1722 2124 1795">
    <p class='ocr_par' dir='ltr' id='par_1_18' title="bbox 525 1722 2124 1795">
     <span class='ocr_line' id='line_1_18' title="bbox 525 1722 2124 1795; baseline 0 -16"><span class='ocrx_word' id='word_1_105' title='bbox 525 1725 733 1793; x_wconf 81' lang='lat' dir='ltr'><strong>ingesta</strong></span> <span class='ocrx_word' id='word_1_106' title='bbox 780 1724 1074 1781; x_wconf 81' lang='lat' dir='ltr'><strong>beatissimi</strong></span> <span class='ocrx_word' id='word_1_107' title='bbox 1123 1723 1312 1781; x_wconf 88' lang='lat' dir='ltr'><strong>Patres</strong></span> <span class='ocrx_word' id='word_1_108' title='bbox 1359 1724 1530 1779; x_wconf 86' lang='lat' dir='ltr'><strong>nostri</strong></span> <span class='ocrx_word' id='word_1_109' title='bbox 1578 1724 1632 1778; x_wconf 91' lang='lat' dir='ltr'><strong>in</strong></span> <span class='ocrx_word' id='word_1_110' title='bbox 1678 1732 1861 1780; x_wconf 89' lang='lat' dir='ltr'><strong>sancta</strong></span> <span class='ocrx_word' id='word_1_111' title='bbox 1913 1722 2124 1795; x_wconf 88' lang='lat' dir='ltr'><strong>synodo</strong></span> 
     </span>
    </p>
   </div>
   <div class='ocr_carea' id='block_1_19' title="bbox 2226 518 3818 590">
    <p class='ocr_par' dir='ltr' id='par_1_19' title="bbox 2226 518 3818 590">
     <span class='ocr_line' id='line_1_19' title="bbox 2226 518 3818 590; baseline 0.003 -16"><span class='ocrx_word' id='word_1_112' title='bbox 2226 520 2471 576; x_wconf 87' lang='lat' dir='ltr'><strong>Ecclesia</strong></span> <span class='ocrx_word' id='word_1_113' title='bbox 2524 518 2823 590; x_wconf 84' lang='lat' dir='ltr'><strong>apostolica</strong></span> <span class='ocrx_word' id='word_1_114' title='bbox 2878 519 3202 575; x_wconf 86' lang='lat' dir='ltr'><strong>auctoritate</strong></span> <span class='ocrx_word' id='word_1_115' title='bbox 3254 519 3559 576; x_wconf 86' lang='lat' dir='ltr'><strong>inveniatur</strong></span> <span class='ocrx_word' id='word_1_116' title='bbox 3624 521 3818 579; x_wconf 79' lang='lat' dir='ltr'><strong>exclu-</strong></span> 
     </span>
    </p>
   </div>
   <div class='ocr_carea' id='block_1_20' title="bbox 2225 628 2365 669">
    <p class='ocr_par' dir='ltr' id='par_1_20' title="bbox 2225 628 2365 669">
     <span class='ocr_line' id='line_1_20' title="bbox 2225 628 2365 669; baseline -0.007 0"><span class='ocrx_word' id='word_1_117' title='bbox 2225 628 2365 669; x_wconf 87' lang='lat' dir='ltr'><strong>sum.</strong></span> 
     </span>
    </p>
   </div>
   <div class='ocr_carea' id='block_1_21' title="bbox 2297 704 3819 776">
    <p class='ocr_par' dir='ltr' id='par_1_21' title="bbox 2297 704 3819 776">
     <span class='ocr_line' id='line_1_21' title="bbox 2297 704 3819 776; baseline 0.001 -14"><span class='ocrx_word' id='word_1_118' title='bbox 2297 706 2339 762; x_wconf 86' lang='grc' dir='ltr'><strong>Ι.</strong></span> <span class='ocrx_word' id='word_1_119' title='bbox 2392 706 2598 762; x_wconf 81' lang='lat' dir='ltr'><strong>Rursus</strong></span> <span class='ocrx_word' id='word_1_120' title='bbox 2641 714 2823 761; x_wconf 91' lang='lat' dir='ltr'><strong>tamen</strong></span> <span class='ocrx_word' id='word_1_121' title='bbox 2868 705 2975 761; x_wconf 90' lang='lat' dir='ltr'><strong>hoc</strong></span> <span class='ocrx_word' id='word_1_122' title='bbox 3021 704 3331 776; x_wconf 86' lang='lat' dir='ltr'><strong>specialiter</strong></span> <span class='ocrx_word' id='word_1_123' title='bbox 3357 706 3588 763; x_wconf 89' lang='lat' dir='ltr'><strong>dicimus</strong></span> <span class='ocrx_word' id='word_1_124' title='bbox 3620 725 3635 762; x_wconf 90' lang='lat'><strong>:</strong></span> <span class='ocrx_word' id='word_1_125' title='bbox 3666 714 3727 763; x_wconf 91' lang='lat' dir='ltr'><strong>ut</strong></span> <span class='ocrx_word' id='word_1_126' title='bbox 3769 708 3819 763; x_wconf 86' lang='lat' dir='ltr'><strong>si</strong></span> 
     </span>
    </p>
   </div>
   <div class='ocr_carea' id='block_1_22' title="bbox 2224 796 3818 869">
    <p class='ocr_par' dir='ltr' id='par_1_22' title="bbox 2224 796 3818 869">
     <span class='ocr_line' id='line_1_22' title="bbox 2224 796 3818 869; baseline 0.001 -15"><span class='ocrx_word' id='word_1_127' title='bbox 2224 799 2376 869; x_wconf 88' lang='lat' dir='ltr'><strong>quis,</strong></span> <span class='ocrx_word' id='word_1_128' title='bbox 2410 807 2623 853; x_wconf 89' lang='lat' dir='ltr'><strong>servata</strong></span> <span class='ocrx_word' id='word_1_129' title='bbox 2664 796 3172 853; x_wconf 87' lang='lat' dir='ltr'><strong>inconvertibilitate</strong></span> <span class='ocrx_word' id='word_1_130' title='bbox 3209 805 3415 852; x_wconf 73' lang='lat' dir='ltr'><strong>natum</strong></span> <span class='ocrx_word' id='word_1_131' title='bbox 3453 797 3674 865; x_wconf 69' lang='lat' dir='ltr'><strong>divinae,</strong></span> <span class='ocrx_word' id='word_1_132' title='bbox 3706 815 3818 856; x_wconf 88' lang='lat' dir='ltr'><strong>non</strong></span> 
     </span>
    </p>
   </div>
   <div class='ocr_carea' id='block_1_23' title="bbox 2226 889 3819 961">
    <p class='ocr_par' dir='ltr' id='par_1_23' title="bbox 2226 889 3819 961">
     <span class='ocr_line' id='line_1_23' title="bbox 2226 889 3819 961; baseline -0.001 -14"><span class='ocrx_word' id='word_1_133' title='bbox 2226 891 2511 947; x_wconf 81' lang='lat' dir='ltr'><strong>conﬁtetur</strong></span> <span class='ocrx_word' id='word_1_134' title='bbox 2538 890 2774 946; x_wconf 84' lang='lat' dir='ltr'><strong>Verbum</strong></span> <span class='ocrx_word' id='word_1_135' title='bbox 2803 903 3019 945; x_wconf 86' lang='lat' dir='ltr'><strong>carnem</strong></span> <span class='ocrx_word' id='word_1_136' title='bbox 3050 889 3249 945; x_wconf 88' lang='lat' dir='ltr'><strong>factum</strong></span> <span class='ocrx_word' id='word_1_137' title='bbox 3272 930 3287 954; x_wconf 91' lang='lat'><strong>,</strong></span> <span class='ocrx_word' id='word_1_138' title='bbox 3328 896 3384 945; x_wconf 88' lang='lat' dir='ltr'><strong>et</strong></span> <span class='ocrx_word' id='word_1_139' title='bbox 3424 905 3491 945; x_wconf 82' lang='lat' dir='ltr'><strong>ex</strong></span> <span class='ocrx_word' id='word_1_140' title='bbox 3538 892 3652 961; x_wconf 85' lang='lat' dir='ltr'><strong>ipsa</strong></span> <span class='ocrx_word' id='word_1_141' title='bbox 3679 906 3819 947; x_wconf 89' lang='lat' dir='ltr'><strong>con-</strong></span> 
     </span>
    </p>
   </div>
   <div class='ocr_carea' id='block_1_24' title="bbox 2226 985 3821 1057">
    <p class='ocr_par' dir='ltr' id='par_1_24' title="bbox 2226 985 3821 1057">
     <span class='ocr_line' id='line_1_24' title="bbox 2226 985 3821 1057; baseline 0.001 -14"><span class='ocrx_word' id='word_1_142' title='bbox 2226 987 2477 1057; x_wconf 88' lang='lat' dir='ltr'><strong>ceptione</strong></span> <span class='ocrx_word' id='word_1_143' title='bbox 2524 987 2592 1041; x_wconf 92' lang='lat' dir='ltr'><strong>de</strong></span> <span class='ocrx_word' id='word_1_144' title='bbox 2634 993 2790 1042; x_wconf 87' lang='lat' dir='ltr'><strong>utero</strong></span> <span class='ocrx_word' id='word_1_145' title='bbox 2818 985 3052 1055; x_wconf 80' lang='lat' dir='ltr'><strong>Virginis</strong></span> <span class='ocrx_word' id='word_1_146' title='bbox 3078 985 3326 1040; x_wconf 84' lang='lat' dir='ltr'><strong>humanae</strong></span> <span class='ocrx_word' id='word_1_147' title='bbox 3367 994 3573 1041; x_wconf 68' lang='lat' dir='ltr'><strong>natura:</strong></span> <span class='ocrx_word' id='word_1_148' title='bbox 3602 988 3703 1043; x_wconf 88' lang='lat' dir='ltr'><strong>sibi</strong></span> <span class='ocrx_word' id='word_1_149' title='bbox 3731 1003 3821 1045; x_wconf 87' lang='lat' dir='ltr'><strong>se-</strong></span> 
     </span>
    </p>
   </div>
   <div class='ocr_carea' id='block_1_25' title="bbox 2227 1076 3817 1149">
    <p class='ocr_par' dir='ltr' id='par_1_25' title="bbox 2227 1076 3817 1149">
     <span class='ocr_line' id='line_1_25' title="bbox 2227 1076 3817 1149; baseline 0.001 -16"><span class='ocrx_word' id='word_1_150' title='bbox 2227 1078 2460 1133; x_wconf 91' lang='lat' dir='ltr'><strong>cundum</strong></span> <span class='ocrx_word' id='word_1_151' title='bbox 2482 1076 2883 1132; x_wconf 90' lang='lat' dir='ltr'><strong>subsistentiam</strong></span> <span class='ocrx_word' id='word_1_152' title='bbox 2911 1076 3091 1130; x_wconf 89' lang='lat' dir='ltr'><strong>unisse</strong></span> <span class='ocrx_word' id='word_1_153' title='bbox 3117 1076 3403 1147; x_wconf 90' lang='lat' dir='ltr'><strong>principia,</strong></span> <span class='ocrx_word' id='word_1_154' title='bbox 3440 1076 3538 1132; x_wconf 83' lang='lat' dir='ltr'><strong>sed</strong></span> <span class='ocrx_word' id='word_1_155' title='bbox 3562 1086 3817 1149; x_wconf 87' lang='lat' dir='ltr'><strong>tanquam</strong></span> 
     </span>
    </p>
   </div>
   <div class='ocr_carea' id='block_1_26' title="bbox 2227 1166 3823 1236">
    <p class='ocr_par' dir='ltr' id='par_1_26' title="bbox 2227 1166 3823 1236">
     <span class='ocr_line' id='line_1_26' title="bbox 2227 1166 3823 1236; baseline -0.001 -10"><span class='ocrx_word' id='word_1_156' title='bbox 2227 1185 2349 1226; x_wconf 91' lang='lat' dir='ltr'><strong>cum</strong></span> <span class='ocrx_word' id='word_1_157' title='bbox 2379 1169 2630 1225; x_wconf 87' lang='lat' dir='ltr'><strong>existenti</strong></span> <span class='ocrx_word' id='word_1_158' title='bbox 2657 1168 2769 1236; x_wconf 92' lang='lat' dir='ltr'><strong>jam</strong></span> <span class='ocrx_word' id='word_1_159' title='bbox 2811 1168 3030 1222; x_wconf 91' lang='lat' dir='ltr'><strong>homine</strong></span> <span class='ocrx_word' id='word_1_160' title='bbox 3075 1166 3235 1222; x_wconf 83' lang='lat' dir='ltr'><strong>fuerit</strong></span> <span class='ocrx_word' id='word_1_161' title='bbox 3261 1168 3404 1224; x_wconf 91' lang='lat' dir='ltr'><strong>Deus</strong></span> <span class='ocrx_word' id='word_1_162' title='bbox 3433 1169 3708 1236; x_wconf 82' lang='lat' dir='ltr'><strong>Verbum;</strong></span> <span class='ocrx_word' id='word_1_163' title='bbox 3761 1181 3823 1225; x_wconf 90' lang='lat' dir='ltr'><strong>ut</strong></span> 
     </span>
    </p>
   </div>
   <div class='ocr_carea' id='block_1_27' title="bbox 2226 1259 3825 1332">
    <p class='ocr_par' dir='ltr' id='par_1_27' title="bbox 2226 1259 3825 1332">
     <span class='ocr_line' id='line_1_27' title="bbox 2226 1259 3825 1332; baseline 0.002 -15"><span class='ocrx_word' id='word_1_164' title='bbox 2226 1276 2326 1332; x_wconf 92' lang='lat' dir='ltr'><strong>per</strong></span> <span class='ocrx_word' id='word_1_165' title='bbox 2372 1261 2477 1316; x_wconf 91' lang='lat' dir='ltr'><strong>hoc</strong></span> <span class='ocrx_word' id='word_1_166' title='bbox 2523 1276 2630 1315; x_wconf 90' lang='lat' dir='ltr'><strong>non</strong></span> <span class='ocrx_word' id='word_1_167' title='bbox 2674 1268 2862 1315; x_wconf 85' lang='lat' dir='ltr'><strong>sancta</strong></span> <span class='ocrx_word' id='word_1_168' title='bbox 2892 1259 3055 1327; x_wconf 90' lang='lat' dir='ltr'><strong>Virgo</strong></span> <span class='ocrx_word' id='word_1_169' title='bbox 3105 1274 3232 1315; x_wconf 85' lang='lat' dir='ltr'><strong>vere</strong></span> <span class='ocrx_word' id='word_1_170' title='bbox 3278 1260 3374 1315; x_wconf 90' lang='lat' dir='ltr'><strong>Dei</strong></span> <span class='ocrx_word' id='word_1_171' title='bbox 3416 1261 3649 1330; x_wconf 81' lang='lat' dir='ltr'><strong>genitrix</strong></span> <span class='ocrx_word' id='word_1_172' title='bbox 3702 1278 3825 1319; x_wconf 87' lang='lat' dir='ltr'><strong>esse</strong></span> 
     </span>
    </p>
   </div>
   <div class='ocr_carea' id='block_1_28' title="bbox 2227 1350 3863 1422">
    <p class='ocr_par' dir='ltr' id='par_1_28' title="bbox 2227 1350 3863 1422">
     <span class='ocr_line' id='line_1_28' title="bbox 2227 1350 3863 1422; baseline 0.001 -14"><span class='ocrx_word' id='word_1_173' title='bbox 2227 1352 2508 1419; x_wconf 86' lang='lat' dir='ltr'><strong>credatur;</strong></span> <span class='ocrx_word' id='word_1_174' title='bbox 2548 1352 2643 1407; x_wconf 87' lang='lat' dir='ltr'><strong>sed</strong></span> <span class='ocrx_word' id='word_1_175' title='bbox 2671 1352 2837 1407; x_wconf 90' lang='lat' dir='ltr'><strong>verbo</strong></span> <span class='ocrx_word' id='word_1_176' title='bbox 2868 1358 3026 1406; x_wconf 90' lang='lat' dir='ltr'><strong>tenus</strong></span> <span class='ocrx_word' id='word_1_177' title='bbox 3054 1351 3385 1422; x_wconf 88' lang='lat' dir='ltr'><strong>appelletur,</strong></span> <span class='ocrx_word' id='word_1_178' title='bbox 3417 1354 3703 1410; x_wconf 85' lang='lat' dir='ltr'><strong>anathema</strong></span> <span class='ocrx_word' id='word_1_179' title='bbox 3729 1356 3819 1411; x_wconf 90' lang='lat' dir='ltr'><strong>sit.</strong></span> <span class='ocrx_word' id='word_1_180' title='bbox 3858 1350 3863 1366; x_wconf 45' lang='grc' dir='ltr'><strong><em>τ</em></strong></span> 
     </span>
    </p>
   </div>
   <div class='ocr_carea' id='block_1_29' title="bbox 2296 1442 3826 1514">
    <p class='ocr_par' dir='ltr' id='par_1_29' title="bbox 2296 1442 3826 1514">
     <span class='ocr_line' id='line_1_29' title="bbox 2296 1442 3826 1514; baseline 0.001 -15"><span class='ocrx_word' id='word_1_181' title='bbox 2296 1444 2362 1499; x_wconf 89' lang='lat' dir='ltr'><strong>ll.</strong></span> <span class='ocrx_word' id='word_1_182' title='bbox 2394 1442 2451 1499; x_wconf 90' lang='lat' dir='ltr'><strong>Si</strong></span> <span class='ocrx_word' id='word_1_183' title='bbox 2479 1443 2600 1514; x_wconf 83' lang='lat' dir='ltr'><strong>quis</strong></span> <span class='ocrx_word' id='word_1_184' title='bbox 2628 1442 2925 1499; x_wconf 91' lang='lat' dir='ltr'><strong>secundum</strong></span> <span class='ocrx_word' id='word_1_185' title='bbox 2947 1442 3351 1499; x_wconf 87' lang='lat' dir='ltr'><strong>subsistentiam</strong></span> <span class='ocrx_word' id='word_1_186' title='bbox 3372 1445 3637 1500; x_wconf 89' lang='lat' dir='ltr'><strong>unitatem</strong></span> <span class='ocrx_word' id='word_1_187' title='bbox 3663 1456 3826 1502; x_wconf 89' lang='lat' dir='ltr'><strong>natu-</strong></span> 
     </span>
    </p>
   </div>
   <div class='ocr_carea' id='block_1_30' title="bbox 2226 1534 3827 1606">
    <p class='ocr_par' dir='ltr' id='par_1_30' title="bbox 2226 1534 3827 1606">
     <span class='ocr_line' id='line_1_30' title="bbox 2226 1534 3827 1606; baseline 0.002 -15"><span class='ocrx_word' id='word_1_188' title='bbox 2226 1550 2410 1591; x_wconf 84' lang='lat' dir='ltr'><strong>rarum</strong></span> <span class='ocrx_word' id='word_1_189' title='bbox 2449 1536 2503 1590; x_wconf 93' lang='lat' dir='ltr'><strong>in</strong></span> <span class='ocrx_word' id='word_1_190' title='bbox 2530 1534 2745 1591; x_wconf 89' lang='lat' dir='ltr'><strong>Christo</strong></span> <span class='ocrx_word' id='word_1_191' title='bbox 2774 1534 2974 1591; x_wconf 82' lang='lat' dir='ltr'><strong>factam</strong></span> <span class='ocrx_word' id='word_1_192' title='bbox 2997 1534 3262 1606; x_wconf 80' lang='lat' dir='ltr'><strong>denegat,</strong></span> <span class='ocrx_word' id='word_1_193' title='bbox 3293 1536 3389 1592; x_wconf 87' lang='lat' dir='ltr'><strong>sed</strong></span> <span class='ocrx_word' id='word_1_194' title='bbox 3429 1552 3675 1593; x_wconf 87' lang='lat' dir='ltr'><strong>seorsum</strong></span> <span class='ocrx_word' id='word_1_195' title='bbox 3708 1539 3827 1594; x_wconf 80' lang='lat' dir='ltr'><strong>cxi-</strong></span> 
     </span>
    </p>
   </div>
   <div class='ocr_carea' id='block_1_31' title="bbox 2226 1628 3825 1701">
    <p class='ocr_par' dir='ltr' id='par_1_31' title="bbox 2226 1628 3825 1701">
     <span class='ocr_line' id='line_1_31' title="bbox 2226 1628 3825 1701; baseline 0.001 -16"><span class='ocrx_word' id='word_1_196' title='bbox 2226 1628 2389 1685; x_wconf 90' lang='lat' dir='ltr'><strong>stenti</strong></span> <span class='ocrx_word' id='word_1_197' title='bbox 2417 1629 2622 1684; x_wconf 90' lang='lat' dir='ltr'><strong>homini</strong></span> <span class='ocrx_word' id='word_1_198' title='bbox 2649 1636 2904 1701; x_wconf 89' lang='lat' dir='ltr'><strong>tanquam</strong></span> <span class='ocrx_word' id='word_1_199' title='bbox 2930 1628 3021 1683; x_wconf 92' lang='lat' dir='ltr'><strong>uni</strong></span> <span class='ocrx_word' id='word_1_200' title='bbox 3042 1628 3312 1701; x_wconf 86' lang='lat' dir='ltr'><strong>iustorum</strong></span> <span class='ocrx_word' id='word_1_201' title='bbox 3334 1629 3637 1688; x_wconf 87' lang='lat' dir='ltr'><strong>inhabitare</strong></span> <span class='ocrx_word' id='word_1_202' title='bbox 3654 1632 3825 1688; x_wconf 87' lang='lat' dir='ltr'><strong>Deum</strong></span> 
     </span>
    </p>
   </div>
   <div class='ocr_carea' id='block_1_32' title="bbox 2228 1719 3823 1786">
    <p class='ocr_par' dir='ltr' id='par_1_32' title="bbox 2228 1719 3823 1786">
     <span class='ocr_line' id='line_1_32' title="bbox 2228 1719 3823 1786; baseline 0.003 -11"><span class='ocrx_word' id='word_1_203' title='bbox 2228 1719 2483 1786; x_wconf 87' lang='lat' dir='ltr'><strong>Verbum,</strong></span> <span class='ocrx_word' id='word_1_204' title='bbox 2518 1727 2573 1774; x_wconf 92' lang='lat' dir='ltr'><strong>et</strong></span> <span class='ocrx_word' id='word_1_205' title='bbox 2602 1734 2709 1774; x_wconf 91' lang='lat' dir='ltr'><strong>non</strong></span> <span class='ocrx_word' id='word_1_206' title='bbox 2739 1720 2809 1774; x_wconf 92' lang='lat' dir='ltr'><strong>ita</strong></span> <span class='ocrx_word' id='word_1_207' title='bbox 2834 1720 3156 1776; x_wconf 86' lang='lat' dir='ltr'><strong>contiteatur</strong></span> <span class='ocrx_word' id='word_1_208' title='bbox 3185 1728 3497 1777; x_wconf 87' lang='lat' dir='ltr'><strong>naturarum</strong></span> <span class='ocrx_word' id='word_1_209' title='bbox 3525 1724 3823 1779; x_wconf 88' lang='lat' dir='ltr'><strong>secundum</strong></span> 
     </span>
    </p>
   </div>
   <div class='ocr_carea' id='block_1_33' title="bbox 524 1812 3827 1887">
    <p class='ocr_par' dir='ltr' id='par_1_33' title="bbox 524 1812 3827 1887">
     <span class='ocr_line' id='line_1_33' title="bbox 524 1812 3827 1887; baseline 0 -17"><span class='ocrx_word' id='word_1_210' title='bbox 524 1813 949 1870; x_wconf 87' lang='lat' dir='ltr'><strong>Chalcedonensi</strong></span> <span class='ocrx_word' id='word_1_211' title='bbox 972 1815 1326 1885; x_wconf 74' lang='lat' dir='ltr'><strong>neglexerint,</strong></span> <span class='ocrx_word' id='word_1_212' title='bbox 1353 1816 1448 1871; x_wconf 89' lang='lat' dir='ltr'><strong>sed</strong></span> <span class='ocrx_word' id='word_1_213' title='bbox 1477 1823 1570 1870; x_wconf 91' lang='lat' dir='ltr'><strong>aut</strong></span> <span class='ocrx_word' id='word_1_214' title='bbox 1598 1815 1678 1885; x_wconf 91' lang='lat' dir='ltr'><strong>(ut</strong></span> <span class='ocrx_word' id='word_1_215' title='bbox 1703 1824 1834 1887; x_wconf 91' lang='lat' dir='ltr'><strong>pote</strong></span> <span class='ocrx_word' id='word_1_216' title='bbox 1861 1816 2024 1871; x_wconf 88' lang='lat' dir='ltr'><strong>rebus</strong></span> <span class='ocrx_word' id='word_1_217' title='bbox 2051 1814 2122 1871; x_wconf 87' lang='lat' dir='ltr'><strong>de</strong></span> <span class='ocrx_word' id='word_1_218' title='bbox 2153 1817 2201 1878; x_wconf 91' lang='lat' dir='ltr'><strong>B</strong></span> <span class='ocrx_word' id='word_1_219' title='bbox 2226 1812 2627 1869; x_wconf 86' lang='lat' dir='ltr'><strong>subsistentiam</strong></span> <span class='ocrx_word' id='word_1_220' title='bbox 2675 1812 2964 1879; x_wconf 88' lang='lat' dir='ltr'><strong>unitatem,</strong></span> <span class='ocrx_word' id='word_1_221' title='bbox 3012 1821 3071 1867; x_wconf 91' lang='lat' dir='ltr'><strong>ut</strong></span> <span class='ocrx_word' id='word_1_222' title='bbox 3119 1813 3264 1871; x_wconf 89' lang='lat' dir='ltr'><strong>Deus</strong></span> <span class='ocrx_word' id='word_1_223' title='bbox 3307 1812 3541 1869; x_wconf 89' lang='lat' dir='ltr'><strong>Verbum</strong></span> <span class='ocrx_word' id='word_1_224' title='bbox 3572 1830 3695 1870; x_wconf 89' lang='lat' dir='ltr'><strong>cum</strong></span> <span class='ocrx_word' id='word_1_225' title='bbox 3734 1830 3827 1871; x_wconf 86' lang='lat' dir='ltr'><strong>as-</strong></span> 
     </span>
    </p>
   </div>
   <div class='ocr_carea' id='block_1_34' title="bbox 520 1908 2123 1981">
    <p class='ocr_par' dir='ltr' id='par_1_34' title="bbox 520 1908 2123 1981">
     <span class='ocr_line' id='line_1_34' title="bbox 520 1908 2123 1981; baseline 0.002 -20"><span class='ocrx_word' id='word_1_226' title='bbox 520 1908 770 1978; x_wconf 79' lang='lat' dir='ltr'><strong>proximo</strong></span> <span class='ocrx_word' id='word_1_227' title='bbox 796 1909 959 1976; x_wconf 82' lang='lat' dir='ltr'><strong>gestis</strong></span> <span class='ocrx_word' id='word_1_228' title='bbox 999 1915 1189 1963; x_wconf 89' lang='lat' dir='ltr'><strong>cuncta</strong></span> <span class='ocrx_word' id='word_1_229' title='bbox 1219 1924 1328 1978; x_wconf 72' lang='lat' dir='ltr'><strong>prae</strong></span> <span class='ocrx_word' id='word_1_230' title='bbox 1358 1910 1527 1964; x_wconf 90' lang='lat' dir='ltr'><strong>oculis</strong></span> <span class='ocrx_word' id='word_1_231' title='bbox 1550 1909 1833 1981; x_wconf 86' lang='lat' dir='ltr'><strong>habentes)</strong></span> <span class='ocrx_word' id='word_1_232' title='bbox 1865 1908 2123 1965; x_wconf 84' lang='lat' dir='ltr'><strong>Theodo-</strong></span> 
     </span>
    </p>
   </div>
   <div class='ocr_carea' id='block_1_35' title="bbox 519 2000 2121 2073">
    <p class='ocr_par' dir='ltr' id='par_1_35' title="bbox 519 2000 2121 2073">
     <span class='ocr_line' id='line_1_35' title="bbox 519 2000 2121 2073; baseline 0.002 -18"><span class='ocrx_word' id='word_1_233' title='bbox 519 2009 697 2055; x_wconf 90' lang='lat' dir='ltr'><strong>rctum</strong></span> <span class='ocrx_word' id='word_1_234' title='bbox 737 2000 868 2055; x_wconf 89' lang='lat' dir='ltr'><strong>nihil</strong></span> <span class='ocrx_word' id='word_1_235' title='bbox 895 2001 1001 2056; x_wconf 87' lang='lat' dir='ltr'><strong>tale</strong></span> <span class='ocrx_word' id='word_1_236' title='bbox 1030 2001 1223 2057; x_wconf 78' lang='lat' dir='ltr'><strong>fecisse</strong></span> <span class='ocrx_word' id='word_1_237' title='bbox 1251 2002 1637 2071; x_wconf 86' lang='lat' dir='ltr'><strong>probaverunt,</strong></span> <span class='ocrx_word' id='word_1_238' title='bbox 1696 2010 1787 2057; x_wconf 91' lang='lat' dir='ltr'><strong>aut</strong></span> <span class='ocrx_word' id='word_1_239' title='bbox 1816 2002 2121 2073; x_wconf 84' lang='lat' dir='ltr'><strong>exemplum</strong></span> 
     </span>
    </p>
   </div>
   <div class='ocr_carea' id='block_1_36' title="bbox 520 2092 2123 2165">
    <p class='ocr_par' dir='ltr' id='par_1_36' title="bbox 520 2092 2123 2165">
     <span class='ocr_line' id='line_1_36' title="bbox 520 2092 2123 2165; baseline 0.002 -18"><span class='ocrx_word' id='word_1_240' title='bbox 520 2092 691 2163; x_wconf 87' lang='lat' dir='ltr'><strong>ipsius</strong></span> <span class='ocrx_word' id='word_1_241' title='bbox 716 2101 919 2150; x_wconf 72' lang='lat' dir='ltr'><strong>sanctm</strong></span> <span class='ocrx_word' id='word_1_242' title='bbox 964 2094 1241 2149; x_wconf 70' lang='lat' dir='ltr'><strong>memoria:</strong></span> <span class='ocrx_word' id='word_1_243' title='bbox 1270 2092 1455 2165; x_wconf 89' lang='lat' dir='ltr'><strong>Cyrilli</strong></span> <span class='ocrx_word' id='word_1_244' title='bbox 1480 2093 1861 2164; x_wconf 82' lang='lat' dir='ltr'><strong>iudicaverunt</strong></span> <span class='ocrx_word' id='word_1_245' title='bbox 1889 2110 2008 2151; x_wconf 86' lang='lat' dir='ltr'><strong>esse</strong></span> <span class='ocrx_word' id='word_1_246' title='bbox 2034 2110 2123 2151; x_wconf 91' lang='lat' dir='ltr'><strong>se-</strong></span> 
     </span>
    </p>
   </div>
   <div class='ocr_carea' id='block_1_37' title="bbox 523 2183 2127 2255">
    <p class='ocr_par' dir='ltr' id='par_1_37' title="bbox 523 2183 2127 2255">
     <span class='ocr_line' id='line_1_37' title="bbox 523 2183 2127 2255; baseline 0.002 -18"><span class='ocrx_word' id='word_1_247' title='bbox 523 2183 823 2253; x_wconf 89' lang='lat' dir='ltr'><strong>quendum,</strong></span> <span class='ocrx_word' id='word_1_248' title='bbox 874 2184 967 2253; x_wconf 89' lang='lat' dir='ltr'><strong>qui</strong></span> <span class='ocrx_word' id='word_1_249' title='bbox 1014 2192 1139 2254; x_wconf 92' lang='lat' dir='ltr'><strong>post</strong></span> <span class='ocrx_word' id='word_1_250' title='bbox 1177 2183 1343 2239; x_wconf 87' lang='lat' dir='ltr'><strong>multa</strong></span> <span class='ocrx_word' id='word_1_251' title='bbox 1390 2194 1445 2240; x_wconf 91' lang='lat' dir='ltr'><strong>et</strong></span> <span class='ocrx_word' id='word_1_252' title='bbox 1492 2186 1671 2255; x_wconf 86' lang='lat' dir='ltr'><strong>gravia</strong></span> <span class='ocrx_word' id='word_1_253' title='bbox 1719 2192 1908 2241; x_wconf 88' lang='lat' dir='ltr'><strong>contra</strong></span> <span class='ocrx_word' id='word_1_254' title='bbox 1953 2199 2013 2242; x_wconf 91' lang='lat' dir='ltr'><strong>se</strong></span> <span class='ocrx_word' id='word_1_255' title='bbox 2060 2185 2127 2241; x_wconf 89' lang='lat' dir='ltr'><strong>ab</strong></span> 
     </span>
    </p>
   </div>
   <div class='ocr_carea' id='block_1_38' title="bbox 519 2270 2128 2347">
    <p class='ocr_par' dir='ltr' id='par_1_38' title="bbox 519 2270 2128 2347">
     <span class='ocr_line' id='line_1_38' title="bbox 519 2270 2128 2347; baseline 0.002 -18"><span class='ocrx_word' id='word_1_256' title='bbox 519 2270 886 2330; x_wconf 85' lang='lat' dir='ltr'><strong>Orientalibus</strong></span> <span class='ocrx_word' id='word_1_257' title='bbox 926 2274 1069 2345; x_wconf 91' lang='lat' dir='ltr'><strong>apud</strong></span> <span class='ocrx_word' id='word_1_258' title='bbox 1110 2273 1379 2345; x_wconf 88' lang='lat' dir='ltr'><strong>Ephesum</strong></span> <span class='ocrx_word' id='word_1_259' title='bbox 1422 2277 1624 2346; x_wconf 90' lang='lat' dir='ltr'><strong>scripto</strong></span> <span class='ocrx_word' id='word_1_260' title='bbox 1669 2284 1850 2347; x_wconf 88' lang='lat' dir='ltr'><strong>gesta,</strong></span> <span class='ocrx_word' id='word_1_261' title='bbox 1881 2284 2128 2346; x_wconf 89' lang='lat' dir='ltr'><strong>tempore</strong></span> 
     </span>
    </p>
   </div>
   <div class='ocr_carea' id='block_1_39' title="bbox 520 2368 2127 2439">
    <p class='ocr_par' dir='ltr' id='par_1_39' title="bbox 520 2368 2127 2439">
     <span class='ocr_line' id='line_1_39' title="bbox 520 2368 2127 2439; baseline 0.001 -18"><span class='ocrx_word' id='word_1_262' title='bbox 520 2380 629 2436; x_wconf 91' lang='lat' dir='ltr'><strong>quo</strong></span> <span class='ocrx_word' id='word_1_263' title='bbox 680 2381 803 2421; x_wconf 91' lang='lat' dir='ltr'><strong>cum</strong></span> <span class='ocrx_word' id='word_1_264' title='bbox 846 2368 1057 2437; x_wconf 88' lang='lat' dir='ltr'><strong>ipsisin</strong></span> <span class='ocrx_word' id='word_1_265' title='bbox 1086 2368 1432 2423; x_wconf 89' lang='lat' dir='ltr'><strong>concordiam</strong></span> <span class='ocrx_word' id='word_1_266' title='bbox 1461 2370 1752 2439; x_wconf 84' lang='lat' dir='ltr'><strong>remeavit,</strong></span> <span class='ocrx_word' id='word_1_267' title='bbox 1786 2376 2041 2439; x_wconf 73' lang='lat' dir='ltr'><strong>tauquam</strong></span> <span class='ocrx_word' id='word_1_268' title='bbox 2081 2368 2127 2424; x_wconf 89' lang='lat' dir='ltr'><strong>si</strong></span> 
     </span>
    </p>
   </div>
   <div class='ocr_carea' id='block_1_40' title="bbox 522 2457 2124 2531">
    <p class='ocr_par' dir='ltr' id='par_1_40' title="bbox 522 2457 2124 2531">
     <span class='ocr_line' id='line_1_40' title="bbox 522 2457 2124 2531; baseline 0.001 -16"><span class='ocrx_word' id='word_1_269' title='bbox 522 2468 645 2515; x_wconf 90' lang='lat' dir='ltr'><strong>acta</strong></span> <span class='ocrx_word' id='word_1_270' title='bbox 675 2475 782 2515; x_wconf 93' lang='lat' dir='ltr'><strong>non</strong></span> <span class='ocrx_word' id='word_1_271' title='bbox 826 2457 1090 2526; x_wconf 88' lang='lat' dir='ltr'><strong>fuissent,</strong></span> <span class='ocrx_word' id='word_1_272' title='bbox 1142 2461 1293 2531; x_wconf 88' lang='lat' dir='ltr'><strong>pacis</strong></span> <span class='ocrx_word' id='word_1_273' title='bbox 1320 2476 1525 2527; x_wconf 89' lang='lat' dir='ltr'><strong>amore,</strong></span> <span class='ocrx_word' id='word_1_274' title='bbox 1556 2461 1770 2517; x_wconf 86' lang='lat' dir='ltr'><strong>silentio</strong></span> <span class='ocrx_word' id='word_1_275' title='bbox 1801 2461 2124 2531; x_wconf 89' lang='lat' dir='ltr'><strong>dereliquit;</strong></span> 
     </span>
    </p>
   </div>
   <div class='ocr_carea' id='block_1_41' title="bbox 523 2552 2124 2627">
    <p class='ocr_par' dir='ltr' id='par_1_41' title="bbox 523 2552 2124 2627">
     <span class='ocr_line' id='line_1_41' title="bbox 523 2552 2124 2627; baseline 0.004 -21"><span class='ocrx_word' id='word_1_276' title='bbox 523 2560 583 2607; x_wconf 89' lang='lat' dir='ltr'><strong>ut</strong></span> <span class='ocrx_word' id='word_1_277' title='bbox 628 2552 877 2621; x_wconf 87' lang='lat' dir='ltr'><strong>impleret</strong></span> <span class='ocrx_word' id='word_1_278' title='bbox 919 2554 1107 2623; x_wconf 86' lang='lat' dir='ltr'><strong>utique</strong></span> <span class='ocrx_word' id='word_1_279' title='bbox 1160 2553 1288 2608; x_wconf 91' lang='lat' dir='ltr'><strong>illud</strong></span> <span class='ocrx_word' id='word_1_280' title='bbox 1325 2556 1685 2624; x_wconf 90' lang='lat' dir='ltr'><strong>apostolicum</strong></span> <span class='ocrx_word' id='word_1_281' title='bbox 1736 2555 1970 2621; x_wconf 88' lang='lat' dir='ltr'><strong>dictum,</strong></span> <span class='ocrx_word' id='word_1_282' title='bbox 2015 2570 2124 2627; x_wconf 93' lang='lat' dir='ltr'><strong>quo</strong></span> 
     </span>
    </p>
   </div>
   <div class='ocr_carea' id='block_1_42' title="bbox 522 2642 2125 2720">
    <p class='ocr_par' dir='ltr' id='par_1_42' title="bbox 522 2642 2125 2720">
     <span class='ocr_line' id='line_1_42' title="bbox 522 2642 2125 2720; baseline 0.004 -23"><span class='ocrx_word' id='word_1_283' title='bbox 522 2642 811 2699; x_wconf 87' lang='lat' dir='ltr'><strong>Corinthiis</strong></span> <span class='ocrx_word' id='word_1_284' title='bbox 839 2644 1045 2711; x_wconf 84' lang='lat' dir='ltr'><strong>scribit,</strong></span> <span class='ocrx_word' id='word_1_285' title='bbox 1072 2644 1255 2701; x_wconf 89' lang='lat' dir='ltr'><strong>dicens</strong></span> <span class='ocrx_word' id='word_1_286' title='bbox 1283 2663 1296 2698; x_wconf 86' lang='lat'><strong>:</strong></span> <span class='ocrx_word' id='word_1_287' title='bbox 1328 2644 1423 2699; x_wconf 87' lang='lat' dir='ltr'><strong>Cui</strong></span> <span class='ocrx_word' id='word_1_288' title='bbox 1452 2644 1589 2700; x_wconf 83' lang='lat' dir='ltr'><strong>enim</strong></span> <span class='ocrx_word' id='word_1_289' title='bbox 1630 2647 1826 2719; x_wconf 83' lang='lat' dir='ltr'><strong>aliquid</strong></span> <span class='ocrx_word' id='word_1_290' title='bbox 1868 2647 2125 2720; x_wconf 80' lang='lat' dir='ltr'><strong>donastis,</strong></span> 
     </span>
    </p>
   </div>
   <div class='ocr_carea' id='block_1_43' title="bbox 521 2732 2127 2809">
    <p class='ocr_par' dir='ltr' id='par_1_43' title="bbox 521 2732 2127 2809">
     <span class='ocr_line' id='line_1_43' title="bbox 521 2732 2127 2809; baseline 0.004 -21"><span class='ocrx_word' id='word_1_291' title='bbox 521 2741 569 2788; x_wconf 89' lang='lat' dir='ltr'><strong>et</strong></span> <span class='ocrx_word' id='word_1_292' title='bbox 591 2750 682 2805; x_wconf 87' lang='lat' dir='ltr'><strong>ego</strong></span> <span class='ocrx_word' id='word_1_293' title='bbox 707 2733 793 2807; x_wconf 91' lang='grc'><strong>(11</strong></span> <span class='ocrx_word' id='word_1_294' title='bbox 825 2732 946 2789; x_wconf 90' lang='lat' dir='ltr'><strong>Cor.</strong></span> <span class='ocrx_word' id='word_1_295' title='bbox 977 2734 1060 2805; x_wconf 80' lang='grc' dir='ltr'><strong>ιι).</strong></span> <span class='ocrx_word' id='word_1_296' title='bbox 1092 2734 1225 2789; x_wconf 86' lang='lat' dir='ltr'><strong>Nam</strong></span> <span class='ocrx_word' id='word_1_297' title='bbox 1248 2743 1302 2791; x_wconf 91' lang='lat' dir='ltr'><strong>et</strong></span> <span class='ocrx_word' id='word_1_298' title='bbox 1326 2736 1454 2791; x_wconf 90' lang='lat' dir='ltr'><strong>illud</strong></span> <span class='ocrx_word' id='word_1_299' title='bbox 1484 2746 1668 2794; x_wconf 86' lang='lat' dir='ltr'><strong>sancta</strong></span> <span class='ocrx_word' id='word_1_300' title='bbox 1699 2739 1935 2809; x_wconf 80' lang='lat' dir='ltr'><strong>synodus</strong></span> <span class='ocrx_word' id='word_1_301' title='bbox 1963 2738 2127 2794; x_wconf 78' lang='lat' dir='ltr'><strong>Chal-</strong></span> 
     </span>
    </p>
   </div>
   <div class='ocr_carea' id='block_1_44' title="bbox 521 2824 2128 2898">
    <p class='ocr_par' dir='ltr' id='par_1_44' title="bbox 521 2824 2128 2898">
     <span class='ocr_line' id='line_1_44' title="bbox 521 2824 2128 2898; baseline 0.004 -19"><span class='ocrx_word' id='word_1_302' title='bbox 521 2824 841 2881; x_wconf 89' lang='lat' dir='ltr'><strong>cedouensis</strong></span> <span class='ocrx_word' id='word_1_303' title='bbox 870 2825 1166 2882; x_wconf 89' lang='lat' dir='ltr'><strong>intendisse</strong></span> <span class='ocrx_word' id='word_1_304' title='bbox 1197 2827 1464 2882; x_wconf 85' lang='lat' dir='ltr'><strong>credenda</strong></span> <span class='ocrx_word' id='word_1_305' title='bbox 1495 2837 1597 2895; x_wconf 90' lang='lat' dir='ltr'><strong>est,</strong></span> <span class='ocrx_word' id='word_1_306' title='bbox 1628 2829 1752 2898; x_wconf 89' lang='lat' dir='ltr'><strong>quia</strong></span> <span class='ocrx_word' id='word_1_307' title='bbox 1775 2829 1900 2885; x_wconf 92' lang='lat' dir='ltr'><strong>dum</strong></span> <span class='ocrx_word' id='word_1_308' title='bbox 1924 2830 2128 2886; x_wconf 90' lang='lat' dir='ltr'><strong>doctri-</strong></span> 
     </span>
    </p>
   </div>
   <div class='ocr_carea' id='block_1_45' title="bbox 524 2916 2127 2995">
    <p class='ocr_par' dir='ltr' id='par_1_45' title="bbox 524 2916 2127 2995">
     <span class='ocr_line' id='line_1_45' title="bbox 524 2916 2127 2995; baseline 0.004 -24"><span class='ocrx_word' id='word_1_309' title='bbox 524 2932 649 2972; x_wconf 89' lang='lat' dir='ltr'><strong>nam</strong></span> <span class='ocrx_word' id='word_1_310' title='bbox 680 2919 854 2975; x_wconf 87' lang='lat' dir='ltr'><strong>sancti</strong></span> <span class='ocrx_word' id='word_1_311' title='bbox 874 2916 1059 2990; x_wconf 85' lang='lat' dir='ltr'><strong>Cyrilli</strong></span> <span class='ocrx_word' id='word_1_312' title='bbox 1087 2934 1156 2973; x_wconf 81' lang='lat' dir='ltr'><strong>ex</strong></span> <span class='ocrx_word' id='word_1_313' title='bbox 1184 2920 1427 2989; x_wconf 89' lang='lat' dir='ltr'><strong>epistolis</strong></span> <span class='ocrx_word' id='word_1_314' title='bbox 1454 2921 1571 2989; x_wconf 90' lang='lat' dir='ltr'><strong>ejus</strong></span> <span class='ocrx_word' id='word_1_315' title='bbox 1601 2922 1655 2975; x_wconf 90' lang='lat' dir='ltr'><strong>in</strong></span> <span class='ocrx_word' id='word_1_316' title='bbox 1684 2922 1875 2977; x_wconf 88' lang='lat' dir='ltr'><strong>eadem</strong></span> <span class='ocrx_word' id='word_1_317' title='bbox 1918 2923 2127 2995; x_wconf 81' lang='lat' dir='ltr'><strong>synodo</strong></span> 
     </span>
    </p>
   </div>
   <div class='ocr_carea' id='block_1_46' title="bbox 520 3011 2125 3084">
    <p class='ocr_par' dir='ltr' id='par_1_46' title="bbox 520 3011 2125 3084">
     <span class='ocr_line' id='line_1_46' title="bbox 520 3011 2125 3084; baseline 0.003 -18"><span class='ocrx_word' id='word_1_318' title='bbox 520 3012 779 3068; x_wconf 88' lang='lat' dir='ltr'><strong>reseratis</strong></span> <span class='ocrx_word' id='word_1_319' title='bbox 802 3018 972 3081; x_wconf 89' lang='lat' dir='ltr'><strong>atque</strong></span> <span class='ocrx_word' id='word_1_320' title='bbox 1000 3011 1235 3083; x_wconf 87' lang='lat' dir='ltr'><strong>receptis</strong></span> <span class='ocrx_word' id='word_1_321' title='bbox 1275 3020 1609 3069; x_wconf 85' lang='lat' dir='ltr'><strong>memoratus</strong></span> <span class='ocrx_word' id='word_1_322' title='bbox 1631 3014 1915 3084; x_wconf 88' lang='lat' dir='ltr'><strong>episc0pus</strong></span> <span class='ocrx_word' id='word_1_323' title='bbox 1945 3014 2125 3071; x_wconf 80' lang='lat' dir='ltr'><strong>Theo-</strong></span> 
     </span>
    </p>
   </div>
   <div class='ocr_carea' id='block_1_47' title="bbox 522 3104 2128 3179">
    <p class='ocr_par' dir='ltr' id='par_1_47' title="bbox 522 3104 2128 3179">
     <span class='ocr_line' id='line_1_47' title="bbox 522 3104 2128 3179; baseline 0.004 -21"><span class='ocrx_word' id='word_1_324' title='bbox 522 3104 740 3161; x_wconf 87' lang='lat' dir='ltr'><strong>doretus</strong></span> <span class='ocrx_word' id='word_1_325' title='bbox 768 3105 843 3159; x_wconf 92' lang='lat' dir='ltr'><strong>ita</strong></span> <span class='ocrx_word' id='word_1_326' title='bbox 882 3104 1077 3160; x_wconf 86' lang='lat' dir='ltr'><strong>devota</strong></span> <span class='ocrx_word' id='word_1_327' title='bbox 1106 3113 1290 3160; x_wconf 91' lang='lat' dir='ltr'><strong>mente</strong></span> <span class='ocrx_word' id='word_1_328' title='bbox 1320 3107 1590 3176; x_wconf 85' lang='lat' dir='ltr'><strong>suscepit,</strong></span> <span class='ocrx_word' id='word_1_329' title='bbox 1624 3117 1684 3162; x_wconf 92' lang='lat' dir='ltr'><strong>ut</strong></span> <span class='ocrx_word' id='word_1_330' title='bbox 1712 3108 1971 3163; x_wconf 83' lang='lat' dir='ltr'><strong>doctrinae</strong></span> <span class='ocrx_word' id='word_1_331' title='bbox 1993 3124 2128 3179; x_wconf 91' lang='lat' dir='ltr'><strong>quo-</strong></span> 
     </span>
    </p>
   </div>
   <div class='ocr_carea' id='block_1_48' title="bbox 2230 1903 3828 1974">
    <p class='ocr_par' dir='ltr' id='par_1_48' title="bbox 2230 1903 3828 1974">
     <span class='ocr_line' id='line_1_48' title="bbox 2230 1903 3828 1974; baseline 0.001 -14"><span class='ocrx_word' id='word_1_332' title='bbox 2230 1910 2442 1974; x_wconf 84' lang='lat' dir='ltr'><strong>sumpta</strong></span> <span class='ocrx_word' id='word_1_333' title='bbox 2471 1917 2635 1958; x_wconf 87' lang='lat' dir='ltr'><strong>carne</strong></span> <span class='ocrx_word' id='word_1_334' title='bbox 2663 1919 2771 1958; x_wconf 91' lang='lat' dir='ltr'><strong>una</strong></span> <span class='ocrx_word' id='word_1_335' title='bbox 2816 1903 3172 1974; x_wconf 89' lang='lat' dir='ltr'><strong>permanserit</strong></span> <span class='ocrx_word' id='word_1_336' title='bbox 3198 1913 3623 1974; x_wconf 89' lang='lat' dir='ltr'><strong>permaneatque</strong></span> <span class='ocrx_word' id='word_1_337' title='bbox 3650 1905 3828 1961; x_wconf 88' lang='lat' dir='ltr'><strong>subsi-</strong></span> 
     </span>
    </p>
   </div>
   <div class='ocr_carea' id='block_1_49' title="bbox 2229 1994 3285 2067">
    <p class='ocr_par' dir='ltr' id='par_1_49' title="bbox 2229 1994 3285 2067">
     <span class='ocr_line' id='line_1_49' title="bbox 2229 1994 3285 2067; baseline -0.002 -16"><span class='ocrx_word' id='word_1_338' title='bbox 2229 1996 2426 2051; x_wconf 88' lang='lat' dir='ltr'><strong>stentia</strong></span> <span class='ocrx_word' id='word_1_339' title='bbox 2456 1997 2569 2051; x_wconf 87' lang='lat' dir='ltr'><strong>sive</strong></span> <span class='ocrx_word' id='word_1_340' title='bbox 2599 2011 2851 2067; x_wconf 90' lang='lat' dir='ltr'><strong>persona,</strong></span> <span class='ocrx_word' id='word_1_341' title='bbox 2882 1995 3169 2051; x_wconf 87' lang='lat' dir='ltr'><strong>anathema</strong></span> <span class='ocrx_word' id='word_1_342' title='bbox 3197 1994 3285 2050; x_wconf 89' lang='lat' dir='ltr'><strong>sit.</strong></span> 
     </span>
    </p>
   </div>
   <div class='ocr_carea' id='block_1_50' title="bbox 2301 2085 3828 2158">
    <p class='ocr_par' dir='ltr' id='par_1_50' title="bbox 2301 2085 3828 2158">
     <span class='ocr_line' id='line_1_50' title="bbox 2301 2085 3828 2158; baseline 0.004 -18"><span class='ocrx_word' id='word_1_343' title='bbox 2301 2086 2387 2141; x_wconf 87' lang='grc' dir='ltr'>ΙΙΙ.</span> <span class='ocrx_word' id='word_1_344' title='bbox 2420 2085 2478 2142; x_wconf 88' lang='lat' dir='ltr'><strong>Si</strong></span> <span class='ocrx_word' id='word_1_345' title='bbox 2506 2088 2628 2157; x_wconf 91' lang='lat' dir='ltr'><strong>quis</strong></span> <span class='ocrx_word' id='word_1_346' title='bbox 2658 2102 2821 2144; x_wconf 88' lang='lat' dir='ltr'><strong>voces</strong></span> <span class='ocrx_word' id='word_1_347' title='bbox 2849 2088 3187 2157; x_wconf 88' lang='lat' dir='ltr'><strong>evangelicas</strong></span> <span class='ocrx_word' id='word_1_348' title='bbox 3206 2088 3604 2158; x_wconf 88' lang='lat' dir='ltr'><strong>ctapostolicas</strong></span> <span class='ocrx_word' id='word_1_349' title='bbox 3635 2089 3689 2145; x_wconf 92' lang='lat' dir='ltr'><strong>in</strong></span> <span class='ocrx_word' id='word_1_350' title='bbox 3719 2106 3828 2147; x_wconf 91' lang='lat' dir='ltr'><strong>uno</strong></span> 
     </span>
    </p>
   </div>
   <div class='ocr_carea' id='block_1_51' title="bbox 2230 2178 3827 2253">
    <p class='ocr_par' dir='ltr' id='par_1_51' title="bbox 2230 2178 3827 2253">
     <span class='ocr_line' id='line_1_51' title="bbox 2230 2178 3827 2253; baseline 0.004 -20"><span class='ocrx_word' id='word_1_351' title='bbox 2230 2178 2445 2233; x_wconf 90' lang='lat' dir='ltr'><strong>Christo</strong></span> <span class='ocrx_word' id='word_1_352' title='bbox 2476 2179 2552 2234; x_wconf 89' lang='lat' dir='ltr'><strong>ita</strong></span> <span class='ocrx_word' id='word_1_353' title='bbox 2580 2178 2802 2245; x_wconf 87' lang='lat' dir='ltr'><strong>dividit,</strong></span> <span class='ocrx_word' id='word_1_354' title='bbox 2832 2188 2892 2234; x_wconf 90' lang='lat' dir='ltr'><strong>ut</strong></span> <span class='ocrx_word' id='word_1_355' title='bbox 2919 2182 3083 2236; x_wconf 89' lang='lat' dir='ltr'><strong>etiam</strong></span> <span class='ocrx_word' id='word_1_356' title='bbox 3122 2190 3436 2236; x_wconf 88' lang='lat' dir='ltr'><strong>naturarum</strong></span> <span class='ocrx_word' id='word_1_357' title='bbox 3468 2182 3522 2236; x_wconf 93' lang='lat' dir='ltr'><strong>in</strong></span> <span class='ocrx_word' id='word_1_358' title='bbox 3552 2182 3672 2253; x_wconf 86' lang='lat' dir='ltr'><strong>ipso</strong></span> <span class='ocrx_word' id='word_1_359' title='bbox 3700 2184 3827 2239; x_wconf 80' lang='lat' dir='ltr'><strong>uni-</strong></span> 
     </span>
    </p>
   </div>
   <div class='ocr_carea' id='block_1_52' title="bbox 2232 2268 3537 2339">
    <p class='ocr_par' dir='ltr' id='par_1_52' title="bbox 2232 2268 3537 2339">
     <span class='ocr_line' id='line_1_52' title="bbox 2232 2268 3537 2339; baseline 0.002 -15"><span class='ocrx_word' id='word_1_360' title='bbox 2232 2278 2407 2325; x_wconf 85' lang='lat' dir='ltr'><strong>tarum</strong></span> <span class='ocrx_word' id='word_1_361' title='bbox 2436 2268 2755 2325; x_wconf 86' lang='lat' dir='ltr'><strong>divisionem</strong></span> <span class='ocrx_word' id='word_1_362' title='bbox 2776 2269 3105 2339; x_wconf 88' lang='lat' dir='ltr'><strong>introducat,</strong></span> <span class='ocrx_word' id='word_1_363' title='bbox 3137 2272 3423 2327; x_wconf 86' lang='lat' dir='ltr'><strong>anathema</strong></span> <span class='ocrx_word' id='word_1_364' title='bbox 3449 2272 3537 2327; x_wconf 88' lang='lat' dir='ltr'><strong>sit.</strong></span> 
     </span>
    </p>
   </div>
   <div class='ocr_carea' id='block_1_53' title="bbox 2302 2360 3832 2432">
    <p class='ocr_par' dir='ltr' id='par_1_53' title="bbox 2302 2360 3832 2432">
     <span class='ocr_line' id='line_1_53' title="bbox 2302 2360 3832 2432; baseline 0.001 -17"><span class='ocrx_word' id='word_1_365' title='bbox 2302 2360 2390 2416; x_wconf 85' lang='lat' dir='ltr'><strong>IV.</strong></span> <span class='ocrx_word' id='word_1_366' title='bbox 2437 2361 2496 2417; x_wconf 92' lang='lat' dir='ltr'><strong>Si</strong></span> <span class='ocrx_word' id='word_1_367' title='bbox 2524 2361 2643 2432; x_wconf 91' lang='lat' dir='ltr'><strong>quis</strong></span> <span class='ocrx_word' id='word_1_368' title='bbox 2668 2377 2835 2429; x_wconf 67' lang='lat' dir='ltr'><strong>unum</strong></span> <span class='ocrx_word' id='word_1_369' title='bbox 2876 2360 3059 2417; x_wconf 86' lang='lat' dir='ltr'><strong>Jesum</strong></span> <span class='ocrx_word' id='word_1_370' title='bbox 3101 2361 3374 2417; x_wconf 89' lang='lat' dir='ltr'><strong>Christum</strong></span> <span class='ocrx_word' id='word_1_371' title='bbox 3401 2377 3591 2418; x_wconf 89' lang='lat' dir='ltr'><strong>verum</strong></span> <span class='ocrx_word' id='word_1_372' title='bbox 3630 2362 3726 2418; x_wconf 90' lang='lat' dir='ltr'><strong>Dei</strong></span> <span class='ocrx_word' id='word_1_373' title='bbox 3772 2371 3832 2419; x_wconf 88' lang='lat' dir='ltr'><strong>et</strong></span> 
     </span>
    </p>
   </div>
   <div class='ocr_carea' id='block_1_54' title="bbox 2233 2454 3830 2526">
    <p class='ocr_par' dir='ltr' id='par_1_54' title="bbox 2233 2454 3830 2526">
     <span class='ocr_line' id='line_1_54' title="bbox 2233 2454 3830 2526; baseline 0.002 -16"><span class='ocrx_word' id='word_1_374' title='bbox 2233 2454 2486 2511; x_wconf 88' lang='lat' dir='ltr'><strong>eumdem</strong></span> <span class='ocrx_word' id='word_1_375' title='bbox 2541 2455 2716 2526; x_wconf 88' lang='lat' dir='ltr'><strong>ipsum</strong></span> <span class='ocrx_word' id='word_1_376' title='bbox 2762 2470 2953 2510; x_wconf 90' lang='lat' dir='ltr'><strong>verum</strong></span> <span class='ocrx_word' id='word_1_377' title='bbox 3008 2454 3239 2511; x_wconf 89' lang='lat' dir='ltr'><strong>hominis</strong></span> <span class='ocrx_word' id='word_1_378' title='bbox 3288 2455 3480 2510; x_wconf 85' lang='lat' dir='ltr'><strong>Filium</strong></span> <span class='ocrx_word' id='word_1_379' title='bbox 3523 2455 3830 2513; x_wconf 85' lang='lat' dir='ltr'><strong>futurorum</strong></span> 
     </span>
    </p>
   </div>
   <div class='ocr_carea' id='block_1_55' title="bbox 2235 2545 3832 2617">
    <p class='ocr_par' dir='ltr' id='par_1_55' title="bbox 2235 2545 3832 2617">
     <span class='ocr_line' id='line_1_55' title="bbox 2235 2545 3832 2617; baseline 0.003 -16"><span class='ocrx_word' id='word_1_380' title='bbox 2235 2545 2598 2614; x_wconf 88' lang='lat' dir='ltr'><strong>ignorantiam</strong></span> <span class='ocrx_word' id='word_1_381' title='bbox 2638 2553 2731 2601; x_wconf 90' lang='lat' dir='ltr'><strong>aut</strong></span> <span class='ocrx_word' id='word_1_382' title='bbox 2751 2546 2859 2601; x_wconf 84' lang='lat' dir='ltr'><strong>diei</strong></span> <span class='ocrx_word' id='word_1_383' title='bbox 2886 2545 3058 2601; x_wconf 91' lang='lat' dir='ltr'><strong>ultimi</strong></span> <span class='ocrx_word' id='word_1_384' title='bbox 3080 2545 3269 2616; x_wconf 90' lang='lat' dir='ltr'><strong>judicii</strong></span> <span class='ocrx_word' id='word_1_385' title='bbox 3309 2546 3562 2605; x_wconf 87' lang='lat' dir='ltr'><strong>habuisse</strong></span> <span class='ocrx_word' id='word_1_386' title='bbox 3589 2548 3741 2617; x_wconf 87' lang='lat' dir='ltr'><strong>dicit,</strong></span> <span class='ocrx_word' id='word_1_387' title='bbox 3773 2556 3832 2605; x_wconf 81' lang='lat' dir='ltr'><strong>et</strong></span> 
     </span>
    </p>
   </div>
   <div class='ocr_carea' id='block_1_56' title="bbox 2236 2636 3831 2709">
    <p class='ocr_par' dir='ltr' id='par_1_56' title="bbox 2236 2636 3831 2709">
     <span class='ocr_line' id='line_1_56' title="bbox 2236 2636 3831 2709; baseline 0.004 -20"><span class='ocrx_word' id='word_1_388' title='bbox 2236 2642 2385 2690; x_wconf 91' lang='lat' dir='ltr'><strong>tanta</strong></span> <span class='ocrx_word' id='word_1_389' title='bbox 2421 2636 2559 2692; x_wconf 90' lang='lat' dir='ltr'><strong>scire</strong></span> <span class='ocrx_word' id='word_1_390' title='bbox 2608 2638 2883 2706; x_wconf 90' lang='lat' dir='ltr'><strong>potuisse,</strong></span> <span class='ocrx_word' id='word_1_391' title='bbox 2930 2644 3135 2706; x_wconf 89' lang='lat' dir='ltr'><strong>quanta</strong></span> <span class='ocrx_word' id='word_1_392' title='bbox 3166 2637 3215 2691; x_wconf 90' lang='lat' dir='ltr'><strong>ei</strong></span> <span class='ocrx_word' id='word_1_393' title='bbox 3244 2637 3444 2706; x_wconf 91' lang='lat' dir='ltr'><strong>deitas,</strong></span> <span class='ocrx_word' id='word_1_394' title='bbox 3477 2640 3632 2709; x_wconf 90' lang='lat' dir='ltr'><strong>quasi</strong></span> <span class='ocrx_word' id='word_1_395' title='bbox 3673 2640 3831 2699; x_wconf 86' lang='lat' dir='ltr'><strong>alteri</strong></span> 
     </span>
    </p>
   </div>
   <div class='ocr_carea' id='block_1_57' title="bbox 2234 2727 3549 2794">
    <p class='ocr_par' dir='ltr' id='par_1_57' title="bbox 2234 2727 3549 2794">
     <span class='ocr_line' id='line_1_57' title="bbox 2234 2727 3549 2794; baseline 0.002 -12"><span class='ocrx_word' id='word_1_396' title='bbox 2234 2727 2448 2783; x_wconf 91' lang='lat' dir='ltr'><strong>cuidam</strong></span> <span class='ocrx_word' id='word_1_397' title='bbox 2476 2728 2799 2794; x_wconf 87' lang='lat' dir='ltr'><strong>inhabitans,</strong></span> <span class='ocrx_word' id='word_1_398' title='bbox 2826 2728 3122 2793; x_wconf 88' lang='lat' dir='ltr'><strong>revelabat,</strong></span> <span class='ocrx_word' id='word_1_399' title='bbox 3154 2730 3437 2784; x_wconf 88' lang='lat' dir='ltr'><strong>anathema</strong></span> <span class='ocrx_word' id='word_1_400' title='bbox 3462 2730 3549 2785; x_wconf 88' lang='lat' dir='ltr'><strong>sit.</strong></span> 
     </span>
    </p>
   </div>
   <div class='ocr_carea' id='block_1_58' title="bbox 2307 2817 3831 2889">
    <p class='ocr_par' dir='ltr' id='par_1_58' title="bbox 2307 2817 3831 2889">
     <span class='ocr_line' id='line_1_58' title="bbox 2307 2817 3831 2889; baseline 0.002 -16"><span class='ocrx_word' id='word_1_401' title='bbox 2307 2817 2370 2873; x_wconf 89' lang='lat' dir='ltr'><strong>V.</strong></span> <span class='ocrx_word' id='word_1_402' title='bbox 2404 2818 2461 2873; x_wconf 91' lang='lat' dir='ltr'><strong>Si</strong></span> <span class='ocrx_word' id='word_1_403' title='bbox 2503 2818 2623 2888; x_wconf 90' lang='lat' dir='ltr'><strong>quis</strong></span> <span class='ocrx_word' id='word_1_404' title='bbox 2650 2818 2780 2872; x_wconf 89' lang='lat' dir='ltr'><strong>illud</strong></span> <span class='ocrx_word' id='word_1_405' title='bbox 2821 2817 3095 2888; x_wconf 85' lang='lat' dir='ltr'><strong>Apostoli,</strong></span> <span class='ocrx_word' id='word_1_406' title='bbox 3124 2817 3268 2887; x_wconf 92' lang='lat' dir='ltr'><strong>quod</strong></span> <span class='ocrx_word' id='word_1_407' title='bbox 3298 2827 3380 2873; x_wconf 86' lang='lat' dir='ltr'><strong>est</strong></span> <span class='ocrx_word' id='word_1_408' title='bbox 3410 2819 3465 2873; x_wconf 92' lang='lat' dir='ltr'><strong>in</strong></span> <span class='ocrx_word' id='word_1_409' title='bbox 3494 2817 3735 2889; x_wconf 88' lang='lat' dir='ltr'><strong>Epistola</strong></span> <span class='ocrx_word' id='word_1_410' title='bbox 3763 2820 3831 2876; x_wconf 86' lang='lat' dir='ltr'><strong>ad</strong></span> 
     </span>
    </p>
   </div>
   <div class='ocr_carea' id='block_1_59' title="bbox 2234 2909 3830 2983">
    <p class='ocr_par' dir='ltr' id='par_1_59' title="bbox 2234 2909 3830 2983">
     <span class='ocr_line' id='line_1_59' title="bbox 2234 2909 3830 2983; baseline 0.004 -19"><span class='ocrx_word' id='word_1_411' title='bbox 2234 2909 2491 2966; x_wconf 67' lang='lat' dir='ltr'><strong>Hebraeos</strong></span> <span class='ocrx_word' id='word_1_412' title='bbox 2536 2910 2771 2976; x_wconf 88' lang='lat' dir='ltr'><strong>dictum,</strong></span> <span class='ocrx_word' id='word_1_413' title='bbox 2816 2909 2963 2981; x_wconf 90' lang='lat' dir='ltr'><strong>quod</strong></span> <span class='ocrx_word' id='word_1_414' title='bbox 3007 2910 3381 2981; x_wconf 81' lang='lat' dir='ltr'><strong>experimento</strong></span> <span class='ocrx_word' id='word_1_415' title='bbox 3418 2914 3674 2983; x_wconf 85' lang='lat' dir='ltr'><strong>cognovit</strong></span> <span class='ocrx_word' id='word_1_416' title='bbox 3702 2914 3830 2969; x_wconf 88' lang='lat' dir='ltr'><strong>obe-</strong></span> 
     </span>
    </p>
   </div>
   <div class='ocr_carea' id='block_1_60' title="bbox 2234 3003 3830 3078">
    <p class='ocr_par' dir='ltr' id='par_1_60' title="bbox 2234 3003 3830 3078">
     <span class='ocr_line' id='line_1_60' title="bbox 2234 3003 3830 3078; baseline 0.004 -21"><span class='ocrx_word' id='word_1_417' title='bbox 2234 3003 2523 3073; x_wconf 87' lang='lat' dir='ltr'><strong>dientiam,</strong></span> <span class='ocrx_word' id='word_1_418' title='bbox 2567 3011 2774 3060; x_wconf 89' lang='lat' dir='ltr'><strong>etcum</strong></span> <span class='ocrx_word' id='word_1_419' title='bbox 2822 3004 3061 3060; x_wconf 90' lang='lat' dir='ltr'><strong>clamore</strong></span> <span class='ocrx_word' id='word_1_420' title='bbox 3110 3003 3233 3059; x_wconf 88' lang='lat' dir='ltr'><strong>forti</strong></span> <span class='ocrx_word' id='word_1_421' title='bbox 3263 3012 3317 3059; x_wconf 92' lang='lat' dir='ltr'><strong>et</strong></span> <span class='ocrx_word' id='word_1_422' title='bbox 3345 3005 3596 3078; x_wconf 90' lang='lat' dir='ltr'><strong>lacrymis</strong></span> <span class='ocrx_word' id='word_1_423' title='bbox 3640 3021 3830 3078; x_wconf 90' lang='lat' dir='ltr'><strong>preces</strong></span> 
     </span>
    </p>
   </div>
   <div class='ocr_carea' id='block_1_61' title="bbox 2233 3094 3829 3167">
    <p class='ocr_par' dir='ltr' id='par_1_61' title="bbox 2233 3094 3829 3167">
     <span class='ocr_line' id='line_1_61' title="bbox 2233 3094 3829 3167; baseline 0.001 -15"><span class='ocrx_word' id='word_1_424' title='bbox 2233 3095 2764 3165; x_wconf 87' lang='lat' dir='ltr'><strong>supplicationesque</strong></span> <span class='ocrx_word' id='word_1_425' title='bbox 2794 3096 2989 3150; x_wconf 90' lang='lat' dir='ltr'><strong>obtulit</strong></span> <span class='ocrx_word' id='word_1_426' title='bbox 3017 3095 3085 3150; x_wconf 91' lang='lat' dir='ltr'><strong>ad</strong></span> <span class='ocrx_word' id='word_1_427' title='bbox 3108 3094 3300 3161; x_wconf 88' lang='lat' dir='ltr'><strong>Deum,</strong></span> <span class='ocrx_word' id='word_1_428' title='bbox 3330 3098 3422 3167; x_wconf 90' lang='lat' dir='ltr'><strong>qui</strong></span> <span class='ocrx_word' id='word_1_429' title='bbox 3450 3098 3659 3153; x_wconf 87' lang='lat' dir='ltr'><strong>salvum</strong></span> <span class='ocrx_word' id='word_1_430' title='bbox 3679 3099 3829 3155; x_wconf 89' lang='lat' dir='ltr'><strong>illum</strong></span> 
     </span>
    </p>
   </div>
   <div class='ocr_carea' id='block_1_62' title="bbox 521 3181 3833 3274">
    <p class='ocr_par' dir='ltr' id='par_1_62' title="bbox 521 3181 3833 3274">
     <span class='ocr_line' id='line_1_62' title="bbox 521 3181 3833 3274; baseline 0.001 -29"><span class='ocrx_word' id='word_1_431' title='bbox 521 3215 626 3271; x_wconf 83' lang='lat' dir='ltr'><strong>que</strong></span> <span class='ocrx_word' id='word_1_432' title='bbox 658 3199 775 3268; x_wconf 82' lang='lat' dir='ltr'><strong>ejus</strong></span> <span class='ocrx_word' id='word_1_433' title='bbox 805 3198 874 3252; x_wconf 89' lang='lat' dir='ltr'><strong>ad</strong></span> <span class='ocrx_word' id='word_1_434' title='bbox 901 3198 1225 3254; x_wconf 79' lang='lat' dir='ltr'><strong>laudandam</strong></span> <span class='ocrx_word' id='word_1_435' title='bbox 1263 3200 1561 3255; x_wconf 71' lang='lat' dir='ltr'><strong>beatissimi</strong></span> <span class='ocrx_word' id='word_1_436' title='bbox 1606 3216 1758 3271; x_wconf 64' lang='lat' dir='ltr'><strong>papa},</strong></span> <span class='ocrx_word' id='word_1_437' title='bbox 1789 3200 1983 3259; x_wconf 69' lang='lat' dir='ltr'><strong>Leonis</strong></span> <span class='ocrx_word' id='word_1_438' title='bbox 2011 3204 2127 3274; x_wconf 65' lang='lat' dir='ltr'><strong>cpi-</strong></span> <span class='ocrx_word' id='word_1_439' title='bbox 2154 3181 2199 3245; x_wconf 54' lang='grc' dir='ltr'><strong>(Ξ</strong></span> <span class='ocrx_word' id='word_1_440' title='bbox 2231 3195 2418 3258; x_wconf 88' lang='lat' dir='ltr'><strong>posset</strong></span> <span class='ocrx_word' id='word_1_441' title='bbox 2446 3204 2477 3242; x_wconf 90' lang='lat' dir='ltr'><strong>a</strong></span> <span class='ocrx_word' id='word_1_442' title='bbox 2505 3196 2681 3243; x_wconf 88' lang='lat' dir='ltr'><strong>morte</strong></span> <span class='ocrx_word' id='word_1_443' title='bbox 2708 3187 2905 3255; x_wconf 89' lang='lat' dir='ltr'><strong>facere,</strong></span> <span class='ocrx_word' id='word_1_444' title='bbox 2939 3196 3197 3259; x_wconf 86' lang='lat' dir='ltr'><strong>tauquam</strong></span> <span class='ocrx_word' id='word_1_445' title='bbox 3218 3189 3362 3244; x_wconf 89' lang='lat' dir='ltr'><strong>nudo</strong></span> <span class='ocrx_word' id='word_1_446' title='bbox 3385 3190 3586 3246; x_wconf 87' lang='lat' dir='ltr'><strong>deitate</strong></span> <span class='ocrx_word' id='word_1_447' title='bbox 3615 3190 3833 3248; x_wconf 86' lang='lat' dir='ltr'><strong>Christo</strong></span> 
     </span>
    </p>
   </div>
   <div class='ocr_carea' id='block_1_63' title="bbox 522 3291 2118 3365">
    <p class='ocr_par' dir='ltr' id='par_1_63' title="bbox 522 3291 2118 3365">
     <span class='ocr_line' id='line_1_63' title="bbox 522 3291 2118 3365; baseline 0.003 -17"><span class='ocrx_word' id='word_1_448' title='bbox 522 3293 718 3348; x_wconf 88' lang='lat' dir='ltr'><strong>stolam</strong></span> <span class='ocrx_word' id='word_1_449' title='bbox 748 3291 1070 3347; x_wconf 90' lang='lat' dir='ltr'><strong>testimoniis</strong></span> <span class='ocrx_word' id='word_1_450' title='bbox 1096 3300 1361 3361; x_wconf 89' lang='lat' dir='ltr'><strong>uteretur,</strong></span> <span class='ocrx_word' id='word_1_451' title='bbox 1393 3293 1603 3348; x_wconf 83' lang='lat' dir='ltr'><strong>etiamsi</strong></span> <span class='ocrx_word' id='word_1_452' title='bbox 1647 3294 1699 3348; x_wconf 92' lang='lat' dir='ltr'><strong>in</strong></span> <span class='ocrx_word' id='word_1_453' title='bbox 1729 3310 1851 3349; x_wconf 92' lang='lat' dir='ltr'><strong>eum</strong></span> <span class='ocrx_word' id='word_1_454' title='bbox 1894 3296 2118 3365; x_wconf 84' lang='lat' dir='ltr'><strong>injurias</strong></span> 
     </span>
    </p>
   </div>
   <div class='ocr_carea' id='block_1_64' title="bbox 533 3385 2123 3459">
    <p class='ocr_par' dir='ltr' id='par_1_64' title="bbox 533 3385 2123 3459">
     <span class='ocr_line' id='line_1_64' title="bbox 533 3385 2123 3459; baseline 0.004 -19"><span class='ocrx_word' id='word_1_455' title='bbox 533 3385 779 3440; x_wconf 90' lang='lat' dir='ltr'><strong>intulisse</strong></span> <span class='ocrx_word' id='word_1_456' title='bbox 806 3392 1099 3454; x_wconf 88' lang='lat' dir='ltr'><strong>constaret,</strong></span> <span class='ocrx_word' id='word_1_457' title='bbox 1131 3385 1439 3457; x_wconf 89' lang='lat' dir='ltr'><strong>plenissime</strong></span> <span class='ocrx_word' id='word_1_458' title='bbox 1477 3387 1800 3444; x_wconf 80' lang='lat' dir='ltr'><strong>satisfecisse</strong></span> <span class='ocrx_word' id='word_1_459' title='bbox 1826 3390 2123 3459; x_wconf 87' lang='lat' dir='ltr'><strong>videretur,</strong></span> 
     </span>
    </p>
   </div>
   <div class='ocr_carea' id='block_1_65' title="bbox 524 3477 2127 3551">
    <p class='ocr_par' dir='ltr' id='par_1_65' title="bbox 524 3477 2127 3551">
     <span class='ocr_line' id='line_1_65' title="bbox 524 3477 2127 3551; baseline 0.003 -17"><span class='ocrx_word' id='word_1_460' title='bbox 524 3477 669 3535; x_wconf 90' lang='lat' dir='ltr'><strong>illius</strong></span> <span class='ocrx_word' id='word_1_461' title='bbox 713 3477 1095 3534; x_wconf 87' lang='lat' dir='ltr'><strong>venerabiliter</strong></span> <span class='ocrx_word' id='word_1_462' title='bbox 1138 3478 1513 3550; x_wconf 90' lang='lat' dir='ltr'><strong>amplectendo</strong></span> <span class='ocrx_word' id='word_1_463' title='bbox 1563 3480 1755 3548; x_wconf 84' lang='lat' dir='ltr'><strong>tidem,</strong></span> <span class='ocrx_word' id='word_1_464' title='bbox 1808 3481 1962 3551; x_wconf 91' lang='lat' dir='ltr'><strong>cujus</strong></span> <span class='ocrx_word' id='word_1_465' title='bbox 1991 3481 2127 3539; x_wconf 91' lang='lat' dir='ltr'><strong>falso</strong></span> 
     </span>
    </p>
   </div>
   <div class='ocr_carea' id='block_1_66' title="bbox 524 3571 2125 3649">
    <p class='ocr_par' dir='ltr' id='par_1_66' title="bbox 524 3571 2125 3649">
     <span class='ocr_line' id='line_1_66' title="bbox 524 3571 2125 3649; baseline 0.002 -23"><span class='ocrx_word' id='word_1_466' title='bbox 524 3571 700 3628; x_wconf 78' lang='lat' dir='ltr'><strong>fuerat</strong></span> <span class='ocrx_word' id='word_1_467' title='bbox 729 3572 1030 3644; x_wconf 87' lang='lat' dir='ltr'><strong>suspicatus</strong></span> <span class='ocrx_word' id='word_1_468' title='bbox 1058 3587 1319 3629; x_wconf 89' lang='lat' dir='ltr'><strong>errorem.</strong></span> <span class='ocrx_word' id='word_1_469' title='bbox 1348 3572 1417 3629; x_wconf 88' lang='lat' dir='ltr'><strong>Et</strong></span> <span class='ocrx_word' id='word_1_470' title='bbox 1464 3573 1587 3649; x_wconf 87' lang='lat' dir='ltr'><strong>ideo</strong></span> <span class='ocrx_word' id='word_1_471' title='bbox 1638 3589 1738 3630; x_wconf 91' lang='lat' dir='ltr'><strong>nos</strong></span> <span class='ocrx_word' id='word_1_472' title='bbox 1788 3588 1890 3630; x_wconf 90' lang='lat' dir='ltr'><strong>nec</strong></span> <span class='ocrx_word' id='word_1_473' title='bbox 1921 3574 2125 3644; x_wconf 89' lang='lat' dir='ltr'><strong>aliquid</strong></span> 
     </span>
    </p>
   </div>
   <div class='ocr_carea' id='block_1_67' title="bbox 523 3663 2128 3737">
    <p class='ocr_par' dir='ltr' id='par_1_67' title="bbox 523 3663 2128 3737">
     <span class='ocr_line' id='line_1_67' title="bbox 523 3663 2128 3737; baseline 0.001 -18"><span class='ocrx_word' id='word_1_474' title='bbox 523 3664 673 3719; x_wconf 89' lang='lat' dir='ltr'><strong>velut</strong></span> <span class='ocrx_word' id='word_1_475' title='bbox 700 3666 956 3721; x_wconf 90' lang='lat' dir='ltr'><strong>omissum</strong></span> <span class='ocrx_word' id='word_1_476' title='bbox 986 3680 1018 3720; x_wconf 91' lang='lat' dir='ltr'><strong>a</strong></span> <span class='ocrx_word' id='word_1_477' title='bbox 1049 3663 1298 3721; x_wconf 89' lang='lat' dir='ltr'><strong>Patribus</strong></span> <span class='ocrx_word' id='word_1_478' title='bbox 1335 3666 1537 3722; x_wconf 89' lang='lat' dir='ltr'><strong>nostris</strong></span> <span class='ocrx_word' id='word_1_479' title='bbox 1576 3680 1821 3737; x_wconf 73' lang='lat' dir='ltr'><strong>qumrere</strong></span> <span class='ocrx_word' id='word_1_480' title='bbox 1861 3681 2004 3722; x_wconf 91' lang='lat' dir='ltr'><strong>nunc</strong></span> <span class='ocrx_word' id='word_1_481' title='bbox 2034 3673 2128 3723; x_wconf 89' lang='lat' dir='ltr'><strong>aut</strong></span> 
     </span>
    </p>
   </div>
   <div class='ocr_carea' id='block_1_68' title="bbox 523 3757 2127 3829">
    <p class='ocr_par' dir='ltr' id='par_1_68' title="bbox 523 3757 2127 3829">
     <span class='ocr_line' id='line_1_68' title="bbox 523 3757 2127 3829; baseline -0.002 -14"><span class='ocrx_word' id='word_1_482' title='bbox 523 3766 821 3815; x_wconf 84' lang='lat' dir='ltr'><strong>retractare</strong></span> <span class='ocrx_word' id='word_1_483' title='bbox 867 3758 1157 3825; x_wconf 87' lang='lat' dir='ltr'><strong>convenit;</strong></span> <span class='ocrx_word' id='word_1_484' title='bbox 1190 3764 1245 3813; x_wconf 93' lang='lat' dir='ltr'><strong>et</strong></span> <span class='ocrx_word' id='word_1_485' title='bbox 1270 3772 1366 3812; x_wconf 92' lang='lat' dir='ltr'><strong>eos</strong></span> <span class='ocrx_word' id='word_1_486' title='bbox 1392 3758 1589 3828; x_wconf 87' lang='lat' dir='ltr'><strong>quibus</strong></span> <span class='ocrx_word' id='word_1_487' title='bbox 1618 3758 1791 3813; x_wconf 89' lang='lat' dir='ltr'><strong>sancti</strong></span> <span class='ocrx_word' id='word_1_488' title='bbox 1821 3757 2006 3829; x_wconf 87' lang='lat' dir='ltr'><strong>Cyrilli</strong></span> <span class='ocrx_word' id='word_1_489' title='bbox 2036 3773 2127 3812; x_wconf 90' lang='lat' dir='ltr'><strong>re-</strong></span> 
     </span>
    </p>
   </div>
   <div class='ocr_carea' id='block_1_69' title="bbox 522 3849 2127 3923">
    <p class='ocr_par' dir='ltr' id='par_1_69' title="bbox 522 3849 2127 3923">
     <span class='ocr_line' id='line_1_69' title="bbox 522 3849 2127 3923; baseline 0.001 -18"><span class='ocrx_word' id='word_1_490' title='bbox 522 3851 811 3923; x_wconf 86' lang='lat' dir='ltr'><strong>prehensio</strong></span> <span class='ocrx_word' id='word_1_491' title='bbox 840 3865 984 3906; x_wconf 91' lang='lat' dir='ltr'><strong>nunc</strong></span> <span class='ocrx_word' id='word_1_492' title='bbox 1012 3849 1223 3921; x_wconf 89' lang='lat' dir='ltr'><strong>placet,</strong></span> <span class='ocrx_word' id='word_1_493' title='bbox 1275 3857 1369 3905; x_wconf 90' lang='lat' dir='ltr'><strong>aut</strong></span> <span class='ocrx_word' id='word_1_494' title='bbox 1397 3850 1585 3905; x_wconf 89' lang='lat' dir='ltr'><strong>iisdem</strong></span> <span class='ocrx_word' id='word_1_495' title='bbox 1629 3850 1829 3905; x_wconf 89' lang='lat' dir='ltr'><strong>sanctis</strong></span> <span class='ocrx_word' id='word_1_496' title='bbox 1877 3849 2127 3906; x_wconf 88' lang='lat' dir='ltr'><strong>Patribus</strong></span> 
     </span>
    </p>
   </div>
   <div class='ocr_carea' id='block_1_70' title="bbox 524 3942 2121 4015">
    <p class='ocr_par' dir='ltr' id='par_1_70' title="bbox 524 3942 2121 4015">
     <span class='ocr_line' id='line_1_70' title="bbox 524 3942 2121 4015; baseline -0.001 -14"><span class='ocrx_word' id='word_1_497' title='bbox 524 3944 722 4002; x_wconf 89' lang='lat' dir='ltr'><strong>nostris</strong></span> <span class='ocrx_word' id='word_1_498' title='bbox 749 3943 1017 4001; x_wconf 67' lang='lat' dir='ltr'><strong>aestimant</strong></span> <span class='ocrx_word' id='word_1_499' title='bbox 1060 3943 1326 4015; x_wconf 88' lang='lat' dir='ltr'><strong>placuisse</strong></span> <span class='ocrx_word' id='word_1_500' title='bbox 1348 3981 1364 4009; x_wconf 91' lang='lat'><strong>,</strong></span> <span class='ocrx_word' id='word_1_501' title='bbox 1413 3942 1586 4001; x_wconf 90' lang='lat' dir='ltr'><strong>modis</strong></span> <span class='ocrx_word' id='word_1_502' title='bbox 1614 3943 1868 4000; x_wconf 88' lang='lat' dir='ltr'><strong>omnibus</strong></span> <span class='ocrx_word' id='word_1_503' title='bbox 1914 3944 2121 3999; x_wconf 87' lang='lat' dir='ltr'><strong>refuta-</strong></span> 
     </span>
    </p>
   </div>
   <div class='ocr_carea' id='block_1_71' title="bbox 523 4052 664 4094">
    <p class='ocr_par' dir='ltr' id='par_1_71' title="bbox 523 4052 664 4094">
     <span class='ocr_line' id='line_1_71' title="bbox 523 4052 664 4094; baseline -0.007 0"><span class='ocrx_word' id='word_1_504' title='bbox 523 4052 664 4094; x_wconf 86' lang='lat' dir='ltr'><strong>mus.</strong></span> 
     </span>
    </p>
   </div>
   <div class='ocr_carea' id='block_1_72' title="bbox 592 4128 2128 4203">
    <p class='ocr_par' dir='ltr' id='par_1_72' title="bbox 592 4128 2128 4203">
     <span class='ocr_line' id='line_1_72' title="bbox 592 4128 2128 4203; baseline -0.002 -16"><span class='ocrx_word' id='word_1_505' title='bbox 592 4130 706 4188; x_wconf 81' lang='lat' dir='ltr'><strong>Hac</strong></span> <span class='ocrx_word' id='word_1_506' title='bbox 730 4145 862 4203; x_wconf 85' lang='lat' dir='ltr'><strong>ergo</strong></span> <span class='ocrx_word' id='word_1_507' title='bbox 889 4145 1073 4188; x_wconf 89' lang='lat' dir='ltr'><strong>rerum</strong></span> <span class='ocrx_word' id='word_1_508' title='bbox 1098 4128 1328 4185; x_wconf 88' lang='lat' dir='ltr'><strong>veritate</strong></span> <span class='ocrx_word' id='word_1_509' title='bbox 1354 4128 1942 4199; x_wconf 86' lang='lat' dir='ltr'><strong>perpensa,statuimus</strong></span> <span class='ocrx_word' id='word_1_510' title='bbox 1962 4136 2128 4199; x_wconf 89' lang='lat' dir='ltr'><strong>atque</strong></span> 
     </span>
    </p>
   </div>
   <div class='ocr_carea' id='block_1_73' title="bbox 522 4216 2128 4288">
    <p class='ocr_par' dir='ltr' id='par_1_73' title="bbox 522 4216 2128 4288">
     <span class='ocr_line' id='line_1_73' title="bbox 522 4216 2128 4288; baseline -0.002 -12"><span class='ocrx_word' id='word_1_511' title='bbox 522 4220 864 4278; x_wconf 81' lang='lat' dir='ltr'><strong>decernimus</strong></span> <span class='ocrx_word' id='word_1_512' title='bbox 885 4261 901 4288; x_wconf 93' lang='lat'><strong>,</strong></span> <span class='ocrx_word' id='word_1_513' title='bbox 933 4219 1069 4275; x_wconf 89' lang='lat' dir='ltr'><strong>nihil</strong></span> <span class='ocrx_word' id='word_1_514' title='bbox 1105 4219 1160 4274; x_wconf 93' lang='lat' dir='ltr'><strong>in</strong></span> <span class='ocrx_word' id='word_1_515' title='bbox 1188 4216 1440 4288; x_wconf 84' lang='lat' dir='ltr'><strong>iniuriam</strong></span> <span class='ocrx_word' id='word_1_516' title='bbox 1469 4225 1634 4287; x_wconf 89' lang='lat' dir='ltr'><strong>atque</strong></span> <span class='ocrx_word' id='word_1_517' title='bbox 1674 4216 2128 4273; x_wconf 90' lang='lat' dir='ltr'><strong>obtrectationem</strong></span> 
     </span>
    </p>
   </div>
   <div class='ocr_carea' id='block_1_74' title="bbox 523 4310 2125 4386">
    <p class='ocr_par' dir='ltr' id='par_1_74' title="bbox 523 4310 2125 4386">
     <span class='ocr_line' id='line_1_74' title="bbox 523 4310 2125 4386; baseline -0.003 -16"><span class='ocrx_word' id='word_1_518' title='bbox 523 4314 890 4386; x_wconf 88' lang='lat' dir='ltr'><strong>probatissimi</strong></span> <span class='ocrx_word' id='word_1_519' title='bbox 938 4314 995 4368; x_wconf 91' lang='lat' dir='ltr'><strong>in</strong></span> <span class='ocrx_word' id='word_1_520' title='bbox 1043 4312 1471 4369; x_wconf 89' lang='lat' dir='ltr'><strong>Chalcedonensi</strong></span> <span class='ocrx_word' id='word_1_521' title='bbox 1500 4311 1705 4384; x_wconf 87' lang='lat' dir='ltr'><strong>synodo</strong></span> <span class='ocrx_word' id='word_1_522' title='bbox 1746 4310 1883 4379; x_wconf 88' lang='lat' dir='ltr'><strong>viri,</strong></span> <span class='ocrx_word' id='word_1_523' title='bbox 1913 4310 2017 4365; x_wconf 90' lang='lat' dir='ltr'><strong>hoc</strong></span> <span class='ocrx_word' id='word_1_524' title='bbox 2041 4317 2125 4367; x_wconf 92' lang='lat' dir='ltr'><strong>est</strong></span> 
     </span>
    </p>
   </div>
   <div class='ocr_carea' id='block_1_75' title="bbox 523 4400 2128 4475">
    <p class='ocr_par' dir='ltr' id='par_1_75' title="bbox 523 4400 2128 4475">
     <span class='ocr_line' id='line_1_75' title="bbox 523 4400 2128 4475; baseline -0.002 -15"><span class='ocrx_word' id='word_1_525' title='bbox 523 4403 858 4462; x_wconf 88' lang='lat' dir='ltr'><strong>Theodoreti</strong></span> <span class='ocrx_word' id='word_1_526' title='bbox 914 4404 1153 4475; x_wconf 88' lang='lat' dir='ltr'><strong>episcopi</strong></span> <span class='ocrx_word' id='word_1_527' title='bbox 1203 4401 1331 4475; x_wconf 88' lang='lat' dir='ltr'><strong>Cyri</strong></span> <span class='ocrx_word' id='word_1_528' title='bbox 1356 4444 1370 4468; x_wconf 89' lang='lat'><strong>,</strong></span> <span class='ocrx_word' id='word_1_529' title='bbox 1420 4402 1520 4458; x_wconf 90' lang='lat' dir='ltr'><strong>sub</strong></span> <span class='ocrx_word' id='word_1_530' title='bbox 1571 4401 1845 4457; x_wconf 80' lang='lat' dir='ltr'><strong>taxatione</strong></span> <span class='ocrx_word' id='word_1_531' title='bbox 1894 4400 2128 4456; x_wconf 90' lang='lat' dir='ltr'><strong>nominis</strong></span> 
     </span>
    </p>
   </div>
   <div class='ocr_carea' id='block_1_76' title="bbox 524 4492 2122 4570">
    <p class='ocr_par' dir='ltr' id='par_1_76' title="bbox 524 4492 2122 4570">
     <span class='ocr_line' id='line_1_76' title="bbox 524 4492 2122 4570; baseline -0.005 -14"><span class='ocrx_word' id='word_1_532' title='bbox 524 4497 641 4570; x_wconf 91' lang='lat' dir='ltr'><strong>ejus</strong></span> <span class='ocrx_word' id='word_1_533' title='bbox 668 4515 700 4554; x_wconf 90' lang='lat' dir='ltr'><strong>a</strong></span> <span class='ocrx_word' id='word_1_534' title='bbox 728 4512 1003 4569; x_wconf 88' lang='lat' dir='ltr'><strong>quoquam</strong></span> <span class='ocrx_word' id='word_1_535' title='bbox 1045 4496 1179 4565; x_wconf 82' lang='lat' dir='ltr'><strong>ﬁeri,</strong></span> <span class='ocrx_word' id='word_1_536' title='bbox 1210 4498 1297 4553; x_wconf 87' lang='lat' dir='ltr'><strong>vel</strong></span> <span class='ocrx_word' id='word_1_537' title='bbox 1323 4495 1590 4568; x_wconf 86' lang='lat' dir='ltr'><strong>proferri:</strong></span> <span class='ocrx_word' id='word_1_538' title='bbox 1623 4494 1720 4550; x_wconf 87' lang='lat' dir='ltr'><strong>sed</strong></span> <span class='ocrx_word' id='word_1_539' title='bbox 1767 4492 2033 4549; x_wconf 90' lang='lat' dir='ltr'><strong>custodita</strong></span> <span class='ocrx_word' id='word_1_540' title='bbox 2068 4495 2122 4548; x_wconf 92' lang='lat' dir='ltr'><strong>in</strong></span> 
     </span>
    </p>
   </div>
   <div class='ocr_carea' id='block_1_77' title="bbox 2231 3280 3831 3352">
    <p class='ocr_par' dir='ltr' id='par_1_77' title="bbox 2231 3280 3831 3352">
     <span class='ocr_line' id='line_1_77' title="bbox 2231 3280 3831 3352; baseline 0.003 -16"><span class='ocrx_word' id='word_1_541' title='bbox 2231 3280 2527 3352; x_wconf 87' lang='lat' dir='ltr'><strong>deputans,</strong></span> <span class='ocrx_word' id='word_1_542' title='bbox 2559 3283 2652 3352; x_wconf 91' lang='lat' dir='ltr'><strong>qui</strong></span> <span class='ocrx_word' id='word_1_543' title='bbox 2682 3281 2955 3338; x_wconf 90' lang='lat' dir='ltr'><strong>laboribus</strong></span> <span class='ocrx_word' id='word_1_544' title='bbox 2983 3283 3197 3338; x_wconf 88' lang='lat' dir='ltr'><strong>virtutis</strong></span> <span class='ocrx_word' id='word_1_545' title='bbox 3226 3282 3495 3352; x_wconf 84' lang='lat' dir='ltr'><strong>perfectus</strong></span> <span class='ocrx_word' id='word_1_546' title='bbox 3533 3282 3623 3349; x_wconf 89' lang='lat' dir='ltr'><strong>sit,</strong></span> <span class='ocrx_word' id='word_1_547' title='bbox 3668 3293 3728 3337; x_wconf 91' lang='lat' dir='ltr'><strong>ut</strong></span> <span class='ocrx_word' id='word_1_548' title='bbox 3764 3300 3831 3341; x_wconf 80' lang='lat' dir='ltr'><strong>ex</strong></span> 
     </span>
    </p>
   </div>
   <div class='ocr_carea' id='block_1_78' title="bbox 2230 3371 3829 3430">
    <p class='ocr_par' dir='ltr' id='par_1_78' title="bbox 2230 3371 3829 3430">
     <span class='ocr_line' id='line_1_78' title="bbox 2230 3371 3829 3430; baseline 0.003 -4"><span class='ocrx_word' id='word_1_549' title='bbox 2230 3372 2337 3427; x_wconf 88' lang='lat' dir='ltr'><strong>hoc</strong></span> <span class='ocrx_word' id='word_1_550' title='bbox 2365 3372 2502 3427; x_wconf 92' lang='lat' dir='ltr'><strong>duos</strong></span> <span class='ocrx_word' id='word_1_551' title='bbox 2531 3372 2872 3427; x_wconf 89' lang='lat' dir='ltr'><strong>introducere</strong></span> <span class='ocrx_word' id='word_1_552' title='bbox 2896 3371 3142 3428; x_wconf 88' lang='lat' dir='ltr'><strong>Christos</strong></span> <span class='ocrx_word' id='word_1_553' title='bbox 3185 3372 3270 3427; x_wconf 87' lang='lat' dir='ltr'><strong>vel</strong></span> <span class='ocrx_word' id='word_1_554' title='bbox 3310 3373 3444 3429; x_wconf 88' lang='lat' dir='ltr'><strong>duos</strong></span> <span class='ocrx_word' id='word_1_555' title='bbox 3474 3373 3613 3429; x_wconf 84' lang='lat' dir='ltr'><strong>ﬁlios</strong></span> <span class='ocrx_word' id='word_1_556' title='bbox 3642 3374 3829 3430; x_wconf 83' lang='lat' dir='ltr'><strong>videa-</strong></span> 
     </span>
    </p>
   </div>
   <div class='ocr_carea' id='block_1_79' title="bbox 2231 3465 3831 3535">
    <p class='ocr_par' dir='ltr' id='par_1_79' title="bbox 2231 3465 3831 3535">
     <span class='ocr_line' id='line_1_79' title="bbox 2231 3465 3831 3535; baseline 0.002 -16"><span class='ocrx_word' id='word_1_557' title='bbox 2231 3472 2348 3532; x_wconf 92' lang='lat' dir='ltr'><strong>tur,</strong></span> <span class='ocrx_word' id='word_1_558' title='bbox 2382 3474 2437 3519; x_wconf 89' lang='lat' dir='ltr'><strong>et</strong></span> <span class='ocrx_word' id='word_1_559' title='bbox 2468 3480 2575 3519; x_wconf 91' lang='lat' dir='ltr'><strong>non</strong></span> <span class='ocrx_word' id='word_1_560' title='bbox 2620 3480 2785 3520; x_wconf 90' lang='lat' dir='ltr'><strong>unum</strong></span> <span class='ocrx_word' id='word_1_561' title='bbox 2813 3465 3171 3535; x_wconf 91' lang='lat' dir='ltr'><strong>eumdemque</strong></span> <span class='ocrx_word' id='word_1_562' title='bbox 3199 3466 3369 3522; x_wconf 86' lang='lat' dir='ltr'><strong>credit</strong></span> <span class='ocrx_word' id='word_1_563' title='bbox 3413 3465 3685 3522; x_wconf 88' lang='lat' dir='ltr'><strong>Christum</strong></span> <span class='ocrx_word' id='word_1_564' title='bbox 3735 3466 3831 3523; x_wconf 89' lang='lat' dir='ltr'><strong>Dei</strong></span> 
     </span>
    </p>
   </div>
   <div class='ocr_carea' id='block_1_80' title="bbox 2231 3554 3832 3621">
    <p class='ocr_par' dir='ltr' id='par_1_80' title="bbox 2231 3554 3832 3621">
     <span class='ocr_line' id='line_1_80' title="bbox 2231 3554 3832 3621; baseline 0.002 -12"><span class='ocrx_word' id='word_1_565' title='bbox 2231 3562 2287 3609; x_wconf 87' lang='lat' dir='ltr'><strong>et</strong></span> <span class='ocrx_word' id='word_1_566' title='bbox 2314 3554 2546 3610; x_wconf 91' lang='lat' dir='ltr'><strong>hominis</strong></span> <span class='ocrx_word' id='word_1_567' title='bbox 2574 3555 2768 3610; x_wconf 88' lang='lat' dir='ltr'><strong>Filium</strong></span> <span class='ocrx_word' id='word_1_568' title='bbox 2798 3571 2865 3611; x_wconf 83' lang='lat' dir='ltr'><strong>ex</strong></span> <span class='ocrx_word' id='word_1_569' title='bbox 2891 3556 3098 3621; x_wconf 65' lang='lat' dir='ltr'><strong>duabus</strong></span> <span class='ocrx_word' id='word_1_570' title='bbox 3114 3564 3170 3611; x_wconf 92' lang='lat' dir='ltr'><strong>et</strong></span> <span class='ocrx_word' id='word_1_571' title='bbox 3193 3556 3245 3610; x_wconf 92' lang='lat' dir='ltr'><strong>in</strong></span> <span class='ocrx_word' id='word_1_572' title='bbox 3279 3555 3488 3614; x_wconf 89' lang='lat' dir='ltr'><strong>duabus</strong></span> <span class='ocrx_word' id='word_1_573' title='bbox 3517 3558 3723 3614; x_wconf 89' lang='lat' dir='ltr'><strong>naturis</strong></span> <span class='ocrx_word' id='word_1_574' title='bbox 3751 3560 3832 3613; x_wconf 77' lang='lat' dir='ltr'><strong>in-</strong></span> 
     </span>
    </p>
   </div>
   <div class='ocr_carea' id='block_1_81' title="bbox 2231 3645 3830 3719">
    <p class='ocr_par' dir='ltr' id='par_1_81' title="bbox 2231 3645 3830 3719">
     <span class='ocr_line' id='line_1_81' title="bbox 2231 3645 3830 3719; baseline 0.002 -16"><span class='ocrx_word' id='word_1_575' title='bbox 2231 3647 2624 3717; x_wconf 87' lang='lat' dir='ltr'><strong>separabilibus</strong></span> <span class='ocrx_word' id='word_1_576' title='bbox 2691 3646 3039 3718; x_wconf 87' lang='lat' dir='ltr'><strong>iudivisisque</strong></span> <span class='ocrx_word' id='word_1_577' title='bbox 3080 3645 3444 3705; x_wconf 83' lang='lat' dir='ltr'><strong>conﬁtendum</strong></span> <span class='ocrx_word' id='word_1_578' title='bbox 3492 3657 3654 3719; x_wconf 89' lang='lat' dir='ltr'><strong>atque</strong></span> <span class='ocrx_word' id='word_1_579' title='bbox 3699 3650 3830 3707; x_wconf 87' lang='lat' dir='ltr'><strong>ado-</strong></span> 
     </span>
    </p>
   </div>
   <div class='ocr_carea' id='block_1_82' title="bbox 2230 3740 2908 3807">
    <p class='ocr_par' dir='ltr' id='par_1_82' title="bbox 2230 3740 2908 3807">
     <span class='ocr_line' id='line_1_82' title="bbox 2230 3740 2908 3807; baseline -0.001 -11"><span class='ocrx_word' id='word_1_580' title='bbox 2230 3740 2477 3807; x_wconf 90' lang='lat' dir='ltr'><strong>randum,</strong></span> <span class='ocrx_word' id='word_1_581' title='bbox 2511 3740 2799 3796; x_wconf 86' lang='lat' dir='ltr'><strong>anathema</strong></span> <span class='ocrx_word' id='word_1_582' title='bbox 2818 3741 2908 3795; x_wconf 92' lang='lat' dir='ltr'><strong>sit.</strong></span> 
     </span>
    </p>
   </div>
   <div class='ocr_carea' id='block_1_83' title="bbox 2302 3832 3831 3906">
    <p class='ocr_par' dir='ltr' id='par_1_83' title="bbox 2302 3832 3831 3906">
     <span class='ocr_line' id='line_1_83' title="bbox 2302 3832 3831 3906; baseline 0.004 -20"><span class='ocrx_word' id='word_1_583' title='bbox 2302 3832 2398 3888; x_wconf 83' lang='lat' dir='ltr'><strong>His</strong></span> <span class='ocrx_word' id='word_1_584' title='bbox 2427 3834 2679 3890; x_wconf 90' lang='lat' dir='ltr'><strong>omnibus</strong></span> <span class='ocrx_word' id='word_1_585' title='bbox 2710 3844 2765 3890; x_wconf 90' lang='lat' dir='ltr'><strong>et</strong></span> <span class='ocrx_word' id='word_1_586' title='bbox 2792 3834 3101 3903; x_wconf 90' lang='lat' dir='ltr'><strong>hujusmodi</strong></span> <span class='ocrx_word' id='word_1_587' title='bbox 3133 3834 3477 3906; x_wconf 85' lang='lat' dir='ltr'><strong>blasphemiis</strong></span> <span class='ocrx_word' id='word_1_588' title='bbox 3506 3835 3580 3890; x_wconf 89' lang='lat' dir='ltr'><strong>ita</strong></span> <span class='ocrx_word' id='word_1_589' title='bbox 3610 3849 3641 3891; x_wconf 88' lang='lat' dir='ltr'><strong>a</strong></span> <span class='ocrx_word' id='word_1_590' title='bbox 3671 3836 3831 3892; x_wconf 85' lang='lat' dir='ltr'><strong>nobis</strong></span> 
     </span>
    </p>
   </div>
   <div class='ocr_carea' id='block_1_84' title="bbox 2232 3922 3829 3995">
    <p class='ocr_par' dir='ltr' id='par_1_84' title="bbox 2232 3922 3829 3995">
     <span class='ocr_line' id='line_1_84' title="bbox 2232 3922 3829 3995; baseline 0.003 -17"><span class='ocrx_word' id='word_1_591' title='bbox 2232 3922 2495 3979; x_wconf 84' lang='lat' dir='ltr'><strong>abdicatis</strong></span> <span class='ocrx_word' id='word_1_592' title='bbox 2524 3933 2688 3994; x_wconf 92' lang='lat' dir='ltr'><strong>atque</strong></span> <span class='ocrx_word' id='word_1_593' title='bbox 2716 3924 3013 3990; x_wconf 91' lang='lat' dir='ltr'><strong>damnatis,</strong></span> <span class='ocrx_word' id='word_1_594' title='bbox 3046 3926 3147 3979; x_wconf 88' lang='lat' dir='ltr'><strong>hac</strong></span> <span class='ocrx_word' id='word_1_595' title='bbox 3174 3926 3456 3995; x_wconf 75' lang='lat' dir='ltr'><strong>iraescntis</strong></span> <span class='ocrx_word' id='word_1_596' title='bbox 3481 3927 3829 3982; x_wconf 90' lang='lat' dir='ltr'><strong>constitutio-</strong></span> 
     </span>
    </p>
   </div>
   <div class='ocr_carea' id='block_1_85' title="bbox 2231 4014 3834 4085">
    <p class='ocr_par' dir='ltr' id='par_1_85' title="bbox 2231 4014 3834 4085">
     <span class='ocr_line' id='line_1_85' title="bbox 2231 4014 3834 4085; baseline 0.001 -16"><span class='ocrx_word' id='word_1_597' title='bbox 2231 4015 2315 4069; x_wconf 85' lang='lat' dir='ltr'><strong>nis</strong></span> <span class='ocrx_word' id='word_1_598' title='bbox 2340 4014 2693 4085; x_wconf 88' lang='lat' dir='ltr'><strong>dispositione</strong></span> <span class='ocrx_word' id='word_1_599' title='bbox 2720 4028 2883 4083; x_wconf 91' lang='lat' dir='ltr'><strong>quam</strong></span> <span class='ocrx_word' id='word_1_600' title='bbox 2914 4014 3146 4069; x_wconf 81' lang='lat' dir='ltr'><strong>maxime</strong></span> <span class='ocrx_word' id='word_1_601' title='bbox 3174 4014 3543 4084; x_wconf 88' lang='lat' dir='ltr'><strong>providemus,</strong></span> <span class='ocrx_word' id='word_1_602' title='bbox 3570 4031 3637 4071; x_wconf 90' lang='lat' dir='ltr'><strong>ne</strong></span> <span class='ocrx_word' id='word_1_603' title='bbox 3667 4017 3834 4083; x_wconf 87' lang='lat' dir='ltr'><strong>(sicut</strong></span> 
     </span>
    </p>
   </div>
   <div class='ocr_carea' id='block_1_86' title="bbox 2230 4104 3833 4175">
    <p class='ocr_par' dir='ltr' id='par_1_86' title="bbox 2230 4104 3833 4175">
     <span class='ocr_line' id='line_1_86' title="bbox 2230 4104 3833 4175; baseline 0 -14"><span class='ocrx_word' id='word_1_604' title='bbox 2230 4120 2393 4175; x_wconf 89' lang='lat' dir='ltr'><strong>supra</strong></span> <span class='ocrx_word' id='word_1_605' title='bbox 2436 4104 2696 4175; x_wconf 79' lang='lat' dir='ltr'><strong>diximus)</strong></span> <span class='ocrx_word' id='word_1_606' title='bbox 2746 4105 3014 4174; x_wconf 89' lang='lat' dir='ltr'><strong>personis,</strong></span> <span class='ocrx_word' id='word_1_607' title='bbox 3064 4119 3183 4174; x_wconf 79' lang='lat' dir='ltr'><strong>quae</strong></span> <span class='ocrx_word' id='word_1_608' title='bbox 3231 4105 3285 4159; x_wconf 91' lang='lat' dir='ltr'><strong>in</strong></span> <span class='ocrx_word' id='word_1_609' title='bbox 3333 4121 3466 4175; x_wconf 90' lang='lat' dir='ltr'><strong>pace</strong></span> <span class='ocrx_word' id='word_1_610' title='bbox 3507 4114 3833 4162; x_wconf 83' lang='lat' dir='ltr'><strong>ctcommu-</strong></span> 
     </span>
    </p>
   </div>
   <div class='ocr_carea' id='block_1_87' title="bbox 2232 4194 3833 4265">
    <p class='ocr_par' dir='ltr' id='par_1_87' title="bbox 2232 4194 3833 4265">
     <span class='ocr_line' id='line_1_87' title="bbox 2232 4194 3833 4265; baseline -0.001 -13"><span class='ocrx_word' id='word_1_611' title='bbox 2232 4197 2397 4252; x_wconf 90' lang='lat' dir='ltr'><strong>nione</strong></span> <span class='ocrx_word' id='word_1_612' title='bbox 2422 4195 2739 4252; x_wconf 88' lang='lat' dir='ltr'><strong>universalis</strong></span> <span class='ocrx_word' id='word_1_613' title='bbox 2767 4194 3023 4252; x_wconf 66' lang='lat' dir='ltr'><strong>Ecclesiae</strong></span> <span class='ocrx_word' id='word_1_614' title='bbox 3050 4196 3391 4265; x_wconf 86' lang='lat' dir='ltr'><strong>quieverunt,</strong></span> <span class='ocrx_word' id='word_1_615' title='bbox 3424 4196 3525 4251; x_wconf 90' lang='lat' dir='ltr'><strong>sub</strong></span> <span class='ocrx_word' id='word_1_616' title='bbox 3554 4196 3654 4252; x_wconf 90' lang='lat' dir='ltr'><strong>hac</strong></span> <span class='ocrx_word' id='word_1_617' title='bbox 3681 4197 3833 4252; x_wconf 82' lang='lat' dir='ltr'><strong>dam-</strong></span> 
     </span>
    </p>
   </div>
   <div class='ocr_carea' id='block_1_88' title="bbox 2233 4288 3834 4360">
    <p class='ocr_par' dir='ltr' id='par_1_88' title="bbox 2233 4288 3834 4360">
     <span class='ocr_line' id='line_1_88' title="bbox 2233 4288 3834 4360; baseline 0 -15"><span class='ocrx_word' id='word_1_618' title='bbox 2233 4291 2345 4345; x_wconf 90' lang='lat' dir='ltr'><strong>nati</strong></span> <span class='ocrx_word' id='word_1_619' title='bbox 2393 4305 2424 4345; x_wconf 91' lang='lat' dir='ltr'><strong>a</strong></span> <span class='ocrx_word' id='word_1_620' title='bbox 2481 4290 2640 4346; x_wconf 87' lang='lat' dir='ltr'><strong>nobis</strong></span> <span class='ocrx_word' id='word_1_621' title='bbox 2690 4289 2927 4360; x_wconf 90' lang='lat' dir='ltr'><strong>perversi</strong></span> <span class='ocrx_word' id='word_1_622' title='bbox 2993 4288 3257 4359; x_wconf 87' lang='lat' dir='ltr'><strong>dogmatis</strong></span> <span class='ocrx_word' id='word_1_623' title='bbox 3304 4288 3587 4345; x_wconf 88' lang='lat' dir='ltr'><strong>occasione</strong></span> <span class='ocrx_word' id='word_1_624' title='bbox 3631 4289 3834 4359; x_wconf 89' lang='lat' dir='ltr'><strong>aliquid</strong></span> 
     </span>
    </p>
   </div>
   <div class='ocr_carea' id='block_1_89' title="bbox 2231 4377 3833 4449">
    <p class='ocr_par' dir='ltr' id='par_1_89' title="bbox 2231 4377 3833 4449">
     <span class='ocr_line' id='line_1_89' title="bbox 2231 4377 3833 4449; baseline -0.001 -13"><span class='ocrx_word' id='word_1_625' title='bbox 2231 4380 2536 4449; x_wconf 83' lang='lat' dir='ltr'><strong>derogetur,</strong></span> <span class='ocrx_word' id='word_1_626' title='bbox 2570 4379 2664 4436; x_wconf 89' lang='lat' dir='ltr'><strong>sed</strong></span> <span class='ocrx_word' id='word_1_627' title='bbox 2689 4378 3110 4435; x_wconf 83' lang='lat' dir='ltr'><strong>exsecrabilibus</strong></span> <span class='ocrx_word' id='word_1_628' title='bbox 3140 4377 3486 4448; x_wconf 86' lang='lat' dir='ltr'><strong>dogmatibus</strong></span> <span class='ocrx_word' id='word_1_629' title='bbox 3507 4379 3560 4434; x_wconf 91' lang='lat' dir='ltr'><strong>in</strong></span> <span class='ocrx_word' id='word_1_630' title='bbox 3582 4378 3833 4435; x_wconf 87' lang='lat' dir='ltr'><strong>Nestorio</strong></span> 
     </span>
    </p>
   </div>
   <div class='ocr_carea' id='block_1_90' title="bbox 2233 4470 3834 4544">
    <p class='ocr_par' dir='ltr' id='par_1_90' title="bbox 2233 4470 3834 4544">
     <span class='ocr_line' id='line_1_90' title="bbox 2233 4470 3834 4544; baseline -0.002 -16"><span class='ocrx_word' id='word_1_631' title='bbox 2233 4481 2396 4544; x_wconf 90' lang='lat' dir='ltr'><strong>atque</strong></span> <span class='ocrx_word' id='word_1_632' title='bbox 2425 4472 2728 4543; x_wconf 86' lang='lat' dir='ltr'><strong>Eutychete</strong></span> <span class='ocrx_word' id='word_1_633' title='bbox 2770 4470 3142 4527; x_wconf 72' lang='lat' dir='ltr'><strong>haeresiarchis</strong></span> <span class='ocrx_word' id='word_1_634' title='bbox 3169 4512 3185 4539; x_wconf 96' lang='lat'><strong>,</strong></span> <span class='ocrx_word' id='word_1_635' title='bbox 3238 4471 3611 4541; x_wconf 87' lang='lat' dir='ltr'><strong>universisque</strong></span> <span class='ocrx_word' id='word_1_636' title='bbox 3639 4485 3834 4526; x_wconf 89' lang='lat' dir='ltr'><strong>eorum</strong></span> 
     </span>
    </p>
   </div>
   <div class='ocr_carea' id='block_1_91' title="bbox 523 4561 3836 4661">
    <p class='ocr_par' dir='ltr' id='par_1_91' title="bbox 523 4561 3836 4661">
     <span class='ocr_line' id='line_1_91' title="bbox 523 4561 3836 4661; baseline -0.005 -13"><span class='ocrx_word' id='word_1_637' title='bbox 523 4561 774 4648; x_wconf 74' lang='lat' dir='ltr'><strong>omnibus</strong></span> <span class='ocrx_word' id='word_1_638' title='bbox 818 4561 1063 4661; x_wconf 69' lang='lat' dir='ltr'><strong>personaa</strong></span> <span class='ocrx_word' id='word_1_639' title='bbox 1111 4561 1228 4658; x_wconf 82' lang='lat' dir='ltr'><strong>eius</strong></span> <span class='ocrx_word' id='word_1_640' title='bbox 1257 4561 1558 4643; x_wconf 76' lang='lat' dir='ltr'><strong>reverentia</strong></span> <span class='ocrx_word' id='word_1_641' title='bbox 1583 4626 1597 4652; x_wconf 94' lang='lat'><strong>,</strong></span> <span class='ocrx_word' id='word_1_642' title='bbox 1628 4601 1962 4656; x_wconf 86' lang='lat' dir='ltr'><strong>quaecunque</strong></span> <span class='ocrx_word' id='word_1_643' title='bbox 1992 4587 2127 4642; x_wconf 89' lang='lat' dir='ltr'><strong>scri-</strong></span> <span class='ocrx_word' id='word_1_644' title='bbox 2154 4574 2203 4634; x_wconf 84' lang='grc' dir='ltr'><strong>Ι)</strong></span> <span class='ocrx_word' id='word_1_645' title='bbox 2230 4561 2963 4661; x_wconf 42' lang='grc' dir='ltr'><strong>εθίΙ-υδξξίδυδξίξῐξάτῖητηὲῖξδν</strong></span> <span class='ocrx_word' id='word_1_646' title='bbox 2989 4561 3092 4661; x_wconf 38' lang='lat' dir='ltr'><strong>illi?</strong></span> <span class='ocrx_word' id='word_1_647' title='bbox 3113 4561 3489 4661; x_wconf 63' lang='grc' dir='ltr'><strong>εθεθτάοίξδυε</strong></span> <span class='ocrx_word' id='word_1_648' title='bbox 3508 4562 3836 4661; x_wconf 31' lang='grc' dir='ltr'><strong>(Ιυίξηῆβπιξ</strong></span> 
     </span>
    </p>
   </div>
   <div class='ocr_carea' id='block_1_92' title="bbox 522 4679 2127 4758">
    <p class='ocr_par' dir='ltr' id='par_1_92' title="bbox 522 4679 2127 4758">
     <span class='ocr_line' id='line_1_92' title="bbox 522 4679 2127 4758; baseline -0.004 -17"><span class='ocrx_word' id='word_1_649' title='bbox 522 4695 653 4758; x_wconf 87' lang='lat' dir='ltr'><strong>pta,</strong></span> <span class='ocrx_word' id='word_1_650' title='bbox 706 4685 793 4740; x_wconf 85' lang='lat' dir='ltr'><strong>vel</strong></span> <span class='ocrx_word' id='word_1_651' title='bbox 840 4684 1091 4751; x_wconf 88' lang='lat' dir='ltr'><strong>dogmata</strong></span> <span class='ocrx_word' id='word_1_652' title='bbox 1137 4681 1253 4752; x_wconf 88' lang='lat' dir='ltr'><strong>ejus</strong></span> <span class='ocrx_word' id='word_1_653' title='bbox 1302 4679 1591 4749; x_wconf 88' lang='lat' dir='ltr'><strong>cujuslibet</strong></span> <span class='ocrx_word' id='word_1_654' title='bbox 1618 4689 1645 4717; x_wconf 79' lang='grc' dir='ltr'>ι</span> <span class='ocrx_word' id='word_1_655' title='bbox 1674 4679 1892 4735; x_wconf 91' lang='lat' dir='ltr'><strong>nomine</strong></span> <span class='ocrx_word' id='word_1_656' title='bbox 1916 4680 2127 4749; x_wconf 87' lang='lat' dir='ltr'><strong>prolata</strong></span> 
     </span>
    </p>
   </div>
   <div class='ocr_carea' id='block_1_93' title="bbox 521 4769 2126 4841">
    <p class='ocr_par' dir='ltr' id='par_1_93' title="bbox 521 4769 2126 4841">
     <span class='ocr_line' id='line_1_93' title="bbox 521 4769 2126 4841; baseline -0.005 -8"><span class='ocrx_word' id='word_1_657' title='bbox 521 4776 911 4833; x_wconf 87' lang='lat' dir='ltr'><strong>sceleratorum</strong></span> <span class='ocrx_word' id='word_1_658' title='bbox 938 4772 1172 4828; x_wconf 90' lang='lat' dir='ltr'><strong>Nestorii</strong></span> <span class='ocrx_word' id='word_1_659' title='bbox 1201 4780 1365 4841; x_wconf 90' lang='lat' dir='ltr'><strong>atque</strong></span> <span class='ocrx_word' id='word_1_660' title='bbox 1406 4769 1721 4841; x_wconf 86' lang='lat' dir='ltr'><strong>Eutychetis</strong></span> <span class='ocrx_word' id='word_1_661' title='bbox 1770 4770 2126 4825; x_wconf 89' lang='lat' dir='ltr'><strong>manifestan-</strong></span> 
     </span>
    </p>
   </div>
   <div class='ocr_carea' id='block_1_94' title="bbox 522 4860 2129 4930">
    <p class='ocr_par' dir='ltr' id='par_1_94' title="bbox 522 4860 2129 4930">
     <span class='ocr_line' id='line_1_94' title="bbox 522 4860 2129 4930; baseline -0.004 -8"><span class='ocrx_word' id='word_1_662' title='bbox 522 4874 612 4923; x_wconf 88' lang='lat' dir='ltr'><strong>tur</strong></span> <span class='ocrx_word' id='word_1_663' title='bbox 674 4866 949 4923; x_wconf 83' lang='lat' dir='ltr'><strong>erroribus</strong></span> <span class='ocrx_word' id='word_1_664' title='bbox 1010 4877 1315 4920; x_wconf 88' lang='lat' dir='ltr'><strong>consonare</strong></span> <span class='ocrx_word' id='word_1_665' title='bbox 1379 4860 1900 4916; x_wconf 88' lang='lat' dir='ltr'><strong>anathematizamus</strong></span> <span class='ocrx_word' id='word_1_666' title='bbox 1963 4868 2129 4930; x_wconf 90' lang='lat' dir='ltr'><strong>atque</strong></span> 
     </span>
    </p>
   </div>
   <div class='ocr_carea' id='block_1_95' title="bbox 522 4938 2130 5022">
    <p class='ocr_par' dir='ltr' id='par_1_95' title="bbox 522 4938 2130 5022">
     <span class='ocr_line' id='line_1_95' title="bbox 522 4938 2130 5022; baseline -0.004 -9"><span class='ocrx_word' id='word_1_667' title='bbox 522 4956 861 5013; x_wconf 87' lang='lat' dir='ltr'><strong>damnamus.</strong></span> <span class='ocrx_word' id='word_1_668' title='bbox 894 4955 1110 5011; x_wconf 88' lang='lat' dir='ltr'><strong>Etenim</strong></span> <span class='ocrx_word' id='word_1_669' title='bbox 1141 4938 1272 5010; x_wconf 73' lang='lat' dir='ltr'><strong>Satis</strong></span> <span class='ocrx_word' id='word_1_670' title='bbox 1295 4953 1499 5019; x_wconf 89' lang='lat' dir='ltr'><strong>habet,</strong></span> <span class='ocrx_word' id='word_1_671' title='bbox 1528 4952 1848 5022; x_wconf 92' lang='lat' dir='ltr'><strong>abundeque</strong></span> <span class='ocrx_word' id='word_1_672' title='bbox 1880 4950 2130 5008; x_wconf 73' lang='lat' dir='ltr'><strong>sufﬁcere</strong></span> 
     </span>
    </p>
   </div>
   <div class='ocr_carea' id='block_1_96' title="bbox 523 5042 2128 5119">
    <p class='ocr_par' dir='ltr' id='par_1_96' title="bbox 523 5042 2128 5119">
     <span class='ocr_line' id='line_1_96' title="bbox 523 5042 2128 5119; baseline -0.004 -17"><span class='ocrx_word' id='word_1_673' title='bbox 523 5047 711 5116; x_wconf 89' lang='lat' dir='ltr'><strong>debet,</strong></span> <span class='ocrx_word' id='word_1_674' title='bbox 752 5047 899 5119; x_wconf 91' lang='lat' dir='ltr'><strong>quod</strong></span> <span class='ocrx_word' id='word_1_675' title='bbox 923 5046 1244 5101; x_wconf 88' lang='lat' dir='ltr'><strong>damnantes</strong></span> <span class='ocrx_word' id='word_1_676' title='bbox 1272 5051 1434 5114; x_wconf 90' lang='lat' dir='ltr'><strong>atque</strong></span> <span class='ocrx_word' id='word_1_677' title='bbox 1460 5042 1979 5099; x_wconf 86' lang='lat' dir='ltr'><strong>anathematizantes</strong></span> <span class='ocrx_word' id='word_1_678' title='bbox 2004 5056 2128 5097; x_wconf 92' lang='lat' dir='ltr'><strong>cum</strong></span> 
     </span>
    </p>
   </div>
   <div class='ocr_carea' id='block_1_97' title="bbox 524 5133 2127 5200">
    <p class='ocr_par' dir='ltr' id='par_1_97' title="bbox 524 5133 2127 5200">
     <span class='ocr_line' id='line_1_97' title="bbox 524 5133 2127 5200; baseline -0.006 -5"><span class='ocrx_word' id='word_1_679' title='bbox 524 5139 696 5197; x_wconf 89' lang='lat' dir='ltr'><strong>Paulo</strong></span> <span class='ocrx_word' id='word_1_680' title='bbox 716 5140 1074 5196; x_wconf 87' lang='lat' dir='ltr'><strong>Samosateno</strong></span> <span class='ocrx_word' id='word_1_681' title='bbox 1104 5146 1159 5193; x_wconf 91' lang='lat' dir='ltr'><strong>et</strong></span> <span class='ocrx_word' id='word_1_682' title='bbox 1187 5137 1401 5192; x_wconf 86' lang='lat' dir='ltr'><strong>Bonoso</strong></span> <span class='ocrx_word' id='word_1_683' title='bbox 1426 5134 1752 5200; x_wconf 88' lang='lat' dir='ltr'><strong>Nestorium,</strong></span> <span class='ocrx_word' id='word_1_684' title='bbox 1776 5142 1831 5190; x_wconf 92' lang='lat' dir='ltr'><strong>et</strong></span> <span class='ocrx_word' id='word_1_685' title='bbox 1856 5148 1888 5189; x_wconf 93' lang='lat' dir='ltr'><strong>e</strong></span> <span class='ocrx_word' id='word_1_686' title='bbox 1910 5133 2127 5187; x_wconf 89' lang='lat' dir='ltr'><strong>diverso</strong></span> 
     </span>
    </p>
   </div>
   <div class='ocr_carea' id='block_1_98' title="bbox 523 5219 2128 5299">
    <p class='ocr_par' dir='ltr' id='par_1_98' title="bbox 523 5219 2128 5299">
     <span class='ocr_line' id='line_1_98' title="bbox 523 5219 2128 5299; baseline -0.011 -6"><span class='ocrx_word' id='word_1_687' title='bbox 523 5250 645 5293; x_wconf 91' lang='lat' dir='ltr'><strong>cum</strong></span> <span class='ocrx_word' id='word_1_688' title='bbox 693 5233 977 5289; x_wconf 88' lang='lat' dir='ltr'><strong>Valentino</strong></span> <span class='ocrx_word' id='word_1_689' title='bbox 1023 5238 1184 5299; x_wconf 89' lang='lat' dir='ltr'><strong>atque</strong></span> <span class='ocrx_word' id='word_1_690' title='bbox 1212 5228 1523 5299; x_wconf 83' lang='lat' dir='ltr'><strong>Apollinare</strong></span> <span class='ocrx_word' id='word_1_691' title='bbox 1561 5226 1919 5298; x_wconf 86' lang='lat' dir='ltr'><strong>Eutychetem</strong></span> <span class='ocrx_word' id='word_1_692' title='bbox 1966 5219 2128 5279; x_wconf 88' lang='lat' dir='ltr'><strong>simul</strong></span> 
     </span>
    </p>
   </div>
   <div class='ocr_carea' id='block_1_99' title="bbox 523 5318 2127 5390">
    <p class='ocr_par' dir='ltr' id='par_1_99' title="bbox 523 5318 2127 5390">
     <span class='ocr_line' id='line_1_99' title="bbox 523 5318 2127 5390; baseline -0.01 -7"><span class='ocrx_word' id='word_1_693' title='bbox 523 5336 581 5383; x_wconf 92' lang='lat' dir='ltr'><strong>et</strong></span> <span class='ocrx_word' id='word_1_694' title='bbox 627 5339 841 5381; x_wconf 89' lang='lat' dir='ltr'><strong>errores</strong></span> <span class='ocrx_word' id='word_1_695' title='bbox 886 5338 1117 5386; x_wconf 91' lang='lat' dir='ltr'><strong>eorum,</strong></span> <span class='ocrx_word' id='word_1_696' title='bbox 1168 5321 1411 5390; x_wconf 84' lang='lat' dir='ltr'><strong>aliosque</strong></span> <span class='ocrx_word' id='word_1_697' title='bbox 1448 5318 1738 5374; x_wconf 80' lang='lat' dir='ltr'><strong>haereticos</strong></span> <span class='ocrx_word' id='word_1_698' title='bbox 1786 5328 1974 5372; x_wconf 90' lang='lat' dir='ltr'><strong>omnes</strong></span> <span class='ocrx_word' id='word_1_699' title='bbox 2003 5327 2127 5368; x_wconf 90' lang='lat' dir='ltr'><strong>cum</strong></span> 
     </span>
    </p>
   </div>
   <div class='ocr_carea' id='block_1_100' title="bbox 522 5410 2125 5488">
    <p class='ocr_par' dir='ltr' id='par_1_100' title="bbox 522 5410 2125 5488">
     <span class='ocr_line' id='line_1_100' title="bbox 522 5410 2125 5488; baseline -0.01 -11"><span class='ocrx_word' id='word_1_700' title='bbox 522 5418 866 5488; x_wconf 81' lang='lat' dir='ltr'><strong>dogmatibus</strong></span> <span class='ocrx_word' id='word_1_701' title='bbox 891 5417 1002 5474; x_wconf 88' lang='lat' dir='ltr'><strong>suis</strong></span> <span class='ocrx_word' id='word_1_702' title='bbox 1020 5456 1036 5481; x_wconf 95' lang='lat'><strong>,</strong></span> <span class='ocrx_word' id='word_1_703' title='bbox 1080 5415 1202 5471; x_wconf 89' lang='lat' dir='ltr'><strong>illos</strong></span> <span class='ocrx_word' id='word_1_704' title='bbox 1229 5429 1445 5485; x_wconf 91' lang='lat' dir='ltr'><strong>quoque</strong></span> <span class='ocrx_word' id='word_1_705' title='bbox 1475 5413 1679 5484; x_wconf 89' lang='lat' dir='ltr'><strong>pariter</strong></span> <span class='ocrx_word' id='word_1_706' title='bbox 1700 5410 2125 5467; x_wconf 87' lang='lat' dir='ltr'><strong>condemnamus</strong></span> 
     </span>
    </p>
   </div>
   <div class='ocr_carea' id='block_1_101' title="bbox 521 5503 2124 5584">
    <p class='ocr_par' dir='ltr' id='par_1_101' title="bbox 521 5503 2124 5584">
     <span class='ocr_line' id='line_1_101' title="bbox 521 5503 2124 5584; baseline -0.009 -16"><span class='ocrx_word' id='word_1_707' title='bbox 521 5512 619 5584; x_wconf 91' lang='lat' dir='ltr'><strong>qui</strong></span> <span class='ocrx_word' id='word_1_708' title='bbox 647 5524 835 5567; x_wconf 88' lang='lat' dir='ltr'><strong>eorum</strong></span> <span class='ocrx_word' id='word_1_709' title='bbox 874 5508 1119 5580; x_wconf 88' lang='lat' dir='ltr'><strong>impliciti</strong></span> <span class='ocrx_word' id='word_1_710' title='bbox 1165 5510 1241 5562; x_wconf 86' lang='lat' dir='ltr'><strong>et’</strong></span> <span class='ocrx_word' id='word_1_711' title='bbox 1268 5503 1691 5563; x_wconf 89' lang='lat' dir='ltr'><strong>inemendabiles</strong></span> <span class='ocrx_word' id='word_1_712' title='bbox 1740 5506 2124 5571; x_wconf 87' lang='lat' dir='ltr'><strong>permanentes</strong></span> 
     </span>
    </p>
   </div>
   <div class='ocr_carea' id='block_1_102' title="bbox 524 5591 2125 5671">
    <p class='ocr_par' dir='ltr' id='par_1_102' title="bbox 524 5591 2125 5671">
     <span class='ocr_line' id='line_1_102' title="bbox 524 5591 2125 5671; baseline -0.008 -14"><span class='ocrx_word' id='word_1_713' title='bbox 524 5601 593 5657; x_wconf 92' lang='lat' dir='ltr'><strong>de</strong></span> <span class='ocrx_word' id='word_1_714' title='bbox 622 5600 729 5657; x_wconf 86' lang='lat' dir='ltr'><strong>vita</strong></span> <span class='ocrx_word' id='word_1_715' title='bbox 757 5599 1034 5671; x_wconf 55' lang='lat' dir='ltr'><strong>praesentis</strong></span> <span class='ocrx_word' id='word_1_716' title='bbox 1061 5598 1247 5654; x_wconf 72' lang='lat' dir='ltr'><strong>saeculi</strong></span> <span class='ocrx_word' id='word_1_717' title='bbox 1270 5598 1655 5668; x_wconf 85' lang='lat' dir='ltr'><strong>migraverunt.</strong></span> <span class='ocrx_word' id='word_1_718' title='bbox 1702 5591 1981 5662; x_wconf 85' lang='lat' dir='ltr'><strong>Siquidem</strong></span> <span class='ocrx_word' id='word_1_719' title='bbox 2027 5606 2125 5660; x_wconf 87' lang='lat' dir='ltr'><strong>per</strong></span> 
     </span>
    </p>
   </div>
   <div class='ocr_carea' id='block_1_103' title="bbox 524 5683 2126 5768">
    <p class='ocr_par' dir='ltr' id='par_1_103' title="bbox 524 5683 2126 5768">
     <span class='ocr_line' id='line_1_103' title="bbox 524 5683 2126 5768; baseline -0.009 -13"><span class='ocrx_word' id='word_1_720' title='bbox 524 5696 632 5756; x_wconf 85' lang='lat' dir='ltr'><strong>hoc</strong></span> <span class='ocrx_word' id='word_1_721' title='bbox 657 5694 791 5752; x_wconf 87' lang='lat' dir='ltr'><strong>nihil</strong></span> <span class='ocrx_word' id='word_1_722' title='bbox 831 5707 1101 5768; x_wconf 70' lang='lat' dir='ltr'><strong>perversre</strong></span> <span class='ocrx_word' id='word_1_723' title='bbox 1138 5691 1397 5750; x_wconf 72' lang='lat' dir='ltr'><strong>doctrina:</strong></span> <span class='ocrx_word' id='word_1_724' title='bbox 1422 5687 1799 5758; x_wconf 88' lang='lat' dir='ltr'><strong>relinquimus,</strong></span> <span class='ocrx_word' id='word_1_725' title='bbox 1845 5683 1989 5753; x_wconf 90' lang='lat' dir='ltr'><strong>quod</strong></span> <span class='ocrx_word' id='word_1_726' title='bbox 2016 5699 2126 5743; x_wconf 92' lang='lat' dir='ltr'><strong>non</strong></span> 
     </span>
    </p>
   </div>
   <div class='ocr_carea' id='block_1_104' title="bbox 509 5859 2047 5948">
    <p class='ocr_par' dir='ltr' id='par_1_104' title="bbox 509 5859 2047 5948">
     <span class='ocr_line' id='line_1_104' title="bbox 509 5859 2047 5948; baseline -0.016 -11"><span class='ocrx_word' id='word_1_727' title='bbox 509 5941 519 5948; x_wconf 49' lang='grc'><strong><em>,</em></strong></span> <span class='ocrx_word' id='word_1_728' title='bbox 598 5884 628 5916; x_wconf 76' lang='grc'><strong><em>³</em></strong></span> <span class='ocrx_word' id='word_1_729' title='bbox 653 5873 837 5947; x_wconf 80' lang='lat' dir='ltr'><strong>Forte,</strong></span> <span class='ocrx_word' id='word_1_730' title='bbox 859 5874 973 5947; x_wconf 78' lang='lat' dir='ltr'><strong>ejus</strong></span> <span class='ocrx_word' id='word_1_731' title='bbox 990 5911 1006 5943; x_wconf 94' lang='lat'><strong>,</strong></span> <span class='ocrx_word' id='word_1_732' title='bbox 1035 5878 1125 5931; x_wconf 84' lang='lat' dir='ltr'><strong>aut</strong></span> <span class='ocrx_word' id='word_1_733' title='bbox 1150 5868 1362 5929; x_wconf 76' lang='lat' dir='ltr'><strong>alterius</strong></span> <span class='ocrx_word' id='word_1_734' title='bbox 1390 5863 1681 5940; x_wconf 75' lang='lat' dir='ltr'><strong>cujuslibet.</strong></span> <span class='ocrx_word' id='word_1_735' title='bbox 1712 5859 2047 5921; x_wconf 67' lang='lat' dir='ltr'><strong>Eunomus.</strong></span> 
     </span>
    </p>
   </div>
   <div class='ocr_carea' id='block_1_105' title="bbox 2231 4652 3835 4726">
    <p class='ocr_par' dir='ltr' id='par_1_105' title="bbox 2231 4652 3835 4726">
     <span class='ocr_line' id='line_1_105' title="bbox 2231 4652 3835 4726; baseline 0 -17"><span class='ocrx_word' id='word_1_736' title='bbox 2231 4654 2499 4710; x_wconf 90' lang='lat' dir='ltr'><strong>catholica</strong></span> <span class='ocrx_word' id='word_1_737' title='bbox 2551 4652 2803 4709; x_wconf 73' lang='lat' dir='ltr'><strong>Ecclesia:</strong></span> <span class='ocrx_word' id='word_1_738' title='bbox 2844 4654 3005 4725; x_wconf 91' lang='lat' dir='ltr'><strong>(sicut</strong></span> <span class='ocrx_word' id='word_1_739' title='bbox 3033 4653 3236 4708; x_wconf 89' lang='lat' dir='ltr'><strong>dictum</strong></span> <span class='ocrx_word' id='word_1_740' title='bbox 3283 4652 3390 4726; x_wconf 88' lang='lat' dir='ltr'><strong>est.)</strong></span> <span class='ocrx_word' id='word_1_741' title='bbox 3429 4662 3553 4710; x_wconf 89' lang='lat' dir='ltr'><strong>sunt</strong></span> <span class='ocrx_word' id='word_1_742' title='bbox 3596 4652 3835 4710; x_wconf 89' lang='lat' dir='ltr'><strong>defuncti</strong></span> 
     </span>
    </p>
   </div>
   <div class='ocr_carea' id='block_1_106' title="bbox 2231 4744 3832 4815">
    <p class='ocr_par' dir='ltr' id='par_1_106' title="bbox 2231 4744 3832 4815">
     <span class='ocr_line' id='line_1_106' title="bbox 2231 4744 3832 4815; baseline -0.001 -14"><span class='ocrx_word' id='word_1_743' title='bbox 2231 4747 2379 4801; x_wconf 90' lang='lat' dir='ltr'><strong>nulla</strong></span> <span class='ocrx_word' id='word_1_744' title='bbox 2404 4746 2732 4801; x_wconf 86' lang='lat' dir='ltr'><strong>contumelia</strong></span> <span class='ocrx_word' id='word_1_745' title='bbox 2758 4753 3044 4815; x_wconf 85' lang='lat' dir='ltr'><strong>generetur</strong></span> <span class='ocrx_word' id='word_1_746' title='bbox 3066 4785 3081 4812; x_wconf 92' lang='lat'><strong>,</strong></span> <span class='ocrx_word' id='word_1_747' title='bbox 3114 4759 3184 4800; x_wconf 93' lang='lat' dir='ltr'><strong>ne</strong></span> <span class='ocrx_word' id='word_1_748' title='bbox 3213 4744 3338 4800; x_wconf 90' lang='lat' dir='ltr'><strong>inde</strong></span> <span class='ocrx_word' id='word_1_749' title='bbox 3382 4745 3703 4814; x_wconf 86' lang='lat' dir='ltr'><strong>iniuriarum</strong></span> <span class='ocrx_word' id='word_1_750' title='bbox 3734 4761 3832 4800; x_wconf 90' lang='lat' dir='ltr'><strong>na-</strong></span> 
     </span>
    </p>
   </div>
   <div class='ocr_carea' id='block_1_107' title="bbox 2231 4832 3836 4909">
    <p class='ocr_par' dir='ltr' id='par_1_107' title="bbox 2231 4832 3836 4909">
     <span class='ocr_line' id='line_1_107' title="bbox 2231 4832 3836 4909; baseline 0.001 -14"><span class='ocrx_word' id='word_1_751' title='bbox 2231 4848 2412 4895; x_wconf 90' lang='lat' dir='ltr'><strong>scatur</strong></span> <span class='ocrx_word' id='word_1_752' title='bbox 2432 4839 2668 4905; x_wconf 89' lang='lat' dir='ltr'><strong>occasio,</strong></span> <span class='ocrx_word' id='word_1_753' title='bbox 2689 4838 2831 4894; x_wconf 92' lang='lat' dir='ltr'><strong>unde</strong></span> <span class='ocrx_word' id='word_1_754' title='bbox 2855 4832 3037 4909; x_wconf 88' lang='lat' dir='ltr'><strong>potius</strong></span> <span class='ocrx_word' id='word_1_755' title='bbox 3061 4838 3258 4895; x_wconf 87' lang='lat' dir='ltr'><strong>debeat</strong></span> <span class='ocrx_word' id='word_1_756' title='bbox 3278 4847 3589 4895; x_wconf 89' lang='lat' dir='ltr'><strong>sanctorum</strong></span> <span class='ocrx_word' id='word_1_757' title='bbox 3612 4837 3836 4895; x_wconf 86' lang='lat' dir='ltr'><strong>Patrum</strong></span> 
     </span>
    </p>
   </div>
   <div class='ocr_carea' id='block_1_108' title="bbox 2232 4927 2850 4985">
    <p class='ocr_par' dir='ltr' id='par_1_108' title="bbox 2232 4927 2850 4985">
     <span class='ocr_line' id='line_1_108' title="bbox 2232 4927 2850 4985; baseline -0.005 0"><span class='ocrx_word' id='word_1_758' title='bbox 2232 4929 2535 4985; x_wconf 83' lang='lat' dir='ltr'><strong>reverentia</strong></span> <span class='ocrx_word' id='word_1_759' title='bbox 2571 4927 2850 4985; x_wconf 87' lang='lat' dir='ltr'><strong>custodiri.</strong></span> 
     </span>
    </p>
   </div>
   <div class='ocr_carea' id='block_1_109' title="bbox 2304 5016 3835 5092">
    <p class='ocr_par' dir='ltr' id='par_1_109' title="bbox 2304 5016 3835 5092">
     <span class='ocr_line' id='line_1_109' title="bbox 2304 5016 3835 5092; baseline 0.001 -18"><span class='ocrx_word' id='word_1_760' title='bbox 2304 5020 2381 5075; x_wconf 91' lang='lat' dir='ltr'><strong>De</strong></span> <span class='ocrx_word' id='word_1_761' title='bbox 2405 5019 2632 5091; x_wconf 87' lang='lat' dir='ltr'><strong>epistola</strong></span> <span class='ocrx_word' id='word_1_762' title='bbox 2674 5016 2889 5092; x_wconf 88' lang='lat' dir='ltr'><strong>quoque</strong></span> <span class='ocrx_word' id='word_1_763' title='bbox 2918 5021 3240 5078; x_wconf 80' lang='lat' dir='ltr'><strong>venerabilis</strong></span> <span class='ocrx_word' id='word_1_764' title='bbox 3268 5021 3369 5077; x_wconf 87' lang='lat' dir='ltr'><strong>viri</strong></span> <span class='ocrx_word' id='word_1_765' title='bbox 3397 5020 3522 5088; x_wconf 68' lang='lat' dir='ltr'><strong>lbae,</strong></span> <span class='ocrx_word' id='word_1_766' title='bbox 3555 5020 3835 5092; x_wconf 89' lang='lat' dir='ltr'><strong>quondam</strong></span> 
     </span>
    </p>
   </div>
   <div class='ocr_carea' id='block_1_110' title="bbox 2232 5113 3837 5185">
    <p class='ocr_par' dir='ltr' id='par_1_110' title="bbox 2232 5113 3837 5185">
     <span class='ocr_line' id='line_1_110' title="bbox 2232 5113 3837 5185; baseline -0.002 -15"><span class='ocrx_word' id='word_1_767' title='bbox 2232 5113 2519 5170; x_wconf 75' lang='lat' dir='ltr'><strong>Edessena:</strong></span> <span class='ocrx_word' id='word_1_768' title='bbox 2556 5115 2788 5170; x_wconf 89' lang='lat' dir='ltr'><strong>civitatis</strong></span> <span class='ocrx_word' id='word_1_769' title='bbox 2828 5114 3089 5185; x_wconf 88' lang='lat' dir='ltr'><strong>episcopi,</strong></span> <span class='ocrx_word' id='word_1_770' title='bbox 3141 5114 3209 5170; x_wconf 88' lang='lat' dir='ltr'><strong>de</strong></span> <span class='ocrx_word' id='word_1_771' title='bbox 3260 5129 3366 5183; x_wconf 88' lang='lat' dir='ltr'><strong>qua</strong></span> <span class='ocrx_word' id='word_1_772' title='bbox 3411 5114 3614 5185; x_wconf 88' lang='lat' dir='ltr'><strong>pariter</strong></span> <span class='ocrx_word' id='word_1_773' title='bbox 3654 5113 3837 5183; x_wconf 86' lang='lat' dir='ltr'><strong>inqui-</strong></span> 
     </span>
    </p>
   </div>
   <div class='ocr_carea' id='block_1_111' title="bbox 2232 5206 3840 5277">
    <p class='ocr_par' dir='ltr' id='par_1_111' title="bbox 2232 5206 3840 5277">
     <span class='ocr_line' id='line_1_111' title="bbox 2232 5206 3840 5277; baseline -0.001 -15"><span class='ocrx_word' id='word_1_774' title='bbox 2232 5206 2404 5273; x_wconf 91' lang='lat' dir='ltr'><strong>sistis,</strong></span> <span class='ocrx_word' id='word_1_775' title='bbox 2438 5207 2680 5276; x_wconf 87' lang='lat' dir='ltr'><strong>diligenti</strong></span> <span class='ocrx_word' id='word_1_776' title='bbox 2725 5206 3074 5263; x_wconf 89' lang='lat' dir='ltr'><strong>nihilominus</strong></span> <span class='ocrx_word' id='word_1_777' title='bbox 3124 5206 3539 5276; x_wconf 89' lang='lat' dir='ltr'><strong>investigatione</strong></span> <span class='ocrx_word' id='word_1_778' title='bbox 3586 5207 3840 5277; x_wconf 61' lang='lat' dir='ltr'><strong>quaesivi-</strong></span> 
     </span>
    </p>
   </div>
   <div class='ocr_carea' id='block_1_112' title="bbox 2232 5298 3839 5373">
    <p class='ocr_par' dir='ltr' id='par_1_112' title="bbox 2232 5298 3839 5373">
     <span class='ocr_line' id='line_1_112' title="bbox 2232 5298 3839 5373; baseline 0.001 -18"><span class='ocrx_word' id='word_1_779' title='bbox 2232 5316 2373 5365; x_wconf 89' lang='lat' dir='ltr'><strong>mus,</strong></span> <span class='ocrx_word' id='word_1_780' title='bbox 2416 5303 2462 5357; x_wconf 90' lang='lat' dir='ltr'><strong>si</strong></span> <span class='ocrx_word' id='word_1_781' title='bbox 2491 5301 2617 5371; x_wconf 93' lang='lat' dir='ltr'><strong>quid</strong></span> <span class='ocrx_word' id='word_1_782' title='bbox 2648 5302 2715 5357; x_wconf 91' lang='lat' dir='ltr'><strong>de</strong></span> <span class='ocrx_word' id='word_1_783' title='bbox 2758 5316 2822 5356; x_wconf 82' lang='lat' dir='ltr'><strong>ea</strong></span> <span class='ocrx_word' id='word_1_784' title='bbox 2864 5300 3052 5373; x_wconf 90' lang='lat' dir='ltr'><strong>priscis</strong></span> <span class='ocrx_word' id='word_1_785' title='bbox 3097 5301 3433 5371; x_wconf 86' lang='lat' dir='ltr'><strong>temporibus</strong></span> <span class='ocrx_word' id='word_1_786' title='bbox 3462 5301 3604 5371; x_wconf 92' lang='lat' dir='ltr'><strong>apud</strong></span> <span class='ocrx_word' id='word_1_787' title='bbox 3645 5298 3839 5356; x_wconf 87' lang='lat' dir='ltr'><strong>Patres</strong></span> 
     </span>
    </p>
   </div>
   <div class='ocr_carea' id='block_1_113' title="bbox 2233 5391 3838 5463">
    <p class='ocr_par' dir='ltr' id='par_1_113' title="bbox 2233 5391 3838 5463">
     <span class='ocr_line' id='line_1_113' title="bbox 2233 5391 3838 5463; baseline 0 -16"><span class='ocrx_word' id='word_1_788' title='bbox 2233 5402 2450 5448; x_wconf 89' lang='lat' dir='ltr'><strong>nostros</strong></span> <span class='ocrx_word' id='word_1_789' title='bbox 2498 5402 2740 5455; x_wconf 90' lang='lat' dir='ltr'><strong>motum,</strong></span> <span class='ocrx_word' id='word_1_790' title='bbox 2769 5393 2857 5449; x_wconf 89' lang='lat' dir='ltr'><strong>vel</strong></span> <span class='ocrx_word' id='word_1_791' title='bbox 2897 5392 3176 5462; x_wconf 78' lang='lat' dir='ltr'><strong>agitatum,</strong></span> <span class='ocrx_word' id='word_1_792' title='bbox 3209 5393 3325 5447; x_wconf 89' lang='lat' dir='ltr'><strong>sive</strong></span> <span class='ocrx_word' id='word_1_793' title='bbox 3371 5391 3686 5463; x_wconf 69' lang='lat' dir='ltr'><strong>qumsitum,</strong></span> <span class='ocrx_word' id='word_1_794' title='bbox 3737 5406 3838 5447; x_wconf 87' lang='lat' dir='ltr'><strong>seu</strong></span> 
     </span>
    </p>
   </div>
   <div class='ocr_carea' id='block_1_114' title="bbox 2228 5483 3833 5559">
    <p class='ocr_par' dir='ltr' id='par_1_114' title="bbox 2228 5483 3833 5559">
     <span class='ocr_line' id='line_1_114' title="bbox 2228 5483 3833 5559; baseline -0.002 -18"><span class='ocrx_word' id='word_1_795' title='bbox 2228 5486 2391 5541; x_wconf 81' lang='lat' dir='ltr'><strong>fuerit</strong></span> <span class='ocrx_word' id='word_1_796' title='bbox 2410 5487 2784 5542; x_wconf 89' lang='lat' dir='ltr'><strong>constitutum.</strong></span> <span class='ocrx_word' id='word_1_797' title='bbox 2818 5485 2886 5541; x_wconf 86' lang='lat' dir='ltr'><strong>Et</strong></span> <span class='ocrx_word' id='word_1_798' title='bbox 2908 5486 3034 5555; x_wconf 89' lang='lat' dir='ltr'><strong>quia</strong></span> <span class='ocrx_word' id='word_1_799' title='bbox 3061 5483 3261 5541; x_wconf 68' lang='lat' dir='ltr'><strong>Graeca:</strong></span> <span class='ocrx_word' id='word_1_800' title='bbox 3290 5484 3483 5555; x_wconf 63' lang='lat' dir='ltr'><strong>lingua:</strong></span> <span class='ocrx_word' id='word_1_801' title='bbox 3514 5485 3677 5559; x_wconf 87' lang='lat' dir='ltr'><strong>(sicut</strong></span> <span class='ocrx_word' id='word_1_802' title='bbox 3697 5499 3833 5539; x_wconf 87' lang='lat' dir='ltr'><strong>cuu-</strong></span> 
     </span>
    </p>
   </div>
   <div class='ocr_carea' id='block_1_115' title="bbox 2231 5576 3835 5650">
    <p class='ocr_par' dir='ltr' id='par_1_115' title="bbox 2231 5576 3835 5650">
     <span class='ocr_line' id='line_1_115' title="bbox 2231 5576 3835 5650; baseline -0.003 -16"><span class='ocrx_word' id='word_1_803' title='bbox 2231 5578 2333 5634; x_wconf 91' lang='lat' dir='ltr'><strong>ctis</strong></span> <span class='ocrx_word' id='word_1_804' title='bbox 2380 5586 2435 5634; x_wconf 90' lang='lat' dir='ltr'><strong>et</strong></span> <span class='ocrx_word' id='word_1_805' title='bbox 2480 5579 2714 5634; x_wconf 78' lang='lat' dir='ltr'><strong>maxime</strong></span> <span class='ocrx_word' id='word_1_806' title='bbox 2762 5578 2953 5650; x_wconf 90' lang='lat' dir='ltr'><strong>pietati</strong></span> <span class='ocrx_word' id='word_1_807' title='bbox 2998 5584 3191 5633; x_wconf 81' lang='lat' dir='ltr'><strong>vestrae</strong></span> <span class='ocrx_word' id='word_1_808' title='bbox 3239 5586 3430 5633; x_wconf 79' lang='lat' dir='ltr'><strong>notum</strong></span> <span class='ocrx_word' id='word_1_809' title='bbox 3474 5576 3599 5648; x_wconf 91' lang='lat' dir='ltr'><strong>est)</strong></span> <span class='ocrx_word' id='word_1_810' title='bbox 3648 5588 3835 5631; x_wconf 90' lang='lat' dir='ltr'><strong>sumus</strong></span> 
     </span>
    </p>
   </div>
   <div class='ocr_carea' id='block_1_116' title="bbox 2230 5665 3829 5743">
    <p class='ocr_par' dir='ltr' id='par_1_116' title="bbox 2230 5665 3829 5743">
     <span class='ocr_line' id='line_1_116' title="bbox 2230 5665 3829 5743; baseline -0.004 -15"><span class='ocrx_word' id='word_1_811' title='bbox 2230 5671 2425 5739; x_wconf 76' lang='lat' dir='ltr'><strong>ignari,</strong></span> <span class='ocrx_word' id='word_1_812' title='bbox 2458 5686 2599 5729; x_wconf 88' lang='lat' dir='ltr'><strong>nunc</strong></span> <span class='ocrx_word' id='word_1_813' title='bbox 2627 5685 2726 5743; x_wconf 89' lang='lat' dir='ltr'><strong>per</strong></span> <span class='ocrx_word' id='word_1_814' title='bbox 2754 5674 2994 5737; x_wconf 88' lang='lat' dir='ltr'><strong>nostros,</strong></span> <span class='ocrx_word' id='word_1_815' title='bbox 3024 5667 3118 5740; x_wconf 88' lang='lat' dir='ltr'><strong>qui</strong></span> <span class='ocrx_word' id='word_1_816' title='bbox 3144 5666 3386 5739; x_wconf 81' lang='lat' dir='ltr'><strong>ejusdem</strong></span> <span class='ocrx_word' id='word_1_817' title='bbox 3415 5667 3609 5739; x_wconf 77' lang='lat' dir='ltr'><strong>linguae</strong></span> <span class='ocrx_word' id='word_1_818' title='bbox 3633 5665 3829 5725; x_wconf 83' lang='lat' dir='ltr'><strong>viden-</strong></span> 
     </span>
    </p>
   </div>
  </div>
