4042 6454
555 310 654 367 10⁸1

1955 297 2085 354 νιαι
2097 296 2181 353 ιλιι
2214 296 2418 353 ΡΑΡῶ

3735 308 3840 362 108

624 424 759 478 Nam
812 419 952 475 idem
1005 419 1329 475 venerabilis
1375 418 1661 489 episcopus
1716 416 1837 473 lhas
1892 432 1957 471 ex
2015 418 2144 487 ipsis
2176 419 2221 477 Α
2247 416 2513 470 sententia
2543 416 2941 483 condemnavit,
2968 418 3249 475 destruens
3279 416 3602 490 Ephesinam
3636 434 3835 478 secun-

552 514 720 584 gestis
749 510 1197 583 prteccdentibus,
1235 512 1377 567 sicut
1416 510 1595 565 Photii
1634 518 1690 566 et
1725 509 1991 565 Eustathii
2019 524 2142 563 sen-

554 606 719 661 tentia
749 603 1025 668 continet,
1058 603 1401 672 apertissime
1431 601 1745 672 perhibetur
1773 602 1973 656 habere
1998 615 2059 656 se
2087 610 2141 653 ct

554 697 795 767 recipere
821 694 1004 751 omnia
1032 709 1152 763 qua:
1182 695 1235 749 in
1262 692 1529 765 Ephesina
1559 692 1732 762 prima
1760 691 1967 763 synodo
1991 700 2141 760 gesta

552 795 701 855 sunt,
722 794 780 842 et
806 801 959 857 aequa
984 786 1227 855 judicare
1254 800 1375 855 quin
1404 787 1456 840 in
1484 785 1661 840 Nicata
1685 793 1810 842 sunt
1829 784 2138 845 constituta,

550 886 609 935 et
639 878 840 933 nullam
869 876 1229 933 diﬁ'erentiam
1254 876 1503 932 arbitrari
1528 876 1645 945 ejus
1672 875 1738 930 ad
1761 876 1884 940 alia,
1909 883 1963 929 et
1983 874 2142 929 nimis

551 968 671 1036 ejus
692 970 1033 1025 sanctitatem
1056 983 1114 1023 se
1136 969 1381 1023 laudasse
1406 968 1785 1039 pronuntians,
1804 968 1949 1036 quod
1975 983 2143 1037 prone

554 1061 673 1116 lbas
700 1062 942 1131 sapuerit
980 1074 1170 1115 curare
1196 1075 1292 1115 eos
1326 1060 1419 1130 qui
1447 1060 1534 1114 vel
1566 1059 1897 1129 suspicione,
1921 1059 2007 1115 vel
2035 1058 2142 1113 alio

555 1153 739 1223 aliquo
784 1151 947 1207 modo
996 1152 1113 1221 ejus
1169 1152 1426 1208 laederent
1470 1152 1785 1223 opinionem
1825 1149 2081 1206 doctrina:
2125 1167 2135 1201 :

556 1262 681 1301 nam
711 1254 766 1301 et
805 1254 929 1315 post
975 1245 1411 1315 explanationem
1457 1245 1741 1301 duodecim
1781 1243 2140 1314 capitulorum

555 1338 698 1393 beati
738 1337 923 1409 Cyrilli
961 1336 1194 1403 factam,
1227 1347 1282 1392 et
1322 1337 1653 1393 intellectum
1695 1337 1811 1403 ejus
1848 1335 1949 1389 sibi
1978 1348 2140 1403 quem

554 1437 776 1486 sanctus
802 1429 1032 1501 Cyrillus
1050 1429 1114 1483 'in
1143 1428 1273 1499 ipsis
1296 1428 1545 1498 capitulis
1572 1428 1760 1482 habuit
1783 1426 2138 1489 declaratum,

542 1531 612 1578 'et
647 1523 1006 1579 orthodoxum
1042 1538 1164 1578 eum
1202 1535 1262 1576 se
1307 1535 1430 1576 cum
1485 1519 1734 1577 omnibus
1778 1517 2141 1573 Orientalibus

555 1614 822 1685 episcopis
846 1613 1137 1679 habuisse,
1166 1620 1223 1668 et
1257 1612 1311 1668 in
1348 1612 1729 1668 communione
1768 1610 1934 1681 ipsius
1970 1624 2141 1679 usque

557 1702 625 1757 ad
655 1703 859 1758 exitum
890 1702 1249 1773 permansisse
1288 1702 1561 1773 professus
1596 1711 1699 1757 est.
1731 1700 1811 1755 Ex
1838 1716 1947 1771 quo
1976 1716 2139 1771 appa-

2243 507 2389 573 dant,
2414 509 2748 579 primamque
2770 510 3112 567 conﬁrmans.

2317 622 2383 677 Et
2404 624 2530 694 quia
2573 626 2729 680 nobis
2753 625 2824 681 de
2861 625 3158 684 Ezechielis
3187 640 3463 702 propneue
3490 633 3676 689 verbis
3702 635 3840 703 obji-

2244 716 2385 770 citur
2415 716 2565 782 illud,
2592 718 2736 787 quod
2773 718 2842 772 ad
2886 719 3196 775 sacerdotes
3235 720 3533 777 Jerusalem
3572 726 3774 779 malum
3807 740 3839 779 a

2244 810 2387 864 bono
2414 826 2522 863 non
2552 812 2923 865 discernentes
2951 827 3020 865 ex
3057 828 3289 882 persona
3320 814 3528 869 Domini
3559 816 3775 871 dicebat
3820 832 3835 867 :

2250 900 2559 955 Sacerdotes
2600 902 2714 971 ejus
2747 911 3046 968 spernentes
3068 904 3230 974 legem
3272 922 3438 958 meant
3465 906 3838 976 coinquinat:-

2244 999 2364 1043 runt
2391 1000 2575 1043 sancta
2599 1007 2749 1054 mea;
2785 992 2917 1045 inter
2959 1002 3196 1047 sanctum
3224 1005 3273 1047 et
3299 995 3550 1063 pollutum
3584 1012 3687 1050 non
3717 996 3835 1047 dis-

2249 1078 2578 1149 tinguebant,
2628 1092 2677 1132 et
2704 1080 2839 1133 inter
2878 1081 3102 1135 medium
3131 1085 3309 1137 mundi
3334 1094 3386 1137 et
3421 1084 3681 1138 immundi
3728 1100 3835 1137 non

2242 1170 2573 1225 secernebant
2598 1169 2815 1241 (Ezech.
2848 1173 3003 1241 xxn).
3037 1174 3206 1229 Debet
3228 1183 3409 1230 vestra
3432 1176 3607 1245 pietas
3629 1177 3836 1245 pariter

2242 1260 2521 1316 nobiscum
2567 1272 2622 1316 ct
2654 1264 3026 1319 universorum
3053 1265 3218 1319 corda
3250 1264 3487 1320 ﬁdelium
3516 1282 3583 1320 ex
3613 1267 3698 1321 his
3719 1282 3834 1322 ver-

2240 1350 2325 1405 bis
2351 1350 2660 1417 advertere,
2704 1353 2825 1408 ideo
2854 1368 2959 1407 non
3006 1354 3210 1409 audere
3256 1353 3714 1411 Chalcedonensis
3740 1372 3832 1427 sy-

2245 1447 2373 1503 nodi
2401 1458 2700 1504 retractare
2737 1448 3020 1518 judicium,
3071 1466 3138 1505 nc
3180 1450 3377 1506 ibidem
3423 1450 3834 1508 considentibus

2241 1539 2609 1594 sacerdotibus
2638 1540 2738 1595 ista
2774 1542 2793 1612 (
2817 1541 2960 1611 quod
2998 1542 3174 1611 absit)
3202 1543 3269 1598 ab
3299 1543 3672 1598 luereticorutn
3701 1544 3831 1600 insi~

2241 1627 2344 1684 diis
2365 1629 2574 1685 macula
2604 1630 2848 1685 inuratur
2876 1648 2889 1683 :
2920 1639 2979 1685 ut
3003 1646 3101 1686 eos
3130 1631 3269 1685 inter
3294 1640 3540 1687 sanctum
3570 1642 3625 1687 et
3653 1633 3830 1702 pollu-

2243 1727 2377 1786 ttnn,
2408 1726 2464 1773 et
2504 1718 2644 1774 inter
2671 1719 2907 1774 medium
2952 1720 3136 1774 mundi
3184 1728 3240 1775 et
3278 1721 3535 1776 immundi
3573 1738 3682 1777 non
3730 1737 3830 1793 po-

544 1801 640 1846 τθῑ
667 1791 913 1847 eumdem
942 1791 1113 1859 Ibam,
1145 1800 1199 1846 θί
1236 1791 1547 1862 Priusquam
1587 1790 1872 1846 ἀυοάθοίη]
1908 1791 2139 1860 calmula
2176 1799 2216 1858 Β
2244 1810 2409 1867 tuisse
2445 1810 2752 1868 discernere
2794 1812 3168 1877 criminentur,
3200 1812 3243 1867 si
3288 1828 3387 1868 nos
3424 1812 3584 1868 modo
3632 1790 3830 1869 causas

556 1881 698 1937 beati
738 1880 923 1952 Cyrilli
964 1882 1310 1951 intelligeret,
1341 1892 1546 1938 etcum
1586 1882 1640 1937 in
1670 1882 1750 1937 eis
1782 1882 2142 1952 suspicaretur

552 1986 717 2026 unam
758 1972 957 2027 Christi
997 1973 1279 2043 praedicari
1320 1982 1590 2040 naturam,
1633 1974 1937 2030 orthodoxo
1979 1989 2139 2030 sensu

2241 1903 2482 1972 ejusdem
2510 1912 2710 1960 sancta:
2752 1904 2941 1975 synodi
2972 1919 3093 1959 cum
3122 1920 3391 1959 consensu
3429 1903 3573 1958 sedis
3601 1913 3827 1973 apostoo

2244 1993 2359 2048 liae
2384 1992 2587 2063 judicio
2618 1995 2947 2061 terminatas,
2982 1996 3081 2049 sub
3109 1995 3349 2065 qualibet
3374 1994 3658 2051 occasione
3677 1994 3827 2049 vide-

552 2061 699 2132 quod
725 2062 865 2117 male
904 2063 1108 2118 dictum
1130 2065 1536 2119 existimaverat
1562 2066 1907 2135 reprobassc,
1937 2074 1993 2121 et
2019 2076 2131 2135 post

2240 2086 2349 2141 rint
2387 2061 2709 2142 retractare.
2762 2086 3056 2157 Propterea
3106 2061 3235 2157 ergo
3281 2086 3617 2157 disciplinam
3663 2097 3828 2155 atque

538 2150 991 2221 explanationem
1008 2152 1322 2207 wrumdem
1344 2153 1651 2209 orthodoxe
1672 2169 1833 2210 sensu
1853 2168 1971 2223 qua:
1993 2163 2141 2211 recte

554 2240 697 2296 dicta
726 2250 1058 2309 cognoverat
1089 2242 1468 2311 venerabiliter
1496 2244 1818 2313 suscepisse.

610 2328 732 2385 Sed
757 2338 814 2386 et
836 2330 964 2385 illud
991 2330 1354 2387 indubitanter
1375 2341 1690 2388 cunctorum
1716 2332 1953 2389 ﬁdelium
1985 2350 2135 2389 men-

554 2422 699 2479 tibus
722 2430 891 2493 patet,
913 2422 1057 2492 quod
1087 2423 1256 2491 magis
1304 2423 1356 2477 in
1388 2423 1656 2493 Ephesina
1700 2426 1938 2480 secunda
1968 2426 2139 2481 hatre-

540 2516 663 2571 'tico
693 2516 971 2572 intellectu
1007 2516 1297 2571 Dioscorus
1334 2531 1459 2571 cum
1503 2514 1797 2587 Eutychete
1825 2516 1986 2571 beato
2031 2514 2135 2586 Cy-

554 2607 678 2661 rillo
718 2616 773 2663 et
822 2607 995 2678 primo
1025 2606 1295 2676 Ephesino
1341 2607 1574 2662 concilio
1602 2606 1954 2662 contumelias
2000 2606 2137 2661 irro-

551 2702 749 2770 garint,
771 2702 864 2770 qui
892 2701 1239 2756 crediderunt
1266 2709 1512 2756 sanctum
1551 2698 1810 2771 Cyrillum
1856 2715 2015 2753 unam
2046 2715 2136 2754 na-

539 2801 729 2847 turam
758 2791 813 2847 in
841 2792 1069 2847 Domino
1100 2790 1214 2847 Deo
1257 2799 1442 2848 nostro
1466 2790 1593 2846 Jesu
1618 2791 1829 2846 Christo
1872 2806 1969 2861 per
1995 2790 2133 2847 duo-

550 2884 725 2941 decim
764 2899 860 2941 sua
889 2884 1208 2955 prmdicasse
1236 2885 1471 2955 capitula
1516 2902 1529 2938 :
1576 2894 1631 2940 et
1675 2885 1746 2940 ob
1772 2884 1875 2939 hoc
1926 2884 2135 2953 aliquos

542 2976 857 3033 Orientales
885 2976 1191 3048 episcopos,
1221 2978 1312 3049 qui
1359 2978 1517 3034 unius
1544 2986 1751 3032 natura:
1796 2976 2133 3047 praadicatio-

538 3083 671 3124 nem
708 3068 998 3125 noluerunt
1025 3069 1323 3139 suscipere,
1372 3066 1662 3125 Dioscorus
1705 3068 2084 3123 condemnavit
2115 3086 2128 3121 :

546 3159 688 3213 inter
715 3173 853 3228 quos
880 3167 935 3214 et
970 3158 1117 3213 Ibam
1149 3160 1460 3229 episcopum
1505 3168 1728 3230 propter
1756 3159 1894 3214 hanc
1921 3158 2132 3229 specia-

540 3251 670 3305 liter
698 3250 819 3306 lldei
841 3250 956 3320 ejus
979 3249 1390 3321 professionem,
1414 3266 1519 3320 qua
1548 3252 1683 3306 duas
1707 3260 1943 3319 naturas,
1968 3266 2128 3306 unam

550 3343 827 3406 virtutem,
853 3356 1014 3395 unam
1042 3355 1351 3411 personam,
1377 3341 1522 3411 quod
1560 3350 1646 3396 est
1674 3357 1810 3396 unus
1835 3340 2000 3397 Filius
2022 3339 2130 3397 Do.

548 3431 726 3485 minus
754 3439 938 3486 noster
964 3430 1121 3487 Jesus
1146 3429 1411 3497 Christus,
1444 3432 1783 3502 apertissime
1819 3432 2123 3499 conﬁtetur,

536 3518 859 3575 'hmreticum
909 3519 1321 3586 condemnavit;
1389 3529 1446 3576 et
1498 3520 1853 3591 Eutychetem
1907 3529 2130 3591 propter

546 3612 703 3665 unius
742 3620 949 3667 natura:
983 3614 1420 3684 praedicationem
1449 3616 1588 3671 sicut
1616 3616 1940 3671 catholicum
1969 3632 2127 3673 revo-

532 3701 704 3765 cavit,
747 3702 1009 3758 damnans
1048 3719 1265 3775 quoque
1311 3714 1530 3775 propter
1557 3706 1783 3760 duarum
1812 3714 2125 3762 naturarum

542 3806 733 3848 vocem
763 3802 960 3849 sancite
990 3796 1382 3853 recordationis
1409 3796 1647 3851 Flaviani
1678 3812 1964 3867 personam
2012 3815 2037 3851 τ
2070 3807 2131 3854 et

542 3884 791 3941 inventus
839 3895 923 3940 est
970 3888 1084 3959 ipse
1131 3888 1303 3956 magis
1330 3887 1618 3943 Dioscorus
1666 3887 1985 3959 Ephesinam
2016 3889 2125 3959 pri-

540 3990 687 4031 mam
713 3978 979 4048 synodum
1009 3980 1194 4034 conari
1223 3980 1522 4048 destruere,
1571 3981 1663 4050 qui
1694 3996 1815 4036 eam
1842 3983 1941 4037 sub
1969 3997 2126 4037 exse-

534 4071 755 4127 crabilis
784 4072 1091 4129 intellectus
1122 4073 1354 4143 imagine
1401 4074 1748 4142 defendebat;
1795 4084 1852 4131 et
1897 4076 2127 4146 amplius

537 4165 757 4221 beatum
782 4166 1042 4239 Cyrillum
1092 4167 1407 4223 criminatus
1444 4176 1526 4223 est
1572 4165 1798 4222 laudans
1836 4167 2125 4224 Dioscorus

541 4262 701 4324 atque
730 4255 1028 4328 Eutyches,
1060 4272 1221 4326 quam
1252 4256 1372 4313 [bas
1415 4258 1514 4313 sub
1543 4256 1661 4313 falsi
1688 4257 1992 4312 intellectus
2037 4275 2125 4314 er-

538 4358 665 4399 rore
688 4344 1020 4423 vituperans.
1056 4348 1298 4417 Namque
1322 4363 1447 4403 cum
1471 4348 1588 4403 laus
1609 4355 1772 4419 atque
1797 4348 2124 4418 vituperatio

542 4436 611 4489 ad
634 4453 796 4491 unum
826 4438 1115 4494 tenderent
1156 4439 1485 4495 intellectum
1510 4480 1526 4504 ,
1558 4439 1847 4495 Dioscorus
1872 4448 1928 4495 et
1968 4438 2125 4512 Euty-

540 4527 692 4592 ches,
723 4528 816 4597 qui
846 4528 1219 4594 laudaverunt,
1252 4529 1506 4584 hatretico
1533 4530 1723 4598 spiritu
1766 4530 2011 4586 laudasse
2036 4546 2121 4586 re-
2154 4544 2202 4605 ι)

541 4616 678 4685 perti
707 4624 852 4681 sunt,
884 4625 1046 4687 atque
1081 4617 1203 4672 ideo
1232 4626 1359 4672 sunt
1402 4632 1432 4672 a
1482 4626 1666 4672 sancta
1691 4618 2122 4675 Chalcedonensi

543 4707 751 4779 synodo
779 4707 1048 4773 damnati;
1073 4715 1130 4762 at
1153 4722 1285 4763 vero
1310 4707 1433 4764 lbas
1452 4708 1759 4777 episcopus,
1787 4708 1878 4777 qui
1920 4723 2017 4779 per
2043 4723 2123 4763 er-

541 4813 739 4863 rorem,
772 4814 930 4854 unatn
960 4807 1157 4869 putans
1188 4799 1239 4853 in
1266 4799 1350 4854 his
1378 4799 1657 4869 pnedicari
1679 4807 1947 4867 naturam,
1975 4800 2122 4871 prius

538 4890 864 4960 vituperavit
887 4890 1140 4961 capitula,
1171 4896 1369 4959 etpost
1415 4887 1743 4945 declaratum
1783 4890 1884 4944 sibi
1911 4890 2123 4947 intelle-

540 4991 685 5037 ctum
713 4998 923 5049 eorum,
952 4982 1468 5038 commnnicatorem
1498 4995 1558 5037 se
1583 4981 1728 5037 beati
1774 4981 1961 5053 Cyrilli
1996 4997 2117 5038 cum

538 5075 786 5129 omnibus
814 5062 1185 5128 Orientalibus
1198 5088 1318 5128 esse
1348 5072 1619 5144 professus
1647 5082 1748 5141 est,
1775 5083 1831 5129 et
1858 5073 1912 5130 in
1941 5076 2123 5130 catho-

534 5164 653 5218 lice
674 5164 795 5220 fidei
825 5162 1153 5219 rectitudine
1173 5166 1241 5218 ab
1262 5165 1450 5219 eadem
1475 5163 1898 5220 Chalcedonensi
1914 5164 2119 5237 synodo

532 5255 803 5324 judicatus
829 5264 913 5311 est
932 5256 1319 5325 permansisse.
1351 5253 1477 5311 Haec
1516 5269 1645 5325 ergo
1663 5255 1852 5311 eadem
1881 5254 2118 5327 synodus

534 5350 588 5403 in
619 5350 875 5405 Dioscoro
900 5357 1060 5419 atque
1080 5346 1395 5421 Eutychetc,
1413 5351 1587 5420 quise
1615 5349 1749 5405 falso
1777 5364 1876 5419 per
1894 5350 2112 5406 beatum

531 5436 791 5509 Cyrillum
821 5437 1087 5496 velamine
1118 5448 1301 5509 tegere
1341 5441 1670 5503 nitebantur,
1704 5439 1890 5494 videns
1933 5439 2114 5509 potius

532 5526 679 5581 beati
702 5525 886 5598 Cyrilli
914 5528 1385 5599 praedicationibus
1420 5531 1732 5586 Dioscorum
1756 5536 1919 5596 atque
1949 5527 2115 5599 Euty-

534 5618 746 5672 chetetn
768 5633 1029 5689 apparere
1049 5620 1372 5677 contrarios.
1398 5636 1496 5690 per
1517 5620 1622 5674 hoc
1644 5618 1785 5687 quod
1810 5631 1969 5672 unam
1992 5627 2115 5687 post

534 5708 914 5763 adunatiouem
960 5718 1205 5765 naturam
1261 5708 1576 5779 blasphemo
1628 5708 1817 5777 spiritu
1864 5705 2116 5776 praedica-

531 5800 680 5863 bant,
716 5801 873 5856 simili
904 5809 1065 5870 atque
1095 5801 1281 5857 eadem
1312 5802 1625 5855 Dioscorum
1653 5815 1772 5855 cum
1817 5798 2113 5870 Eutychcte

2235 2182 2494 2251 judicium
2521 2191 2832 2237 sanctorum
2862 2181 3082 2237 Patrum
3108 2196 3207 2237 nos
3238 2181 3292 2236 in
3318 2181 3568 2236 omnibus
3601 2194 3826 2245 conser-

2240 2284 2448 2338 vantes,
2492 2284 2548 2331 et
2574 2289 2753 2330 rerum
2798 2274 3037 2329 omnium
3077 2273 3486 2343 dispositionem
3526 2269 3824 2326 secundum

2238 2380 2356 2421 eam
2380 2381 2542 2436 quam
2571 2364 2846 2421 reddimus
2877 2363 3141 2419 rationem
3170 2378 3239 2419 ex
3260 2360 3721 2418 Chalcedonensis
3744 2374 3825 2431 sy-

2239 2458 2363 2513 nodi
2381 2456 2583 2527 judicio
2605 2456 2935 2511 declaratam
2964 2470 3086 2510 cum
3114 2454 3247 2509 satis
3276 2451 3611 2523 apertissima
3642 2451 3825 2505 luceat

2236 2549 2483 2614 veritate,
2514 2562 2581 2603 ex
2611 2547 2793 2602 verbis
2832 2546 3077 2618 epistolae
3103 2546 3205 2600 viri
3236 2544 3559 2601 venerabilis
3586 2542 3693 2599 Iba:
3738 2556 3823 2597 re-

2232 2639 2474 2694 ctissime
2496 2653 2560 2693 ac
2582 2637 2824 2707 piissimo
2848 2636 3128 2692 intellectu
3153 2636 3471 2707 perspectis,
3494 2643 3549 2689 et
3568 2650 3633 2689 ex
3656 2632 3824 2704 gestis

2238 2730 2376 2800 apud
2411 2729 2658 2784 Photium
2699 2738 2754 2784 et
2795 2727 3138 2783 Eustathium
3187 2727 3413 2790 habitis,
3445 2734 3500 2780 et
3537 2740 3605 2780 ex
3653 2725 3821 2794 ipsius

2232 2821 2339 2877 Iba:
2367 2821 2604 2891 episcopi
2643 2821 2927 2890 pnesentis
2953 2836 2984 2875 a
3011 2819 3364 2890 przesentibus
3386 2819 3687 2873 intentione
3714 2817 3821 2875 dis-

2237 2929 2422 2978 cussa,
2470 2912 2661 2969 Patres
2691 2922 2905 2969 nostros
2930 2913 2984 2967 in
3020 2910 3365 2967 Chalcedone
3403 2910 3699 2965 residentes
3735 2909 3821 2978 ju-

2235 3004 2467 3060 stissime
2514 3002 2870 3059 orthodoxam
2922 3001 3161 3071 ejusdem
3207 3002 3308 3056 viri
3350 3000 3671 3057 venerabilis
3717 2998 3819 3053 Iba:

2236 3097 2473 3168 episcopi
2505 3094 3087 3167 pronuntiasse‘ﬁdem,
3103 3104 3159 3151 et
3178 3094 3651 3166 reprehensionem
3673 3092 3819 3146 beati

2158 3166 2205 3230 ο
2232 3166 2449 3259 Cyrilli,
2482 3166 2643 3257 quam
2692 3187 3001 3242 humanitus
3025 3202 3123 3257 per
3162 3201 3403 3241 errorem
3453 3182 3819 3252 intelligentiae

2230 3279 2476 3335 evenisse
2503 3287 2907 3348 cognoverant,
2950 3290 3189 3346 congrua
3230 3275 3601 3331 satisfactione
3630 3288 3820 3345 purga-

2230 3378 2342 3425 tam
2389 3388 2401 3423 :
2439 3369 2721 3440 pmentis
2764 3370 3047 3425 sententia:
3097 3376 3293 3422 nostra:
3341 3365 3664 3420 auctoritate
3708 3371 3819 3418 sta-

2226 3462 2426 3517 tuimus
2447 3468 2608 3529 atque
2636 3458 2993 3524 decernimus,
3011 3473 3133 3513 cum
3163 3459 3213 3511 in
3238 3457 3631 3519 omnibus,tum
3656 3454 3819 3508 etiam

2229 3554 2282 3608 in
2311 3554 2503 3623 saepius
2529 3560 2827 3607 memorata
2851 3550 3174 3627 venerabilis
3204 3549 3307 3603 line
3333 3546 3561 3618 cpistola
3589 3546 3819 3601 inteme-

2227 3652 2405 3697 ratum
2451 3641 2670 3697 Patrum
2713 3641 2768 3697 in
2813 3639 3158 3695 Chalcedone
3200 3636 3549 3693 residentiutn
3597 3648 3818 3689 manere

2221 3730 2504 3801 judicium.

2288 3844 2405 3899 [Nec
2428 3858 2751 3913 quemquam
2782 3844 2851 3897 ad
2879 3842 3094 3898 ordines
3117 3850 3173 3896 et
3220 3840 3509 3909 dignitates
3555 3836 3815 3893 ecclesia-

2225 3938 2387 3993 sticas
2410 3938 2767 4007 pertinentem
2789 3936 2893 3991 hoc
2920 3934 3214 3989 constituto
3245 3940 3434 3987 nostro
3458 3930 3816 4002 permittimus

2226 4027 2516 4097 aliquando
2561 4041 2885 4097 prtesumere
2912 4069 2923 4090 ,
2955 4026 3041 4080 vel
3083 4040 3247 4095 super
3287 4022 3526 4093 ejusdem
3572 4020 3816 4091 epistola

2227 4120 2521 4189 negotium,
2550 4120 2637 4175 vel
2687 4120 2806 4174 aliis
2854 4119 2908 4174 in
2936 4116 3363 4172 Chalcedonensi
3408 4113 3643 4169 concilio
3682 4129 3815 4168 con-

2224 4228 2388 4269 sensu
2413 4212 2736 4267 vicariorum
2762 4211 2905 4266 sedis
2934 4210 3245 4281 apostolica:
3282 4205 3533 4276 judicatis
3556 4247 3572 4273 ,
3604 4205 3814 4259 urdina~

2226 4305 2316 4371 tis,
2358 4301 2613 4369 deﬁnitis,
2659 4311 2819 4370 atque
2846 4301 3140 4372 dispositis,
3189 4310 3443 4368 tanquam
3488 4295 3814 4367 imperfectis

2226 4405 2388 4466 atque
2416 4394 2948 4465 reprehensibilibus,
2978 4394 3090 4449 sive
3118 4408 3215 4463 per
3242 4388 3814 4451 additamentum,sive

2225 4500 2321 4556 per
2347 4484 2779 4552 diminutionem,
2809 4483 2923 4538 sive
2953 4498 3047 4554 per
3069 4482 3529 4544 immutationem,
3558 4480 3645 4534 vel
3672 4494 3812 4549 quo-

2224 4588 2332 4649 quo
2361 4573 2523 4629 modo
2550 4572 2746 4641 aliquid
2774 4571 3071 4627 temerariae
3099 4572 3351 4627 novitatis
3379 4570 3597 4626 inferre.
3849 4565 3855 4570 ’

2294 4707 2413 4762 Pari
2455 4706 2664 4762 ratione
2706 4706 3069 4773 decernimus,
3118 4721 3186 4762 ne
3232 4708 3516 4776 quisquam
3565 4704 3811 4776 epistola:

2222 4798 2365 4853 beati
2394 4797 2597 4870 Cyrilli,
2620 4864 2621 4867 η
2648 4798 2737 4853 cui
2776 4796 3060 4855 duodecim
3103 4805 3229 4851 sunt
3272 4796 3512 4865 subjecta
3550 4796 3811 4866 capitula,

2222 4889 2308 4945 vel
2336 4889 2465 4958 ipsis
2492 4889 2758 4959 capitibus
2804 4888 3065 4945 adversus
3092 4889 3322 4945 Nestorii
3368 4888 3647 4959 perﬁdiam
3680 4905 3810 4959 pro-

2224 4979 2477 5049 mulgatis
2504 4980 2776 5036 existimet
2811 4980 3179 5049 derogandum
3207 4998 3221 5034 :
3252 4995 3377 5035 cum
3405 4988 3617 5034 constet
3656 4995 3809 5034 eum-

2222 5069 2346 5125 dem
2370 5068 2538 5135 lbam,
2560 5069 2645 5124 vel
2671 5071 2810 5125 inter
2837 5086 3024 5127 omnes
3041 5069 3340 5127 Orientales
3364 5070 3667 5141 episcopos,
3686 5077 3810 5140 post

2220 5159 2564 5230 explanatum
2593 5161 2692 5215 sibi
2722 5161 3036 5216 eorumdem
3065 5161 3422 5231 capitulorum
3452 5160 3804 5225 intellectum,

2218 5250 2360 5307 beati
2387 5249 2569 5323 Cyrilli
2598 5253 3113 5308 commnnicatorem
3134 5261 3248 5308 toto
3264 5252 3389 5307 vitae
3412 5250 3530 5321 ejus
3560 5260 3806 5321 tentpore

2218 5345 2600 5418 permansisse,
2633 5346 2975 5416 abjicienlem
2999 5362 3084 5411 ea,
3116 5354 3173 5402 et
3195 5361 3225 5401 a
3249 5346 3362 5402 veri
3393 5346 3699 5401 intellectus
3724 5358 3805 5398 re-

2215 5438 2475 5495 ctitudine
2503 5440 2885 5509 repellentem.
2918 5439 2971 5494 in
2999 5440 3195 5510 quibus
3222 5438 3310 5495 vel
3340 5455 3407 5494 ex
3439 5437 3803 5508 suprascripta

2216 5531 2445 5601 epistola
2466 5533 2623 5588 unius
2648 5532 2752 5589 Iba:
2794 5533 3056 5605 episcopi,
3087 5533 3172 5588 vel
3197 5549 3265 5588 ex
3294 5532 3543 5587 omnibus
3584 5546 3707 5602 qme
3750 5530 3813 5587 in.

2215 5630 2400 5677 sancta
2427 5622 2634 5694 synodo
2659 5621 3085 5679 Chalcedonensi
3109 5622 3373 5691 judicata,
3399 5622 3671 5687 ordinata,
3705 5620 3798 5676 de-

2219 5711 2364 5767 ﬁnita
2396 5722 2559 5783 atque
2589 5712 2848 5783 disposita
2896 5724 3053 5780 sunt,
3098 5716 3169 5770 ita
3218 5715 3508 5785 quidquam
3560 5725 3796 5785 aptatur,

2217 5814 2309 5858 aut
2338 5820 2433 5875 per
2463 5806 2838 5860 auctoritatem
2870 5806 3109 5873 ejusdem
3139 5806 3329 5877 synodi
3368 5815 3460 5861 aut
3490 5820 3798 5877 perversum
