4042 6470
260 374 377 439 ωε)

1466 363 1819 419 EPISTOL.-’E
1859 362 1949 418 ET
1985 360 2320 419 DECRETA.

263 490 457 561 dogma
484 491 750 543 assertum
782 495 902 538 esse
929 479 1158 536 Nestorii
1181 519 1195 541 ,
1229 485 1319 532 ant
1342 477 1455 548 ipse
1500 476 1712 531 dicatur
1739 474 1848 531 Ne-
1878 477 1926 536 Α
1953 488 2092 529 mus.
2126 474 2258 529 Nam
2286 487 2406 545 qua:
2430 472 2700 545 patefacta
2729 483 2854 531 sunt
2872 488 3133 547 quaerere,
3155 486 3277 546 qua!
3304 474 3543 545 perfecta

264 580 468 636 storius
494 585 803 632 excusatus.

336 671 405 726 Et
446 684 519 724 ne
561 668 684 738 quis
731 664 958 720 forsitan
1008 662 1304 719 arbitretur
1344 660 1678 729 ambiguum,
1707 657 1856 727 quod

266 761 505 837 praefatis
525 759 715 828 legatis
742 766 906 828 atque
932 756 1146 811 vicariis
1167 753 1311 811 sedis
1336 754 1645 826 apostolica:
1672 769 1704 807 a
1728 753 1859 808 bea-

270 854 478 911 tissimo
505 867 646 924 papa
676 850 860 906 Leone
891 856 1097 904 tantum
1122 847 1244 903 ﬁdei
1273 862 1455 911 causa,
1484 855 1540 901 et
1568 844 1858 901 nonetiam

272 946 345 1002 de
390 943 759 1016 depositorum
805 941 1235 1010 incompetenter
1275 937 1651 1009 episcoporum
1697 933 1862 991 fuerit

273 1035 620 1092 revocatione
652 1031 988 1095 mandatum,
1017 1038 1075 1087 et
1100 1029 1257 1099 quasi
1300 1026 1569 1100 superﬂue
1592 1027 1701 1083 Iba:
1724 1040 1861 1097 quo-

273 1143 385 1193 que
413 1127 697 1183 Edessena:
725 1125 961 1181 civitatis
997 1124 1238 1195 episcopi
1274 1136 1496 1179 causam
1524 1136 1709 1178 coram
1734 1134 1860 1176 sau—

274 1219 378 1275 ctis
391 1216 638 1273 Patribus
660 1215 933 1271 existimet
948 1215 1230 1283 agitatam;
1260 1212 1473 1269 noverit
1493 1211 1862 1267 beatissimum

276 1326 471 1381 papam
512 1308 752 1365 Leonem
791 1317 993 1364 sancta:
1030 1306 1454 1363 Chalcedonensi
1497 1304 1706 1378 synodo
1746 1305 1863 1360 haec

276 1402 418 1457 inter
464 1411 659 1457 caztera
703 1399 1000 1470 scripsisse,
1038 1398 1268 1455 dicendo
1315 1417 1328 1453 :
1383 1399 1520 1466 Quia
1569 1412 1702 1453 vero
1753 1411 1862 1453 non

276 1490 587 1560 ignoramus
607 1504 707 1561 per
732 1504 929 1560 pravas
954 1488 1324 1545 aemulationes
1348 1496 1546 1544 statum
1575 1488 1863 1544 multarum

276 1582 642 1640 Ecclesiarum
662 1582 831 1639 fuisse
856 1583 1146 1649 turbatum,
1168 1581 1539 1653 plurimosque
1558 1582 1863 1653 episcopos,

276 1676 371 1745 qui
395 1676 643 1731 bzeresim
671 1688 781 1730 non
814 1672 1147 1746 reciperent,
1179 1673 1395 1731 sedibus
1435 1673 1549 1729 suis
1576 1673 1781 1744 pulsos,
1811 1683 1867 1728 et

276 1768 335 1824 in
355 1767 541 1824 exsilia
588 1766 905 1837 deportatos
925 1808 942 1836 ,
984 1775 1148 1836 atque
1190 1766 1245 1821 in
1287 1765 1465 1823 locum
1517 1766 1865 1836 superstitum

1956 572 2085 617 sunt
2122 571 2440 631 retractare,
2470 574 2527 619 et
2565 578 2688 634 qua:
2712 573 2839 620 sunt
2866 566 3087 622 deﬁnita
3116 566 3373 638 convelli,
3415 567 3547 639 quid

1956 653 2099 709 aliud
2129 662 2214 709 est
2238 667 2401 725 quam
2432 654 2502 711 de
2527 654 2737 727 adeptis
2764 657 2967 725 gratias
2988 671 3099 715 non
3124 658 3351 726 referre,
3392 666 3454 718 et
3478 659 3549 715 ad

1957 742 2256 801 interdicta:
2280 745 2492 803 arboris
2518 745 2697 803 cibum
2722 748 2776 802 in
2803 763 3003 819 pravos
3041 751 3319 821 appetitus
3357 754 3551 810 morti-

1960 834 2084 890 ferae
2130 836 2436 907 cupiditatis
2475 838 2817 894 extendere?
2862 838 2930 893 Et
2969 846 3094 911 post
3132 841 3443 913 aliquanta:
3469 843 3551 901 Ita

1960 941 2279 1001 praenoscat,
2311 931 2503 1005 inquit,
2529 932 2692 1004 igitur
2730 935 2905 1006 pietas
2941 944 3054 1005 tua,
3094 937 3420 995 venerabilis
3446 939 3550 996 im-

1960 1031 2202 1093 perator,
2233 1023 2333 1080 hos
2365 1037 2502 1095 quos
2532 1026 2777 1097 spondeo
2804 1027 3139 1098 dirigendos,
3179 1044 3289 1086 non
3318 1029 3387 1087 ad
3413 1045 3551 1088 con-

1960 1112 2249 1184 ﬁigendum
2279 1132 2402 1173 cum
2429 1117 2674 1175 hostibus
2701 1118 2845 1187 ﬁdei,
2874 1134 2979 1177 nec
3016 1122 3334 1178 certandum
3360 1130 3553 1180 contra

1963 1204 2085 1262 illos
2112 1221 2144 1262 a
2171 1207 2302 1264 sede
2328 1209 2627 1280 apostolica
2654 1211 2994 1282 profecturos
3025 1230 3039 1268 :
3063 1213 3193 1285 quia
3221 1214 3290 1271 de
3316 1214 3479 1272 rebus
3496 1224 3556 1271 et

1964 1299 2108 1369 apud
2137 1299 2372 1357 Nicteam
2412 1309 2469 1358 et
2495 1303 2638 1374 apud
2667 1303 3089 1375 Chalcedonem,
3128 1305 3268 1363 sicut
3293 1306 3408 1364 Deo
3434 1307 3555 1379 pla-

1962 1388 2097 1457 cuit,
2129 1389 2363 1448 deﬁnitis
2394 1392 2601 1448 nullum
2630 1393 2889 1451 audemus
2917 1396 3055 1453 inire
3094 1405 3405 1465 tractatum,
3432 1406 3556 1453 tan-

1964 1494 2127 1551 quam
2154 1481 2316 1537 dubia
2345 1483 2431 1539 vel
2458 1484 2668 1540 inﬁrma
2698 1486 2825 1554 sint,
2854 1501 2975 1551 qua:
3003 1495 3152 1544 tanta
3173 1504 3271 1561 per
3296 1488 3557 1562 Spiritum

1963 1580 2211 1629 sanctum
2241 1573 2396 1631 ﬁnxit
2416 1577 2727 1635 auctoritas.

2038 1664 2152 1722 Nec
2176 1681 2283 1722 non
2312 1668 2452 1724 idem
2475 1669 2665 1727 beatus
2690 1671 3056 1742 praedecessor
3075 1684 3261 1732 noster
3278 1690 3419 1749 papa
3440 1676 3552 1734 Leo

1969 1754 2039 1809 ad
2069 1755 2346 1825 praefatum
2367 1761 2733 1817 venerabilem
2757 1762 3054 1832 Augustum
3080 1766 3133 1821 in
3160 1768 3265 1823 alia
3285 1768 3512 1839 epistola
3536 1787 3551 1823 :

277 1859 415 1915 alios
442 1859 790 1926 substitutos;
817 1858 900 1915 bis
936 1858 1184 1931 primitus
1210 1858 1524 1914 vulneribus
1563 1855 1867 1913 adhibenda
1900 1860 1946 1921 B
1972 1846 2088 1901 Νοη
2115 1849 2281 1918 SinaS,
2304 1851 2399 1915 ait.
2431 1861 2619 1908 contra
2648 1853 2885 1911 dexterae
2929 1855 3323 1929 Omnipotentis
3366 1861 3559 1917 trium-

277 1960 365 2007 est
387 1950 654 2007 medicina
678 1950 922 2021 iustitiae,
952 1965 1022 2006 ne
1061 1950 1348 2022 quisquam
1393 1960 1578 2007 careat
1610 1950 1862 2023 propriis,

278 2043 365 2100 vel
392 2043 551 2100 aliter
580 2051 763 2100 utatur
797 2043 1011 2100 alienis.

349 2131 420 2188 Et
446 2148 517 2189 ne
541 2133 663 2204 quis
701 2133 915 2191 dubitet
958 2143 1139 2191 utrum
1179 2148 1244 2191 ea
1271 2149 1392 2207 quae.
1416 2134 1487 2192 de
1528 2134 1869 2193 restitutione

277 2224 657 2295 episcoporum
685 2233 836 2295 gesta
862 2234 990 2282 sunt
1008 2225 1062 2280 in
1087 2225 1518 2283 Chalcedonensi
1539 2227 1769 2299 synodo,
1800 2228 1869 2284 ad

277 2316 575 2374 beatissimi
616 2317 811 2374 Leonis
840 2318 1040 2374 fuerint
1077 2318 1342 2389 perducta
1383 2318 1661 2385 notitiam,
1696 2329 1754 2376 et
1800 2321 1869 2376 ab

274 2410 468 2466 eodem
495 2411 833 2481 conﬁrmata,
882 2412 1053 2484 ipsam
1084 2413 1264 2483 potius
1308 2413 1502 2485 synodi
1547 2413 1868 2470 relationem

275 2504 349 2559 ad
401 2504 770 2562 beatissimum
828 2505 1066 2563 Leonem
1117 2506 1572 2578 praedecessorem
1623 2516 1869 2564 nostrum

275 2594 538 2651 directam
567 2610 805 2666 congrua
852 2597 1033 2667 legere
1078 2598 1439 2655 sollicitudine
1467 2614 1575 2654 non
1605 2599 1822 2656 omittat
1852 2617 1866 2654 :

277 2685 435 2757 cujus
461 2696 585 2758 post
613 2688 717 2744 alia
757 2687 812 2744 in
851 2687 957 2745 ﬁne
984 2689 1101 2745 haec
1126 2689 1294 2745 verba
1323 2698 1450 2745 sunt
1482 2706 1497 2743 :
1520 2689 1748 2745 Omnem
1775 2706 1872 2745 vo-

276 2773 364 2835 bis
387 2786 662 2848 gestorum
690 2780 798 2835 vim
828 2780 1102 2837 insinuare
1130 2781 1437 2837 curavimus
1466 2779 1535 2837 ad
1562 2781 1871 2838 consisten~

278 2867 412 2923 tiam
439 2878 698 2937 nostram,
729 2878 786 2926 et
814 2885 1005 2927 eorum
1034 2886 1152 2943 qua:
1177 2886 1209 2927 a
1236 2871 1393 2927 nobis
1427 2879 1551 2926 acta
1598 2880 1725 2927 sunt
1747 2886 1875 2927 con-

280 2950 639 3023 ﬁrmaiionem
666 2974 723 3022 et
744 2966 1178 3038 dispositionem.
1211 2965 1339 3023 Post
1366 2981 1599 3036 quorum
1624 2965 1871 3021 notitiam

279 3051 425 3110 idem
443 3054 787 3111 beatissimus
814 3070 956 3127 papa
979 3054 1092 3109 Leo
1117 3054 1186 3109 ad
1215 3053 1317 3125 pia:
1344 3054 1620 3109 memoriae
1644 3052 1873 3109 Pulche-

280 3146 417 3201 riam
446 3146 742 3215 Augustam
770 3146 971 3215 gratias
999 3144 1242 3200 referens
1269 3145 1339 3200 de
1380 3143 1644 3200 restitutis
1670 3142 1877 3214 episco-

1971 1939 2109 2008 phos
2158 1940 2412 1999 redivivis
2450 1957 2744 2018 exsurgere
2794 1948 3031 2005 motibus
3066 1952 3333 2008 exstincta
3378 1962 3559 2010 certa-

1972 2031 2143 2095 mina;
2188 2034 2487 2103 prtesertim
2516 2049 2641 2092 cum
2671 2037 2725 2092 in
2763 2037 2969 2110 [Forte,
3021 2039 3098 2113 id]
3141 2042 3408 2100 damnatis
3446 2043 3562 2116 jam

1971 2119 2174 2177 dudum
2213 2123 2592 2182 luereticorum
2620 2129 2840 2187 ausibus
2861 2132 3086 2189 omnino
3110 2149 3223 2191 non
3267 2136 3451 2203 liceat,
3504 2148 3564 2197 et

1973 2209 2060 2266 hic
2087 2211 2292 2271 fructus
2316 2214 2420 2287 piis
2447 2215 2724 2276 laboribus
2749 2219 3036 2294 debeatur,
3065 2232 3127 2280 ut
3163 2227 3341 2283 omnis
3368 2226 3557 2286 Eccle-

1971 2305 2064 2360 siae
2085 2306 2364 2377 plenitudo
2388 2310 2442 2366 in
2470 2326 2580 2368 suae
2599 2312 2820 2369 unitatis
2839 2315 3110 2373 soliditate
3131 2332 3320 2376 secura
3347 2336 3561 2393 perma-

1974 2407 2121 2468 neat,
2142 2399 2384 2473 nihilque
2412 2417 2635 2474 prorsus
2673 2405 2743 2462 de
2784 2406 2924 2464 bene
2958 2410 3271 2469 constitutis
3300 2421 3564 2472 retracte-

1973 2498 2063 2546 tur
2092 2510 2107 2547 :
2138 2493 2264 2563 quia
2295 2503 2419 2566 post
2444 2496 2712 2567 legitimas
2745 2508 2803 2556 et
2829 2499 3090 2560 divinitus
3130 2504 3418 2577 inspiratas
3440 2522 3565 2564 con-

1972 2585 2284 2643 stitutiones
2312 2588 2453 2645 velle
2495 2588 2806 2662 confligere,
2838 2609 2948 2650 non
2994 2595 3206 2666 paciﬁci
3246 2606 3332 2654 est
3375 2599 3562 2668 animi,

1964 2675 2069 2731 sed
2097 2676 2333 2747 rebellis,
2366 2679 2581 2737 dicente
2622 2683 2885 2753 Apostolo
2915 2703 2931 2741 :
2973 2685 3156 2744 Verbis
3183 2692 3322 2746 enim
3350 2701 3565 2748 conten-

1974 2766 2095 2823 dere
2122 2770 2254 2824 nihil
2280 2770 2407 2826 utile
2444 2780 2539 2839 est,
2584 2774 2685 2828 nisi
2713 2774 2785 2829 ad
2824 2776 3202 2835 subversionem
3241 2782 3565 2839 audientium

1976 2856 2063 2928 (11
2094 2858 2227 2915 Tim.
2259 2860 2342 2931 ιι).
2374 2861 2508 2917 Nam
2533 2864 2577 2919 si
2599 2865 2850 2923 humanis
2878 2870 3320 2938 persuasionibus
3346 2888 3565 2947 semper

1973 2950 2281 3021 disceptare
2309 2952 2381 3008 sit
2407 2954 2654 3024 liberum,
2677 2973 2949 3030 nunquam
2979 2960 3168 3017 deesse
3189 2972 3448 3033 poterunt
3470 2965 3567 3037 qui

1970 3042 2191 3100 veritati
2217 3044 2453 3099 audeant
2473 3046 2766 3114 resultare,
2792 3058 2849 3104 et
2877 3048 2947 3105 de
2974 3050 3262 3108 mundana:
3286 3054 3565 3124 sapientia:

1974 3133 2305 3204 loquacitate
2324 3133 2618 3192 conﬁdere.
2643 3135 2775 3192 Item
2798 3145 2922 3209 post
2947 3155 3119 3212 pauca
3151 3158 3166 3196 :
3204 3140 3299 3199 Pie
3326 3143 3483 3202 nobis
3508 3153 3565 3202 et

279 3238 385 3309 ρξε’
429 3237 505 3292 ita
543 3236 730 3293 scribi;
765 3254 779 3291 ε
819 3235 1119 3293 Clementia
1163 3235 1327 3307 igitur
1361 3245 1542 3293 vestra
1580 3245 1873 3307 ωεηοεωι
1900 3227 1943 3289 C
1974 3235 2286 3283 constanter
2311 3226 2601 3283 videndum
2628 3236 2732 3297 est,
2761 3245 2849 3298 ne,
2886 3230 3013 3287 dum
3042 3232 3226 3289 talium
3272 3234 3565 3307 disputatio

281 3344 500 3385 omnem
530 3328 831 3385 Romanam
874 3327 1171 3385 Ecclesiam
1209 3328 1278 3385 de
1314 3328 1581 3384 universis
1626 3327 1748 3383 ﬁdei
1776 3342 1871 3384 ve-

280 3429 409 3475 strze
436 3419 690 3491 Operibus
717 3420 1008 3492 plurimum
1040 3420 1320 3491 gratulari,
1343 3420 1458 3478 sive
1483 3420 1626 3491 quod
1654 3421 1874 3490 legatio-

284 3523 411 3564 nem
438 3518 680 3566 nostram
704 3509 792 3581 pio
819 3524 919 3582 per
944 3509 1127 3566 omnia
1148 3508 1363 3581 juvistis
1386 3509 1606 3579 aﬁ‘ectu,
1644 3518 1701 3567 et
1725 3504 1871 3582 quod

284 3600 593 3658 sacerdotes
637 3601 935 3658 catholicos
958 3641 974 3667 ,
1024 3602 1116 3672 qui
1145 3603 1213 3660 ab
1238 3600 1494 3659 Ecclesiis
1536 3603 1647 3660 suis
1673 3601 1869 3673 iniusta

286 3688 498 3745 fuerant
530 3689 691 3759 ejecti
730 3692 1020 3757 sententia,
1068 3692 1376 3748 reduxistis.
1407 3691 1553 3748 Ecce
1599 3702 1657 3749 et
1700 3691 1756 3747 in
1803 3707 1872 3749 eo

285 3783 433 3856 quod
476 3783 658 3839 omnia
705 3793 856 3854 gesta
903 3784 1217 3840 beatissimo
1261 3800 1400 3855 papa
1448 3784 1617 3840 Leoni
1669 3783 1872 3841 directa

284 3883 430 3940 sunt,
454 3889 636 3930 rerum
666 3882 937 3943 gestarum
982 3874 1050 3930 ad
1078 3890 1203 3931 eum
1250 3875 1506 3946 perducta
1545 3875 1739 3931 notitia
1767 3885 1871 3942 est,

285 3970 345 4018 et
362 3962 417 4017 in
437 3964 824 4020 recurrentium
849 3964 1061 4021 actione
1081 3964 1371 4035 gratiarum
1395 3980 1574 4021 rerum
1602 3972 1873 4036 gestarum

285 4051 626 4108 conﬁrmatio
654 4052 978 4110 declaratur.

360 4143 481 4199 Non
523 4144 830 4203 dubitamus
873 4147 1036 4216 igitur
1070 4149 1308 4204 omnium
1354 4149 1589 4205 ﬁdelium
1627 4151 1875 4209 sensibus

286 4236 637 4304 patefactum,
684 4251 805 4306 qua:
849 4238 1064 4294 vicariis
1097 4240 1242 4294 beati
1291 4239 1487 4309 Leonis
1535 4256 1703 4312 papte,
1752 4243 1875 4298 loco

287 4326 408 4391 ejus
427 4324 635 4396 synodo
664 4327 1037 4397 praesentibus,
1067 4328 1135 4384 ab
1160 4329 1349 4385 eodem
1374 4329 1533 4385 fuerit
1558 4332 1875 4402 dispensan-

287 4414 482 4469 darum
510 4430 691 4471 rerum
737 4416 909 4474 forma
956 4418 1230 4488 mandata,
1259 4421 1347 4475 vel
1393 4422 1582 4490 quales
1609 4422 1677 4477 ad
1702 4438 1873 4494 expu-

288 4503 562 4571 gnandum
584 4507 923 4579 perceperint
945 4510 1207 4577 actiones,
1238 4511 1326 4566 vel
1346 4527 1467 4582 qua:
1492 4513 1559 4567 ab
1588 4512 1679 4567 illo
1707 4527 1874 4581 gene-

1975 3317 2293 3387 admittitur,
2325 3320 2411 3377 bis
2432 3336 2551 3392 quae
2577 3319 2831 3379 divinitus
2858 3323 3075 3381 deﬁnita
3106 3335 3234 3382 sunt
3272 3329 3566 3388 auctoritas

1974 3407 2284 3479 derogetur.
2324 3410 2459 3467 Item
2497 3411 2553 3467 in
2600 3413 2828 3483 epistola
2856 3430 3009 3485 papa:
3035 3413 3231 3474 Leonis
3257 3416 3325 3473 ad
3360 3417 3566 3475 Anato-

1974 3499 2104 3556 lium
2151 3500 2809 3575 Constantinopolitanum
2856 3507 3215 3578 episcopum:
3263 3507 3335 3564 Ut
3379 3518 3565 3568 autem

1976 3593 2091 3649 haec
2116 3593 2423 3650 exhortatio
2451 3594 2519 3649 ad
2545 3595 2787 3652 omnium
2836 3595 3061 3653 fratrum
3102 3599 3276 3669 possit
3315 3601 3565 3656 notitiam

1975 3685 2289 3755 pervenire,
2345 3685 2637 3756 diligentiae
2661 3695 2854 3744 vestrae
2890 3704 3019 3745 cura
3065 3690 3340 3761 perﬁciat,
3394 3692 3519 3761 quia
3544 3729 3565 3758 ,

1975 3774 2133 3845 quod
2147 3790 2290 3846 saepe
2313 3775 2597 3832 dicendum
2626 3785 2728 3844 est,
2761 3785 2877 3834 tota
2906 3778 3095 3849 religio
3122 3779 3429 3837 Christiana
3451 3788 3566 3838 tur-

1976 3865 2157 3932 batur,
2181 3866 2229 3922 si
2268 3866 2563 3936 quidquam
2602 3867 2671 3924 de
2700 3868 2783 3924 his
2821 3882 2942 3940 qua:
2986 3869 3132 3941 apud
3157 3868 3567 3928 Chalcedonam

1978 3959 2273 4015 constituta
2310 3967 2437 4016 sunt
2463 3960 2817 4027 convellatur,
2861 3969 2919 4017 et
2943 3975 3063 4032 qua:
3103 3978 3171 4018 ex
3215 3962 3399 4019 divina
3441 3972 3567 4021 sunt

1978 4051 2334 4123 dispositione
2360 4052 2694 4125 composita,
2745 4054 2853 4109 ulla
2892 4054 3172 4125 patiamini
3219 4056 3459 4112 novitate
3486 4064 3567 4112 te-

1978 4144 2197 4201 merari.

2048 4237 2159 4294 Sed
2184 4246 2241 4293 et
2267 4237 2609 4297 beatissimus
2636 4235 3005 4308 praedecessor
3031 4244 3219 4291 noster
3239 4250 3379 4307 papa
3428 4236 3567 4293 Sim-

1978 4328 2172 4401 plicius
2200 4329 2269 4384 ad
2297 4329 2570 4385 Zenonem
2592 4328 2888 4397 Augustum
2909 4328 2990 4384 sic
3017 4328 3159 4384 inter
3186 4338 3382 4386 cratera
3402 4329 3565 4387 dicit:

1980 4416 2162 4490 Neque
2190 4417 2377 4489 aliquis
2406 4415 2590 4472 dubius
2617 4418 2838 4472 rationis
2859 4428 2908 4473 et
2929 4418 3161 4491 trepidus
3173 4421 3358 4476 mentis
3387 4438 3568 4493 exspe-

1980 4517 2081 4563 ctet
2109 4509 2225 4563 novi
2252 4508 2451 4581 aliquid
2477 4518 2594 4581 post
2621 4507 3041 4567 Chalcedonense
3083 4513 3359 4568 concilium
3384 4524 3568 4570 contra

288 4593 391 4649 rali
417 4596 668 4665 concilio,
694 4599 1013 4668 pmsidente
1035 4615 1101 4656 ac
1124 4603 1502 4657 consentiente
1522 4618 1622 4673 per
1646 4604 1875 4660 vicarios
1901 4607 1955 4668 ι)
1979 4599 2306 4669 deﬁnitiones
2326 4600 2489 4671 ipsius
2508 4602 2782 4656 retractari
2801 4617 2820 4656 :
2849 4603 2971 4676 quia
2991 4619 3084 4674 per
3105 4605 3399 4660 uniuersum
3427 4622 3565 4660 inuis

289 4700 421 4742 suos
471 4689 615 4743 sedis
659 4691 971 4760 apostolicae
1015 4692 1266 4761 praesule,
1309 4692 1509 4748 fuerint
1549 4695 1874 4761 constituta;

288 4790 415 4845 quae
451 4792 631 4848 neque
669 4780 865 4845 minus,
909 4795 1087 4851 neque
1121 4782 1324 4851 augeri,
1376 4799 1552 4853 neque
1579 4785 1876 4855 perfringi,

293 4880 474 4936 neque
494 4883 653 4938 posse
698 4869 778 4926 fas
817 4877 903 4926 est
928 4872 996 4927 ab
1024 4871 1205 4940 aliquo
1236 4874 1539 4929 retractari.
1566 4874 1683 4930 Non
1713 4876 1877 4932 licere

291 4965 477 5012 autem
499 4960 818 5016 venerandae
838 4961 1291 5019 Chalcedonensis
1316 4965 1504 5036 synodi
1532 4975 1728 5022 statuta
1745 4985 1877 5024 con-

291 5047 442 5116 velli,
465 5051 550 5105 vel
577 5052 819 5122 quolibet
853 5052 1039 5108 colore
1065 5068 1163 5107 seu
1207 5053 1363 5109 titulo
1401 5056 1704 5124 retractari,
1734 5073 1874 5127 pnn-

290 5146 640 5203 decessorum
679 5154 987 5202 nostrorum
1025 5161 1195 5217 pauca
1224 5146 1291 5203 de
1328 5148 1620 5205 innumeris
1664 5152 1873 5220 prolata

290 5236 586 5291 constituta
609 5250 709 5292 nos
735 5234 952 5303 docent,
965 5250 1034 5290 ex
1060 5236 1202 5291 illius
1221 5237 1488 5308 praecipue
1510 5238 1652 5294 beati
1682 5237 1877 5296 Leonis

291 5328 711 5400 praedecessoris
755 5326 927 5383 nostri
971 5326 1235 5398 epistolis,
1285 5345 1393 5399 quo
1428 5329 1479 5384 in
1508 5331 1721 5387 vicariis
1767 5332 1878 5387 suis

182 5476 187 5481 _
289 5434 510 5476 summo
537 5419 766 5491 praesule
798 5418 979 5475 ﬁoruit
1001 5428 1244 5475 sanctum
1282 5422 1725 5479 Chalcedonense
1754 5439 1881 5479 con-

293 5508 502 5566 cilium.
526 5510 615 5564 Ait
637 5523 873 5579 namque
898 5509 951 5563 iu
982 5509 1206 5580 epistola
1231 5512 1296 5566 ad
1325 5513 1423 5582 piae
1442 5512 1713 5569 memoriai
1741 5513 1880 5569 Leo-

292 5616 421 5657 nem
452 5602 747 5672 Augustum
772 5603 846 5657 ita
878 5618 891 5656 :
925 5600 1053 5658 Haec
1094 5612 1271 5659 autem
1314 5604 1408 5661 Dei
1436 5623 1657 5663 munera
1685 5609 1757 5664 ita
1786 5610 1879 5665 dc-

296 5710 445 5749 mum
473 5694 628 5751 nobis
648 5694 901 5749 divinitus
926 5695 1296 5762 conferuntur,
1335 5699 1379 5753 si
1405 5698 1471 5754 de
1500 5699 1583 5755 his
1609 5715 1728 5769 quae
1753 5711 1880 5757 sunt

295 5786 535 5855 prmstita
560 5801 669 5841 nou
714 5786 1050 5842 inveniamur
1094 5788 1306 5856 ingrati,
1355 5797 1410 5845 ct
1431 5797 1685 5860 tanquam
1732 5793 1877 5849 nulla

296 5876 408 5932 sint
434 5891 555 5949 quae
602 5877 783 5949 adepti
823 5893 1025 5951 sunms,
1062 5880 1332 5939 contraria
1372 5882 1552 5955 potius
1592 5894 1874 5957 exspecte-

1982 4687 2105 4741 dum
2133 4688 2393 4745 insolubili
2418 4690 2776 4747 observatione
2803 4695 3055 4749 retinetur
3078 4696 3218 4766 quod
3262 4713 3296 4750 a
3322 4698 3568 4753 sacerdo-

1980 4787 2086 4832 tum
2109 4780 2440 4835 universitate
2466 4792 2544 4836 est
2573 4784 2924 4838 constitutum.

2050 4869 2183 4927 Item
2212 4885 2543 4930 memoratus
2571 4890 2709 4945 papa
2732 4875 3037 4948 Simplicius
3063 4878 3266 4935 Zenoni
3289 4879 3530 4951 Augusto
3554 4899 3569 4936 :

1980 4962 2173 5019 Nullus
2220 4965 2291 5017 ad
2316 4982 2470 5020 aures
2517 4977 2701 5021 vestra:
2743 4968 2953 5035 pietatis
2976 4971 3282 5041 perniciosis
3318 4974 3570 5028 mentibus

1985 5053 2246 5124 pandetur
2279 5072 2515 5111 accessus
2544 5073 2563 5111 :
2612 5058 2758 5112 nulla
2806 5062 3127 5116 retractandi
3179 5063 3247 5117 de
3287 5065 3571 5120 veterrimis

1985 5146 2176 5215 ﬁducia
2197 5149 2538 5203 concedatur:
2561 5150 2636 5203 sic
2655 5150 2905 5205 hwresum
2922 5152 3138 5224 denique
3157 5155 3572 5210 machinamenta

1986 5248 2286 5294 cunctarum
2332 5242 2695 5298 ecclesiasticis
2740 5254 3002 5315 prostrata
3040 5247 3282 5314 decretis,
3310 5264 3571 5319 nunquam

1986 5330 2226 5383 sinuntur
2254 5333 2721 5403 oppugnationibus
2765 5338 2894 5391 elisa
2922 5354 3169 5408 reparare
3194 5340 3498 5393 certamina.

2057 5419 2190 5476 item
2225 5423 2513 5492 prmdictus
2534 5440 2670 5495 papa
2720 5425 3028 5498 Simplicius
3064 5427 3131 5481 ad
3161 5428 3437 5497 praefatum
3470 5428 3571 5487 Ze-

1988 5529 2185 5571 nonem
2211 5516 2504 5584 Augustum
2539 5530 2554 5572 :
2585 5515 2672 5571 Ita
2705 5517 3138 5573 Chalcedonensis
3168 5520 3354 5589 synodi
3380 5523 3571 5576 consti-

1990 5618 2116 5670 tuta,
2159 5608 2235 5664 vel
2262 5625 2376 5680 qua:
2413 5609 2578 5663 beata:
2617 5613 2881 5665 memoria:
2907 5609 3253 5679 predecessor
3279 5628 3419 5667 metis
3468 5611 3571 5668 Leo

1987 5703 2279 5772 apostolica
2321 5702 2598 5757 traditione
2644 5702 2929 5772 perdocuit,
2954 5702 3260 5756 intemerata
3288 5704 3455 5775 vigere
3477 5706 3570 5775 ju-

1987 5793 2148 5845 beatis
2179 5809 2196 5846 :
2228 5795 2348 5863 quia
2377 5810 2470 5847 nec
2498 5794 2603 5850 ullo
2629 5794 2783 5847 modo
2824 5794 3096 5847 retractari
3123 5805 3310 5865 potest,
3343 5797 3479 5864 quod
3504 5796 3565 5851 il-

1985 5885 2155 5941 lorum
2174 5887 2477 5959 definitione
2502 5889 2723 5958 sopitum
2744 5896 2835 5946 est.
