4042 6470
479 345 590 406 “5

1888 338 2112 397 VlGlLli
2151 335 2356 395 ΡΑΡΑΕ

3657 340 3769 393 HO

482 461 589 519 isto
611 459 809 519 saeculo
833 454 1099 531 proﬁciat,
1130 457 1221 516 illa
1250 456 1421 528 magis
1444 470 1568 529 quae
1592 463 1796 511 aeterna
1820 462 1947 511 sunt
1969 467 2067 523 per
2094 454 2143 514 Α
2172 459 2232 504 ut
2286 449 2390 506 hac
2428 450 2637 506 ratione
2679 456 2898 508 sanctus
2950 464 3089 523 papa
3135 449 3358 522 Vigilius
3402 450 3766 508 constitutum

480 552 652 625 ipsius
680 550 840 607 fidem
868 557 925 607 et
952 564 1195 605 amorem
1222 550 1406 621 cupiat
1442 549 1710 614 obtinere,
1740 548 1917 603 sciens
1943 545 2071 615 quia

481 649 536 704 in
560 645 661 702 hac
685 644 797 701 vita
816 658 980 700 nemo
1000 657 1122 699 esse
1150 650 1414 714 perpetuo
1441 648 1639 713 potest,
1664 640 1718 694 in
1748 639 1838 694 illa
1866 648 2069 707 autem,

481 747 577 795 aut
604 739 660 795 in
684 737 900 809 requie,
931 743 1027 791 aut
1054 735 1109 791 in
1139 734 1313 806 pinnis
1338 732 1619 805 perpetuis
1644 732 1714 787 sit
1747 732 1976 787 futurus.
2004 728 2074 785 Et

480 838 770 902 propterea
796 826 1081 884 audientes
1108 835 1341 882 vestram
1380 825 1607 896 gloriam
1644 822 1713 880 ad
1740 822 1942 893 regiam
1983 837 2073 876 ur-

480 922 605 978 bem
630 922 684 976 in
705 919 1035 991 legationem
1056 934 1177 976 esse
1197 917 1479 985 directam,
1497 926 1887 988 cognoscentes
1907 917 2071 973 etiam

479 1028 582 1085 per
618 1011 859 1082 aliquos,
887 1011 981 1082 qui
1007 1025 1067 1067 se
1094 1010 1259 1067 vestri
1290 1010 1539 1068 notitiam
1568 1010 1771 1065 habere
1797 1008 2068 1073 dixerunt,

479 1104 679 1160 famam
707 1111 765 1161 et
790 1103 1109 1175 sapientiam
1139 1112 1377 1158 vestram
1400 1143 1417 1168 ,
1456 1101 1575 1158 haec
1599 1102 1755 1158 vobis
1793 1100 1863 1158 de
1890 1100 2073 1157 multis

479 1211 603 1269 quae
630 1204 751 1253 acta
779 1205 907 1253 sunt
927 1236 943 1263 ,
987 1211 1158 1266 pauca
1197 1195 1265 1252 ad
1295 1193 1708 1251 instructionem
1753 1186 2074 1266 quacunque

481 1288 771 1351 occasione
799 1288 1083 1347 referenda
1122 1288 1520 1345 transmisimus
1551 1305 1566 1343 :
1598 1302 1697 1359 per
1720 1302 1840 1359 qua:
1867 1299 2072 1356 cogno-

477 1379 649 1436 scatit
675 1379 1081 1451 persecutiones
1107 1387 1165 1435 et
1188 1378 1499 1447 violentias,
1518 1392 1654 1448 quas
1681 1377 1791 1434 illic
1817 1377 2072 1434 sacerdo-

479 1479 567 1528 tes
615 1471 910 1539 catholici,
959 1481 1018 1529 et
1063 1472 1374 1542 quicunque
1417 1471 1816 1529 ecclesiasticas
1859 1472 2073 1542 regulas

480 1580 703 1623 servare
730 1565 1031 1635 voluerint,
1058 1567 1356 1638 patiuntur.
1396 1565 1636 1623 Veniens
1670 1567 1815 1623 enim
1845 1568 1918 1623 ibi
1946 1576 2074 1624 ante

480 1672 580 1715 sex
604 1672 775 1715 annos
803 1657 978 1732 [Anno
1012 1658 1118 1713 5η
1140 1700 1157 1726 ,
1186 1676 1362 1715 mense
1390 1658 1671 1732 Januario]
1702 1660 1835 1717 istos
1861 1660 2069 1716 beatis-

478 1748 654 1807 simus
678 1764 819 1821 papa
844 1750 1088 1820 Vigilius,
1109 1750 1282 1821 magis
1308 1758 1512 1819 autem,
1535 1760 1596 1807 ut
1615 1752 1760 1824 quod
1780 1752 1964 1810 verius
1990 1761 2075 1809 est

476 1841 692 1901 dicitur
711 1879 728 1907 ,
776 1857 947 1913 prope
994 1842 1260 1899 violenter
1313 1842 1577 1899 deductus
1597 1882 1615 1909 ,
1668 1852 1952 1913 cmperunt
1995 1845 2069 1901 ibi

478 1933 658 2006 ipsum
684 1941 1036 2005 exspectare,
1069 1942 1129 1989 ut
1153 1934 1555 1991 damnationem
1592 1934 1895 2005 aliquorum
1924 1938 2073 2008 capi-

476 2023 719 2081 tulorum
747 2023 955 2081 faceret
977 2066 995 2094 ,
1035 2040 1133 2095 per
1158 2040 1320 2095 quam
1348 2032 1536 2081 sancta
1563 2026 1799 2098 synodus
1845 2025 2073 2083 Chalce-

478 2116 753 2187 donensis,
778 2130 897 2187 quae
925 2115 1084 2172 fidem
1109 2116 1452 2183 catholicam,
1479 2116 1759 2173 insistente
1788 2126 1915 2174 tunc
1939 2118 2071 2175 bea-

481 2210 694 2266 tissimo
720 2224 861 2281 papa
892 2207 1107 2277 Leone,
1138 2216 1329 2264 contra
1365 2208 1607 2264 diversas
1636 2208 1870 2265 hzereses
1898 2208 2071 2265 vindi-

478 2300 659 2367 cavit,
705 2301 881 2356 modis
930 2299 1180 2355 omnibus
1225 2300 1543 2355 solveretur.
1603 2298 1710 2355 Sed
1759 2315 1882 2355 cum
1932 2315 2071 2371 papa

477 2390 709 2461 Vigilius
728 2390 784 2446 in
805 2391 911 2446 hac
936 2398 1090 2461 parte
1117 2406 1226 2446 non
1255 2389 1419 2446 vellet
1439 2390 1695 2446 adhibere
1723 2405 2068 2460 consensum,

474 2481 589 2553 iam
617 2492 744 2538 tunc
771 2481 894 2538 talis
924 2481 1179 2537 violentia
1207 2481 1350 2538 facta
1379 2489 1495 2551 est,
1528 2490 1585 2538 ut
1612 2482 1826 2553 publice
1855 2483 1909 2539 in
1939 2500 2073 2541 con-

475 2581 646 2630 ventu
689 2572 938 2630 clamarit
969 2571 1298 2629 :Contestor
1340 2572 1489 2644 quia,
1523 2573 1626 2633 etsi
1671 2589 1761 2631 me
1797 2576 2069 2646 captivum

475 2666 710 2732 tenetis,
743 2666 960 2722 beatum
992 2664 1211 2721 Petrum
1247 2665 1552 2737 apostolum
1589 2667 1862 2736 captivum
1890 2666 2071 2723 facere

475 2771 587 2814 non
611 2758 861 2829 potestis.
895 2757 1088 2812 Postea
1117 2764 1296 2812 tamen
1319 2764 1552 2813 tractatu
1577 2756 1761 2814 habito
1787 2758 2071 2830 praedictus

474 2855 696 2905 sanctus
722 2863 862 2919 papa
892 2847 1113 2918 Vigilius
1138 2848 1238 2903 sub
1266 2848 1444 2919 aliqua
1473 2848 1870 2919 dispensatione
1898 2850 2069 2921 ipsam

474 2955 698 2997 causam
735 2939 1098 3010 ordinaverit,
1128 2939 1361 2996 sollicite
1390 2940 1661 2996 monendo
1691 2957 1758 2996 ne
1784 2957 1883 3013 per
1912 2957 2072 2998 occa-

472 3031 686 3090 sionem
725 3032 957 3104 aliquam
997 3031 1307 3105 supradicta
1349 3032 1586 3106 synodus
1611 3043 1891 3103 pateretur
1924 3035 2068 3105 inju-

471 3124 632 3181 riam.
664 3123 733 3180 Et
751 3126 996 3197 quamvis
1024 3141 1126 3182 nec
1149 3126 1253 3182 hoc
1274 3126 1417 3195 quod
1445 3141 1584 3198 papa
1614 3127 1817 3183 fecerat
1843 3130 2067 3200 acquie-

2172 542 2317 609 quod
2348 540 2401 596 in
2430 541 2545 613 ipsa
2574 557 2736 597 causa
2763 542 2985 605 fecerat,
3010 542 3222 612 publice
3245 543 3299 598 in
3318 550 3594 599 conventu
3613 545 3762 602 reci-

2173 643 2345 705 peret,
2358 634 2682 692 denuntians
2691 634 2816 705 quia
2830 634 2877 691 si
2894 634 3335 705 quisGrmcorum
3355 635 3767 707 episcoporum,

2174 743 2343 796 usque
2370 728 2438 783 ad
2468 727 2784 783 universalis
2816 728 3030 784 concilii
3070 736 3391 792 tractatum,
3422 727 3490 784 de
3516 728 3636 785 istis
3660 744 3768 785 ca-

2173 818 2356 889 pitulis
2385 818 2584 889 aliquid
2610 816 2865 884 fecisset,
2904 827 2998 873 aut
3026 818 3345 876 facientibus
3374 820 3763 889 acquievisset,

2173 926 2205 966 a
2242 911 2622 967 communione
2663 911 2807 968 sedis
2848 912 3158 982 apostolica:
3202 912 3411 967 alienus
3446 912 3710 969 existeret
3742 930 3760 966 :

2173 1003 2431 1074 quoniam
2461 1002 2771 1073 frequenter
2797 1002 2900 1075 ipsi
2926 1003 3167 1075 episcopi
3212 1002 3388 1059 Grteci
3413 1003 3481 1059 ad
3509 1005 3765 1060 volunta-

2172 1104 2282 1150 tem
2311 1094 2570 1166 principis
2594 1094 2980 1149 damnaverant
3006 1094 3240 1165 capitula
3268 1095 3403 1165 ipsa,
3427 1094 3569 1149 unde
3595 1107 3769 1149 caiisa

2173 1193 2320 1241 mota
2349 1194 2461 1252 est,
2491 1183 2585 1240 sed
2622 1184 2962 1240 beatissimus
2999 1199 3136 1255 papa
3177 1199 3367 1239 manus
3394 1198 3584 1239 eorum
3612 1198 3645 1238 a
3673 1198 3767 1238 se-

2173 1277 2458 1332 renissimo
2485 1276 2811 1346 imperatore
2832 1282 3136 1345 receperat.
3166 1274 3303 1330 Sunt
3327 1273 3498 1330 ϐτωοί
3520 1274 3766 1345 episcopi

2174 1367 2436 1423 habentes
2463 1366 2657 1422 divites
2704 1374 2760 1421 et
2789 1366 3071 1436 opulentas
3103 1365 3356 1421 ecclesias
3378 1403 3395 1429 ,
3444 1374 3500 1421 et
3528 1380 3637 1421 non
3664 1381 3733 1436 pa

2174 1460 2380 1516 tiuntur
2405 1459 2541 1514 duos
2568 1473 2782 1515 menses
2806 1474 2837 1512 a
2866 1473 3045 1512 rerum
3074 1457 3561 1513 ecclesiasticarum
3587 1456 3769 1513 domi-

2174 1553 2395 1609 natione
2422 1549 2675 1624 suspendi
2707 1567 2721 1604 :
2754 1564 2853 1620 pro
2880 1565 2987 1620 qua
3021 1564 3080 1603 re
3108 1548 3403 1604 secundum
3443 1556 3659 1619 tempus
3707 1558 3769 1602 et

2174 1644 2471 1704 secundum
2514 1643 2848 1699 voluntatem
2898 1641 3230 1712 principum,
3269 1639 3529 1709 quidquid
3576 1640 3646 1694 ab
3684 1640 3771 1695 eis

2175 1737 2459 1807 quzesitum
2488 1733 2650 1790 fuerit
2676 1734 2795 1789 sine
2823 1732 3178 1788 altercatione
3220 1730 3585 1788 consentiunt.
3623 1730 3768 1786 Cum

2100 1831 2150 1893 B
2181 1831 2296 1887 Afri
2324 1828 2593 1901 episcopi,
2620 1826 2689 1884 de
2716 1826 2911 1896 quibus
2946 1825 3142 1895 saepius
3172 1823 3377 1880 dictum
3405 1831 3518 1893 est,
3548 1825 3601 1879 in
3630 1824 3770 1879 civi-

2174 1930 2341 1979 tatem
2367 1921 2572 1991 regiam
2602 1918 2996 1990 pervenissent,
3026 1924 3310 1987 cmperunt
3336 1916 3416 1971 eis
3437 1931 3586 1970 nunc
3609 1914 3769 1971 blan-

2173 2013 2455 2080 dimentis,
2484 2026 2627 2067 nunc
2653 2009 2951 2066 terroribus
2979 2017 3342 2078 extorquere,
3372 2014 3432 2062 ut
3458 2005 3770 2077 praiberent

2174 2108 2229 2164 in
2276 2105 2638 2177 capitulorum
2684 2101 3032 2158 damnatione
3080 2115 3427 2156 consensum.
3482 2096 3590 2153 Sed
3637 2113 3766 2153 cum

2174 2198 2480 2255 nullatenus
2508 2195 2587 2250 eis
2614 2202 2941 2263 extorquere
2972 2192 3296 2262 potuissent,
3324 2190 3649 2247 concinnata
3681 2198 3769 2244 est

2173 2304 2334 2346 causa
2356 2296 2545 2345 sancto
2567 2285 2838 2356 Reparato
2864 2283 3120 2355 episcopo
3133 2282 3584 2352 Carthaginiensi,
3610 2281 3767 2351 quasi

2174 2378 2537 2435 Arcobindam
2566 2376 2886 2446 magistrum
2917 2375 3146 2430 militum
3184 2388 3215 2427 a
3253 2370 3504 2427 Guntarit
3533 2378 3766 2442 tyranno

2174 2470 2229 2526 in
2259 2469 2437 2524 Africa
2468 2466 2685 2525 fecisset
2707 2467 2903 2533 occidi,
2934 2476 2991 2522 et
3017 2466 3115 2523 sub
3143 2466 3249 2520 hoc
3276 2463 3462 2520 colore
3490 2464 3542 2517 in
3571 2463 3765 2518 exsilio

2173 2565 2489 2635 deportatus
2517 2570 2619 2618 est.
2652 2560 2768 2618 Hoc
2794 2560 3038 2617 videntes
3062 2559 3150 2614 alii
3179 2558 3306 2622 duo,
3331 2558 3423 2628 qui
3447 2556 3588 2612 inter
3618 2556 3766 2627 ipsos

2173 2663 2230 2712 et
2253 2656 2537 2711 sanctitate
2558 2654 2679 2708 vita:
2708 2662 2765 2709 et
2784 2652 3083 2707 divinarum
3113 2648 3511 2721 Scripturarutu
3534 2648 3765 2703 scientia

2173 2756 2300 2804 sunt
2326 2746 2502 2804 ornati
2528 2785 2544 2810 ,
2595 2744 2664 2800 ad
2690 2752 2933 2800 sanctam
2961 2741 3315 2813 Euphemiam
3362 2738 3765 2796 Chalcedonem

2172 2839 2444 2908 fugerunt,
2485 2845 2542 2893 et
2569 2836 2642 2891 ibi
2694 2850 2864 2905 usque
2911 2834 3073 2891 hodie
3108 2834 3208 2889 sub
3256 2840 3405 2888 tanta
3440 2832 3765 2887 necessitate

2168 2932 2353 3002 jacent
2374 2972 2389 2997 ,
2422 2938 2518 2996 ut,
2558 2944 2680 2985 cum
2713 2927 3025 2984 infirmitate
3054 2926 3298 2997 corporis
3327 2925 3637 2981 laborantes
3665 2939 3765 2980 nec

2173 3022 2439 3079 medicum
2470 3022 2711 3076 invenire
2738 3027 3068 3088 mereantur,
3090 3019 3327 3091 pericula
3351 3021 3611 3076 immensa
3639 3033 3763 3074 sus—

2173 3117 2402 3172 tineant.
2442 3112 2731 3171 Praefectus
2773 3128 2902 3169 vero
2939 3111 3167 3179 Africte,
3210 3111 3257 3167 si
3300 3126 3436 3181 quos
3474 3108 3683 3166 invenit
3710 3109 3762 3164 in

471 3224 671 3273 verunt
696 3216 935 3272 Africani
963 3223 1129 3286 atque
1169 3215 1426 3272 Dalmata:
1453 3218 1760 3275 sacerdotes
1784 3220 2064 3292 recipere;
2096 3225 2143 3289 ο
2176 3209 2355 3264 Africa
2383 3208 2702 3279 episcopos,
2733 3222 2763 3261 a
2808 3216 2827 3261 t
2853 3221 3047 3262 causas
3072 3205 3318 3276 prOprias
3347 3203 3643 3270 habentes,
3673 3208 3763 3256 aut

476 3314 662 3363 tamen
708 3308 873 3379 erepit
916 3308 1113 3364 iterum
1169 3310 1488 3380 saepedictus
1542 3310 1888 3369 beatissimus
1930 3328 2070 3384 papa

474 3392 703 3467 Vigilius
729 3396 797 3453 ad
825 3398 932 3453 hoc
957 3398 1209 3469 compelli
1233 3438 1250 3465 ,
1289 3406 1349 3455 ut
1395 3400 1641 3457 absolute
1690 3401 1804 3472 ipsa
1834 3403 2069 3473 capitula

473 3487 594 3544 sine
622 3488 815 3561 synodi
839 3487 1295 3547 Chalcedonensis
1319 3492 1595 3548 mentione
1622 3492 1927 3549 damnaret.
1958 3493 2068 3549 Sed

473 3595 615 3652 papa
646 3596 756 3636 non
784 3581 1133 3651 acquiescens
1161 3581 1266 3638 hoc
1293 3582 1473 3639 facere
1495 3624 1510 3649 ,
1558 3592 1612 3637 ct
1657 3583 1843 3639 videns
1880 3600 1939 3641 se
1982 3585 2067 3639 ni-

474 3672 645 3728 mium
691 3671 988 3742 ingravari,
1029 3673 1163 3729 dixit
1211 3682 1341 3730 tunc
1391 3674 1739 3731 serenissimo
1788 3676 2062 3747 principi:

475 3762 712 3822 Veniant
724 3766 827 3820 huc
841 3763 1033 3820 fratres
1056 3764 1223 3819 nostri
1246 3779 1312 3820 ex
1337 3764 1585 3819 omnibus
1611 3764 1904 3833 provinciis
1916 3765 2066 3833 quini

475 3865 573 3913 aut
596 3856 714 3914 seni
741 3856 998 3927 episcopi,
1025 3865 1081 3911 et
1103 3854 1362 3926 quidquid
1391 3856 1490 3910 sub
1515 3856 1927 3925 tranquillitate,
1956 3865 2068 3911 tra-

476 3957 625 4006 ctatu
644 3948 849 4016 habito,
881 3949 1132 4006 omnibus
1157 3948 1330 4002 visum
1356 3946 1537 4011 fuerit,
1566 3962 1691 4002 cum
1721 3963 1855 4018 pace
1882 3948 2067 4018 dispo-

475 4055 669 4097 nemus
703 4057 716 4094 :
747 4038 873 4110 quia
914 4039 1033 4095 sine
1075 4053 1344 4094 consensu
1382 4038 1622 4092 omnium
1651 4037 1752 4093 ista
1779 4078 1795 4104 ,
1847 4054 1966 4109 quae
2012 4048 2069 4096 et

473 4132 734 4205 synodum
759 4130 1259 4188 Chalcedonensem
1290 4129 1342 4184 in
1374 4129 1594 4184 dubium
1623 4130 1812 4185 venire
1838 4129 2066 4202 faciunt,

474 4230 530 4279 et
557 4221 867 4279 scandalum
897 4220 1152 4278 fratribus
1190 4221 1323 4277 meis
1359 4229 1657 4291 generant,
1705 4222 1855 4278 solus
1891 4222 2068 4280 facere

474 4314 784 4370 nullatenus
817 4315 1176 4385 acquiescam.
1210 4314 1355 4371 Missi
1385 4323 1514 4370 sunt
1541 4330 1672 4385 ergo
1695 4330 1727 4371 a
1755 4316 2069 4372 clementis-

473 4403 614 4459 simo
660 4405 900 4475 principe
947 4405 1016 4460 ad
1063 4405 1293 4464 Africam
1343 4415 1399 4463 et
1442 4404 1751 4481 Illyricum,
1792 4416 1852 4463 ut
1883 4409 2067 4466 venire

473 4492 718 4564 episcopi
770 4494 1100 4551 debuissent.
1153 4495 1258 4553 Sed
1307 4497 1376 4555 de
1423 4482 1634 4569 Illyrico
1668 4500 1845 4554 nullus
1882 4500 2069 4556 venire

2170 3301 2442 3372 simplices
2462 3300 2547 3355 vel
2575 3299 2810 3371 ignaros,
2833 3307 2929 3353 aut
2953 3297 3171 3353 venales
3199 3303 3253 3351 et
3282 3302 3501 3366 paratos
3528 3293 3595 3349 ad
3625 3308 3761 3364 prte-

2169 3394 2357 3459 minm,
2404 3392 2622 3463 collegit
2662 3400 2719 3448 et
2754 3391 2953 3446 direxit
3000 3389 3125 3444 inde
3173 3400 3629 3457 unumquemque.
3681 3383 3759 3439 Ex

2170 3487 2365 3559 quibus
2412 3494 2591 3541 tamen
2640 3501 2777 3540 unus
2829 3492 2956 3539 ante
3002 3483 3136 3538 istos
3187 3489 3395 3551 septem
3443 3494 3617 3535 annos
3662 3493 3762 3548 pro

2170 3580 2449 3636 adulteriis
2474 3579 2584 3635 suis
2609 3587 2736 3633 tunc
2763 3577 2831 3633 de
2860 3576 3077 3633 civitate
3122 3575 3270 3643 regia
3318 3588 3439 3629 cum
3468 3572 3762 3644 opprobrio

2170 3671 2377 3742 cjectus
2414 3678 2471 3726 et
2507 3670 2561 3726 in
2591 3685 2783 3725 navem
2813 3668 3116 3739 impositus,
3148 3667 3214 3721 ad
3246 3665 3482 3721 Africam
3510 3672 3595 3720 est
3619 3664 3761 3719 dirc-

2171 3773 2308 3819 ctus.
2342 3761 2410 3816 Et
2438 3775 2566 3818 ecce
2593 3775 2690 3831 per
2717 3759 2904 3831 quales
2932 3757 3179 3814 homines
3208 3758 3261 3811 in
3291 3754 3515 3825 singulis
3544 3754 3761 3824 provin-

2171 3853 2269 3910 ciis
2296 3860 2497 3910 sanctzn
2525 3850 2779 3907 Ecclesia:
2819 3849 3184 3905 dissensiones
3236 3854 3292 3902 et
3320 3844 3575 3901 scandala
3605 3858 3761 3913 gene-

2172 3952 2379 4001 rantur.
2430 3941 2650 3997 Mittunt
2692 3941 2855 3997 etiam
2885 3939 2955 3995 ad
2994 3938 3405 4008 Carthaginem,
3436 3944 3492 3991 et
3516 3935 3680 3991 alium
3709 3936 3761 3989 in

2172 4038 2293 4095 loco
2318 4034 2491 4092 sancti
2539 4033 2794 4106 Reparati
2822 4031 3060 4103 episcOpi
3103 4038 3293 4087 contra
3332 4043 3520 4084 omnes
3549 4028 3763 4096 regulas

2172 4141 2228 4189 et
2252 4140 2441 4189 contra
2470 4130 2652 4188 omnia
2679 4137 2878 4187 statuta
2908 4126 3127 4183 Patrum
3176 4125 3491 4195 episcopum
3520 4120 3760 4177 ordinari

2171 4222 2460 4281 fecerunt:
2491 4223 2637 4293 quod
2681 4238 2802 4279 cum
2852 4220 3016 4277 nimia
3065 4218 3328 4275 ell'usione
3380 4212 3655 4284 sanguinis
3705 4219 3761 4265 et

2172 4319 2393 4375 interitu
2420 4317 2713 4373 multorum
2755 4316 3121 4371 innocentium
3154 4311 3432 4367 hominum
3460 4307 3653 4363 fecisse
3678 4304 3761 4359 di-

2171 4418 2383 4467 cuntur.
2426 4407 2894 4477 Constantinopoli
2934 4421 3065 4462 vero
3095 4409 3377 4474 cmperunt
3405 4400 3597 4454 iterum
3626 4396 3757 4451 bea-

2172 4501 2436 4557 tissimum
2474 4514 2671 4571 papam
2722 4497 2974 4567 Vigilium
3024 4494 3385 4566 compellere,
3424 4498 3484 4545 ut
3528 4489 3575 4544 si
3623 4487 3759 4551 Afri,

472 4577 665 4638 voluit.
695 4581 772 4639 De
803 4582 983 4639 Africa
1009 4600 1139 4641 vero
1164 4600 1288 4643 cum
1309 4587 1422 4656 jam
1451 4588 1618 4657 aliqui
1648 4588 1956 4658 proximare
1983 4591 2065 4644 ci-
2096 4615 2145 4675 ο
2172 4602 2335 4664 atque
2360 4589 2647 4664 Illyriciani
2666 4632 2684 4659 ,
2712 4590 2801 4645 vel
2829 4588 3087 4643 Dalmata:
3114 4585 3356 4656 episcopi
3386 4581 3613 4675 nollent,
3645 4581 3763 4650 ipse

476 4769 609 4824 utsi
639 4770 689 4827 ei
717 4788 825 4827 non
864 4771 1141 4829 sulliceret
1188 4774 1316 4830 illud
1361 4772 1506 4844 quod
1555 4783 1680 4830 ante
1726 4774 2062 4841 decreverat,

476 4859 747 4930 redderet,
773 4872 827 4920 et
857 4872 1109 4937 tanquam
1139 4865 1207 4922 de
1235 4881 1379 4921 novo
1404 4880 1566 4921 causa
1595 4880 1717 4920 cum
1746 4865 1829 4921 his
1854 4866 1946 4937 qui
1972 4882 2067 4923 ve-

476 4950 596 5007 nire
625 4953 853 5009 nuntiati
884 4963 1010 5010 sunt
1039 4964 1383 5012 tractaretur.
1427 4955 1684 5012 Praestitit
1708 4954 1871 5024 igitur
1900 4956 2063 5028 Deus,

476 5131 845 5205 debaidoircge
868 5134 1194 5192 Francorum
1213 5134 1733 5205 Constantinopolim
1763 5136 1909 5191 missi
1937 5148 2062 5195 sunt

477 5217 570 5257 an.
606 5202 672 5287 η
699 5202 826 5260 belli
855 5205 1070 5262 Cothici
1088 5247 1104 5271 ,
1132 5206 1311 5287 quinia
1337 5220 1498 5287 cursu
1527 5202 1626 5287 fuit
1655 5222 1823 5287 usque
1844 5207 1917 5287 ad
1950 5224 2064 5287 vel:

474 5287 609 5327 num
660 5283 871 5345 tempus
917 5274 1195 5345 sequentis
1223 5274 1423 5331 Christi
1462 5277 1629 5340 anni,
1662 5274 1815 5346 cujus
1844 5277 2060 5335 hiemali

479 5350 727 5415 tempore
757 5346 963 5415 legatos
991 5347 1089 5415 via:
1116 5362 1237 5402 sese
1265 5346 1476 5403 dedisse
1504 5346 1917 5402 existimandum
1952 5365 2060 5404 non

481 5422 586 5489 est.
617 5414 785 5489 Docet
808 5414 952 5489 enim
993 5414 1288 5489 Procopius
1310 5416 1405 5489 lib.
1438 5434 1489 5473 iv
1526 5417 1658 5472 Bell.
1691 5414 1860 5489 G_nth._
1881 5458 1895 5482 ,
1927 5434 2059 5489 cap.

481 5480 589 5548 ξι,
618 5485 686 5539 de
731 5487 897 5556 gestis
943 5503 1088 5542 anno
1130 5480 1258 5542 belli
1297 5487 1506 5544 Gnthici
1538 5489 1605 5541 l7
1634 5487 1795 5542 verba
1837 5480 2060 5554 faciens,

482 5568 606 5609 cum
635 5564 959 5613 conventum
989 5565 1134 5615 esset
1174 5557 1316 5613 inter
1344 5557 1579 5615 Francos
1607 5567 1663 5613 et
1690 5556 1895 5611 Gothos
1925 5566 1981 5610 ut
2010 5574 2070 5614 se

482 5624 539 5679 in
569 5622 733 5681 Italia:
760 5626 988 5685 invicem
1017 5629 1181 5683 armis
1206 5644 1314 5683 non
1342 5629 1687 5694 lacesserent,
1717 5625 2071 5683 Iustinianum

483 5695 622 5764 Aug.
667 5695 735 5751 ad
776 5696 1188 5754 Theodebaldum
1236 5698 1563 5755 Francorum
1607 5710 1786 5765 regem
1836 5696 2069 5764 legatum

470 5768 697 5822 :misisse
729 5766 997 5824 Leontium
1034 5781 1369 5835 senatorem,
1409 5768 1801 5838 postulaturum
1835 5775 1891 5819 ut
1913 5782 2068 5838 arma

483 5853 671 5909 SCCIIILI
698 5838 956 5895 adversus
1000 5842 1208 5896 Gothos
1245 5836 1523 5909 iungeret,
1555 5838 1880 5906 cedere-tque
1910 5836 2065 5904 locis,

486 5926 600 5983 quc
630 5906 1002 5970 Tltcadebertua
1049 5913 1103 5968 in
1154 5910 1315 5969 Italia
1350 5906 1544 5967 'contra
1569 5909 1660 5980 jus
1689 5908 1894 5980 [ludatis
1924 5925 2069 5965 occu-

376 4728 384 4737 .
476 4676 626 4733 vitati
655 4679 816 4748 regia:
851 4679 1179 4749 dicerentur,
1209 4680 1345 4736 dixit
1378 4697 1516 4753 papa
1559 4682 1783 4751 Vigilius
1810 4684 2064 4755 principi,
2102 4674 2125 4675 ί
2168 4698 2291 4740 cum
2320 4681 2521 4738 Grzecis
2560 4682 2828 4753 episcopis
2856 4680 3045 4735 eadem
3074 4678 3309 4749 capitula
3347 4674 3756 4731 condemnaret.

2168 4773 2274 4831 Sed
2298 4774 2611 4830 beatissimo
2635 4789 2773 4844 papa
2803 4772 2996 4841 Vigilio
3024 4770 3329 4826 nullatenus
3358 4767 3761 4837 acquiescanteo

2169 4866 2343 4923 edicta
2373 4880 2440 4921 ex
2472 4865 2689 4920 nomine
2716 4864 2979 4933 imperiali
3011 4872 3118 4917 tam
3146 4862 3199 4916 in
3228 4859 3466 4917 Ecclesia
3494 4856 3764 4913 Constan-

2172 4958 2524 5028 tinopolitana
2568 4971 2729 5027 quam
2778 4957 2832 5013 in
2881 4956 3106 5013 diversis
3135 4955 3268 5012 locis
3315 4954 3570 5025 suspendi
3609 4951 3761 5005 fece-

2170 5148 2376 5210 passet;
2405 5136 2496 5193 sed
2518 5135 3201 5210 _Lcnntio_1‘lieodebaldum
3230 5138 3571 5209 respondisse
3600 5155 3661 5195 se
3689 5138 3760 5193 ad

2171 5207 2485 5279 societatem
2515 5207 2640 5261 belli
2671 5210 2722 5262 in
2742 5207 2950 5263 Gothos
2981 5211 3164 5263 venire
3192 5225 3301 5263 non
3322 5207 3517 5278 posse;
3545 5218 3600 5262 et
3623 5225 3762 5279 quo-

2169 5278 2237 5334 ad
2274 5279 2393 5333 loca
2422 5278 2512 5332 illa
2534 5317 2550 5342 ,
2592 5288 2801 5347 patrem
2847 5294 3003 5334 suum
3035 5279 3470 5333 'l‘heodcbertum
3503 5278 3763 5333 Romanis

2169 5349 2581 5419 noueripuisse.
2610 5347 2719 5403 Sed
2747 5349 2811 5402 de
2840 5348 2947 5413 his,
2970 5349 3142 5419 inquit
3164 5347 3764 5419 Theodebaldustlega-

2169 5429 2247 5475 tos
2270 5417 2588 5490 Byzantium
2601 5419 2855 5490 mittemus
2876 5418 3014 5474 brevi
3021 5458 3042 5490 ._
3052 5418 3111 5490 ΑΗ
3118 5421 3163 5473 is
3181 5419 3355 5481 dictis,
3371 5420 3575 5490 remisit
3598 5417 3763 5473 Lean-

2168 5487 2335 5558 tium,
2368 5500 2417 5545 et
2444 5488 2785 5560 Leudardumr
2804 5506 2987 5560 genere
3014 5488 3292 5560 Francnmr
3308 5489 3377 5560 ad
3404 5487 3760 5544 Iustinianum

2176 5561 2529 5632 Aug._legavit
2559 5575 2673 5614 cum
2705 5559 2863 5614 tribus
2894 5560 3032 5614 aliis.
3061 5560 3227 5631 Atque
3255 5559 3332 5612 illi
3361 5575 3475 5613 cum
3505 5562 3762 5630 pervenis.

2176 5629 2287 5687 sent
2310 5629 2640 5702 Byzantium,
2665 5647 2772 5702 rem
2801 5632 2947 5702 cujus
2970 5629 3150 5702 gratia
3170 5639 3432 5702 venerant,
3464 5629 3531 5683 ea:
3560 5640 3765 5702 sentem

2175 5703 2249 5757 tia
2276 5698 2608 5773 confecerunt
2632 5742 2645 5761 ,
2684 5698 2870 5773 inquit
2900 5698 3211 5773 Precopius.
3257 5698 3314 5755 Si
3351 5700 3545 5773 itaque
3561 5701 3762 5765 legatio

2175 5773 2261 5827 illa
2291 5770 2434 5825 anno
2462 5771 2553 5824 55l
2592 5772 2760 5843 obita,
2794 5770 3002 5843 libellus
3028 5773 3115 5828 ille
3145 5774 3251 5833 huc
3272 5782 3416 5829 anno
3441 5771 3678 5843 scriptus
3702 5780 3761 5828 ct

2173 5843 2360 5915 legatis
2392 5844 2638 5900 traditus.
2670 5842 2810 5900 ΑΜ.
2845 5840 2990 5900 υλω.
