4042 6460
235 350 328 408 H7

1423 339 1779 400 EPISTOLIE
1819 333 1904 392 ΕΤ
1943 332 2280 389 DECRETA.

3387 339 3488 396 ll8

229 481 384 568 runtt
416 484 512 542 per
556 483 674 540 qua:
720 468 907 525 eadem
953 466 1186 538 capitula
1232 464 1632 520 damnarentur.
1681 464 1798 528 Quo
1829 461 1876 522 Α
1905 456 2069 528 ipsius
2099 455 2258 511 falsas
2285 453 2552 510 conscribi
2594 452 2864 520 fecerunt,
2902 463 3105 510 etcum
3132 453 3262 525 ipsis
3291 453 3492 511 chartis

239 565 256 568 -
409 564 421 568 -
535 563 546 568 -
609 562 620 568 -
1261 558 1273 568 .
1552 557 1566 568 .
1739 557 1771 568 ..
1905 548 2233 568 a.-_._______
2269 545 2546 568 “Mum
2584 545 2644 568 ,.,
2695 545 2757 568 ιε,
2791 561 2920 568 ,ηη
2966 546 3388 568 ,,.,,,,.,,,,-,,,.
3424 545 3490 568 ,λ

229 557 384 622 [δοιά
407 562 746 620 beatissimus
792 575 928 631 papa
972 576 1161 616 onmes
1190 558 1474 628 episcopos
1501 557 1798 622 admonuit,

232 662 409 719 dicens
440 679 452 713 :
483 656 796 728 Quicunque
847 656 1037 712 edictis
1065 655 1182 710 istis
1209 668 1532 710 consensum
1563 651 1802 722 praebere

232 750 486 813 voluerit,
516 749 653 804 sciat
676 763 735 803 se
764 746 1076 818 apostolicae
1110 744 1254 801 sedis
1281 743 1660 800 communione
1685 756 1802 797 sus-

232 857 468 917 pensum.
516 840 624 896 Sed
673 849 730 896 et
766 847 986 896 sanctus
1012 839 1204 893 Dacius
1249 834 1662 892 Mediolanensis
1689 833 1804 904 epi-

231 949 420 1005 scopus
445 933 893 989 contestatiouem
929 931 1170 987 omnium
1197 930 1299 986 sub
1323 942 1516 998 magna
1542 925 1802 983 vocifera.

233 1026 375 1082 tione
401 1023 653 1096 deposuit
673 1065 690 1092 ,
729 1023 916 1080 dicens
945 1041 958 1077 :
989 1022 1128 1078 Ecce
1159 1035 1270 1092 ego
1305 1028 1362 1076 et
1396 1033 1521 1090 pars
1560 1017 1801 1074 omnium

229 1115 562 1174 sacerdotum
581 1155 598 1182 ,
635 1115 776 1170 inter
800 1129 936 1185 quos
964 1112 1204 1169 Ecclesia
1234 1125 1354 1166 mea
1381 1109 1670 1166 constituta
1695 1116 1799 1174 est,

230 1207 281 1263 id
306 1214 388 1264 est
413 1205 629 1270 Galliae,
656 1203 994 1273 Burgundiaz,
1025 1201 1258 1274 Spanim,
1292 1199 1540 1269 Liguria),
1569 1196 1801 1261 Emilim

229 1306 386 1368 atque
425 1297 701 1362 Venetim,
745 1303 1022 1352 contestor
1047 1295 1172 1364 quia
1201 1293 1508 1364 quicunque
1545 1292 1600 1346 in
1627 1290 1802 1348 edicta

227 1387 323 1443 ista
349 1386 703 1453 consenserit,
733 1380 1215 1457 suprascriptarum
1242 1383 1638 1456 provinciarum
1664 1397 1802 1453 pon-

137 1507 140 1510 ~
228 1477 392 1533 tilices
437 1477 925 1534 communieatores
973 1476 1176 1532 habere
1221 1490 1331 1530 non
1381 1474 1626 1545 poterit;
1677 1473 1801 1544 quia

226 1575 432 1624 constat
458 1566 604 1636 apud
633 1583 721 1622 me
748 1566 922 1622 edicta
951 1566 1054 1622 ista
1081 1571 1324 1621 sanctam
1353 1563 1616 1636 synodum
1644 1563 1805 1619 Chal-

225 1655 581 1712 cedonensem
608 1665 666 1712 et
689 1656 848 1712 ﬁdem
878 1655 1200 1712 catholicam
1227 1655 1564 1726 perturbare.
1595 1653 1670 1708 De
1697 1667 1806 1722 qua

226 1762 283 1802 re
322 1763 553 1803 accensa
583 1757 666 1804 est
689 1757 876 1804 contra
903 1746 1271 1804 beatissimum
1300 1760 1497 1817 papam
1525 1754 1582 1802 et
1607 1752 1800 1800 contra

1905 548 2237 618 Stephanum
2265 545 2551 615 quemdam
2579 545 2647 600 de
2695 545 2760 601 iis
2786 561 2924 615 quos
2965 546 3394 602 sollicitavcrunt
3422 545 3494 602 ad

1902 640 2109 694 Italiam
2133 655 2258 694 cum
2285 638 2473 707 legatis
2496 636 2797 693 Gothorum
2825 637 3105 700 miserunt,
3137 646 3196 692 ut
3219 654 3317 708 per
3344 637 3496 694 falsi-

1902 739 2043 806 tates
2071 738 2127 786 et
2155 729 2308 786 dolos
2334 729 2636 806 aliquorum
2664 727 2873 783 animos
2900 737 3090 783 contra
3120 729 3492 802 beatissimum

1901 805 2113 892 papam,
2135 819 2281 890 quod
2292 819 2434 875 Deus
2455 805 2568 873 ﬁeri
2589 833 2698 874 non
2721 817 3020 889 permittat,
3047 817 3100 871 in
3123 817 3229 874 illis
3249 821 3496 888 partibus

1902 914 2140 970 excitare
2169 912 2469 968 vidcantur.
2522 908 2680 966 Unde
2725 923 2981 980 rogamus
3024 915 3082 964 et
3125 915 3498 965 contestamur

1908 1007 2136 1078 gloriam
2161 1014 2398 1063 vestram
2441 1019 2542 1076 per
2577 1002 2812 1060 futurum
2859 1002 2954 1059 Dei
3003 1002 3172 1059 nostri
3211 1000 3495 1072 judicium,
3592 989 3596 993 ”

1907 1098 2052 1168 quod
2078 1097 2255 1154 omnis
2277 1095 2515 1153 conditio
2543 1095 2775 1150 humana
2803 1091 3076 1159 formidat,
3110 1099 3171 1147 ut
3189 1091 3258 1146 ad
3277 1092 3500 1162 provin-

1905 1191 2016 1246 cias
2047 1198 2253 1245 vestras
2289 1189 2404 1244 haec
2439 1187 2621 1243 omnia
2663 1185 2922 1242 velociter
2960 1185 3208 1241 indicetis
3232 1225 3250 1252 ,
3289 1198 3358 1238 ne
3404 1191 3500 1238 aut

1903 1282 1990 1337 isti
2015 1280 2312 1351 subripiant
2337 1280 2430 1351 qui
2452 1279 2598 1334 missi
2620 1286 2764 1344 sunt,
2793 1286 2887 1332 aut
2914 1277 3228 1333 Anastasius
3252 1276 3468 1348 quidam
3485 1317 3500 1342 ,

1903 1388 2061 1444 quem
2089 1379 2306 1428 sanctus
2342 1370 2626 1441 episcopus
2663 1367 2983 1424 Aurelianus
3011 1365 3340 1423 Arelatensis
3365 1366 3505 1436 civi_

1905 1465 2030 1520 tatis
2058 1463 2126 1519 ad
2153 1463 2522 1520 beatissimum
2563 1475 2757 1532 papam
2803 1469 2929 1516 ante
2957 1461 3061 1518 hoc
3109 1460 3386 1517 biennium
3409 1461 3487 1514 di-

1905 1562 2152 1621 rexerat,
2183 1553 2380 1608 ibidem
2411 1553 2464 1607 in
2494 1551 2681 1608 Galliis
2708 1551 2886 1620 aliqua
2917 1551 3206 1606 mentiatur
3237 1569 3251 1605 :
3286 1551 3412 1620 quia
3441 1560 3499 1606 et
3560 1581 3565 1588 ι

1911 1645 2047 1716 ipse,
2077 1660 2200 1702 cum
2237 1645 2306 1699 de
2335 1642 2804 1712 Constantinopoli
2831 1642 2982 1698 exire
3006 1658 3116 1698 non
3145 1650 3346 1715 posset,
3377 1657 3505 1698 usus

1911 1745 1997 1794 est
2023 1737 2274 1806 consilio,
2302 1745 2362 1792 ut
2390 1736 2732 1808 promitteret
2765 1749 2825 1791 se
2853 1735 3092 1790 omnium
3123 1736 3504 1808 episcoporum

225 1839 438 1893 Dacium
479 1838 792 1910 episc0pum
839 1837 1112 1893 iracundia
1159 1836 1472 1908 principalis
1515 1854 1529 1889 :
1560 1843 1616 1891 et
1654 1841 1805 1888 tanta
1838 1836 1884 1898 Β
1912 1829 2314 1886 Gallicanorum
2343 1827 2412 1884 ad
2437 1826 2742 1883 damnanda
2771 1825 3003 1897 capitula
3032 1843 3132 1898 pro
3167 1828 3364 1897 quibus
3391 1826 3506 1884 haec

223 1936 407 1985 contra
436 1944 536 1984 eos
563 1935 724 1998 agere
769 1936 1092 1999 coeperunt,
1128 1938 1189 1983 ut
1211 1966 1228 1991 ,
1272 1927 1376 1982 nisi
1405 1927 1474 1982 ad
1501 1934 1812 1982 sanctorum

227 2019 472 2074 basilicas
493 2018 882 2087 confugissent,
905 2018 972 2074 ad
993 2017 1269 2073 interitum
1288 2018 1411 2072 vita:
1430 2025 1807 2088 pervenerant.

224 2107 284 2162 Et
313 2117 499 2164 tamen
527 2109 872 2165 beatissimus
907 2123 1046 2179 papa
1082 2107 1342 2177 Vigilius,
1365 2121 1468 2162 nec
1496 2106 1549 2160 in
1583 2105 1804 2161 basilica

224 2199 369 2254 Beati
402 2198 552 2253 Petri
580 2197 738 2254 sedes
767 2207 909 2254 tutas
939 2197 1142 2254 habere
1171 2197 1402 2264 meruit;
1434 2198 1488 2252 in
1517 2204 1723 2250 tantum
1754 2203 1812 2250 ut

224 2290 326 2345 illic
351 2277 574 2360 praeter,
601 2289 666 2343 ad
689 2304 848 2358 quem
873 2288 1017 2345 fures
1044 2294 1099 2344 et
1125 2287 1409 2342 homicida:
1438 2286 1812 2342 tantummodo

222 2383 513 2452 pertinent,
545 2381 868 2436 mitteretur.
911 2379 1013 2447 Qui
1039 2395 1163 2436 eum
1192 2378 1533 2434 multitudine
1560 2378 1809 2448 militum,

221 2471 440 2540 spathas
475 2469 702 2525 nudatas
727 2477 784 2524 et
809 2485 967 2526 arcus
995 2477 1179 2525 tensos
1217 2467 1577 2538 portantium,
1617 2482 1809 2538 supra-

222 2559 419 2616 dictam
447 2559 731 2614 basilicam
782 2559 1044 2614 introivit.
1100 2559 1218 2626 Quo
1246 2559 1395 2623 viso,
1427 2565 1644 2613 sanctus
1674 2573 1811 2628 papa

221 2650 508 2704 columnas
535 2650 721 2703 altaris
748 2649 1026 2718 amplexus
1053 2658 1136 2702 est
1165 2666 1178 2700 ε
1211 2647 1302 2702 sed
1335 2647 1424 2702 ille
1451 2646 1732 2702 ferocitate
1757 2653 1813 2701 et

225 2739 407 2795 animo
437 2740 741 2796 concitatus
766 2781 783 2807 ,
822 2740 998 2809 primo
1026 2738 1094 2794 de
1131 2738 1290 2792 altari
1317 2737 1574 2794 diaconos
1601 2736 1720 2806 ejus
1757 2744 1813 2792 et

222 2827 452 2885 clericos
483 2844 512 2882 a
543 2829 753 2898 capillis
800 2837 976 2884 lentos
1024 2827 1220 2897 ejecit,
1259 2835 1447 2898 postea
1476 2842 1607 2882 vero
1638 2827 1810 2895 ipsum

221 2929 469 2974 sanctum
498 2935 688 2989 papam
719 2919 806 2973 alii
832 2935 864 2972 a
889 2918 1128 2988 pedibus,
1159 2917 1246 2972 alii
1277 2932 1306 2971 a
1336 2916 1540 2987 capillis
1565 2924 1620 2971 et
1647 2915 1811 2970 barba

225 3018 432 3064 tcntum
464 3011 755 3065 crudeliter
783 3009 1186 3063 abstrahebanl.
1230 3008 1336 3062 Sed
1366 3022 1486 3061 cmn
1513 3007 1602 3060 ille
1631 3005 1814 3060 altaris

223 3102 506 3156 columnas
536 3118 640 3156 non
671 3102 985 3166 dimitteret,
1017 3087 1214 3154 cecidi!
1242 3100 1433 3163 altare,
1464 3107 1520 3153 et
1551 3098 1813 3153 columnae

1913 1919 2164 1976 scandala
2195 1927 2313 1974 orta
2342 1926 2489 1984 sunt,
2518 1917 2729 1973 animos
2757 1917 3036 1974 inclinare.
3070 1915 3170 1973 Cui
3199 1925 3256 1973 et
3284 1915 3504 1988 prmmia

1923 2009 2152 2080 plurima
2182 2009 2371 2065 dantes
2399 2007 2640 2064 distriete
2674 2007 2747 2063 ibi
2789 2007 2858 2063 dc
2896 2007 2999 2063 hoc
3024 2005 3298 2078 implendo
3328 2020 3503 2061 sacra-

1918 2107 2103 2155 menta
2132 2105 2389 2169 praestare
2417 2096 2700 2162 fecerunt;
2752 2103 2808 2150 et
2857 2111 2966 2151 non
3012 2096 3374 2166 permiserunt
3410 2109 3508 2165 per

1915 2189 2164 2246 eumdem
2188 2187 2528 2244 Anastasium
2550 2186 2916 2242 beatissimum
2940 2201 3128 2256 papam
3157 2185 3282 2254 quid
3313 2185 3364 2239 in
3394 2185 3508 2255 ipsa

1914 2299 2077 2339 causa
2125 2289 2376 2353 ageretur
2430 2280 2684 2336 fratribus
2745 2280 2857 2336 suis
2909 2280 3178 2350 episcopis
3220 2278 3509 2334 Gallicanis

1913 2373 2152 2430 scribere
2175 2414 2192 2441 ,
2237 2371 2338 2427 nisi
2371 2380 2578 2426 tantum
2625 2371 2693 2426 de
2721 2371 2840 2428 aliis
2866 2371 3042 2427 causis
3067 2414 3083 2439 ,
3111 2380 3166 2426 et.
3193 2371 3318 2439 quia
3349 2370 3504 2426 fidem

1912 2464 2263 2529 catholicam,
2295 2471 2351 2519 et
2379 2471 2609 2534 quatuor
2636 2462 2964 2535 synodorum
2995 2462 3387 2526 reverentiam,
3419 2476 3508 2516 se-

1913 2557 2144 2613 cundum
2169 2555 2513 2612 traditionem
2531 2554 2748 2610 Patrum
2768 2555 3003 2610 custodit
3019 2563 3181 2625 atque
3199 2563 3504 2610 conservat.

1915 2645 2041 2702 Haec
2069 2660 2198 2715 ergo
2229 2646 2512 2716 prudentia
2541 2654 2740 2712 vestra,
2773 2654 2833 2700 ut
2860 2653 2914 2700 et
2943 2646 2995 2699 in
3038 2645 3143 2702 isto
3173 2645 3370 2700 sacculo
3399 2660 3508 2700 ma-

1914 2753 2073 2807 gnam
2102 2737 2523 2795 vicissitudinem
2548 2777 2568 2804 ,
2606 2746 2663 2793 et
2689 2737 2742 2792 in
2784 2735 2963 2794 futuro
2993 2737 3157 2792 vitam
3185 2747 3444 2792 aeternam
3474 2752 3506 2790 a

1916 2826 2028 2884 Deo
2058 2829 2428 2898 omnipotente
2457 2827 2712 2897 recipiat,
2741 2828 2839 2884 sub
2869 2827 3016 2882 omni
3044 2827 3256 2882 cautela
3285 2835 3340 2881 et
3364 2826 3502 2882 cele-

1914 2919 2075 2974 ritate
2101 2918 2167 2972 ad
2197 2919 2527 2989 provinciam
2565 2917 2812 2987 dignetur
2844 2918 3121 2984 scribere;
3166 2918 3513 2982 admonendo

1921 3016 1980 3062 ut
2006 3007 2242 3077 episcopi
2273 3007 2486 3062 illarum
2525 3006 2755 3078 partium
2784 3006 3093 3062 beatissimo
3120 3022 3271 3076 papa:
3299 3015 3358 3062 et
3389 3023 3509 3063 sau-

1921 3105 2010 3153 cto
2036 3095 2202 3152 Dacio
2232 3097 2487 3168 episcopo
2517 3096 2773 3168 epistolas
2800 3096 3063 3165 dirigant,
3095 3106 3406 3152 constantes
3437 3114 3506 3154 ne

223 3191 421 3260 aliqua}
460 3191 641 3246 fractae
680 3203 835 3258 sunt,
867 3201 921 3246 et
949 3199 1210 3260 quantum
1249 3191 1315 3245 ad
1346 3191 1522 3261 ipsos,
1552 3191 1624 3245 ibi
1653 3206 1814 3261 super
1837 3206 1890 3269 ρ
1920 3191 2188 3246 novitates
2232 3189 2438 3258 aliquas
2490 3189 2733 3259 recipere
2777 3188 3050 3260 patiantur
3075 3227 3092 3249 ,
3131 3198 3186 3244 et
3215 3198 3271 3242 ut
3301 3189 3510 3244 animos

224 3281 401 3351 ipsum
434 3281 610 3337 altare
637 3282 690 3336 in
722 3282 964 3352 partibus
992 3282 1131 3336 mitti
1160 3282 1364 3337 habuit.
1397 3281 1502 3337 Sed
1533 3281 1695 3350 Deus,
1725 3283 1815 3351 qui

225 3373 276 3426 in
307 3373 510 3428 talibus
539 3373 796 3441 angustiis
824 3388 1038 3444 semper
1065 3373 1253 3430 adesse
1281 3374 1548 3442 dignatur,
1580 3382 1687 3426 tam
1717 3374 1818 3428 ali-

227 3479 462 3534 quorum
493 3479 559 3519 ex
592 3465 720 3534 ipsis
759 3464 1050 3529 militibus,
1083 3479 1243 3533 quam
1273 3464 1478 3535 populi,
1510 3465 1602 3533 qui
1631 3464 1696 3519 ad
1729 3474 1814 3519 tu-

227 3555 454 3610 multum
490 3562 728 3622 venerat,
765 3557 973 3610 auimos
1001 3556 1068 3610 ad
1099 3557 1519 3612 misericordiam
1554 3573 1817 3627 provoca-

231 3647 334 3714 vit,
366 3657 422 3704 et
450 3657 737 3718 cmperunt
773 3665 935 3704 voces
972 3659 1135 3718 atque
1174 3651 1436 3706 stridores
1471 3652 1686 3706 mittere
1718 3670 1729 3705 :
1764 3659 1818 3706 et

226 3741 304 3797 sic
340 3742 574 3810 contigit
610 3742 857 3811 utjudcx
905 3743 1201 3812 iniquitatis
1249 3743 1586 3812 supradictus
1624 3754 1820 3814 praetor

227 3845 345 3886 cum
369 3833 632 3887 ministris
650 3833 980 3889 crudelitatis
1009 3849 1117 3888 sua:
1140 3835 1356 3890 territus
1376 3833 1626 3902 fugiendo
1649 3834 1821 3890 disce-

230 3923 399 3977 deret.
442 3921 643 3978 Postea
676 3931 850 3976 tamen
877 3931 1215 3979 sacramenta
1246 3925 1453 3994 accepit
1482 3925 1820 3980 beatissimus

230 4027 362 4081 papa
388 4053 404 4078 ,
448 4021 506 4067 et
538 4023 756 4067 sanctus
800 4013 992 4070 Dacius
1019 4015 1304 4084 cpiscopus
1327 4055 1342 4079 ,
1385 4016 1469 4069 vel
1498 4029 1687 4071 omnes
1728 4016 1818 4086 qui

230 4117 348 4155 cum
379 4103 515 4172 ipsis
543 4102 607 4157 ad
637 4103 754 4159 loca
783 4113 966 4159 sancta
996 4105 1370 4176 confugerant,
1400 4106 1523 4176 quia
1552 4107 1632 4162 eis
1661 4122 1820 4162 nemo

234 4192 366 4246 ultra
399 4193 715 4248 violentiam
746 4193 982 4259 faceret,
1022 4210 1124 4250 nec
1152 4195 1332 4252 invitis
1357 4196 1427 4251 de
1456 4196 1820 4251 ecclesiastica

232 4297 388 4338 causa
411 4283 617 4352 aliquid
641 4293 1013 4352 extorqueret;
1038 4293 1093 4339 et
1111 4285 1192 4340 sic
1216 4284 1427 4340 interim
1450 4293 1574 4340 sunt
1599 4287 1818 4357 egressi.

233 4374 335 4431 Sed
363 4387 418 4433 et
446 4377 616 4432 hodie
637 4417 654 4443 ,
697 4385 806 4431 tam
838 4379 967 4447 ipsis
995 4394 1153 4448 quam
1182 4379 1408 4434 diversis
1437 4378 1526 4447 qui
1575 4379 1626 4432 iu
1659 4379 1819 4434 obsc-

234 4467 355 4535 quio
383 4484 578 4525 eorum
617 4477 778 4534 sunt,
825 4470 998 4524 varias
1041 4469 1435 4540 inquietudines
1462 4479 1516 4524 et
1545 4470 1820 4524 molestias

1918 3297 2104 3338 eorum
2149 3283 2388 3338 fraterna
2433 3281 2806 3358 consolatione
2851 3281 3194 3360 conﬁrment.
3235 3283 3340 3338 Sed
3369 3293 3422 3338 et
3451 3285 3516 3349 in.

1917 3375 2136 3431 civitate
2171 3375 2321 3445 regia
2339 3414 2356 3441 ,
2385 3375 2531 3444 quod
2559 3375 2787 3445 potestis
2815 3375 2870 3430 in
2899 3375 3014 3447 ipsa
3045 3391 3205 3431 causa
3226 3417 3241 3440 ,
3274 3376 3508 3430 tnaxitne

1916 3475 2106 3525 sancto
2131 3469 2387 3538 episcopo
2421 3466 2582 3523 Dacio
2611 3467 2802 3524 adesse
2843 3483 2965 3525 cum
3003 3469 3097 3523 Dei
3127 3469 3328 3523 auxilio
3354 3467 3506 3522 festi-

1917 3567 2043 3614 nate
2074 3577 2088 3613 :
2120 3558 2454 3630 postulantes
2489 3569 2547 3614 ut
2590 3575 2712 3616 cum
2755 3568 2880 3630 post
2922 3557 2991 3615 15
3019 3568 3113 3616 aut
3144 3559 3210 3614 l6
3239 3575 3411 3616 annos
3438 3559 3518 3613 ad

1919 3664 2070 3704 suam
2119 3648 2419 3706 Ecclesium
2464 3650 2645 3728 redire
2693 3650 3002 3707 concedat:
3039 3651 3161 3720 quia
3210 3666 3331 3706 eum
3372 3664 3508 3719 pene

1923 3755 2113 3796 omnes
2141 3741 2381 3812 episcopi
2406 3757 2542 3812 quos
2563 3741 2813 3798 ordinare
2833 3742 2989 3807 solet,
3013 3741 3151 3797 sicut
3173 3742 3311 3796 bene
3339 3742 3508 3807 scitis,

1919 3833 2119 3889 mortui
2146 3834 2274 3900 sint,
2297 3833 2558 3889 imtuensa
2583 3833 2766 3905 populi
2793 3830 3079 3890 multitudo
3099 3834 3216 3890 sine
3237 3833 3506 3901 baptismo

1920 3926 2170 3982 moritur.
2202 3926 2375 3983 Petite
2404 3927 2590 3990 etiam,
2624 3933 2682 3980 ut
2711 3926 2957 3982 eumdem
2999 3933 3242 3988 sanctum
3287 3923 3506 3978 Dacimn

1920 4017 2074 4073 vobis
2100 4017 2285 4073 videre
2311 4017 2471 4073 liceat
2491 4059 2508 4086 ,
2537 4025 2593 4071 et
2617 4018 2685 4073 ab
2713 4033 2771 4073 se
2811 4033 3053 4089 qurerere
3079 4032 3198 4087 quae
3224 4030 3386 4070 causa
3414 4015 3507 4081 sit,

1921 4109 2067 4178 quod
2097 4117 2206 4164 tam
2230 4109 2392 4179 longo
2422 4118 2666 4179 tempore
2695 4110 2760 4164 ad
2788 4109 3084 4165 Ecclesiam
3113 4122 3262 4161 suam
3290 4105 3508 4159 minime

1925 4199 1997 4255 sit
2029 4215 2300 4255 reversus.
2341 4199 2570 4255 Solliciti
2608 4208 2789 4253 tamen
2818 4213 2939 4254 esse
2967 4195 3277 4266 dignemini,
3309 4194 3434 4266 quia
3463 4195 3507 4249 si

1921 4289 2012 4360 qui
2042 4290 2279 4359 capitula
2306 4290 2548 4344 damnari
2576 4289 2794 4350 volunt,
2829 4287 3032 4356 lingunt
3059 4301 3118 4341 se
3144 4293 3200 4340 et
3229 4285 3384 4339 lidem
3413 4301 3506 4339 ca-

1923 4382 2178 4438 tholicam
2235 4381 2543 4445 vindicare,
2598 4387 2654 4435 et
2700 4378 3194 4435 Clmlcedoneuscm
3242 4377 3508 4452 synodum

1923 4471 2169 4526 venerari
2198 4486 2320 4526 cum
2356 4469 2513 4525 nobis
2547 4470 2826 4537 onmibus,
2857 4477 2917 4525 ut
2943 4471 3034 4540 qui
3066 4470 3314 4539 ignorant
3341 4468 3506 4522 inten~

236 4567 522 4624 generant,
554 4561 787 4630 praemiis
825 4560 1054 4616 clericos
1089 4569 1144 4615 et
1179 4576 1363 4616 servos
1392 4576 1578 4614 eorum
1622 4560 1818 4614 immit-
1849 4585 1901 4642 Ι)
1925 4562 2124 4617 tionem
2153 4576 2342 4616 eorum
2371 4561 2650 4616 videantur
2687 4561 2888 4631 aliquid
2929 4563 3186 4632 injustum
3225 4569 3502 4630 expetere.

238 4655 432 4714 tentes,
469 4658 532 4703 ut
563 4650 615 4704 in
657 4649 791 4705 facie
829 4650 1068 4720 ipsorum
1096 4657 1302 4706 stantes
1342 4649 1564 4717 injurias
1604 4649 1682 4704 eis
1722 4666 1820 4718 pu-

237 4738 368 4794 blice
397 4741 626 4806 faciant,
657 4749 712 4796 et
739 4741 806 4796 de
834 4740 1199 4797 mansionibus
1227 4740 1436 4809 aliquos
1472 4741 1524 4794 in
1555 4740 1816 4810 obsequio

239 4842 416 4883 eorum
445 4830 659 4900 positos
681 4830 905 4900 jactant.
949 4830 1058 4886 Sed
1082 4831 1159 4885 illi
1186 4831 1362 4885 onmin
1393 4846 1514 4886 cum
1549 4832 1639 4886 Dei
1672 4832 1824 4885 auxi—

242 4917 309 4972 lio
331 4921 605 4988 patienter
633 4922 928 4990 accipiunt,
979 4922 1270 4977 dummodo
1300 4922 1461 4979 nullis
1504 4923 1822 4992 ptazjutliciis

240 5017 431 5064 sancta:
457 5007 743 5075 Ecclesiae,
787 5011 945 5066 nullis
970 5013 1296 5068 novitatibus
1329 5014 1569 5083 przebcrc
1605 5015 1822 5068 videan-

242 5105 326 5151 tur
352 5114 654 5156 assensum.
699 5101 843 5157 Missi
880 5113 1006 5158 sunt
1033 5105 1197 5159 etiam
1229 5104 1394 5173 aliqui
1435 5104 1489 5158 in
1520 5106 1823 5174 provincias

244 5185 403 5246 ltalia:
427 5235 444 5260 ,
488 5201 548 5247 ut
593 5193 637 5248 si
686 5203 906 5263 possent
950 5195 1262 5251 mentiendo
1300 5196 1479 5266 aliqua
1508 5197 1576 5252 de
1607 5199 1833 5254 nomine-

248 5279 498 5350 ipsorum,
532 5286 638 5340 hoc
691 5295 774 5340 est
800 5287 1096 5342 beatissimi
1125 5303 1276 5357 papa:
1306 5297 1360 5343 et
1388 5288 1558 5342 sancti
1587 5289 1824 5358 episcopi

249 5367 409 5439 Dacii,
441 5375 566 5430 odia
593 5376 672 5431 eis
696 5376 750 5430 in
799 5376 904 5432 illis
947 5378 1189 5447 partibus
1217 5375 1446 5445 faciant,
1481 5387 1537 5434 et
1564 5379 1618 5433 in
1649 5378 1824 5433 locum

248 5473 431 5518 eorum
459 5465 593 5522 alios
620 5467 931 5538 episcopos,
962 5469 1054 5539 qui
1095 5469 1422 5525 novitatibus
1461 5471 1826 5540 consentiant,

248 5552 503 5610 suadeant
530 5558 768 5615 ordinari
797 5577 810 5613 :
843 5559 897 5613 in
926 5567 1135 5614 tantum
1166 5569 1224 5614 ut
1249 5570 1305 5614 et
1347 5577 1511 5616 unum
1554 5563 1820 5617 notarium

250 5657 316 5702 ex
340 5650 512 5704 servis
553 5652 844 5708 beatissimi
886 5668 1042 5723 papae
1070 5653 1411 5721 progenitum
1441 5653 1605 5707 simul
1625 5653 1824 5712 sollici-

251 5743 498 5805 taverint,
525 5745 614 5813 qui
653 5761 867 5799 manum
899 5746 1068 5800 sancti
1099 5761 1252 5816 papzu
1283 5745 1474 5800 imitari
1506 5745 1717 5810 dicitur,
1750 5757 1823 5813 et,

196 5898 207 5910 ι
256 5841 510 5900 quantum
558 5836 958 5906 comperimus,
1001 5838 1212 5894 chartas
1262 5837 1467 5908 aliquas
1506 5834 1575 5892 de
1613 5837 1828 5896 nomine

1927 4653 2035 4710 Vos
2062 4653 2355 4711 Christiani
2398 4661 2452 4709 et
2480 4654 2688 4710 nobiles
2716 4654 2854 4722 viri,
2883 4654 3025 4710 cauti
3055 4660 3248 4718 estote,
3279 4659 3340 4705 ut
3366 4651 3512 4720 quod

1925 4745 2207 4817 potestatis
2243 4745 2612 4802 sacerdotibus
2639 4744 2958 4800 Christiana)
2984 4743 3175 4815 plebis,
3206 4741 3298 4811 qui
3328 4755 3511 4810 perse-

1924 4837 2155 4892 cutionis
2183 4837 2424 4906 pondere
2449 4836 2677 4908 gemitus
2705 4835 2772 4891 de
2802 4835 2931 4907 ipsis
2959 4833 3207 4889 medullis
3236 4832 3510 4903 emittunt,

1924 4927 2137 4997 aliquod
2160 4927 2454 4982 remedium
2475 4927 2560 4981 vel
2581 4926 2830 4981 solatiqu
2852 4925 3143 4981 videamini
3163 4923 3473 4994 praestitisse
3493 4937 3522 4986 ;,

1923 5031 2189 5094 quatenus
2211 5019 2351 5076 Deus
2372 5021 2424 5075 in
2444 5020 2530 5074 die
2550 5019 2916 5074 retributionis
2936 5032 3182 5088 magnam
3206 5012 3514 5070 mercedem

1925 5121 1982 5169 et
2020 5113 2278 5184 prmclara
2302 5127 2527 5167 munera
2558 5127 2659 5182 pro
2687 5111 2788 5166 hac
2817 5109 3260 5181 compensatione
3291 5105 3526 5160 tribuat-

1927 5203 2054 5259 llzec
2097 5205 2242 5258 enim
2283 5204 2464 5259 omnia
2503 5205 2747 5274 quaedam
2795 5201 3116 5258 fidelissima:
3158 5210 3402 5268 persona:
3443 5192 3513 5249 de

1929 5294 2396 5364 Constantinopoli
2417 5295 2697 5350 venientes
2719 5294 2792 5350 ita
2819 5303 2938 5350 acta
2961 5308 3082 5349 esse
3101 5289 3368 5346 veraciter
3387 5301 3533 5340 con-.

1933 5383 2297 5438 ﬁrmaverunt.
2346 5384 2454 5440 Sed
2490 5393 2548 5440 et
2587 5385 2754 5439 multa
2785 5384 3077 5441 crudeliter
3101 5382 3242 5436 circa
3271 5379 3536 5433 diversos,

1927 5472 2184 5527 diaconos
2209 5480 2264 5528 et
2289 5473 2516 5530 clericos
2545 5474 2723 5540 Afros,
2749 5474 2840 5544 qui
2870 5474 2948 5529 eis
2970 5470 3275 5528 consentire
3303 5467 3534 5534 nolunt,

1930 5572 2048 5620 acta
2076 5580 2198 5620 esse
2229 5566 2311 5621 vel
2339 5566 2460 5634 agi,
2490 5567 2940 5635 interdictumque
2978 5577 3098 5618 esse
3136 5561 3383 5618 omnibus
3414 5561 3522 5614 llo-7

1931 5656 2102 5712 manis
2137 5671 2206 5710 ne
2235 5656 2300 5710 ad
2327 5657 2692 5712 beatissimum
2723 5670 2915 5725 papam
2974 5653 3252 5710 accedant.
3297 5654 3371 5709 De
3399 5655 3515 5725 qui—

1932 5745 2032 5798 bus
2059 5745 2308 5800 omnibus
2338 5744 2452 5801 lucc
2481 5760 2646 5815 pauca
2678 5744 2775 5798 sub
2803 5742 3075 5796 anxietate
3107 5742 3292 5812 gloria}
3322 5751 3513 5797 vestrm

1934 5837 2302 5894 festinavimus
2345 5836 2622 5902 iudicare,
2676 5842 2732 5888 ut
2779 5850 2876 5904 pro
2925 5834 3164 5891 remedio
3215 5835 3509 5890 animarum
