4042 6464
251 311 347 378 1⁸21

1445 311 1799 371 EPISTOLAS
1839 311 1927 367 ET
1965 312 2306 388 DEGRETA.

3417 327 3525 393 122

247 451 368 510 esse
391 434 658 501 dixerunt,
690 449 756 490 ex
784 434 994 491 Galatia
1023 449 1155 493 vero
1169 438 1359 494 ’ortum
1388 451 1510 494 esse
1531 437 1828 509 provincia.
1858 441 1909 502 Α
1935 439 2130 510 quibus
2151 439 2374 496 credere
2397 455 2636 510 possum,
2660 457 2728 499 ex
2751 443 2940 499 ordine
2966 441 3272 510 clericatus,
3301 448 3394 500 aut
3421 441 3524 498 lai-

245 503 403 604 lluuc
447 535 499 580 et
528 543 626 581 nos
656 543 844 583 omnes
877 530 1047 584 nostri
1076 540 1098 565 "
1139 530 1352 604 concilii
1394 539 1603 604 partem
1630 532 1828 592 factum

244 627 371 670 ante
413 617 702 672 triennium
745 628 1015 688 mortuum
1056 635 1177 676 esse
1205 622 1576 690 cognoscimus
1605 622 1653 676 ι’.
1705 623 1829 679 llrec

242 706 314 786 ita
337 706 556 769 habere,
581 707 695 776 ipsa
715 693 864 777 gesta
892 695 1044 764 vobis
1069 711 1418 767 sanctissimis
1438 712 1785 783 manifestent
1811 729 1823 764 :

239 810 359 866 qua:
402 798 591 853 humili
620 802 949 879 suggestioni
994 803 1402 879 conjungeptes,
1453 804 1520 858 ad
1547 805 1827 879 scientiam

237 897 473 970 vestram
503 877 909 973 destingv‘imus.
939 891 1044 949 Sed
1076 877 1306 968 petimus
1328 894 1582 974 divinitus
1600 877 1829 964 inspira:

235 967 458 1067 tos'vos
479 967 904 1067 religiosissimis
924 995 978 1041 et
1012 985 1182 1041 Deum
1216 967 1552 1067 placentibps
1575 996 1599 1025 ε
1634 987 1830 1049 vestris

236 1053 711 1153 orationibus’non
741 1056 970 1151 humiles
998 1065 1292 1162 s’uﬂ'ulsireb.

520 1179 986 1260 melius:an
1035 1184 1265 1260 vicit."
1312 1185 1539 1264 BAPIE.

301 1271 512 1326 Juravit
539 1274 881 1332 beatissimus
910 1293 1051 1350 papa
1082 1277 1309 1346 Vigilius
1331 1279 1554 1348 domino
1581 1281 1828 1352 piissimo

232 1363 572 1439 imperatori,
615 1367 669 1420 in
695 1368 982 1436 praesentia
1014 1376 1220 1435 nostra,
1252 1369 1305 1423 id
1333 1375 1434 1436 est,
1457 1371 1564 1424 mei
1587 1370 1827 1442 episcopi

230 1449 496 1529 Caesarea:
551 1455 904 1527 Cappadocia:
964 1458 1272 1525 Theodori,
1333 1468 1390 1516 et
1446 1463 1552 1516 mei
1617 1463 1826 1532 patricii

231 1541 480 1614 Qethegi,
527 1561 625 1616 per
648 1549 903 1604 virtutem
934 1557 1246 1606 sanctorum
1285 1551 1560 1607 clavorum
1594 1568 1659 1609 ex
1701 1555 1824 1622 qui-

229 1633 328 1690 bus
357 1636 650 1695 cruciﬁxus
677 1648 763 1695 est
800 1640 1059 1698 Dominus
1105 1643 1250 1699 Deus
1275 1653 1464 1702 noster
1491 1646 1644 1702 Iesus
1669 1646 1825 1703 Chrio-

229 1716 361 1799 stus,
385 1734 444 1780 et
471 1742 570 1796 per
611 1739 795 1811 sancta
823 1741 1058 1804 quatuor
1085 1732 1399 1812 Evangelia,
1435 1737 1508 1798 ita
1537 1753 1636 1808 per
1664 1738 1823 1798 istam

1931 530 2030 596 eis,
2062 538 2252 603 contra
2282 531 2610 608 volulitzitetit
2635 534 2849 604 pietatis
2877 544 3070 592 vestra:
3098 543 3193 602 aut
3213 549 3402 605 agere,
3435 542 3526 589 aut

1932 624 2099 694 loqui,
2126 631 2219 693 aut
2246 626 2467 680 consilia
2497 627 2625 683 dare
2655 629 2938 684 secretius.
2963 627 3027 682 Et
3047 629 3092 684 si
3119 629 3240 698 quis
3269 627 3401 682 mihi
3423 626 3526 682 ali-

1929 715 2058 784 quid
2088 716 2420 785 contrarium
2444 717 2657 786 dixerit,
2683 726 2778 774 aut
2798 717 2866 774 de
2897 718 3015 773 istis
3044 719 3312 788 capitulis,
3341 725 3436 786 aut
3459 716 3528 786 de

1929 806 2054 881 lidc,
2081 815 2174 870 aut
2199 819 2391 886 contra
2418 810 2829 880 rempublicam,
2872 811 3036 865 istum
3065 809 3182 876 sine
3208 809 3400 872 mortis
3427 820 3530 880 pe-

1928 897 2101 955 riculo
2126 899 2316 969 pietati
2347 908 2542 969 vestra:
2569 901 2944 968 manifestabo,
2981 909 3037 963 et
3057 915 3178 970 qua:
3217 899 3348 954 mihi
3375 897 3532 956 locu-

1930 997 2017 1045 tus
2031 999 2116 1045 est
2142 1009 2155 1045 :
2187 991 2263 1062 ita
2290 998 2349 1046 ut
2368 977 2592 1062 propter
2620 993 2798 1061 locum
2827 1007 3005 1063 meum
3035 1005 3320 1063 personam
3347 1003 3524 1056 meam

1927 1097 2038 1136 non
2067 1083 2303 1155 prodas:
2352 1093 2409 1140 et
2453 1102 2541 1142 me
2589 1087 2690 1142 ista
2725 1085 3066 1152 custodiente
3101 1097 3226 1152 erga
3267 1082 3525 1152 pietatem

1931 1183 2186 1241 vestram,
2214 1176 2478 1234 honorem
2501 1194 2679 1234 meum
2711 1179 2766 1234 in
2795 1179 3046 1235 omnibus
3075 1191 3295 1233 servare
3316 1173 3522 1244 promi-

1926 1262 2074 1330 sisti;
2098 1265 2193 1320 sed
2215 1275 2273 1322 et
2296 1283 2582 1337 personam
2605 1269 3022 1340 opinionemque
3039 1284 3213 1324 meam
3231 1265 3524 1334 custodire,

1927 1364 1985 1424 et
2014 1373 2136 1431 cum
2167 1359 2264 1416 Dei
2312 1360 2586 1430 adjutorio
2633 1361 2961 1426 defendere;
3008 1362 3102 1416 sed
3147 1369 3203 1417 et
3247 1357 3529 1430 privilegia

1927 1445 2183 1524 Ecclesia:
2229 1467 2362 1506 meae
2409 1467 2646 1508 servare.
2679 1451 2788 1508 Sed
2831 1460 2887 1508 et
2932 1451 3192 1506 chartqu
3222 1450 3339 1504 istae
3393 1445 3528 1502 nulli

1929 1538 2132 1611 [qule,
2160 1549 2216 1609 ut
2243 1542 2396 1615 nulli]
2419 1544 2796 1614 ostendantur,
2814 1543 3164 1598 nihilominus
3180 1538 3522 1612 promisistis.

1929 1627 2192 1696 Promitto
2219 1613 2485 1704 praeterea
2536 1613 2680 1703 quod
2711 1634 2763 1688 in
2793 1634 2894 1702 ista
2925 1649 3089 1708 causa
3120 1631 3284 1687 trium
3314 1629 3523 1699 capitu-

1928 1719 2123 1785 lorum,
2150 1722 2512 1793 quodcunque
2539 1723 2699 1800 debet
2722 1721 2835 1778 fieri
2851 1723 3208 1799 communiter
3231 1729 3525 1793 tractamus

226 1815 489 1894 virtutem
535 1807 707 1903 sancti
746 1807 922 1899 freni,
956 1833 1014 1880 et
1053 1840 1152 1895 per
1193 1808 1298 1890 ista
1353 1807 1542 1906 salicta
1587 1839 1823 1904 quatuor

1931 1810 2131 1893 [Forte,
2158 1813 2502 1886 tractemus];
2534 1823 2590 1886 et
2622 1816 2766 1885 quod
2797 1817 2927 1870 utile
2956 1815 3112 1870 nobis
3135 1813 3308 1867 visum
3334 1809 3522 1875 fuerit,

227 1903 519 1982 Evangrlia
551 1912 733 1984 :quod
753 1930 874 1968 cum
903 1915 1109 1985 pietate
1146 1925 1327 1972 vestra
1357 1903 1467 1974 uno
1485 1903 1691 1989 animo,
1718 1937 1824 1977 una

225 1997 531 2068 voluntate,
571 2001 676 2057 hoc
698 2005 855 2068 velle,
883 2005 990 2060 hoc
1013 2007 1220 2075 conari,
1244 2009 1318 2062 ita
1347 2022 1532 2077 agere,
1561 2019 1823 2080 quantum

223 2102 540 2166 possumus,
569 2099 628 2147 ut
673 2095 774 2150 ista
807 2097 907 2151 tria
933 2099 1189 2168 capitula,
1236 2100 1290 2156 id
1319 2110 1422 2168 est,
1474 2100 1822 2160 Theodorum

221 2176 672 2262 Mopsuestenum
701 2202 824 2263 cum
863 2190 1078 2260 scriptis
1104 2192 1236 2259 suis,
1269 2201 1326 2247 et
1375 2194 1660 2263 epistolam
1700 2213 1821 2267 qua:

219 2267 416 2359 dicitur
446 2272 580 2354 Ihm,
603 2285 658 2330 et
696 2280 1002 2359 epnscripta
1041 2280 1368 2348 Theodoreti
1409 2292 1599 2348 contra
1627 2288 1819 2343 ortho-

220 2357 416 2451 doxam
450 2363 616 2420 tidem
637 2376 693 2445 et
728 2357 917 2447 contra
938 2372 1226 2446 duodecim
1251 2378 1488 2447 capitula
1511 2379 1687 2435 sancti
1715 2380 1819 2451 Cy-

220 2449 322 2530 rilli
370 2451 543 2518 dicta,
594 2458 1025 2538 condemnentur
1057 2455 1129 2520 et
1172 2468 1724 2535 anathematizentur;
1761 2449 1821 2525 et

220 2539 348 2616 nihil
375 2559 481 2613 pro
491 2545 586 2618 his
627 2550 894 2620 capitulis,
937 2569 1115 2626 neque
1144 2571 1243 2628 per
1263 2573 1371 2628 me,
1397 2575 1574 2631 neque
1600 2575 1700 2632 per
1719 2576 1816 2632 eos

289 2669 315 2734 ξ·
348 2661 582 2734 Yeteres
609 2668 750 2734 libri,
783 2674 954 2727 vestri.

289 2728 314 2767 ι’
348 2729 549 2802 Paris,
581 2728 930 2810 cognovimus.

1927 1901 2035 1981 hoc
2061 1902 2322 1981 faciamus
2344 1920 2467 1976 cum
2493 1905 2763 1975 adjutorio
2784 1906 2898 1962 Dei.
2921 1906 3115 1959 Datum
3138 1911 3221 1959 est
3244 1905 3348 1957 hoc
3370 1900 3522 1974 jura-

1930 2003 2171 2052 mentmn
2212 1995 2617 2066 quintodecimo
2638 1997 2726 2052 die
2748 1996 2946 2052 mensis
2969 1995 3212 2065 Augusti,
3232 1992 3525 2048 indictione

1929 2101 2044 2169 xm,
2076 2088 2287 2158 imperii
2317 2088 2522 2143 domini
2549 2090 2722 2162 nostri
2741 2088 3029 2144 Justiniani
3055 2102 3198 2142 anno
3224 2085 3313 2150 25,
3339 2083 3526 2139 novies

1925 2187 2050 2247 post
2071 2179 2410 2234 consulatum
2435 2180 2617 2250 Basilii
2640 2182 2737 2242 viri
2770 2179 3080 2249 clarissimi.
3115 2177 3229 2247 Ego
3272 2174 3524 2234 Theon-

1925 2285 2021 2324 rus
2050 2271 2418 2335 misericordia
2436 2256 2532 2328 Dei
2555 2274 2844 2346 episcopus
2862 2272 3121 2350 (ἔθει-ξυρῷ
3146 2269 3522 2340 βορρθᾱοεὶαξ.

1925 2359 2053 2422 huic
2098 2363 2357 2421 chartulae
2396 2364 2692 2434 juramenti
2743 2364 2897 2421 testis
2925 2361 3264 2432 subscripsi,
3307 2359 3523 2414 Flavius

1923 2439 2195 2522 Ccthegus
2223 2455 2306 2510 vir
2333 2457 2595 2526 patricius
2655 2458 2782 2514 huic
2826 2456 3086 2514 chartula:
3119 2453 3414 2524 juramenti
3438 2460 3518 2508 te-

1924 2542 2024 2598 stis
2051 2544 2363 2616 subscripsi.

2001 2691 2025 2720 ¢
2057 2681 2282 2741 Veteres
2310 2684 2453 2756 libri,
2487 2686 2832 2758 placantibus.

225 2864 2790 2914 NW

1103 3004 1126 3030 "
1156 2999 1534 3062 El‘lS'l'OLA
1581 3005 2077 3071 DECllE'I‘ALIS
2112 3009 2392 3070 VlGlLll
2437 3009 2669 3069 PAPIE

1002 3138 1122 3183 ιιιιο
1162 3140 1685 3186 CONFIRMATIONE
1729 3147 1981 3198 QUINTE
2015 3149 2244 3192 SYNODI
2293 3146 2732 3192 OECUMENICIB.

1265 3225 1356 3303 (lix
1383 3230 1712 3295 manuscriplo
1746 3232 1921 3282 codice
1966 3230 2284 3283 bibliotheca:
2306 3229 2520 3294 Regina)

1774 3350 1978 3369 ———-

289 3459 368 3522 Τῷ
396 3452 652 3525 ἀγαπητῷ
679 3449 874 3526 ἀδελφῷ
897 3453 1162 3524 Εὖτυχίῳ.
1190 3454 1420 3525 Βιγίλιος.

285 3545 362 3598 Τά
393 3529 656 3599 σκάνδαλα
676 3585 691 3611 ,
725 3543 858 3618 ἅπερ
897 3543 924 3622 ὁ
950 3551 1041 3600 τοῦ
1078 3547 1392 3618 ἀνθρωπίνου
1432 3549 1608 3621 γένους
1638 3548 1826 3626 ἐχθρὸς

225 3641 293 3703 τῷ
321 3637 589 3707 σύμπαντι
614 3635 788 3708 κόσμῳ
827 3635 1091 3714 διήγειρεν,
1119 3637 1285 3698 οὐδεὶς
1324 3640 1516 3711 ἀγνοεῖ.
1546 3641 1723 3707 Οὕτως
1757 3646 1827 3706 ὡς

225 3724 278 3796 τὸ
299 3727 476 3780 οἰκεῖον
500 3726 734 3800 βούλημα
773 3728 901 3804 πρὸς
928 3727 987 3781 τὸ
1012 3727 1289 3796 ἀνατρέψαι
1321 3733 1410 3788 τήν
1450 3735 1544 3783 τοῦ
1586 3736 1715 3792 Θεοῦ
1747 3731 1827 3785 ἐκ·

226 3815 426 3875 κλησίαν
451 3821 503 3872 ἐν
534 3816 622 3891 ὅλῃ
642 3827 704 3893 τῇ
733 3819 992 3891 οἰκουμένῃ
1019 3817 1356 3890 διακειμένην,
1382 3820 1598 3889 ἕκαστον
1635 3822 1827 3891 φαύλου

229 3917 424 3968 σκοποῦ
454 3913 805 3991 τυγχάνοντα,
832 3913 1104 3987 πληρῶσαι
1132 3914 1222 3986 οἵῳ
1252 3912 1441 3983 δήποτε
1461 3915 1635 3989 τρόπῳ
1660 3938 1736 3972 σπ
1753 3939 1830 3971 .υ-

229 3997 440 4066 ἃάζοντα
457 4044 472 4071 ,
503 4006 561 4058 οὐ
584 4005 731 4076 μὸνον
755 4008 808 4070 ἐξ
833 4007 1075 4084 ῥνόματος
1101 4005 1228 4062 ἰδίου
1246 4052 1261 4076 ,
1297 4009 1423 4064 ἀλλά
1455 4013 1542 4064 καί
1571 4010 1620 4074 ἐξ
1644 4010 1826 4082 ἡμετέ-

229 4108 340 4161 ρου,
367 4099 456 4148 καί
486 4096 541 4158 ἐξ
571 4091 762 4162 ἄλλων,
792 4095 878 4151 διὰ
913 4103 1000 4168 τοῦ
1029 4098 1218 4171 λέγειν,
1257 4098 1288 4158 ἦ
1327 4107 1419 4156 τοῦ
1449 4102 1685 4174 γράφειν,
1715 4100 1828 4174 διά-

229 4197 350 4263 ξορα
374 4183 680 4239 πλάσασθαι
703 4189 980 4263 πεποίηκεν
1039 4191 1113 4261 εἰς
1139 4194 1408 4254 τοσοῦτον,
1438 4188 1515 4244 ὅτι
1543 4192 1678 4262 ἡμᾶς
1697 4192 1828 4262 μετὰ

230 4277 322 4350 1ιςῶν
365 4273 620 4349 ἀδελφῶν,
669 4280 753 4332 καί
781 4279 1176 4350 συνεπισκὸπων
1219 4282 1360 4356 ἡμῶν
1406 4284 1457 4336 ἐν
1496 4290 1560 4357 τῇ
1603 4277 1828 4353 βασιλίδι

231 4363 362 4437 πόλει
388 4365 692 4443 διάγοντας,
729 4374 814 4425 καί
841 4369 938 4443 ἴσῳ
964 4373 1255 4444 σεϐάσματι
1284 4377 1378 4438 τὰς
1406 4376 1674 4451 τέσσαρας
1703 4399 1827 4432 συν-

233 4449 372 4529 ῥδους
396 4459 756 4525 ἐκδικοῦντας,
787 4466 870 4516 καὶ
897 4463 946 4517 ἐν
969 4472 1032 4539 τῇ
1061 4471 1159 4520 τῶν
1185 4469 1451 4538 τεσσάρων
1478 4469 1674 4524 τούτων
1699 4490 1826 4524 συν-

233 4539 355 4597 όδων
389 4556 480 4622 μιᾷ
530 4554 616 4604 καί
657 4560 722 4626 τῇ
763 4554 894 4629 αὖτῇ
948 4559 1128 4610 πίστει
1167 4559 1395 4629 ἀμώμως
1436 4557 1827 4629 διατελοῦντας,

233 4645 340 4712 τοῖς
381 4647 668 4729 σοφίσμασι
695 4655 788 4708 τῆς
823 4647 956 4703 οὕτω
1003 4657 1232 4725 πονηρᾶς
1273 4657 1618 4731 πανουργίας,
1663 4657 1828 4713 αὐτῶν

235 4727 519 4816 (tilde-ws
547 4736 758 4820 διξλιῐνο
798 4743 929 4796 ὥστε
961 4745 1096 4813 ἡμᾶς
1133 4746 1255 4804 τούς
1288 4752 1336 4800 ιν
1368 4727 1463 4817 μιᾷ
1505 4749 1680 4809 πίστει
1705 4749 1828 4821 ὁμό-

1853 3461 1899 3524 C
2004 3461 2213 3530 Dilecto
2239 3459 2390 3514 hatri
2419 3456 2712 3528 Eutychio,
2751 3455 2996 3527 Vigilius.

2005 3549 2269 3622 scandala
2291 3563 2410 3619 qua:
2428 3546 2646 3601 humani
2670 3545 2886 3613 generis
2910 3542 3160 3600 inimicus
3189 3543 3242 3598 in
3274 3543 3527 3606 universo

1932 3641 2135 3709 mundo
2156 3639 2432 3706 excitavit,
2455 3637 2632 3711 nullus
2655 3637 2869 3704 ignorat
2894 3653 2906 3689 :
2932 3636 3070 3691 adeo
3096 3643 3155 3695 ut
3180 3650 3526 3704 unumquem.

1932 3748 2038 3804 que
2069 3730 2413 3803 propositum
2443 3744 2600 3785 suum
2630 3727 2698 3783 ad
2726 3728 3144 3784 subvertendam
3195 3727 3290 3792 Dei
3338 3726 3526 3784 Eccle-

1931 3827 2068 3897 siam
2118 3840 2216 3895 per
2264 3823 2578 3878 universum
2623 3821 2812 3877 orbem
2861 3820 3151 3887 diffusam,
3200 3834 3527 3890 quocunque

1931 3920 2095 3988 modo
2125 3917 2350 3988 implere
2371 3923 2706 3986 satagentem
2731 3957 2747 3981 ,
2780 3930 2889 3969 non
2916 3921 3124 3967 tantum
3151 3928 3251 3968 suo
3282 3913 3524 3977 nomine,

1931 4011 2026 4081 sed
2057 4011 2222 4065 etiam
2253 4017 2462 4076 nostro,
2510 4017 2674 4077 atque
2718 4007 2972 4074 aliorum,
3021 4005 3234 4060 diversa
3277 4014 3389 4058 tum
3440 4005 3524 4077 lo-

1930 4102 2180 4174 quendo,
2224 4110 2338 4157 tum
2378 4100 2667 4156 scribendo
2692 4140 2708 4166 ,
2756 4111 3091 4166 componere
3117 4094 3396 4162 impulerit
3427 4110 3442 4146 :
3471 4093 3526 4148 in

1933 4203 2139 4259 tantum
2161 4200 2222 4256 ut
2248 4208 2348 4262 nos
2369 4191 2517 4261 ipsos
2542 4204 2645 4259 una
2669 4202 2790 4241 cum
2815 4185 3070 4239 fratribus
3114 4192 3169 4237 et
3189 4182 3528 4251 coepiscopis

1931 4284 2161 4350 nostris,
2185 4283 2240 4338 in
2269 4283 2401 4346 urbe
2422 4280 2572 4347 regia
2602 4277 2882 4347 degentes,
2913 4281 2966 4330 et
2996 4273 3190 4343 aequali
3217 4272 3526 4333 reverentia

1929 4385 2164 4452 quatuor
2205 4373 2446 4445 synodos
2472 4369 2840 4436 vindicantes,
2894 4374 2950 4430 et
2992 4366 3046 4420 in
3091 4381 3196 4423 una
3227 4363 3528 4433 eademque

1931 4475 2164 4539 quatuor
2183 4465 2396 4534 illarum
2419 4459 2749 4533 synodorum
2777 4457 2881 4514 fide
2907 4459 3120 4514 sincere
3149 4455 3524 4526 persistentes,

1930 4556 2385 4618 cavillationibus,
2413 4553 2665 4626 versutiis
2685 4559 2742 4607 et
2763 4552 2890 4606 dolo
2912 4550 3056 4605 malo
3087 4549 3154 4604 ab
3185 4548 3250 4602 iis
3281 4546 3547 4615 dividere,

1930 4657 2164 4722 conatus
2209 4647 2407 4718 fuerit;
2458 4646 2533 4714 ita
2564 4653 2624 4724 ut
2661 4642 2980 4719 nosmetipsi
3009 4641 3103 4710 qui
3129 4639 3370 4710 ejusdem
3401 4653 3526 4695 cum

1931 4744 2038 4807 illis
2064 4756 2314 4809 eramus,
2366 4749 2422 4795 et
2454 4753 2662 4811 sumus,
2695 4735 2762 4791 de
2810 4733 2912 4801 fide
2940 4732 3255 4796 sententiie,
3303 4731 3528 4801 insuper

233 4834 412 4892 φρονας
436 4825 734 4910 γεγονότας,
755 4833 842 4894 καί
862 4826 1036 4906 ὄντας,
1061 4839 1534 4908 καταφρονήσαντας
1555 4846 1648 4898 τῆς
1674 4838 1824 4899 ἀδελ-

1933 4834 2117 4901 habita
2157 4831 2449 4903 dilectione
2491 4828 2727 4884 fraterna
2760 4825 2814 4880 in
2856 4823 3182 4890 discordiam
3213 4821 3528 4899 abierimus.

237 4921 370 4982 φικῆς
415 4921 624 5001 ἀγάπης
676 4923 749 4982 εἰς
796 4920 1058 5000 διχρνοιαν
1109 4926 1432 4998 ἀπαχθῆναι.
1480 4926 1606 4990 ’Δλλ’
1654 4930 1828 4990 ἔπειδή

239 5008 491 5084 Χριστὸςὸ
523 5013 649 5073 Θεὸς
681 5016 856 5090 ἡμῷν,
900 5014 958 5076 ὃς
985 5017 1097 5088 ἐστι
1137 5025 1239 5090 φῶς
1277 5019 1530 5084 ἀληθινὸν,
1564 5017 1618 5074 ὃν
1648 5019 1830 5082 σκότος

241 5095 295 5146 οὗ
316 5104 724 5177 καταλαμϐάνει,
763 5111 936 5178 πάσης
963 5113 1286 5181 συγχύσιως
1312 5116 1404 5171 τῆς
1435 5111 1577 5182 ἡμῶν
1609 5109 1831 5173 διανοίας

242 5185 632 5270 ἀπρκινηθςίσης,
661 5203 790 5276 πρὸς
818 5205 1016 5277 εἰρήνην
1040 5211 1129 5263 τήν
1156 5205 1449 5277 οἰκουμένην
1470 5205 1828 5272 ἀνεκαλέσατο,

244 5281 317 5354 δαί
352 5285 636 5362 ἐιᾳλησίαν,
691 5293 823 5361 ὥστε
866 5295 931 5364 τὰ
975 5295 1234 5367 ὀφείλοντα
1276 5293 1658 5369 διατνπωθῆναι
1703 5296 1830 5372 παρ’

247 5376 397 5440 ἡμῶν.
424 5382 878 5450 ἀποκαλύπτοντῖπ
906 5392 998 5448 τοῦ
1029 5390 1228 5463 κυρίου,
1255 5389 1334 5442 καί
1356 5396 1449 5448 τῆς
1471 5387 1699 5448 ἀληθείας
1722 5389 1830 5446 ἀνι-

247 5469 566 5552 κνενθείσης,
596 5474 936 5550 σωτηριωδῶς
973 5477 1326 5551 πληρωθῇναιέ
1370 5476 1455 5534 διὰ
1496 5483 1648 5533 τοῦτο
1687 5499 1831 5550 γινωτ

247 5554 401 5617 σέτω
424 5563 566 5634 ὑμῶν
589 5569 848 5639 σύμπασα
885 5566 1186 5641 ἀδελφότης,
1214 5567 1292 5625 ὅτι
1323 5589 1420 5646 περ
1446 5570 1538 5630 τὰς
1565 5570 1828 5646 τέσσαρας

1939 4925 2045 4982 Sed
2072 4924 2328 4994 quoniam
2349 4921 2594 4991 Christus
2615 4918 2757 4972 Deus
2781 4925 2985 4981 noster,
3014 4914 3107 4984 qui
3133 4921 3217 4968 est
3247 4913 3339 4967 lux
3366 4927 3519 4980 vera,

1935 4993 2099 5090 quem
2126 5016 2365 5080 tenebrte
2388 5030 2498 5082 non
2523 5007 3014 5082 comprehendunt,
3041 5005 3188 5061 omni
3211 5003 3529 5090 confusione

1937 5089 1969 5166 a
1995 5090 2264 5165 mentibus
2292 5104 2492 5162 nostris
2521 5111 2752 5166 remota,
2780 5099 3092 5155 universum
3124 5095 3312 5150 orbem
3342 5099 3398 5148 et
3426 5089 3529 5146 Ec-

1937 5205 2161 5272 clesiam
2191 5200 2258 5276 ad
2286 5213 2475 5270 pacem
2505 5194 2811 5260 revocavit,
2845 5194 2920 5251 ita
2949 5200 3008 5247 ut
3035 5203 3158 5258 quae
3186 5203 3218 5242 a
3245 5183 3406 5241 nobis
3429 5181 3529 5276 de-

1937 5293 2079 5348 liniri
2109 5273 2331 5358 debent,
2354 5288 2636 5350 revelante
2665 5284 2918 5350 Domino,
2949 5290 3013 5354 et
3039 5278 3271 5344 veritate
3299 5273 3528 5337 investi-

1938 5393 2062 5454 gata
2110 5381 2400 5452 salubriter
2439 5378 2660 5449 impleta
2708 5376 2836 5432 sint.
2882 5373 3089 5442 idcirco
3117 5367 3257 5429 sciat
3283 5371 3526 5428 vestrum

1920 5475 2189 5530 .nniversa
2219 5469 2548 5535 fraternitas,
2573 5467 2719 5538 quod
2748 5475 2983 5538 quatuor
3003 5459 3264 5532 synodos,
3291 5457 3398 5513 hoc
3439 5463 3529 5512 est

1936 5559 2913 5639 Nicaenam,Constantinopolitanam,
2943 5552 3270 5625 Ephesinam
3295 5552 3525 5622 primam

316 5754 524 5841 fllane
574 5780 696 5823 esse
732 5767 1126 5838 supposititiam
1159 5767 1440 5841 epistolam
1482 5768 1673 5838 probat
1726 5769 1788 5824 ll.
1828 5767 1884 5824 Ρ.
1921 5768 2075 5824 Joan.
2128 5765 2422 5821 Garnerius
2469 5765 2520 5819 in
2570 5761 2713 5818 notis
2763 5759 2827 5814 ad
2877 5756 3207 5813 Breviarinm
3257 5757 3518 5833 Liberali.

258 5813 565 5912 amputatis.
