4018 6340
510 309 614 368 123
1889 305 2099 363 Vlle

2198 304 2349 362 ΑΡᾹΞ
3670 319 3774 376 lii

508 426 777 490 συνόδους,
799 422 1032 482 τουτέστι
1058 428 1149 486 τόν
1176 445 1227 481 εν
1247 436 1449 498 Νικαιᾳ,
1481 447 1570 484 την
1605 425 1653 479 ἐν
1681 439 2088 481 ιωνσταντινου-

2198 434 2247 481 et
2264 425 2783 495 Chalcedonenscm,
2799 444 2899 482 una
2921 444 3040 484 cum
3065 430 3251 487 iisdem
3273 433 3526 492 fratribus
3547 444 3767 508 nostris,

507 523 678 586 πόλει,
708 524 802 580 τήν
826 521 877 574 έν
895 518 1083 593 Ἐφέσω
1110 521 1318 593 πρώτην
1334 563 1348 587 ,
1389 521 1471 573 καί
1497 524 1586 577 τήν
1620 519 1669 572 έν
1691 517 1969 576 Χαλκηδόνι
1995 522 2089 572 σύν

508 616 685 674 αὐτοῖς
705 614 843 685 ἡμῶν
866 610 1116 682 ἀδελφοῖς,
1142 613 1193 665 ἐν
1218 618 1351 667 πᾶσι
1389 614 1474 666 καί
1504 610 1787 681 δεχόμεθα,
1815 613 1897 664 καί
1918 611 2090 684 θεοφι-

509 705 589 758 λεῖ
621 703 818 779 διανοίᾳ
863 710 1274 778 προσκυνοῦμεν,
1305 705 1393 757 καί
1426 700 1716 773 όμοψύχως
1753 702 2086 774 φυλάττομεν.

507 797 612 849 Καὶ
665 797 712 849 οἶ
754 815 887 857 τινες
937 793 1125 853 δήποτε
1165 797 1255 856 τάς
1306 796 1461 854 αῦτάς
1508 794 1657 865 ἁγίας
1704 793 1982 860 συνόδους,
2038 795 2089 849 έν

508 889 641 939 πᾶσι
666 893 773 944 τοῖς
802 884 891 938 ὑπ’
915 886 1079 940 αὐτῶν
1106 888 1226 959 περὶ
1257 891 1348 944 τῆς
1376 884 1526 957 ἁγίας
1553 888 1775 946 πίστεως
1797 884 2087 959 ὁρισθεῖσιν,

506 978 600 1031 ούκ
638 977 1001 1042 ἀκολουθοῦσι,
1029 977 1247 1039 τούτους
1275 977 1567 1054 ἀλλοτρίους
1601 983 1693 1033 τοῦ
1732 977 1971 1050 συλλόγου
2000 986 2086 1038 τῆς

508 1066 662 1139 ἁγίας
699 1071 783 1121 καί
810 1068 1070 1129 καθολικῆς
1106 1068 1371 1129 ἐκκλησίας
1404 1070 1646 1147 κρίνομεν.
1689 1070 1779 1124 Διά
1813 1076 1964 1124 τοῦτο
1999 1074 2091 1128 την

509 1157 652 1227 ὑμῶν
677 1155 990 1229 ἀδελφότητα
1014 1158 1072 1214 τό
1098 1158 1224 1233 παρ’
1244 1161 1383 1232 ἡμῶν
1410 1160 1672 1231 γενόμενον
1698 1158 1879 1216 εἰδέναι
1913 1159 2093 1236 βουλό-

508 1266 678 1318 μενοι,
730 1250 931 1311 τούτοις
990 1252 1263 1325 γράμμασι
1314 1251 1591 1311 κατάδηλον
1646 1253 1777 1326 αὐτῇ
1826 1260 2091 1325 ποιοῦμεν.

512 1335 714 1399 Ἐπειδὴ
735 1339 897 1396 οὐδενὶ
923 1342 1197 1415 ἀμφίϐολόν
1225 1344 1382 1412 ἔστιν,
1398 1343 1563 1399 ὁπόσα
1581 1344 1829 1402 κεκίνηται
1857 1349 2093 1418 περὶτῶν

507 1436 662 1504 τριῶν
685 1432 990 1505 κεφαλαίων,
1016 1436 1257 1490 τουτέστι
1288 1437 1408 1508 περί
1433 1432 1699 1510 Θεοδώρου
1728 1441 1818 1490 τοῦ
1843 1456 1970 1489 ποτε
1993 1448 2093 1491 Mo-

508 1521 789 1592 ψουεστίας
812 1523 1112 1590 ἐπισκόπου,
1143 1527 1228 1579 καί
1253 1532 1351 1580 τῶν
1373 1525 1531 1579 αύτοῦ
1560 1526 1979 1599 συγγραμμάτων
1995 1566 2010 1591 ,
2039 1530 2097 1582 ού

507 1624 607 1688 μὴν
642 1619 765 1675 ἀλλά
793 1624 875 1676 καί
908 1630 1007 1677 τῶν
1031 1629 1122 1677 τοῦ
1162 1622 1475 1698 Θεοδωρίτου
1514 1625 1964 1699 συγγραμμάτων,
2011 1627 2095 1678 καί

508 1716 602 1769 τῆς
638 1709 906 1772 ἐπιστολῆς
944 1720 1038 1773 τῆς
1061 1713 1329 1785 λεγομένης
1368 1715 1492 1789 παρ’
1521 1711 1637 1768 Ἰϐα
1664 1717 1937 1791 γεγράφθαι
1966 1715 2095 1789 πρὸς

2193 517 2245 570 in
2274 519 2523 574 omnibus
2552 519 2894 590 suscipimus,
2925 532 2979 576 et
3000 521 3195 578 devota
3217 534 3396 581 mente
3425 542 3769 593 veneramur,

2190 615 2352 675 atque
2369 608 2695 663 unanimiter
2712 624 3009 665 servamus.
3041 610 3167 667 Etsi
3191 614 3281 684 qui
3311 615 3528 671 easdem
3557 627 3772 676 sanctas

2188 698 2423 769 synodos
2462 700 2513 754 in
2542 701 2789 757 omnibus
2817 717 2937 772 qua:
2959 704 3028 759 ab
3056 705 3186 776 ipsis
3213 706 3281 761 de
3308 714 3495 762 sancta
3528 706 3762 771 fidede-

2195 788 2343 843 finita
2394 799 2520 846 sunt
2564 808 2674 848 non
2724 803 3054 865 sequuntur,
3103 811 3198 852 eos
3234 813 3265 852 a
3314 805 3457 854 cmtu
3486 810 3687 857 sancta:
3716 812 3775 859 et

2190 882 2469 938 catholica:
2513 882 2768 941 Ecclesia:
2810 887 3016 943 alienos
3052 887 3376 958 iudicamus.
3429 892 3774 966 Quapropter

2191 975 2560 1033 desiderantes
2603 992 2669 1034 ea
2696 980 2837 1034 scire
2882 978 3278 1037 fraternitatem
3308 993 3545 1041 vestram
3590 1003 3712 1058 qua:
3739 1003 3770 1043 a

2191 1067 2347 1121 nobis
2377 1067 2514 1123 facta
2543 1076 2691 1137 sunt,
2722 1070 2808 1126 bis
2839 1073 3036 1129 nostris
3063 1073 3257 1130 litteris
3285 1076 3387 1145 ipsi
3426 1077 3775 1135 manifestum

2192 1158 2435 1215 facimus.
2469 1159 2735 1227 Quoniam
2766 1164 2898 1219 nulli
2924 1165 3146 1221 dubium
3173 1176 3259 1224 est
3297 1179 3432 1238 quot
3459 1181 3775 1243 quantaque

2193 1259 2340 1305 mota
2387 1260 2537 1321 sunt,
2582 1255 2654 1310 ob
2693 1256 2795 1309 tria
2841 1257 3112 1326 capitula,
3142 1258 3248 1315 hoc
3276 1262 3455 1317 estde
3485 1262 3777 1341 Theodoro

2192 1342 2322 1397 olim
2368 1344 2705 1414 Mopsuestiae
2731 1348 3021 1418 episcopo,
3067 1350 3291 1421 ejusque
3337 1355 3584 1425 scriptis,
3615 1356 3775 1425 quin-

2192 1432 2354 1487 etiam
2377 1434 2446 1489 de
2472 1436 2688 1507 scriptis
2709 1436 3058 1506 Theodoreti,
3081 1449 3137 1497 et
3158 1442 3226 1497 de
3248 1444 3477 1513 epistola
3506 1460 3626 1515 qua:
3648 1446 3778 1503 dici-

2196 1528 2282 1575 tur
2304 1523 2503 1593 scripta
2528 1526 2595 1580 ab
2619 1524 2708 1580 lba
2733 1526 2800 1581 ad
2817 1527 3005 1583 Marim
3022 1528 3271 1597 Persam;
3304 1542 3359 1589 et
3378 1549 3539 1604 quam
3561 1535 3777 1593 diversa

2193 1611 2262 1667 de
2291 1612 2461 1669 tribus
2487 1613 2590 1670 illis
2619 1616 2869 1685 capitulis
2896 1618 3040 1674 dicta
3088 1629 3253 1692 atque
3289 1625 3595 1695 conscripta
3625 1637 3774 1681 sunt.

2193 1702 2323 1759 Ideo
2360 1706 2407 1761 si
2436 1707 2490 1762 in
2519 1708 2666 1763 omni
2691 1711 2909 1778 negotio
2938 1713 3217 1783 sapientia:
3245 1717 3387 1772 ratio
3415 1719 3675 1787 postulat,
3721 1730 3779 1774 ut

507 1801 682 1872 Μάρην
707 1801 791 1855 τόν
830 1804 1048 1875 Πέρσην*
1091 1805 1175 1857 καί
1215 1802 1426 1879 διάφορα
1461 1807 1706 1880 περὶτῶν
1740 1808 1903 1862 αὐτῶν
1945 1828 2093 1880 κεφα-

2198 1794 2249 1849 id
2287 1796 2355 1851 de
2381 1813 2490 1868 quo
2517 1801 2774 1869 qumritur
2807 1810 3131 1860 retractetur
3156 1848 3172 1874 ,
3219 1823 3395 1877 neque
3426 1810 3617 1879 pudori
3659 1827 3780 1866 esse

507 1888 658 1943 λαίων
692 1893 949 1964 γεγένηταί
975 1914 1051 1957 τε,
1081 1897 1168 1949 καί
1194 1897 1507 1973 γέγραπται’
1551 1900 1634 1951 καί
1663 1895 1750 1952 διά
1778 1903 1961 1965 τοῦτο,
1993 1898 2093 1972 εἴγε

506 1978 558 2030 ἕν
587 1984 739 2035 παντί
766 1983 1033 2055 πράγματι
1063 1983 1090 2038 ό
1120 1993 1210 2043 τῆς
1240 1989 1418 2057 σοφίας
1441 1986 1585 2059 λόγος
1619 1988 1829 2043 ἀπαιτεῖ
1857 1989 1915 2043 τὸ
1945 1992 2097 2053 ζητη-

505 2071 584 2123 θέν
608 2070 1068 2146 ἀναψηλαφᾶσθαι,
1110 2078 1194 2129 καὶ
1232 2077 1320 2129 οὐκ
1352 2074 1509 2137 αἰδώς
1553 2073 1679 2131 εἶναι
1720 2078 1926 2147 ὀφείλει,
1959 2079 2094 2135 ὥστε

508 2159 712 2236 σπουδῇ
744 2170 837 2223 τῆς
881 2164 1142 2230 ἀληθείας,
1175 2167 1235 2220 τὸ
1273 2167 1416 2241 παρὰ
1456 2172 1546 2225 τήν
1589 2169 1761 2242 ἀρχὴν
1788 2172 1878 2240 μὲν
1918 2191 2094 2246 παρα-

508 2247 724 2323 λειφθὲν,
764 2253 961 2327 εύρεθίν
988 2252 1043 2309 δέ
1076 2257 1205 2327 μετά
1237 2262 1405 2312 ταῦτα
1443 2255 1860 2328 δημοσιευθῆναι,
1889 2259 2095 2334 πόσῳγε

507 2343 693 2413 μᾶλλον
736 2355 852 2406 ταῖς
899 2348 1332 2411 ἐκκλησιαστικαῖς
1378 2354 1651 2408 ὑποθέσεσι
1696 2360 1847 2410 τοῦτο
1886 2354 2097 2431 ἁρμόζει

506 2432 875 2503 φυλάττεσθαι;
901 2436 1085 2494 Ὀπότε
1108 2439 1249 2499 δῆλόν
1276 2444 1386 2497 ἔστι
1415 2447 1536 2507 τούς
1564 2446 1702 2514 ἡμῶν
1720 2448 1975 2523 πατέρας,
2009 2452 2096 2502 καί

506 2523 730 2592 μάλιστα
752 2526 840 2583 τόν
862 2534 1249 2605 μακαριώτατον
1270 2536 1625 2605 Δύγουστῑνον,
1650 2538 1734 2591 τὸν
1773 2539 2099 2610 ἐκλάμψαντα

508 2612 560 2667 ἒν
584 2623 692 2677 τοῖς
718 2618 869 2679 θείοις
902 2620 1096 2695 λόγοις,
1135 2631 1227 2686 τῆς
1256 2622 1531 2698 Ῥωμαῖκῆς
1571 2627 1878 2701 εὐγλωττίας
1916 2629 2099 2686 διδάσ-

509 2702 654 2757 καλον
684 2706 1079 2780 ἀναψηλαφῆσαί
1097 2732 1151 2767 τε
1174 2716 1296 2774 τούς
1313 2717 1529 2776 οἰκείους
1556 2717 1753 2789 λόγους,
1776 2721 1863 2771 καί
1890 2717 2099 2792 διορθώ-

509 2795 702 2850 σασθαι
733 2798 795 2850 τά
822 2800 962 2872 αύτῷ
988 2803 1248 2878 εἰρημένα,
1289 2808 1370 2858 καί
1403 2807 1470 2861 τά
1508 2807 1938 2880 παραλειφθέντα,
1968 2811 2099 2881 μετά

510 2891 679 2941 ταῦτα
725 2886 778 2942 δὲ
820 2890 1083 2960 εὑρεθέντα
1122 2898 1549 2969 προστεθηκέναι.
1593 2904 1680 2954 Καὶ
1724 2903 1867 2971 ἡμεῖς
1913 2901 2098 2972 ὁμοίως

511 2986 617 3040 τοῖς
642 2984 890 3043 τοιούτοις
918 2984 1260 3060 ύποδείγμασι
1282 2992 1684 3067 προτραπέντες,
1712 2993 1760 3045 ἐν
1861 2992 2098 3049 ύποθὲσει

511 3077 610 3125 τῶν
631 3077 1063 3144 μημονευθέντων
1102 3087 1255 3153 τριῶν
1284 3081 1573 3153 κεφαλαίων,
1597 3079 1708 3137 οὐδέ
1726 3103 1850 3137 ποτε
1872 3084 2096 3143 ἀπέστη-

511 3161 601 3218 μεν
627 3160 691 3216 δι’
704 3165 908 3237 ἐρεύνης
927 3169 1192 3240 γινόμενοι,
1217 3172 1268 3226 τί
1292 3174 1410 3245 περὶ
1432 3177 1531 3226 τῶν
1552 3174 1925 3248 προειρημένων
1940 3182 2092 3249 τριῶν
2119 3202 2166 3265 c

512 3253 812 3325 κεφαλαίων,
845 3258 894 3311 ἐν
928 3267 1035 3320 τοῖς
1060 3268 1161 3316 τῶν
1188 3262 1441 3339 ἡμετέρων
1479 3264 1749 3337 γράμμασι
1789 3260 2000 3321 δύνηται
2034 3268 2090 3319 τό

513 3344 846 3421 ἀληθέστερον
871 3350 1148 3425 εὑρεθῆναι.
1174 3349 1316 3405 Ὀθεν
1339 3354 1545 3428 φανερόν
1570 3355 1741 3425 γέγονε
1771 3351 1855 3409 διά
1875 3358 2097 3431 καθαρᾶς

513 3438 763 3506 ἀληθείας,
797 3443 847 3496 ἓν
874 3452 978 3503 τοῖς
1007 3445 1286 3517 εἰρημένοις
1320 3443 1581 3519 Θεοδώρου
1606 3452 1705 3499 τοῦ
1735 3446 2098 3517 Μοψουεστίας

514 3525 677 3601 λόγοις
713 3537 821 3591 τοῖς
858 3540 1134 3602 πανταχοῦ
1177 3534 1644 3605 στηλιτευομένοις,
1690 3538 1757 3591 τά
1794 3538 1995 3594 ὶναντία
2034 3548 2096 3614 τῇ

514 3618 635 3694 ὀρθῇ
664 3623 837 3678 πίστει
873 3627 956 3677 καί
991 3632 1105 3683 ταῖς
1150 3623 1501 3686 διδασκαλίαις
1529 3634 1631 3682 τῶν
1665 3627 1823 3700 ἁγίων
1862 3631 2098 3705 πατέρων

516 3715 864 3791 περιέχεσθαι.
894 3716 1080 3782 Ἀμέλει
1102 3737 1182 3771 τοι
1211 3721 1295 3770 καί
1325 3719 1371 3771 οἱ
1400 3718 1534 3791 ἅγιοι
1561 3722 1777 3794 πατέρες
1805 3721 1920 3775 κατ’
1942 3723 2098 3776 αὐτοῦ

516 3804 810 3877 γράφοντες.
836 3802 996 3864 ἰδίους
1022 3805 1201 3875 λόγους
1225 3810 1356 3881 πρὸς
1382 3807 1706 3865 διδασκαλίαν
1735 3818 1826 3871 τῆς
1847 3811 1996 3882 ἁγίας
2020 3813 2100 3867 έκ-

517 3893 726 3954 κλησίας
754 3894 1163 3951 καταλελοίπασι.
1207 3901 1296 3951 Καὶ
1334 3902 1435 3974 γὰρ
1473 3905 1522 3953 ιν
1564 3907 1684 3963 ταῖς
1728 3899 1902 3964 ἄλλαις
1941 3906 2099 3959 αὐτοῦ

517 3982 861 4056 βλασφημίαις
887 3995 1111 4062 φανερῶς
1140 3989 1293 4044 αὐτόν
1330 3993 1576 4066 εἰρηκέναι
1601 3993 1923 4069 εὑρίσκομεν,
1956 3994 2101 4052 ἄλλον

516 4068 646 4127 εἶναι
666 4074 752 4127 τόν
780 4077 901 4130 Θεὸν
927 4076 1096 4150 λόγον,
1127 4085 1212 4135 καί
1235 4077 1379 4136 ἄλλον
1407 4084 1493 4138 τόν
1518 4085 1869 4159 Χριστὸν,ύπό
1891 4094 1990 4141 τῶν
2011 4096 2103 4150 τῆς

519 4161 701 4234 ψυχῆς
728 4168 902 4222 παθῶν
928 4171 1012 4224 καί
1050 4179 1149 4227 τῶν
1185 4180 1277 4234 τῆς
1308 4175 1501 4250 σαρκός
1550 4176 1824 4247 ἕπιουμιῶν
1861 4178 2102 4250 ἐνοχλού-

518 4273 693 4324 μενον,
736 4262 942 4314 καὶτῶν
980 4264 1228 4338 χειρόνων
1254 4269 1386 4320 κατά
1411 4269 1584 4346 μικρὸν
1609 4269 1939 4341 ἀφιστάμενον
1973 4274 2102 4349 πρός

517 4344 585 4398 τά
622 4349 881 4419 κρείττονα
908 4360 971 4426 τῇ
992 4365 1225 4430 προκιπῇ
1256 4364 1356 4412 τῶν
1382 4344 1540 4435 ἔργων
1578 4359 1894 4429 δληλυθέναι,
1928 4366 2014 4420 καί
2039 4372 2102 4439 τῇ

517 4434 746 4529 πολιτεία
779 4436 986 4514 ἄμωμον
1009 4446 1286 4516 γενόμενον.
1312 4434 1413 4505 Καί
1448 4454 1515 4514 ὡς
1539 4451 1680 4522 ψιλόν
1710 4450 1973 4530 ἄνθρωπον
2007 4434 2104 4529 βα.-

518 4526 793 4585 πτισθῆναι
808 4529 857 4582 ἐν
878 4531 1087 4603 ὀνόματι
1105 4540 1323 4612 πατρὸς,
1348 4542 1482 4607 υἷοῦ,
1506 4545 1590 4597 καί
1616 4543 1763 4618 ἀγίου
1787 4549 2097 4621 πνεύματος,
2128 4570 2180 4630 D

519 4620 603 4672 καί
629 4616 712 4674 διά
739 4627 833 4676 τοῦ
868 4622 1233 4697 βαπτίσματος
1268 4635 1359 4690 τήν
1390 4634 1549 4705 χάριν
1576 4642 1667 4689 τοῦ
1709 4636 1855 4707 ἁγίου
1882 4642 2105 4712 πνεύμα-

517 4727 607 4769 τος
633 4710 892 4786 εἰληφέντι,
924 4719 1008 4770 καί
1031 4718 1290 4781 υἱοθεσίας
1329 4724 1573 4786 ἠξιῶσθαι
1590 4739 1606 4754 ⁶
1632 4728 1711 4779 καί
1734 4726 1844 4780 καθ’
1866 4728 2103 4800 ὁμοίωσιν

519 4800 785 4870 βασιλικῆς
806 4806 995 4868 εἰκόνος
1022 4810 1094 4870 εἰς
1116 4811 1395 4882 πρόσωπον
1420 4820 1514 4869 τοῦ
1540 4824 1668 4870 Θεοῦ
1694 4818 1841 4889 λόγου
1872 4822 1956 4874 τὸν
1989 4832 2104 4899 Χρι-

519 4893 642 4947 στόν
680 4904 1093 4969 προσκυνεῖσθαι.
1132 4907 1223 4957 Καί
1247 4907 1379 4975 μετὰ
1416 4911 1505 4965 τήν
1540 4910 1818 4965 ἀνάστασιν
1852 4908 2101 4988 ἄτρεπτιν

517 4992 639 5044 ταῖς
666 4986 904 5056 ἐννοίαις,
952 4995 1038 5048 καί
1082 4995 1343 5057 παντελῶς
1390 4998 1738 5073 ἀναμάρτητον
1782 4986 2099 5074 γεγενῆσθαι.

519 5076 648 5147 Πρὸς
666 5079 869 5140 τούτοις
889 5076 1019 5149 εἶπε,
1040 5085 1233 5143 ταύτην
1250 5089 1544 5160 γεγενῆσθαι
1561 5095 1650 5149 τὴν
1669 5092 1844 5149 ἕνωσιν
1858 5102 1949 5151 τοῦ
1970 5104 2100 5152 Θεοῦ

519 5163 669 5237 λόγου
695 5171 823 5243 πρὸς
858 5172 941 5226 τόν
966 5175 1215 5248 Χριστὸν,
1253 5176 1433 5233 ὁποίαν
1472 5179 1499 5235 ό
1532 5183 1813 5245 ἀπόστολος
1840 5182 1947 5240 εἷπε
1983 5191 2102 5262 περί

519 5264 614 5313 τοῦ
638 5260 818 5337 ἀνδρὸς
839 5267 922 5319 καί
949 5273 1041 5326 τῆς
1061 5270 1316 5341 γυναικός·
1342 5271 1604 5330 «Ἔσονται
1633 5277 1677 5330 οἱ
1705 5276 1797 5332 δύο
1826 5283 1900 5339 εἰς
1930 5279 2101 5354 σάρκα

518 5354 699 5422 μίανῚ
734 5358 821 5410 καί
844 5354 922 5411 ὄτι
951 5359 1082 5428 μετὰ
1109 5365 1199 5420 τήν
1221 5364 1497 5421 ἀνάστασιν
1522 5366 1821 5439 ἐμφυσήσας
1860 5369 1885 5423 ὁ
1924 5372 2098 5439 κύριος

519 5452 627 5503 τοῖς
653 5446 925 5515 μαθηταῖς,
946 5453 1027 5503 καὶ
1056 5454 1230 5519 εἰπών,
1260 5455 1479 5511 «Λάϐετε
1509 5462 1709 5527 πνεῦμα
1737 5457 1895 5529 ἅγιον,
1913 5460 2005 5511 »ού
2025 5458 2099 5513 δέ·

520 5532 647 5589 δωκε
671 5537 844 5600 αὐτοῖς
871 5546 1072 5614 πνεῦμα
1102 5543 1260 5617 ἅγιον.
1284 5550 1500 5618 Ὁμοίως
1525 5551 1612 5601 καί
1638 5554 1794 5603 τοῦτο
1826 5549 2099 5619 ἐτόλμησεν

521 5626 694 5692 εἰπεῖν,
736 5626 813 5685 ότι
848 5636 937 5692 τόν
962 5631 1225 5708 ὁμολογίκν
1250 5637 1307 5695 ἢν
1334 5642 1519 5706 Θωμᾶς
1542 5638 1849 5702 επαύσατο,
1878 5636 2101 5707 Ψηλαφῆ·

521 5737 621 5778 σας
647 5719 738 5782 τάς
764 5730 948 5796 χεῖρας
993 5731 1072 5781 καὶ
1099 5731 1188 5785 τήν
1212 5727 1436 5798 πλευράν
1461 5732 1555 5781 τοῦ
1591 5728 1766 5803 κυρίου
1783 5766 1800 5791 ,
1840 5729 1970 5797 μετά
2012 5734 2100 5787 τήν

523 5808 828 5885 ἀνάστασιν,
853 5816 1026 5891 λέγων,
1056 5817 1143 5874 «³0
1160 5818 1329 5891 κύριός
1353 5838 1482 5888 μου,
1514 5819 1597 5876 καὶ
1636 5816 1662 5873 ό
1690 5814 1813 5879 Θεός
1844 5838 1962 5888 μου,
1986 5838 2003 5871 ι
2033 5826 2102 5892 μὴ

2197 1885 2395 1953 debet,
2445 1904 2567 1943 cum
2599 1905 2663 1945 ea
2691 1905 2813 1960 qua:
2842 1893 2910 1949 ab
2937 1894 3091 1951 initio
3120 1898 3315 1954 omissa
3334 1941 3348 1966 ,
3378 1902 3555 1957 studio
3586 1903 3781 1960 deinde

2197 1976 2440 2034 veritatis
2468 1979 2833 2050 inveniuntur,
2868 1984 2920 2039 in
2946 1987 3223 2055 publicum
3248 1990 3483 2047 eduntur
3508 2010 3523 2060 ;
3573 2006 3782 2064 quanto

2196 2070 2368 2139 magis
2396 2072 2778 2130 ecclesiasticis
2801 2075 3282 2147 disceptationibus
3307 2084 3591 2154 convenit,
3627 2102 3780 2140 eam-

2196 2162 2319 2217 dem
2349 2163 2616 2221 rationem
2658 2167 2709 2221 in
2753 2168 2858 2223 illis
2887 2184 3105 2241 quoque
3134 2174 3457 2232 observari?
3503 2175 3783 2248 Praecipue

2197 2268 2321 2308 cum
2352 2254 2693 2311 manifestum
2722 2258 2792 2312 sit
2823 2257 3011 2315 Patres
3040 2269 3279 2333 nostros,
3310 2274 3366 2321 et
3392 2267 3633 2322 maxime
3649 2269 3780 2323 bea-

2198 2345 2460 2400 tissimum
2490 2347 2843 2417 Augustinum
2863 2390 2879 2416 ,
2921 2353 3015 2422 qui
3042 2354 3096 2409 in
3126 2355 3321 2412 divinis
3348 2356 3642 2429 Scripturis
3666 2361 3780 2415 cla~

2196 2435 2322 2499 ruit,
2359 2435 2615 2492 Romana:
2640 2438 2965 2509 eloquentia:
2995 2445 3345 2513 magistrum,
3394 2449 3615 2519 propria
3644 2452 3783 2505 scri-

2196 2534 2288 2598 pta
2316 2536 2663 2598 retractasse,
2689 2529 2943 2603 dictaque
2988 2551 3085 2589 sua
3114 2538 3444 2604 correxisse,
3484 2548 3652 2609 atque
3696 2542 3782 2595 illa

2197 2630 2318 2685 qua:
2358 2618 2649 2687 omiserat,
2683 2636 2747 2678 ac
2771 2622 2966 2680 deinde
2997 2626 3313 2697 invenerat,
3351 2629 3640 2685 addidisse.
3676 2631 3785 2687 Nos

2197 2724 2414 2778 quoque
2434 2710 2684 2767 similiter
2705 2714 2811 2769 illis
2831 2718 3097 2787 exemplis
3124 2719 3352 2787 incitati,
3385 2721 3437 2775 in
3465 2729 3785 2777 controver-

2196 2800 2275 2854 sia
2305 2801 2461 2855 trium
2480 2804 2839 2874 capitulorum
2861 2823 3024 2877 supra
3049 2819 3491 2877 memoratarum,
3506 2827 3784 2880 nunquam

2199 2890 2543 2960 destitimus,
2593 2896 2721 2965 quin
2753 2898 3199 2969 investigaremus
3235 2901 3363 2969 quid
3403 2902 3470 2957 de
3510 2904 3783 2973 praedictis

2199 2983 2369 3039 tribus
2397 2987 2675 3056 capitulis,
2710 2989 2762 3043 in
2792 2988 3009 3045 Patrum
3038 3001 3347 3048 nostrorum
3371 2995 3566 3051 litteris
3599 2997 3783 3051 verius

2199 3073 2427 3130 inveniri
2452 3087 2654 3147 posset.
2692 3079 2843 3136 Unde
2872 3082 3046 3151 patuit
3075 3097 3285 3150 revera,
3320 3083 3478 3140 dictis
3506 3084 3783 3141 Theodori

2198 3163 2538 3236 Mopsuestia:
2592 3171 2935 3226 sermonibus
2984 3174 3075 3243 qui
3130 3173 3329 3243 ubique
3356 3174 3779 3245 redarguuntur,

2196 3256 2450 3327 pleraque
2478 3260 2747 3313 contraria
2775 3270 2935 3316 recta:
2952 3259 3075 3317 ﬁdei
3103 3272 3157 3317 et
3178 3263 3440 3320 doctrinis
3467 3274 3777 3335 sanctorum

2197 3345 2416 3401 Patrum
2447 3349 2714 3404 contineri
2742 3368 2755 3404 :
2785 3366 2952 3420 quare
2974 3354 3075 3425 ipsi
3096 3357 3270 3410 sancti
3301 3354 3490 3411 Patres
3519 3356 3784 3413 adversus

2196 3454 2323 3493 eum
2352 3439 2676 3505 scribentes,
2709 3450 2969 3500 tractatus
3007 3461 3136 3500 suos
3183 3447 3249 3501 ad
3292 3457 3493 3503 sancta:
3523 3447 3782 3504 Ecclesia:

2196 3529 2557 3586 eruditionem
2617 3534 2970 3605 reliquerunt.
3054 3537 3266 3593 Etenim
3350 3541 3490 3594 inter
3544 3550 3771 3596 ceteras

2195 3621 2361 3690 ipsius
2385 3621 2747 3692 blasphemias
2786 3636 2973 3695 aperte
3015 3628 3187 3698 ipsum
3216 3629 3416 3685 dixisse
3441 3632 3776 3696 invenimus,

2199 3710 2362 3764 alium
2383 3726 2505 3766 esse
2529 3711 2700 3769 Deum
2727 3716 2971 3782 verbum,
3001 3727 3056 3773 et
3077 3719 3240 3773 alium
3268 3719 3563 3785 Christum,
3594 3736 3625 3774 a
3656 3736 3779 3791 pas-

2197 3800 2441 3860 sionibus
2484 3805 2675 3861 anima:
2713 3815 2769 3861 et
2815 3811 3265 3880 concupiscentiis
3292 3814 3471 3867 carnis
3500 3821 3781 3882 vexatum,

2200 3899 2257 3947 et
2282 3895 2537 3964 paulatim
2580 3913 2610 3952 a
2640 3899 2937 3955 minoribus
2962 3904 3303 3959 recedentem
3331 3905 3398 3959 ad
3430 3905 3654 3959 meliora
3686 3920 3784 3976 per

2201 3985 2499 4056 profectum
2529 4004 2755 4058 operum
2778 3995 3107 4061 pervenisse,
3133 4002 3188 4049 et
3213 3996 3630 4051 conversatione
3659 3996 3767 4051 irrc

2202 4076 2619 4147 prehensibilem
2649 4078 2867 4137 factum.
2900 4082 2968 4137 Et
2990 4093 3048 4139 ut
3075 4085 3272 4138 nudum
3303 4086 3576 4141 hominem
3610 4086 3786 4157 bapti-

2203 4174 2381 4221 zatum
2403 4167 2564 4225 fuisse
2585 4170 2638 4225 in
2664 4173 2881 4229 nomine
2902 4174 3095 4243 Patris,
3116 4176 3233 4231 Filii
3253 4186 3309 4233 et
3329 4177 3562 4248 Spiritus
3582 4179 3783 4249 sancti,

2202 4266 2258 4311 et
2284 4273 2383 4328 per
2408 4260 2672 4330 baptisma
2702 4265 2929 4331 gratiam
2959 4268 3131 4322 sancti
3159 4267 3388 4338 Spiritus
3409 4270 3706 4339 accepisse,
3729 4277 3785 4323 et

2204 4348 2547 4419 adoptionem
2588 4355 2962 4422 promeritum.
2994 4356 3059 4412 Et
3087 4359 3152 4413 ad
3186 4361 3491 4430 exemplum
3534 4362 3785 4431 imaginis

2204 4440 2585 4511 imperatoriae,
2617 4446 2684 4501 ob
2712 4462 2998 4517 personam
3017 4450 3113 4506 Dei
3145 4451 3304 4507 Verbi
3327 4450 3599 4508 Christum
3643 4454 3782 4511 ado-

2204 4542 2331 4595 rari.
2358 4540 2424 4597 Et
2451 4552 2576 4613 post
2603 4548 3058 4603 resurrectionem
3090 4550 3475 4606 immutabilem
3502 4554 3785 4622 cogitatio-

2207 4630 2385 4700 nibus,
2435 4642 2490 4688 et
2529 4636 2749 4691 omnino
2778 4637 3181 4705 impeccabilem
3228 4638 3449 4696 factum.
3494 4641 3784 4708 Praeterea,

2205 4719 2343 4775 dixit
2368 4738 2487 4776 eam
2517 4725 2771 4779 unionem
2796 4727 2891 4782 Dei
2918 4728 3080 4783 Verbi
3112 4729 3303 4785 factam
3333 4731 3502 4789 fuisse
3526 4731 3592 4788 ad
3625 4732 3785 4788 Chri-

2202 4819 2343 4865 stum
2371 4813 2583 4881 qualem
2623 4815 2915 4883 Apostolus
2952 4818 3087 4873 dixit
3130 4820 3197 4875 de
3236 4822 3354 4877 viro
3401 4831 3457 4876 et
3504 4823 3733 4878 muliere
3765 4839 3781 4875 :

2207 4902 2374 4957 Erunt
2419 4905 2521 4958 duo
2549 4907 2604 4959 in
2644 4923 2802 4963 carne
2827 4927 2932 4963 una
2974 4910 3029 4981 (Ι
3057 4911 3178 4966 Cor.
3210 4911 3305 4982 Vl).
3355 4911 3425 4967 Et
3470 4914 3613 4983 quod
3662 4925 3788 4983 post

2203 4995 2676 5061 resurrectionem,
2707 5011 2827 5052 cum
2849 4999 3174 5057 iiisuﬂlasset
3200 5002 3458 5056 Dominus
3486 5003 3783 5072 discipulis,

2202 5091 2258 5137 et
2277 5082 2534 5140 dixisset:
2557 5087 2785 5157 Accipite
2811 5088 3066 5159 Spiritum
3086 5100 3342 5156 sanctum,
3368 5106 3476 5145 non
3504 5090 3653 5145 dedit
3683 5090 3788 5147 illis

2204 5173 2463 5243 Spiritum
2511 5186 2779 5234 sanctum.
2827 5179 3089 5236 Similiter
3119 5182 3222 5237 hoc
3248 5197 3466 5251 quoque
3509 5197 3674 5236 ausus
3705 5191 3789 5237 est

2204 5266 2420 5332 dicere,
2468 5267 2616 5337 quod
2664 5268 3058 5325 confessionem
3105 5285 3265 5340 quam
3311 5270 3547 5326 Thomas
3592 5271 3788 5338 edidit,

2204 5361 2502 5410 attrectans
2531 5371 2723 5411 manus
2759 5365 2813 5413 et
2842 5358 2980 5414 latus
3009 5359 3223 5414 Domini
3272 5369 3398 5429 post
3426 5363 3789 5416 resurrectio-

2202 5457 2346 5508 nem,
2376 5445 2560 5501 dicens
2594 5463 2606 5500 :
2639 5434 3060 5504 Dominus'meus
3090 5458 3141 5503 et
3178 5448 3317 5503 Deus
3346 5466 3524 5517 meus,
3569 5466 3676 5503 non
3720 5450 3790 5504 ad

2204 5543 2475 5599 Christum
2495 5547 2677 5602 retulit
2703 5550 2902 5619 (neque
2927 5550 3068 5603 enim
3083 5548 3397 5603 Theodorus
3414 5549 3488 5604 ait
3509 5548 3793 5603 Christum

2207 5648 2327 5688 esse
2369 5635 2615 5706 Deum);
2667 5638 2759 5692 scd
2804 5647 3025 5707 prapter
3065 5639 3323 5693 miracula
3369 5639 3795 5694 resurrectionis

2208 5735 2512 5795 stupentem
2555 5728 2815 5783 Thomam
2865 5728 3113 5783 laudasse
3150 5731 3356 5795 Deum,
3408 5744 3582 5797 eaque
3619 5730 3790 5783 verba

2209 5814 2426 5873 dixisse.
2473 5819 2628 5885 Quod
2670 5827 2848 5874 autem
2888 5820 3040 5891 pejus
3084 5828 3183 5886 est,
3236 5821 3289 5875 in
3338 5820 3789 5890 interpretatione
