4042 6458
212 288 311 347 ηε

1402 294 1759 356 ΕΡΙΞΤΟΙηΕ
1797 298 1885 357 ΕΤ
1914 300 2247 361 DECRETA.

3359 332 3462 394 126

208 402 427 476 εἰρῆσθαι
447 408 537 459 τοῦ
557 402 577 424 ⁸
601 408 762 476 Θωμᾶ
804 406 925 482 περὶ
968 413 1059 463 τοῦ
1095 415 1317 484 Χριστοῦ
1342 409 1363 482 (
1386 411 1498 468 οὐδὲ
1526 415 1624 492 γὰρ
1651 414 1777 491 λέγει

1884 432 2045 488 quam
2066 421 2275 477 scilicet
2303 421 2370 477 ad
2411 427 2781 494 apostolorum
2809 430 2942 489 Acta
2972 434 3112 494 idem
3142 438 3460 506 Theodorus

208 493 455 570 οεόδωρος
473 496 593 551 Θεὸν
612 492 739 552 εἶναι
766 497 851 555 τόν
875 500 1136 575 Χριστόν),
1159 502 1282 557 ἀλλὰ
1310 505 1437 580 πρὸς
1461 508 1525 561 τὰ
1547 509 1782 580 θαύματα

207 592 297 647 τῆς
316 587 646 649 ἀναστάσεως
666 589 965 665 ἕκπληγέντα
990 594 1074 649 τόν
1092 602 1278 666 Θωμᾶν
1300 594 1508 662 δοξάσαι
1527 600 1611 655 τὸν
1637 601 1782 667 Θεὸν,

208 676 289 729 καί
314 681 479 730 ταῦτα
496 678 763 751 εἰρηκέναι.
792 682 860 735 Τὸ
884 679 939 736 δὲ
968 690 1181 757 χεῖρον,
1209 682 1286 741 ἔτι
1307 692 1405 756 μήν
1433 692 1518 742 καί
1548 691 1600 744 ἐν
1617 698 1679 765 τῇ
1708 690 1784 770 ίρ·

205 766 397 839 μηνείᾳ,
427 769 489 827 ἢν
510 765 653 825 δῆθεν
676 769 725 824 ἓν
744 779 858 831 ταῖς
880 775 1093 846 Πράξεσι
1111 781 1209 831 τῶν
1235 776 1533 833 ἀποστόλων
1562 765 1781 857 ἔγραψεν

204 853 233 911 ό
250 856 401 917 αὐτὸς
419 855 699 933 Θεόδωρος.
722 859 893 932 ὅμοιον
908 863 1186 923 ἐποιήσατο
1202 868 1285 923 τόν
1303 870 1521 946 Χριστόν
1536 853 1781 947 Πλάτωνι,

206 947 287 1003 καί
299 949 588 1021 Μανιχαίῳ,
607 954 689 1004 καί
705 949 1003 1029 Ἐπικούρῳ,
1018 960 1102 1010 καί
1114 961 1380 1034 Μαρκίωνι,
1394 960 1570 1031 λέγων,
1586 959 1662 1019 ότι
1681 965 1783 1020 ὧσ-

202 1053 297 1109 περ
314 1034 529 1098 ἕκαστος
545 1039 740 1094 ἐκείνων
754 1043 808 1095 ἐκ
828 1050 915 1098 τοῦ
933 1047 1117 1100 οἰκείου
1132 1043 1156 1100 ὃ
1170 1047 1353 1121 εὕρατο
1370 1048 1639 1124 δόγματος,
1665 1056 1781 1116 τοὺς

202 1124 403 1212 οἰκείους
412 1128 645 1196 μαθητάς
656 1130 858 1187 ἐκάλεσε
870 1134 1234 1203 Πλατωνικοὺς,
1247 1142 1332 1192 καί
1343 1144 1679 1212 Μανιχαίους,
1694 1148 1781 1199 καί

203 1210 589 1293 Ἐπικουρείους,
612 1225 698 1276 καὶ
721 1230 1124 1299 Μαρκιωνιστὰς,
1151 1229 1235 1284 τὸν
1254 1231 1403 1287 αὐτὸν
1426 1233 1613 1308 τρόπον
1642 1239 1726 1291 καί
1752 1234 1778 1292 ὁ

202 1308 412 1383 Χριστὸς
438 1310 501 1364 τό
528 1308 695 1385 δόγμα
730 1319 953 1388 εὑρηκὼς
973 1357 989 1383 ,
1017 1320 1070 1383 ἐξ
1107 1321 1261 1375 αὐτοῦ
1295 1324 1415 1385 τοὺς
1452 1329 1780 1402 Χριστιανούς

198 1396 436 1454 ἕκοίλεσεν.
469 1405 563 1458 Διά
589 1411 757 1463 ταῦτα
778 1410 943 1463 τοίνυν
971 1410 1232 1482 σύμπασα
1254 1417 1542 1486 γινωσκέτω
1572 1419 1603 1477 ἠ
1632 1421 1778 1476 καθο-

195 1487 299 1549 λική
326 1492 587 1559 ίκκλησία,
610 1494 817 1560 δικαίως
844 1503 998 1572 ἡμᾶς,
1027 1506 1113 1557 καί
1150 1504 1500 1566 ἀλεπιλήπτως
1540 1511 1670 1581 πρὸς
1710 1512 1780 1569 τά

196 1583 533 1657 περιεχόμενα
558 1590 721 1661 ταύτῃ
745 1592 882 1660 ἡμῶν
901 1600 963 1665 τῇ
980 1590 1293 1650 διατυπώσει
1311 1596 1612 1656 ίληλυοὲναι.
1631 1597 1779 1656 Ὀθεν

194 1675 573 1745 κατακρίνομεν,
595 1680 679 1731 καί
706 1679 1130 1753 ἀναθεματίζομεν
1156 1684 1340 1755 ὁμοίως
1359 1695 1466 1748 τοῖς
1487 1685 1651 1751 ἄλλοις
1673 1697 1776 1748 πᾶ-

1881 513 2113 581 scripsit,
2138 514 2364 568 similem
2388 515 2512 571 fecit
2525 517 2795 575 Christum
2813 522 3046 597 Platoni,
3068 540 3125 587 et
3140 532 3457 607 Manichaeo,

1882 610 1939 657 et
1965 600 2214 672 Epicuro,
2234 612 2291 658 ct
2318 603 2599 675 Marcioni,
2623 609 2809 667 dicens
2836 631 2849 666 :
2879 614 3143 681 Quoniam
3172 624 3312 680 sicut
3338 600 3460 682 illo;

1881 708 1999 747 rum
2028 693 2221 762 singuli
2249 710 2314 750 ex
2344 698 2563 766 prOprio
2591 700 2840 768 dogmate
2868 705 3021 774 cujus
3042 721 3300 769 auctores
3336 715 3457 772 fue-

1879 791 2024 850 runt,
2053 799 2180 840 suos
2204 784 2495 857 discipulos
2518 791 2857 860 appellavere
2886 793 3228 867 Platonicos,
3260 814 3314 860 et
3338 806 3423 863 Ma

1882 872 2145 938 nichmos,
2186 884 2242 931 et
2280 875 2591 946 Epicureos,
2625 889 2786 950 atque
2826 883 3229 957 Marcionistas,
3262 895 3453 952 eodem

1880 962 2041 1019 modo
2069 964 2315 1022 Christus
2344 967 2538 1037 dogma
2566 970 2846 1029 inveniens
2865 1013 2883 1041 ,
2925 992 2994 1032 ex
3022 994 3089 1035 eo
3113 978 3456 1041 Christianos

1879 1055 2185 1124 appellavit.

1950 1142 2243 1216 Propterea
2264 1147 2427 1218 igitur
2448 1160 2704 1220 agnoscat
2731 1156 2982 1211 universa
3012 1156 3245 1216 Ecclesia
3265 1164 3455 1219 catho-

1878 1235 1982 1291 lica
2025 1252 2125 1293 nos
2155 1237 2302 1309 juste
2340 1249 2396 1296 et
2430 1241 2980 1313 irreprehensihiliter
3007 1250 3073 1304 ad
3102 1266 3166 1306 ea
3192 1268 3311 1322 quae
3349 1254 3454 1313 hac

1878 1334 2064 1383 nostra
2120 1330 2506 1387 constitutione
2565 1337 3094 1405 comprehenduntur
3146 1341 3448 1402 devenisse.

1881 1416 2031 1474 Unde
2059 1420 2479 1477 condemnamus
2514 1432 2569 1478 et
2588 1427 3133 1497 anathematizamus,
3182 1449 3285 1488 una
3327 1451 3450 1491 cum

1878 1510 1996 1567 aliis
2037 1514 2286 1569 omnibus
2322 1515 2622 1584 haereticis,
2679 1520 2769 1589 qui
2818 1521 2918 1591 (ut
2957 1524 3296 1581 manifestum
3324 1530 3449 1599 est)

1875 1602 2117 1658 damnati
2153 1612 2208 1660 et
2235 1607 2669 1664 anathematizati
2707 1618 2833 1666 sunt
2867 1628 2898 1667 a
2938 1616 3204 1684 prtedictis
3252 1605 3449 1676 sanctis

1875 1701 2109 1763 quatuor
2125 1695 2359 1766 synodis,
2378 1706 2431 1752 et
2456 1699 2522 1754 ab
2545 1699 2782 1756 Ecclesia
2802 1704 3087 1774 catholica,
3104 1706 3448 1765 Theodorum

195 1779 273 1813 σιν
291 1760 569 1836 αἱρετικοῖς
604 1769 969 1845 κατακριθεῖσι,
1000 1775 1087 1827 καί
1109 1774 1583 1846 άναθεματισθεῖσιν
1621 1777 1776 1849 (ὥστε

1876 1760 2004 1838 olim
2032 1760 2370 1854 Mopsuestia:
2397 1788 2727 1858 episcopum,
2772 1802 2826 1847 et
2855 1794 3014 1863 impia
3044 1760 3160 1864 ejus
3203 1798 3400 1868 scripta
3431 1817 3445 1853 :

194 1854 396 1925 φανερόν
437 1855 618 1928 ἐστιν)
649 1861 752 1913 ἀπό
786 1869 886 1916 τῶν
922 1868 1295 1939 προειρημένων
1328 1867 1482 1939 ἁγίων
1516 1873 1779 1943 τεσσάρων

194 1939 432 2012 συνόδων,
461 1950 550 2002 καί
577 1947 678 2003 άπὸ
703 1957 795 2010 τῆς
816 1952 1073 2012 καθολικῆι
1101 1955 1380 2022 ἐκκλησίας,
1411 1962 1495 2013 καί
1524 1939 1780 2031 Θεόδωρον

192 2032 270 2088 τόν
293 2056 416 2092 ποτε
455 2038 815 2110 Μοψουεστίας
842 2044 1149 2111 ἐπίσκοπον,
1180 2049 1265 2102 καί
1300 2048 1366 2103 τὰ
1391 2050 1576 2104 τούτου
1616 2052 1778 2111 ἀσεϐῆ

192 2135 599 2209 συγγράμματα,
626 2137 763 2193 οὐδὲν
793 2138 1039 2210 ἧττονξκαί
1063 2146 1131 2198 τὰ
1153 2146 1297 2218 παρά
1321 2143 1634 2223 θεοδωρίτου
1657 2170 1779 2222 συγ-

191 2228 431 2298 γραφέντα
461 2231 597 2286 κατά
620 2238 712 2292 τῆς
740 2233 886 2307 ὀρθῆς
910 2237 1155 2303 πίστεως,
1187 2242 1272 2294 καί
1304 2242 1435 2295 κατά
1459 2249 1558 2295 τῶν
1579 2240 1776 2301 δώδεκα

192 2318 463 2387 κεφαλαίων
484 2329 577 2376 τοῦ
604 2324 658 2377 ἓν
685 2323 847 2396 ἁγίοις
872 2328 1129 2403 Κυρίλλου,
1145 2333 1231 2384 καί
1257 2334 1389 2388 κατά
1409 2342 1501 2393 τῆς
1525 2336 1575 2388 ἐν
1591 2335 1777 2408 Ἐφέσῳ

190 2412 390 2485 πρώτης
412 2413 626 2470 συνόδου
646 2457 661 2481 ,
707 2420 884 2474 καίτά
924 2422 1054 2496 πρὸς
1089 2420 1343 2481 ίκδίκησιν
1381 2425 1664 2502 Θεοδώρου,
1695 2434 1779 2485 καί

188 2506 455 2579 Νεστορίου
482 2504 573 2560 ὑπ’
599 2508 753 2563 αὐτοῦ
782 2513 1154 2585 συγγραφέντα.
1192 2516 1323 2588 Πρός
1362 2518 1563 2578 τούτοις
1600 2521 1774 2574 ἀναθε-

192 2596 515 2666 ματίζομεν,¹
552 2600 636 2653 καί
672 2606 1035 2675 κατακρίνομεν
1075 2612 1165 2662 τὴν
1203 2604 1470 2666 ἐπιστολὴν
1511 2613 1603 2666 την
1644 2611 1776 2682 πρὸς

187 2686 350 2759 Niptra
371 2685 464 2742 τόν
490 2688 684 2760 Πέρσην
710 2690 975 2764 αἱρετικὸν,
1007 2694 1155 2766 παρὰ
1178 2689 1293 2748 Ἰϐα
1319 2697 1594 2770 γεγράφθαι
1633 2696 1776 2771 λεγο-

189 2774 353 2843 μένην,
379 2779 496 2840 ἥτις
522 2780 606 2835 τόν
646 2783 862 2852 Χριστόν
887 2784 1034 2857 λόγον
1062 2786 1115 2839 ἐκ
1138 2799 1233 2846 τῆς
1260 2786 1407 2860 ἁγίας
1435 2788 1664 2844 θεοτόκου
1693 2795 1778 2846 καί

189 2866 512 2943 ἀειπαρθὲνου
550 2875 757 2948 Μαρίας
797 2877 1147 2951 σαρκωθέντα,
1187 2875 1448 2948 ἄνθρωπον
1485 2884 1778 2952 γεγενῆσθαι

188 2958 517 3045 άπαρνείται,
545 2964 689 3034 ψιλόν
713 2963 766 3020 δέ
791 2964 1055 3041 ἄνθρωπον
1080 2970 1132 3032 ἐξ
1162 2970 1319 3030 αὐτῆς
1341 2972 1600 3040 γενηθῆναι
1623 2973 1774 3045 λέγει,

189 3043 241 3101 όν
263 3052 385 3106 ναόν
412 3058 810 3129 προσαγορεύει,
837 3059 970 3111 ὥστε
996 3059 1049 3111 ἐκ
1076 3058 1264 3113 τούτου
1283 3056 1424 3113 ἄλλον
1440 3062 1666 3117 νοεῖσθαι
1692 3064 1777 3118 τόν

1878 1874 2223 1932 nihilominus
2263 1892 2328 1932 ea
2364 1894 2579 1949 quoque
2623 1898 2742 1952 qua:
2780 1898 2811 1937 a
2860 1884 3202 1942 Theodoreto
3249 1891 3447 1960 scripta

1876 1975 2001 2022 sunt
2029 1977 2216 2023 contra
2243 1978 2443 2024 rectam
2473 1970 2628 2027 ﬁdem
2650 2016 2665 2041 ,
2723 1984 2778 2030 et
2812 1984 3002 2031 contra
3045 1978 3325 2036 duodecim
3354 1997 3445 2036 ca-

1876 2061 2045 2131 pitula
2085 2063 2254 2117 sancti
2284 2062 2498 2134 Cyrilli,
2541 2073 2597 2120 et
2621 2074 2809 2122 contra
2834 2070 3095 2140 synodum
3120 2072 3447 2142 Ephesinam

1874 2153 2122 2223 primam,
2164 2169 2389 2224 qumque
2419 2155 2487 2209 ab
2528 2172 2595 2210 eo
2624 2159 2821 2229 scripta
2850 2171 2974 2215 sunt
3005 2178 3104 2231 pro
3139 2162 3447 2219 defensione

1876 2242 2145 2298 Theodori
2185 2252 2239 2299 et
2266 2240 2517 2300 Nestorii.
2553 2244 2821 2302 Praeterea
2859 2251 3371 2308 anathematizamus
3393 2262 3447 2308 et

1875 2335 2295 2390 condemnamus
2336 2335 2621 2405 epistolam
2661 2337 2726 2391 ad
2754 2337 2944 2393 Marim
2980 2339 3200 2397 Persam
3230 2342 3449 2397 haereti~

1875 2441 2019 2489 cum,
2042 2441 2162 2496 quae
2184 2425 2252 2480 ab
2274 2426 2364 2480 lba
2391 2429 2592 2498 scripta
2616 2429 2812 2485 dicitur
2834 2450 2847 2485 :
2879 2446 2999 2501 qua:
3024 2431 3293 2488 Christum
3318 2435 3447 2490 Ver-

1875 2517 1999 2572 bum
2031 2532 2098 2571 ex
2138 2526 2324 2573 sancta
2368 2518 2595 2589 Deipara
2624 2529 2677 2576 et
2700 2538 2914 2594 semper
2941 2526 3147 2594 virgine
3174 2525 3339 2581 Maria
3368 2527 3446 2582 in-

1877 2616 2174 2673 carnatum,
2188 2608 2460 2663 hominem
2480 2606 2676 2665 factum
2700 2610 2863 2667 fuisse
2890 2620 3075 2684 negat,
3096 2615 3297 2670 nudum
3318 2631 3447 2670 vero

1876 2699 2148 2755 hominem
2173 2716 2239 2754 ex
2267 2715 2330 2755 ea
2360 2709 2545 2755 natum
2572 2716 2769 2771 :quem
2797 2704 3054 2772 templum
3086 2712 3261 2771 vocat,
3288 2706 3360 2759 ita
3390 2713 3447 2760 ut

1877 2804 1943 2844 ex
1967 2789 2069 2844 hoc
2090 2791 2403 2858 intelligitur
2426 2791 2589 2845 alium
2611 2806 2729 2847 esse
2744 2791 2911 2847 Deum
2927 2793 3185 2863 Verbum,
3210 2795 3447 2850 etaliqu

1877 2881 2165 2937 Christum.
2198 2881 2455 2937 Sanctum
2477 2899 2607 2939 vero
2634 2882 2892 2955 Cyrillum
2928 2893 3090 2941 recte:
3117 2886 3240 2941 lidei
3278 2886 3447 2954 magi-

1877 2978 2047 3024 strum
2073 2979 2130 3025 et
2156 2986 2486 3039 prmconem,
2518 2981 2577 3026 ut
2602 2974 2934 3042 haereticum,
2980 2984 3038 3029 et
3063 2976 3260 3030 similia
3282 2977 3446 3046 Apol-

1877 3060 2071 3115 linario
2098 3061 2422 3115 scribentem
2462 3062 2855 3129 calumniatur;
2886 3071 2941 3118 et
2969 3064 3313 3133 reprehendit
3335 3067 3447 3134 pri-

189 3139 305 3194 Θεὸν
328 3140 498 3213 λόγον,
527 3145 614 3195 καί
639 3140 786 3197 ἄλλον
808 3146 894 3200 τὸν
914 3145 1150 3221 Χριστόν.
1180 3149 1270 3201 Καί
1300 3146 1436 3217 ἅγιον
1463 3147 1515 3203 δὲ
1542 3152 1776 3226 Κύριλλον

1880 3166 2021 3205 mam
2051 3150 2373 3220 Ephesinam
2400 3153 2661 3225 synodum
2681 3194 2696 3219 ,
2744 3155 2897 3223 quasi
2926 3155 3131 3225 absque
3163 3155 3367 3225 judicio
3395 3165 3450 3212 et

189 3238 272 3292 τῆς
303 3234 463 3309 ὀρθῆς
485 3236 708 3295 πίστεως
736 3233 1041 3292 διδάσκαλόν
1068 3258 1123 3291 τε
1152 3242 1231 3293 καί
1253 3241 1468 3313 κήρυκα,
1493 3241 1562 3301 ὡς
1589 3240 1779 3315 αίρετι-

190 3324 295 3389 κόν,
341 3329 429 3381 καί
466 3325 617 3397 ὅμοια
646 3328 1018 3405 ’Δπολλιναρίου
1064 3330 1333 3404 γράψαντα
1373 3330 1643 3387 διαϐάλλει.
1686 3337 1778 3389 Kal

192 3420 557 3492 καταγινώσκει
597 3426 688 3479 τῆς
716 3420 764 3472 ἓν
788 3422 974 3492 Ἐφέσῳ
1003 3423 1209 3495 πρώτης
1236 3420 1472 3491 συνόδου,
1504 3425 1573 3485 ὡς
1607 3446 1678 3494 χι.
1694 3427 1777 3499 ρίς

194 3510 402 3581 κρίσεώς
430 3528 488 3563 τε
532 3511 615 3562 καί
642 3512 902 3574 ζητήσεως
944 3511 1030 3565 τόν
1068 3509 1336 3583 Νεστόριον
1379 3515 1772 3587 κατακρινάσης.

194 3599 279 3652 Καὶ
300 3598 368 3653 τά
395 3595 593 3653 δώδεκα
618 3599 865 3671 κίφαλαια
888 3606 983 3655 τοῦ
1021 3601 1072 3654 ἐν
1113 3600 1275 3672 ἁγίοις
1302 3603 1540 3674 Κυρίλλου
1580 3605 1775 3671 ἀσεϐῆ,

193 3691 272 3743 καί
297 3689 502 3745 ἐναντία
527 3698 590 3763 τῇ
631 3691 750 3767 ὀρθῇ
790 3693 966 3746 πίστει
994 3692 1244 3746 ἀποκαλεῖ
1286 3695 1315 3749 ἡ
1350 3694 1476 3751 αὐτὴ
1516 3695 1773 3755 ἐπιστολή.

200 3777 398 3837 Εκδικεῑ
416 3780 473 3836 δέ
502 3779 782 3855 Θεόδωρον,
811 3784 897 3836 καί
922 3783 1210 3857 Νεστόριον,
1235 3784 1319 3837 καί
1344 3786 1409 3839 τά
1427 3785 1591 3843 ἀσεϐῆ
1612 3789 1775 3843 αὐτῶν

192 3865 410 3946 δόγματα
435 3877 525 3929 καί
552 3877 954 3951 συγγράμματα.
984 3880 1059 3932 Τὰ
1082 3880 1425 3952 προειρημένα
1470 3880 1635 3934 τοίνυν
1657 3883 1776 3956 τρία

192 3962 345 4024 intrii
370 3966 620 4039 κεφάλαια
637 3968 1085 4039 ἀναθεματίξομεν,
1113 3972 1199 4023 καί
1226 3974 1775 4043 κατακρίνομεν,τουτ-

195 4053 296 4108 ἔστι
337 4058 424 4111 τόν
468 4058 633 4117 ἀσεϐῆ
667 4057 925 4134 Θεόδωρον
964 4060 1048 4115 τὸν
1080 4059 1428 4131 Μοτίουεστίας
1454 4101 1469 4123 ,
1506 4062 1636 4133 μετὰ
1673 4069 1775 4118 τῶν

194 4143 387 4203 ἀσεϐῶν
417 4149 582 4204 αὐτοῦ
611 4150 1050 4225 συγγραμμάτων,
1084 4154 1171 4206 καί
1190 4150 1324 4227 ἅπερ
1353 4153 1553 4215 ἀσεϐῶς
1581 4153 1776 4210 Θεοδώ-

199 4252 329 4307 ριτος
354 4239 734 4313 συνεγράψατο,
757 4244 844 4295 καί
861 4247 950 4302 τήν
974 4243 1239 4302 ἐπιστολὴν
1261 4248 1353 4303 τήν
1370 4245 1629 4318 λεγομένην
1649 4246 1776 4320 παρ’

194 4319 302 4381 Ἰθα
324 4330 623 4405 γεγρὰγθαι,
706 4353 803 4387 τινι
830 4333 884 4387 αί
911 4335 1162 4408 εἰρημέναι
1186 4335 1421 4411 ἀνωτέρω
1441 4336 1663 4409 ἀθέμιτοι
1685 4319 1778 4392 πε-

196 4416 450 4488 ριίχονται
498 4420 840 4494 βλασφημίαι·
883 4426 967 4479 καί
1017 4425 1106 4480 τόν
1154 4422 1208 4479 όν
1257 4447 1371 4481 τινα
1403 4423 1466 4485 δή
1505 4447 1660 4494 ποτε,
1706 4428 1775 4482 τά

198 4512 533 4585 προειρημένα
576 4515 628 4567 ἐν
672 4512 950 4584 οίῳδήποτε
998 4514 1173 4591 χρόνῳ
1214 4518 1523 4573 πιστεύοντα
1572 4518 1776 4590 ὀφείλειν

197 4592 453 4669 δεχθῆναι,
484 4600 515 4661 ἦ
546 4600 914 4671 ἔκδικασθῆναι,
941 4603 972 4663 ἦ
997 4606 1356 4681 ἐπιχειροῦντὰ
1377 4625 1500 4661 ποτε
1526 4611 1615 4665 την
1639 4626 1776 4678 παρ-

200 4692 346 4744 οῦσαν
383 4693 683 4769 κατάκρισιν
730 4695 1028 4772 ἀνατρέψαι,
1057 4705 1131 4769 τῷ
1161 4696 1312 4769 ὁμοίῳ
1339 4698 1612 4768 ἀναθέματι
1654 4699 1776 4754 ὑπο-

204 4775 449 4850 εάλλομεν.
494 4786 623 4845 Τοὺς
663 4783 750 4851 δὲ,
777 4782 892 4841 ὅσοι
935 4787 1268 4858 φυλάττοντες
1306 4792 1397 4846 τὴν
1433 4788 1577 4863 ὀρθήν
1604 4792 1777 4845 πίστιν

203 4868 297 4925 ἀπὸ
320 4881 416 4929 τῶν
437 4880 815 4955 προειρημένων
842 4878 1065 4935 συνόδων
1092 4881 1459 4954 κηρυχθεῖσαν,
1489 4884 1555 4936 τὰ
1576 4903 1769 4953 μνημο-

199 4965 414 5021 νιυθέντα
438 4971 565 5039 τρία
590 4970 831 5042 κεφάλαια
853 4972 1160 5039 κατέκριναν,
1185 4970 1335 5043 ἤγουν
1365 4976 1769 5046 κατακρίνουσιν,

203 5048 423 5125 ἀδελφοὺς
475 5060 560 5112 καί
599 5068 854 5133 συνιερεῐς
883 5061 1168 5134 όριζόμεθοι.
1196 5061 1378 5119 .’Δτινα
1416 5062 1477 5122 δή
1520 5084 1641 5119 ποτε
1674 5063 1773 5121 εἴτε

203 5142 318 5217 παρ’
342 5148 486 5217 ἐμοῦ,
518 5147 617 5205 εἴτε
644 5152 767 5225 παρ’
796 5149 956 5205 ἄλλων
985 5154 1114 5229 πρὸς
1142 5152 1386 5212 ἐκδίκησιν
1410 5161 1510 5210 τῶν
1534 5174 1777 5228 προειρηο

206 5235 353 5295 μένων
386 5247 539 5316 τριῶν
577 5242 854 5311 κεφαλαίων
897 5246 1191 5317 γεγένηται,
1235 5252 1299 5317 τῇ
1340 5243 1651 5299 διατυπώσει
1684 5253 1775 5301 τοῦ

205 5327 443 5397 παρόντος
470 5331 610 5400 ἡμῶν
634 5332 933 5405 γράμματος
974 5340 1341 5409 καταργοῦμεν.
1372 5336 1542 5395 Πάσας
1563 5336 1661 5409 γὰρ
1682 5338 1777 5396 τὰς

206 5412 527 5495 ἶμφεροιιένας
553 5423 787 5499 ἀνωτέρω
809 5424 1153 5495 βλασφημίας,
1170 5427 1378 5481 ἀπέστω
1404 5434 1497 5485 τῆς
1520 5426 1779 5490 καθυλινῆς

209 5504 567 5577 εκκληαιζαςᾶνα
585 5534 665 5576 τις
690 5512 819 5569 εἴποι
844 5511 921 5570 ὅτι
942 5515 995 5569 αί
1013 5516 1370 5592 προειρημέναι
1388 5516 1780 5589 τίσσαρεςσύν·

207 5591 322 5654 eam.
348 5598 377 5658 ἢ
404 5605 493 5673 μία
529 5604 579 5669 ἐξ
607 5606 775 5677 αὐτῶν
800 5603 1018 5673 ἐδέξατο,
1048 5591 1078 5665 ἦ
1108 5607 1228 5667 τοὺς
1272 5603 1418 5678 ὅμοια
1441 5612 1742 5679 φρονοῦντας
1759 5646 1775 5676 ο

274 5779 289 5796 ’
318 5777 619 5853 Mardum
650 5789 859 5846 videtur
890 5800 959 5866 τῷ
984 5797 1160 5864 Θυμᾷ.
1186 5789 1339 5847 Eutr.

1880 3239 2226 3308 inquisitione
2249 3240 2554 3297 Nestorium
2578 3243 2911 3300 damnaverit
2936 3264 2951 3313 ;
2976 3254 3091 3301 tum
3113 3247 3288 3316 capita
3311 3247 3449 3301 duo-

1879 3328 2052 3383 decim
2080 3328 2137 3383 S.
2169 3330 2351 3401 Cyrdli
2382 3332 2542 3402 impia
2561 3374 2576 3399 ,
2626 3342 2682 3388 et
2717 3343 2877 3389 recta:
2905 3336 3027 3391 lidei
3056 3338 3323 3392 contraria
3351 3352 3452 3407 ap-

1875 3420 2041 3490 pellat
2066 3421 2251 3475 cadem
2281 3422 2540 3492 epistola;
2569 3424 2806 3480 defendit
2828 3435 3010 3481 autem
3033 3426 3375 3483 Theodorum
3396 3437 3452 3484 et

1877 3510 2201 3579 Nestorium,
2245 3520 2301 3568 et
2346 3515 2506 3585 impia
2534 3531 2723 3570 eorum
2752 3516 3004 3586 dogmata
3032 3526 3195 3587 atque
3222 3519 3445 3588 scripta.

1878 3603 2136 3660 Prmdicta
2166 3606 2348 3675 itaque
2370 3608 2469 3661 tria
2490 3607 2652 3677 impia
2677 3610 2910 3679 capitula
2936 3612 3453 3668 anathematizamus

1878 3703 1933 3753 et
1971 3698 2425 3765 condemnamus,
2476 3700 2683 3755 scilicet
2712 3700 2934 3771 impium
2963 3700 3305 3757 Theodorum
3335 3701 3452 3756 Mov-

1878 3791 2148 3860 psuestiaa,
2173 3806 2276 3845 una
2292 3806 2412 3845 cum
2442 3792 2617 3862 impiis
2638 3792 2754 3861 ejus
2776 3795 3009 3864 scriptis.
3035 3793 3103 3849 Et
3122 3810 3454 3864 quaecunque

1879 3880 2042 3951 impie
2069 3879 2440 3937 Theodoretus
2467 3883 2682 3951 scripsit
2701 3925 2719 3951 ,
2779 3892 2942 3954 atque
2980 3886 3141 3940 etiam
3172 3885 3454 3955 epistolam

1878 3986 1998 4042 qua:
2024 3972 2219 4027 dicitur
2245 3972 2313 4027 ab
2340 3972 2430 4027 Iba
2460 3974 2658 4045 scripta
2682 3974 2844 4030 fuisse
2869 3993 2883 4028 :
2906 3990 3013 4044 qua
3033 3975 3280 4045 superius
3299 3974 3455 4029 dieue

1878 4062 2117 4135 profanae
2143 4063 2488 4134 blasphemiae
2526 4065 3072 4134 comprehenduntur.
3118 4066 3259 4131 Quin
3307 4066 3453 4119 enim

1878 4168 2274 4225 quemcunque,
2303 4154 2393 4224 qui
2424 4154 2745 4218 crediderit,
2778 4155 2959 4222 aliquo
2982 4155 3091 4208 ullo
3122 4163 3362 4223 tempore
3389 4168 3455 4211 ca

1880 4245 2115 4316 capitula
2136 4245 2333 4300 debere
2349 4245 2568 4313 suscipi,
2582 4253 2674 4298 aut
2696 4243 2933 4313 defendi,
2948 4245 3035 4299 vel
3056 4253 3281 4300 conatus
3294 4244 3455 4300 fuerit

1880 4336 2022 4390 hanc
2049 4343 2365 4406 prmsentem
2393 4334 2894 4389 condemnationem
2934 4336 3267 4403 subvertere,
3293 4336 3454 4392 simili

1881 4426 2209 4482 anathemati
2235 4425 2563 4493 subjicinms.
2583 4425 2944 4496 Quoscunque
2968 4444 3117 4495 vero,
3139 4429 3231 4498 qui
3253 4438 3454 4485 rectam

1807 4549 1858 4609 Β
1883 4516 2041 4572 ﬁdem
2062 4524 2338 4571 servantes
2360 4531 2390 4570 a
2416 4515 2573 4571 dictis
2600 4516 2819 4588 synodis
2842 4516 3210 4589 pracdicatam,
3243 4535 3452 4576 memo-

1882 4616 1997 4662 rata
2025 4606 2126 4661 tria
2159 4605 2395 4676 capitula
2441 4608 2967 4674 condemnaverunt,
3008 4609 3094 4664 vel
3135 4610 3296 4663 etiam
3321 4626 3452 4666 con-

1882 4699 2171 4764 demnant,
2214 4696 2409 4754 fratres
2447 4707 2504 4753 ct
2545 4699 2960 4755 consacerdotes
2994 4716 3113 4756 esse
3151 4699 3451 4756 deﬁnimus.

1881 4788 2010 4856 Quae
2035 4803 2165 4843 vero
2190 4798 2284 4843 aut
2323 4805 2352 4843 a
2392 4803 2479 4843 me
2503 4827 2520 4854 ,
2571 4797 2665 4844 aut
2705 4789 2773 4844 ab
2818 4790 2936 4844 aliis
2973 4790 3042 4844 ad
3084 4789 3455 4845 defensionem

1878 4881 2255 4951 praedictorum
2287 4881 2446 4936 trium
2479 4881 2837 4951 capitulorum
2860 4882 2999 4938 facta
3028 4892 3153 4937 sunt
3180 4884 3455 4953 praesentis

1880 4972 2036 5040 hujus
2083 4970 2269 5039 scripti
2323 4971 2494 5025 nostri
2541 4971 2856 5028 deﬁnitione
2903 4988 3245 5030 evacuamus.
3303 4974 3455 5029 Absit

1879 5065 2023 5120 enim
2053 5065 2119 5119 ab
2146 5063 2382 5119 Ecclesia
2424 5066 2721 5132 catholica,
2760 5077 2820 5122 ut
2858 5068 3054 5136 aliquis
3093 5070 3238 5126 dicat
3264 5084 3452 5125 omnes

1880 5157 2126 5227 superius
2145 5156 2559 5225 comprehensas
2582 5158 2957 5227 hlasphemias,
2982 5176 3012 5215 a
3033 5161 3300 5230 prmdictis
3322 5175 3455 5229 qua-

1881 5258 2004 5304 tuor
2027 5248 2245 5320 synodis
2263 5288 2278 5315 ,
2305 5256 2397 5303 aut
2425 5249 2491 5303 ab
2518 5265 2622 5305 una
2668 5249 2904 5321 ipsarum
2947 5262 3225 5323 susceptas
3264 5250 3453 5322 fuisse,

1878 5337 1963 5394 vel
1992 5353 2087 5394 eos
2123 5338 2215 5409 qui
2255 5339 2449 5393 similia
2474 5341 2714 5395 sentiunt
2736 5349 2792 5397 et
2819 5351 3137 5412 sequuntur.
3160 5342 3453 5413 Apertissi-

1879 5445 2025 5484 mum
2053 5437 2231 5485 autem
2260 5437 2343 5485 est
2369 5431 2514 5501 quod
2549 5448 2579 5486 a
2619 5436 2932 5491 memoratis
2957 5436 3155 5491 sanctis
3185 5435 3452 5501 Patribus,

1877 5530 1933 5577 et
1961 5521 2193 5577 maxime
2220 5536 2251 5576 a
2271 5531 2454 5577 sancta
2476 5524 2682 5595 synodo
2709 5525 3154 5594 Chalcedonensi,
3179 5526 3356 5581 nullus
3384 5526 3452 5582 de

1880 5626 1987 5682 quo
2011 5612 2191 5682 aliqua
2213 5619 2355 5670 esset
2380 5612 2616 5684 suspicio
2642 5613 2909 5671 admissus
2937 5622 3039 5683 est,
3072 5615 3175 5674 nisi
3194 5616 3287 5690 qui
3311 5614 3447 5687 rejo-
