4042 6478
529 384 631 440 H3

1712 380 1937 438 VlGlLll
1976 382 2079 439 PP.
2122 381 2603 439 CONSTITUTUH

3684 384 3821 439 ἰα

529 504 758 555 testatur
802 493 1083 547 Liberatus
1121 491 1204 546 liis
1246 491 1427 547 verbis
1457 491 1733 563 (Breviarii
1764 510 1808 545 c.
1842 491 1933 563 25)
1968 511 1980 546 :
2012 493 2110 546 Ju-
2141 499 2191 558 Α
2213 495 2357 547 enim
2399 508 2588 548 revera
2635 492 2868 563 edictum
2915 492 3201 549 Justiniani
3245 495 3581 562 obsignatum
3610 496 3826 551 luisset

533 567 674 621 bente
694 584 753 622 eo
781 563 1134 633 (Justiniano,
1162 563 1251 632 qui
1282 563 1497 633 mollius
1528 562 1793 630 loquitur;
1826 562 1933 616 non
1964 564 2108 618 enim

531 646 746 703 usurpat
781 632 1000 704 jubendi
1020 706 1025 707 γ
1046 633 1290 707 verbum,
1322 633 1417 687 sed
1448 632 1690 707 hortandi
1720 639 2105 707 πρᾳτρήπομενς

529 708 715 773 inquit)
744 703 883 757 dicta
907 714 983 757 est
1011 706 1065 757 in
1096 704 1394 774 Urigenem,
1416 713 1467 774 et
1496 703 1587 755 illa
1616 703 1862 771 capitula,
1893 706 2108 774 anathe-

528 772 679 829 matis
709 776 995 839 damnatio,
1028 792 1181 840 quam
1196 772 1578 827 'subscribentes
1616 789 1720 824 una
1763 790 1877 826 cum
1916 772 2110 827 Menna

527 845 1077 927 anrchiepiscopo’apud
1105 843 1607 927 anstantinopolim
1655 844 1863 927 reperti.
1894 842 2111 927 lDeinde

527 912 851 985 directaest'
892 914 1080 985 Vigilio
1132 913 1367 968 Romano
1405 914 1662 985 episcopo,
1696 912 1845 985 lo‘ilo
1876 914 2107 985 Aleaan-

527 986 699 1068 drino,
731 981 1044 1068 gap/tremio
1074 981 1503 1068 Annae/veno,“
1537 983 1691 1068 Petro
1723 981 2112 1068 ‘lIierlosolgmi-

530 1066 672 1112 tano.
726 1052 919 1119 Quibus
970 1072 1085 1108 eam
1128 1054 1497 1124 accipientibus
1550 1061 1600 1105 et
1655 1052 2108 1119 subscribentibus,

531 1124 780 1198 Origenes
810 1126 1084 1178 damnatus
1114 1134 1188 1178 est
1208 1134 1461 1187 mortuus,
1487 1125 1570 1194 qui
1597 1124 1763 1177 vivens
1793 1125 1916 1176 olim
1942 1125 2113 1245 {uerat

531 1206 653 1245 ante
694 1197 990 1245 damnatus.
1033 1195 1147 1245 Non
1178 1195 1327 1245 solus
1351 1210 1480 1245 vero
1511 1193 1791 1245 Liberatus
1820 1193 1934 1245 Vini
1963 1194 1995 1245 ii
2018 1208 2113 1245 au-

527 1193 653 1251 ante
694 1197 990 1250 damnatus.
1033 1195 1147 1249 Non
1178 1195 1327 1249 solus
1351 1210 1480 1249 vero
1500 1193 1791 1247 Liberatus
1820 1193 1995 1261 Vigilii
2018 1208 2114 1246 au-

528 1267 835 1323 ctoritatem
888 1267 938 1319 in
990 1264 1297 1319 damnando
1328 1275 1452 1317 tunc
1482 1263 1712 1329 Origene
1746 1263 2114 1317 intercessisse

570 1338 741 1399 robat,
785 1337 875 1391 sed
923 1336 1084 1389 etiam
1131 1333 1483 1404 Cassiodorus
1530 1333 1735 1404 (Instit.
1786 1333 1940 1404 divin.
1992 1334 2108 1386 lect.

553 1448 565 1460 .
601 1422 635 1469 t,
667 1424 713 1460 c.
747 1408 797 1474 l)
836 1425 848 1458 :
884 1404 1037 1458 Hunc
1066 1405 1236 1473 inquit
1263 1403 1613 1472 (Origenem),
1644 1404 1759 1456 licet
1793 1413 1865 1457 tot
1895 1403 2115 1474 Patrum

526 1472 791 1548 impugnet
832 1472 1153 1539 auctoritas;
1179 1476 1422 1548 prtesenti
1454 1486 1623 1527 tamen
1644 1484 1869 1548 tempore
1890 1482 1938 1525 et
1960 1490 1989 1525 a
2024 1472 2116 1526 Vi-

568 1542 655 1602 itio
674 1542 987 1601 'beatissimo
1013 1542 1364 1615 ,papa'denuo
1401 1553 1605 1597 constat
1640 1559 1752 1596 esse
1789 1542 2110 1615 damnatum.

578 1618 939 1671 amnationem
963 1612 1143 1669 autein
1168 1614 1387 1683 Vigilins
1409 1616 1743 1677 decreverat,
1769 1612 2117 1667 adnotatione

530 1703 629 1741 sna
677 1687 743 1741 ad
792 1688 1026 1742 edictum
1073 1684 1330 1754 principis
1366 1684 1784 1754 subscripta,_ut
1811 1683 2118 1754 observavit

532 1756 828 1811 Liberatus.
852 1756 934 1823 Qn
954 1772 1029 1810 ire
1056 1751 1334 1823 eleganter
1360 1751 1665 1808 observavit
1684 1751 2113 1824 Evagrius_(Lib.

531 1843 604 1890 ιν,
632 1844 677 1880 c.
707 1827 821 1897 57),
850 1822 1203 1897 .lnstinianuin
1250 1825 1310 1877 iis
1340 1825 1543 1897 litteris
1576 1838 1711 1897 quas
1754 1828 1818 1876 ad
1853 1822 2115 1897 quintam

529 1871 975 1968 sy’nodunifmisit
1020 1911 1117 1965 pro
1155 1894 1470 1968 damnando
1508 1871 1759 1968 Origene,
1802 1871 2112 1968 adiunxisse
2150 1871 2193 1931 Β

528 1962 739 2039 quaead
778 1962 1034 2039 Vigitiuni
1047 1982 1106 2039 ea
1130 1965 1193 2020 de
1214 1982 1268 2018 re
1294 1966 1653 2039 n_tis_s_a_e_rant,
1686 1962 1740 2039 id
1768 1970 1847 2015 est
1877 1964 2111 2039 edictum

528 2034 673 2106 Quod
704 2034 965 2091 τηνιξῦὃὸ
994 2038 1241 2106 princeps
1271 2035 1337 2088 ad
1368 2034 1611 2106 Vigilium
1628 2034 1874 2106 miserat,
1898 2034 2111 2106 cuique,

513 2099 589 2161 .Iit
618 2106 869 2169 diximus,
901 2099 1404 2174 subscriptumierat
1428 2099 1538 2174 iam
1568 2119 1599 2155 a
1628 2102 1822 2169 Vigilio
1848 2103 1901 2156 in
1930 2099 2118 2169 Orige-

534 2192 657 2231 nem
694 2176 997 2229 anathema.
1031 2172 1206 2229 Verba
1235 2173 1449 2243 Evagrii
1489 2172 1604 2227 haec
1644 2180 1772 2227 sunt
1802 2190 1828 2243 _:
1874 2176 2116 2236 συζεῦξαι

513 2249 620 2321 omni
646 2267 718 2315 πρ
730 2252 774 2305 ἲς
800 2249 1149 2321 ΒιγέλιονᾹπερὶ
1178 2241 1369 2321 rod-rom!
1392 2244 1769 2321 ἁτξεσταῇμένα.
1802 2241 1857 2295 Ι.ι
1886 2257 2117 2321 quorum

518 2312 977 2383 interpretatione
1018 2312 1192 2384 lap'sus
1222 2321 1305 2368 est
1336 2313 1556 2367 Latinus
1593 2313 1878 2380 interpres,
1919 2312 2116 2384 qui_ea

531 2384 601 2441 de
641 2379 831 2440 litteris
858 2402 889 2440 a
924 2379 1111 2453 Vigili'o
1154 2384 1367 2452 scriptis
1415 2379 1798 2452 interpretatus
1848 2379 1952 2437 est:
2002 2379 2113 2435 Etsi

2216 564 2392 631 Vigilii
2420 562 2834 632 subscriptione,
2856 566 3017 619 verba
3044 573 3223 618 tamen
3254 565 3465 632 Evagrii
3496 566 3623 619 nihi.
3649 566 3825 621 sint.

2212 634 2534 702 signiﬁcant,
2560 648 2720 701 quam
2745 634 2977 688 edictum
3001 635 3067 688 ad
3102 635 3348 702 Vigilium
3378 636 3619 689 missum.
3642 635 3826 702 Quod

2213 705 2448 758 edictum
2493 702 2743 775 intelligit
2781 719 2996 773 quoque
3035 704 3388 767 Justiuianus,
3413 704 3633 772 quando
3664 707 3831 775 petit

2213 790 2242 845 a
2273 774 2458 841 quinta
2486 774 2712 843 synodo,
2740 782 2797 826 ut
2826 775 3173 829 anathemate
3203 779 3420 829 damnet
3439 774 3831 845 blasphemias
3890 785 3911 799 '

2212 844 2509 918 descriptas
2606 845 2987 918 ὐτςρτεταογμένῃ
3017 848 3232 918 ἐκθᾶσσεἱ
3259 847 3312 898 in
3332 844 3567 918 subiefta
3593 846 3832 918 exposi-

2214 916 2372 967 tione.
2404 912 2514 968 Nec
2543 913 2801 967 inutiliter
2825 912 2975 979 sane,
3018 930 3139 970 cum
3183 914 3391 971 Henna:
3429 912 3533 970 (ΞΡ.
3576 912 3835 983 ejusque

2211 983 2401 1055 synodi
2418 1024 2445 1055 ,ί
2463 993 2517 1038 et
2544 992 2865 1055 cmterorum
2896 985 3321 1053 patriarcharum
3350 984 3829 1055 subscriptiones,

2212 1054 2267 1108 in
2316 1054 2539 1107 totidem
2584 1054 2744 1107 edicti
2787 1054 2870 1109 sui
2910 1056 3173 1125 exemplis
3192 1056 3480 1125 repositas
3506 1055 3558 1108 in
3586 1054 3833 1125 scriniis

2214 1125 2440 1178 haberet
2478 1125 2748 1194 princeps,
2784 1140 2945 1178 unum
2976 1124 3108 1179 illud
3136 1124 3298 1181 edicti
3322 1125 3626 1194 exemplum
3655 1124 3833 1178 sele—

2213 1196 2311 1261 git,
2342 1193 2487 1263 quod
2518 1194 2585 1247 ad
2615 1193 2864 1261 Vigilium
2892 1195 3136 1261 missum,
3160 1203 3215 1249 et
3242 1196 3405 1251 ab-eo
3444 1193 3833 1263 subscriptum

2216 1261 2409 1335 fuerat.
2438 1261 2613 1335 Probe
2642 1265 2788 1335 enim
2815 1273 3043 1319 noverat
3070 1280 3250 1319 rerum
3281 1266 3333 1318 in
3364 1265 3580 1335 synodis
3606 1261 3834 1332 geren-

2213 1334 2403 1388 darum
2434 1333 2664 1403 primam
2690 1334 3079 1398 deﬁnitionem.
3112 1336 3194 1389 vel
3224 1333 3412 1389 earuni
3441 1335 3632 1388 deinde
3665 1350 3835 1388 con-

2214 1404 2544 1481 sensionem,
2590 1408 2947 1481 etapium”;
2979 1422 3009 1459 a
3041 1403 3291 1473 pontifice
3321 1405 3566 1481 Romano
3594 1419 3835 1481 exspe-

2214 1474 2349 1544 ctari
2386 1473 2605 1528 debere.
2641 1472 2835 1543 Vigilio
2862 1472 3060 1544 'itaque
3101 1484 3344 1538 auctore,
3391 1476 3517 1527 licet
3560 1476 3834 1544 abseqte,

2214 1541 2462 1612 Origenis
2488 1541 3115 1600 errores—confecti'sunt
3149 1546 3203 1599 in
3232 1546 3416 1611 quinta
3446 1543 3667 1612 synodo.
3702 1542 3838 1596 Ita-

2215 1628 2322 1683 que
2361 1628 2603 1683 summus
2641 1614 2736 1668 ille
2777 1614 3015 1682 pontifex
3050 1617 3271 1671 decreto
3299 1631 3395 1668 suo
3426 1612 3837 1683 ultimo,un

2216 1681 2545 1755 necessario
2567 1682 2636 1737 de
2682 1681 2848 1739 tribus
2890 1687 3138 1755 capitulis
3168 1686 3309 1738 ferre
3339 1685 3588 1755 debebat,
3612 1681 3834 1755 (trige-

2218 1768 2341 1809 nem
2370 1752 2685 1824 complexus
2714 1770 2821 1810 non
2847 1752 3119 1823 est;un
3146 1765 3324 1824 partes
3352 1770 3477 1809 suas
3500 1753 3627 1807 olim
3654 1752 3713 1805 in
3752 1768 3837 1807 eo

2219 1824 2525 1904 damnand?
2545 1823 2856 1904 implesset,
2891 1823 3404 1904 ejusquejuspiciis
3430 1825 3617 1904 quinta
3642 1838 3837 1904 syno:

2220 1894 2320 1949 dus
2359 1893 2426 1947 de
2466 1890 2698 1961 Origene
2745 1890 3091 1950 decrevissét.
3125 1890 3404 1950 Non—erat
3446 1890 3636 1962 itaque,
3660 1890 3837 1960 Quod

2220 1964 2398 2018 denuo
2420 1978 2641 2032 operam
2663 1979 2815 2019 suam
2839 1966 2893 2019 in
2920 1966 2973 2020 id
3002 1966 3273 2033 negotium
3294 1961 3584 2026 conferret,
3608 1961 3677 2016 de
3700 1977 3835 2033 quo

2219 2033 2569 2103 pronuntiare
2613 2049 2720 2089 non
2761 2044 2880 2090 erat
2923 2032 3173 2101 necesse;
3204 2033 3653 2103 quemadmodum
3694 2032 3836 2103 ipse

2221 2102 2487 2172 Signiﬁcat
2535 2107 2898 2160 necessarium
2932 2105 3129 2169 .l‘uisse,
3179 2102 3239 2159 ut
3284 2102 3715 2172 controversiain
3749 2102 3831 2155 de

2220 2171 2393 2228 tribus
2413 2172 2662 2241 capitulis
2682 2190 2776 2229 sua
2800 2177 3122 2231 auctoritate
3149 2172 3572 2239 deﬁniret,.lieet
3597 2171 3833 2240 episco—

2259 2258 2414 2324 ortun
2435 2242 2904 2315 Constantinopoli
2926 2246 3237 2316 degentium
3254 2242 3521 2313 sullragiis
3539 2242 3831 2311 dirempta

2245 2323 2426 2369 uisset.

532 2508 3822 2535 mw

1001 2572 1568 2799 YIGILII
1665 2630 2101 2762 PAPZE
2200 2634 3344 2769 CONSTITUTUM

889 2807 1131 2910 PRO
1205 2812 1997 2904 DAMNATIONE
2072 2817 2471 2903 TRIUM
2543 2820 3459 2921 CAPITULORUM,

1700 2948 1950 2993 norum
1990 2949 2161 2994 anno
2204 2951 2458 2998 cnnlsu
2502 2936 2645 2998 551s.

1076 3034 1489 3104 DEFINITIO
1540 3032 1758 3094 FIDE!
1808 3031 2095 3093 SANCTI
2142 3031 2842 3099 CHALCEDONENSIS
2886 3038 3257 3102 CONCIL‘II.

619 3230 797 3285 Aetius
843 3226 1240 3282 archidiaconus
1289 3219 1766 3290 ConstutinOpolis
1814 3233 1960 3271 nova:
2007 3216 2120 3271 Ro-
2144 3228 2195 3293 ο
2222 3224 2363 3293 apud
2408 3224 2672 3293 Ephesum
2712 3227 2835 3282 olim
2867 3230 3006 3297 facta
3033 3236 3111 3281 est
3148 3235 3336 3282 sancta
3360 3227 3610 3299 synodus,
3661 3226 3831 3300 cujus

529 3338 629 3377 ante
680 3323 856 3374 dixit:
906 3318 1105 3373 Sancta
1152 3325 1200 3369 et
1242 3329 1435 3383 magna
1473 3320 1521 3364 et
1568 3309 1873 3363 universalis
1897 3309 2123 3378 synodus

532 3428 647 3484 quae
666 3409 947 3465 secundum
977 3405 1073 3459 Dei
1101 3404 1324 3476 gratiam
1353 3411 1400 3456 et
1429 3400 1746 3454 sanctionem
1773 3398 2122 3464 piissimorum

529 3502 1187 3567 Christianissimorumque
1243 3498 1615 3565 imperatorum
1668 3501 1966 3547 nostrorum
2019 3491 2123 3543 l'a-

531 3594 807 3650 lentiniani
847 3602 895 3645 et
935 3588 1190 3644 Martiani
1230 3586 1578 3657 Augustorum
1624 3591 1936 3655 congregata
1985 3581 2123 3652 apud

532 3686 918 3741 Chalcedonam
946 3680 1270 3751 metropolim
1296 3676 1562 3747 Bithynia;-
1590 3676 1875 3746 provincia:
1899 3677 1954 3729 in
1981 3691 2125 3729 mar-

531 3778 665 3849 tyrio
698 3784 890 3831 sancta:
929 3783 977 3828 et
1003 3770 1304 3827 venerabilis
1332 3768 1577 3838 martyris
1606 3765 1904 3835 Euphimia:
1933 3764 2125 3835 deﬁni-

528 3866 599 3920 vit
625 3864 718 3921 sub
726 3875 799 3918 ter
827 3864 1054 3918 adnexa.

599 3953 853 4009 Dominus
892 3962 1065 4008 noster
1102 3961 1152 4005 et
1190 3949 1436 4006 Salvator
1462 3943 1694 4000 Christus
1723 3944 1967 3999 notitiam
1998 3943 2125 4013 ﬁdei

527 4045 844 4116 conﬁrmans
869 4045 1137 4114 discipulis
1166 4043 1272 4096 suis
1298 4042 1409 4093 ait:
1437 4037 1630 4091 Pacem
1659 4054 1828 4090 meam
1866 4036 1931 4090 do
1959 4036 2122 4105 vobis,

526 4154 707 4208 pacem
746 4152 913 4191 meam
941 4136 1175 4205 relinquo
1203 4132 1384 4195 vobis;
1433 4147 1496 4183 ne
1534 4129 1669 4183 ullus
1697 4147 1729 4182 a
1771 4130 2006 4200 proximo
2030 4144 2124 4183 suo

502 4258 507 4269 π
526 4229 755 4285 dissona
790 4229 855 4283 in
886 4228 1125 4282 doctrina
1153 4225 1391 4296 pietatis,
1444 4221 1535 4275 sed
1566 4221 1833 4291 wqualiter
1860 4221 2122 4289 pradica-

528 4323 723 4375 tionem
750 4319 979 4373 veritatis
1006 4316 1278 4373 ostendat.
1322 4313 1430 4368 Sed
1476 4314 1721 4383 quoniam
1770 4329 1873 4366 non
1913 4311 2126 4383 quiescit

527 4414 870 4483 nequissimus
898 4428 989 4481 per
1016 4427 1112 4465 sua
1139 4409 1345 4463 zizania
1374 4409 1650 4479 insurgens
1693 4406 1976 4461 sationibus
2008 4408 2123 4478 pie-

533 4504 655 4557 tatis
684 4503 1006 4571 inspergere,
1039 4508 1088 4554 et
1116 4501 1232 4554 novi
1262 4498 1459 4569 aliquid
1486 4506 1671 4551 contra
1700 4497 1961 4550 veritatem
1986 4512 2125 4549 sem-

2225 3317 2472 3385 prazsides
2495 3320 2699 3387 fuerunt
2730 3328 2927 3372 sancta:
2945 3322 3207 3373 memoria:
3223 3318 3526 3372 Caelestinus
3557 3317 3832 3371 Romane

2224 3405 2367 3460 urbis
2396 3408 2611 3461 antistes
2639 3417 2689 3461 et
2719 3408 2942 3478 Cyrillus
2972 3408 3341 3462 Alexandrinw
3370 3408 3635 3472 Ecclesiae,
3667 3424 3829 3477 pra!-

2227 3498 2424 3569 {ulgere
2470 3499 2674 3569 quidem
2703 3508 2858 3553 recta:
2904 3510 2953 3553 et
2992 3501 3337 3554 immaculata:
3373 3500 3497 3569 ﬁdei
3526 3502 3829 3569 expositio—

2227 3605 2343 3643 nem
2370 3597 2713 3644 trecentorum
2741 3591 2916 3645 decem
2942 3602 2992 3645 et
3020 3603 3132 3645 octo
3164 3601 3461 3646 sanctorum
3501 3602 3551 3645 et
3575 3592 3818 3645 beatissi-

2226 3697 2427 3735 morum
2454 3680 2675 3736 Patrum
2717 3684 2856 3753 apud
2886 3682 3124 3737 Nicaeam
3171 3684 3261 3737 sub
3308 3686 3409 3755 pice
3439 3684 3831 3738 recordationis

2227 3773 2566 3829 Constantino
2616 3776 2850 3846 principe
2883 3789 3328 3849 congregatarum,
3381 3780 3608 3832 obtinere
3639 3788 3829 3832 autem

2225 3868 2383 3922 etiam
2420 3877 2623 3923 centum
2655 3870 3029 3941 quinquaginta
3071 3884 3366 3926 sanctorum
3406 3871 3624 3925 Patrum
3670 3876 3832 3941 apud

2226 3956 2731 4030 Constantinopolim
2779 3960 2996 4031 deﬁnita
3037 3962 3106 4014 ad
3131 3963 3574 4031 interemptionem
3604 3963 3830 4031 quidem

2226 4059 2345 4103 tunc
2374 4060 2673 4105 exortamm
2721 4052 3001 4115 hccreseon,
3052 4054 3498 4124 conﬁrmationem
3526 4071 3643 4109 vero
3672 4055 3829 4124 ejus-

2227 4140 2337 4195 dem
2365 4141 2636 4196 catholicae
2665 4150 2859 4197 nostra:
2886 4143 3031 4213 ﬁdei.

2288 4299 2609 4372 Symbolum
2660 4301 2802 4373 apud
2848 4301 3079 4427 Nitiman
3138 4310 3502 4357 trcccntormn
3546 4301 3742 4355 decem

2892 4388 2924 4427 e
2987 4387 3054 4427 oc
3079 4387 3134 4427 ο.

2892 4387 2947 4427 el
2987 4387 3134 4427 οοιο.

2294 4483 2563 4538 Credimus
2589 4485 2643 4538 in
2672 4500 2832 4539 unum
2860 4484 3026 4539 Deum
3052 4484 3260 4538 Patrem
3282 4484 3699 4553 omnipotentem,
3734 4488 3831 4555 fa-

525 4611 621 4665 per
636 4594 921 4656 inveniens,
938 4591 1000 4645 ob
1023 4591 1116 4644 hoc
1126 4599 1373 4644 consuete
1388 4588 1639 4642 Dominus
1662 4596 1835 4641 noster
1848 4586 2121 4657 providens
2150 4620 2198 4681 υ
2224 4586 2417 4632 ctorem
2435 4578 2549 4631 caeli
2570 4586 2619 4631 et
2644 4586 2815 4644 terrm,
2839 4578 3114 4631 visibilium
3135 4579 3365 4632 omnium
3385 4585 3435 4629 et
3458 4572 3827 4641 invisibilinm,

502 4685 752 4739 thumano
797 4683 990 4756 generi,
1030 4683 1172 4752 pium
1203 4682 1336 4735 hunc
1363 4689 1410 4733 et
1444 4680 1807 4749 ﬁdelissimum
1833 4680 2119 4748 principem

502 4808 505 4813 α
528 4776 599 4829 ad
627 4774 791 4828 zelum
821 4773 947 4843 ﬁdei
977 4772 1261 4835 suscitavit,
1293 4779 1343 4822 et
1370 4768 1596 4839 undique
1623 4767 1899 4820 sacerdo'ii
1922 4768 2120 4836 princi-

509 4884 620 4939 pes
646 4867 716 4921 ad
744 4883 799 4921 se
826 4866 1138 4927 convocavit,
1170 4872 1418 4934 quatenus
1442 4864 1619 4933 gratia
1648 4859 1861 4913 Domini
1889 4861 2117 4913 omnium

526 4966 785 5021 nostrum,
837 4955 1042 5010 Christo
1071 4965 1336 5023 operante,
1382 4952 1446 5005 ab
1493 4950 1665 5005 ovibus
1698 4949 1887 5003 Christi
1917 4965 2116 5002 omnem

525 5058 718 5121 pestem
745 5047 950 5117 quidem
976 5045 1231 5100 mendacii
1261 5043 1589 5107 submoveret,
1613 5038 1924 5111 germinibus
1946 5048 2115 5092 autem

524 5141 757 5197 veritatis
802 5141 1015 5210 pingues
1061 5136 1297 5206 eﬂiceret.
1366 5132 1514 5197 Quod
1559 5132 1761 5202 quidem
1789 5141 1838 5184 et
1878 5131 2111 5201 fecimus,

525 5235 785 5291 communi
809 5234 1013 5286 decreto
1040 5231 1284 5299 dogmata
1310 5229 1547 5298 {rigantes
1586 5225 1810 5287 erroris,
1857 5225 2112 5293 integram

526 5325 746 5381 Patrum
775 5330 1076 5378 reuovantes
1105 5319 1261 5391 ﬁdem
1283 5360 1300 5384 ,
1349 5326 1690 5371 trecentorum
1718 5316 1891 5368 decem
1921 5322 1969 5366 et
1997 5323 2111 5366 octo

525 5415 811 5486 symbolum
836 5413 889 5467 in
919 5409 1155 5467 omnibus
1182 5408 1547 5481 prcedicantes,
1577 5416 1627 5459 et
1664 5416 1909 5475 tanquam
1937 5402 2112 5456 dome-

526 5510 702 5568 sticos,
743 5507 828 5579 qui
882 5504 1087 5572 pietatis
1132 5502 1284 5572 hujus
1331 5499 1749 5568 compositionem
1790 5502 2107 5563 receperunt,

526 5593 715 5651 Patres
736 5590 1049 5646 «scribentes
1068 5592 1152 5663 qui
1179 5601 1355 5661 postea
1382 5588 1521 5658 apud
1549 5601 1790 5655 magnam
1812 5581 2109 5635 Constanti-

528 5684 758 5753 nopolim
783 5696 1121 5742 convenerunt
1149 5692 1348 5735 centum
1376 5677 1769 5749 quinquaginta,
1819 5673 1904 5741 qui
1932 5681 1978 5724 et
2009 5674 2106 5741 ipsi

528 5778 760 5833 eamdem
788 5775 941 5844 ﬁdem
962 5772 1410 5843 subsignaverunt.
1450 5769 1741 5837 Deﬁnimus
1770 5765 1927 5835 igitur
1968 5766 2106 5818 ordi-

522 5888 639 5927 nem
667 5884 714 5929 et
743 5888 918 5933 omnes
962 5872 1156 5945 formas
1200 5867 1321 5937 ﬁdei
1350 5868 1724 5920 conservantes,
1771 5872 1866 5910 nos
1892 5873 2101 5928 qtta‘qne

2220 4679 2271 4723 et
2313 4670 2369 4722 in
2420 4685 2581 4722 unum
2630 4667 2912 4722 Dominum
2955 4667 3131 4720 Iesum
3175 4666 3435 4720 Christum
3485 4664 3683 4718 Filium
3714 4666 3829 4721 Dei

2218 4761 2555 4831 unigenitum,
2585 4760 2673 4837 qui
2697 4769 2849 4811 natus
2870 4768 2945 4811 est
2972 4774 3037 4811 ex
3067 4757 3223 4810 Patre
3251 4766 3371 4810 ante
3398 4757 3570 4810 omnia
3596 4758 3828 4823 secula,

2220 4850 2387 4905 Deum
2414 4868 2583 4904 verum
2606 4851 2670 4905 de
2692 4850 2801 4905 Deo
2827 4868 2964 4915 vero,
2988 4860 3191 4917 natum,
3223 4867 3326 4903 non
3356 4851 3571 4920 factum,
3593 4848 3829 4901 consub-

2219 4945 2517 4997 stantialem
2548 4942 2721 5007 Patri,
2753 4959 2843 5011 per
2871 4958 3016 5012 quem
3045 4942 3221 4995 omnia
3248 4942 3388 5011 facta
3410 4949 3545 5003 sunt,
3570 4940 3663 5009 qui
3690 4956 3831 5007 pro-

2224 5045 2335 5103 pter
2362 5050 2456 5087 nos
2486 5034 2718 5087 homines
2747 5042 2796 5085 et
2840 5040 3048 5102 prOpter
3088 5031 3306 5084 salutem
3335 5039 3565 5083 nostram
3592 5028 3822 5083 descen-

2222 5126 2319 5189 dit,
2368 5136 2417 5179 et
2444 5128 2745 5179 incarnatus
2768 5134 2845 5179 est
2884 5134 3036 5193 atque
3075 5124 3389 5176 humanatus
3416 5131 3493 5176 est
3539 5132 3589 5174 et
3624 5138 3825 5191 passus

2220 5226 2316 5283 est,
2350 5227 2399 5271 et
2427 5218 2710 5271 resurrexit
2737 5217 2889 5269 tertia
2918 5216 3032 5280 die,
3066 5225 3114 5269 et
3142 5216 3375 5268 ascendit
3399 5216 3456 5267 in
3475 5216 3657 5275 certos,
3689 5230 3825 5266 veno

2218 5318 2361 5360 turus
2393 5307 2635 5378 judicare
2656 5307 2790 5360 viros
2823 5314 2873 5358 et
2912 5314 3181 5368 mortuos;
3226 5314 3274 5357 et
3312 5305 3367 5357 in
3397 5304 3652 5372 Spiritum
3678 5318 3819 5356 tan-

2214 5408 2369 5454 ctum.
2410 5396 2517 5453 Eos
2560 5407 2730 5450 autem
2757 5397 2843 5467 qui
2872 5395 3050 5449 dicunt
3076 5411 3094 5449 :
3122 5392 3259 5448 Erat
3286 5393 3569 5466 aliquando
3596 5393 3817 5463 quando

2214 5504 2317 5542 non
2345 5497 2478 5553 erat,
2507 5497 2557 5541 et
2583 5488 2883 5556 priusquam
2932 5494 3231 5538 nasceretur
3275 5502 3379 5537 non
3421 5494 3555 5547 erat,
3606 5492 3657 5536 et
3682 5484 3816 5551 quia

2152 5592 2165 5603 '
2211 5593 2278 5630 ea:
2306 5593 2407 5631 non
2435 5574 2759 5629 exstantibus
2788 5577 2957 5645 {actus
2983 5584 3077 5640 est,
3114 5583 3205 5627 aut
3228 5586 3292 5629 ea:
3319 5577 3427 5628 alia
3467 5575 3813 5628 subsistentia

2211 5669 2288 5721 vel
2307 5666 2615 5729 substantia,
2644 5666 2871 5719 dicentes
2898 5683 3010 5719 esse
3044 5676 3133 5720 aut
3158 5666 3537 5720 convertibilem
3565 5673 3653 5718 aut
3682 5681 3809 5717 mu-

2210 5756 2415 5810 tabilem
2464 5754 2661 5810 Filium
2702 5754 2835 5822 Dei,
2880 5756 2973 5812 hos
2998 5756 3407 5811 anathematth
3451 5755 3705 5812 catholica
3754 5764 3814 5809 et

2206 5852 2491 5920 apostolica
2528 5850 2776 5905 Ecclesia.
