4042 6466
216 414 314 470 ηε

1106 401 1243 457 PRO
1282 394 1723 455 DAMNATIO'NE
1759 392 1977 449 TRIUM
2015 390 2527 447 CAPITULORUM.

3367 394 3469 449 Hii

219 534 339 588 Item
364 537 519 585 etiam
546 535 762 583 centum
790 524 1174 596 quinquaginta
1216 530 1522 596 sanctorum
1555 517 1774 571 Patrum
1805 518 1850 571 Α
1881 526 2086 563 munem
2140 508 2417 579 quamdam
2475 507 2771 562 columnam
2818 507 2965 563 nobis
3012 505 3259 565 adversus
3307 527 3469 579 prava

415 600 504 668 qui
533 594 1056 667 Constanti'nOpolim
1085 594 1393 663 congregati
1415 602 1559 646 sunt.

173 723 188 771 ᾗ
238 737 243 742 “
280 708 537 763 Credimus
583 710 638 760 in
685 725 840 761 unum
890 706 1055 760 Deum
1100 704 1313 759 Patrem
1360 702 1778 772 omnipotentem,

217 803 451 871 factorem
479 800 591 854 coeli
618 809 669 853 et
698 809 867 863 terror,
912 797 1188 852 visibilium
1218 797 1445 850 omnium
1471 801 1519 846 et
1548 790 1781 845 invisibi-

218 891 365 956 lium,
412 899 460 945 et
504 891 560 944 in
601 906 758 944 unum
790 889 1068 943 Dominum
1094 887 1274 941 Iesum
1297 884 1555 938 Christum
1585 880 1783 934 Filium

219 980 306 1034 Dei
344 981 678 1051 unigenitum,
720 988 898 1034 natum
920 996 986 1033 ex
1011 978 1170 1031 Patre
1210 984 1329 1029 ante
1354 975 1528 1028 omnia
1568 970 1782 1037 saeculo,

217 1070 369 1124 Deum
406 1087 576 1124 verum
606 1071 669 1125 de
701 1070 811 1125 Deo
840 1087 989 1133 vero,
1032 1078 1227 1132 natum,
1275 1083 1380 1120 non
1424 1067 1638 1137 factum,
1669 1078 1788 1117 con-

215 1160 591 1216 substantialem
637 1160 826 1225 Patri,
851 1177 941 1231 per
960 1176 1107 1230 quem
1128 1158 1305 1212 omnia
1342 1157 1483 1227 facta
1512 1162 1651 1218 sunt,
1698 1151 1784 1222 qui

214 1260 413 1322 propter
437 1268 533 1306 nos
560 1251 790 1305 homines
818 1259 869 1303 et
898 1249 1116 1303 salutem
1158 1257 1389 1301 nostram
1419 1243 1702 1303 descendit,
1734 1249 1785 1295 et

214 1342 503 1395 incarnatus
530 1349 609 1396 est
635 1341 697 1395 de
726 1340 929 1411 Spiritu
970 1347 1149 1393 sancto
1187 1346 1237 1391 et
1279 1336 1455 1389 Mario
1492 1333 1707 1405 Virgine
1736 1339 1785 1385 et

214 1433 511 1486 humanatus
540 1474 557 1501 ,
604 1442 655 1487 et
696 1432 971 1501 crucifixus
1013 1438 1089 1484 est
1130 1445 1223 1499 pro
1272 1412 1419 1481 nobis
1458 1424 1551 1481 sub
1595 1424 1787 1479 Pontio

212 1523 398 1589 Pilato,
428 1533 479 1578 et
506 1524 734 1595 sepultus
760 1533 855 1589 est,
887 1532 937 1578 et
965 1522 1248 1578 resurrexit
1277 1521 1430 1573 tertia
1461 1520 1562 1580 die,
1600 1534 1785 1571 ascen-

210 1615 282 1668 dit
303 1617 354 1668 in
385 1616 561 1681 caelos,
592 1624 642 1669 et
666 1614 796 1668 sedit
827 1613 895 1666 ad
924 1613 1193 1667 dexteram
1222 1610 1418 1673 Patris,
1449 1611 1635 1662 iterum
1663 1624 1785 1660 ven-

214 1714 348 1758 turus
376 1722 492 1758 cum
519 1704 685 1776 gloria
699 1704 942 1774 judicare
962 1704 1099 1756 vivos
1127 1710 1176 1755 et
1203 1710 1451 1762 mortuos,
1477 1699 1626 1768 cujus
1640 1698 1791 1769 regni

212 1812 310 1850 non
337 1798 434 1849 erit
464 1797 608 1865 ﬁnis,
640 1805 690 1850 et
718 1799 773 1850 in
800 1794 1055 1865 Spiritum
1085 1803 1321 1848 sanctum
1347 1793 1612 1846 dominum
1639 1800 1687 1843 et
1714 1790 1789 1843 vi-

1885 599 2131 671 dogmata
2161 599 2485 663 existentem,
2518 598 2587 651 ad
2610 599 3057 669 conﬁrmationem
3087 611 3342 655 rectorum
3372 602 3472 655 do-

1883 701 2113 764 grnatum
2139 694 2311 764 utique
2338 692 2655 745 intellectum
2683 691 2960 759 cooptavit.
2994 689 3095 744 His
3122 708 3345 764 namque
3387 695 3473 763 qui

1882 784 1949 835 in-
1969 782 2097 837 duos
2124 783 2260 853 ﬁlios
2291 781 2692 851 dispensationis
2721 781 2911 835 divino:
2939 783 3239 851 mysterium
3273 784 3470 836 discer-

1884 890 2004 944 pere
2033 874 2267 928 nituntur
2295 874 2536 937 obsistit;
2567 882 2616 926 et
2644 872 2762 926 illos
2789 872 2876 943 qui
2904 872 3202 940 passibilem
3231 873 3475 927 deitatem

1890 967 2154 1036 Unigeniti
2182 969 2295 1020 ausi
2326 973 2444 1020 sunt
2483 966 2673 1029 dicere,
2717 982 2750 1017 a
2778 981 2929 1019 sacro
2958 974 3086 1018 coetu
3122 964 3353 1031 expellit.
3388 964 3477 1017 Et

1886 1059 1964 1111 his
1992 1058 2079 1128 qui
2108 1058 2162 1110 in
2190 1058 2390 1110 duabus
2418 1058 2620 1109 naturis
2664 1053 2856 1108 Christi
2904 1064 3360 1125 temperamentum
3386 1064 3479 1107 aut

1886 1149 2239 1219 confusionem
2267 1148 2543 1218 exquirunt
2581 1146 2798 1200 resistit.
2848 1145 2914 1199 Et
2955 1162 3042 1200 eos
3090 1144 3176 1214 qui
3222 1146 3477 1199 ctelestem

1886 1251 1975 1296 aut
2020 1243 2231 1296 alterius
2261 1241 2483 1312 alicujus
2524 1256 2635 1294 esse
2668 1239 2975 1295 substantia
3002 1238 3183 1292 dicunt
3226 1255 3380 1309 quam
3410 1254 3477 1292 ex

1889 1332 2037 1387 nobis
2068 1334 2346 1403 assumpsit
2387 1332 2517 1385 servi
2547 1334 2789 1402 formam,
2819 1341 2876 1384 ut
2901 1330 3159 1384 dementes
3193 1331 3376 1402 abigit.
3404 1329 3480 1383 Et

1887 1426 1971 1496 qui
1996 1424 2127 1477 duas
2154 1423 2360 1495 quidem
2407 1432 2528 1476 ante
2554 1424 2843 1477 unitionem
2872 1431 3087 1475 naturas
3134 1420 3348 1475 Domini
3394 1422 3479 1491 fa-

1888 1515 2151 1579 bulantur,
2200 1530 2359 1567 unam
2387 1530 2504 1568 vero
2533 1523 2645 1583 post
2673 1514 2956 1567 unitionem
2989 1512 3314 1584 conﬁngunt,
3346 1528 3477 1567 con-

1888 1607 2116 1660 demnat.
2152 1605 2436 1677 Sequenter
2463 1607 2621 1674 igitur
2668 1615 2880 1659 sanctos
2928 1604 3112 1658 Patres
3143 1620 3303 1658 unum
3335 1620 3477 1659 eum.

1890 1697 2104 1767 demque
2130 1698 2367 1766 conﬁteri
2396 1696 2443 1748 Γ
2446 1698 2594 1750 ilium
2624 1705 2674 1750 et
2715 1696 2997 1751 Dominum
3039 1706 3274 1751 nostrum
3298 1695 3477 1751 Iesum

1892 1788 2155 1842 Christum
2183 1796 2531 1841 consonantes
2579 1803 2755 1841 omnes
2788 1788 3047 1852 docemus,
3104 1788 3339 1841 eumdem
3370 1803 3480 1858 per-

212 1887 515 1954 viﬁcantem,
543 1905 609 1943 ex
648 1887 810 1941 Patre
838 1888 1214 1957 procedentem,
1246 1902 1362 1938 cum
1390 1884 1550 1938 Patre
1569 1892 1617 1936 et
1646 1881 1787 1936 Filio
1824 1894 1865 1952 Β
1895 1882 2082 1951 fectum
2126 1880 2181 1933 in
2226 1879 2435 1941 deitate,
2476 1879 2709 1932 eumdem
2738 1880 3020 1949 perfectum
3048 1880 3102 1934 in
3131 1880 3477 1942 humanitate,

211 1975 598 2030 coadorandum-
637 1985 688 2030 et
733 1976 1154 2048 gleriﬁcandum,
1204 1976 1291 2046 qui
1336 1975 1534 2029 locutus
1578 1983 1655 2027 est
1700 1989 1791 2037 per

212 2076 413 2120 sanctos
437 2066 738 2137 prophetas,
780 2075 833 2120 et
853 2067 906 2119 in
934 2082 1095 2119 unam
1122 2066 1433 2119 catholicam
1471 2073 1521 2117 et
1550 2064 1793 2130 apostoli-

208 2171 316 2209 cam
338 2155 651 2212 Ecclesium.
681 2155 1001 2228 Conﬁtemur
1021 2172 1179 2209 unum
1214 2154 1489 2225 baptisma,
1520 2162 1571 2206 et
1610 2153 1791 2206 remis-

207 2251 392 2303 sionem
416 2260 765 2320 peccatorum.
806 2250 1089 2319 Speramus
1111 2246 1533 2302 resurrectionem
1560 2253 1790 2299 mortuo-

206 2354 331 2400 rum,
365 2339 533 2392 vitam
553 2340 715 2409 futuri
744 2338 940 2393 saeculi.
973 2338 1157 2390 Amen.

273 2430 539 2500 Sufficeret
566 2430 770 2501 quidem
801 2431 870 2483 ad
898 2430 1104 2499 plenam
1130 2428 1475 2498 cognitionem
1506 2427 1792 2497 pietatis'et

128 2562 135 2573 .
203 2522 651 2590 conﬁrmationem
681 2524 889 2593 sapiens
918 2523 1014 2578 hoc
1053 2531 1103 2577 et
1129 2523 1360 2576 salutare
1387 2521 1582 2574 divinat
1602 2520 1790 2591 gratia:

204 2613 506 2682 symbolum.
559 2612 640 2668 De
672 2613 831 2668 Patre
856 2615 993 2668 enim
1034 2623 1082 2668 et
1112 2612 1252 2667 Filio
1298 2620 1349 2666 et
1372 2621 1554 2666 sancto
1587 2612 1789 2680 Spiritu

201 2706 566 2775 perfectionem
591 2706 761 2768 docet,
793 2716 842 2759 et
870 2703 1085 2759 Domini
1119 2704 1538 2757 humanotionem
1563 2702 1790 2772 ﬁdeliter

201 2799 562 2869 accipientibus
592 2809 951 2871 repraesentat.
985 2799 1376 2868 Sed'quoniam
1396 2797 1447 2850 hi
1481 2797 1568 2867 qui
1599 2796 1788 2850 verita-

204 2892 265 2945 tis
310 2891 589 2963 reprobare
629 2893 1058 2961 praedicationem
1096 2900 1352 2946 conantur
1400 2906 1492 2959 per
1546 2888 1789 2957 proprias

202 2984 419 3041 haereses
447 3003 605 3041 novos
634 3001 779 3041 voces
808 2994 1110 3055 genuerunt,
1161 2983 1225 3036 hi
1259 2981 1462 3052 quidem
1489 2980 1788 3049 mysterium

198 3078 331 3146 quod
359 3095 457 3147 pro
484 3078 632 3133 nobis
666 3086 753 3131 est
786 3076 1001 3131 Domini
1030 3073 1444 3144 dispensationis
1464 3084 1792 3138 corrumpere

200 3176 604 3235 prorsumentes,
631 3175 695 3220 et‘
710 3165 804 3219 Dei
835 3166 1100 3237 genitricis
1128 3180 1299 3218 vocem
1329 3162 1392 3215 de
1424 3160 1639 3231 Virgine
1662 3158 1787 3211 Μα-

200 3258 276 3310 ria
305 3256 484 3310 dicere
510 3266 798 3320 renuentes,
835 3256 929 3309 alii
958 3272 1073 3308 vero
1101 3254 1458 3324 confusionem
1484 3249 1788 3318 permixtio-
1816 3274 1859 3337 ρ

201 3363 415 3419 nemque
437 3346 846 3414 introducentes,
875 3355 924 3399 et
950 3361 1110 3398 unam
1128 3360 1240 3399 esse
1262 3349 1506 3396 naturam
1535 3340 1710 3392 carnis
1736 3346 1787 3392 et

200 3437 405 3491 deitatls
438 3437 595 3491 stulte
622 3432 992 3507 con/ingentes,
1027 3443 1076 3488 et
1101 3432 1399 3503 passibilem
1424 3429 1677 3501 unigeniti
1707 3428 1795 3481 di-

202 3528 369 3580 vinum
399 3532 647 3580 naturam
682 3541 775 3595 per
810 3526 1165 3595 confusionem
1196 3530 1488 3590 portentose
1535 3519 1784 3581 dicentes,

201 3615 261 3667 ob
284 3616 377 3670 hoc
407 3617 517 3670 illis
544 3632 752 3670 omnem
768 3615 1203 3669 machinationem
1231 3623 1410 3667 contra
1434 3611 1591 3681 ﬁdem
1610 3611 1787 3665 volens

202 3705 436 3759 claudere
464 3722 695 3775 prtesens
724 3722 859 3758 nunc
888 3714 1069 3759 sancta
1098 3713 1148 3758 et
1172 3720 1364 3774 magna
1396 3712 1549 3772 atque
1576 3702 1785 3756 univer—

202 3795 323 3850 salis
349 3797 602 3867 synodus,
634 3797 1059 3867 prozdicationem
1088 3796 1221 3847 hanc
1243 3794 1307 3847 ab
1337 3796 1485 3848 initio
1514 3795 1793 3847 inconcus—

203 3903 311 3941 sam
338 3889 551 3951 docens,
597 3888 831 3952 deﬁnivit
858 3888 1215 3957 principaliter
1246 3895 1583 3939 trecentorum
1612 3885 1788 3939 decem

202 3989 249 4031 et
274 3990 386 4033 octo
413 3990 719 4034 sanctorum
745 3992 951 4051 patrum
987 3979 1143 4049 ﬁdem
1170 3995 1382 4032 manere
1408 3977 1783 4033 intentabilem.

202 4065 269 4121 Et
310 4081 526 4143 prapter
563 4072 679 4126 illas
708 4072 913 4143 quidem
938 4073 1024 4141 qui
1056 4072 1329 4125 adversum
1358 4070 1787 4141 sanctum‘Spiri-'

205 4166 302 4211 tum
321 4171 559 4233 pugnant
586 4162 862 4231 posteriori
891 4169 1119 4228 tempore
1147 4178 1179 4213 a
1204 4158 1446 4213 Patribus
1475 4159 1616 4230 apud
1646 4158 1785 4213 Con-

202 4250 596 4320 stantinopolim
624 4249 730 4304 CL.
764 4252 1111 4322 congregatis,
1146 4248 1525 4303 de'substantia
1555 4248 1784 4319 Spiritus

203 4344 439 4398 traditam
472 4344 765 4398 doctrinam
793 4344 1112 4406 corroborat,
1146 4358 1299 4413 quam
1320 4339 1657 4395 illi'omnibus
1686 4357 1787 4395 no-

203 4437 303 4486 tam
341 4437 596 4506 fecerunt,
653 4452 757 4489 non
786 4436 937 4507 quasi
965 4433 1103 4505 quod
1131 4432 1331 4505 aliquid
1372 4442 1506 4486 esset
1535 4433 1703 4485 minus
1732 4432 1787 4484 in

203 4524 604 4591 praeedentibus
645 4528 966 4597 inferentes;
1015 4526 1107 4580 sed
1153 4525 1215 4578 de
1245 4524 1447 4594 Spiritu
1495 4531 1675 4577 sancto
1703 4524 1787 4576 in—

1891 1968 2058 2024 Deum
2087 1985 2204 2023 vere
2231 1977 2280 2022 et
2309 1970 2569 2023 hominem
2596 1982 2729 2032 vere,
2758 1970 2991 2023 eumdem
3018 1986 3083 2023 ex
3113 1971 3289 2023 animo
3319 1972 3484 2025 ratio-

1890 2062 2003 2115 nali
2029 2070 2079 2114 et
2106 2077 2339 2131 corpore,
2373 2060 2863 2115 consubstantialem
2892 2061 3055 2115 Patri
3066 2062 3344 2117 secundum
3367 2062 3481 2117 dei-

1892 2165 2071 2221 tatem,
2120 2155 2611 2210 consubstantialem
2642 2155 2789 2210 nobis
2813 2156 3055 2209 eumdem
3076 2157 3360 2210 secundum
3387 2158 3484 2210 hu-

1890 2249 2215 2314 manitatem,
2248 2265 2340 2318 per
2362 2249 2537 2302 omnia
2578 2247 2723 2301 nobis
2770 2248 2993 2301 similem
3025 2248 3219 2320 absque
3249 2259 3479 2319 peccato,

1891 2350 2011 2394 ante
2036 2339 2224 2394 sacula
2254 2339 2469 2411 quidem
2488 2339 2554 2393 de
2584 2340 2742 2394 Patre
2761 2344 2991 2411 genitum
3011 2343 3292 2395 secundum
3314 2343 3482 2396 deita-

1892 2442 2010 2498 tem,
2051 2432 2107 2486 in
2141 2434 2435 2487 novissimis
2465 2442 2635 2487 autem
2665 2432 2845 2487 diebus
2880 2434 3121 2488 eumdem
3152 2444 3362 2505 propter
3388 2452 3485 2489 nos

1889 2533 1939 2577 et
1967 2532 2179 2594 propter
2197 2523 2418 2577 salutem
2447 2533 2680 2578 nostram
2710 2539 2777 2578 ex
2806 2522 2981 2578 Maria
3019 2524 3236 2596 Virgine
3257 2523 3358 2579 Dei
3380 2523 3485 2580 Ce-

1890 2615 2081 2668 nitrice
2126 2614 2409 2669 secundum
2467 2614 2845 2669 humanitatem
2870 2653 2886 2679 ,
2937 2631 3098 2668 unum
3150 2616 3487 2687 eamdemque

1891 2703 2152 2760 Christum
2181 2703 2381 2759 Filium
2407 2703 2690 2760 Dominum
2710 2706 3052 2776 unigenitum,
3074 2707 3130 2759 in
3158 2705 3358 2759 duabus
3384 2719 3484 2759 na-

1891 2797 2047 2860 turis,
2070 2796 2361 2866 inconfuse,
2391 2796 2801 2862 immutabiliter,
2841 2795 3080 2858 indivise,
3107 2796 3481 2866 inseparabili-

1891 2893 1970 2938 ter
1997 2883 2404 2955 agnoscendum,
2452 2900 2708 2955 nusquam
2744 2884 2950 2963 sublatu
2999 2885 3298 2954 differentia
3336 2894 3487 2939 natu-

1893 2990 2075 3028 rerum
2114 2983 2325 3044 propter
2348 2974 2654 3039 unitionem,
2687 2976 2953 3045 magisque
2994 2976 3140 3028 salva
3164 2978 3485 3045 proprietate

1891 3066 2156 3137 utriusque
2202 3075 2424 3131 natura,
2475 3074 2525 3119 et
2552 3066 2608 3118 in
2636 3082 3102 3137 unampersonam
3131 3076 3283 3138 atque
3310 3069 3480 3123 subsi-

1891 3157 2134 3210 stentiam
2161 3166 2571 3219 concurrentem,
2598 3173 2703 3211 non
2731 3159 2788 3212 in
2814 3158 2946 3212 duas
2965 3174 3213 3229 personas
3235 3162 3485 3230 partitum

1892 3253 2047 3315 atque
2075 3244 2320 3312 divisum,
2364 3246 2457 3300 sed
2476 3263 2633 3300 unum
2663 3256 2734 3301 ει·
2752 3248 2987 3302 eumdem
3025 3246 3072 3300 F
3076 3249 3222 3303 ilium
3250 3250 3487 3321 unigeni-

1891 3339 1998 3384 tum
2042 3329 2207 3385 Deum
2238 3331 2459 3386 Verbum
2489 3330 2769 3387 Dominum
2806 3332 2988 3387 Iesum
3020 3333 3303 3401 Christum,
3345 3338 3481 3390 sicut

1889 3431 2012 3475 ante
2044 3424 2308 3494 prapheta:
2336 3424 2399 3477 de
2429 3441 2495 3478 eo
2531 3434 2580 3478 et
2608 3427 2719 3496 ipse
2747 3442 2841 3481 nos
2865 3426 3018 3481 Iesus
3047 3428 3282 3484 Christus
3307 3433 3484 3484 erudi-

1888 3513 1977 3576 vit,
2020 3520 2071 3565 et
2115 3510 2339 3566 Patrum
2368 3512 2512 3567 nobis
2560 3513 2853 3585 symbolum
2876 3518 3115 3572 tradidit.
3168 3518 3267 3573 llis
3318 3520 3481 3591 igitur

1888 3620 2006 3656 cum
2031 3604 2195 3657 omni;
2212 3605 2437 3674 undique
2471 3607 2867 3677 scrupulositate
2894 3618 2944 3661 et
2970 3609 3243 3681 diligentia
3271 3629 3304 3666 a
3333 3613 3482 3668 nobis

1890 3695 2175 3765 dispositis,
2217 3696 2451 3765 deﬁnivit
2478 3707 2663 3751 sancta
2681 3706 2732 3752 et
2758 3701 3069 3755 universalis
3094 3702 3325 3773 synodus
3353 3704 3482 3758 alte-

1888 3804 2004 3840 ram
2048 3788 2204 3858 ﬁdem
2249 3790 2378 3843 nulli
2423 3790 2578 3844 licere
2625 3793 2864 3862 proferre
2891 3793 2971 3848 vel
2998 3795 3341 3863 conscribere,
3389 3806 3481 3851 aut

1890 3897 2213 3951 componere,
2244 3891 2333 3935 aut
2360 3885 2573 3952 sentire,
2604 3893 2695 3937 aut
2723 3885 2909 3940 docere
2949 3887 3124 3942 aliter.
3170 3886 3279 3942 Eos
3308 3898 3481 3943 autem

1889 3974 1975 4040 qui
2000 3974 2112 4026 tusi
2143 3982 2265 4025 sunt
2300 3989 2610 4043 componere
2649 3975 2805 4040 ﬁdem
2835 3977 3075 4041 alterum,
3109 3990 3199 4033 aut
3222 3982 3477 4052 proferre,

1890 4072 1977 4115 aut
2005 4062 2209 4129 docere,
2240 4072 2330 4117 aut
2363 4064 2570 4119 tradere
2598 4067 2821 4122 alterum
2850 4069 3159 4138 symbolum,
3193 4071 3478 4125 volentibus

1886 4155 1965 4208 vel
1993 4170 2061 4209 ex
2088 4157 2374 4227 gentilitate
2415 4158 2485 4210 ad
2519 4159 2839 4229 agnitionem
2882 4162 3134 4225 veritatis,
3180 4163 3257 4216 vel
3283 4178 3349 4216 ex
3386 4161 3482 4216 Iu-

1888 4248 2037 4314 dcis,
2070 4249 2147 4302 vel
2168 4266 2233 4303 ex
2271 4250 2456 4303 lueresi
2488 4266 2789 4321 quacunque
2833 4252 3080 4316 converti,
3118 4254 3241 4321 hos,
3294 4255 3341 4309 si
3369 4255 3481 4326 epi-

1888 4342 2030 4411 scopi
2061 4343 2255 4411 fuerint
2283 4350 2373 4394 aut
2399 4342 2594 4405 clerici,
2622 4341 2821 4395 alienos
2849 4358 2963 4397 esse
2983 4344 3249 4415 episcopos
3278 4344 3344 4399 ab
3373 4348 3479 4418 epi-

1883 4442 2100 4501 scopatu
2123 4440 2179 4484 et
2202 4432 2419 4486 clericos
2447 4449 2479 4484 a
2507 4431 2644 4486 clero
2674 4448 2693 4497 ;
2732 4433 2778 4486 si
2816 4450 2932 4488 vero
2961 4434 3202 4489 monachi
3231 4450 3320 4491 aut
3357 4436 3485 4492 laici

1889 4523 2101 4591 fuerint,
2135 4521 2587 4575 unathematizari.

204 4609 448 4668 tellectum
500 4632 691 4669 eorum
721 4615 964 4669 adversus
1006 4632 1094 4669 eos
1122 4615 1208 4685 qui
1238 4614 1642 4667 dominationem
1669 4615 1784 4684 ejus
1811 4640 1869 4700 Β
1963 4610 2309 4666 Dilectissimo
2340 4613 2491 4683 fratri
2521 4612 2778 4670 Flaviano
2809 4612 2932 4670 Leo.

205 4718 436 4774 respuere
469 4716 810 4773 tentaverunt,
842 4708 1231 4778 Scripturarum
1268 4705 1574 4759 testimoniis
1613 4706 1785 4759 decla-

201 4801 386 4848 cantes.
427 4795 656 4866 Propter
694 4798 813 4851 illos
843 4813 959 4851 vero
999 4796 1087 4867 qui
1110 4795 1410 4865 mysterium
1440 4794 1788 4864 dispensatio-

204 4884 281 4937 nis
307 4891 636 4959 corrumpere
663 4891 965 4955 moliuntur,
999 4897 1049 4943 et
1070 4905 1253 4959 purum
1284 4888 1538 4942 hominem
1566 4904 1677 4942 esse
1699 4889 1786 4959 qui

201 4989 264 5026 ex
307 4988 491 5032 sancta
532 4978 742 5050 Virgine
790 4979 965 5033 Maria
1000 4982 1154 5032 natus
1192 4986 1267 5032 est
1308 4979 1631 5047 impudenter
1659 4978 1783 5032 deli-

202 5076 403 5135 rantes,
436 5058 683 5139 epistolas
721 5070 858 5125 beati
899 5070 1083 5141 Cyrilli
1110 5070 1485 5124 Alexandrino:
1534 5068 1784 5123 Ecclesia:

190 5162 429 5225 -prozsulis
448 5163 727 5233 synodicae
749 5162 818 5215 ad
841 5158 1141 5215 Nestorium
1168 5169 1215 5213 et
1238 5160 1307 5212 ad
1328 5160 1458 5213 alios
1479 5176 1569 5229 per
1591 5159 1781 5213 Orien-

193 5256 300 5313 tem
345 5268 601 5325 congruas
662 5255 937 5308 existentes
992 5253 1215 5321 suscepit
1274 5252 1345 5305 ad
1405 5252 1780 5305 convincendas

1962 4703 2131 4757 Lectis
2166 4704 2457 4759 dilectionis
2490 4714 2590 4760 tua:
2618 4705 2825 4773 litteris,
2877 4725 3006 4779 quos
3037 4714 3290 4765 miramur
3315 4714 3478 4784 fuisse

1890 4804 1997 4848 tam
2015 4812 2179 4861 seras,
2212 4804 2259 4849 et
2284 4805 2544 4867 gestorum
2574 4798 2944 4868 episcopatium
2973 4802 3158 4856 ordine
3202 4806 3476 4871 recensita,

1887 4886 2097 4941 tandem
2135 4887 2259 4959 quid
2303 4888 2443 4956 apud
2482 4904 2568 4943 vos
2614 4890 2856 4944 scandali
2897 4903 3080 4946 contra
3126 4895 3475 4966 integritatem

1890 4978 2016 5047 ﬁdei
2046 4988 2283 5031 exortum
2312 4981 2492 5049 fuisset
2517 4982 2911 5048 ognovimus,.et
2933 4999 3049 5053 qua!
3066 4986 3209 5051 prius
3232 4986 3476 5039 videban-

1892 5079 1974 5123 tur
2019 5071 2219 5125 occulta
2273 5086 2411 5123 nunc
2456 5071 2603 5125 nobis
2651 5082 2879 5126 reserata
2940 5083 3244 5143 patuerunt,
3296 5077 3478 5147 quibus

1890 5159 2170 5232 Eutyches,
2197 5163 2283 5233 qui
2312 5160 2824 5232 presbyterii‘nomen
2844 5164 3164 5219 honorabilis
3185 5166 3475 5234 videbatur,

1889 5254 2109 5306 multum
2146 5253 2448 5322 imprudens
2488 5263 2547 5306 et
2567 5255 2722 5308 nimis
2750 5256 3022 5325 imperitus
3047 5256 3376 5321 ostenditur;
3419 5268 3478 5310 ut

205 5335 435 5397 Nestorii
455 5348 709 5411 vesanias,
734 5346 1213 5414 interpretationem
1241 5361 1358 5398 vero
1384 5360 1558 5397 eorum
1587 5343 1672 5414 qui
1694 5360 1791 5396 sa-
1879 5344 1995 5412 jam
2023 5342 2087 5395 de
2107 5344 2219 5411 ipso
2245 5344 2439 5397 dictum
2462 5346 2529 5398 sit
2556 5362 2588 5397 a
2613 5346 2864 5416 propheta
2896 5363 2915 5400 :
2960 5346 3145 5402 Noluit
3171 5346 3477 5415 intelligere

205 5430 379 5488 littoris
399 5438 617 5507 symboli
646 5438 730 5507 pio
755 5436 865 5490 zelo
890 5452 1040 5490 nosse
1067 5436 1383 5498 desiderant,
1415 5435 1595 5505 quibus
1624 5434 1781 5488 etiam

204 5525 463 5590 epistolam
490 5545 739 5600 magnam
763 5537 811 5582 et
839 5527 1058 5581 senioris
1076 5526 1217 5579 urbis
1241 5523 1791 5595 prtesulisbeotissimi‘

204 5620 251 5663 et
274 5619 583 5672 sanctissimi
611 5618 985 5687 archiepiscopi
1016 5615 1223 5682 Leonis,
1253 5631 1366 5686 quo:
1394 5616 1587 5685 scripta
1614 5623 1689 5667 est
1709 5613 1791 5666 ad-

206 5714 393 5759 sanctte
429 5710 690 5763 memoria
718 5707 1167 5778 archiepiscopum
1192 5705 1507 5759 Flavianum
1534 5704 1611 5756 ad'
1641 5704 1785 5773 peri-

205 5800 433 5854 mendum
484 5802 733 5873 Eutychis
780 5803 969 5856 molam
1012 5802 1427 5872 intelligentiam,
1468 5808 1531 5851 ut
1570 5810 1686 5870 pote
1732 5811 1823 5879 et-

200 5892 363 5961 magni
404 5888 549 5951 illius
579 5895 725 5950 Petri
750 5894 1064 5966 confessioni
1112 5902 1491 5965 congruentem,
1545 5900 1595 5946 ct
1640 5908 1778 5948 com-

1888 5442 1944 5485 ut
1972 5434 2113 5487 bene
2153 5443 2362 5501 ageret,
2413 5434 2750 5504 iniquitatem
2798 5437 3090 5493 meditatus
3122 5437 3285 5493 estin
3310 5439 3475 5494 cubili

1885 5540 2004 5579 suo.
2049 5523 2191 5588 Quid
2233 5528 2662 5597 auteminiquius
2689 5546 2845 5600 quam
2891 5529 3050 5599 impia
3076 5545 3261 5597 sapere
3298 5538 3350 5584 et
3386 5548 3476 5585 sa-

1889 5619 2225 5687 pientioribus
2275 5620 2671 5691 doctoribusque
2717 5638 2818 5675 non
2848 5620 3077 5675 cedere?
3120 5621 3230 5677 Sed
3257 5622 3310 5677 in
3341 5625 3476 5678 hanc

1887 5711 2238 5780 insipientiam
2265 5713 2459 5766 cadunt
2490 5714 2577 5783 qui
2605 5730 2719 5767 cum
2742 5713 2814 5766 ad
2850 5715 3263 5785 cognoscendam
3289 5718 3474 5771 verita-

1888 5810 1988 5855 tem
2017 5805 2190 5870 aliquo
2220 5804 2568 5872 impediuntur
2614 5803 2849 5869 obscuro,
2894 5820 2997 5859 non
3048 5803 3118 5858 ad
3143 5806 3472 5876 pronheticus

1889 5909 2053 5961 voces,
2105 5910 2205 5948 non
2236 5894 2309 5947 ad
2330 5894 2641 5963 apostolicos
2675 5896 2888 5963 litteras,
2935 5912 3027 5951 nec
3056 5896 3125 5950 ad
3152 5897 3477 5968 euangelicos
