4018 6340
522 363 622 421 M7

1715 362 1937 419 VlGlLll
1977 362 2080 416 PP.
2122 361 2605 420 CONSTITUTUM

3696 376 3799 432 MS

520 455 878 524 auctoritates,
918 455 1012 510 sed
1057 456 1128 509 ad
1173 457 1472 529 semetipsos
1523 466 1796 510 recurrunt
1826 474 1844 520 ;
1890 468 1943 511 et
1985 457 2101 512 ideo
2130 460 2182 518 Α
2207 468 2423 509 vestram
2451 469 2501 509 et
2529 458 2659 510 hanc
2690 458 3023 514 unirersalem
3053 472 3288 519 sanctam
3327 466 3602 537 synodum.
3631 468 3798 543 Euty-

520 547 762 618 magistri
788 546 982 602 erroris
1010 547 1262 612 existunt,
1310 550 1435 621 quia
1464 548 1693 602 veritatis
1723 548 1963 619 discipuli
2002 565 2109 602 non

523 641 754 708 fuerunt.
794 636 862 693 Et
890 646 1085 695 caetera
1114 655 1233 709 qua:
1280 641 1333 696 in
1364 641 1553 698 eadem
1584 642 1815 711 epistola
1845 658 2013 711 usque
2041 642 2109 697 ad

520 725 689 782 tinem
719 728 1086 783 continentur.
1127 728 1270 783 Data
1296 730 1412 785 idus
1451 730 1640 786 lunias
1667 731 1869 787 Asteria
1897 740 1947 785 et
1974 732 2109 787 Pro-

522 828 707 890 togene
734 818 1052 873 consulibus.

590 914 632 969 l.
674 912 1033 985 Posteaquam
1060 914 1205 971 beati
1237 915 1690 973 Chalcedonensis
1709 918 1923 974 concilii
1951 933 2115 989 expo-

523 1006 777 1062 sitionem
806 1008 891 1063 vel
919 1007 1063 1062 beati
1092 1006 1291 1063 Leonis
1318 1009 1602 1078 epistolam
1631 1010 1699 1065 de
1723 1018 1909 1065 sancta
1938 1018 1994 1065 et
2021 1026 2113 1065 or-

522 1096 760 1153 thodoxa
790 1098 894 1153 fide
916 1099 1214 1167 posuimus.
1243 1114 1364 1169 quae
1393 1115 1497 1154 una
1523 1100 1821 1168 eademque
1846 1107 1928 1156 est
1948 1101 2113 1156 trium

522 1188 941 1256 praecedentium
969 1191 1320 1260 synodorum,
1352 1191 1403 1244 id
1434 1200 1534 1252 est,
1560 1190 1809 1259 Niaeme,
1841 1191 2112 1247 Constan—

526 1278 917 1349 tinopolitattm,
947 1286 1110 1347 atque
1139 1279 1425 1349 Ephesios:
1453 1280 1640 1350 prima:
1669 1287 1725 1335 et
1752 1279 1864 1335 Deo
1888 1280 2113 1349 juvante

522 1373 576 1421 in
607 1383 674 1422 ea
705 1383 805 1422 nos
827 1369 975 1423 omni
999 1370 1231 1425 sincerae
1275 1370 1475 1424 mentis
1498 1369 1788 1425 devotione
1817 1371 2113 1440 persistere

522 1459 832 1513 fraternitas
879 1468 1059 1515 vestra
1087 1468 1143 1515 et
1187 1461 1509 1515 universalis
1537 1461 1820 1528 cognoscit
1848 1461 2109 1528 Ecclesia,

523 1550 892 1604 necessarium
919 1550 1076 1606 valle
1105 1550 1394 1617 credimus,
1438 1568 1538 1622 pro
1569 1551 1685 1622 ejus
1712 1555 1976 1608 servanda
2019 1568 2116 1623 per

523 1640 706 1693 omnia
733 1641 1060 1709 reverentia,
1086 1640 1155 1697 de
1174 1643 1550 1713 suprascriptis
1572 1643 1733 1699 trium
1754 1645 2114 1714 capitulorum

524 1732 913 1799 quiestionibns
941 1733 1223 1802 diligenter
1251 1735 1450 1792 debere
1478 1752 1578 1792 nos
1615 1746 1810 1794 cuncta
1843 1738 2115 1794 discutere

524 1829 581 1876 et
606 1831 764 1877 cauta
792 1824 1226 1893 promulgatione
1250 1828 1533 1882 sententia:
1560 1826 1804 1884 delinire.
1862 1829 2114 1885 Arbitra-

524 1927 646 1966 mur
673 1926 802 1984 ergo
831 1930 951 1970 esse
979 1917 1311 1972 conveniens
1359 1919 1612 1988 primum,
1665 1920 1806 1975 sicut
1832 1921 2119 1989 proposui-

524 2019 667 2072 mus,
699 2006 826 2075 quid
856 2006 924 2062 de
952 2008 1177 2078 epistola
1214 2024 1333 2077 qua:
1362 2010 1430 2064 ab
1458 2010 1548 2064 lba
1577 2010 1648 2064 ad
1677 2010 1865 2066 Marim
1898 2011 2119 2068 Persam

526 2095 729 2164 scripta
757 2096 974 2161 dicitur,
1022 2099 1359 2166 apertissima
1388 2099 1851 2157 demonstratione
1878 2102 2119 2157 declara-

526 2200 607 2239 re.
651 2186 785 2239 Dum
828 2185 990 2254 igitur
1026 2185 1148 2242 ibas
1193 2190 1480 2259 episcopus
1508 2190 1756 2261 improbe
1784 2207 1814 2245 a
1843 2190 2115 2261 Samuelo,

530 2275 697 2339 Mara,
750 2277 978 2347 aliisque
1003 2278 1118 2334 suis
1157 2279 1369 2335 clericis
1396 2281 1690 2351 impetitus,
1734 2292 1789 2337 et
1818 2299 1916 2353 pro
1945 2284 2117 2354 gravi,

529 2375 786 2435 tanquam
816 2368 1142 2438 impugnata:
1172 2369 1239 2424 ab
1269 2384 1335 2425 eo
1355 2379 1558 2426 sancta:
1588 2370 1732 2439 fidei,
1762 2374 1987 2428 crimine
2007 2375 2122 2443 epi-

529 2459 670 2513 stola
701 2458 769 2514 ad
798 2458 987 2514 Matim
1014 2459 1236 2516 Persam
1285 2461 1334 2515 ei
1381 2461 1449 2515 ab
1478 2462 1683 2518 eisdem
1710 2464 2119 2519 accusatoribus

532 2550 721 2606 fuisset
748 2552 1016 2622 opposita,
1050 2566 1152 2607 nec
1176 2568 1285 2608 non
1315 2568 1345 2607 a
1374 2551 1570 2609 Photio
1600 2562 1656 2609 et
1687 2553 1970 2608 Eustathio
2006 2555 2123 2625 epi-

529 2643 712 2713 scopis
748 2642 939 2699 fuisset
988 2643 1286 2712 absolutus,
1328 2645 1524 2714 quibus
1566 2652 1697 2700 tunc
1734 2661 1766 2699 a
1815 2644 2122 2700 Theodosio

530 2734 635 2805 piae
662 2734 1057 2790 recordationis
1085 2736 1326 2806 principe
1365 2734 1542 2791 fuerat
1567 2737 1814 2805 delegata
1843 2737 2119 2805 cognitio;

531 2840 599 2881 ac
626 2833 817 2896 postea
844 2842 943 2896 pro
990 2827 1181 2883 iisdem
1227 2844 1257 2882 a
1283 2829 1478 2898 quibus
1522 2827 1700 2884 fuerat
1727 2838 1988 2899 purgatus
2018 2830 2123 2884 cri-

530 2915 785 2983 minibus,
820 2932 918 2989 per
946 2918 1149 2973 nefaria
1177 2919 1266 2974 illa
1286 2928 1441 2988 gesta
1463 2919 1725 2990 Ephesini
1747 2920 1970 2976 secundi
1992 2936 2125 2976 con-

532 3008 661 3077 cilii,
693 3010 901 3072 absens.
919 3009 1177 3065 falsorum
1202 3013 1478 3082 responsis
1508 3012 1728 3067 testium
1758 3027 1921 3082 quam
1950 3012 2124 3066 maxi-

532 3114 622 3154 me
675 3100 920 3156 eamdem
968 3102 1034 3155 ad
1077 3100 1271 3155 Mat-im
1309 3100 1596 3170 epistolam
1648 3099 1764 3168 ejus
1809 3116 1929 3155 esse
1972 3115 2124 3155 asse-

2211 546 2331 598 cltes
2354 546 2627 599 adversum
2655 562 2735 598 me
2757 563 2851 615 pro
2873 548 2979 617 fide
3007 550 3245 619 quwdam
3273 554 3411 622 falsa
3432 558 3673 627 conﬁxit,
3705 576 3797 613 nec

2210 653 2291 689 me
2321 638 2373 689 in
2403 646 2585 689 sancta
2622 636 2818 707 synodo
2843 638 3061 693 introire
3087 644 3341 709 permisit.
3376 643 3442 698 Et
3481 656 3604 715 post
3645 650 3752 703 alia
3781 667 3794 702 :

2215 728 2292 781 Ob
2321 733 2418 783 Itoc
2447 731 2660 796 etenim,
2697 732 2825 782 sicut
2848 731 2962 800 jam
3005 732 3206 797 edocui,
3239 735 3347 787 adii
3371 752 3578 790 sacrum
3613 748 3664 792 et
3695 742 3797 794 im-

2213 819 2479 873 mortalem
2502 822 2759 885 verticem,
2791 830 2840 874 et
2861 821 3020 890 jussit
3045 834 3261 877 vestrum
3285 828 3733 897 magniﬁcentiam
3752 840 3802 883 et

2212 919 2447 963 sanctam
2477 910 2729 981 synodum
2760 912 2941 965 audire
2965 928 3080 975 qua:
3100 914 3366 968 adversum
3390 932 3469 969 me
3491 929 3635 988 gesta
3657 930 3799 973 sunt.

2214 999 2282 1054 Et
2310 1001 2615 1071 cognovistis
2644 1018 2707 1055 ea:
2738 1002 2941 1056 decreto
2969 1004 3089 1074 quia
3116 1004 3170 1057 in
3200 1005 3343 1059 nullo
3385 1006 3660 1077 culpabilis
3687 1026 3801 1062 sunt

2213 1101 2463 1160 repertus.

2285 1181 2349 1236 ll.
2389 1181 2571 1236 Claret
2600 1182 2761 1252 igitur
2787 1183 2854 1238 ab
2884 1182 3001 1254 ipso
3042 1184 3196 1240 initio
3228 1202 3336 1256 quo
3362 1186 3484 1242 lbas
3513 1187 3803 1244 Edessena;

2215 1275 2445 1330 civitatis
2474 1276 2762 1345 episcopus
2802 1285 3045 1331 sanctam
3092 1275 3590 1333 Chalcedoncnsetn
3634 1296 3803 1351 syno-

2217 1364 2345 1418 dum
2375 1374 2702 1420 monstratur
2730 1367 3025 1434 ingressus,
3063 1367 3345 1436 epistolam
3371 1384 3489 1437 qua:
3518 1369 3585 1423 ad
3612 1368 3806 1423 Marim

2217 1452 2435 1510 Persam
2466 1455 2533 1508 ab
2560 1470 2627 1510 eo
2647 1455 2844 1525 scripta
2868 1457 3232 1526 compingitur
3259 1458 3417 1533 [forte
3435 1458 3803 1530 coolingitur],

2215 1546 2341 1615 quia
2369 1561 2464 1600 sua
2484 1546 2645 1600 fuerit
2673 1546 2986 1615 denegasse,
3021 1549 3157 1603 adeo
3189 1558 3245 1601 ut
3267 1551 3609 1618 apertissime
3629 1550 3806 1604 fatea-

2219 1642 2305 1687 tur
2330 1634 2380 1687 in
2406 1635 2625 1689 secundi
2656 1635 2796 1688 illius
2824 1634 3081 1705 Ephesini
3130 1638 3343 1691 concilii
3388 1639 3580 1692 nefarii
3634 1640 3808 1707 gestis

2218 1726 2533 1796 iniustitiam
2572 1742 2632 1783 se
2670 1728 2738 1782 ab
2766 1725 3011 1799 Eutyche
3039 1738 3095 1783 et
3131 1728 3263 1783 falsa
3297 1729 3547 1798 figmenta
3576 1747 3805 1801 perpes-

2143 1834 2354 1896 Bsum.
2416 1817 2641 1873 Constat
2691 1828 2870 1875 autem
2920 1820 2973 1873 in
3022 1821 3209 1875 eadem
3260 1822 3495 1875 secunda
3529 1819 3807 1893 Ephesina

2221 1911 2492 1966 audientia
2522 1913 2781 1966 adversus
2817 1913 3092 1966 absentem
3126 1914 3439 1982 praedictum
3485 1914 3807 1984 episcopum

2221 2000 2326 2055 hoc
2350 2016 2510 2070 quam
2541 2003 2774 2057 maxime
2806 2002 3123 2071 flagitatum,
3177 2012 3234 2056 ut
3278 2004 3551 2073 responsis
3587 2005 3809 2059 testium

2215 2092 2537 2162 jampridem
2570 2094 2952 2162 productorum
2981 2102 3322 2149 accusatores
3350 2094 3468 2162 ejus
3506 2095 3813 2150 niterentur

2221 2186 2507 2242 ostendere
2532 2186 2680 2241 ibam
2710 2186 3022 2256 episcopum
3054 2202 3173 2241 eam
3207 2202 3328 2254 qua:
3366 2186 3434 2240 ad
3456 2185 3646 2239 Marini
3678 2186 3810 2241 Per-

2222 2290 2337 2328 sam
2362 2260 2561 2345 scripta
2590 2274 2763 2329 fuerat
2785 2275 3072 2344 epistolam
3102 2290 3253 2329 suam
3285 2272 3450 2330 fuisse
3476 2275 3806 2330 confessum.

2222 2363 2299 2418 Ex
2325 2380 2432 2434 qua
2460 2380 2623 2420 causa
2653 2372 2877 2434 apparet
2906 2380 3054 2431 eum,
3103 2364 3243 2418 sicut
3284 2363 3399 2433 ipse
3427 2365 3697 2433 queritur,
3730 2366 3811 2418 in-

2218 2458 2365 2525 justa
2396 2458 2666 2511 sententia
2695 2456 2862 2510 fuisse
2890 2456 3222 2509 damnatum.
3248 2453 3399 2521 Quod
3425 2454 3550 2523 quia
3580 2454 3675 2510 lba
3698 2457 3814 2526 epi-

2223 2564 2419 2618 scopus
2448 2548 2596 2604 falsis
2627 2549 2895 2618 ﬁgmentis
2941 2547 3187 2615 falsaque
3235 2549 3583 2602 accusatione
3627 2556 3686 2603 et
3714 2565 3812 2618 per

2225 2641 2548 2696 calunniam
2590 2640 2873 2693 adversum
2903 2653 2962 2691 se
2992 2638 3044 2691 in
3074 2637 3312 2692 secundo
3342 2636 3614 2707 Ephesiae
3644 2652 3814 2707 pravo

2219 2734 2422 2803 judicio
2452 2733 2643 2787 asserit
2665 2733 3059 2794 concionatnm,
3085 2730 3484 2785 evidentissime
3506 2728 3816 2791 declaratur

2225 2843 2255 2879 a
2307 2825 2597 2894 saepedicto
2655 2824 2743 2877 Iba
2793 2823 3050 2893 episcopo
3098 2829 3455 2876 memoratam
3503 2821 3571 2876 ad
3621 2821 3814 2877 Marim

2228 2914 2446 2969 Persam
2478 2915 2731 2982 scriptam
2757 2914 3042 2983 epistolam
3087 2912 3213 2981 quia
3240 2927 3337 2966 sua
3366 2910 3542 2967 fuerat
3573 2912 3814 2983 denega-

2228 3012 2358 3059 tam.
2398 3003 2513 3058 lluc
2552 3003 2756 3057 accedit
2781 3003 2924 3073 quod
2956 3004 3099 3058 illius
3139 3003 3352 3057 concilii
3396 3002 3620 3057 nefariis
3647 3004 3818 3070 gestis

2229 3096 2338 3164 ipsa
2370 3110 2401 3148 a
2430 3110 2810 3163 rcspoasorutn
2836 3094 3051 3147 testium
3082 3093 3148 3147 ab
3194 3094 3521 3150 adversariis
3570 3096 3815 3164 episcopi

531 3189 767 3244 rentium
813 3189 1000 3245 fuisset
1028 3190 1294 3258 addictus,
1341 3190 1567 3246 veniens
1595 3190 1661 3244 ad
1693 3198 1935 3244 sanctam
1958 3190 2126 3244 Chal-
2153 3207 2198 3268 ς
2230 3184 2332 3239 Iba:
2380 3183 2620 3254 pra-latio
2666 3182 2922 3257 lVeritas.
2956 3182 3248 3253 prolatio],
3291 3184 3485 3253 quibus
3529 3184 3819 3255 epistolam

533 3278 892 3335 cedonensem
922 3280 1185 3350 synodum
1207 3280 1321 3334 hinc
1341 3293 1440 3349 pro
1466 3295 1562 3333 sua
1586 3279 1905 3348 purgatione
1929 3278 2126 3346 legitur

534 3370 816 3438 allegasse.
869 3371 945 3425 De
973 3371 1180 3442 synodo
1226 3369 1656 3425 Chalcedonensi
1709 3370 1762 3424 in
1814 3371 2031 3425 actione
2058 3370 2126 3426 de

532 3457 624 3512 Iba
653 3459 909 3529 episcopo
940 3459 1119 3512 habita
1165 3467 1288 3527 post
1317 3458 1421 3511 alia
1451 3458 1525 3511 ita
1558 3458 1691 3528 (Act.
1723 3457 1780 3528 9)
1806 3476 1819 3511 :
1853 3458 2125 3529 Ingressus

536 3548 663 3604 Ibus
676 3551 1115 3604 reuerentissimus
1133 3549 1412 3605 Edessena:
1431 3550 1654 3603 ciuitatis
1670 3551 1939 3621 episcopus
1958 3549 2121 3604 dixit:

534 3637 862 3708 Injttstitiam
910 3639 972 3693 ab
1025 3638 1255 3711 Eutyche
1308 3649 1358 3694 et
1416 3640 1556 3711 falsa
1619 3642 1869 3711 ﬁgmenta
1917 3658 2126 3711 perpes-

533 3746 641 3794 sus,
673 3730 858 3785 absens
880 3749 911 3784 a
940 3732 1286 3803 quadraginta
1314 3733 1692 3800 mansionibus,
1722 3742 1773 3787 et
1813 3734 2126 3788 condemna-

535 3833 640 3887 tus,
672 3823 754 3876 Itic
775 3824 958 3877 adveni
990 3825 1266 3892 impetrare
1295 3826 1639 3888 clementiam,
1691 3834 1740 3878 et
1770 3824 1878 3878 adii
1916 3841 2125 3878 sacrum

532 3923 582 3966 et
611 3914 959 3969 immortalem
989 3916 1248 3980 verticem,
1279 3924 1329 3968 et
1360 3915 1520 3985 jussit
1542 3923 1709 3968 vestra
1738 3915 2124 3985 magniﬁcentia

532 4020 647 4058 cum
675 4013 858 4059 sancta
889 4006 986 4059 ltuc
1014 4015 1063 4059 et
1090 4006 1369 4060 universali
1397 4006 1593 4076 synodo
1616 4024 1729 4079 qua:
1749 4006 2018 4060 adversum
2043 4024 2125 4061 me

531 4104 651 4149 sunt
686 4104 831 4169 gesta
873 4098 1187 4169 perquirere.
1229 4095 1494 4163 Deprecor
1522 4098 1680 4168 igitur
1707 4114 1795 4151 res
1833 4107 1889 4149 ut
1928 4113 2122 4167 cogno-

528 4189 691 4263 scalis
720 4191 841 4259 qttitt
870 4189 1059 4261 falsam
1083 4190 1466 4243 accusationem
1506 4188 1694 4259 pertuli
1732 4196 1778 4241 et
1806 4188 2123 4241 calumniam

530 4298 564 4333 a
591 4280 899 4352 quibusdam
928 4282 1149 4336 clericis.
1179 4280 1362 4335 Jubete
1387 4298 1510 4353 ergo
1535 4298 1595 4335 ea
1617 4297 1731 4352 qua:
1744 4281 1982 4352 judicata
2005 4291 2122 4341 sunt

531 4388 564 4424 α
597 4369 786 4425 I’Itotio
814 4382 863 4425 et
889 4370 1167 4426 Eustatltio
1208 4373 1635 4428 reverentissimis
1662 4372 1914 4443 episcopis
1943 4371 2121 4443 relegi.

534 4462 767 4517 Uranius
805 4464 943 4516 enim
975 4466 1244 4534 episcopus
1286 4463 1656 4519 Henteriorum
1686 4482 1780 4530 pro
1809 4466 1981 4534 gratia
2006 4462 2121 4517 Eu-

533 4553 707 4621 tycltes
748 4553 925 4605 omnia
953 4568 1112 4621 agens
1153 4554 1465 4621 prwparavit
1510 4553 1759 4621 quosdam
1789 4552 2002 4606 clericos
2031 4568 2118 4604 ac-
2153 4576 2198 4633 Ι)

531 4657 715 4694 cusare
740 4658 841 4707 me,
865 4649 912 4693 et
925 4640 1180 4710 jndiciunt
1210 4638 1306 4694 sibi
1332 4642 1691 4710 prwdictisque
1718 4643 2017 4695 transmitti.
2049 4641 2119 4695 Et

531 4734 767 4786 inventus
796 4750 909 4786 sunt
938 4734 1185 4785 innocens
1216 4749 1246 4783 a
1276 4731 1610 4802 blaspltentiis
1654 4749 1768 4804 qua:
1805 4734 1929 4786 nti/ti
1960 4734 2120 4787 illata:

531 4833 675 4889 sunt,
706 4833 755 4878 et
786 4824 1077 4893 judicatum
1118 4823 1297 4875 datum
1326 4833 1403 4877 est
1446 4840 1477 4876 a
1506 4824 1743 4894 praefatis
1770 4825 2121 4877 reverentissi-

531 4918 633 4971 mis
678 4916 932 4987 episcopis
962 4914 1317 4968 accusationes
1364 4913 1568 4984 quidem
1611 4912 1882 4966 adversum
1910 4928 1990 4965 tne
2031 4930 2123 4981 per

532 5006 850 5062 calumniam
898 5008 1063 5076 factas
1110 5021 1358 5076 arguens,
1400 5004 1685 5074 testiﬁcans
1713 5012 1883 5056 autem
1911 5019 1991 5056 me
2012 5020 2123 5058 esse

533 5098 867 5152 catholicum.
896 5097 1081 5150 Jubete
1109 5098 1286 5150 omnia
1307 5113 1421 5167 qua:
1441 5113 1532 5167 per
1560 5094 1850 5149 absentiam
1880 5111 2047 5147 meam
2069 5098 2122 5150 in

535 5188 748 5259 Epheso
777 5197 921 5259 gesta
960 5199 1081 5243 sunt
1118 5189 1360 5242 evacuari
1398 5198 1445 5242 et
1468 5188 1730 5258 justitiam
1759 5187 1884 5241 nti/ti
1905 5188 2119 5253 servari,

532 5281 621 5353 qui
647 5297 761 5335 sum
786 5281 839 5334 in
869 5278 1010 5333 nullo
1039 5278 1332 5350 culpabilis,
1357 5289 1405 5333 et
1432 5279 1580 5333 reddi
1609 5279 1739 5332 mihi
1770 5280 2122 5347 episcopatum

533 5374 729 5443 pariter
752 5382 803 5426 et
829 5369 1142 5425 Ecclesium.
1175 5368 1319 5425 Nam
1357 5378 1407 5425 et
1437 5387 1613 5425 omnes
1643 5370 1817 5425 clerici
1846 5368 2118 5434 Edesseni,

532 5479 625 5533 per
652 5480 777 5533 quos
805 5464 1123 5533 scripserunt
1162 5464 1396 5533 praefatis
1421 5462 1699 5533 episcopis,
1742 5469 2001 5514 testantur
2040 5477 2121 5514 me

532 5570 645 5607 esse
666 5553 994 5619 catholicum,
1028 5562 1077 5608 et
1104 5554 1304 5608 alienus
1334 5570 1448 5607 sum
1485 5570 1516 5606 a
1544 5553 1765 5625 nefariis
1787 5550 2119 5621 blasphemiis

534 5664 650 5719 (μίαν
692 5649 817 5701 mihi
866 5650 1201 5719 inferuntur;
1233 5656 1288 5703 et
1315 5655 1532 5703 cetera.
1583 5644 1716 5700 ltent
1765 5660 1833 5699 ex
1876 5644 2117 5712 ejusdem

535 5739 725 5796 svnodi
756 5739 968 5794 actione
996 5739 1279 5796 undecima
1319 5757 1331 5793 :
1383 5737 1658 5809 Ingressus
1696 5734 1813 5789 Ibus
1842 5735 2127 5814 prtedirtus

535 5829 973 5885 reuerentissimus
1022 5832 1094 5884 vir
1143 5830 1317 5885 dixit:
1368 5827 1630 5899 Deprecor
1677 5826 2118 5897 magniﬁcentiam

2228 3275 2346 3345 ejus
2374 3275 2537 3329 fuisse
2560 3274 2694 3328 falso
2724 3275 3035 3329 nitebantur
3061 3275 3368 3342 ostendere,
3402 3274 3531 3328 nihil
3557 3274 3703 3329 aliud
3732 3276 3820 3329 i:.-

2227 3368 2369 3422 dicat
2397 3367 2501 3420 nisi
2529 3366 2656 3434 quia
2686 3366 2741 3418 in
2771 3373 3194 3419 memoratorutn
3238 3362 3415 3437 Photii
3453 3374 3510 3419 et
3545 3364 3821 3421 Eustatltii

2221 3456 2426 3524 judicio
2454 3470 2574 3510 esse
2603 3453 2841 3522 ejusdem
2878 3454 2983 3508 lbac
3013 3454 3253 3523 episcopi
3300 3453 3520 3523 probari
3570 3470 3681 3509 non
3713 3470 3819 3524 po-

2227 3546 2345 3601 tuit.
2387 3545 2523 3600 Nam
2568 3546 2613 3599 si
2656 3545 2885 3614 probata
2915 3545 3023 3599 illic
3050 3552 3215 3609 esset,
3263 3544 3429 3612 gestis
3458 3545 3642 3614 potius
3668 3545 3820 3615 apud

2226 3636 2474 3691 Photium
2506 3644 2560 3690 et
2584 3633 2920 3689 Eustathium
2952 3634 3145 3689 habitis
3171 3634 3226 3688 in
3270 3634 3539 3705 Ephesina
3569 3636 3813 3690 secunda

2225 3728 2433 3799 synodo
2480 3735 2823 3781 accusatores
2862 3741 3024 3794 quam
3075 3726 3299 3780 testibus
3349 3734 3646 3780 uterentur.
3690 3726 3815 3781 Non

2228 3818 2370 3873 enim
2402 3817 2469 3872 de
2496 3816 2824 3885 manifestis,
2846 3815 2940 3871 sed
2964 3815 3033 3870 de
3062 3816 3282 3871 incertis
3314 3817 3473 3870 rebus
3503 3817 3819 3886 producen-

2224 3909 2415 3963 dorum
2440 3908 2657 3961 testium
2685 3907 2980 3961 necessitas
3008 3906 3297 3975 irrogatur.
3334 3904 3489 3960 Unde
3512 3906 3823 3975 justissima

2223 3997 2343 4052 lbas
2374 3998 2663 4067 episcopus
2710 4011 2875 4065 agens
2902 3996 3046 4065 apud
3092 4005 3339 4051 sanctum
3369 3996 3829 4053 Chalcedonense

2223 4090 2533 4157 concilium,
2563 4088 2728 4142 falsos
2768 4087 2988 4142 eosdem
3038 4094 3204 4142 testes
3233 4087 3586 4156 redarguens,
3638 4103 3701 4141 se
3730 4088 3830 4142 ab-

2223 4194 2376 4240 sente
2402 4185 2453 4238 in
2479 4184 2715 4239 secunda
2745 4182 3012 4253 Ephesina
3043 4197 3143 4252 per
3173 4182 3423 4250 figmenta
3452 4180 3632 4250 potius
3656 4195 3828 4247 quam

2224 4292 2322 4345 per
2344 4276 2630 4331 veritatem
2661 4273 3063 4328 accusationem
3094 4287 3410 4342 perpessum
3435 4285 3554 4326 esse
3584 4284 3832 4336 conque-

2224 4370 2400 4435 ritur;
2431 4367 2647 4437 quippe,
2671 4365 2764 4436 qui
2795 4374 3021 4419 noverat
3049 4380 3109 4419 se
3150 4364 3203 4417 in
3231 4362 3435 4432 judicio
3466 4360 3830 4431 przel'atorunt

2225 4461 2603 4531 episcoporum
2635 4456 2811 4510 Pholii
2841 4464 2897 4510 et
2921 4453 3188 4509 Eustathii
3220 4454 3364 4506 nulla
3394 4453 3459 4506 ab
3490 4451 3699 4506 eisdem
3729 4466 3831 4505 ac-

2225 4547 2565 4605 cusatoribus
2626 4545 2939 4600 obsectione
2990 4544 3338 4606 convictum;
3399 4547 3703 4609 contraque
3751 4540 3831 4592 ad

2227 4638 2701 4695 demonstrandam
2743 4636 2954 4705 plenius
3004 4635 3367 4689 innocentiam
3409 4648 3583 4696 suam,
3638 4629 3832 4684 Photii

2227 4738 2389 4799 atque
2417 4728 2683 4782 Eustathii
2711 4727 3089 4797 episcoporum
3115 4725 3411 4794 judicatum
3433 4723 3600 4791 relegi
3626 4733 3832 4792 postu-

2229 4824 2379 4886 lavit,
2426 4822 2480 4875 in
2520 4835 2751 4889 quorum
2788 4819 2990 4886 judicio
3032 4819 3157 4872 dum
3211 4818 3405 4890 [forte,
3453 4814 3708 4886 dudum]
3748 4818 3832 4871 ab

2231 4911 2633 4967 accusatoribus
2675 4909 2884 4963 libellus
2927 4908 3116 4962 fuisset
3146 4907 3359 4962 oblatus
3390 4906 3464 4959 ita
3506 4906 3645 4975 (Act.
3687 4904 3780 4972 10)
3816 4924 3833 4958 :

2232 5004 2346 5059 Nos
2376 5003 2608 5073 equidem
2637 5000 2944 5072 aptabantus
2993 5016 3142 5055 ontne
3190 5010 3387 5070 tempus
3418 5000 3535 5052 vita:
3563 4997 3679 5050 sine
3709 4997 3836 5050 liti-

2227 5097 2311 5167 gio
2368 5096 2551 5148 vivere.
2611 5089 2869 5156 Quoniam
2909 5101 3081 5144 autem
3119 5107 3181 5144 ea
3224 5106 3339 5160 quae
3376 5088 3628 5141 audacter
3671 5097 3838 5157 gesta

2224 5194 2343 5239 sunt
2372 5184 2613 5238 aduersus
2641 5193 2875 5236 nostram
2904 5180 3195 5233 Ecclesium
3224 5188 3273 5233 et
3298 5178 3689 5232 sanctissimam
3717 5176 3839 5230 Pa-

2224 5287 2359 5330 trum
2382 5283 2673 5329 nostrorum
2693 5274 2851 5342 ﬁdem
2880 5290 2911 5325 a
2941 5271 3220 5324 venerabili
3247 5269 3485 5338 episcopo
3508 5278 3689 5321 nostro
3726 5266 3842 5323 Iba
3908 5316 3915 5322 .

2223 5369 2493 5439 injustitia:
2518 5367 2756 5437 proxima
2786 5363 3099 5433 impulerunt
3139 5378 3232 5415 nos
3266 5361 3335 5413 ad
3359 5360 3492 5412 lianc
3522 5362 3841 5414 accusatio.

2225 5476 2341 5514 nem
2363 5457 2709 5520 descendere;
2739 5463 2794 5509 et
2824 5454 3045 5520 reliqua.
3086 5450 3331 5520 Dumque
3370 5450 3437 5503 ab
3483 5450 3693 5503 eisdem
3728 5465 3837 5505 co-

2223 5548 2527 5617 gnitoribus
2556 5562 2651 5615 per
2692 5542 3165 5598 interlocutioncm
3209 5541 3487 5595 decretum
3534 5538 3733 5592 fuisset
3766 5549 3845 5593 ut

2223 5659 2254 5696 a
2295 5639 2533 5707 generali
2562 5636 2907 5693 accusatione
2935 5632 3350 5697 descendentes,
3398 5630 3721 5698 singillatim
3754 5646 3847 5686 ex

2221 5731 2423 5798 scripto
2467 5738 2808 5783 accusatores
2854 5739 2974 5790 qua:
3021 5724 3279 5777 adversus
3309 5722 3453 5775 Ibam
3495 5719 3849 5791 episcopum

2223 5822 2468 5876 dicerent
2496 5818 2726 5888 capitula
2757 5816 3119 5884 designarent,
3171 5814 3301 5869 nihil
3332 5812 3499 5879 aliud,
3548 5823 3847 5881 quantum
