4042 6484
1120 423 1258 482 PRO
1293 423 1739 482 DAMNATIONE
1778 421 1994 479 TRIUM
2033 421 2547 479 CAPITULORUM.

3399 421 3503 476 150

222 545 294 602 ad
321 544 448 600 ﬁdei
477 558 670 600 causas
696 543 948 614 pertinet,
988 540 1045 599 id
1070 550 1176 611 est,
1203 542 1348 612 quod
1377 541 1596 596 Patrum
1626 540 1809 610 ﬁdem,
1841 541 1892 601 Α
1914 549 1963 592 et
2005 540 2115 609 ipse
2156 539 2227 593 ad
2266 539 2674 608 satisfactionem
2701 553 2878 592 eorum
2905 555 3020 608 quis
3059 540 3076 611 εἰ
3095 541 3247 608 forte,
3269 537 3337 593 de
3363 535 3500 608 ﬁch

223 645 283 691 ut
307 644 660 691 accusatores
693 633 966 700 dixerant,
1015 634 1333 703 impugnare
1370 631 1664 694 videretur,
1710 629 1812 684 nisi

222 726 329 781 hoc
353 724 732 780 tantummodo
761 725 828 778 ab
855 725 933 778 eis
961 723 1236 778 accusatio
1259 721 1478 794 scriptis
1505 720 1685 774 oblata
1713 734 1814 772 no-

223 816 394 871 scitur
419 815 706 870 continere
730 815 856 884 quia
898 814 1118 869 beatum
1148 811 1407 884 Cyrillum
1438 810 1676 880 appellat
1703 808 1816 862 ha:-

223 907 478 975 reticmn,
522 915 578 962 et
624 907 699 961 ob
745 907 849 960 hoc
892 904 1242 960 Nestorianus
1291 918 1414 958 esse
1459 909 1814 956 monstratur.

224 998 303 1054 Ita
332 999 481 1054 enim
509 997 640 1054 dicit
666 1016 679 1051 :
734 997 872 1062 Quia
896 995 1248 1050 Nestoriauus
1274 1004 1372 1060 est,
1402 1003 1451 1048 et
1482 992 1686 1048 beatum
1715 991 1816 1063 Cy-

224 1088 403 1144 rillum
447 1089 748 1160 episcopum
790 1089 1086 1144 htereticum
1133 1087 1362 1156 appellat
1395 1103 1415 1150 ;
1465 1086 1608 1153 quod
1659 1085 1711 1138 in
1756 1099 1816 1138 se

224 1181 464 1237 maxime
483 1197 608 1251 qua:
622 1181 689 1237 ad
711 1181 896 1236 Marini
919 1179 1136 1235 Persam
1163 1179 1361 1246 scripta
1392 1177 1586 1244 legitur
1606 1183 1816 1230 certum

225 1271 628 1341 est‘epistolam
652 1271 954 1326 continere.
986 1268 1250 1337 Quodque
1271 1267 1454 1322 statim
1473 1265 1686 1335 judices
1715 1281 1816 1335 pro

225 1360 376 1430 gravi
421 1360 699 1417 hiereseos
741 1361 940 1416 dictum
987 1358 1230 1431 pondere
1275 1373 1336 1412 se
1387 1357 1688 1426 suscepisse
1717 1372 1814 1410 sua

225 1453 653 1509 interlocutione
700 1452 881 1508 testati
931 1458 1058 1507 sunt
1109 1448 1354 1504 dicentes
1383 1449 1455 1502 ita
1511 1445 1812 1518 (Act.I0):

226 1543 453 1610 Quando
482 1543 784 1618 objurgatio
809 1543 1092 1614 capitulum
1117 1543 1586 1612 sequitur,_animte
1613 1540 1817 1611 pericu-

222 1633 329 1688 lum
353 1635 554 1706 ferens,
597 1633 916 1704 superfluum
945 1631 1244 1702 judicamus
1284 1630 1676 1701 inquisitionem
1699 1629 1815 1699 fieri

222 1733 551 1780 ceterorum.
582 1721 712 1789 Qua:
734 1725 896 1795 igitur
923 1722 1198 1794 manifeste
1218 1721 1416 1776 indicta
1442 1729 1566 1774 sunt
1585 1729 1635 1774 et
1658 1736 1816 1774 cano-

220 1814 368 1868 nibus
395 1823 448 1868 et
469 1813 762 1886 legibus,.et
780 1821 1095 1884 suntaperte
1116 1812 1298 1867 odiosa
1319 1810 1482 1865 Deum
1497 1809 1814 1874 (iacentibus,

1917 628 2015 684 levi
2061 629 2199 684 dicta
2229 631 2435 700 fuerant
2477 631 2670 700 sapuit,
2711 645 2777 683 ex
2815 630 3007 699 scripto
3045 629 3171 685 dare
3197 631 3321 701 quid
3352 631 3507 684 sentit

1916 720 1994 774 uel
2017 721 2154 790 sapit
2178 720 2243 773 de
2268 722 2357 788 pia
2392 727 2566 772 nostra
2617 720 2750 790 fide;
2799 719 2936 791 quod
2964 727 3012 772 et
3043 722 3184 791 fecit.
3219 721 3304 776 Ex
3341 722 3506 775 abun-

1918 814 2099 867 dantia
2145 822 2316 868 autem
2369 812 2648 883 praedictus
2677 813 3116 866 reuerentissimus
3155 813 3232 866 vir
3271 815 3506 882 promisit

1917 915 1966 958 et
2014 906 2070 958 in
2096 921 2206 958 sua:
2231 905 2399 976 eloqui
2445 905 2666 959 ciuitatis
2704 903 2918 958 ecclesia
2965 912 3016 958 et
3055 905 3326 974 manifeste
3369 922 3505 957 ana-

1919 994 2253 1049 thematizare
2290 994 2536 1064 maligna:
2569 992 2847 1064 impietatis
2879 993 3166 1064 principem
3207 989 3508 1047 Nestorium

1917 1092 1965 1138 et
1992 1100 2078 1138 cos
2112 1085 2196 1155 qui
2217 1085 2348 1137 sicut
2373 1083 2460 1136 ille
2499 1084 2727 1152 sapiunt,
2757 1093 2806 1136 et
2833 1083 2920 1154 qui
2948 1084 3024 1136 vel
3044 1081 3190 1136 libris
3210 1081 3287 1136 vel
3314 1082 3509 1136 codici-

1918 1172 2010 1228 bus
2047 1173 2158 1244 ejus
2195 1183 2426 1228 utuntur.
2456 1171 2735 1244 Confessus
2773 1182 2850 1228 est
2884 1182 3056 1227 autent
3091 1175 3165 1227 sic
3205 1188 3261 1227 se
3303 1174 3510 1227 credere

1916 1267 2047 1320 sicut
2067 1268 2330 1321 continent
2345 1267 2530 1321 litterae
2544 1283 2658 1337 qua:
2673 1275 2915 1321 venerant
2933 1267 3070 1320 inter
3089 1266 3511 1320 reverentissimo:

1869 1357 1878 1360 ”
1915 1367 1966 1411 et
1989 1357 2331 1413 sanctissima:
2352 1359 2612 1412 memoria:
2638 1356 2898 1411 Joannem
2935 1372 3143 1427 magna
3180 1357 3511 1412 Antiochena:

1917 1445 2143 1500 civitatis
2171 1447 2466 1516 episcopum
2511 1454 2567 1499 et.
2589 1443 2840 1514 Cyrillum
2867 1445 3112 1499 maximae
3136 1444 3514 1498 Alexandrino-

1916 1553 2030 1590 rum
2057 1537 2280 1592 civitatis
2314 1537 2629 1606 episcopum,
2661 1536 2845 1607 quibus
2873 1537 3186 1590 ministravit
3214 1535 3375 1591 beata:
3412 1552 3506 1589 me-

1915 1630 2096 1684 moria:
2121 1629 2318 1684 Paulus
2347 1627 2712 1684 Emesinorum
2750 1628 2972 1682 civitatis
2997 1629 3286 1697 episcopus,
3311 1643 3376 1680 ea:
3400 1629 3514 1699 qui-

1916 1718 2010 1774 bus
2038 1722 2344 1776 universalis
2365 1737 2646 1776 consensus
2671 1720 2907 1790 efﬁcitur.
2938 1719 3242 1776 Consentire
3268 1729 3438 1774 autem
3463 1731 3514 1776 et

1915 1813 1972 1866 in
1993 1810 2226 1866 omnibus
2247 1827 2362 1882 quas
2394 1827 2557 1881 nuper
2583 1819 2726 1882 gesta
2757 1820 2880 1866 sunt
2907 1829 2940 1865 a
2976 1820 3158 1865 sancta
3179 1813 3376 1881 synodo
3400 1829 3514 1882 qua:

217 1904 327 1959 Ιηεο
351 1905 533 1976 eligite
560 1906 800 1976 primitus
819 1912 868 1958 et
884 1905 964 1958 his
987 1905 1197 1958 instate.
1239 1902 1455 1956 Videtur
1475 1910 1645 1955 autem
1665 1900 1813 1964 nobis
1850 1910 1887 1967 Β
1917 1902 2153 1956 convenit
2175 1902 2229 1955 in
2252 1903 2396 1972 regia
2417 1910 2472 1955 et.
2487 1900 2786 1955 Christiana
2816 1900 3262 1970 ConstantinOpoli
3288 1902 3511 1966 civitate,

219 1993 326 2050 lucc
352 2011 470 2050 esse
496 1996 719 2066 integra,
754 1995 922 2064 primo
951 1992 1155 2063 quidem
1177 2002 1331 2046 recta:
1352 2007 1464 2045 esse
1488 1990 1612 2061 ﬁdei
1650 2006 1808 2060 opor-

220 2075 322 2140 tere
339 2087 432 2158 qui
460 2086 765 2140 sacerdotio
793 2085 1132 2158 fungitur,.et
1158 2084 1236 2137 ita
1261 2099 1373 2137 esse
1405 2084 1562 2138 totius
1589 2081 1812 2136 luxuria

216 2173 457 2244 liberum,
490 2186 549 2231 et
573 2183 789 2231 cetera.

281 2265 370 2320 III.
401 2266 540 2334 Quis
580 2280 708 2334 ergo
737 2266 945 2321 dubitet
979 2281 1048 2322 ex
1074 2264 1373 2333 eo-judices
1401 2262 1696 2334 capitulum
1742 2262 1811 2318 ad

214 2357 408 2412 animae
436 2359 738 2429 perieulum
767 2359 1038 2429 pertinere
1065 2358 1266 2413 dixisse
1304 2365 1360 2412 et
1386 2372 1454 2412 ex
1491 2371 1559 2414 eo
1585 2370 1812 2412 censen.-

213 2447 340 2504 dum
367 2464 482 2504 non
503 2456 668 2506 rectae
690 2448 812 2504 ﬁdei
838 2448 1173 2505 sacerdotem
1196 2449 1288 2518 qui
1316 2449 1532 2504 beatum
1553 2447 1812 2518 Cyrillum

214 2539 509 2608 appellavit
535 2539 1020 2607 haireticnm,.cum
1049 2539 1181 2594 nihil
1209 2539 1352 2593 aliud
1388 2539 1440 2593 in
1469 2538 1814 2594 accusatione

214 2637 338 2684 ante
374 2630 522 2686 hanc
554 2630 1028 2686 interlocutionem
1057 2631 1390 2701 propositam
1419 2630 1487 2685 de
1521 2631 1699 2685 causis
1744 2630 1812 2684 ad

214 2715 371 2772 ﬁdem
399 2720 797 2789 pertinentibus
823 2721 1026 2776 dictum
1070 2720 1142 2774 sit
1169 2720 1270 2774 nisi
1299 2721 1426 2790 quia
1466 2720 1816 2776 Nestorianus

212 2817 294 2864 est
311 2819 369 2866 et
391 2811 616 2868 beatum
637 2812 894 2884 Cyrillum
920 2813 1211 2884 appellavit
1238 2813 1577 2868 bmreticum.
1595 2812 1676 2867 Ex
1704 2828 1814 2882 quo

212 2903 342 2958 satis
372 2911 622 2974 apertum
653 2913 744 2960 est»
761 2906 1044 2976 epistolam
1091 2905 1159 2959 ad
1183 2904 1374 2959 Marim
1416 2904 1636 2960 Persam
1682 2904 1825 2959 seri.—

211 3003 380 3065 ptam,
410 3013 536 3068 quae
562 2998 704 3054 beati
724 2997 909 3068 Cyrilli
939 2998 1212 3066 dogmata,
1230 2998 1426 3066 quibus
1448 3013 1556 3053 non
1585 3012 1787 3052 consen

214 3085 441 3142 ﬂentem
456 3087 761 3143 Nestorium
784 3096 998 3143 constat
1011 3103 1134 3144 esse
1153 3087 1487 3152 damnatum,
1510 3086 1832 3142 deﬁniendo»

212 3187 376 3233 necta:
399 3179 526 3232 ﬁdei
547 3193 667 3234 esse
689 3179 978 3243 contraria,
996 3179 1214 3233 beatum
1235 3178 1493 3249 Cyrillum
1514 3180 1830 3250 appellaret

1912 1992 2102 2047 habere
2119 2001 2292 2046 autem
2311 1994 2490 2046 omnia
2509 2008 2624 2064 qua:
2643 1993 2950 2062 placuerunt
2971 1993 3023 2046 in
3049 1991 3311 2061 Ephesiae
3333 2003 3518 2048 metio-

1912 2081 2147 2152 politano
2198 2082 2417 2137 concilio
2463 2084 2600 2152 quod
2639 2101 2672 2136 a
2711 2092 2892 2137 sancto
2940 2081 3142 2152 Spiritu
3194 2081 3512 2148 movebatur,

1913 2191 2063 2246 requa
2082 2184 2253 2229 autem
2274 2175 2391 2229 huic
2409 2174 2654 2245 judicare
2676 2177 2760 2246 qui
2783 2175 2836 2228 in
2859 2172 2913 2227 Ν
2919 2175 3044 2228 icturi
3065 2181 3185 2227 sunt
3211 2174 3512 2238 constituta,

1911 2273 1960 2319 et
1983 2265 2179 2318 nullam
2199 2264 2547 2334 differentiam
2567 2265 2816 2320 arbitrari
2840 2265 2951 2335 ejus
2972 2265 3042 2318 ad
3061 2265 3242 2318 aliam.
3267 2262 3335 2316 Et
3358 2265 3516 2319 nimis

1911 2358 2023 2428 ejus
2045 2357 2375 2412 sanctitatem
2395 2357 2717 2411 laudavimus
2737 2357 2874 2428 quod
2898 2374 3061 2426 prone
3083 2357 3308 2425 sapuerit
3330 2372 3516 2410 curare

1911 2465 2000 2502 eos
2023 2448 2110 2515 qui
2140 2447 2223 2502 uel.
2253 2448 2545 2518 suspicione
2572 2451 2648 2503 vel
2676 2450 2784 2504 alio
2811 2449 3166 2520 quoquomodo
3193 2447 3306 2518 ejus
3350 2448 3512 2502 hede-

1913 2549 2028 2595 rent
2053 2541 2349 2612 Opinionem
2376 2541 2646 2608 doctrinis,
2675 2552 2732 2597 et
2755 2551 2970 2597 ctctera.

1986 2632 2076 2688 IV.
2126 2631 2418 2688 Constituti
2464 2634 2626 2702 igitur
2665 2632 2810 2702 quod
2860 2648 2892 2688 a
2935 2633 3064 2689 viris
3115 2633 3516 2690 venerabilibus

1915 2724 2110 2780 Photio
2137 2734 2194 2780 et
2212 2725 2494 2782 Eustathio
2521 2727 2788 2796 prolatum
2813 2734 2897 2781 est
2925 2735 3114 2782 tenore
3142 2741 3426 2796 perpensa,
3457 2728 3513 2781 in

1915 2830 2026 2886 quo
2063 2816 2257 2872 dicitur
2285 2817 2525 2872 dantibus
2555 2818 2782 2890 capitula
2814 2816 3221 2882 accusatoribus,
3253 2833 3374 2889 qua:
3407 2819 3513 2872 uti-

1915 2921 2023 2976 que
2052 2906 2192 2972 dari,
2223 2907 2363 2963 sicut
2386 2908 2632 2978 superius
2659 2909 2874 2978 legitur,
2916 2909 3020 2964 nisi
3044 2909 3247 2980 scripto
3287 2910 3514 2964 minime

1917 3000 2525 3070 potuerunt,inventam
2547 3001 2654 3055 illic
2676 3001 3064 3056 immissionem
3083 3001 3340 3056 adversus
3363 3001 3510 3057 Ibam

1917 3091 2234 3160 episcopum
2269 3092 2486 3156 factam,
2511 3091 2654 3160 quod
2683 3091 2789 3145 alla
2819 3099 3014 3160 praeter
3039 3092 3184 3162 piam
3209 3091 3510 3148 doctrinam

1919 3181 2118 3237 faceret
2139 3183 2226 3238 vel
2252 3182 2501 3250 doceret,
2527 3182 2658 3238 nihil
2696 3183 2841 3238 aliud
2889 3185 3266 3255 pronuntiasse
3303 3185 3513 3254 judices

213 3265 650 3334 baireticum,.ab
669 3266 1114 3324 adversariislbae
1141 3267 1812 3339 episcopi,quiaejusdem
1841 3278 1886 3340 c
1919 3274 2122 3328 clarum
2161 3281 2278 3342 est,
2305 3275 2546 3344 negotio,
2576 3284 2636 3331 ut
2661 3276 2762 3345 ipsi
2791 3284 3114 3342 memorant,
3143 3277 3410 3333 subtiliter
3429 3279 3512 3334 in-

212 3353 314 3411 ibtc
326 3356 512 3425 luerit,
527 3357 674 3413 nullo
685 3357 846 3413 modo
857 3358 1280 3428 comprobatam,
1300 3372 1404 3413 nec
1411 3357 1659 3414 eumdem
1671 3356 1817 3414 Ibam

214 3448 338 3516 quia
376 3446 496 3516 ejus
521 3446 678 3504 fuerit
706 3446 869 3503 fuisse
917 3447 1245 3505 confessum.
1295 3445 1560 3514 Quoniam
1601 3448 1646 3504 si
1675 3447 1816 3517 apud

217 3537 470 3605 praelatos
490 3537 700 3607 judices
720 3539 790 3594 ab
807 3537 898 3595 Iba
917 3538 1114 3595 factam
1135 3539 1317 3595 doceri
1337 3539 1602 3609 potuisset
1616 3539 1819 3609 episto-

219 3625 343 3692 lam,
409 3643 688 3698 nunquam
762 3645 952 3686 eorum
1027 3630 1292 3685 sententia
1358 3629 1478 3686 lbas
1529 3631 1818 3687 meruisset

221 3719 442 3788 absolvi,
475 3737 598 3778 cum
628 3729 791 3777 tanta;
814 3722 1247 3779 interlocutibnis
1273 3737 1387 3778 sua:
1425 3723 1666 3792 pondere
1693 3721 1818 3778 ﬁdei

221 3809 365 3876 prius
389 3826 614 3866 causam
660 3812 830 3880 quaeri
858 3827 1189 3883 magnopere
1218 3813 1526 3880 voluerunt,
1556 3829 1719 3884 quam
1759 3814 1822 3870 in-

219 3897 528 3959 beatissimo
554 3903 774 3977 Cyrillo,
821 3907 914 3977 qui
942 3907 1010 3962 ab
1051 3905 1143 3960 Iba
1183 3907 1492 3961 nominatus
1537 3906 1816 3962 dicebatur

217 3989 534 4063 ﬁtcreticus,
576 3996 981 4052 aestimaverunt
1013 3995 1191 4064 fuisse,
1215 3997 1548 4066 gravissima.
1580 3996 1714 4052 Nam
1761 4005 1819 4053 et

216 4081 552 4156 subsequens
579 4086 858 4144 eorrstituti
883 4096 1062 4143 textus
1088 4087 1174 4142 his
1200 4088 1495 4144 convenire
1523 4102 1642 4158 qua:
1669 4088 1814 4144 dicta

217 4183 336 4230 sunt
360 4193 456 4246 per
490 4193 587 4232 sua
616 4178 735 4234 loca
763 4179 1162 4235 subteradnexa
1183 4179 1464 4234 evidenter
1491 4179 1828 4236 ostenditur._

219 4261 294 4319 Ad
320 4268 646 4336 petitionem
690 4284 924 4340 namque
965 4269 1110 4335 Ibar,
1141 4268 1321 4324 Photii
1363 4279 1526 4338 atque
1553 4268 1814 4325 Eustatbii

219 4355 597 4428 episc0porum
662 4359 717 4414 in
777 4367 1087 4417 memorato
1150 4367 1340 4414 sancto
1386 4358 1816 4416 Chalcedonensi

219 4449 437 4505 concilio
479 4450 679 4507 retecta
706 4452 849 4508 serie
867 4451 1114 4521 judicati,
1145 4451 1262 4507 haec
1291 4460 1414 4521 post
1457 4451 1634 4519 aliqua
1677 4466 1817 4520 pra:-

225 4532 392 4594 dictos
429 4540 674 4610 judices,
697 4541 825 4597 dum
869 4541 939 4597 de
975 4541 1333 4598 accusationis
1371 4540 1629 4596 adversus
1666 4541 1814 4596 Ibam

1919 3363 2141 3433 quisito,
2170 3379 2331 3434 quam
2363 3380 2462 3435 per
2500 3366 2843 3422 immissionis
2890 3365 3141 3435 ﬁgmenta
3179 3355 3512 3424 calu‘mniose

1918 3454 2174 3510 adversus
2201 3454 2348 3511 Ibam
2371 3459 2683 3528 episcopum
2712 3459 3110 3514 accusationem
3140 3474 3264 3516 esse
3305 3476 3512 3531 propo-

1915 3546 2098 3614 sitam,
2129 3561 2238 3600 non
2267 3547 2446 3602 studio
2487 3548 2746 3604 veritatis.
2778 3548 2846 3603 Et
2868 3549 2996 3617 quid
3024 3557 3110 3604 est
3133 3550 3276 3618 quod
3323 3550 3378 3604 in
3419 3565 3512 3606 ca-

1916 3636 2098 3706 pitulis
2118 3636 2320 3706 scripto
2342 3638 2607 3707 porrectis
2625 3647 2967 3694 accusatores
2983 3647 3172 3696 contra
3195 3641 3510 3712 episcopum

1914 3726 2062 3782 Ibam
2081 3726 2148 3782 de
2177 3727 2300 3784 ﬁdei
2328 3743 2489 3785 causa
2518 3722 2825 3784 detulerant
2852 3731 2952 3786 nisi
2980 3731 3126 3801 quod
3157 3733 3512 3788 Nestorianus

1916 3828 2080 3881 esset,
2111 3820 2329 3875 beatum
2357 3818 2612 3890 Cyrillum
2633 3820 2946 3876 haereticum
2973 3821 3318 3887 nominando,
3348 3838 3511 3892 quem

1916 3908 1970 3961 in
2015 3908 2342 3978 Apollinaris
2391 3909 2642 3966 incidisse
2671 3911 2922 3966 hairesim
2960 3920 3018 3968 et
3040 3911 3351 3970 haereticam
3379 3929 3512 3968 con-

1915 3997 2198 4068 scripsisse
2226 3999 2532 4068 epistolam,
2564 4015 2685 4069 quaa
2715 4000 2782 4054 ad
2822 4000 3009 4055 Marim
3054 3999 3274 4057 Persam
3311 4003 3509 4072 scripta

1917 4087 2546 4156 perhibetur,.al‘lirmat?
2577 4086 2730 4143 Unde
2756 4089 2961 4144 clarum
2999 4099 3082 4144 est
3121 4091 3227 4146 Iba:
3270 4091 3512 4160 episcopi

1915 4177 2162 4232 eamdem
2189 4177 2471 4247 epistolam
2495 4192 2604 4231 non
2624 4176 2808 4242 fuisse,
2833 4193 2955 4232 cum
2977 4179 3026 4232 ei
3050 4193 3146 4246 per
3165 4178 3517 4236 immissionis

1917 4269 2207 4324 falsitatem
2251 4268 2395 4336 quod
2425 4268 2615 4323 eadem
2652 4268 2880 4338 epistola
2907 4268 3152 4325 continet
3189 4269 3400 4340 judices
3428 4278 3515 4326 te-

1915 4367 2126 4413 stentur
2145 4358 2443 4425 objectum,
2462 4371 2625 4425 quem
2655 4358 2941 4414 memorati
2969 4359 3214 4430 superius
3233 4361 3512 4417 constituti

1918 4448 2097 4502 locum
2125 4447 2412 4515 qumstioni
2440 4447 2683 4519 episcopi
2711 4448 2815 4505 Iba:
2836 4449 3179 4507 manifestum
3207 4461 3290 4508 est
3313 4469 3514 4510 conve-

1918 4539 2055 4602 nire,
2086 4553 2184 4607 per
2211 4551 2374 4605 quam
2420 4538 2476 4592 in
2525 4547 2717 4595 sancto
2756 4556 2823 4596 ac
2875 4542 3173 4598 reverenda
3216 4541 3513 4600 Chalcedo-

229 4626 532 4700 episcopum
563 4629 822 4687 instituta:
850 4631 1040 4687 ordine
1064 4632 1436 4700 loquerentur,
1462 4632 1516 4685 in
1533 4647 1627 4686 sua
1645 4632 1813 4686 claret
1842 4643 1894 4703 1)
1919 4628 2070 4682 nensi
2097 4627 2328 4683 concilio
2364 4626 2619 4684 Uranium
2648 4630 2957 4701 episcopum
2996 4633 3243 4700 queritur
3271 4648 3368 4702 pro
3409 4632 3514 4690 Eu-

229 4711 416 4774 dixisse
461 4720 764 4786 sententia,
809 4735 929 4789 qua:
956 4721 1030 4775 ita
1065 4735 1126 4775 se
1163 4720 1365 4774 habent
1395 4720 1533 4791 (Act.
1563 4720 1617 4790 9)
1657 4738 1671 4774 :
1712 4720 1830 4776 His.

231 4819 342 4874 ergo
369 4809 612 4866 dantibus
634 4811 866 4884 capitula
893 4812 1135 4882 qutedam
1159 4820 1210 4865 et
1235 4809 1539 4880 rogantibus
1558 4820 1614 4865 ut
1631 4812 1818 4867 horum

231 4895 366 4963 ﬁeret
392 4903 597 4958 subtilis
623 4903 910 4974 inquisitio,
953 4903 1418 4958 incumbentesnos
1439 4903 1679 4974 capitulis
1702 4920 1720 4968 ;
1767 4913 1823 4959 et

231 4984 533 5048 invenientes
582 4995 640 5048 in
693 4994 775 5048 his
817 4993 1189 5048 immissionem
1239 4993 1517 5065 quamdam
1573 4993 1817 5048 adversus

236 5069 376 5132 “am
403 5084 868 5137 reverentissimum
899 5083 1216 5154 episcopum,
1249 5084 1398 5154 quasi
1438 5101 1545 5138 non
1570 5095 1704 5139 recte
1734 5101 1824 5139 sa-

237 5179 396 5234 paret,
411 5173 504 5228 sed
523 5173 631 5227 alia
657 5182 846 5242 praeter
871 5175 1011 5245 piam
1058 5173 1350 5228 doctrinam
1375 5174 1616 5239 doceret,
1647 5191 1821 5230 neces-

239 5258 366 5320 δεῖξε
392 5278 455 5317 ea:
483 5263 579 5318 hoc
606 5263 749 5334 prius
777 5263 1160 5334 inquisitionem
1189 5280 1308 5317 cum
1330 5281 1522 5336 magna
1551 5265 1834 5334 diligentia.

240 5344 398 5411 facere
411 5370 583 5407 sumus
603 5354 832 5425 impulsi.
861 5354 1208 5423 Praecepimus
1229 5356 1413 5408 etenim
1435 5354 1819 5409 accusatoribus

242 5432 337 5489 dici
365 5458 477 5509 qua:
505 5452 675 5498 essent
708 5459 823 5516 qua:
855 5442 918 5496 ab
947 5444 1187 5514 episcopo
1211 5443 1311 5497 lba
1349 5443 1665 5510 dicerentur,
1689 5447 1821 5500 sicut

241 5523 334 5593 ipsi
351 5531 602 5601 dicebant,
627 5537 699 5607 pii
713 5535 979 5607 dogmatis.
991 5535 1184 5591 aliena.
1208 5533 1468 5590 Dixerunt
1485 5553 1660 5591 eorum
1682 5539 1822 5607 ipso-

245 5632 350 5680 ηηι
375 5629 628 5698 quadam.
663 5627 730 5684 Et
755 5646 871 5684 cum
894 5629 1058 5684 multa
1085 5638 1225 5683 mota
1251 5630 1468 5700 fuissent
1489 5646 1604 5702 qua:
1624 5631 1678 5684 in
1693 5632 1825 5685 actis

242 5707 426 5772 inserta
443 5731 579 5776 sunt.
602 5721 670 5777 Et
688 5731 810 5794 post
830 5737 1001 5792 pauca
1023 5721 1185 5777 iidem
1207 5720 1418 5791 judices
1441 5722 1514 5776 ita
1536 5723 1820 5778 dixerunt:

250 5796 314 5854 Et
339 5814 558 5868 consiliis
586 5817 827 5884 pietatem
853 5814 1035 5884 ubique
1053 5823 1413 5884 prteponentes
1441 5823 1488 5868 et
1510 5816 1823 5886 inquirentes

247 5905 630 5968 ﬁtwparavimus
657 5906 1117 5962 reverentissimum
1157 5904 1307 5962 Ibam
1347 5906 1640 5978 episcopum
1687 5906 1823 5978 quod

1924 4719 2106 4791 tychis
2123 4728 2368 4788 agentem
2389 4720 2561 4789 gratia
2583 4719 2846 4790 quosdam
2874 4722 3098 4783 clericos
3118 4724 3211 4794 qui
3231 4738 3342 4778 sua:
3365 4740 3513 4781 accu-

1922 4812 2116 4866 sationi
2158 4811 2468 4868 insisterent
2495 4827 2854 4883 przeparasse.
2883 4813 2967 4869 Ex
3001 4830 3111 4884 quo
3137 4817 3268 4872 satis
3293 4827 3518 4888 apparet

1923 4905 2096 4975 ipsam
2125 4905 2511 4961 immissionem
2537 4922 2635 4960 sua
2661 4906 2929 4962 sententia
2959 4905 3212 4962 Photium
3238 4915 3293 4963 et
3321 4907 3515 4964 Eusta-

1925 4996 2095 5050 thium
2130 4993 2341 5063 judices
2372 4995 2534 5050 tacito
2581 4996 2920 5051 imminentis
2967 4997 3184 5052 nomine
3227 4998 3514 5060 lacerasse,

1923 5097 2087 5153 quam
2116 5083 2236 5138 lbas
2263 5084 2550 5154 cpiscopus
2580 5085 2756 5154 palam
2788 5086 2842 5140 in
2871 5095 3057 5141 sancta
3087 5086 3515 5142 Chalcedonensi

1921 5174 2130 5246 synodo
2172 5190 2432 5243 expresso
2462 5176 2866 5230 concinnatoris
2915 5176 3180 5232 vocabulo
3219 5176 3513 5232 denotavit.

1923 5265 2040 5319 Non
2081 5274 2167 5320 est
2193 5264 2354 5334 igitur
2381 5265 2692 5334 ambiguum
2721 5265 2824 5320 hoc
2844 5265 2990 5335 quod
3019 5266 3086 5320 ad
3126 5265 3517 5321 criminandum

1921 5357 2139 5411 beatum
2170 5355 2430 5426 Cyrillum
2450 5396 2482 5422 ,.
2497 5366 2554 5411 et
2581 5373 2682 5426 pro
2707 5357 2898 5412 hairesi
2929 5357 3221 5413 schismate
3247 5355 3353 5411 Iba:
3381 5373 3517 5410 ceno
3562 5368 3566 5373 '

1869 5496 1881 5507 .
1920 5456 2028 5503 stat
2048 5448 2338 5518 objectum,
2364 5447 2522 5516 idque
2541 5448 2824 5518 epistolam
2845 5449 3150 5514 continere,
3174 5446 3518 5501 manifestum

1923 5549 2007 5597 est
2047 5542 2116 5596 ab
2155 5541 2559 5597 accusatoribus
2618 5541 2963 5596 immissionis
3003 5538 3298 5594 calliditate
3343 5539 3517 5594 conli-

1927 5641 2072 5689 ctum
2122 5641 2178 5687 et
2225 5632 2464 5687 accusati
2493 5632 2779 5702 negaubne
2817 5638 2874 5685 et
2895 5629 3156 5699 judicium
3203 5629 3517 5687 deﬁnitione

1927 5723 1951 5777 Γ
1951 5724 2090 5779 uisse
2120 5731 2500 5778 monstratum.

2001 5815 2062 5870 V.
2122 5815 2386 5884 Adjicitur
2438 5829 2656 5883 quoque
2706 5811 2949 5882 ejusdem
2976 5812 3173 5883 pagina
3234 5814 3515 5869 constitui

1930 5905 2070 5977 quod
2099 5907 2166 5962 ad
2207 5905 2628 5962 satisfactionem
2658 5917 2846 5960 eorum
2872 5909 2990 5971 quae
3016 5901 3085 5958 ab
3111 5900 3527 5961 accusatoribus
