4018 6340
493 394 599 454 I5!-

1682 382 1909 441 VIGILII
1947 381 2053 438 PP.
2092 380 2576 438 CONS'I‘ITUTUM

486 512 667 585 [forte,
698 505 769 565 de
798 504 929 579 fide]
970 506 1075 563 levi
1101 504 1244 561 dicta
1274 504 1486 559 fuerant
1512 503 1688 573 sapuit
1719 501 1840 556 Ibas
1863 499 2075 570 episco-
2107 504 2151 560 Α
2182 510 2395 569 gnatur,
2445 515 2552 555 non
2603 498 2845 554 dicerent
2886 497 3095 568 judices
3146 497 3292 552 Ibam
3339 497 3652 568 episcopum
3696 513 3765 553 ex

484 616 586 671 pus
617 616 683 656 ex
723 600 929 671 scripto
966 598 1101 653 dare
1128 596 1256 668 quid
1282 598 1445 653 sentit
1469 596 1552 650 vel
1581 595 1720 664 sapit
1739 593 1807 648 de
1833 593 1919 663 pia
1950 591 2074 645 fide.

488 689 645 749 Unde
674 697 900 760 apparet
925 697 1322 757 consequenter
1341 685 1445 741 Iba:
1472 685 1710 756 episcopi
1735 691 2082 739 accusatores

486 780 663 835 notari
694 795 793 850 per
817 780 998 834 omnia
1030 778 1296 844 falsitatis,
1323 778 1412 846 qui
1454 776 1759 831 inconsulto
1794 774 2081 829 simultatis

486 870 669 924 calore
712 868 880 938 lapsi,
941 868 1129 923 leviter
1176 868 1354 939 potius
1414 882 1575 936 quam
1638 881 1765 921 vere
1812 864 2081 921 criminati

484 958 651 1013 fuisse
668 957 815 1013 Ibam
837 965 1210 1013 monstrantur
1232 958 1565 1027 episcOpum,
1583 955 1718 1010 adeo
1744 962 1805 1009 ut
1823 954 2082 1009 adversus

485 1064 551 1104 ea
578 1064 699 1119 qua:
738 1057 897 1105 tenor
938 1050 1181 1120 epistola:
1209 1049 1275 1103 ad
1305 1049 1492 1103 Marim
1534 1047 1752 1103 Persam
1787 1046 1999 1117 scriptas
2026 1045 2079 1099 in

486 1140 942 1195 obtrectazionem
966 1141 1111 1195 beati
1131 1138 1316 1211 Cyrilli
1339 1148 1395 1193 et
1415 1139 1699 1194 duodecim
1724 1137 2078 1208 capitulorum

486 1230 605 1301 ejus
633 1233 880 1300 asseruit,
930 1232 1202 1287 eteadem
1239 1240 1617 1287 accusatorum
1656 1231 1876 1286 levitate
1920 1239 2082 1300 atque

485 1324 722 1381 falsitate
746 1326 959 1393 objecta
990 1324 1110 1379 Ibas
1135 1324 1339 1380 dixisse
1363 1324 1611 1379 convinci
1643 1338 1751 1378 non
1780 1324 1971 1393 potuit,
2013 1337 2082 1377 ex

486 1416 691 1486 scripto
719 1415 938 1486 insuper
964 1414 1108 1470 idem
1156 1414 1276 1470 Ibas
1320 1414 1445 1482 quid
1476 1413 1543 1468 de
1582 1414 1670 1482 pia
1716 1410 1820 1468 fldc
1859 1412 2083 1469 sentiret

491 1506 827 1574 ostenderet,
859 1515 1117 1575 tanquam
1148 1506 1367 1578 puritati
1397 1520 1507 1560 sua:
1534 1503 1783 1560 sufficere
1811 1519 1919 1559 non
1938 1502 2084 1573 judi-

489 1615 621 1655 cans
647 1600 791 1673 quod
821 1599 1067 1655 convinci
1096 1597 1298 1667 aliquid
1342 1605 1530 1652 contra
1578 1604 1783 1652 rectam
1812 1594 1972 1650 fidem
2001 1595 2084 1649 di-

489 1690 636 1746 xisse
677 1706 785 1745 non
836 1690 1034 1760 potuit,
1066 1690 1169 1744 nisi
1215 1691 1378 1744 etiam
1425 1689 1596 1759 ipsam
1645 1687 1803 1743 fidem
1847 1687 2082 1755 qualiter

489 1797 705 1854 semper
751 1784 1062 1839 retinuisset
1100 1782 1281 1837 animo
1319 1796 1414 1836 sua
1459 1779 1727 1834 sententia
1758 1777 2077 1849 publicaret.

490 1848 646 1941 Quod
666 1876 751 1931 vel
770 1875 1037 1945 judicibus
1056 1875 1144 1929 vel
1175 1874 1274 1944 ipsi
1307 1872 1411 1927 Ihm
1438 1873 1696 1942 episcopo
1716 1848 2078 1926 necessarium
2113 1848 2161 1907 Β

488 1966 714 2023 minime
741 1966 937 2029 fuerat,
968 1967 1013 2022 si
1053 1964 1359 2036 supradicta
1388 1963 1616 2035 epistola
1656 1971 1712 2017 et
1737 1964 1856 2031 ejus
1883 1976 2006 2017 esse
2029 1969 2085 2016 et

491 2056 800 2114 orthodoxa
846 2073 1011 2112 sensu
1065 2057 1265 2111 dictata
1317 2056 1583 2125 potuisset
1654 2053 1887 2108 ostendi.
1942 2052 2087 2119 Qua-

489 2157 717 2218 propter
751 2148 1040 2216 diligenter
1067 2147 1455 2202 attendendum
1485 2153 1568 2203 est
1594 2145 1741 2215 quod
1780 2145 1978 2200 dicitur
2018 2144 2087 2199 ad

490 2237 913 2293 satisfactionem
954 2251 1143 2293 eorum
1187 2251 1307 2306 quas
1336 2235 1441 2290 levi
1470 2236 1614 2290 dicta
1661 2234 1875 2291 fuerant
1916 2250 2088 2306 prone

491 2328 738 2399 sapuisse
778 2327 924 2383 Ibam
966 2327 1281 2397 episcopum
1309 2341 1374 2382 ex
1404 2326 1610 2396 scripto
1644 2325 1932 2382 ostendere
1957 2325 2086 2397 quid

493 2417 563 2473 de
592 2418 680 2488 pia
702 2416 805 2474 fide
823 2418 1068 2472 sentiret.
1099 2415 1393 2472 Evidenter
1429 2416 1629 2471 etenim
1658 2415 1863 2471 clarum
1890 2424 1974 2471 est
2014 2416 2089 2471 ita

494 2508 740 2578 epistola:
760 2508 829 2563 ad
853 2507 1041 2562 Marim
1071 2514 1279 2562 textum
1302 2507 1393 2577 pio
1421 2506 1660 2573 dogmati
1701 2506 1930 2560 inveniri
1958 2521 2092 2560 con-

495 2598 762 2664 trarium,
809 2605 870 2652 ut
921 2597 1169 2666 quamvis
1228 2597 1449 2652 levitate
1514 2597 1882 2652 accusantium
1927 2610 2090 2665 quam

494 2701 680 2742 rerum
744 2687 970 2743 veritate
1026 2685 1133 2742 Iba:
1194 2687 1449 2758 episcopo
1512 2686 1753 2742 firmetur
1834 2686 2044 2755 objecta
2070 2727 2087 2753 ,

499 2786 680 2833 tamen
731 2792 803 2834 ne
842 2778 927 2833 vel
967 2778 1072 2833 hoc
1123 2778 1268 2847 quod
1316 2778 1449 2833 false
1494 2778 1659 2848 ipsius
1706 2777 1850 2832 dicta
1892 2776 2085 2844 fuerat,

496 2867 618 2939 ejus
659 2869 941 2926 catholica:
985 2867 1108 2925 fidei
1154 2870 1472 2939 derogaret,
1526 2884 1698 2940 prone
1736 2869 1916 2939 sapuit
1953 2883 2090 2924 con-

495 2965 583 3013 tra
648 2956 790 3014 illius
858 2957 1192 3029 impietatem
1260 2959 1390 3027 quid
1427 2960 1495 3014 de
1561 2959 1648 3030 pia
1707 2958 1814 3015 fide
1868 2958 2094 3014 sentiret

496 3047 826 3104 ostenderet.
869 3048 1054 3120 Neque
1093 3050 1236 3105 enim
1266 3048 1335 3104 de
1365 3049 1681 3105 orthodoxae
1717 3049 1841 3105 fidei
1866 3049 2095 3105 sinceri-

2182 591 2479 646 ahnndanti
2527 592 2668 646 inter
2712 590 2815 645 alia
2857 590 3167 661 promisisse
3203 590 3403 645 habere
3434 590 3617 645 omnia
3646 604 3766 660 quae

2181 685 2500 753 placuerunt
2521 684 2573 739 in
2605 682 2880 753 Ephesino
2910 684 3085 754 primo
3113 684 3361 749 concilio,
3391 683 3483 737 sed
3513 698 3614 753 pro
3641 697 3767 738 cor-

2183 780 2424 832 rectione
2465 777 2644 847 potius
2687 776 3007 831 declaranda
3047 776 3292 831 dicerent
3339 774 3649 830 necessarie
3675 789 3769 831 co-

2182 874 2361 920 actum
2393 867 2702 937 praedictum
2732 866 3048 937 episcopum
3077 865 3167 919 illa
3198 866 3439 935 recipere
3459 879 3580 933 quae
3606 864 3676 918 ab
3702 880 3771 920 eo

2181 957 2397 1027 quidem
2427 973 2523 1028 per
2551 959 2832 1028 epistolam
2863 956 3075 1011 fuerant
3102 958 3423 1028 improbata.
3466 956 3583 1010 Non
3624 958 3768 1011 enim

2182 1064 2250 1103 ex
2277 1049 2567 1103 abundanti
2611 1048 2885 1119 professus
2926 1047 3046 1103 Ibas
3072 1048 3340 1104 diceretur
3378 1048 3687 1123 episcOpns,
3725 1049 3772 1101 si

2183 1139 2299 1209 ipsa
2342 1155 2519 1194 rerum
2547 1141 2869 1195 necessitate
2894 1146 3138 1209 cogente,
3170 1148 3230 1194 ut
3256 1148 3543 1209 appareret
3581 1140 3776 1192 ortho-

2184 1232 2378 1298 doxus,
2416 1232 2697 1287 fateretur.
2727 1230 2825 1286 Cui
2854 1232 3014 1286 etiam
3054 1230 3298 1285 dilucida:
3346 1230 3543 1284 rationi
3581 1244 3778 1284 conse-

2182 1332 2413 1392 quenter
2450 1338 2571 1393 qu:e
2614 1322 2837 1378 inferius
2884 1322 3231 1377 continentur
3273 1320 3513 1390 ejusdem
3549 1319 3778 1389 judicati

2183 1415 2347 1470 verba
2390 1414 2678 1485 proficiunt
2703 1415 2899 1483 quibus
2926 1414 3124 1469 dicitur
3153 1414 3291 1482 (Act.
3325 1413 3413 1479 10)
3442 1430 3456 1465 :
3506 1411 3593 1466 Ita
3637 1412 3779 1465 enim

2182 1510 2294 1580 ejus
2334 1509 2661 1561 sanctitatem
2688 1506 3011 1560 laudavimus
3045 1505 3181 1577 quod
3217 1521 3378 1576 prone
3421 1504 3651 1575 sapuerit
3690 1518 3778 1555 cu-

2184 1619 2303 1657 rare
2322 1618 2410 1656 eos
2438 1602 2525 1671 qui
2545 1601 2623 1654 uel
2648 1600 2943 1671 suspicione
2970 1601 3046 1652 vel
3074 1597 3428 1669 quoquomodo
3471 1597 3584 1667 ejus
3628 1595 3784 1650 (atde-

2185 1702 2302 1747 rent
2324 1692 2623 1762 opinionem
2649 1691 2919 1754 doctrinm,
2948 1697 3003 1743 et
3028 1697 3245 1744 cetera.
3276 1687 3352 1742 Ex
3379 1688 3574 1757 quibus
3600 1686 3783 1741 verbis

2191 1786 2525 1857 apertissime
2545 1785 2715 1839 claret
2735 1798 2802 1838 ex
2826 1782 3118 1837 abundanti
3142 1783 3246 1836 hoc
3265 1795 3481 1851 quoque
3498 1778 3647 1834 Ibam
3669 1780 3786 1848 epi-

2189 1894 2415 1948 scopum
2447 1876 2611 1934 fuisse
2638 1875 2942 1947 professum
2972 1891 3068 1946 per
3096 1873 3243 1945 quod
3275 1888 3380 1929 non
3412 1872 3633 1935 veritas,
3665 1887 3787 1942 qua

2188 1971 2256 2024 de
2286 1985 2352 2024 eo
2374 1969 2601 2038 probata
2632 1982 2741 2022 non
2770 1966 2965 2032 fuerat,
2996 1964 3090 2020 sed
3123 1965 3286 2019 etiam
3315 1962 3571 2032 suspicio,
3602 1960 3648 2016 si
3683 1977 3786 2032 po—

2188 2063 2381 2117 tuisset
2403 2060 2684 2125 accedere,
2707 2065 3047 2128 purgaretur.
3080 2054 3215 2110 Cum
3245 2063 3424 2108 autem
3446 2052 3675 2122 epistola
3721 2051 3788 2105 ad

2190 2150 2380 2205 Marim
2406 2148 2628 2204 Persam
2675 2148 2878 2217 scripta
2921 2162 3029 2201 non
3059 2160 3123 2199 ea
3149 2159 3268 2213 qua:
3296 2141 3584 2213 quamdam
3611 2142 3792 2210 suspi-

2190 2241 2402 2297 cionem
2432 2239 2690 2304 facerent,
2722 2237 2818 2291 sed
2844 2235 3186 2306 apertissima
3215 2242 3271 2289 et
3295 2233 3580 2288 manifesta
3601 2231 3788 2301 Ephe-

2190 2332 2321 2388 sinte
2358 2330 2545 2401 primae
2591 2327 2786 2401 synodi
2824 2335 2880 2382 et
2918 2325 3203 2381 duodecim
3235 2323 3596 2395 capitulorum
3642 2322 3792 2376 beati

2192 2422 2378 2494 Cyrilli
2425 2422 2635 2489 legatur
2669 2418 2897 2474 crimina
2944 2416 3242 2481 continere,
3294 2413 3495 2469 nemini
3538 2412 3689 2467 venit
3735 2412 3790 2466 in

2191 2513 2411 2569 dubium
2457 2512 2586 2582 quin
2634 2509 2738 2565 Iba:
2782 2507 3021 2580 episcopi
3063 2507 3285 2563 minime
3326 2504 3552 2576 probata
3599 2503 3792 2559 fuisset

2192 2604 2444 2675 epistola,
2491 2603 2583 2673 qui
2616 2617 2683 2657 ex
2734 2600 3025 2656 abundanti
3073 2600 3237 2655 etiam
3286 2598 3354 2653 de
3390 2596 3792 2667 suspicionlrus

2193 2693 2331 2749 liber
2349 2700 2599 2748 ostensus
2623 2698 2724 2745 est.
2751 2688 2819 2742 Et
2844 2687 3117 2758 quomodo
3146 2687 3214 2742 de
3239 2685 3465 2741 veritate
3494 2686 3793 2755 reprehen-
3828 2710 3835 2717 ι

2193 2784 2361 2841 sibilis
2389 2782 2519 2839 facti
2558 2782 2712 2850 argui
2754 2780 2957 2851 poterit
2984 2780 3076 2849 qui
3114 2778 3182 2835 de
3218 2779 3525 2849 suspicione
3569 2791 3795 2848 quoque

2194 2876 2347 2934 reddi
2373 2875 2543 2931 voluit
2570 2871 2817 2929 alienus?

2265 2966 2356 3023 VI.
2395 2965 2491 3021 His
2511 2965 2673 3034 igitur
2692 2964 2767 3019 ita
2797 2977 2858 3019 se
2882 2962 3207 3018 habentibus
3228 2969 3589 3031 congruenter
3605 2968 3664 3015 et
3683 2975 3792 3015 una

2195 3058 2495 3130 eademque
2530 3056 2794 3112 suadente
2836 3055 3063 3124 justitia,
3101 3054 3262 3109 etiam
3295 3054 3597 3121 legatorum
3646 3051 3792 3107 sedis

495 3148 611 3197 ῑθιθ
632 3140 766 3212 Ψιίά
790 3142 1036 3212 8aIliebat
1076 3142 1442 3197 necessarium
1472 3156 1618 3197 θθεθῑ
1644 3141 1849 3211 “Tillio
1892 3140 2092 3211 dePI'O‘
2135 3222 2158 3224 _
2198 3151 2510 3224 apostolicae
2547 3149 2894 3204 interlocutio
2922 3148 3130 3219 prolata
3174 3147 3533 3214 subsequitur,
3572 3158 3681 3214 qua
3723 3160 3791 3199 ex

496 3239 692 3299 meret,
715 3232 817 3286 nisi
857 3232 911 3286 in
941 3232 1032 3287 illa
1054 3232 1284 3302 epistola
1310 3246 1429 3302 qua:
1459 3233 1509 3287 ei
1537 3231 1750 3301 objecta
1778 3232 1955 3286 fuerat
1980 3232 2092 3287 cla-
2116 3222 2163 3284 C
2194 3222 2416 3297 (ιέοι-θιο
2463 3239 2685 3310 proprio
2738 3237 2916 3292 Phoiii
2969 3246 3132 3306 atque
3177 3234 3436 3290 Eustathii
3505 3235 3796 3289 venerabi-

497 3333 648 3381 reret
672 3324 912 3396 perfidiae
951 3327 1162 3382 macula
1202 3340 1366 3397 quam
1410 3327 1630 3381 vitabat.
1663 3325 1891 3382 Constat
1932 3327 2095 3395 igitur

500 3429 558 3476 et
583 3421 701 3489 ejus
729 3436 837 3475 non
867 3436 986 3476 esse
1020 3421 1305 3490 epistolam
1334 3436 1455 3490 quae
1482 3420 1701 3475 levitate
1729 3419 2094 3475 accusantium

500 3512 718 3581 objecta
747 3512 1009 3579 firmatur,
1039 3522 1096 3569 et
1125 3512 1245 3569 fidei
1277 3521 1440 3568 rectae
1467 3513 1865 3575 adversariam;
1906 3521 2093 3567 contra

501 3602 657 3672 cujus
699 3602 1061 3673 objectionem
1088 3619 1158 3659 ex
1197 3603 1400 3674 scripto
1447 3611 1592 3658 recta
1627 3601 1756 3657 fides
1784 3602 2093 3672 opponitur.

502 3692 712 3750 Rursus
742 3678 1142 3764 consequenter
1181 3704 1239 3751 et
1283 3695 1585 3751 evidentius
1630 3694 1696 3748 ad
1726 3693 1832 3748 Ibus
1861 3694 2097 3765 episcopi

502 3785 884 3852 purgationem
943 3786 997 3839 in
1050 3785 1241 3840 eodem
1292 3784 1551 3839 astruitur
1572 3783 1869 3852 judicatum
1917 3782 2095 3855 [{orte,

498 3872 767 3945 judicato]
793 3874 937 3944 quod
968 3874 1088 3931 Ibas
1126 3875 1412 3946 episcopus
1457 3889 1525 3929 ex
1560 3873 1850 3928 abundanti
1898 3875 2100 3943 promi-

502 3964 643 4021 sisse
688 3974 1017 4019 menoratur
1054 3964 1335 4019 manifeste
1370 3964 1812 4018 anathematizare
1856 3964 2100 4035 maligna:

502 4060 786 4130 impietatis
806 4060 1092 4131 principem
1113 4057 1434 4122 Nestorium,
1457 4066 1505 4111 et
1527 4073 1613 4111 eos
1641 4058 1725 4127 qui
1753 4056 1884 4108 sicut
1904 4057 1992 4109 ille
2014 4072 2100 4109 sa-

503 4150 673 4220 piunt,
700 4149 781 4204 vel
797 4150 886 4221 qui
913 4148 1059 4204 libris
1080 4159 1172 4203 aut
1198 4149 1454 4203 codicibus
1493 4148 1607 4218 ejus
1642 4154 1884 4211 utuntur;
1916 4146 2103 4200 habere

505 4247 752 4295 autentse
779 4242 959 4296 omnia
994 4257 1109 4314 qua:
1138 4240 1442 4312 placueraut
1485 4239 1541 4293 in
1580 4235 1843 4308 Ephesiae
1882 4237 2100 4291 concilio

504 4329 644 4399 quod
670 4346 704 4383 a
742 4341 922 4386 sancto
954 4331 1154 4401 Spiritu
1183 4330 1502 4396 movebatur,
1548 4327 1776 4399 nihilque
1805 4344 1839 4380 a
1880 4325 2101 4381 Nirwno

507 4419 720 4489 differre
737 4420 911 4492 Morte,
936 4421 1197 4495 differret]
1214 4423 1452 4477 concilio.
1476 4420 1643 4475 Porro
1673 4428 1851 4475 autem
1873 4420 2100 4491 epistola

508 4523 630 4579 qua:
657 4512 722 4564 ad
756 4510 944 4566 Marim
975 4511 1194 4567 Persam
1242 4515 1440 4582 scripta
1469 4512 1747 4580 relegitur,
1791 4526 1898 4566 non
1927 4511 2099 4565 solum

2195 3334 2329 3389 lium
2375 3332 2773 3404 episcoporum,
2828 3338 2937 3384 tam
2976 3330 3044 3386 de
3091 3330 3173 3385 his
3199 3344 3319 3399 qua:
3347 3343 3417 3384 ex
3456 3328 3659 3399 scripto
3701 3344 3796 3383 ac-

2196 3433 2474 3482 cusatores
2522 3424 2807 3486 dederunt,
2855 3437 3015 3491 quam
3064 3421 3134 3476 de
3180 3422 3263 3475 his
3299 3435 3420 3489 qua:
3459 3420 3601 3474 inter
3638 3428 3795 3487 gesta

2197 3515 2363 3572 locuti
2416 3523 2558 3581 sunt,
2611 3514 2662 3569 id
2701 3522 2786 3569 est
2832 3514 2899 3568 ab
2947 3513 3093 3568 omni
3149 3512 3496 3568 accusatione
3549 3511 3798 3581 inculpa-

2196 3605 2359 3661 bilem
2388 3613 2445 3660 et
2482 3605 2710 3660 liberum
2749 3604 2895 3659 Ibam
2923 3604 3187 3659 fateretur
3206 3605 3516 3674 episcopum
3539 3602 3795 3673 reperiri,

2198 3707 2255 3754 et
2302 3698 2357 3753 id
2405 3697 2778 3753 tantummodo
2825 3696 3083 3765 postulat,
3145 3704 3201 3750 ut
3233 3704 3412 3749 utrum
3463 3695 3796 3749 sententiam

2201 3804 2358 3845 suam
2430 3788 2655 3843 Photius
2700 3796 2862 3856 atque
2918 3785 3228 3842 Eustathius
3291 3784 3624 3840 venerabiles
3693 3783 3797 3837 viri

2199 3886 2609 3950 cognoscerent,
2657 3893 2754 3933 sna
2803 3877 3139 3948 professione
3170 3878 3463 3945 signarent.
3515 3874 3593 3929 Ita
3645 3874 3796 3930 enim

2199 3986 2260 4027 se
2305 3972 2471 4026 habet
2512 3971 2649 4042 (Act.
2700 3968 2755 4039 9)
2790 3986 2804 4022 :
2861 3968 3213 4023 Paschasiuus
3258 3977 3309 4022 et
3343 3967 3525 4039 reliqui
3563 3965 3801 4036 episcopi

2200 4080 2292 4136 per
2326 4062 2682 4133 presbyterum
2721 4060 3018 4129 apostolicae
3043 4059 3182 4113 sedis
3211 4058 3451 4112 dixerunt
3487 4073 3505 4111 :
3546 4056 3798 4111 Sanctis-

2199 4157 2319 4210 simi
2357 4154 2582 4223 episcopi
2627 4151 2715 4222 qui
2749 4151 2951 4205 decreto
2987 4152 3196 4220 proprio
3246 4159 3295 4203 et
3336 4147 3697 4218 inculpabiletn
3742 4156 3801 4200 et

2201 4245 2343 4301 omni
2364 4245 2689 4298 accusatione
2711 4241 2927 4295 liberum
2953 4240 3103 4294 Ibam
3130 4240 3589 4295 reuerentissimum
3615 4237 3801 4290 decla-

2202 4345 2403 4399 rarunt,
2434 4336 2479 4389 si
2508 4335 2770 4403 propriam
2808 4332 3113 4386 sententiam
3149 4337 3520 4399 recognoscant
3563 4328 3797 4381 edicunt.

2203 4426 2422 4483 Photius
2450 4424 2889 4480 reuerentissimus
2929 4424 3197 4493 episcopus
3241 4421 3365 4494 Tyri
3404 4420 3577 4475 dixit:
3612 4418 3801 4473 Etiam

2206 4528 2439 4574 nostrum
2466 4525 2541 4570 est
2565 4515 2843 4569 decretum.
2882 4512 3188 4567 Eustathius
3220 4513 3656 4567 reuerentissimus
3682 4513 3804 4579 epi-

508 4618 619 4657 non
667 4604 870 4660 habere
910 4619 1033 4673 quae
1087 4605 1141 4659 in
1180 4602 1455 4673 Ephesium
1485 4603 1660 4672 primo
1690 4603 1921 4657 concilio
1948 4610 2100 4670 gesta
2128 4598 2181 4658 D
2205 4625 2388 4679 scapus
2414 4607 2587 4678 Beryti
2607 4606 2781 4659 dixit:
2814 4603 2937 4657 Mea
2973 4614 3051 4658 est
3088 4602 3425 4673 subscriptio;
3462 4611 3519 4657 et
3564 4601 3799 4670 reliqua.

506 4701 653 4759 sunt,
684 4693 779 4749 sed
810 4695 972 4748 etiam
1001 4694 1147 4763 gravi
1190 4693 1563 4749 exsecratione
1590 4691 1863 4760 respuisse
1890 4699 1945 4744 et
1974 4706 2105 4745 con-

509 4784 797 4840 demnasse
823 4792 1152 4841 monstratur
1184 4802 1197 4837 :
1228 4785 1428 4854 quippe
1455 4798 1577 4837 cum
1609 4790 1665 4835 et
1690 4780 1994 4835 Nestorium
2020 4780 2106 4849 ju-

511 4875 653 4931 dicio
676 4885 732 4932 et
764 4876 1108 4945 inquisitione
1137 4892 1244 4931 non
1275 4878 1411 4931 facta
1442 4880 1706 4929 memoret
1734 4886 1856 4929 esse
1884 4871 2107 4927 damna-

513 4975 647 5032 tum,
678 4975 735 5022 et
754 4967 969 5021 beatum
991 4966 1248 5038 Cyrillum
1276 4966 1326 5020 in
1351 4966 1412 5033 At
1434 4964 1673 5019 ollinaris
1698 4963 1943 5018 limresim
1973 4962 2107 5018 inci-

510 5060 675 5126 disse,
731 5068 787 5115 et
827 5060 877 5114 ei
932 5060 1123 5114 similia
1166 5059 1446 5128 scripsisse
1499 5056 1792 5128 pertinacia
1846 5054 2108 5123 sacrilego

513 5148 692 5224 [ίαν-ιε,
720 5150 981 5221 pertinaci
1005 5166 1069 5205 ac
1095 5147 1382 5219 sacrilego]
1404 5164 1591 5204 errore
1614 5147 1858 5214 definiat,
1888 5156 1947 5201 et
1967 5148 2106 5200 duo-

512 5242 686 5299 decim
728 5242 873 5298 beati
901 5241 1081 5313 Cyrilli
1109 5242 1340 5312 capitula
1366 5241 1511 5295 omni
1555 5241 1830 5311 impietate
1867 5239 2024 5310 plena
2053 5248 2109 5294 et

514 5342 678 5389 rectas
699 5332 821 5389 fidei
842 5333 1111 5389 contraria
1133 5340 1511 5402 nuncupasset.
1537 5330 1689 5387 Unde
1708 5331 2109 5387 evidentissime

514 5423 822 5479 declaratur
868 5424 992 5493 quia
1043 5438 1108 5479 ex
1160 5423 1496 5493 professione
1543 5422 1647 5477 Iba:
1697 5424 1958 5492 episcopi,
2012 5439 2109 5493 per

516 5530 679 5584 quam
714 5532 777 5572 ex
807 5516 1121 5580 abundanti,
1152 5523 1211 5570 ut
1238 5524 1559 5571 attestantur
1585 5514 1813 5585 judices,
1862 5516 2107 5571 universa

517 5614 639 5675 quae
666 5608 720 5662 in
759 5606 1026 5678 Ephesino
1062 5608 1238 5679 primo
1266 5608 1498 5663 concilio
1525 5615 1674 5675 gesta
1718 5614 1844 5660 sunt
1888 5622 2109 5662 servare

521 5708 576 5755 et
606 5700 843 5770 recipere
870 5702 1172 5770 profitetur,
1213 5700 1337 5769 quia
1367 5698 1484 5768 ejus
1510 5699 1668 5754 fuerit
1696 5698 1979 5767 epistolam
2009 5698 2108 5752 de-

521 5798 796 5859 negatam.
827 5789 959 5843 Nam
988 5791 1033 5844 si
1059 5790 1177 5859 ejus
1202 5804 1323 5845 esse
1351 5790 1684 5844 constitisset
1711 5788 2024 5858 epistolam,
2054 5788 2106 5843 in

529 5896 655 5952 qua,
684 5889 740 5937 ut
766 5881 968 5938 dictum
995 5889 1097 5950 est,
1136 5880 1403 5952 Ephesius
1441 5881 1610 5952 prima
1656 5880 1890 5953 synodus
1936 5881 2109 5951 impu~

2207 4698 2286 4754 Ex
2313 4715 2419 4768 qua
2456 4698 2803 4767 inquisitione
2844 4711 2967 4751 cum
2997 4696 3367 4751 tantummodo
3414 4695 3482 4750 de
3526 4708 3803 4763 recogno-

2207 4790 2405 4846 scenda
2438 4788 2703 4844 sententia
2735 4787 2946 4857 judices
2973 4789 3328 4853 monuissent,
3360 4787 3490 4842 nihil
3516 4786 3585 4841 de
3620 4786 3806 4857 quali-

2209 4885 2320 4935 tate
2349 4880 2631 4936 sententia:
2657 4879 2982 4944 dubitantes,
3024 4880 3134 4935 imo
3171 4881 3335 4935 etiam
3359 4880 3484 4949 quia
3529 4894 3629 4949 per
3673 4894 3802 4933 eam

2206 4972 2327 5029 [bas
2356 4972 2640 5043 episcopus
2668 4973 2806 5028 liber
2829 4974 2896 5028 ab
2918 4973 3065 5029 omni
3094 4974 3437 5029 accusatione
3458 4974 3707 5027 inventus
3728 4973 3805 5027 sit

2208 5064 2591 5133 approbantes,
2622 5063 2855 5119 dilucide
2894 5071 3189 5135 aperteque
3216 5070 3547 5119 monstratur
3576 5062 3802 5118 decreto

2206 5152 2595 5207 venerabilium
2663 5151 2843 5207 Pbotii
2892 5161 3056 5222 atque
3101 5150 3366 5206 Eustathii
3414 5151 3802 5222 episcoporum

2207 5243 2370 5299 etiam
2420 5244 2716 5313 legatorum
2748 5245 3061 5314 apostolicae
3104 5244 3246 5300 sedis
3275 5245 3677 5301 indubitabilem
3706 5261 3804 5301 ac-

2207 5338 2435 5394 cessisse
2462 5352 2803 5403 consensum,
2830 5337 2979 5406 quia,
3008 5336 3148 5393 sicut
3177 5336 3382 5392 dictum
3424 5346 3524 5401 est,
3558 5338 3623 5390 ab
3645 5338 3801 5393 omni

2209 5428 2554 5483 accusatione
2581 5429 2717 5483 liber
2758 5427 2876 5483 [bas
2904 5428 3195 5483 exstitisset
3223 5430 3528 5498 episcopus.
3575 5427 3801 5483 Relecto

2209 5516 2391 5586 itaque
2422 5517 2596 5572 Pbolii
2627 5524 2789 5587 atque
2809 5516 3073 5571 Eustathii
3101 5518 3498 5588 episcoporum,
3527 5517 3668 5588 quod
3696 5531 3799 5586 pro

2208 5622 2269 5662 se
2297 5607 2415 5662 Ibas
2444 5608 2730 5678 episcopus
2752 5608 2990 5679 protulit,
3018 5607 3259 5677 judicato
3285 5618 3342 5664 et
3370 5610 3438 5663 ab
3469 5608 3667 5663 eisdem
3702 5606 3798 5674 ju-

2210 5697 2437 5763 dicibus,
2466 5699 2604 5753 sicut
2626 5714 2786 5772 supra
2816 5697 3016 5753 dictum
3045 5706 3145 5765 est,
3192 5701 3419 5770 repetita
3462 5698 3802 5770 professione

2211 5792 2507 5860 recognito,
2540 5809 2659 5847 cum
2706 5793 2756 5846 in
2799 5778 3216 5862 subsequentem
3257 5794 3399 5848 diem
3447 5794 3516 5850 de
3562 5809 3796 5865 persona

2211 5881 2451 5952 ejusdem
2478 5881 2581 5936 Iba:
2609 5881 2844 5954 episcopi
2875 5883 3061 5938 fuisset
3087 5884 3324 5954 cognitio
3352 5884 3580 5955 prolata,
3607 5896 3796 5938 rursus
