4042 6486
244 441 350 498 155

1137 437 1274 494 PRO
1313 438 1754 494 DAMNATIONE
1794 435 2009 490 TRIUM
2048 437 2562 494 CAPITULORUM.

3420 445 3526 502 154

245 556 522 622 ingressus
544 551 663 608 ibas
685 551 971 623 episcopus
1013 551 1126 608 haec
1156 551 1349 622 legitur
1394 551 1558 608 fuisse
1593 564 1833 620 conque-
1865 554 1909 612 Α
1939 549 2078 603 dicta
2100 551 2208 605 sint
2233 553 2602 618 constitutum,
2631 553 2770 609 adeo
2808 561 2866 608 ut
2887 569 2955 610 ex
2982 555 3178 612 eodem
3207 559 3429 616 decreto
3455 561 3526 616 ab

243 655 358 701 stus
385 645 522 714 (Act.
577 643 698 714 10);
745 643 1000 714 Deprecor
1028 644 1465 714 magniﬁcentiam
1513 654 1730 698 vestram
1782 650 1831 695 et

245 742 378 792 lianc
423 737 760 791 universalem
799 747 1035 789 sanctam
1055 735 1326 804 synodum.
1359 733 1617 805 Entyches
1656 736 1837 787 adver-

243 846 357 884 snm
387 846 471 884 me
503 845 598 899 pro
626 829 731 898 [ide
756 827 994 899 quendam
1038 828 1173 896 falsa
1214 828 1488 897 conﬁnxit,
1520 843 1613 881 nec
1654 843 1734 879 me
1775 828 1830 880 in

242 929 427 975 sancta
448 921 648 991 synodo
670 921 888 973 introire
915 919 1182 988 permisit;
1211 935 1302 985 per
1321 919 1664 989 quadraginta
1684 935 1836 971 man-

243 1014 416 1066 siones
442 1013 658 1066 invicem
683 1028 775 1080 per
799 1012 1026 1064 diversos
1060 1010 1267 1063 ordines
1295 1009 1483 1062 direxit
1514 1027 1626 1072 me;
1654 1009 1836 1081 viginti

242 1113 290 1156 et
319 1103 546 1165 amplius
568 1119 799 1156 carceres
830 1103 1041 1165 mutavi,
1075 1111 1321 1171 tanquam
1358 1119 1462 1154 non
1501 1111 1636 1155 esset
1657 1117 1836 1154 carcer

243 1194 297 1247 in
318 1194 620 1259 Antiochia,
651 1196 703 1248 in
728 1194 910 1248 ordine
942 1194 1336 1247 comitianorum
1384 1193 1667 1247 dicentibus
1707 1194 1834 1247 milii

243 1286 361 1356 quia
417 1285 698 1339 damnatus
749 1302 822 1338 es.
880 1283 941 1338 Si
994 1283 1192 1337 videtur
1251 1300 1374 1353 ergo
1436 1283 1836 1354 magniﬁcentia:

241 1385 422 1430 vestrm
445 1386 498 1430 et
517 1385 714 1430 sanctte
741 1386 924 1430 vestra:
945 1377 1142 1446 synodo
1173 1391 1288 1446 qua:
1307 1377 1418 1430 sine
1435 1377 1635 1446 judicio
1658 1376 1711 1429 in
1743 1378 1837 1428 ab-

239 1469 406 1520 sentia
425 1483 542 1521 mea
563 1467 828 1520 adversam
859 1483 939 1520 me
961 1477 1105 1537 gesta
1123 1475 1242 1520 sunt
1267 1467 1570 1537 infringere,
1592 1466 1646 1518 in
1667 1475 1836 1520 vestra

239 1558 334 1611 erit
368 1567 645 1625 potestate.
682 1556 760 1610 0b
800 1558 895 1610 hoc
923 1557 1130 1621 etenim,
1171 1558 1302 1610 sicut
1336 1557 1452 1626 jam
1497 1556 1696 1619 edocui,
1727 1555 1836 1609 adii

237 1665 444 1702 sacrum
471 1659 522 1701 et
544 1649 888 1703 immortalem
907 1650 1163 1712 verticem,
1191 1658 1241 1701 et
1259 1650 1420 1719 jussit
1466 1656 1683 1702 uestrum
1721 1664 1838 1700 ma-

235 1738 595 1808 gniﬁcentiam
637 1747 687 1791 et
728 1746 964 1792 sanctam
1008 1738 1260 1807 synodum
1305 1739 1487 1790 audire
1514 1753 1628 1808 quin
1655 1737 1840 1790 adver-

235 1845 348 1883 sum
372 1845 457 1883 me
487 1839 632 1900 gesta
658 1838 797 1892 sunt,
827 1837 876 1880 et
912 1829 1221 1898 cognovistis
1265 1843 1330 1881 ex
1369 1827 1572 1881 decreto
1613 1826 1735 1896 quia
1778 1827 1835 1880 in

235 1920 378 1974 nullo
407 1921 685 1990 culpabilis
706 1935 821 1973 sum
842 1929 1094 1989 repertus.

301 2010 420 2065 Vll.
452 2010 548 2066 His
589 2024 720 2078 ergo
774 2010 827 2064 in
877 2011 1154 2078 querelam
1207 2008 1448 2064 deductis
1484 2011 1654 2065 claret
1684 2009 1832 2066 Ibam

234 2101 554 2171 episcopum
635 2099 990 2170 apertissimis
1061 2099 1527 2168 deplorationibus
1607 2102 1833 2169 alligare

236 2194 413 2266 “orte,
449 2189 712 2262 allegare]
742 2189 886 2260 quod
939 2191 992 2244 in
1040 2190 1335 2245 secretario
1375 2190 1655 2260 superiore
1701 2208 1834 2247 con-

233 2289 461 2350 questus
506 2289 590 2336 est
635 2296 700 2336 ea
737 2295 858 2350 qua:
905 2280 960 2334 in
999 2281 1277 2336 sceleratis
1315 2280 1421 2336 illis
1464 2282 1630 2350 gestis
1649 2280 1831 2352 Ephe-

234 2375 366 2429 sina:
419 2371 675 2430 secundae
721 2368 917 2444 synddi
971 2369 1228 2428 adversus
1274 2386 1399 2427 eum
1445 2371 1514 2426 de
1544 2370 1649 2427 fide
1675 2381 1829 2442 gesta

235 2473 363 2519 sunt
377 2464 448 2518 ab
465 2462 708 2534 Eutyche
738 2447 904 2518 fuisse
923 2460 1170 2517 confecta
1203 2463 1384 2536 [forte,
1414 2461 1694 2535 conﬁcta];
1720 2463 1832 2528 ubi,

233 2556 372 2612 sicut
395 2555 512 2625 jam
541 2549 787 2625 s'uperius
813 2554 1019 2610 dictum
1045 2563 1148 2620 est,
1179 2570 1278 2625 per
1305 2554 1612 2610 introducta
1642 2565 1833 2612 contra

235 2647 522 2702 absentem
565 2662 825 2716 responsa
873 2647 1110 2712 testium,
1141 2647 1375 2702 maxime
1429 2647 1713 2718 epistolam
1766 2649 1834 2703 ad

236 2738 430 2795 Μαι-ιω
476 2738 697 2796 Persam
743 2739 983 2808 ejusdem
1032 2737 1195 2794 fuisse
1237 2739 1435 2794 docere
1469 2739 1649 2794 conati
1687 2749 1830 2794 sunt.

239 2832 416 2899 Quam
463 2831 747 2902 epistolam
793 2831 847 2886 in
897 2831 1004 2886 hoc
1053 2831 1176 2886 loco
1227 2829 1427 2900 duplici
1462 2829 1624 2884 modo
1654 2830 1722 2884 ab
1744 2828 1836 2882 lba

238 2925 524 2995 episcopo,
548 2923 690 2978 sicut
725 2931 780 2978 et
817 2923 1064 2992 superius
1083 2929 1349 2976 assertum
1378 2929 1481 2986 est,
1511 2921 1833 2989 denegatam

237 3013 524 3068 evidenter
549 3022 795 3083 apparet.
845 3011 1025 3066 Primo
1073 3011 1216 3080 quod
1269 3011 1678 3066 accusatoribus
1721 3009 1837 3079 ejus

237 3102 356 3173 ipsa
381 3101 669 3173 productio
697 3102 913 3156 testium
941 3101 1042 3154 nisi
1069 3110 1257 3155 contra
1288 3111 1571 3168 negantem
1596 3116 1838 3155 necessa-

235 3192 320 3246 ria
351 3206 465 3246 non
494 3189 658 3246 fuisse
700 3189 1052 3244 convincitur.
1083 3188 1254 3244 Nemo
1281 3189 1427 3244 enim
1465 3197 1656 3244 contra
1686 3190 1833 3244 illum

1934 643 2078 698 omni
2130 645 2472 701 accusatione
2499 647 2635 702 liber
2662 655 2718 702 et
2746 646 2798 702 iu
2836 648 2984 704 nullo
3013 650 3259 707 inventus
3288 652 3528 724 culpabi-

1937 735 2002 790 lis
2031 735 2319 791 diceretur.
2345 736 2500 803 Quod
2539 753 2660 792 cum
2688 738 2758 792 ita
2794 739 2886 805 sit,
2907 739 3183 796 evidenter
3213 743 3525 798 ostenditur

1935 827 2219 898 epistolam
2240 827 2308 883 ad
2334 827 2521 883 Marim
2553 828 2767 885 Persam
2789 831 3064 901 scriptam,
3097 848 3219 904 qute
3238 834 3520 892 duodecim

1935 920 2080 974 beati
2119 921 2302 992 Cyrilli
2351 922 2585 991 capitula
2624 923 2770 976 omni
2807 923 3083 994 impietate
3104 925 3262 994 plena
3286 934 3339 980 et
3359 936 3522 982 recta:

1939 1011 2064 1066 fidei
2091 1011 2222 1066 dicit
2253 1027 2375 1067 esse
2393 1013 2683 1076 contraria,
2718 1021 2774 1067 et
2798 1012 3100 1068 Nestorium
3123 1012 3326 1083 judicio
3357 1023 3412 1069 et
3441 1015 3526 1068 in-

1935 1104 2225 1172 quisitione
2252 1119 2357 1158 non
2385 1103 2524 1159 facta
2553 1105 2881 1170 damnatum,
2914 1104 3060 1160 nullo
3083 1104 3240 1160 modo
3263 1105 3388 1174 quia
3419 1104 3524 1160 Iba:
3548 1097 3551 1099 ’

1938 1193 2094 1250 fuerit
2114 1195 2464 1264 approbatum
2490 1211 2507 1260 ;
2536 1195 2735 1265 quippe
2760 1211 2883 1250 cum
2914 1195 3027 1264 ipse
3051 1194 3119 1250 de
3144 1209 3204 1249 se
3241 1194 3522 1264 apertissi-

1936 1298 2025 1336 me
2051 1282 2284 1337 fateatur
2305 1282 2449 1353 quod
2477 1298 2542 1337 ea
2565 1299 2685 1352 quae
2705 1283 2773 1338 de
2795 1282 2897 1338 fide
2925 1282 3182 1338 adversus
3209 1297 3271 1338 se
3296 1297 3522 1338 accusa-

1937 1381 2082 1429 tores
2104 1373 2358 1439 dixerint,
2383 1373 2514 1429 lalse
2548 1372 2835 1441 dixissent;
2868 1388 2992 1429 cum
3019 1372 3065 1426 si
3105 1379 3199 1426 aut
3227 1372 3342 1442 ipse
3369 1381 3524 1427 suam

1936 1479 2056 1519 esse
2083 1463 2368 1534 epistolam
2409 1463 2688 1526 fateretur,
2714 1471 2807 1516 aut
2825 1463 2895 1517 ab
2915 1461 3318 1518 accusatoribus
3347 1461 3524 1531 aliqua

1935 1554 2126 1609 fuisset
2161 1553 2478 1622 probatione
2505 1552 2809 1618 convictus,
2840 1567 2948 1607 non
2989 1551 3179 1622 utique
3222 1550 3399 1606 Photii
3441 1559 3524 1605 at-

1935 1656 2043 1712 que
2087 1640 2353 1698 Eustathii
2402 1641 2778 1710 episcoporum
2803 1640 3031 1710 judicio,
3057 1641 3110 1695 in
3139 1656 3367 1710 quorum
3396 1655 3527 1696 exao

1936 1734 2083 1788 mine
2123 1733 2236 1788 haec
2281 1732 2498 1787 fuerunt
2547 1731 2784 1801 ﬂagitate
2825 1731 3095 1805 [agitata],
3129 1733 3526 1789 absolutissime

1938 1832 2273 1880 censeretur.
2304 1821 2459 1890 Quod
2487 1823 2679 1878 leviter
2722 1838 2787 1877 ac
2843 1821 2977 1878 false
3024 1838 3087 1879 ac
3121 1839 3219 1893 per
3239 1824 3528 1879 immissio-

1862 1909 1912 1969 B
1939 1932 2064 1971 nem
2107 1914 2392 1986 quamdam
2421 1913 2489 1968 ab
2517 1913 2920 1969 accusatoribus
2961 1914 3072 1968 suis
3096 1913 3217 1969 ibas
3245 1915 3528 1984 episcopus

1934 2007 2098 2062 fuerit
2117 2007 2391 2077 impetitus
2418 2007 2763 2068 necessitate,
2795 2011 2852 2060 et
2879 2005 3185 2061 Nestorium
3214 2008 3530 2062 anathema-

1935 2099 2204 2162 tizaverit,
2235 2105 2290 2151 et
2317 2096 2496 2152 omnia
2539 2111 2661 2165 quae
2717 2095 2770 2149 in
2810 2094 3082 2165 Ephesino
3108 2096 3280 2166 primo
3308 2098 3528 2177 placue-

1934 2199 2062 2246 runt
2079 2189 2307 2245 concilio
2362 2203 2422 2243 se
2464 2188 2662 2242 habere
2710 2193 2965 2256 tanquam
2989 2202 3051 2241 ea
3079 2202 3198 2255 quae
3252 2188 3306 2242 in
3353 2186 3528 2242 Nicma

1937 2289 2056 2336 acta
2101 2287 2228 2335 sunt
2279 2278 2588 2335 voluntaria
2638 2276 2976 2348 professione
3028 2285 3254 2332 testatus
3277 2278 3379 2342 sit;
3412 2292 3529 2346 quat

1934 2376 2122 2443 utique
2146 2373 2213 2428 ab
2243 2372 2470 2442 epistola
2486 2385 2606 2440 quze
2627 2368 2698 2424 ad
2719 2369 2906 2424 Marim
2929 2369 3146 2426 Persam
3170 2371 3374 2440 scripta
3398 2369 3529 2426 dici-

1935 2473 2024 2520 tur
2052 2464 2334 2520 excusatio
2377 2461 2626 2517 Nestorio
2657 2468 2870 2516 constat
2898 2476 3019 2517 esse
3046 2461 3269 2531 rejecta.
3302 2461 3529 2532 Propter

1935 2555 2080 2626 quod
2129 2555 2258 2610 nulli
2307 2553 2456 2610 venit
2503 2552 2558 2607 in
2607 2551 2826 2606 dubium
2856 2551 3004 2624 quod
3035 2568 3099 2608 ea
3127 2568 3247 2622 quze
3272 2553 3532 2610 adversus

1937 2662 2037 2702 nos
2062 2644 2195 2700 false
2223 2643 2328 2699 dici
2351 2642 2661 2708 asserimus,
2702 2656 2880 2711 neque
2923 2657 2954 2697 a
2983 2643 3139 2699 nobis
3166 2643 3329 2708 dicta,
3356 2658 3533 2713 neque

1935 2751 1967 2790 a
2015 2736 2172 2790 nobis
2219 2734 2357 2790 facta
2408 2749 2527 2788 esse
2573 2732 2792 2787 omnino
2813 2731 3181 2800 disfateamur,
3211 2743 3265 2790 et
3313 2749 3434 2804 qua:
3462 2747 3531 2788 ex

1937 2823 2227 2878 abundanti
2286 2823 2557 2893 recepisse
2605 2820 2917 2888 astruimur,
2976 2832 3031 2878 et
3079 2833 3239 2880 antea
3287 2825 3527 2879 tenuisse

1940 2902 2234 2970 ﬁrmentur.
2272 2953 2278 2959 .

2013 3005 2143 3060 Vlll.
2167 3008 2247 3060 Ad
2277 3007 2436 3076 hujus
2471 3023 2690 3078 quoque
2737 3007 3163 3063 indubitabiliter
3184 3006 3532 3062 ostendenda:

1940 3099 2243 3167 negationis
2288 3108 2632 3167 augmentum
2663 3096 3080 3172 [argumentum]
3119 3096 3401 3151 commode
3436 3112 3522 3150 se-

1941 3188 2218 3258 quentium
2243 3197 2515 3257 gestorum
2539 3189 2673 3245 ordo
2693 3189 3054 3245 connectitur.
3078 3188 3211 3242 Cum
3240 3187 3382 3240 enim
3411 3185 3532 3256 qui-

237 3278 467 3336 iestium
516 3279 790 3348 responsis
831 3277 1032 3345 indiget
1083 3292 1244 3346 quem
1291 3277 1486 3332 viderit
1507 3275 1651 3347 quod
1679 3278 1747 3332 ab
1773 3294 1839 3333 eo
1867 3269 1915 3333 C
1945 3278 2069 3332 dam
2095 3278 2207 3346 jam
2229 3279 2282 3333 in
2312 3288 2497 3333 sancta
2517 3277 2943 3334 Chalcedonensi
2971 3277 3178 3348 synodo
3207 3273 3532 3330 absolutioni

240 3370 446 3426 factum
471 3369 648 3437 arguit
671 3358 938 3424 confiteri.
970 3366 1141 3435 Quam
1171 3368 1517 3436 negationem
1544 3383 1695 3423 suam
1717 3369 1839 3423 lbas

242 3463 536 3532 episcopus
555 3459 862 3516 evidentius
883 3475 952 3514 ex
981 3459 1267 3514 formidine
1298 3462 1632 3516 accusatoris
1659 3469 1841 3516 osten-

248 3553 326 3608 dit
346 3552 536 3608 dicens
564 3567 580 3607 :
603 3568 697 3606 nec
725 3567 806 3605 me
827 3552 882 3604 in
908 3551 1107 3621 synodo
1128 3551 1344 3605 introire
1366 3552 1602 3621 permisit
1622 3549 1836 3621 (Ibid.).

242 3639 322 3696 Ita
351 3643 502 3698 enim
531 3650 720 3697 contra
749 3656 810 3696 se
847 3640 1011 3696 falsos
1040 3649 1206 3695 testes
1244 3657 1368 3696 eum
1399 3657 1731 3711 praeparasse
1759 3650 1840 3695 te-

244 3742 454 3800 statur;
489 3741 549 3788 ut
577 3748 703 3789 cum
749 3721 912 3788 suam
957 3732 1250 3786 adversarii
1284 3733 1462 3788 studio
1499 3733 1838 3804 proﬂigatam

244 3835 506 3894 queratur
557 3824 878 3888 absentiam,
919 3821 1204 3878 conﬁrmet
1249 3839 1309 3879 se
1359 3832 1676 3892 praesentem
1731 3840 1840 3878 non

245 3918 490 3986 potuisse
526 3915 797 3972 convinci.
829 3913 1032 3971 Deinde
1073 3914 1218 3983 quod
1263 3915 1318 3969 in
1357 3922 1545 3970 sancto
1593 3930 1657 3969 ac
1685 3931 1841 3969 reve-

245 4009 410 4064 rendo
430 4006 864 4063 Chalcedonensi
893 4005 1122 4061 concilio
1149 4005 1516 4075 prtesenslbas
1531 4006 1837 4076 episcopus,

247 4099 372 4155 dum
401 4115 473 4156 ea
507 4115 627 4171 qua:
665 4099 924 4154 adversus
951 4113 1076 4153 eum
1120 4099 1174 4154 in
1203 4097 1466 4168 Ephesina
1493 4099 1730 4155 secunda
1759 4109 1843 4156 te-

249 4197 415 4246 status
455 4189 631 4262 |'forte,
665 4188 910 4260 testibus]
934 4189 1159 4258 aliisque
1184 4191 1360 4246 modis
1385 4199 1536 4260 gesta
1567 4202 1692 4247 sunt
1717 4190 1839 4248 fleta

253 4277 427 4351 [ιὀνιε,
463 4277 661 4350 fictam]
683 4279 1036 4349 conqueritur
1063 4279 1345 4349 epistolam
1375 4295 1536 4350 quam
1576 4281 1693 4350 ejus
1721 4297 1841 4338 esse

251 4368 356 4424 illic
400 4370 684 4438 responsis
727 4370 943 4424 testium
986 4370 1187 4424 dictum
1216 4369 1349 4426 false
1374 4369 1550 4426 fuerat
1576 4373 1842 4428 alienasse

254 4458 505 4530 [alienam
536 4474 567 4513 a
594 4458 674 4530 se]
704 4459 891 4529 procul
914 4459 1078 4514 dubio
1101 4459 1403 4530 profitetur.
1432 4460 1589 4517 Unde
1615 4472 1671 4517 et
1691 4479 1843 4518 com-

251 4559 501 4618 petenter
522 4551 764 4620 sequitur
789 4552 913 4621 quia
951 4551 1122 4605 sancti
1166 4551 1277 4606 illic
1306 4551 1357 4605 in
1389 4550 1730 4606 Chalcedona
1755 4567 1840 4607 re-

1938 3369 2045 3424 lbaa
2069 3370 2306 3440 episcopi
2342 3385 2534 3425 vocem
2573 3379 2853 3424 curassent
2896 3365 3340 3422 contradictionis
3359 3379 3534 3435 oppo-

1938 3476 2091 3528 nere,
2122 3471 2180 3516 et
2205 3460 2408 3531 ingredi
2448 3460 2566 3529 ejus
2609 3466 2956 3515 accusatores
2996 3456 3208 3527 judices
3252 3455 3529 3526 praecepis-

1937 3561 2080 3618 sent,
2111 3553 2384 3619 ingressus
2435 3550 2764 3620 Theophilus
2792 3548 3052 3603 diaconus
3080 3562 3203 3602 cum
3228 3547 3366 3610 aliis,
3397 3545 3527 3600 dum

1939 3642 2364 3711 interrogaretur
2373 3649 2553 3695 utrum
2565 3646 2912 3694 accusaturus
2924 3636 3068 3691 Ibam
3083 3635 3314 3690 venisset
3328 3634 3534 3704 episco-

1939 3749 2086 3804 pum,
2103 3733 2176 3788 ita
2211 3731 2488 3802 respondit
2537 3731 2674 3800 (Act.
2719 3727 2806 3798 l0)
2841 3745 2864 3803 ε⁸
2889 3727 3225 3781 Accusatores
3261 3725 3530 3794 manifesti

1939 3833 2080 3890 sunt,
2093 3833 2142 3878 et
2160 3824 2242 3878 hic
2254 3840 2358 3878 non
2371 3833 2510 3877 sunt.
2528 3821 2640 3894 Ego
2651 3821 2900 3875 diaconus
2913 3835 3045 3885 sum,
3059 3828 3108 3872 et
3118 3819 3226 3872 scio
3237 3818 3532 3872 violentiam

1940 3916 2181 3970 civitatis.
2205 3913 2276 3968 Et
2321 3914 2368 3968 si
2411 3929 2622 3980 accuso,
2646 3921 2799 3967 testes
2841 3927 2944 3965 non
2982 3909 3194 3974 adsunt,
3220 3917 3268 3961 et
3288 3907 3528 3977 denegat.

1943 3989 2072 4073 Quae
2118 4004 2450 4060 accusatoris
2500 4003 2783 4074 responsio
2831 3998 3142 4055 manifestat
3169 3996 3314 4066 quod
3344 3996 3416 4050 ita
3462 4009 3530 4049 ea

1941 4112 2063 4167 qua:
2085 4095 2230 4167 apud
2259 4096 2509 4151 Photium
2558 4103 2615 4150 et
2653 4091 2988 4150 Enstatbium
3011 4089 3296 4159 episcopos
3316 4085 3532 4153 objecta

1941 4195 2068 4242 sunt
2095 4186 2446 4254 denegaverit
2470 4184 2591 4239 lhas
2619 4181 2904 4251 episcopus
2932 4187 2993 4232 ut
3017 4179 3071 4232 in
3099 4174 3530 4230 Chalcedonensi

1940 4276 2167 4347 synodo,
2191 4291 2313 4331 cum
2370 4275 2485 4344 ipsa
2534 4271 2676 4326 idem
2725 4285 2757 4324 a
2801 4284 2860 4324 se
2896 4264 3199 4336 objicienda
3229 4272 3434 4332 nosset,
3461 4264 3531 4318 ab

1941 4365 2314 4436 lhagapiscopo
2332 4362 2642 4430 deneganda
2663 4356 2968 4414 confirmet.
3001 4355 3152 4411 Unde
3173 4354 3531 4425 quorumdam

1940 4455 2097 4509 valde
2125 4463 2204 4509 est
2234 4453 2496 4522 stupenda
2543 4450 2821 4506 contentio
2838 4489 2855 4514 ,
2883 4449 2977 4518 qui
3019 4447 3303 4518 epistolam
3328 4446 3394 4500 ad
3416 4445 3531 4500 Ma-

1943 4548 2045 4599 rim
2097 4542 2318 4600 Persam
2368 4541 2645 4613 scriptam,
2679 4541 2745 4595 ab
2775 4539 3178 4595 accusatoribus
3206 4554 3306 4610 pro
3336 4552 3531 4607 magno

253 4639 489 4698 sidentes
510 4641 720 4710 judices
741 4657 806 4696 ex
833 4643 1052 4699 decreto
1084 4641 1262 4697 Photii
1303 4649 1467 4711 atque
1489 4641 1756 4698 Eustathii
1786 4644 1841 4699 in
1868 4639 1920 4698 D
1945 4633 2168 4689 crimine
2209 4632 2498 4702 obiectam.
2523 4639 2580 4686 et
2627 4631 2681 4686 in
2732 4629 3158 4687 Chalcedonensi
3202 4626 3413 4700 synodo
3465 4644 3534 4682 ex

256 4730 394 4786 nullo
419 4747 549 4788 eum
579 4733 931 4800 cognoverint
956 4732 1279 4802 culpabilem
1302 4771 1318 4796 ,
1353 4734 1691 4803 apertissime
1721 4750 1843 4805 pro-

258 4819 467 4878 litentes
493 4822 637 4893 quod
660 4839 722 4878 ea
746 4839 866 4893 quae
906 4823 974 4879 de
1001 4823 1106 4880 fide
1132 4823 1390 4881 adversus
1417 4840 1540 4881 eum
1566 4811 1842 4884 accusato-

258 4925 358 4974 res,
385 4923 496 4968 tam
528 4912 577 4966 in
600 4913 780 4968 libello
830 4913 972 4983 apud
1009 4912 1259 4969 Photium
1280 4922 1337 4970 et
1361 4912 1697 4971 Eustathium
1724 4916 1839 4986 epi-

260 5015 450 5071 scopos
469 5003 668 5068 oblato,
695 5004 749 5058 in
772 5018 880 5072 quo
895 5004 1145 5060 dixerunt
1164 5020 1286 5060 eum
1317 5005 1543 5075 plurima
1568 5016 1755 5062 contra
1779 5005 1840 5060 fl-

262 5088 377 5145 dem
403 5091 624 5147 Patrum
644 5089 840 5158 dicere,
868 5109 1028 5163 quam
1052 5095 1106 5149 in
1127 5095 1377 5165 capitulis
1403 5111 1471 5150 ex
1498 5097 1696 5166 scripto
1741 5098 1838 5153 da-

269 5178 348 5246 tis,
370 5181 420 5236 in
440 5183 633 5251 quibus
657 5182 907 5238 dixerunt
927 5183 1136 5253 (Ibid.),
1155 5181 1210 5238 Ν
1212 5186 1502 5240 estorianus
1530 5196 1626 5249 est,
1653 5195 1702 5241 et
1726 5185 1840 5242 bea-

269 5275 367 5322 tum
409 5269 660 5343 Cyrillum
695 5273 924 5343 appellat
952 5274 1272 5342 Itwreticitm,
1297 5290 1396 5330 nec
1425 5290 1532 5328 non
1575 5283 1632 5329 et
1660 5276 1712 5330 in
1756 5275 1839 5331 his

265 5369 386 5416 sunt
429 5365 675 5420 dicentes
720 5379 844 5420 eum
897 5365 1112 5436 publice
1139 5365 1453 5431 allocutum,
1486 5365 1610 5422 Non
1638 5368 1838 5424 invideo

268 5448 461 5508 Christo
483 5457 624 5527 {acto
646 5455 756 5511 Deo
777 5472 796 5510 :
826 5458 882 5511 in
900 5465 1147 5527 quantum
1175 5459 1310 5511 enim
1334 5459 1502 5530 factus
1532 5468 1627 5525 est,
1655 5470 1704 5513 et
1721 5477 1836 5531 ego.

269 5537 431 5606 Quam
483 5547 880 5602 accusationem
927 5547 1182 5602 videlicet
1232 5563 1419 5602 eorum
1462 5557 1516 5603 et
1551 5549 1604 5604 in
1649 5551 1846 5619 quibus

267 5645 384 5689 eum
409 5636 785 5696 Nestorianum
829 5655 948 5695 esse
998 5648 1054 5694 et
1104 5639 1322 5694 beatum
1350 5639 1604 5710 Cyrillum
1631 5638 1848 5695 haereti-

268 5735 384 5779 cum
417 5731 718 5802 appellasse
755 5731 1028 5796 dixerunt,
1058 5729 1191 5786 false
1218 5730 1476 5786 adversus
1504 5745 1566 5785 se
1590 5730 1658 5784 ab
1684 5746 1846 5786 accu-

269 5813 528 5879 satoribus
547 5823 744 5879 fuerint
765 5824 1027 5889 intimata,
1053 5835 1109 5879 et
1130 5825 1203 5879 ita
1227 5839 1441 5894 quoque
1461 5823 1846 5878 venerabilium

275 5903 442 5967 l’hotii
463 5924 622 5986 atque
648 5915 908 5971 Eustathii
936 5917 1314 5988 episcoporum
1341 5915 1464 5987 quia
1495 5915 1687 5972 leviter
1716 5913 1847 5970 false

1943 4725 2111 4794 gestis
2165 4723 2309 4796 apud
2352 4722 2607 4779 Photium
2653 4731 2816 4792 atque
2859 4719 3198 4777 Eustathiiun
3246 4720 3533 4790 episcopos

1944 4816 2139 4872 habitis
2180 4831 2368 4871 rursus
2407 4814 2476 4869 ad
2504 4812 2953 4879 convincendum,
2987 4821 3047 4866 ut
3074 4812 3356 4882 putabant,
3387 4809 3532 4865 Ibam

1942 4910 2257 4982 episcopum
2286 4905 2686 4978 proferendam,
2717 4904 2968 4960 eumdem
3022 4903 3170 4958 Ibam
3218 4904 3532 4974 episcopum

1942 5001 2067 5072 quia
2087 5014 2184 5054 sua
2207 4997 2368 5052 fuerit
2394 4995 2727 5052 mentiuntur
2745 5010 2869 5050 esse
2891 4992 3198 5050 confessum
3219 5011 3234 5060 ;
3263 5008 3403 5056 cum,
3426 4991 3529 5060 (ut)

1941 5106 2106 5162 supra
2153 5089 2355 5144 dictum
2407 5097 2510 5152 est,
2555 5094 2900 5141 accusatores
2954 5084 3120 5155 ipsius
3146 5081 3534 5154 .przecedentes

1946 5181 2263 5252 negationes
2317 5177 2433 5248 ejus
2485 5176 2696 5248 experti
2724 5191 2789 5231 ea
2819 5189 2940 5246 qua:
2971 5190 3004 5229 a
3045 5189 3106 5230 se
3129 5188 3199 5228 ex
3221 5169 3535 5226 memoratis

1943 5271 2110 5341 gestis
2155 5267 2460 5338 objicienda
2515 5273 2818 5332 noverant,
2859 5264 3159 5322 certissime
3213 5267 3531 5328 negaturum

1944 5376 2065 5418 esse
2094 5368 2382 5416 testentur.
2414 5357 2475 5413 In
2516 5366 2725 5414 tantum
2753 5357 2897 5412 enim
2922 5356 2975 5411 in
3024 5355 3116 5411 illo
3145 5351 3323 5406 Photii
3370 5357 3535 5418 atque

1944 5453 2207 5510 Eustathii
2237 5453 2614 5523 episcoporum
2638 5449 2844 5522 judicio
2873 5450 3020 5505 lbam
3049 5447 3364 5516 episcopum
3393 5458 3531 5497 con-

1943 5545 2180 5602 scientia:
2207 5559 2318 5600 sua:
2338 5543 2531 5599 virtute
2546 5544 2844 5599 subnexum
2876 5541 3050 5614 [[orte,
3065 5532 3378 5607 subnixum]
3401 5533 3535 5588 scie-

1945 5629 2080 5694 bant
2106 5653 2170 5694 ea
2198 5652 2318 5708 qua:
2350 5637 2418 5692 ab
2451 5633 2858 5692 accusatoribus
2895 5631 3176 5703 proposita
3202 5625 3416 5682 fuerant
3439 5625 3534 5680 de-

1949 5745 2196 5801 negasse,
2227 5735 2287 5784 ut
2325 5729 2381 5784 in
2417 5735 2606 5783 sancto
2633 5720 3057 5780 Chalcedonensi
3095 5717 3325 5775 concilio
3371 5719 3534 5774 etiam

1949 5823 2080 5892 ipsis
2118 5821 2311 5876 Photio
2363 5828 2524 5893 atque
2580 5814 2862 5872 Eustathio
2909 5812 3282 5885 praesentibus,
3303 5824 3532 5880 quorum

1949 5912 2154 5983 pridem
2181 5910 2386 5982 judicio
2425 5927 2510 5966 res
2564 5905 2978 5975 fizcratagitata,
3005 5903 3328 5960 confirment
3353 5901 3533 5957 denuo
