4018 6340
471 364 579 424 155

1660 351 1893 409 “Cll.”
1913 351 2016 408 PP.
2054 344 2548 405 CONSTITUTUM'

3630 336 3767 405 15οκ

471 486 809 550 negaturum.
840 473 1122 541 Nunquam
1162 469 1304 526 enim
1343 475 1625 525 accusator
1653 468 1838 523 iisdem
1867 481 2051 522 rursus
2080 472 2121 522 Α
2155 460 2388 514 ﬁrmavit
2415 456 2761 527 episcopum?
2786 453 2912 509 meo
2936 466 3148 523 quoque
3172 450 3287 521 ipse
3309 447 3730 517 Pbotiusjudex,

446 572 530 633 in
580 567 888 637 cognitione
938 564 1246 621 sedentibus
1289 562 1435 617 ibam
1480 562 1793 631 episcopum
1845 562 2055 615 diceret

470 667 814 729 negaturum,
837 657 883 711 si
913 656 1053 727 apud
1082 671 1179 709 eos
1210 655 1261 708 in
1296 655 1475 723 priore
1496 651 1707 720 judicio
1739 652 1898 705 sciret
1935 652 2047 718 jam

471 749 635 805 fuisse
652 746 982 803 confessum.
1009 744 1251 798 Posthtec
1279 759 1399 796 cum
1438 742 1783 795 interlocutio
1808 741 2046 809 judicum

470 840 531 896 in
552 838 893 896 Chalcedona
936 835 1279 891 residentinm
1328 842 1594 901 quaereret
1621 834 1687 885 ab
1714 832 2049 887 accusatori-

469 934 573 990 bus
599 931 704 987 Iba:
732 930 968 1001 episcopi
994 936 1169 981 utrum
1190 926 1435 993 scriptas
1448 924 1793 993 probationes
1810 924 2049 993 prtebere

469 1023 540 1079 de
575 1038 637 1078 re
659 1022 836 1092 aliqua
874 1019 1190 1090 potuissent,
1220 1015 1549 1083 TheOpbilns
1577 1014 1835 1068 diaconus
1866 1013 1999 1067 dixit
2033 1031 2045 1065 :

469 1112 656 1169 Habeo
677 1119 1006 1167 monumenta
1035 1123 1148 1179 qua:
1165 1124 1318 1177 super
1330 1105 1437 1159 lucc
1464 1114 1605 1175 gesta
1626 1113 1749 1158 sunt
1763 1104 1816 1157 in
1840 1103 2056 1175 Beryto,

470 1215 522 1259 et
539 1220 654 1276 quae
679 1205 740 1259 in
763 1201 991 1271 Epheso,
1017 1206 1072 1253 et
1098 1207 1311 1252 cmtera.

538 1293 639 1349 IX.
664 1289 1204 1346 Animadvertendum
1251 1295 1336 1342 est
1374 1285 1536 1356 igitur
1562 1285 1704 1355 quod
1737 1285 1867 1340 nihil
1907 1283 2050 1339 aliud

467 1394 657 1441 contra
676 1382 823 1439 Ibam
850 1382 1162 1451 episcopum
1192 1377 1480 1432 adversarii
1502 1376 1618 1444 ejus
1632 1376 1778 1444 quod
1809 1376 1862 1430 in
1891 1374 2051 1430 Chal-

465 1475 765 1533 cedonens's
779 1473 1087 1545 proferrent
1107 1470 1313 1544 synodo
1341 1483 1401 1524 se
1427 1469 1627 1523 habere
1646 1468 1925 1533 dixerunt,
1950 1467 2049 1522 nisi

465 1580 530 1620 ea
559 1578 688 1635 quas
706 1561 848 1632 apud
876 1560 1126 1615 Photium
1175 1566 1230 1613 et
1280 1557 1617 1611 Eustathium
1671 1558 1956 1627 episcopos
1995 1567 2052 1614 et

464 1663 658 1725 postea
685 1653 740 1708 in
766 1651 1034 1722 Ephesina
1055 1648 1290 1704 secunda
1310 1646 1381 1702 de
1407 1661 1474 1703 eo
1494 1654 1621 1703 sunt
1645 1646 1828 1702 habita
1856 1664 2057 1703 monu-

467 1752 678 1801 menta.
710 1742 790 1797 Ex
811 1758 919 1812 quo
948 1748 1173 1812 apparet
1217 1754 1325 1795 non
1359 1737 1462 1793 sibi
1491 1752 1586 1793 eos
1610 1737 1880 1807 judicasse
1903 1736 2053 1793 sufﬁ-

2149 552 2288 620 apud
2317 566 2477 619 quem
2506 547 2713 618 pridem
2744 554 2952 615 gestum
2985 544 3157 599 fuerat
3182 545 3448 598 contitens
3471 542 3595 610 quia
3625 558 3732 595 non
3768 552 3771 553 '

2149 640 2427 695 convictus
2473 647 2615 694 esset
2654 637 2772 692 ibas
2820 637 3123 706 episcopus,
3168 651 3290 689 eum
3339 633 3525 704 procul
3570 632 3731 687 dubio

2148 745 2267 799 qua:
2295 730 2506 797 objecta
2552 739 2686 783 sunt
2726 742 2949 794 negasse
2995 725 3260 780 testetur?
3288 723 3458 790 Quam
3488 722 3727 790 negatio-

2150 839 2273 878 nem
2320 823 2550 875 maxime
2579 822 2643 875 ad
2674 820 2953 889 epistolam
3001 834 3121 887 qua:
3162 818 3226 870 ad
3276 816 3463 869 Marini
3513 814 3757 869 Persam.

2149 913 2346 982 scripta
2401 912 2594 978 legitur
2638 911 2907 980 pertinere
2947 907 3285 977 sequentium
3332 906 3572 959 declarat
3600 907 3735 960 ordo

2149 1013 2440 1072 gestorum.
2474 1002 2605 1055 Nam
2632 1017 2752 1055 cum
2803 1000 2869 1053 ad
2905 1000 3286 1053 documentum
3316 1013 3501 1051 eorum
3533 1013 3653 1067 qua:
3682 997 3733 1049 in

2143 1094 2349 1163 judicio
2403 1091 2580 1146 Photii
2611 1100 2665 1145 et
2712 1089 2976 1144 Eustatbii
3015 1105 3080 1142 ex
3128 1089 3331 1156 scripto
3370 1087 3650 1147 dederant,
3683 1085 3757 1138 id‘

2150 1183 2402 1253 estrquia
2432 1182 2777 1237 Nestorianus
2808 1187 2973 1246 esset,
3002 1187 3065 1234 et
3099 1180 3314 1232 beatum
3344 1175 3601 1248 Cyrillum
3641 1192 3739 1245 ap-

2151 1277 2407 1348 pellasset
2443 1270 3167 1340 hatreticum,blasphemias
3217 1268 3334 1322 illas
3387 1266 3741 1337 protulissent

2150 1381 2285 1436 quas
2309 1380 2369 1420 se
2390 1363 2651 1435 putabant
2678 1361 2902 1417 testibus
2922 1360 3262 1430 probaturos,
3292 1356 3345 1411 id
3368 1363 3473 1424 est,
3497 1353 3625 1408 Non
3655 1353 3738 1407 in-

2150 1458 2296 1513 video
2335 1454 2539 1510 Christo
2580 1452 2690 1508 Deo
2728 1455 2865 1526 facta
2906 1451 3043 1521 (Act.
3077 1448 3197 1520 10),
3230 1457 3286 1504 et
3310 1445 3617 1520 reprobatis
3654 1452 3741 1500 te-

2150 1549 2322 1605 stibus
2352 1546 2483 1601 nihil
2511 1560 2581 1600 ex
2608 1544 2693 1598 his
2717 1542 3004 1597 ostendere
3038 1539 3372 1611 potuissent,
3401 1537 3468 1593 ad
3495 1536 3585 1591 illa
3614 1548 3759 1607 quae-

2152 1639 2357 1711 pridem
2380 1653 2456 1693 ex.
2470 1637 2672 1706 scripto
2692 1634 2953 1690 dederant
2989 1631 3300 1697 redeuntes,
3323 1629 3429 1684 hoc
3448 1626 3592 1697 quod
3619 1621 3739 1691 epi-

2152 1729 2293 1783 stola
2336 1727 2405 1782 ad
2431 1726 2622 1780 Marim
2652 1722 2872 1778 Persam
2899 1722 3101 1791 scripta
3127 1721 3366 1775 continet
3393 1716 3755 1785 objecerunt,

461 1851 617 1903 cere,
638 1836 747 1891 imo
775 1806 1068 1890 contra-se
1113 1832 1347 1887 futurum
1367 1829 1548 1901 potius
1564 1806 1950 1897 aestimassersi
1977 1847 2043 1887 ea
2073 1834 2118 1894 Β
2150 1820 2213 1875 ω.
2254 1819 2517 1889 est,,quia
2561 1817 2734 1872 beata:
2778 1813 3053 1871 memoria:
3073 1812 3329 1883 Cyrillum
3365 1817 3421 1863 et
3447 1806 3736 1862 duodecim

460 1923 834 1980 tantummodo
856 1939 975 1993 qua:
995 1922 1135 1994 apud
1157 1920 1759 1995 memoratosPhotium
1780 1930 1834 1975 et
1853 1921 2047 1977 Eusta-

458 2016 628 2071 thium
658 2016 942 2086 episc0pos
969 2013 1235 2069 adversus
1253 2012 1400 2065 Ibam
1422 2011 1729 2081 episcOpum
1752 2020 1903 2080 gesta
1921 2022 2049 2067 sunt

457 2107 783 2176 legerentur,
816 2105 1088 2174 inquibus
1118 2104 1544 2172 nequetestihus
1571 2119 1748 2174 neque
1774 2120 1870 2158 sua
1900 2120 2049 2159 mon-

456 2194 730 2250 strabatur
756 2193 1096 2248 confessione
1120 2191 1419 2257 convictus,
1452 2191 1555 2245 nisi
1601 2200 1659 2246 et
1694 2207 1758 2246 ea
1803 2191 2047 2263 proferre

456 2300 577 2355 qua:
608 2283 813 2338 nefarie
854 2283 909 2337 in
956 2282 1193 2338 secunda
1239 2279 1505 2351 Ephesina
1537 2282 1744 2353 synodo
1771 2291 1890 2337 acta
1920 2292 2047 2338 sunt

457 2371 851 2443 poposcissent,
882 2370 937 2425 ii.
994 2370 1190 2440 quibus
1244 2370 1349 2425 illis
1393 2369 1716 2427 falsitatibus
1763 2381 2048 2427 uterentur

455 2464 547 2534 qui
576 2462 720 2519 lham
747 2463 1060 2533 episcopum
1085 2460 1367 2531 epistolam
1414 2478 1534 2532 qua:
1578 2462 1646 2517 ad
1700 2462 1889 2518 Marim
1916 2462 2047 2519 Per-

455 2569 572 2608 sam
600 2552 802 2624 scripta
847 2561 932 2609 est
969 2552 1303 2608 mendaciter
1325 2568 1479 2607 suam
1505 2568 1629 2608 esse
1645 2552 1895 2609 dixerunt
1915 2570 2047 2610 con-

455 2642 678 2698 fessum.
701 2640 920 2698 Certum
946 2650 1030 2698 est
1049 2642 1211 2711 igitur
1237 2641 1445 2697 nullum
1468 2641 1723 2700 adversus
1752 2643 1897 2698 Ibam
1921 2661 2045 2715 pro-

454 2735 711 2805 bationis,
734 2742 794 2790 ut
821 2735 1103 2806 putabant,
1128 2735 1380 2792 habuisse
1426 2737 1543 2806 ejus
1580 2736 1923 2793 adversarios
1944 2740 2046 2794 do-

454 2832 766 2879 cumentum
783 2866 800 2893 ,
832 2824 935 2880 nisi
961 2826 1065 2880 hoc
1092 2825 1433 2881 solummodo
1462 2826 1608 2895 quod
1636 2827 1688 2881 in
1711 2827 1804 2881 illa
1829 2828 2047 2883 nondi-

453 2911 628 2967 cenda
666 2912 875 2984 synodo
915 2912 1199 2968 adversum
1247 2928 1308 2968 se
1355 2912 1481 2969 lbas
1523 2914 1812 2985 episcopus
1837 2931 1936 2985 per
1961 2918 2044 2972 sui

452 3003 750 3059 absentiam
797 3003 992 3058 astruit
1037 3001 1204 3060 luisse
1255 3002 1573 3069 conlictum,
1596 3004 1742 3073 quod
1774 3005 1826 3059 in
1856 3016 2044 3061 saneta

451 3091 880 3149 Chalcedonensi
927 3093 1137 3165 synodo
1181 3093 1480 3149 residentes
1525 3093 1733 3163 judices
1777 3097 1853 3150 rei
1902 3099 2045 3152 veri-

2149 1913 2268 1983 ejus
2289 1912 2525 1983 capitula
2552 1909 2880 1981 appellasset
2907 1905 3178 1961 haeretica.
3202 1902 3302 1959 Cui
3331 1901 3476 1956 Patri
3506 1900 3738 1955 Photius

2148 2014 2313 2076 atque
2333 2003 2643 2059 Eustathius
2667 2000 2877 2073 judices
2900 2042 2917 2068 ,
2945 1999 3084 2055 sicut
3104 1997 3353 2068 superius
3378 1993 3480 2065 ipsi
3501 1990 3737 2076 professi

2147 2065 2292 2162 sunt,
2313 2096 2618 2165 diligentius
2645 2065 3035 2156 incumbentes,
3065 2065 3228 2144 modo
3282 2087 3351 2141 ab
3398 2083 3594 2139 eodem
3642 2065 3738 2134 lb'a

2148 2188 2403 2259 episcopo
2425 2194 2858 2259 perscrutantes,
2887 2183 3051 2239 modo
3093 2179 3443 2252 probationes
3471 2176 3539 2229 ab
3568 2188 3738 2228 accu-

2147 2284 2418 2339 satoribus
2473 2281 2773 2349 exigentes,
2823 2285 3002 2332 utrum
3042 2272 3245 2343 aliquid
3295 2277 3422 2341 post
3464 2267 3738 2321 unitatem

2148 2373 2512 2429 Ecclesiarum
2560 2370 2756 2425 factam
2805 2368 2859 2423 in
2907 2363 3299 2421 obtrectatione
3327 2356 3471 2413 beati
3490 2354 3737 2428 Cyrillia

2149 2462 2437 2534 saepedicto
2491 2460 2581 2515 lba
2637 2459 2895 2529 episcopo
2937 2454 3140 2509 dictum
3182 2450 3271 2516 sit,
3303 2448 3657 2503 vehementer
3683 2451 3755 2497 et'.

2146 2553 2497 2622 sagacissime
2528 2549 2915 2620 quaesiverunt.
2967 2543 3264 2599 Adversum
3310 2553 3431 2608 qua:
3476 2536 3596 2590 lbas
3641 2549 3737 2588 re-

2146 2648 2417 2720 spondens
2446 2645 2735 2717 episcopus
2762 2641 3011 2697 omnibus
3039 2634 3446 2707 exceptionibus
3471 2632 3585 2687 suis
3610 2644 3737 2685 eam

2146 2756 2268 2811 qua:
2296 2739 2363 2794 ad
2392 2738 2578 2792 Marim
2627 2734 2844 2790 Persam
2893 2733 3091 2802 scripta
3145 2729 3341 2796 legitur
3397 2722 3755 2795 impugnavit:

2153 2830 2461 2900 epistolam,
2493 2825 2788 2881 asserendo
2834 2823 2957 2893 quia
3010 2829 3135 2891 post
3181 2819 3440 2873 unitatem
3464 2824 3521 2870 et
3543 2826 3758 2884 pacem’

2148 2920 2289 2973 inter
2312 2919 2527 2973 beatum
2548 2914 2807 2987 Cyrillum
2837 2920 2893 2967 et
2919 2909 3218 2966 Orientales
3246 2908 3442 2963 laetam
3482 2905 3539 2960 in
3583 2901 3757 2959 nullos

2146 3010 2306 3065 beato
2328 3007 2526 3079 Cyrillo
2555 3006 2898 3076 derogasset,

2216 3098 2282 3154 Χ.
2312 3099 2480 3155 Porro
2501 3107 2679 3153 autem
2709 3095 2991 3166 schedicta
3039 3092 3106 3147 ad
3150 3090 3336 3146 Maritn
3360 3089 3578 3145 Persam
3599 3088 3755 3144 serit

451 3191 565 3239 tate
602 3183 835 3253 permoti
880 3191 1025 3247 sunt,
1059 3183 1489 3238 interlocutionis
1510 3183 1717 3251 justitia
1760 3186 2045 3243 submove-
2066 3204 2111 3264 ο
2144 3202 2237 3264 pia
2283 3190 2513 3260 epistola
2548 3189 2662 3260 jam
2705 3193 2829 3258 post
2858 3184 3116 3239 unitatem
3157 3196 3455 3252 pacemque
3477 3178 3753 3234 Ecclesiis»

451 3282 597 3339 runt,
626 3273 1022 3341 interrogantes
1064 3271 1399 3327 Thalassium
1429 3281 1590 3342 atque
1618 3272 1907 3329 Eusebium
1931 3277 2039 3346 epi-

451 3377 673 3433 scopos,
697 3362 789 3433 qui
824 3370 953 3418 tunc
1001 3363 1053 3417 in
1082 3364 1316 3417 secunda
1347 3361 1612 3433 Ephesina
1646 3380 1766 3419 cum
1796 3366 1916 3420 aliis
1944 3367 2039 3420 ad-

452 3452 689 3520 fuerunt,
722 3461 901 3508 utrum
924 3468 1113 3508 eorum
1143 3455 1469 3510 audientiam
1498 3471 1737 3525 praesens
1760 3455 1883 3512 lbas
1910 3457 2039 3512 fuis-

450 3553 537 3600 set
569 3554 841 3616 expertus.
874 3544 977 3612 Qui
1021 3545 1271 3601 dixerunt
1308 3549 1446 3616 (Act.
1481 3546 1571 3617 10)
1613 3566 1626 3601 :
1664 3545 1789 3603 Non
1832 3548 2032 3604 aderat.

451 3634 567 3701 Qua
591 3636 942 3704 responsione
979 3635 1219 3704 cognita,
1247 3633 1551 3691 Orientales
1589 3647 1644 3693 et
1683 3636 1893 3693 Pontici
1919 3638 2036 3707 epi-

450 3725 600 3795 scopi
627 3724 681 3778 in
706 3724 1129 3780 Chalcedonensi
1158 3727 1389 3782 concilio
1411 3728 1779 3784 clamaverunt
1804 3747 1818 3782 :
1844 3728 2037 3783 Absen-

452 3825 553 3870 tem
582 3816 755 3871 nullus
780 3816 994 3870 addicit.
1021 3816 1261 3884 Quorum
1318 3820 1664 3876 interlocutio
1708 3821 1783 3876 ita
1826 3823 2036 3891 prolata

450 3922 514 3961 ea
543 3922 663 3977 qua:
690 3907 948 3962 adversus
964 3906 1110 3962 Ibam
1132 3909 1445 3979 episcopum
1473 3910 1526 3965 in
1554 3911 1789 3967 secunda
1807 3910 2036 3982 Ephesi-

450 4015 519 4055 na
566 4010 718 4070 gesta
769 4010 895 4055 sunt
942 4000 1219 4056 evidenter
1246 4010 1491 4067 evacuat,
1518 4002 1585 4057 ad
1609 4003 1844 4069 illorum,
1877 4005 1929 4058 id
1956 4015 2038 4060 est

450 4088 625 4146 Photii
672 4100 727 4147 et
766 4090 1053 4157 Eustathii,
1100 4100 1495 4162 consequenter
1549 4109 1710 4148 omne
1760 4096 2038 4152 remittens

449 4189 572 4237 acta
602 4183 895 4252 negotium,
928 4199 1159 4251 quorum
1195 4182 1307 4251 jam
1356 4186 1621 4239 sententia
1649 4184 1798 4240 Ibam
1827 4187 2038 4257 episco-

450 4288 578 4341 pum
607 4283 870 4330 noverant
896 4275 1222 4330 absolutum.
1263 4272 1418 4342 Quod
1465 4276 1518 4330 in
1547 4280 1897 4348 sequentibus
1924 4281 2039 4336 evi-

449 4361 700 4416 dentiore
738 4361 999 4432 judicium
1025 4364 1445 4421 interlocutione
1466 4366 1731 4436 signatur,
1762 4368 1855 4438 qui
1885 4364 2034 4439 gesta

453 4452 657 4508 nefaria
685 4453 935 4508 secundae
970 4452 1254 4523 Ephesinaa
1297 4458 1489 4528 synodi
1530 4468 1721 4513 contra
1751 4459 1898 4515 lbam
1920 4462 2037 4530 epi-

451 4558 675 4634 scopum
704 4558 803 4613 pro
848 4546 1221 4601 exsecratione
1247 4554 1410 4616 atque
1439 4549 1721 4605 mendacio
1741 4552 1823 4605 sui
1853 4553 2035 4607 habita
2067 4574 2112 4634 υ

452 4633 621 4702 relegi
641 4642 946 4690 vetuerunt.
972 4634 1104 4689 Nam
1134 4644 1194 4690 ut
1211 4637 1451 4707 apertius
1479 4639 1851 4694 manifestetur
1880 4642 2038 4697 intel-

420 4742 421 4745 η
452 4723 545 4792 ligi
572 4722 719 4779 Ibam
749 4724 1066 4797 episcopum
1095 4726 1344 4781 universa
1372 4742 1491 4797 qua:
1525 4728 1592 4783 ab
1633 4729 1956 4787 adversariis
1985 4732 2038 4787 in

449 4816 652 4888 judicio
694 4816 872 4874 Photii
914 4826 1078 4888 atque
1116 4816 1379 4874 Eustathii
1420 4820 1801 4890 episcoporum
1829 4823 2040 4891 objecta

452 4911 685 4981 fuerant,
706 4921 763 4968 et
784 4928 925 4968 nunc
965 4913 1019 4968 in
1044 4921 1233 4967 sancto
1270 4910 1693 4969 Chalcedonensi
1714 4915 1946 4971 concilio
1973 4932 2041 4973 ex

453 5003 618 5070 gestis
640 5018 761 5073 qua:
789 5002 1120 5074 Theophilus
1166 5004 1477 5074 proferebat
1529 5003 1835 5075 objicienda
1863 5019 2037 5075 erant,

453 5092 876 5148 indubitabiliter
928 5093 1249 5163 denegasse,
1291 5094 1641 5163 interrogatio
1689 5094 1932 5165 judicum
1986 5100 2039 5154 in

452 5181 793 5240 Chalcedona
845 5183 1225 5249 residentinm,
1254 5184 1339 5239 vel
1378 5185 1659 5256 responsio
1703 5184 1879 5242 Photii
1926 5189 2043 5258 epi-

451 5275 598 5343 scopi
615 5275 733 5332 sine
749 5275 1065 5345 cujusquam
1086 5275 1449 5345 ambiguitatis
1467 5279 1717 5347 patefecit
1734 5281 2035 5344 obstaculo;

452 5378 572 5432 quas
591 5368 665 5420 ita
688 5382 748 5421 se
769 5367 969 5422 habent
991 5365 1178 5439 (lbid.)
1205 5385 1219 5422 :
1248 5366 1756 5441 Magniﬁcentissimi
1778 5380 1826 5425 et
1846 5372 2041 5443 glorio-

450 5458 648 5511 sissimi
668 5458 874 5529 judices
899 5459 1144 5513 dixerunt
1188 5476 1207 5514 :
1260 5459 1385 5515 Ibus
1413 5463 1569 5533 igitur
1595 5464 2039 5518 reuerentissimus

452 5567 486 5603 α
504 5552 615 5605 suis
642 5551 1027 5606 accusatoribus
1054 5562 1131 5607 est
1172 5555 1471 5608 convictus?
1502 5555 1717 5609 Pliotius
1746 5557 2045 5609 reverentis-

452 5641 613 5695 simus
642 5641 909 5713 episcoyus
930 5643 1062 5697 dixit
1091 5661 1107 5698 :
1138 5641 1281 5709 Non,
1302 5654 1359 5701 et
1384 5653 1600 5700 cetera.
1627 5645 1765 5713 Quid
1788 5646 1888 5700 hac
1917 5662 2040 5716 pro-

456 5734 677 5790 batione
724 5735 942 5805 clarius,
970 5735 1097 5808 quid
1128 5736 1432 5792 evidentius
1458 5736 1564 5791 dici
1586 5743 1765 5805 potest
1791 5751 1949 5805 quam
1981 5744 2041 5790 ut

453 5843 517 5883 ea
547 5842 666 5898 qua:
693 5838 976 5887 accusator
999 5829 1373 5900 propositurus
1394 5836 1709 5898 negaturum
1737 5826 1884 5884 Ibam
1909 5843 2039 5885 con-

2141 3283 2443 3338 restitntam
2472 3292 2527 3336 et
2557 3281 2770 3334 beatum
2798 3275 3055 3349 Cyrillum
3086 3274 3336 3328 incidisse
3366 3273 3419 3325 in
3447 3269 3739 3341 Apollina-

2140 3376 2223 3430 ris
2245 3376 2525 3440 haeresem,
2552 3373 2711 3439 eique
2765 3369 2959 3424 similia
3007 3365 3395 3436 conscripsisse
3418 3359 3749 3424 contirmat,.

2138 3474 2196 3519 et
2246 3463 2533 3518 duodecim
2587 3461 2711 3530 ejus
2750 3458 2988 3528 capitula
3044 3455 3235 3511 asserit
3255 3462 3417 3509 recta:
3456 3450 3732 3506 ﬁdeiesse

2137 3554 2425 3618 contraria,
2454 3551 2759 3607 Nestorium
2808 3557 2987 3603 autem
3030 3545 3291 3616 judicium
3316 3543 3460 3617 [sine
3500 3538 3729 3611 judicio]

2139 3654 2195 3699 et
2216 3642 2562 3713 inquisitione
2608 3656 2717 3696 non
2760 3638 2898 3695 facta
2946 3638 3285 3693 damnatum.
3311 3632 3465 3703 Quod
3492 3633 3753 3703 scriptor

2140 3733 2380 3805 epistola:
2426 3747 2533 3785 non
2578 3747 2677 3801 per
2719 3746 2876 3784 suum
2902 3736 2995 3782 aut
3024 3726 3251 3796 alicujus
3279 3726 3502 3779 alterius
3530 3721 3745 3779 intelli-

2138 3828 2330 3897 gentize
2358 3827 2602 3880 evenisse
2624 3824 2752 3878 dicit
2771 3838 3015 3878 errorem
3040 3830 3099 3875 ut
3118 3823 3309 3876 beatus
3338 3818 3569 3892 Cyrillus
3593 3835 3727 3874 con-

2138 3916 2421 3986 scripsisse
2460 3914 2712 3969 lueretiea
2735 3913 2985 3982 dogmata
3012 3920 3323 3982 putaretur;
3355 3910 3450 3967 sed
3480 3911 3553 3965 ita
3584 3911 3636 3965 in
3665 3926 3739 3965 ea-

2138 4008 2402 4078 pravitate
2430 4006 2570 4061 idem
2596 4005 2859 4060 conlictor
2885 4005 3128 4073 epistola:
3157 4018 3499 4073 permanens,
3522 4002 3610 4055 illa
3640 4018 3731 4056 or-

2140 4097 2375 4153 thodoxa
2427 4097 2567 4151 beati
2620 4095 2804 4167 Cyrilli
2852 4096 3110 4163 dogmata
3154 4093 3416 4147 'lneretica
3455 4092 3730 4147 videretur

2139 4197 2407 4251 astruere,
2443 4195 2501 4240 ut
2530 4187 2597 4240 ab
2625 4186 2706 4238 eis
2731 4184 2909 4254 potius
2930 4183 3144 4237 beatum
3167 4180 3424 4253 Cyrillum
3444 4180 3611 4234 veluti
3638 4180 3734 4233 ab-

2138 4285 2427 4345 negantem
2447 4292 2567 4346 qum
2591 4289 2753 4344 prave
2777 4272 3172 4341 conscripserat
3188 4278 3397 4324 asserat
3419 4268 3729 4323 recessisse.

2138 4367 2268 4434 Qua:
2334 4366 2515 4422 omnia
2588 4364 2693 4419 lbze
2763 4363 3004 4433 episcopi
3067 4359 3389 4430 prolessioni
3442 4372 3612 4426 quare
3665 4356 3749 4410 ab

2138 4455 2573 4511 adversariorum
2625 4452 2934 4522 objectione
2964 4456 3145 4503 tuetur
3165 4463 3286 4503 esse
3308 4446 3580 4503 contraria
3611 4444 3735 4513 qui-

2139 4562 2352 4617 cunque
2398 4547 2488 4618 pio
2538 4561 2603 4601 ac
2657 4552 2809 4599 recto
2866 4541 3030 4598 corde
3071 4540 3206 4609 legit
3251 4538 3517 4607 intelligit.
3547 4536 3737 4605 Neque

2142 4639 2286 4695 enim
2342 4638 2441 4708 ipsi
2484 4637 2698 4706 judices
2718 4636 2763 4691 si
2791 4634 2935 4704 quod
2962 4634 3047 4688 vel
3078 4632 3183 4688 levi
3229 4628 3583 4698 derogatione
3611 4635 3743 4698 post

2144 4732 2403 4786 unitatem
2430 4730 2633 4786 dictum
2660 4730 2748 4791 sit,
2779 4727 3127 4797 exquirentes
3157 4724 3301 4779 ibam
3332 4723 3665 4792 episcopum,
3688 4719 3743 4773 si.

2145 4823 2263 4892 ejus
2283 4837 2402 4878 esse
2430 4830 2538 4877 tam
2560 4828 2745 4891 aperte
2767 4819 3230 4890 blasphemantem
3271 4815 3551 4885 epistolam
3584 4829 3740 4867 com-

2147 4915 2483 4984 probassent,
2514 4920 2830 4982 paterentur
2874 4911 2991 4965 sine
3038 4908 3242 4963 ultione
3275 4907 3498 4960 transire
3531 4912 3624 4958 aut
3653 4903 3737 4957 di-

2146 5014 2334 5062 cerent
2362 5020 2470 5060 non
2500 5020 2620 5059 esse
2650 5003 2979 5059 convictum.
3008 5001 3136 5070 Qum
3164 5012 3346 5055 autem
3375 4998 3517 5053 beati
3547 4996 3734 5070 Cyrilli

2144 5095 2319 5164 major
2365 5093 2559 5163 injuria
2599 5103 2777 5164 potest
2803 5096 2889 5149 vel
2918 5093 3125 5164 exquiri
3152 5091 3237 5146 vel
3267 5089 3379 5145 lteri
3404 5104 3566 5159 quam
3601 5089 3739 5157 dog-

2142 5196 2287 5244 mata
2332 5188 2471 5257 ejus,
2501 5204 2622 5258 qua:
2669 5189 2720 5242 in
2765 5186 3035 5258 Ephesina
3064 5187 3233 5256 prima
3260 5183 3529 5254 exposuit,
3563 5182 3735 5236 ller-

2143 5280 2247 5335 tica
2278 5278 2521 5344 delinire,
2556 5293 2652 5347 per
2676 5292 2905 5347 quorum
2922 5274 3277 5331 orthodoxam
3299 5272 3731 5343 praedicationem

2139 5372 2295 5427 vivus
2325 5386 2388 5426 ac
2417 5378 2663 5425 mortuus
2704 5368 2952 5422 omnibus
2977 5365 3299 5422 venerabilis
3326 5375 3381 5420 ct
3403 5360 3731 5419 reverendus

2142 5464 2350 5529 existit;
2379 5478 2499 5533 qua:
2525 5462 2773 5530 dogmata
2794 5460 2937 5515 beati
2959 5457 3141 5531 Cyrilli
3169 5457 3297 5511 dum
3327 5472 3424 5528 per
3442 5453 3726 5526 epistolam

2141 5555 2209 5610 ad
2237 5555 2425 5610 Marim
2452 5553 2668 5611 Persam
2695 5552 2955 5625 scriptam
2977 5559 3332 5623 posteaquam
3356 5548 3575 5604 adunati
3603 5554 3729 5600 sunt

2140 5647 2318 5702 beatie
2347 5645 2623 5700 memoriae
2651 5642 2879 5715 Cyrillus
2925 5649 2983 5697 et
3027 5640 3264 5697 Joannes
3287 5640 3632 5694 Antiochena:
3652 5637 3728 5690 ci-

2141 5737 2325 5792 vitatis
2346 5734 2611 5806 episcopi,
2641 5740 2851 5789 constet
2873 5733 3098 5804 profana
3130 5747 3261 5787 voce
3283 5727 3602 5785 omnimodis
3624 5728 3724 5781 im-

2141 5816 2401 5903 pugnare,
2431 5828 2551 5898 quis
2594 5840 2723 5882 sana
2767 5832 2946 5881 mente
2967 5824 3137 5895 possit
3160 5823 3435 5879 advertere
3456 5820 3603 5875 Ibam
3626 5833 3720 5873 nc~
