4018 6340
235 334 324 394 I57

1116 330 1253 387 PRO
1288 329 1733 393 DAMNATIONE
1762 328 1978 387 TRIUM
2016 328 2532 390 CAI’ITULOIIUM.

3363 336 3475 391 ιθες

232 459 422 521 gantem
456 444 578 517 quia
599 451 720 517 post
749 444 1009 500 unitatem
1034 444 1233 514 aliquid
1246 446 1528 501 adversum
1557 446 1773 501 beatum
1804 448 1852 506 Α
1879 462 2169 516 perpessus.
2206 445 2302 502 Ubi
2347 448 2577 516 primum
2617 414 2903 518 diligenter
2948 459 3032 506 est
3080 449 3483 513 attendendum.

232 537 459 614 Cyrillum
486 535 675 591 diserit
695 534 978 605 epistolam
1008 551 1114 591 non
1143 550 1389 606 negasse,
1418 552 1537 606 qua:
1565 546 1686 606 post
1713 536 1779 590 il-

229 633 320 687 lam
362 628 648 684 unitionem
703 625 820 694 ejus
868 626 1120 695 dogmata
1149 626 1336 681 definit
1361 642 1480 682 esse
1504 626 1775 682 haeretica.

229 714 324 778 Nisi
352 720 482 774 forte
504 718 695 788 aliquis
723 718 794 772 ita
826 718 894 772 ab
923 718 1139 772 humani
1162 732 1353 773 sensus
1378 718 1588 772 ratione
1606 718 1782 772 disce-

228 814 326 879 dat,
350 818 405 864 ut
421 808 603 864 credat
629 806 773 863 Ibam
795 808 924 863 nihil
953 808 1020 864 de
1040 808 1200 863 beato
1214 807 1415 880 Cyrillo
1435 808 1634 864 dixisse
1657 823 1761 863 con

232 903 445 966 trarium,
478 900 523 955 si
568 916 691 955 eum
738 901 989 956 hmretica
1036 900 1418 970 conscripsisse
1447 908 1694 964 testetur.
1725 906 1782 954 et

231 995 349 1048 circa
392 991 504 1061 ejus
549 1007 835 1062 personam
882 991 1175 1046 arbitretur
1215 992 1462 1046 eumdem
1488 991 1633 1047 Ibam
1661 1008 1781 1048 ser-

230 1100 363 1138 vasse
384 1084 765 1147 reverentiam;
798 1084 842 1137 si
880 1091 1124 1138 sanctam
1151 1083 1597 1152 doctrinam,qua
1623 1097 1781 1137 reve-

229 1174 400 1229 rendus
422 1182 501 1228 est
524 1174 792 1238 omnibus,
823 1174 1115 1228 accusavit.
1147 1173 1322 1243 Atque
1360 1174 1483 1229 ideo
1526 1175 1570 1229 si
1599 1174 1783 1243 singu-

230 1262 338 1317 laris
361 1262 496 1316 beati
521 1262 710 1333 Cyrilli
753 1262 948 1332 injuria
990 1271 1075 1318 est
1110 1263 1227 1332 ejus
1272 1262 1561 1319 damnasse
1581 1263 1784 1320 doctri-

228 1370 350 1418 nam,
376 1362 427 1410 et
447 1353 719 1410 haereseos
744 1364 931 1425 aperta
967 1354 1178 1410 videtur
1223 1354 1485 1425 professio
1519 1355 1782 1424 praedica-

229 1445 341 1499 tioui
372 1445 629 1513 derogare
652 1446 952 1511 catholicze,
987 1445 1031 1501 si
1060 1445 1164 1501 Iba:
1184 1446 1504 1517 probaretur
1532 1445 1781 1516 epistola,

225 1537 271 1591 in
293 1551 387 1605 qua
426 1545 653 1608 utraque
700 1536 1041 1593 manifestum
1069 1545 1152 1593 est
1191 1536 1477 1603 contineri,
1506 1552 1781 1607 nunquam

226 1624 327 1681 Ibas
354 1627 659 1697 episcopus,
681 1634 967 1697 utrumque
997 1626 1262 1695 negando,
1288 1642 1355 1682 ex
1396 1634 1629 1697 utroque
1666 1642 1782 1681 me—

226 1717 395 1772 ruisset
420 1717 648 1774 absolvi.
682 1716 799 1772 Huc
827 1717 1035 1772 accedit
1078 1718 1225 1786 quod
1274 1718 1396 1773 luce
1439 1718 1637 1775 clarius
1681 1718 1781 1773 de-

1879 537 2025 607 quod
2050 544 2172 606 post
2200 537 2398 593 lectum
2427 538 2494 593 ad
2525 538 2711 594 Marim
2738 538 2959 595 Persam
2980 542 3197 612 scripta:
3224 540 3468 611 epistolae

1881 636 2109 698 textum,
2136 629 2381 686 eamdem
2410 631 2694 701 epistolam
2713 631 2925 701 judiccs
2945 633 2998 687 in
3018 632 3364 688 Chalcedona
3383 648 3487 689 re-.

1879 720 2117 776 sidentes
2136 737 2233 778 suo
2253 723 2551 792 probantur
2570 724 2814 779 omisisse
2835 723 3068 788 silentio,
3086 725 3286 794 quippe
3302 739 3467 793 quam

1882 822 2145 867 noverant
2163 816 2359 869 totiens
2371 814 2483 883 jam
2505 816 2742 871 accusati
2763 815 3138 884 negationihus
3158 814 3462 869 refutatam.

1881 902 2016 959 Nam
2044 905 2090 961 si
2114 906 2373 963 vidissent
2399 908 2451 962 in
2471 923 2536 962 ea
2557 922 2679 963 esse
2706 907 2907 976 aliquid
2929 906 3074 974 quod
3100 907 3207 963 Iba:
3227 907 3468 977 episcopi

1883 995 2207 1051 absolutioni
2233 996 2539 1065 proliceret,
2571 1014 2697 1054 mox
2726 997 2847 1066 ejus
2873 997 3108 1053 lectione
3129 996 3360 1068 permoti
3378 995 3470 1051 de-

1881 1097 2166 1146 cernerent
2193 1089 2389 1145 frustra
2419 1100 2761 1147 accusatores
2779 1106 2847 1146 ex
2872 1090 3038 1161 gestis
3061 1089 3236 1145 Photii
3258 1098 3314 1144 et
3359 1086 3469 1143 Eu-

1880 1179 2063 1234 stathii
2090 1180 2459 1249 episcoporum
2477 1196 2574 1251 pro
2594 1182 2820 1237 crimine
2857 1181 3127 1236 harreseos
3154 1179 3245 1234 illa
3268 1179 3469 1249 produ-

1883 1284 2028 1334 cere,
2058 1269 2253 1337 quibus
2278 1272 2586 1327 econtrario
2623 1271 2744 1327 Ibas
2769 1271 3060 1340 episcopus
3085 1269 3469 1325 ostendebatur

1884 1358 2237 1423 orthodoxus,
2271 1369 2545 1427 postremo
2565 1375 2666 1415 nec
2685 1360 2937 1428 juberent
2960 1360 3073 1414 suis
3099 1357 3472 1414 interlocutio-

1884 1446 2043 1501 nibus
2067 1444 2462 1503 Edessenorum
2481 1448 2761 1517 epistolam
2782 1446 3078 1515 recenseri,
3098 1461 3260 1515 quam
3278 1455 3468 1502 contra

1885 1554 2004 1594 eam
2025 1554 2147 1609 quae
2176 1538 2244 1594 ad
2269 1538 2459 1595 Marim
2486 1538 2703 1594 Persam
2725 1539 2925 1609 scripta
2969 1538 3163 1594 dicitur
3187 1537 3308 1593 Ibas
3353 1537 3470 1607 epi-

1884 1643 2080 1698 scopus
2107 1644 2207 1699 pro
2236 1644 2297 1684 se
2327 1628 2493 1696 relegi
2514 1627 2829 1699 postulavit,
2854 1628 2899 1683 si
2919 1641 3016 1697 per
3035 1641 3157 1681 eam
3183 1640 3343 1695 quam
3371 1638 3470 1678 ac-

1885 1728 2105 1775 cusator
2127 1720 2424 1791 protulerat
2445 1720 2711 1775 laudabile
2733 1719 2911 1789 potius
2934 1727 3118 1773 etnon
3139 1718 3308 1786 magis
3330 1716 3472 1770 vitu-

225 1815 524 1862 monstratur
550 1808 758 1862 nullum
782 1808 945 1863 etiam
968 1817 1181 1880 tempus
1224 1807 1450 1863 inveniri
1479 1824 1656 1878 posse,
1682 1823 1783 1863 ne-
1812 1807 1858 1865 Β
1888 1812 2129 1881 perabile
2154 1812 2399 1867 accusati
2418 1812 2670 1866 meritum
2699 1811 3118 1866 monstrabatur.
3165 1808 3299 1875 Quid
3328 1806 3473 1876 quod

224 1910 313 1964 que
331 1906 445 1953 ante
473 1898 882 1967 adunationem,
903 1914 1078 1967 neque
1133 1906 1257 1969 post
1298 1899 1616 1962 unitionem,
1640 1900 1786 1955 beati

224 1985 382 2057 Cyrilli
406 2004 526 2043 cum
554 1986 919 2044 Orientalibus
940 1987 1157 2057 factam,
1182 2004 1293 2058 quo
1338 1989 1527 2045 eadem
1556 1990 1784 2059 epistola

222 2078 280 2133 ab
301 2078 382 2134 Iba
410 2081 665 2152 episcopo
701 2082 901 2152 scripta
947 2084 1224 2138 doceatur.
1248 2082 1381 2137 Nam
1422 2083 1590 2153 ipsius
1627 2090 1785 2138 tenor

223 2171 437 2242 epistola:
451 2174 729 2229 evidenter
744 2174 976 2230 ostendit
996 2175 1120 2245 quia
1143 2182 1266 2247 post
1288 2176 1549 2231 unitatem
1568 2189 1787 2245 pacetu-

223 2275 312 2329 que
336 2261 584 2319 Ecclesiis
605 2264 952 2320 reformatam
975 2266 1028 2320 in
1057 2266 1407 2334 derogatione
1428 2265 1572 2320 beati
1596 2264 1783 2335 Cyrilli

221 2350 416 2421 ejusque
440 2353 758 2422 dogtnatum
780 2354 918 2411 facta
945 2356 1033 2419 sit,
1062 2354 1183 2409 Ibas
1202 2370 1332 2410 vero
1356 2364 1478 2426 post
1495 2355 1781 2410 adunatio-

220 2454 326 2494 nem
368 2442 505 2497 beati
551 2442 739 2515 Cyrilli
769 2461 888 2499 cum
919 2444 1285 2501 Orientalibus
1327 2445 1522 2501 factam
1563 2447 1695 2501 nihil
1724 2462 1785 2502 se

222 2529 313 2585 tale
337 2532 532 2601 aliquid
562 2533 762 2589 dixisse
792 2542 1035 2589 testetur.
1065 2533 1291 2589 Constat
1319 2550 1494 2604 neque
1528 2546 1653 2592 ante
1699 2536 1788 2590 ad-

223 2622 531 2689 unationem,
562 2626 688 2692 quia
710 2624 815 2680 hoc
835 2624 888 2678 in
914 2624 1154 2693 ejusdem
1178 2626 1423 2696 epistolae
1453 2634 1645 2682 tenore
1674 2644 1786 2682 non

221 2711 414 2783 legitur,
439 2730 620 2785 neque
644 2725 770 2786 post
797 2716 1203 2785 adunationem,
1231 2718 1358 2787 quia
1404 2718 1507 2773 hoc
1534 2717 1656 2773 Ibas
1688 2734 1786 2773 sua

218 2802 537 2869 professione
564 2804 826 2876 denegat,
856 2804 924 2859 ab
943 2805 1134 2861 eodem
1160 2805 1253 2861 Iba
1280 2814 1633 2861 memoratam
1674 2807 1788 2877 epi-

219 2892 394 2950 stolam
415 2894 585 2951 fuisse
613 2897 996 2966 conscriptam.

271 2980 360 3037 XI.
401 2984 475 3039 Et
502 2992 564 3039 ut
591 2985 721 3038 nulli
749 3000 972 3053 prorsus
999 2986 1261 3039 habeatur
1281 2985 1589 3053 ambiguum
1619 2985 1672 3038 in
1699 3000 1793 3038 ea-

216 3071 320 3128 dem
349 3074 644 3143 negatione
662 3090 769 3145 qua
798 3084 1035 3144 coeperat
1060 3074 1207 3129 Ibam
1256 3076 1565 3143 episcopum
1594 3074 1792 3143 persti-

1887 1904 2003 1973 ipse
2029 1903 2150 1959 Ibas
2173 1904 2479 1973 episcopus,
2511 1903 2709 1959 relecta
2731 1902 2922 1957 eadem
2950 1902 3019 1955 ad
3046 1900 3231 1954 Marim
3252 1899 3473 1954 Persam

1886 1994 2133 2065 epistola,
2181 2008 2289 2048 non
2339 1992 2457 2061 ejus
2502 1993 2790 2061 assumpsit
2830 1990 3120 2046 defendere
3140 1988 3472 2057 qualitatem.

1884 2100 1987 2141 nec
2013 2100 2126 2140 suae
2153 2084 2278 2139 ﬁdei
2309 2084 2684 2138 rectitudinem
2706 2098 2775 2137 ex
2803 2082 3049 2151 ejusdem
3078 2078 3320 2149 epistolae
3344 2092 3475 2147 pro-

1882 2173 2118 2229 fessione
2164 2181 2489 2228 monstrare.
2532 2171 2801 2227 Continuo
2847 2170 3068 2232 etenim,
3099 2170 3146 2225 si
3177 2183 3328 2223 suam
3355 2181 3478 2221 esse

1883 2273 1978 2319 aut
2008 2274 2160 2319 recta
2183 2280 2288 2318 non
2315 2278 2434 2318 esse
2453 2265 2702 2332 dogmata
2723 2261 3023 2316 contineret
3046 2269 3092 2323 ο,
3120 2267 3310 2313 contra
3348 2269 3479 2311 suos

1885 2364 2232 2412 accusatores
2260 2355 2562 2422 insurgeret
2589 2353 2775 2408 dicens
2804 2370 2818 2405 :
2868 2351 3025 2406 Caico
3051 2349 3218 2404 corde
3245 2363 3332 2402 me
3374 2347 3477 2401 im-

1884 2453 2093 2517 petunt,
2125 2453 2185 2500 ut
2211 2460 2277 2501 ea
2304 2444 2436 2499 mihi
2480 2459 2578 2515 pro
2629 2444 2899 2499 haereseos
2950 2440 3178 2496 crimine
3219 2436 3503 2507 objiciantr

1885 2536 2028 2591 unde
2052 2550 2269 2605 possum
2289 2533 2626 2589 orthodoxus
2652 2531 3019 2603 comprobari.
3051 2529 3168 2584 Iuno
3193 2542 3255 2583 se
3296 2534 3480 2583 osten-

1884 2626 2079 2682 derunt
2105 2627 2402 2692 haereticos,
2427 2625 2520 2693 qui
2549 2624 2837 2694 epistolam
2862 2620 3019 2691 cujus
3045 2618 3271 2676 dictatio
3297 2616 3460 2673 catho

1887 2718 2047 2772 licam
2074 2717 2234 2773 fidem
2256 2715 2469 2781 astruit,
2501 2714 2811 2771 haereticam
2852 2712 3230 2769 criminantur.
3278 2707 3479 2763 Veruu't

1886 2806 2010 2861 Ibas
2037 2806 2321 2876 episcopus
2338 2807 2517 2860 sciens
2545 2821 2647 2861 nec
2674 2820 2830 2861 suam
2849 2819 2972 2860 esse
3001 2800 3283 2872 epistolam
3307 2805 3363 2852 et
3381 2812 3483 2868 per

1889 2895 2073 2950 omnia
2096 2893 2197 2964 piis
2222 2892 2566 2962 dogmatibus
2593 2894 2886 2957 inimicam,
2920 2891 3179 2947 adversus
3204 2902 3325 2943 eam
3359 2900 3505 2940 ma-.

1888 2989 1971 3056 gis
1995 2988 2141 3042 illam
2161 2985 2557 3041 Edessenorum
2583 2985 2889 3054 epistolam,
2913 2998 3037 3052 quae
3065 2996 3188 3037 eum
3214 2978 3349 3034 nihil
3375 2978 3478 3031 ali-

1891 3077 2109 3149 quando
2131 3087 2318 3133 contra
2340 3076 2661 3132 catholicam
2690 3074 2849 3129 fidem
2880 3072 3080 3127 dixisse
3100 3067 3479 3129 attestabatur,

217 3162 353 3233 tisse,
380 3174 442 3219 et
468 3164 580 3219 hoc
606 3180 675 3220 ex
701 3164 979 3235 praesentis
999 3165 1105 3220 Ibze
1132 3166 1307 3221 verbis
1319 3164 1529 3238 judices
1548 3166 1622 3220 ita
1662 3180 1789 3221 sen-
1818 3160 1865 3222 Β
1895 3166 2165 3238 opposuit,
2190 3164 2320 3220 illud
2348 3172 2569 3220 secutus
2587 3163 2729 3233 quod
2752 3178 2913 3233 supra
2942 3162 3211 3229 ingressus
3234 3164 3484 3211 sanctum

216 3253 352 3323 sisse,
376 3262 435 3310 et
454 3234 802 3311 accusatores
816 3270 935 3310 eam
957 3264 1209 3325 tanquam
1231 3234 1516 3324 negant‘em
1539 3255 1794 3324 voluisse,

219 3358 306 3401 nec
325 3344 676 3415 przevaluisse
698 3345 1043 3411 convincere,
1073 3344 1242 3415 ipsius
1269 3361 1489 3401 necesse
1516 3356 1598 3402 est
1627 3346 1795 3401 inter-

222 3433 492 3491 locutionis
507 3434 750 3505 iudicum
774 3444 831 3491 et
848 3438 1241 3506 prosecutionis
1259 3447 1652 3502 accusatorum,
1674 3452 1796 3507 qnze

227 3524 273 3578 iu
296 3535 483 3582 sancta
509 3525 939 3583 Chalcedonensi
962 3527 1167 3597 synodo
1206 3542 1273 3583 ex
1311 3529 1478 3597 gestis
1517 3528 1695 3585 Photii
1741 3538 1799 3584 et

228 3610 468 3671 Eustathii
515 3616 846 3685 releguntur,
903 3618 1067 3672 verba
1108 3632 1416 3687 pensemus,
1470 3634 1590 3689 qua:
1634 3621 1705 3674 ita
1736 3635 1798 3675 se

232 3700 408 3760 habent
431 3706 572 3775 (Act.
598 3705 687 3775 10)
718 3723 733 3759 :
766 3704 1183 3761 Reverentissimi
1201 3710 1446 3779 episcopi,
1478 3710 1529 3764 id
1547 3718 1633 3765 est
1655 3708 1800 3765 Pho-

234 3794 325 3850 tius
349 3806 401 3850 et
428 3796 760 3865 Eustathius,
788 3798 1072 3853 dixerunt:
1120 3799 1184 3854 Si
1238 3810 1354 3870 post
1401 3812 1614 3856 mortem
1665 3802 1800 3856 beati

235 3881 393 3953 Cyr-illi
439 3888 881 3943 rererentissimus
930 3888 1056 3943 Ibas
1107 3891 1378 3960 episcopus
1403 3908 1519 3945 eum
1549 3893 1685 3946 risus
1722 3900 1800 3946 est

236 3971 506 4030 haereticum
566 3979 882 4042 nominasse,
926 3988 974 4032 et
1028 3979 1325 4034 hareticum
1362 3981 1622 4047 licentiae,
1652 3999 1799 4038 mon-

238 4069 394 4120 strate.
429 4066 616 4122 Maras
641 4070 776 4123 dixit
797 4086 816 4123 :
845 4069 1135 4125 Probamus
1168 4088 1185 4125 :
1224 4073 1368 4140 quod
1412 4074 1597 4142 procul
1637 4073 1801 4130 dubio

241 4158 618 4226 uequejudices
641 4159 817 4216 adhuc
846 4162 1060 4231 probari
1089 4173 1409 4233 quaererent,
1442 4181 1616 4235 neque
1635 4182 1800 4223 accu-

239 4252 421 4303 satores
447 4251 889 4321 repromitterent
907 4253 1248 4322 probaturos,
1271 4256 1315 4310 si
1335 4256 1442 4313 hoc
1462 4257 1580 4314 Ibas
1597 4261 1804 4327 episco-

241 4346 325 4400 pus
349 4353 448 4392 non
477 4350 752 4410 negasset.
786 4342 937 4398 Licet
974 4360 1038 4399 ea
1076 4361 1197 4416 quae
1238 4348 1483 4418 superius
1536 4351 1589 4405 in
1638 4354 1804 4421 gestis

243 4425 362 4492 apud
382 4425 632 4485 Photium
662 4441 719 4486 et
745 4432 1083 4490 Eustathium
1112 4437 1308 4493 trahitis
1335 4454 1632 4509 eorumque
1658 4443 1803 4508 judi-

1892 3256 2332 3314 Chalcedonense
2378 3254 2667 3311 concilium
2718 3252 2972 3321 allegavit
2996 3249 3219 3305 dicens:
3261 3245 3406 3301 Nam
3432 3253 3503 3298 et.

1894 3365 2069 3406 omnes
2096 3346 2348 3405 Edesseni
2395 3347 2592 3415 clerici,
2643 3362 2734 3416 per
2761 3361 2886 3416 quos
2904 3343 3202 3397 memoratis
3226 3340 3483 3409 episcopis

1893 3443 2228 3511 scripserunt,
2250 3447 2505 3495 testantur
2533 3455 2614 3493 me
2650 3454 2761 3492 esse
2785 3437 3095 3491 catholicum
3144 3436 3280 3505 (Act.
3312 3432 3390 3503 9).
3418 3432 3482 3487 In

1895 3540 2104 3587 tantum
2124 3530 2240 3600 jam
2264 3538 2393 3585 tunc
2416 3530 2469 3584 in
2500 3528 2679 3584 Photii
2718 3536 2775 3582 et
2793 3525 3059 3582 Eustathii
3082 3524 3286 3593 judicio
3314 3532 3370 3578 et
3393 3538 3486 3593 po-

1894 3631 2013 3680 stea
2035 3623 2089 3676 in
2117 3629 2301 3676 sancta
2328 3618 2758 3676 Chalcedonensi
2805 3617 3013 3689 synodo
3065 3616 3333 3685 objectam
3381 3614 3482 3669 sibi

1899 3716 1967 3770 ad
1986 3714 2175 3770 Marim
2198 3713 2417 3769 Persam
2440 3713 2725 3782 epistolam
2746 3726 2951 3780 negans
2969 3724 3144 3774 suam,
3165 3707 3484 3764 orthodoxa:

1900 3807 2022 3863 fidei
2043 3809 2165 3863 sciit
2180 3822 2299 3862 esse
2327 3807 2677 3867 contrariam,
2706 3812 2764 3858 ut
2791 3803 3019 3873 propria:
3041 3801 3164 3856 fidei
3191 3800 3487 3856 documen-

1902 3906 2015 3951 tum
2044 3912 2151 3952 non
2172 3896 2241 3951 de
2266 3896 2420 3951 istius
2449 3904 2620 3961 textu,
2646 3892 2740 3948 sed
2765 3893 2834 3948 de
2886 3891 3281 3948 Edessenorum
3322 3886 3485 3942 cleri-

1900 4002 2091 4041 corum
2115 3986 2458 4041 attestatione
2479 3985 2798 4052 requireret.

1974 4077 2086 4131 XII.
2126 4078 2185 4133 Si
2213 4078 2374 4148 igitur
2388 4076 2599 4146 judices
2624 4090 2731 4129 non
2751 4073 2925 4129 solum
2955 4070 3088 4124 nihil
3114 4084 3180 4123 ex
3226 4083 3292 4121 ea
3338 4066 3486 4120 testi-

1903 4179 2113 4225 mantes
2153 4170 2391 4224 accusati
2420 4168 2525 4223 Iba:
2550 4165 2792 4235 episcopi
2830 4161 3008 4231 juvari
3036 4160 3331 4229 negotium,
3374 4158 3486 4212 imo

1901 4264 2147 4321 videntes
2165 4263 2411 4319 absolute
2433 4259 2759 4315 contrariam
2780 4258 2940 4312 aliam
2961 4270 3120 4324 quam
3145 4269 3242 4327 pro
3260 4256 3341 4310 sui
3364 4270 3487 4326 pars

1904 4356 2121 4423 gatione
2147 4360 2428 4407 accusatus
2456 4357 2542 4404 est
2568 4346 2722 4418 petiit
2744 4344 3033 4421 [expetiit],
3056 4354 3361 4402 statuerunt
3374 4347 3488 4401 suis

1908 4442 2408 4499 interlocutionibus
2439 4438 2799 4507 relegendam,
2827 4446 2886 4494 et
2911 4437 3029 4509 ipse
3054 4446 3341 4493 accusatus
3367 4437 3488 4492 Ibas

243 4522 348 4569 cato
391 4518 450 4574 ad
501 4523 852 4590 negationem
898 4525 1003 4582 Iba:
1050 4529 1288 4597 episcopi
1327 4529 1797 4588 demonstrandam
1830 4523 1878 4581 ι)
1903 4535 2208 4604 episcopus,
2249 4548 2356 4587 non
2385 4530 2530 4586 illam
2555 4532 2626 4587 ad
2651 4530 2839 4587 Marini
2877 4529 3098 4585 Persam
3126 4528 3486 4598 defendendo,

245 4604 525 4667 multimode
552 4626 622 4666 ex
648 4614 1151 4673 interlocutionibus
1185 4618 1425 4687 judicum
1477 4630 1529 4675 et
1576 4637 1801 4678 accusa-

252 4697 401 4751 torum
443 4705 914 4772 prosecutionibus
958 4707 1232 4777 ipsiusque
1260 4710 1365 4766 Iba:
1393 4713 1804 4783 exceptionibus

251 4786 526 4849 claruerunt
572 4796 788 4853 abunde
832 4799 1160 4866 suflicerent,
1194 4806 1475 4861 tamenetsi
1504 4808 1681 4864 minus
1699 4810 1801 4865 ali-

250 4877 358 4969 flllid
395 4883 440 4939 in
483 4886 665 4943 Photii
709 4900 871 4959 atque
899 4890 1165 4950 Eustathii
1193 4897 1571 4969 episc0porum
1597 4901 1801 4969 judicio

250 4960 484 5064 legeretur
531 4992 868 5049 expressum,
917 4997 980 5036 ea
1031 4999 1151 5053 quae
1178 4960 1687 5046 iu-Clial-cedonensi
1712 5008 1803 5064 sy-

252 5059 372 5156 nodo
396 5070 705 5125 continetur
731 5071 836 5126 Iba:
858 5073 1095 5144 episcopi
1123 5079 1368 5144 negantis
1385 5080 1669 5149 epistolam
1711 5059 1800 5137 sa-

253 5147 489 5242 lisfaceret
512 5161 629 5215 sola
660 5162 941 5231 professio.
974 5165 1138 5221 Lecta
1164 5168 1307 5223 enim
1337 5186 1404 5223 ex
1422 5147 1612 5238 gestis
1657 5174 1799 5242 apud

253 5230 472 5328 Photium
498 5259 556 5305 et
600 5230 935 5308 Eustathium
982 5256 1176 5313 habitis
1223 5230 1475 5328 epistola.
1501 5262 1568 5315 ad
1614 5230 1801 5318 Marini

254 5323 444 5392 Persam
466 5342 686 5413 scripta,
726 5346 1007 5401 confestim
1035 5348 1157 5402 Ibas
1184 5323 1369 5406 vocem
1417 5353 1662 5419 negantis
1703 5371 1804 5424 op-

254 5428 410 5515 Pusuit
432 5430 616 5489 dicens
647 5454 661 5489 :
689 5436 880 5492 lubeat
906 5448 1074 5494 vestra
1119 5441 1388 5497 clementia
1417 5445 1576 5515 relegi
1602 5446 1802 5502 litteras

255 5512 528 5579 clericorum
555 5525 957 5596 Edessenorum,
983 5539 1038 5584 ut
1066 5535 1391 5601 cognoscatis
1418 5512 1543 5605 quia
1562 5545 1611 5589 et
1637 5536 1803 5593 ab'ltis

253 5618 350 5670 qua:
369 5613 486 5668 mihi
506 5618 653 5673 illata
680 5627 799 5672 sunt
825 5621 1026 5675 alienas
1053 5622 1243 5687 existo,
1283 5632 1332 5677 et
1372 5624 1663 5680 violentiam
1689 5643 1804 5682 sum

1904 4625 2014 4681 imo
2043 4624 2220 4693 potius
2246 4623 2363 4692 ejus
2383 4621 2678 4679 refutandae
2726 4637 2890 4679 causa
2920 4621 3065 4677 illam
3094 4620 3485 4678 Edessenorum

1902 4715 2068 4785 relegi
2096 4714 2406 4785 postulavit,
2431 4721 2648 4770 constat
2665 4727 2787 4767 eam
2814 4728 2934 4783 quae
2961 4712 3028 4767 ad
3055 4712 3242 4768 Marim
3266 4712 3487 4769 Persam

1901 4809 2100 4878 scripta
2125 4817 2210 4863 est
2229 4807 2644 4863 interlocutione
2666 4806 2906 4875 judicutn
2928 4815 2986 4861 et
3008 4805 3359 4877 professione
3381 4807 3487 4862 Iba:

1904 4901 2144 4971 episcOpi
2169 4900 2295 4969 quia
2316 4898 2433 4968 ejus
2462 4899 2622 4953 fuerit
2647 4899 2987 4967 abnegatam,
3018 4909 3072 4953 et
3091 4900 3218 4967 quia
3256 4898 3486 4954 scelesta

1902 4992 2151 5061 dogmata
2180 4993 2455 5047 contineat
2480 4990 2835 5060 approbatum
2859 5008 2872 5044 :
2899 4989 3041 5059 Ergo
3062 4988 3182 5046 Ibas
3200 4991 3488 5059 episcopus

1905 5081 2207 5137 innocentis
2234 5082 2398 5135 animi
2426 5081 2508 5135 sui
2555 5079 2766 5135 fervore
2793 5090 3090 5150 permotus,
3139 5079 3488 5134 evidentioris

1904 5172 2205 5239 negationis
2226 5173 2389 5226 etiam
2420 5171 2475 5226 in
2519 5169 2943 5227 Clialcedonensi
2971 5171 3179 5242 synodo
3226 5169 3487 5225 festinans

1903 5262 2121 5317 adicere
2139 5260 2544 5326 documentum,
2574 5262 2890 5331 relegendas
2915 5263 3309 5317 Edessenorum
3338 5261 3488 5315 litte-

1904 5368 1995 5408 ras
2018 5368 2089 5409 ex
2114 5354 2280 5422 gestis
2304 5354 2444 5409 idem
2468 5353 2710 5427 [ibidem]
2732 5355 2872 5425 apud
2912 5353 3161 5409 Photiurn
3190 5361 3249 5409 et
3296 5351 3487 5409 Eusta-

1907 5447 2075 5501 thium
2105 5446 2321 5515 habitis,
2346 5461 2467 5516 quae
2493 5447 2833 5504 adversarius
2852 5446 2968 5515 ejus
3018 5445 3334 5515 protulerat.
3383 5464 3485 5518 ρο-
3558 5502 3569 5507 η

1905 5538 2168 5593 stulavit:
2212 5553 2441 5608 quorum
2488 5549 2760 5608 gestorum
2815 5540 2952 5593 hanc
2991 5548 3218 5608 partem,
3272 5540 3412 5595 sicut
3432 5541 3484 5594 iu

1906 5632 2361 5700 consequentibus
2381 5632 2800 5697 demonstratur,
2832 5646 2898 5686 ex
2923 5631 3183 5688 industria
3205 5641 3488 5690 accusator

322 5792 344 5820 “
374 5787 530 5848 ltecte
557 5794 856 5851 Colclcrius
885 5796 1167 5865 legendum
1195 5797 1471 5857 admonuit
1505 5815 1517 5852 :
1549 5810 1639 5854 aut
1663 5809 1805 5855 recta
1841 5811 2012 5857 nosset
2034 5803 2279 5876 dogmata
2306 5806 2590 5862 continere.
2626 5804 2797 5860 llaao.’
