4018 6340
476 345 583 403 159

1656 343 1889 406 VIGILII
1920 344 2025 402 PP.
2066 341 2549 402 CONSTITUTUM

3630 334 3749 390 16οΐ

471 463 751 527 emiserat,
798 475 903 531 qua
950 461 1103 517 Ibam
1144 460 1445 516 evidentius
1509 466 1734 515 noverat
1782 455 2045 527 adjuvari.
2084 463 2120 514 Α
2156 454 2346 509 libellis
2373 453 2569 509 oblatis
2598 467 2759 522 quam
2781 452 3031 522 deinceps
3060 453 3203 508 inter
3221 452 3759 543 gestaloqueutibus.

470 552 675 608 Deinde
695 551 825 621 quid
856 553 971 622 ipsa
995 553 1155 607 verba
1203 551 1306 606 Iba:
1335 550 1511 606 lucide
1558 556 1801 605 astruant
1841 549 2061 602 intuen-

468 644 616 700 (him.
667 643 1019 714 Prosequitur
1067 645 1229 709 enim,
1282 653 1342 697 ut
1386 656 1547 710 supra
1593 639 1951 701 meminimus,
1980 638 2053 691 ita

471 734 610 799 (Act.
646 733 734 802 l0)
760 750 778 787 :
800 733 986 787 Jubeat
1004 742 1168 787 vestra
1192 732 1459 786 clementia
1496 730 1655 800 relegi
1681 731 1882 782 litteras
1903 730 2057 781 cleri-

469 836 647 875 corum
671 819 1069 885 Edessenorum,
1098 828 1154 871 ut
1175 818 1497 889 cognoscatis
1518 819 1638 886 quia
1659 826 1706 869 et
1733 815 1800 867 alt
1840 817 1920 867 his
1942 832 2056 885 qua:

469 910 600 963 mihi
626 909 775 963 illata
807 918 927 962 sunt
948 908 1152 961 alienus
1183 910 1350 961 existo
1396 916 1446 960 et
1472 905 1770 959 uiolentiam
1798 919 1911 957 sum
1937 920 2054 972 per-

470 1016 667 1070 pessus.
719 998 922 1065 Quibus
968 999 1145 1052 verbis
1185 998 1527 1067 apertissime
1582 995 1887 1049 declaratur
1910 992 2053 1063 quod

470 1088 596 1156 quia
625 1102 656 1141 e
682 1088 910 1153 vestigio
933 1094 1056 1156 post
1085 1086 1279 1141 lectam
1309 1085 1591 1155 epistolam
1620 1084 1686 1137 ad
1716 1082 1902 1137 Marini
1922 1081 2054 1136 Per-

470 1193 587 1232 sam
609 1177 803 1232 astruit
823 1177 942 1230 Ibas
970 1177 1259 1246 episcopus
1289 1177 1521 1230 alienum
1546 1190 1607 1229 se
1651 1182 1711 1229 et
1729 1174 1797 1228 ab
1826 1174 1910 1228 his
1936 1188 2056 1242 qua:

471 1267 574 1321 siti
603 1266 903 1320 inferuntur
930 1265 1165 1319 existere
1185 1272 1240 1318 et
1268 1266 1579 1320 violentiam
1629 1280 1688 1318 se
1718 1278 2061 1332 perpessum,

474 1367 637 1427 atque
685 1357 756 1413 ob
803 1356 909 1410 hoc
960 1354 1353 1409 Edessenorum
1406 1355 1604 1408 debere
1652 1354 1818 1423 relegi
1851 1353 2057 1407 litteras

472 1449 811 1510 clericorum,
835 1447 1131 1511 evidenter,
1156 1455 1407 1513 tanquam
1438 1461 1597 1499 manu
1621 1446 1789 1513 ipsam
1819 1444 2059 1514 epistola:

473 1538 545 1593 ad
566 1538 753 1592 Marim
783 1536 1003 1593 Persam
1032 1536 1341 1593 ostenderet
1370 1537 1685 1602 lectionem,
1714 1550 1743 1589 a
1799 1535 1955 1603 cujus
1998 1550 2059 1589 se

473 1632 696 1701 purgari
717 1629 946 1686 crimine
975 1630 1276 1696 festinaret,
1304 1629 1457 1691 dixit,
1480 1636 1530 1681 et
1565 1627 1640 1680 alr
1654 1628 1735 1681 his
1778 1644 1893 1699 qua:
1928 1628 2056 1680 mihi

471 1722 768 1792 inferuntur
815 1720 1017 1774 alienus
1041 1721 1227 1783 existo,
1260 1719 1551 1774 ostendens
1595 1728 1652 1773 et
1697 1718 1764 1771 ab
1793 1718 1911 1771 aliis
1937 1733 2058 1784 qua:

2156 542 2276 599 Ibas
2302 544 2502 600 dixisse
2528 544 2851 612 arguebatur
2878 544 3179 615 episcopus,
3229 544 3354 615 quia
3381 543 3500 603 Ibas
3526 546 3739 615 episco-

2158 648 2257 703 pus
2285 649 2392 688 non
2422 634 2637 696 dixerit,
2668 632 2972 688 Edesscnos
2996 633 3225 688 clericos
3272 633 3435 689 fuisse
3487 641 3734 689 testatos.

2156 722 2287 777 Nam
2319 740 2439 777 cum
2462 724 2644 778 dicant
2673 739 2732 777 sc
2756 740 2863 777 non
2890 739 3047 779 nosse
3066 723 3329 794 quod’vel:
3350 724 3457 779 tale
3510 723 3735 791 dictum,

2157 813 2219 867 id
2254 823 2369 881 est,
2418 812 2541 867 Non
2596 814 2796 868 invideo
2842 812 3044 869 Christo
3086 818 3223 887 {acto
3245 813 3376 882 Deo,
3403 814 3489 870 vel
3515 815 3640 871 huic
3662 816 3738 870 si-
3766 810 3767 813 “

2157 903 2302 968 mile,
2338 905 2439 959 hoc
2458 914 2557 966 est,
2590 905 2733 972 quod
2758 920 2826 958 ex
2855 920 3174 973 quacunque
3196 913 3348 974 parte
3375 905 3609 961 Nestorii
3661 907 3741 962 vi-

2157 996 2350 1050 deatur
2376 998 2718 1066 dogmatibus
2747 998 3058 1063 convenire,
3082 998 3332 1053 vel‘aliud
3355 999 3554 1070 aliquid
3576 1011 3755 1057 recte

2163 1085 2288 1141 tidei
2312 1087 2641 1141 contrarium
2671 1087 2867 1141 dixerit
2891 1086 3009 1141 Ibas
3056 1089 3362 1158 episcopus,
3403 1091 3742 1160 apertissime

2158 1176 2362 1230 clarum
2416 1185 2505 1231 est
2551 1175 2695 1244 quod
2742 1184 2797 1231 et
2833 1176 2900 1230 ab
2954 1176 3038 1231 his
3061 1192 3182 1248 qua:
3210 1178 3437 1247 epistola
3459 1180 3527 1234 ad
3552 1179 3739 1235 Marim

2160 1263 2379 1320 Persam
2410 1267 2609 1336 scripta
2651 1268 2892 1322 continet
2919 1266 3065 1321 Ibam
3101 1268 3411 1339 episcopum
3456 1285 3551 1324 sua
3602 1280 3744 1325 atte—

2159 1356 2394 1410 statione
2436 1356 2799 1426 purgaverint.
2832 1354 2967 1411 Cum
3009 1357 3149 1412 enim
3177 1357 3463 1428 smpedicta
3489 1357 3756 1428 episuola,

2158 1446 2393 1503 dicendo
2413 1448 2631 1503 beatum
2653 1447 2912 1519 Cyrillum
2935 1447 2989 1502 in
3019 1448 3347 1518 Apollinaris
3369 1449 3613 1505 haeresim
3663 1450 3745 1505 in-

2159 1538 2355 1595 cidisse
2375 1547 2431 1594 et
2458 1541 2506 1594 ei
2537 1540 2729 1596 similia
2760 1541 3167 1611 conscripsisse,
3207 1541 3429 1611 ejusque
3456 1540 3742 1597 duodecim

2158 1629 2394 1699 capitula
2421 1631 2567 1684 omni
2590 1630 2865 1699 impietate
2892 1631 3050 1701 plena
3072 1640 3127 1685 et
3152 1640 3315 1685 recta:
3356 1630 3479 1686 ﬁdei
3525 1642 3755 1687 contra-

2158 1722 2260 1785 ria,
2289 1713 2707 1792 Nestoriumque
2724 1723 2925 1793 judicio
2946 1732 3002 1779 et
3051 1724 3399 1795 inquisitione
3449 1742 3556 1781 non
3600 1726 3757 1782 facta-

471 1810 800 1881 prmdenti
829 1810 947 1865 loco
968 1809 1018 1863 ei
1047 1810 1255 1876 objecta
1277 1806 1403 1863 suiit
1428 1816 1484 1863 et
1512 1809 1589 1863 ab
1606 1808 1833 1877 epistola
1858 1807 1924 1861 ad
1946 1806 2055 1860 Ma-
2082 1823 2128 1880 Β
2156 1811 2489 1876 damnatum,
2504 1828 2613 1868 non
2635 1814 2809 1869 solum
2830 1814 3078 1869 videatur
3102 1816 3303 1885 aliquid
3325 1825 3513 1873 contra
3537 1827 3743 1873 rectam

472 1900 574 1954 rim
604 1899 822 1956 Persam
846 1900 1065 1968 scripta,
1095 1913 1215 1969 quae
1242 1899 1424 1952 statim
1454 1899 1656 1953 relecta
1704 1899 1898 1962 fuerat,
1930 1898 2061 1951 alie-

473 2007 601 2046 num
653 2007 712 2047 se
756 2006 857 2061 per
883 1993 1065 2045 omnia
1107 1991 1487 2045 demonstrari.
1540 1989 1641 2044 Ubi
1692 1989 1817 2043 iliud
1848 2004 2062 2057 quoque

472 2082 620 2151 quod
664 2097 828 2150 supra
858 2082 1129 2150 ingressus
1153 2079 1275 2133 Ibas
1313 2080 1601 2149 episcopus
1629 2087 1868 2132 sanctam
1897 2077 2063 2131 Chali-

477 2170 838 2225 cedonensem
863 2168 1129 2239 synodum
1148 2168 1468 2235 gravissime
1508 2168 1705 2235 legitur
1733 2166 1897 2220 fuisse
1923 2180 2060 2220 eon-

474 2270 700 2332 questus
725 2277 757 2316 a
785 2261 933 2316 falsis
954 2276 1013 2315 se
1033 2262 1088 2315 in
1103 2261 1337 2317 secunda
1352 2260 1617 2332 Ephesina
1634 2258 2062 2315 accusationibus

473 2351 794 2422 impetitum,
827 2352 881 2405 in
909 2350 1200 2405 concilium
1230 2350 1438 2419 ingredi
1462 2366 1570 2405 non
1620 2350 1784 2404 fuisse
1830 2349 2060 2419 permis-

471 2454 617 2509 sum,
645 2440 835 2509 viginti
860 2449 1041 2496 autem
1070 2441 1190 2511 plus
1235 2455 1487 2496 carceres
1511 2448 1866 2511 permutasse,
1920 2454 2061 2495 nunc

472 2539 598 2602 post
624 2530 915 2587 lectionem
942 2533 1185 2602 epistolae
1207 2548 1311 2587 non
1332 2532 1514 2588 omisit
1541 2531 1865 2599 adjungere;
1889 2540 1949 2585 ut
1971 2546 2061 2601 ap-

472 2631 665 2694 pareat
717 2622 849 2677 illud
901 2624 1064 2694 quod,
1099 2625 1241 2679 sicut
1267 2625 1470 2679 dictum
1500 2632 1607 2689 est,
1635 2624 1906 2692 ingressus
1935 2639 2061 2679 san-

472 2721 617 2769 ctam
642 2712 1137 2770 Chalcedonensem
1167 2716 1452 2786 synodum,
1481 2716 1555 2771 de
1576 2716 1833 2784 injustitia
1862 2716 1913 2770 in
1968 2733 2058 2772 se-

472 2806 648 2862 cunda
677 2804 947 2876 Ephesina
976 2808 1075 2862 sibi
1106 2807 1252 2861 illata
1281 2807 1651 2877 conqueritur,
1676 2808 1742 2862 ad
1760 2808 1917 2877 hujus
1939 2824 2061 2863 cau-

473 2911 590 2951 sam
616 2896 859 2967 epistola:
870 2897 1171 2967 pertinere;
1186 2906 1310 2968 post
1338 2898 1490 2967 cujus
1506 2899 1791 2954 lectionem
1814 2908 2060 2953 astruens

477 2986 711 3043 alienum
741 3004 801 3043 se
830 2989 899 3043 ab
928 2989 1012 3044 his
1040 3004 1163 3058 qua:
1189 2990 1293 3045 sibi
1322 2989 1621 3045 inferuntur
1647 2991 1903 3054 existere,
1939 2990 2057 3045 vio-

473 3079 693 3136 lentiam
740 3097 904 3152 quam
960 3083 1028 3137 ab
1074 3081 1318 3152 Eutyche
1367 3090 1450 3137 est
1476 3096 1765 3151 perpessus
1793 3081 2059 3150 adjunxit.

2163 1900 2320 1955 tidem
2348 1901 2555 1969 dicere,
2576 1917 2761 1957 verum
2793 1904 2957 1958 etiam
2986 1904 3156 1973 ipsam
3185 1912 3392 1959 rectam
3432 1903 3590 1960 fidem
3643 1907 3755 1961 im-

2162 1991 2452 2059 pugnando
2473 2006 2755 2061 respuere,
2786 1991 3045 2048 Edesseni
3067 2010 3197 2049 vero
3218 1996 3400 2050 clerici
3426 1995 3555 2051 nihil
3595 1996 3743 2051 Ibam

2161 2079 2475 2148 episc0pum
2506 2096 2662 2134 suum
2689 2090 2854 2136 rectae
2884 2082 3007 2138 tidei
3034 2085 3366 2139 contrarium
3413 2086 3615 2141 dixisse
3666 2097 3750 2144 te-

2162 2176 2406 2237 stentur,
2424 2177 2645 2225 constat
2668 2185 2734 2225 ex
2765 2173 3113 2228 attestatione
3142 2173 3398 2228 Edesseni
3452 2176 3579 2231 cleri
3631 2194 3749 2231 mc-

2162 2265 2426 2312 moratam
2448 2274 2567 2329 qua:
2595 2258 2663 2313 ad
2691 2259 2877 2313 Marim
2905 2259 3123 2316 Persam
3146 2263 3344 2331 scripta
3369 2264 3560 2331 legitur
3580 2263 3762 2319 fuisse

2162 2353 2446 2424 epistolam
2471 2352 2823 2409 confutatam.
2856 2353 2993 2420 Quid
3019 2355 3277 2424 evestigio
3304 2355 3635 2427 TheOpbilus
3658 2374 3748 2412 ac-

2161 2452 2376 2500 cusator
2403 2444 2562 2499 fu‘erit
2587 2454 2929 2514 prosecutus,
2959 2445 3271 2515 diligentius
3297 2455 3514 2516 Oportet
3568 2456 3751 2503 atten-

2161 2534 2215 2589 di
2245 2551 2259 2587 :
2291 2534 2382 2603 qui
2412 2550 2519 2589 non
2547 2533 2691 2589 hanc
2711 2532 3109 2589 Edessenorum
3136 2535 3283 2590 velut
3311 2536 3639 2606 superﬂuam
3656 2546 3755 2591 aut-

2161 2623 2229 2678 ad
2256 2621 2587 2693 epistolae-ad
2615 2622 2803 2677 Marim
2846 2621 3067 2678 Persam
3110 2626 3321 2693 scripta:
3367 2625 3765 2680 subversiones-

2163 2714 2294 2770 nihil
2313 2714 2560 2783 judicans
2584 2714 2941 2785 profuturam,
2993 2716 3225 2771 credidit
3243 2716 3621 2786 omittendam,
3653 2719 3761 2772 sed'

2161 2819 2489 2876 magnopere
2512 2813 2624 2860 tota
2645 2805 2842 2860 mentis
2873 2805 3173 2861 intentione
3202 2821 3445 2861 asserere
3492 2807 3642 2863 nisus
3667 2815 3763 2863 est

2163 2894 2264 2950 has
2284 2893 2679 2949 Edessenorum
2702 2894 2908 2949 litteras
2928 2895 3248 2951 clericorum
3271 2911 3389 2951 esse
3412 2895 3650 2963 falsatas,
3682 2913 3755 2953 ex

2159 2998 2228 3041 eo
2254 2985 2465 3042 scilicet
2487 2983 2642 3039 valde
2663 2993 2943 3055 permotus
2961 2986 3105 3054 quod
3127 2986 3263 3040 nihil
3284 2986 3613 3041 contrarium
3659 3002 3761 3042 ca-

2163 3075 2377 3132 tholicae
2401 3073 2524 3129 fidei
2548 3073 2696 3129 Ibam
2720 3073 2923 3128 dixisse
2948 3074 3127 3129 testati
3179 3082 3323 3129 sunt.
3357 3073 3477 3141 Quo
3505 3074 3655 3130 dicto
3678 3076 3754 3130 vi-

474 3171 636 3228 Lecta
681 3174 883 3242 itaque,
918 3180 974 3227 ut
1002 3173 1121 3227 Ibas
1162 3174 1338 3244 petiit,
1389 3188 1456 3228 ex
1494 3172 1660 3240 gestis
1691 3171 1863 3226 Photii
1888 3179 2053 3241 atque

2160 3164 2294 3218 dens
2340 3163 2599 3241 continqo
2646 3162 2793 3216 illam
2840 3163 3124 3233 epistolam
3182 3162 3249 3217 ad
3280 3162 3470 3218 Marim
3521 3162 3746 3219 Persam

473 3262 739 3318 Eustathii
784 3262 1046 3331 judicum,
1094 3263 1163 3317 ad
1216 3278 1354 3332 quos
1406 3262 1594 3332 utique
1639 3261 1844 3315 directa
1884 3260 2061 3315 fuerat

472 3350 870 3406 Edessenorum
898 3351 1126 3421 epistola
1156 3351 1504 3417 clericorum,
1535 3351 1625 3420 qui
1656 3365 1776 3405 eam
1806 3360 1866 3405 ut
1915 3349 2059 3405 Pho-

474 3440 579 3495 tius
630 3449 689 3495 et
734 3438 1049 3495 Eustathius
1078 3441 1132 3494 in
1160 3441 1325 3507 gestis
1354 3440 1693 3496 innecterent
1730 3440 2063 3510 petiverunt,

472 3548 594 3602 qua:
619 3541 770 3602 gesta
814 3533 881 3588 ab
913 3532 1235 3587 adversariis
1263 3532 1366 3587 lbte
1394 3534 1634 3603 episcopi
1680 3533 1733 3587 iu
1762 3531 2062 3588 Chalcedo-

472 3623 627 3677 nensi
654 3622 860 3693 synodo
887 3629 1012 3676 sunt
1038 3621 1269 3691 prolata,
1296 3622 1367 3677 ob
1391 3636 1552 3690 quam
1579 3636 1795 3677 causam
1816 3620 2061 3691 ejusdem

472 3711 715 3781 epistola:
740 3710 1045 3766 desiderata
1073 3711 1143 3765 sit
1170 3712 1350 3773 lectio,
1385 3712 1552 3782 ipsius
1597 3712 1781 3768 verbis
1815 3712 2065 3781 agnosci-

472 3809 581 3864 tur,
602 3816 723 3870 qua:
744 3801 816 3855 ita
837 3816 897 3855 se
920 3800 1119 3856 habent
1141 3802 1281 3871 (Act.
1302 3801 1390 3871 10)
1417 3819 1431 3855 :
1455 3802 1498 3854 Α
1515 3802 1688 3855 multis
1716 3812 1869 3868 atque
1886 3804 2059 3857 direr-

471 3891 547 3945 sis
574 3890 639 3944 de
666 3890 923 3961 Phynicia
953 3891 1022 3945 ad
1049 3907 1143 3945 nos
1172 3892 1487 3946 venientibus
1510 3893 1836 3963 cognorimus
1856 3910 1919 3948 ea
1946 3910 2061 3966 quia

472 3978 539 4033 ab
569 3980 650 4034 his
676 3980 764 4050 qui
792 3981 1187 4034 insurrexerunt
1211 3982 1268 4034 in
1297 3981 1681 4039 sanctissimum
1718 3992 1768 4036 et
1815 3999 2083 4038 revereri--

475 4068 730 4121 tissimum
756 4069 1055 4138 episcopum
1084 4077 1318 4123 nostrum
1347 4067 1498 4123 Ibam
1523 4078 1668 4140 gesta
1696 4080 1836 4135 sunt,
1861 4082 2060 4142 perter-

469 4159 559 4212 riti
587 4160 644 4212 in
672 4175 732 4213 eo
759 4159 897 4230 quod
917 4159 1112 4213 dictum
1137 4167 1236 4224 est,
1259 4158 1678 4230 (Transcendunt
1703 4162 1842 4214 enim
1867 4169 1918 4215 et
1939 4161 2058 4217 illos

471 4252 559 4321 qui
584 4253 699 4306 sine
729 4251 837 4307 Deo
865 4262 1005 4320 sunt,
1034 4263 1083 4307 et
1106 4253 1346 4323 inﬁdeles
1373 4262 1425 4307 et
1451 4252 1680 4308 heretici
1705 4261 1755 4307 et
1799 4252 1974 4309 Iudici
2009 4264 2060 4308 et

470 4341 666 4409 pagani
686 4356 801 4410 qua
823 4342 963 4395 dicta
1005 4351 1124 4396 sunt
1162 4342 1328 4409 nobis,
1375 4344 1496 4415 quia
1536 4342 1685 4398 nobis
1712 4344 2059 4411 praesentibus

471 4428 691 4484 dixisset
733 4429 872 4483 idem
897 4433 1333 4487 reuerentissimus
1371 4435 1639 4503 episcopus
1660 4449 1678 4486 :
1701 4432 1828 4489 Non
1854 4434 2060 4490 invideo

2161 3252 2439 3321 scriptam,
2464 3265 2593 3319 quae
2612 3258 2803 3305 contra
2849 3260 3057 3307 rectam
3088 3253 3249 3308 ﬁdem
3280 3254 3620 3324 apertissime
3669 3253 3753 3309 lo-

2159 3340 2361 3408 quitur,
2394 3339 2782 3408 impugnatam,
2806 3340 2967 3394 istam
3016 3340 3415 3397 Edessenorum
3458 3342 3737 3413 epistolan

2159 3432 2333 3486 voluit
2359 3444 2590 3499 arguere
2612 3429 2879 3495 falsitatis,
2902 3445 3003 3501 per
3020 3444 3182 3499 quam
3203 3431 3425 3487 videbat
3450 3446 3640 3488 omnes
3660 3432 3752 3487 ob-

2153 3521 2422 3591 jectiones
2448 3534 2575 3575 suas
2605 3518 2771 3574 fuisse
2819 3519 3114 3574 convictas.
3169 3517 3270 3574 Cui
3317 3520 3395 3574 rei
3442 3520 3759 3575 astruendte

2158 3612 2373 3683 prolicit
2393 3612 2732 3681 subsequens
2752 3610 2888 3665 ordo
2909 3618 3206 3679 gestorum.
3240 3611 3375 3665 Dum
3404 3613 3549 3667 enim
3575 3611 3751 3668 Theo-

2158 3702 2339 3773 philus
2366 3701 2709 3760 advcrsarius
2736 3698 2862 3765 Ibas,
2885 3699 3024 3754 sicut
3044 3698 3159 3768 jam
3183 3714 3365 3769 supra,
3393 3701 3464 3754 ita
3487 3709 3543 3755 et
3566 3702 3619 3756 in
3641 3701 3757 3757 hoc

2159 3797 2282 3851 loco
2301 3795 2471 3864 qureri
2498 3809 2567 3849 ex
2589 3793 2753 3862 gestis
2782 3793 2835 3846 in
2863 3791 3131 3861 Ephesina
3155 3792 3388 3847 secunda
3415 3792 3610 3847 habitis
3628 3808 3761 3862 qua!

2160 3885 2435 3941 nitebatur
2462 3892 2707 3939 astruere
2729 3881 3065 3952 poposcisset
3093 3882 3162 3936 ab
3191 3882 3338 3936 omni
3367 3882 3753 3952 episcoporum

2159 3975 2387 4031 concilio
2410 3975 2464 4028 in
2484 3972 2828 4029 Chalcedona
2853 3971 3222 4037 residentium,
3250 3980 3402 4041 gesta
3425 3974 3478 4027 in
3508 3974 3755 4029 secunda

2160 4065 2428 4135 Ephesina
2483 4064 2666 4120 habita
2714 4071 2842 4118 sunt
2897 4064 3167 4133 prohibita
3197 4064 3493 4120 recenseri.
3538 4062 3617 4119 Ex
3640 4082 3759 4135 qua

2158 4158 2525 4228 prohibitione
2549 4164 2765 4212 constat
2792 4155 3146 4211 assertionem
3175 4155 3279 4210 Iba:
3306 4156 3544 4226 episcopi
3596 4172 3747 4211 com-

2160 4247 2464 4318 probatam,
2493 4260 2599 4316 qua
2623 4261 2685 4301 se
2703 4260 2802 4315 per
2827 4244 3153 4300 calumniam
3182 4254 3239 4299 et
3279 4243 3427 4300 falsis
3477 4244 3761 4314 ﬁgmentis

2159 4340 2228 4393 ab
2283 4337 2523 4409 Eutyche
2577 4336 2848 4407 perhibuit
2896 4335 3237 4405 impetitum;
3277 4335 3369 4391 ubi
3395 4336 3763 4393 mendacibus-

2159 4430 2437 4500 productis
2480 4429 2708 4484 testibus
2752 4428 2879 4496 quia
2906 4428 3189 4496 epistolam
3216 4428 3282 4482 ad
3305 4427 3492 4483 Marim
3524 4428 3745 4485 Persam

437 4576 443 4584 _
472 4516 680 4574 Christo
730 4518 843 4574 Deo
891 4522 1049 4591 facto,
1105 4524 1349 4590 quoniam
1400 4534 1452 4577 et
1476 4540 1590 4595 ego,
1623 4526 1667 4578 si
1693 4526 1828 4593 volo,
1850 4541 2057 4595 possum
2086 4543 2137 4603 ι)
2159 4522 2415 4593 scriptam
2428 4536 2525 4576 sua
2539 4535 2662 4576 esse
2688 4519 2808 4574 Ibas
2835 4518 3175 4591 {episcopus}
3186 4535 3305 4575 esse
3317 4519 3513 4575 dixerit
3528 4531 3754 4575 constat

471 4610 888 4679 ﬁerisecundum
914 4609 1061 4665 illum
1088 4611 1127 4680 :)
1154 4626 1328 4667 omnes
1351 4629 1465 4678 nos,
1496 4629 1623 4684 quos
1644 4615 1822 4667 dicunt
1851 4615 2060 4671 audisse

470 4717 534 4755 ea
558 4718 673 4771 qua
695 4701 893 4770 dicunt,
919 4702 1257 4772 manifestum
1276 4702 1493 4772 facimus
1540 4713 1719 4758 vestrm
1763 4709 2061 4761 reverentia:

472 4807 649 4847 coram
698 4791 797 4847 Dei
816 4793 1087 4847 clementia
1106 4793 1228 4865 quia
1253 4808 1415 4863 neque
1443 4792 1508 4846 ab
1557 4811 1616 4849 eo
1660 4811 1821 4866 neque
1857 4795 1922 4849 ab
1949 4799 2057 4854 ullo

471 4882 578 4936 alio
603 4882 710 4937 tale
735 4882 925 4936 dictum
953 4881 1235 4951 aliquando
1255 4883 1559 4948 audivimus,
1590 4901 1756 4955 neque
1798 4887 1854 4941 in
1902 4904 2055 4944 aures

471 4981 676 5027 nostras
722 4973 1013 5043 ingressum
1047 4982 1126 5027 est
1153 4974 1255 5027 tale
1275 4974 1474 5042 aliquid
1501 4976 1803 5047 aliquando,
1834 4981 2054 5034 anathe-

471 5066 776 5119 matizantes
804 5080 900 5118 nos
919 5065 1059 5133 ipsos
1087 5072 1138 5118 et
1181 5064 1395 5120 terribili
1421 5066 1669 5138 gehennae
1711 5073 2052 5141 nosmetipsos

468 5152 721 5209 obnoxios
745 5155 1010 5223 facientes,
1026 5154 1071 5207 si
1089 5155 1320 5211 novimus
1341 5156 1537 5228 aliquid
1565 5158 1667 5211 tale
1695 5161 1888 5213 dictum
1914 5160 2052 5216 abeo

468 5252 560 5297 aut
579 5244 778 5315 aliquid
803 5243 949 5298 aliud
974 5247 1293 5300 contrarium
1317 5248 1584 5303 catholicae
1625 5249 1767 5319 fidei.
1800 5250 1863 5305 Si
1912 5254 2050 5307 enim

466 5334 639 5405 aliqua
666 5335 761 5389 tali
789 5334 926 5391 dicto
953 5336 1095 5406 passi
1133 5337 1405 5406 fuissemus
1443 5342 1826 5415 communicare
1871 5343 1921 5396 ei
1965 5345 2051 5413 qui

468 5425 600 5479 dixit
627 5436 716 5480 aut
743 5427 929 5482 missas
958 5443 1073 5481 cum
1110 5444 1171 5482 eo
1200 5437 1386 5495 tenere,
1412 5432 1595 5487 ultimo
1621 5434 1874 5504 supplicio
1922 5436 2054 5506 fuis-

466 5528 635 5568 semus
687 5515 919 5575 obnoxii,
964 5524 1213 5587 tanquam
1266 5522 1700 5575 communicantes
1754 5522 1848 5575 tali
1886 5525 2055 5578 errori

466 5602 793 5676 [Cotelerius
821 5607 951 5675 legit
970 5604 1228 5677 horrore],
1257 5617 1313 5662 et
1336 5618 1551 5665 artem.

542 5692 676 5751 XIII.
717 5696 921 5764 Quibus
949 5698 1020 5752 ita
1048 5714 1108 5753 se
1161 5698 1482 5755 habentibus
1507 5701 1784 5756 evidenter
1810 5702 2052 5757 ostendi-

473 5795 559 5844 tur
586 5788 767 5845 omnis
795 5790 849 5846 in
877 5789 1070 5860 quibus
1098 5790 1166 5846 ab
1190 5790 1599 5849 accusatoribus
1621 5799 1729 5847 tam
1756 5806 1825 5848 ex
1848 5792 2051 5864 scripto

2165 4628 2287 4669 esse
2313 4611 2625 4668 conﬂatum.
2655 4610 2711 4664 In
2741 4610 2825 4664 his
2848 4617 3030 4665 autem
3064 4608 3282 4664 Patrum
3313 4610 3747 4666 interlocutioni-

2160 4706 2262 4762 bus
2304 4721 2425 4775 qua:
2470 4704 2539 4759 de
2586 4702 2900 4758 evacuanda
2948 4701 3214 4772 Ephesina
3269 4702 3503 4759 secunda
3533 4705 3757 4774 synodo

2158 4803 2286 4852 sunt
2311 4797 2537 4866 prolatae
2560 4792 2689 4847 nihil
2712 4792 2855 4847 aliud
2876 4802 3077 4861 praeter
3102 4794 3289 4848 Domni
3338 4793 3735 4863 depositionem
3770 4792 3775 4797 ’

2160 4896 2216 4941 et
2250 4884 2646 4941 ordinationem
2669 4880 2887 4935 Maximi
2915 4888 3124 4935 certum
3151 4892 3235 4935 est
3276 4897 3397 4937 esse
3449 4881 3749 4939 limatum.

2163 4977 2427 5031 Domuum
2457 4986 2586 5027 vero
2606 4985 2707 5040 pro
2728 4968 2875 5024 nullo
2895 4970 3003 5024 alio
3031 4971 3256 5025 crimine
3276 4971 3378 5025 nisi
3407 4972 3551 5041 quod
3598 4972 3748 5028 beati

2160 5063 2347 5136 Cyrilli
2372 5060 2660 5116 duodecim
2689 5060 2924 5129 capitula
2956 5060 3305 5130 prohibuerat
3332 5061 3608 5131 praedicari
3631 5064 3743 5119 cla-

2160 5171 2278 5212 rum
2306 5162 2393 5208 est
2410 5151 2573 5207 fuisse
2599 5151 2931 5205 damnatum.
2968 5149 3119 5206 Unde
3143 5151 3576 5208 manifestatione
3606 5153 3745 5224 [ma-

2159 5245 2353 5302 nifesta
2372 5240 2607 5312 ratione]
2636 5249 2693 5296 et
2718 5242 2953 5297 evidenti
2982 5243 3213 5297 veritate
3253 5250 3486 5311 constat,
3535 5244 3580 5299 si
3627 5245 3744 5315 epi-

2158 5336 2352 5391 stolam
2400 5333 2466 5388 ad
2519 5331 2708 5385 Marim
2755 5329 2997 5397 Persam,
3048 5344 3169 5400 quze
3196 5331 3479 5388 duodecim
3506 5335 3741 5404 capitula

2159 5427 2302 5483 beati
2330 5424 2516 5495 Cyrilli
2545 5438 2664 5477 esse
2684 5421 2872 5477 deﬁnit
2901 5423 3175 5486 haeretica,
3206 5424 3492 5493 ipsumque
3521 5425 3741 5480 beatum

2158 5516 2413 5589 Cyrillum
2426 5512 2720 5584 Apollinari
2736 5510 2928 5567 similia
2940 5511 3350 5582 conscripsisse,
3363 5514 3534 5568 sancti
3552 5512 3743 5570 Patres

2158 5609 2212 5663 in
2233 5606 2574 5663 Chalcedona
2600 5603 2900 5659 residentes
2923 5602 3029 5656 Ibas
3048 5602 3286 5673 episcopi
3308 5603 3557 5659 eumdem
3574 5604 3741 5660 fuisse

2158 5702 2333 5773 [forte,
2382 5699 2623 5754 addenda
2670 5712 2767 5751 vox
2816 5696 3053 5767 sensum]
3091 5696 3473 5767 quoquomodo
3500 5699 3738 5768 reperis-

2155 5801 2295 5849 sent.
2320 5807 2444 5848 eum
2469 5790 2773 5848 nullatenus
2802 5788 2854 5842 in
2883 5788 3116 5858 graviori
3142 5787 3383 5859 ejusdem
3422 5803 3599 5844 causa
3627 5787 3735 5845 cri-
