4042 6466
254 357 363 421 d6!

1149 354 1292 411 PRO
1330 352 1769 411 DAM‘NATIONE
1806 353 2023 410 τηῐωι
2063 354 2578 419 CAPITULORUM.

3424 365 3530 425 ἰδὲ

265 472 413 527 mine
439 469 820 526 absolvendum
848 483 969 526 esse
1006 468 1381 536 decernerent,
1405 471 1497 541 qui
1525 471 1716 527 Domni
1738 472 1847 527 An-
1879 474 1923 532 Α
1950 471 2249 539 apostolicae
2299 475 2513 528 rectoris
2562 492 2675 530 cum
2730 488 3072 535 trecentorum
3120 480 3298 537 decem
3340 491 3389 536 et
3422 493 3537 538 octo

266 564 506 620 tiocheni
530 562 770 633 episcopi
793 561 1193 617 damnationem
1233 562 1300 617 de
1327 563 1439 617 sola
1472 564 1846 619 tantummodo

263 650 577 707 eorumdem
604 650 888 707 duodecim
930 652 1287 721 capitulorum
1315 653 1699 723 praedicatione
1721 672 1841 725 pro-

250 742 434 797 hibita
463 741 657 797 iactam
686 742 918 797 convelli
949 757 1057 797 non
1082 742 1227 811 passi
1270 752 1420 811 sunt,
1450 754 1506 799 et
1552 746 1847 800 ordinatio-

266 846 389 886 nem
416 831 630 885 Maximi
663 831 1027 886 ﬁrmaverunt.
1059 830 1343 898 Quomodo
1384 836 1527 889 enim
1556 836 1655 905 ipsi
1686 838 1843 894 iidem

263 923 470 993 iudices
510 923 563 978 in
593 938 701 978 uno
726 923 1027 995 eodemque
1054 927 1271 995 negotio
1301 924 1445 984 Ibam
1493 938 1550 984 et
1579 930 1843 985 Domuum

252 1013 620 1084 abEphesina
647 1014 883 1070 secunda
910 1014 1120 1085 synodo
1147 1016 1531 1073 condemnatos
1551 1035 1647 1074 sua
1674 1020 1844 1074 inter-

262 1104 537 1158 locutione
560 1104 709 1159 Ibam
744 1106 951 1161 absolvi
979 1106 1355 1172 docentereut,
1385 1109 1650 1164 Domuum
1691 1120 1843 1180 pate-

252 1202 451 1250 rentur
477 1210 699 1251 manere
731 1195 1075 1260 damnatum,
1125 1198 1227 1254 nisi
1254 1214 1391 1254 eum
1433 1215 1594 1269 quem
1634 1202 1843 1282 absolvi

259 1284 621 1340 decreverunt
645 1285 1038 1356 approbassem
1065 1287 1117 1341 in
1149 1288 1344 1344 eodem
1373 1290 1597 1347 crimine
1627 1308 1736 1348 non
1759 1302 1842 1350 te-

258 1375 417 1430 neri?
445 1374 582 1429 Nam
597 1390 729 1431 cum
766 1376 908 1446 apud
935 1387 1187 1434 sanctam
1215 1379 1720 1439 Cbalcedonensem
1753 1401 1843 1458 sy-

250 1464 461 1519 nodum
500 1474 607 1520 tam
646 1467 993 1523 exsecrabilis
1036 1470 1362 1526 obtrectatio
1401 1472 1547 1528 beati
1576 1473 1760 1547 Cyrilli
1788 1484 1846 1531 et

256 1555 546 1610 duodecim
572 1557 932 1627 capitulorum
953 1560 1074 1629 ejus
1094 1558 1255 1617 fuerit
1281 1571 1341 1617 ut
1364 1580 1464 1634 pro
1491 1566 1572 1621 eis
1596 1568 1759 1621 etiam
1787 1571 1842 1623 in

251 1649 491 1718 reproba
510 1648 779 1719 Ephesina
801 1652 1035 1707 secunda
1054 1654 1265 1726 synodo
1285 1656 1554 1713 addictum
1576 1659 1841 1716 Domuum

246 1747 574 1815 paterentur
602 1756 822 1798 manere
861 1742 1208 1814 damnatum,
1235 1756 1437 1816 quanta
1464 1750 1607 1818 apud
1635 1767 1842 1807 memo-

1950 560 2090 629 apud
2122 559 2357 616 Nicaeam
2382 562 2603 617 Patrum
2631 569 2948 623 concordare
2977 579 3129 641 atque
3177 573 3394 636 serrari,
3443 572 3537 625 sed

1949 661 1998 704 et
2018 662 2219 706 centum
2246 655 2623 727 quinquaginta
2667 659 2806 728 apud
2852 658 3356 733 Constantinopolim
3402 681 3533 718 son-

1948 753 2276 813 gregatorum
2302 748 2647 815 sacerdotum,
2699 752 2784 819 qui
2828 753 3063 806 eamdem
3103 755 3260 823 ﬁdem
3289 757 3533 825 ﬁrmare-

1947 844 2085 897 runt,
2142 835 2235 888 sed
2281 845 2331 890 et
2377 836 2558 909 Cyrilli
2613 852 2811 897 sanctae
2852 843 3230 898 recordationis
3271 847 3366 899 viri
3393 846 3534 915 apud

1947 922 2285 993 Ephesinum,
2313 929 2520 999 quando
2553 928 2825 985 Nestorius
2851 950 2945 1003 pro
2975 949 3067 986 suo
3110 950 3288 988 errore
3314 935 3535 989 damna-

1948 1025 2027 1070 tus
2054 1027 2149 1083 est,
2182 1028 2373 1075 statuto
2420 1024 2473 1075 in
2522 1024 2666 1080 nullo
2693 1028 2900 1095 penitus
2941 1028 3270 1093 discordare;
3319 1030 3535 1101 ideoque

1945 1109 2101 1162 etiam
2124 1108 2409 1166 beatissimi
2431 1130 2583 1185 papa:
2607 1117 2850 1186 epistola,
2881 1136 2997 1188 qua:
3022 1120 3170 1174 illam
3198 1119 3355 1190 ﬁdem
3383 1136 3537 1189 expo-

1945 1200 2110 1253 suisse
2121 1219 2216 1271 pro
2237 1206 2433 1259 erroris
2456 1204 2711 1278 Eutyches
2733 1227 2893 1265 causa
2908 1211 3248 1283 dignoscitur,
3265 1200 3369 1266 uno
3380 1229 3533 1266 sensu

1946 1308 2148 1365 unoque
2160 1297 2343 1364 spiritu
2364 1297 2565 1353 videtur
2578 1301 2656 1355 illi
2670 1302 2794 1372 ﬁdei
2814 1320 2926 1358 esse
2945 1304 3242 1374 conjuncta.
3268 1302 3532 1365 Maximus

1944 1388 2386 1443 reuerentissimus
2410 1391 2679 1462 episc0pus
2697 1395 2987 1450 Antiochia:
3009 1395 3182 1465 Syria
3201 1395 3335 1448 dixit
3355 1411 3374 1449 :
3396 1393 3533 1450 Con-

1945 1475 2126 1529 cordat
2153 1478 2372 1547 epistola
2398 1483 2717 1536 sanctissimi
2743 1486 3125 1558 archiepiscopi
3162 1490 3321 1560 regia:
3351 1488 3533 1543 Roma:

1945 1564 2135 1621 Leonis
2162 1570 2571 1637 expositionibus
2602 1580 2946 1630 trecenton
2975 1578 3152 1632 decem
3178 1589 3229 1633 et
3255 1590 3367 1634 octo
3395 1580 3534 1649 apud

1947 1654 2185 1712 Nicwam
2209 1670 2507 1715 sanctorum
2552 1662 2792 1731 Palmm,
2823 1673 2872 1718 et
2920 1678 3124 1721 centum
3164 1670 3535 1741 quinquaginta

1944 1750 2085 1817 apud
2112 1748 2613 1820 Constantinopolim
2641 1771 2825 1809 novam
2862 1755 3099 1827 Romam,
3117 1768 3166 1813 et
3185 1761 3242 1813 in
3262 1759 3471 1831 Epheso
3502 1776 3535 1813 α

252 1842 427 1886 ratam
457 1839 703 1887 sanctam
740 1834 1240 1892 Chalcedonensem
1280 1841 1545 1909 synodum
1574 1841 1833 1898 ίηηοορη-
1876 1847 1921 1907 Β
1948 1840 2277 1894 sanctissimo
2299 1840 2493 1910 Cyrillo
2517 1845 2758 1915 episcopo
2778 1850 3030 1918 exposita:
3051 1850 3210 1920 ﬁdei;
3232 1859 3280 1905 et
3311 1851 3534 1904 subscri-

245 1922 326 1976 tia
352 1921 465 1977 lbte
492 1923 732 1993 episcopi
750 1923 957 1979 claruit
984 1933 1044 1980 ut
1062 1941 1196 1981 eum
1214 1927 1269 1981 in
1284 1927 1535 1996 ejusdem
1563 1929 1845 2002 Ephesium

244 2011 509 2074 secundm
557 2013 763 2069 nefario
824 2016 1075 2072 examine
1126 2033 1227 2088 pro
1250 2018 1441 2075 eodem
1483 2022 1845 2090 adjudicatum

252 2099 490 2155 crimine
509 2100 758 2156 deﬁniret
780 2102 1007 2158 absolvi.
1040 2103 1099 2159 In
1125 2120 1233 2174 qua
1261 2122 1424 2163 causa
1451 2125 1727 2180 nunquam
1759 2113 1844 2166 in-

252 2205 466 2245 nocens
511 2190 814 2261 claruisset,
865 2194 912 2249 si
937 2194 1027 2249 illa
1051 2194 1120 2249 ad
1148 2196 1338 2252 Marim
1369 2198 1589 2255 Persam
1607 2203 1845 2262 scelesta

240 2281 491 2352 epistola
520 2283 764 2352 ejusdem
784 2284 890 2339 Iba:
914 2286 1154 2356 episcopi
1178 2289 1442 2359 potuisset
1468 2293 1703 2347 ostendi.

323 2372 467 2428 XIV.
510 2373 772 2431 Tractatis
818 2376 981 2445 igitur
1019 2379 1270 2435 omnibus
1297 2390 1353 2435 et
1376 2381 1608 2438 dilucida
1635 2387 1846 2444 ratione

242 2464 505 2521 .dissertis
527 2482 624 2536 per
646 2482 767 2537 quas
789 2477 899 2523 tam
928 2485 994 2525 ex
1016 2472 1189 2540 gestis
1217 2473 1358 2544 apud
1385 2474 1634 2533 Photium
1661 2488 1719 2534 et
1745 2481 1847 2538 Eu-

244 2561 521 2615 .statbium
541 2562 1048 2633 episcoposhabitis
1073 2581 1234 2635 quam
1261 2583 1329 2623 ex
1368 2585 1557 2626 eorum
1602 2571 1846 2642 iudicato

246 2649 489 2719 aliisque
514 2651 758 2720 pluribus
784 2654 959 2709 modis
982 2656 1261 2712 evidenter
1286 2660 1533 2728 apparuit
1559 2663 1705 2731 quod
1726 2666 1813 2735 epi
1837 2698 1846 2707 -

244 2741 455 2795 stolam
483 2742 550 2796 ad
576 2742 764 2798 Marini
792 2743 1011 2801 Persam
1038 2747 1292 2817 scriptam
1320 2765 1472 2805 suam
1518 2768 1617 2822 per
1663 2758 1844 2813 omnia

260 2832 543 2899 negaverit
569 2831 688 2888 [bas
725 2834 1027 2905 episcopus,
1071 2854 1453 2907 nunquamque
1498 2845 1737 2911 potuerit
1778 2862 1844 2902 ex

1948 1928 2049 1996 psi.
2083 1927 2151 1982 Et
2198 1939 2323 1998 post
2352 1931 2592 2000 reliquos
2618 1934 2813 1989 similia
2844 1937 3269 2007 iuterloquentes
3296 1941 3535 2009 episcopi

1946 2016 2232 2088 Illyriciani
2282 2019 2499 2087 triginta
2548 2020 2658 2077 duo
2707 2039 2775 2079 ex
2803 2026 2989 2081 charta
3033 2028 3372 2083 dictaverunt
3395 2036 3539 2085 uotis

1948 2124 2048 2180 per
2094 2107 2385 2164 Sozontem
2442 2111 2757 2182 episcopum
2812 2115 3099 2189 Philippon
3128 2120 3199 2174 ita
3252 2120 3390 2189 (Aet.
3423 2120 3481 2190 4)
3518 2139 3531 2174 :

1948 2199 2265 2254 Sanctorum
2294 2200 2514 2256 Patrum
2561 2211 2909 2260 trecentorum
2936 2208 3110 2261 decem
3138 2219 3189 2262 et
3214 2220 3327 2264 octo
3355 2211 3535 2281 ﬁdem,

1946 2306 2060 2359 qua:
2087 2299 2164 2344 est
2189 2290 2331 2344 salus
2360 2301 2561 2361 nostra,
2591 2304 2641 2347 et
2667 2301 2949 2361 servamus,
2992 2307 3043 2352 et
3067 2314 3184 2352 cum
3212 2300 3328 2369 ipsa
3378 2302 3535 2355 vitam

1945 2389 2178 2434 nostram
2226 2380 2482 2445 complere
2529 2400 2771 2451 oramus;
2820 2394 2871 2440 et
2917 2395 3120 2442 centum
3163 2391 3536 2463 quinquaginta

1944 2481 2067 2525 ante
2115 2473 2259 2526 dicta
2283 2473 2389 2543 ﬁde
2432 2474 2610 2550 Uorte,
2642 2478 2929 2534 antedictte
2959 2480 3104 2553 ﬁdei]
3150 2493 3456 2548 consonant,
3486 2494 3537 2536 et

1944 2570 2206 2617 servantes
2234 2566 2657 2636 perezsequimur
2704 2577 2753 2621 et
2781 2571 2957 2624 omnia
3007 2588 3123 2643 quis
3167 2583 3284 2626 acta
3323 2584 3443 2628 sunt
3483 2582 3534 2627 et

1944 2650 2152 2705 decreta
2178 2653 2233 2705 in
2257 2654 2428 2721 prima
2450 2652 2717 2725 Ephesiua
2746 2658 2964 2728 synodo,
2987 2660 3133 2730 cujus
3163 2662 3410 2730 praesides
3427 2663 3534 2733 fue-

1946 2753 2066 2795 runt
2086 2741 2417 2797 beatissimus
2444 2743 2748 2800 Calestinus
2770 2749 3072 2818 apostolicae
3095 2750 3232 2804 sedis
3271 2752 3531 2821 princeps,

1943 2839 1994 2883 et
2023 2830 2350 2885 beatissimus
2377 2831 2602 2902 Cyrillus
2625 2853 2829 2907 magna;
2857 2840 3078 2893 civitatis
3107 2839 3460 2907 Alexandriae,
3482 2851 3535 2894 et

245 2920 504 2989 ejusdem
528 2923 833 2991 objectioue
859 2927 1128 2992 convinci,
1160 2936 1331 2983 restat
1355 2939 1414 2984 ut
1431 2933 1657 2988 veritate
1684 2937 1843 2991 simili

1950 2920 2354 2975 orthodoxorum
2381 2921 2562 2994 "orte,
2587 2926 2972 2998 orthodoxum]
3019 2945 3130 2983 esse
3157 2940 3393 2984 sanctum
3422 2931 3533 2984 Pa-

256 3014 602 3070 declaremus
644 3017 1099 3085 quemadmodum
1148 3036 1181 3074 a
1219 3036 1381 3076 sensu
1406 3024 1491 3077 vel
1534 3024 1847 3083 deﬁnitione

244 3102 374 3159 sive
403 3103 829 3172 professionibus
854 3107 1241 3163 venerabilium
1266 3110 1481 3165 Patrum
1513 3113 1567 3166 in
1615 3112 1843 3171 Chalce-

1949 3022 2075 3064 trem
2096 3021 2328 3065 nostrum
2355 3014 2797 3085 archiepiscopum
2822 3017 3045 3073 Leonem
3071 3022 3534 3091 cognovimus.Scd

1946 3112 2003 3157 et
2031 3104 2223 3173 reliqui
2251 3105 2492 3176 episcopi
2520 3107 2715 3161 similia
2743 3118 2871 3163 sunt
2899 3110 3149 3182 professi.

252 3192 404 3247 dona
436 3192 783 3248 residentium
812 3195 1098 3265 smpedicta
1124 3198 1353 3267 epistola
1382 3201 1448 3255 ad
1476 3202 1663 3258 Mai-im
1719 3205 1846 3261 Per-
1877 3210 1919 3270 C
2021 3192 2136 3246 XV-
2166 3192 2261 3248 Ηῖε
2289 3208 2418 3263 ⁸1⁸80
2444 3211 2505 3251 se
2534 3196 2607 3250 ita
2638 3198 2973 3266 habentibus.
3006 3200 3140 3256 ηιιΙΙί
3163 3203 3311 3258 venit
3352 3202 3407 3257 in
3435 3202 3534 3257 dt!-

255 3300 374 3338 sam
425 3285 629 3355 scripta
677 3286 850 3341 aliena
878 3288 1122 3344 videatur
1163 3292 1399 3347 existere
1427 3304 1687 3351 eteorum
1718 3315 1844 3352 sen-

246 3375 444 3431 tentiis
466 3376 703 3431 obviare.
736 3375 891 3444 Quod
924 3385 983 3433 ut
1028 3382 1271 3436 omnium
1317 3384 1575 3440 reddatur
1601 3391 1848 3445 sensibus

250 3467 625 3535 manilestum,
647 3469 896 3538 primitus
916 3471 1181 3542 inspicere
1210 3491 1310 3531 nos
1330 3487 1547 3546 oportet
1593 3483 1717 3551 quid
1744 3482 1845 3537 Pa-

248 3562 371 3610 .tres
418 3557 591 3611 nostri
640 3559 695 3611 in
743 3556 1168 3616 Chalcedonensi
1213 3565 1423 3634 synodo
1450 3567 1749 3625 residentes
1793 3573 1842 3625 in

248 3644 648 3714 praedicatione
676 3648 1097 3719 receptioneque
1114 3651 1289 3708 beate
1309 3657 1700 3715 recordationis
1719 3676 1850 3730 prae-

251 3735 569 3793 decessoris
592 3738 762 3792 nostri
785 3753 935 3808 papa:
956 3739 1152 3796 Leonis
1179 3744 1425 3811 epistola:
1453 3748 1539 3802 vel
1566 3748 1620 3804 in
1663 3751 1851 3821 expla-

263 3827 489 3882 natione
542 3836 741 3883 sanctze
770 3828 893 3883 ﬁdei
945 3830 1055 3885 sint
1082 3834 1330 3902 professi,
1360 3844 1418 3891 et
1442 3838 1531 3907 pia
1554 3842 1849 3898 tenendum

254 3916 509 3973 doctrina
558 3919 862 3986 tradiderit;
915 3930 975 3976 ut
1026 3923 1110 3979 his
1158 3926 1435 3995 inspectis,
1482 3939 1744 3998 quantum
1783 3934 1850 3989 ab

262 4022 453 4064 eorum
484 4008 797 4066 deﬁnitione
820 4013 1215 4085 traditioneque
1266 4020 1491 4088 cpistola
1544 4023 1611 4078 ad
1660 4024 1850 4081 Marim

256 4096 487 4154 Persam
539 4101 738 4171 scripta
790 4102 1034 4159 dissonet
1080 4119 1148 4161 ex
1172 4107 1254 4162 his
1275 4118 1437 4179 atque
1459 4115 1727 4170 contraria
1756 4116 1853 4171 de-

264 4198 616 4255 monstretur,
648 4198 704 4245 et
731 4191 802 4245 ob
829 4193 935 4248 hoc
953 4207 1213 4265 appareat
1241 4214 1360 4253 eam
1387 4198 1605 4258 Patrum
1635 4214 1852 4261 nostro-

262 4290 378 4331 rum
399 4281 690 4335 sententiis
710 4281 863 4337 nullo‘
887 4284 1050 4341 modo
1073 4291 1503 4357 comprobatam.
1550 4293 1607 4349 ln
1638 4298 1853 4354 actione

258 4380 456 4435 quarta
478 4372 667 4441 synodi
681 4371 1157 4446 Chalcedonensis,
1180 4380 1306 4435 dum
1327 4392 1447 4451 post
1467 4384 1660 4442 lectam
1682 4390 1853 4445 beata:

266 4461 657 4517 recordationis
686 4477 837 4534 papae
859 4465 1055 4523 Leonis
1074 4470 1356 4538 epistolam
1381 4474 1566 4530 Patres
1592 4480 1763 4533 nostri
1786 4481 1853 4536 de

1945 3285 2095 3339 bium
2122 3286 2250 3354 quin
2282 3287 2469 3342 Patres
2496 3290 2665 3343 nostri
2695 3290 2769 3344 ita
2792 3306 2821 3345 a
2850 3307 2912 3347 se
2938 3294 3319 3351 venerabiliter
3346 3298 3535 3352 crede-

1950 3390 2071 3436 rent
2108 3383 2306 3453 suscipi
2334 3384 2477 3438 beati
2508 3384 2703 3440 Leonis
2732 3387 3036 3457 epistolam,
3069 3391 3114 3444 si
3145 3406 3264 3445 eam
3292 3408 3413 3446 cum
3443 3391 3536 3445 Ni-

1949 3491 2109 3530 caeus:
2156 3476 2763 3548 Constantinopolitanae
2809 3484 3169 3552 synodorum,
3210 3493 3322 3537 tum
3372 3483 3537 3540 etiam

1940 3567 2095 3620 beati
2124 3567 2309 3637 Cyrilli
2352 3567 2402 3621 in
2434 3566 2706 3637 Ephesina
2737 3571 2909 3640 prima
2938 3572 3199 3641 expositis
3234 3584 3536 3629 assererem

1949 3657 2240 3711 convenire
2264 3656 2543 3712 doctrinis.
2576 3658 2643 3713 Et
2662 3661 2708 3715 si
2741 3660 2828 3715 illa
2855 3664 2988 3716 tanti
3016 3660 3289 3732 pontiﬁcis
3305 3673 3361 3720 et
3388 3672 3538 3720 tanta

1951 3744 2271 3799 orthodoxte
2302 3744 2424 3802 ﬁdei
2472 3747 2591 3803 luce
2629 3750 2950 3819 praefulgens
2989 3753 3217 3823 epistola
3258 3754 3343 3809 his
3371 3755 3538 3823 exigit

1952 3841 2449 3909 comparationibus
2476 3845 2799 3912 approbari,
2846 3847 3121 3914 quomodo
3151 3847 3297 3901 illam
3328 3847 3396 3901 ad
3424 3847 3539 3902 Ma-

1952 3931 2055 3984 rim
2086 3930 2304 3985 Persam
2349 3933 2665 4002 epistolam,
2707 3950 2828 4004 qua:
2874 3938 3182 4006 specialiter
3209 3936 3538 4007 Ephesinam

1953 4022 2183 4091 primam
2220 4022 2484 4094 synodum
2526 4028 2733 4097 respuit
2772 4036 2827 4082 et
2871 4028 3014 4083 beati
3066 4028 3246 4099 Cyrilli
3295 4029 3541 4097 exposita

1953 4116 2206 4184 dogmata
2236 4116 2480 4172 deﬁnivit
2518 4119 2793 4185 hmretica,
2832 4122 2901 4173 ab
2930 4120 3119 4176 iisdem
3150 4119 3399 4172 Patribus
3424 4134 3545 4174 cre-

1954 4207 2118 4261 datur
2145 4209 2447 4263 orthodoxa
2476 4210 2761 4275 nominari,
2790 4224 2912 4262 cum
2938 4210 3025 4262 illa
3054 4209 3381 4262 condemnet
3405 4224 3542 4277 quo—

1946 4312 2075 4351 rum
2102 4299 2394 4352 collatione
2425 4300 2559 4352 tanti
2588 4298 2876 4367 pontiﬁcis,
2911 4307 2970 4352 ut
2992 4298 3192 4353 dictum
3224 4306 3326 4363 est,
3350 4301 3547 4354 meruit

1955 4390 2202 4444 doctrina
2234 4389 2475 4443 laudari?
2515 4390 2647 4444 Nam
2679 4400 2733 4445 et
2756 4390 3075 4447 universalis
3101 4392 3290 4463 synodi
3317 4390 3545 4446 Chalce-

1956 4481 2212 4536 donensis
2241 4482 2558 4535 acclamatio
2582 4498 2684 4536 una
2727 4484 2903 4555 [forte,
2933 4482 3120 4557 unam]
3153 4484 3314 4540 fuisse
3346 4486 3545 4540 utrius-

269 4552 681 4610 contirmatione
744 4556 984 4625 ejusdem
1046 4562 1290 4629 epistolae
1353 4565 1719 4633 loquerentur,
1778 4572 1849 4625 ita
1883 4583 1932 4643 ι)
1957 4587 2081 4640 que,
2110 4571 2160 4625 id
2193 4580 2275 4626 est
2322 4572 2462 4626 beati
2493 4572 2690 4628 Leonis
2716 4552 2772 4630 et
2800 4577 2943 4630 beati
2967 4552 3169 4646 Cyrilli,
3196 4577 3353 4631 tidem
3383 4584 3544 4647 atque

268 4640 517 4701 dixerunt
549 4645 684 4715 (Act.
714 4647 769 4718 4)
803 4664 821 4702 ;
877 4650 1151 4707 Anatolius
1180 4656 1623 4712 reuerentissimus
1651 4662 1851 4729 episco-

264 4747 356 4803 pus
377 4736 537 4805 regia:
573 4736 1048 4810 Constantinopolis
1067 4742 1206 4795 dixit
1229 4761 1241 4795 :
1276 4742 1515 4813 Epistola
1537 4751 1852 4806 sanctissimi

270 4831 318 4874 et
362 4828 636 4896 apostolici
676 4830 1052 4901 archiepiscopi
1100 4831 1291 4890 Leonis
1337 4847 1593 4893 consonat
1618 4842 1851 4912 symbolo

273 4920 609 4972 trecenton
637 4923 808 4973 decem
839 4932 888 4975 et
915 4933 1030 4977 octo
1049 4935 1347 4981 sanctorum
1367 4926 1589 4985 Patrum
1607 4934 1693 5001 qui
1712 4935 1852 5001 apud

275 5001 508 5063 Nil-team
535 5018 585 5063 et
611 5021 811 5066 centum
840 5016 1217 5087 quinquaginta
1241 5019 1327 5088 qui
1375 5021 1516 5089 apud
1544 5020 1851 5078 Constanti-

276 5101 493 5168 nopolim
522 5112 699 5171 postea
722 5114 842 5158 sunt
871 5106 1088 5172 collecti,
1114 5110 1198 5178 qui
1225 5110 1460 5166 eamdem
1479 5114 1637 5183 ﬁdem
1656 5119 1852 5187 conﬁr-

277 5201 550 5256 maverunt,
590 5194 682 5248 sed
707 5205 755 5248 et
776 5196 856 5249 his
884 5214 997 5266 quae
1024 5199 1079 5253 in
1108 5198 1371 5269 Ephesiae
1415 5203 1508 5258 sub
1555 5204 1850 5265 beatissimo

276 5288 323 5329 et
342 5285 666 5341 sanctissimo
695 5285 889 5357 Cyrillo
917 5300 1065 5358 gesta
1085 5300 1207 5344 sunt
1234 5292 1299 5345 ab
1332 5296 1620 5351 universali
1634 5308 1685 5352 et
1721 5315 1851 5353 san-

276 5378 351 5422 cto
377 5376 618 5441 concilio,
639 5377 846 5448 quando
869 5380 1197 5434 maledictum
1227 5381 1532 5440 Nestorium
1562 5386 1847 5445 damnavit.

279 5453 595 5535 Quapropter
646 5469 905 5532 consensi,
952 5477 1000 5522 et
1028 5470 1196 5525 eidem
1220 5475 1450 5542 epistolae
1477 5476 1695 5531 libenter
1723 5480 1849 5532 sub-

276 5551 472 5622 scripsi.
526 5557 879 5612 Paschasinus
920 5569 969 5612 et
1014 5558 1297 5617 Lucentius
1338 5565 1432 5618 viri
1453 5568 1849 5624 reuerentissimi

276 5644 490 5716 episcopi
525 5658 566 5703 et
620 5650 918 5722 Bonifacius
946 5652 1233 5724 presbyter,
1266 5655 1448 5710 vicarii
1471 5658 1607 5711 sedis
1636 5671 1849 5729 aposto-

279 5732 386 5788 licte
411 5756 499 5807 per
531 5739 908 5796 Paschasinum
939 5744 1217 5800 dixerunt:
1267 5744 1608 5818 Manifestum
1635 5759 1713 5803 est
1760 5768 1851 5804 nec

281 5824 457 5889 polerit
507 5831 733 5887 dubitari
786 5849 941 5888 unam
988 5835 1145 5905 [idem
1193 5835 1473 5894 beatissimi
1520 5857 1672 5911 papw
1716 5845 1850 5898 sedis

1958 4665 2258 4720 doctrinam
2323 4667 2720 4723 evidentissitne
2786 4670 3182 4739 comprobavit,
3218 4670 3292 4723 ita
3355 4668 3544 4724 dicens

1960 4757 2095 4825 (Act.
2123 4756 2178 4823 2)
2215 4775 2227 4810 :
2264 4757 2360 4811 Pie
2386 4767 2435 4811 et
2470 4775 2585 4812 vere
2618 4757 2723 4814 Leo
2746 4759 2940 4815 docuit.
2976 4760 3204 4831 Cyrillus
3236 4763 3312 4814 ita
3346 4761 3540 4815 docuit.

1958 4845 2139 4917 Cyrilli
2162 4856 2359 4901 aeterna
2399 4851 2669 4903 memoria.
2702 4848 2808 4904 Leo
2849 4858 2900 4903 et
2937 4849 3161 4920 Cyrillus
3187 4850 3424 4904 similiter
3451 4850 3544 4903 do.-

1958 4948 2189 4991 cuerunt.
2215 4939 2505 4993 Anathema
2533 4942 2619 5011 qui
2653 4942 2729 4995 sic
2757 4958 2861 4995 non
2891 4942 3071 4995 credit.
3107 4940 3259 4997 Unde
3290 4941 3347 4995 ﬁt
3374 4950 3431 4994 ut
3454 4941 3543 4995 illa

1957 5031 2185 5100 epistola
2216 5031 2283 5085 ad
2332 5030 2517 5085 Marim
2548 5031 2766 5087 Persam
2798 5048 2905 5088 non
2933 5034 3105 5088 solum
3139 5048 3245 5088 non
3272 5040 3542 5101 suscepta,

1957 5138 2145 5177 verum
2189 5122 2351 5176 etiam
2379 5122 2829 5178 auathematizata
2872 5133 3222 5187 monstretur,
3253 5122 3378 5178 dum
3407 5122 3543 5190 dog-

1959 5219 2102 5264 mata
2148 5210 2333 5283 Cyrilli
2381 5213 2433 5267 in
2476 5211 2744 5283 Ephesina
2789 5216 2959 5285 prima
3005 5216 3249 5284 exposita
3306 5214 3545 5284 appellat

1960 5302 2249 5367 luuretica;
2299 5320 2417 5373 qua:
2461 5305 2551 5374 qui
2593 5322 2698 5359 non
2749 5309 3023 5378 sequitur,
3073 5306 3431 5381 anathctnatis
3476 5321 3542 5361 ex

1959 5394 2225 5448 sententia
2272 5405 2470 5450 sancta:
2496 5396 2957 5455 Chalcedonensis
2995 5397 3185 5469 synodi
3218 5412 3375 5468 paena
3403 5396 3547 5451 dam-

1961 5494 2139 5539 natur.
2189 5484 2304 5542 Huc
2349 5489 2558 5543 accedit
2594 5489 2834 5558 ejusdem
2879 5492 3197 5546 venerandae
3243 5490 3543 5547 Chalcedo-

1956 5576 2138 5630 nensis
2186 5579 2375 5648 synodi
2420 5580 2582 5634 etiam
2630 5581 2753 5635 lidei
2802 5582 3196 5636 exclamatione
3240 5582 3540 5646 sententia,

1955 5680 2076 5733 qua:
2106 5664 2173 5718 ad
2205 5667 2377 5720 locum
2410 5668 2480 5723 ita
2519 5686 2576 5725 se
2603 5670 2765 5725 habet
2794 5671 2928 5740 (Act.
2963 5669 3015 5741 5)
3053 5689 3065 5723 :
3113 5670 3401 5744 Deﬁnimus
3440 5673 3542 5744 igi-

1957 5765 2039 5809 tur
2060 5756 2289 5810 ordiuem
2322 5767 2369 5811 et
2393 5776 2568 5815 omnes
2598 5764 2795 5833 {orntus
2826 5762 2952 5832 ﬁdei
2972 5778 3331 5821 conservantes
3353 5781 3545 5837 nosque

1955 5863 2070 5916 qua’
2098 5848 2237 5918 apud
2283 5847 2542 5918 Ephesum
2574 5854 2715 5921 facta
2746 5863 2821 5905 est
2861 5865 3043 5911 sancta
3092 5858 3351 5928 synodus,
3396 5857 3544 5925 cujus
