4042 6512
485 371 590 425 463

1653 357 1877 413 vretm
1920 356 2022 411 PP.
2064 338 2546 409 consri‘ruruu

3659 368 3789 423 Μ

484 482 751 556 ’,νωθείαν
766 482 974 551 fumat
993 486 1192 531 sanctis
1218 476 1482 529 memoria:
1502 472 1804 528 Co'lestinus
1828 469 2080 525 Romanre
2110 474 2155 532 Λ
2186 474 2316 525 zari.
2341 470 2474 525 Cum
2496 487 2624 540 ergo
2644 472 2876 527 dixerint
2899 472 3084 527 Patres
3106 474 3273 528 nostri
3300 476 3542 530 ordinem
3573 486 3627 532 et
3647 496 3776 533 om-

484 576 627 628 νοῦς
650 573 867 625 antistes
892 580 944 623 et
966 567 1194 639 Cyrillus
1228 566 1605 621 Alexandrina:
1646 564 1916 630 Ecclesiae,
1946 578 2079 632 pra:-

485 668 683 737 fulgere
709 662 914 732 quidem
942 672 1095 714 recta:
1122 670 1170 712 et
1193 658 1543 712 immaculata:
1563 658 1684 721 fidei
1708 657 2081 725 expositionem

484 768 828 809 trecentorum
878 754 1053 806 decem
1089 762 1137 805 et
1179 762 1293 804 octo
1343 760 1641 803 sanctorum
1681 758 1730 802 et
1759 748 2083 801 beatissimo-

483 864 596 900 rum
632 847 851 899 Patrum
875 845 1013 914 apud
1038 842 1275 896 Nicaram
1304 841 1396 896 sub
1419 842 1522 912 pia:
1550 840 1927 894 recordationis
1950 838 2085 891 Con-

482 939 713 992 stantino
736 937 970 1005 principe
990 940 1442 1004 congregatarum,
1475 930 1704 985 obtinere
1724 937 1897 981 autem
1926 928 2083 979 etiam

484 1039 691 1084 centum
713 1027 1086 1099 quinquaginta
1110 1032 1407 1077 sanctorum
1434 1022 1653 1073 Patrum
1677 1018 1816 1089 apud
1837 1016 2087 1070 Constan-

489 1120 761 1189 tin0p0lim
798 1119 1034 1187 definita,
1062 1117 1130 1168 ad
1166 1116 1596 1184 interruptionem
1642 1111 1846 1182 quidem
1874 1120 2085 1163 exorta-

489 1227 602 1262 rum
634 1210 917 1262 hmreseon.
941 1206 1389 1275 conﬁrmationem
1422 1220 1538 1255 rero
1567 1204 1793 1271 ejusdem
1817 1201 2087 1256 catholij

488 1312 685 1355 nostra:
710 1300 852 1370 ﬁdei.
882 1297 1186 1369 Symbolum
1209 1297 1349 1367 apud
1374 1293 1615 1348 Nicwam
1637 1305 1974 1348 trecentorum
1997 1295 2087 1348 dav

489 1413 595 1449 cem
617 1405 666 1448 et
697 1404 830 1450 octo.
871 1392 937 1446 Et
967 1401 1092 1462 post
1120 1392 1222 1446 alia
1253 1393 1391 1459 (Act.
1424 1390 1481 1457 5)
1517 1408 1530 1443 :
1576 1389 1790 1458 Propter
1819 1390 1937 1443 illos
1967 1406 2085 1443 vero

490 1487 580 1558 qui
608 1485 910 1555 mysterium
938 1484 1339 1554 dispensationis
1360 1497 1686 1547 corrumpere
1714 1481 2015 1545 moliuntur,
2038 1489 2087 1533 et

494 1592 679 1644 purum
711 1576 971 1629 hominem
999 1590 1111 1626 esse
1136 1573 1223 1642 qui
1251 1588 1316 1624 ex
1335 1582 1521 1625 sancta
1556 1570 1771 1639 Virgine
1800 1570 1973 1623 Maria
2002 1588 2092 1623 na-

493 1676 573 1718 tus
600 1676 675 1719 est
710 1665 1035 1735 impudenter
1064 1663 1366 1724 delirantes,
1392 1660 1527 1713 beati
1550 1658 1734 1729 Cyrilli
1764 1660 2089 1713 Alexandri—

493 1772 578 1809 na:
619 1754 868 1808 Ecclesia:
908 1753 1146 1823 prwsulis
1181 1750 1459 1821 synodicas
1497 1750 1567 1802 ad
1596 1747 1900 1801 Nestorium
1941 1758 1990 1801 et
2019 1747 2090 1799 ad

2188 579 2281 615 nes
2312 561 2513 617 formas
2561 562 2678 617 fidei
2709 562 2958 635 Epliesini
3007 563 3161 632 primi
3191 565 3404 617 concilii
3434 580 3494 619 se
3522 581 3776 634 servare,

2186 665 2240 709 et
2270 656 2398 709 nulli
2431 656 2592 711 licere
2635 656 2858 711 alteram
2908 655 3065 710 fidem
3094 656 3359 724 proferre,
3400 660 3777 725 conscribere,

2189 749 2268 802 vel
2299 749 2521 812 sentire,
2550 764 2647 802 seu
2670 747 2901 810 tradere,
2934 754 3025 799 aut
3054 746 3209 800 aliter
3226 746 3443 808 docere,
3470 764 3781 820 omnesque

2184 842 2274 909 qui
2300 850 2629 910 praesumunt
2657 840 2782 894 talia
2831 854 2951 894 esse
2977 840 3262 893 damnatos
3280 882 3295 905 ,
3326 841 3611 908 epistolam
3639 860 3781 898 vero

2187 931 2254 985 ad
2288 930 2472 985 Marini
2498 929 2714 983 Persam
2745 930 3000 998 scriptam
3029 930 3425 998 impugnantem
3457 946 3558 999 per
3589 934 3782 988 omnia

2187 1021 2331 1075 beati
2359 1020 2542 1093 CyrilIi
2574 1021 2874 1090 expositam
2894 1020 2946 1073 in
2969 1018 3236 1088 Ephesius
3268 1020 3438 1089 prima
3468 1020 3781 1077 doctrinam

2187 1130 2294 1167 non
2316 1114 2491 1167 solum
2520 1114 2697 1177 aliter,
2723 1111 2817 1167 sed
2840 1122 2897 1166 et
2919 1113 3191 1167 contrarie
3221 1128 3327 1166 non
3351 1114 3657 1169 dubitemus
3687 1132 3784 1169 as-

2190 1210 2388 1267 truere,
2413 1212 2626 1257 constat
2652 1201 2894 1272 synodali
2916 1202 3119 1270 judicio
3146 1202 3385 1272 ejusdem
3411 1205 3786 1262 damnationis

2187 1295 2512 1349 sententiam
2560 1294 3042 1363 comprehensam,
3095 1309 3158 1348 ac
3184 1302 3472 1363 propterea
3521 1296 3589 1349 ab
3619 1298 3702 1352 eis
3749 1313 3783 1352 a

2187 1385 2383 1452 quibus
2416 1382 2643 1454 epistola
2686 1380 2752 1435 ad
2782 1380 2971 1434 Marim
3017 1381 3232 1435 Persam
3277 1384 3618 1451 apertissime
3643 1401 3786 1455 prte-

2189 1476 2438 1530 damuata
2481 1475 2701 1543 legitur,
2727 1475 2898 1528 multo
2934 1476 3105 1543 magis
3130 1475 3334 1529 clarum
3362 1486 3446 1530 est
3474 1494 3581 1531 non
3612 1478 3786 1535 fuisse

2189 1577 2515 1634 susceptam.

2262 1657 2419 1711 XVII.
2455 1657 2562 1710 Nec
2593 1672 2919 1726 quemquam
2960 1655 3123 1710 debet
3171 1672 3490 1726 permovere
3537 1656 3783 1713 fidelium

2191 1751 2336 1817 quod
2377 1751 2592 1818 quidam
2620 1750 2970 1818 subripiendo
2998 1750 3243 1804 nituntur
3269 1760 3512 1805 astruere
3530 1751 3785 1819 quzcdam

495 1847 628 1899 alios
658 1864 748 1916 per
773 1843 1039 1898 Orientem
1062 1859 1318 1913 congruas
1340 1843 1620 1895 existentes
1640 1840 1851 1909 suscipit
1872 1840 1939 1891 ad
1968 1856 2083 1893 con-
2127 1848 2166 1905 η
2197 1842 2248 1895 in
2280 1841 2384 1896 hac
2418 1840 2644 1911 epistola
2671 1840 2737 1892 ad
2766 1840 2951 1894 Marini
2984 1842 3054 1894 ita
3084 1842 3246 1899 dicta,
3280 1850 3335 1894 et
3363 1856 3515 1908 quasi
3547 1840 3631 1894 his
3658 1856 3788 1909 qua

493 1936 773 1988 vincendos
803 1933 1037 1993 Nestorii
1063 1934 1329 1994 vesanias;
1363 1938 1419 1985 et
1444 1930 1672 1997 reliqua.

563 2023 700 2078 XVI.
746 2023 884 2079 Ecce
913 2024 1153 2083 omnium
1196 2022 1432 2075 fidelium
1477 2019 1725 2074 sensibus
1754 2026 1903 2087 patet
1941 2017 2090 2086 quod

494 2116 666 2170 sancti
707 2114 898 2171 Patres
942 2115 1112 2169 nostri
1147 2115 1197 2168 in
1225 2111 1570 2167 Chalcedona
1604 2110 1925 2176 residentes,
1970 2123 2093 2161 cum

495 2207 608 2277 jam
639 2207 707 2261 de
745 2206 1028 2261 catholica:
1076 2205 1201 2258 fidei
1226 2202 1607 2273 explanatione
1630 2200 1921 2260 senserint,
1951 2199 2095 2251 OI‘dI-

502 2310 625 2349 nem
668 2303 724 2348 et
751 2309 941 2349 omnes
998 2294 1198 2348 formas
1254 2293 1376 2349 fidei
1423 2307 1543 2360 qua:
1583 2292 1635 2345 in
1688 2289 1953 2360 Eptiesina
1983 2288 2091 2358 pri-

500 2400 608 2451 ma,
633 2384 719 2439 cui
743 2385 916 2439 beata:
956 2384 1229 2439 memoria:
1255 2382 1578 2437 Carlestinus
1607 2390 1664 2437 et
1710 2382 1899 2436 beatus
1925 2378 2097 2450 Cyril—

501 2477 587 2531 lus
642 2476 1034 2531 Alexandrinus
1088 2476 1379 2545 episcopus
1437 2474 1844 2543 prresederunt,
1902 2474 2097 2527 habita:

504 2582 652 2641 sunt,
701 2575 844 2629 sicut
886 2573 1087 2628 Nictcni
1121 2580 1283 2640 atque
1331 2570 1913 2640 ConsLantinopolitani
1949 2584 2100 2623 com-

505 2666 658 2719 muni
700 2665 877 2735 [‘[orte,
924 2663 1163 2732 concilii]
1208 2661 1747 2731 circumspectionem
1777 2675 1837 2714 se
1880 2674 2100 2714 servare

506 2754 734 2827 professi
763 2764 925 2817 sunt,
974 2755 1187 2808 illorum
1237 2751 1458 2817 deﬁnita
1503 2767 1655 2804 suam
1702 2750 1889 2820 procul
1934 2749 2100 2803 dubio

508 2845 669 2899 Iidem
709 2860 830 2899 esse
859 2851 1145 2898 testantes.
1195 2842 1296 2896 Per
1333 2842 1477 2911 quod
1503 2850 1727 2910 apparet
1756 2855 1917 2895 omne
1943 2839 2102 2909 quid-

509 2936 637 3006 quid
666 2936 733 2989 ab
762 2933 953 2989 ordine
987 2935 1068 2988 vel
1100 2932 1285 2988 formis
1316 2933 1369 2985 in
1411 2929 1683 3000 Ephesium
1718 2929 1893 2999 primo
1919 2928 2101 2983 conci-

510 3026 586 3081 lio
634 3024 832 3080 habitis
881 3024 1190 3093 discrepat,
1242 3022 1557 3088 eisdemque
1610 3028 1941 3073 monstratur
1982 3032 2102 3072 esse

511 3116 861 3179 contrarium,
891 3114 1171 3169 beatorum
1200 3111 1724 3165 Chalcedonensium
1757 3121 1975 3175 quoque
1998 3106 2101 3157 Pa-

2195 1932 2333 1987 bene
2360 1932 2544 1987 dicunt
2580 1932 2786 2000 possint
2824 1932 3201 1985 convenientia
3230 1931 3623 1992 detnonstrari;
3654 1947 3786 1985 cum

2197 2026 2572 2080 lmreticorum
2603 2024 2941 2079 Consuetudo
2983 2025 3052 2077 sit
3096 2039 3301 2077 venena
3345 2039 3439 2077 sua
3472 2023 3664 2077 fucatis
3695 2040 3789 2076 ce-

2198 2117 2310 2170 lare
2349 2118 2694 2170 sermon‘.bus
2728 2125 2784 2170 et
2812 2116 2973 2169 verba
3004 2116 3329 2185 put-ruittcrc
3359 2131 3476 2183 «μω
3505 2115 3659 2183 quasi
3690 2131 3789 2168 or-

2199 2208 2451 2263 tbodoxis
2480 2208 2763 2261 vidcantur
2801 2207 3224 2277 professionibus
3251 2222 3573 2267 consonare.
3610 2216 3664 2260 et
3693 2222 3787 2260 re-

2198 2314 2414 2355 servare
2456 2309 2481 2336 ι
2526 2299 2854 2367 indulgentia
2900 2298 3163 2366 malignos
3188 2298 3365 2350 aditus
3397 2312 3493 2366 per
3519 2312 3656 2365 quos
3684 2312 3788 2352 eo-

2199 2408 2319 2447 rum
2356 2391 2660 2461 pestilentia
2706 2392 3097 2446 intromittatur
3136 2391 3336 2445 erroris
3362 2432 3377 2454 ,
3425 2391 3566 2444 sicut
3591 2390 3661 2444 de
3709 2392 3790 2445 eis

2199 2485 2463 2555 propheta
2495 2491 2725 2539 testatur
2766 2499 2783 2539 :
2825 2482 3127 2537 Mollierant
3166 2499 3427 2537 sermones
3468 2500 3592 2537 suos
3632 2501 3791 2553 super

2200 2577 2386 2639 oleum,
2416 2585 2467 2629 et
2498 2576 2597 2646 ipsi
2620 2583 2740 2629 sunt
2762 2577 2944 2647 jacnlo
2976 2575 3148 2645 (Psal.
3181 2591 3286 2637 Ltv,
3308 2574 3431 2645 9.2);
3464 2585 3518 2629 et
3547 2576 3745 2631 iterum
3774 2594 3786 2627 :

2205 2666 2463 2733 Quoniam
2504 2667 2559 2719 in
2594 2682 2677 2718 mn
2705 2668 2767 2719 tis
2796 2675 2943 2719 erant
2968 2682 3163 2719 mecum
3205 2665 3380 2737 (Psal.
3414 2682 3518 2732 LIV,
3568 2666 3678 2735 19).
3716 2669 3789 2722 De

2199 2759 2394 2828 quibus
2435 2758 2599 2812 etiam
2650 2766 2703 2812 ct
2750 2756 2942 2811 doctor
2987 2758 3227 2825 gentium
3265 2758 3391 2812 dicit
3441 2758 3787 2827 Apostolus:

2202 2849 2466 2903 Habentes
2496 2852 2716 2919 formam
2745 2850 2972 2914 pietatis,
3002 2850 3237 2901 virtutem
3279 2859 3449 2901 autem
3488 2852 3597 2920 ejus
3626 2850 3790 2903 abne-

2202 2950 2383 3011 gantes
2410 2938 2498 3009 (11
2525 2937 2657 2991 Tim.
2684 2954 2739 2993 ttt
2758 2977 2771 2997 ,
2798 2937 2875 3008 5).
2906 2937 3091 3007 Neque
3120 2938 3262 2991 enim
3294 2937 3540 2993 Nestorio
3570 2938 3789 3009 prodest

2200 3031 2335 3083 duas
2374 3038 2595 3083 naturas
2622 3037 2677 3082 et
2716 3044 2880 3081 unum
2913 3029 3076 3081 tilium
3118 3027 3396 3092 confiteri,
3443 3030 3691 3096 quamvis
3740 3036 3790 3083 et

2202 3120 2524 3174 nrtluuloxis
2550 3120 2621 3173 sit
2653 3119 2956 3173 cornmunis
2994 3120 3094 3173 ista
3140 3118 3442 3189 professio,
3496 3135 3617 3173 cum
3648 3120 3788 3175 idem

512 3214 654 3262 trum
702 3207 1021 3276 impugnare
1049 3205 1166 3276 [pro
1209 3200 1535 3272 impugnari]
1578 3199 1881 3254 sententiis.
1932 3196 2096 3251 Porro

2203 3208 2484 3266 Nestorius
2520 3212 2745 3265 duarum
2788 3218 3103 3264 naturarum
3151 3224 3315 3263 unam
3363 3210 3790 3273 subsistentiam,

511 3304 696 3351 autem
724 3295 957 3364 epistola
1005 3294 1071 3346 ad
1102 3293 1292 3346 Marim
1327 3290 1548 3346 Persam
1594 3289 1835 3358 scripta,
1875 3286 2102 3343 dicendo

513 3385 732 3439 beatum
766 3383 1023 3455 Cyrillum
1044 3382 1359 3437 luereticum
1390 3380 1616 3450 ejusque
1643 3380 1925 3434 duodecim
1953 3379 2105 3448 capi-

514 3474 627 3527 tula
655 3473 819 3543 impia
848 3482 905 3527 et.
935 3470 1057 3527 fidei
1098 3481 1261 3527 recta:
1283 3473 1551 3527 contraria
1582 3469 1995 3538 Nestoriumque
2018 3470 2107 3538 ju-

514 3563 656 3619 dicio
691 3572 746 3616 et
774 3563 1123 3632 inquisitione
1154 3578 1261 3617 non
1304 3561 1443 3616 facta
1472 3560 1806 3624 damnatum,
1841 3561 1987 3613 oinni
2017 3576 2107 3615 or-

515 3652 628 3707 dini
659 3662 821 3721 atque
840 3652 1088 3708 omnibus
1119 3652 1304 3708 formis
1333 3652 1385 3706 in
1409 3650 1679 3721 Ephesius
1700 3652 1871 3719 prima
1901 3654 2106 3720 synodo

518 3743 718 3798 habitis
746 3745 1119 3800 manifestatur
1140 3760 1261 3800 esse
1282 3744 1574 3799 contraria.
1607 3742 1758 3798 Unde
1784 3742 1840 3795 fit
1868 3753 1925 3796 ut
1952 3743 2107 3797 valde

513 3834 917 3891 demonstretur
942 3836 1233 3891 absurdum
1266 3851 1456 3891 eorum
1479 3835 1715 3890 decretis
1743 3834 1887 3888 illam
1931 3834 2106 3904 putari

513 3924 800 3995 epistolam
826 3940 948 3981 esse
975 3935 1281 3996 susceptam
1310 3940 1433 3994 qua:
1476 3925 1815 3995 apertissime
1867 3927 2103 3993 ipsorum

516 4016 796 4087 impugnat
819 4017 888 4072 de
931 4015 1035 4071 fide
1058 4015 1357 4086 judicium,
1410 4024 1467 4071 ut
1508 4032 1603 4083 per
1647 4016 1751 4071 hoc
1791 4032 1897 4069 non
1931 4017 2104 4070 solum

515 4107 890 4178 prazcedcntes
932 4105 1137 4172 Patres,
1171 4107 1264 4161 sed
1308 4107 1650 4176 semetipsos,
1693 4106 1836 4175 quod
1878 4106 1963 4160 vel
2002 4105 2106 4161 dici

509 4199 661 4256 nefas
699 4206 812 4265 est,
846 4199 1023 4269 aliqua
1064 4199 1350 4253 videantur
1384 4199 1773 4252 contrarietate
1804 4199 2101 4252 destruere.

511 4291 644 4346 Nam
688 4292 996 4359 huiusmodi
1023 4290 1201 4345 omnia
1231 4305 1354 4359 quae
1395 4290 1448 4342 in
1473 4288 1827 4355 deregatione
1854 4285 2107 4359 Ephesini

512 4384 668 4451 primi
690 4380 908 4435 concilii
933 4380 1076 4435 dicta
1117 4390 1242 4434 sunt
1273 4380 1357 4435 vel
1397 4379 1622 4433 dicenda
1654 4385 1830 4439 erant,
1856 4377 2018 4430 etiam
2050 4377 2104 4432 in

512 4471 613 4525 hac
635 4484 797 4538 quam
819 4469 886 4523 de
913 4469 1015 4523 fide
1036 4471 1208 4524 sancti
1235 4469 1419 4524 Patres
1441 4468 1896 4524 Chalcedonensis
1915 4467 2105 4538 synodi

511 4560 853 4630 protulerunt
881 4559 1265 4630 explanatione
1294 4561 1463 4615 fuisse
1501 4562 1752 4614 damnata
1780 4559 1957 4613 ex’bis
1984 4574 2103 4628 qua‘.

509 4652 913 4721 subsequuntur
939 4650 1357 4706 evidentissima:
1399 4651 1647 4705 veritatis
1694 4651 1810 4703 lucc
1840 4651 2102 4718 conspici-

488 4748 614 4804 ‘tur,
645 4758 766 4812 qua:
800 4742 873 4796 ita
899 4756 959 4796 se
999 4742 1201 4795 habent
1227 4739 1419 4810 (Ibid)
1453 4756 1466 4792 :
1502 4739 1602 4793 His
1632 4740 1790 4809 igitur
1818 4755 1932 4791 cum
1959 4742 2099 4793 omni

506 4836 733 4906 undique
765 4837 1165 4905 scrupulositate
1193 4844 1241 4888 et
1270 4833 1544 4904 diligentia
1574 4850 1605 4885 a
1634 4832 1782 4885 nobis
1810 4831 2094 4901 dispositis,

506 4927 691 4995 tle/init
732 4937 918 4980 sancta
957 4937 1007 4980 et
1047 4925 1357 4979 universalis
1398 4924 1627 4993 synodus
1674 4924 1895 4976 alteram
1935 4923 2095 4994 ﬁdem

504 5019 636 5072 nulli
665 5019 820 5072 licere
859 5023 1095 5088 proferre
1138 5018 1214 5072 vel
1251 5017 1592 5079 conscribere,
1636 5026 1724 5069 aut
1764 5033 2090 5082 componere,

503 5120 592 5162 aut
623 5111 834 5175 sentire,
862 5121 952 5163 aut
978 5116 1159 5164 docere
1190 5111 1364 5165 aliter.
1394 5109 1500 5164 Eos
1530 5119 1700 5162 autem
1730 5111 1815 5180 qui
1838 5110 1953 5163 ausi
1980 5118 2104 5164 sunt

503 5216 809 5272 componere
837 5202 997 5273 ﬁdem
1044 5202 1292 5266 alteram,
1335 5210 1424 5253 aut
1451 5202 1712 5271 proferre,
1761 5209 1849 5253 aut
1880 5200 2064 5254 docere
2083 5239 2099 5266 ,

504 5300 593 5345 aut
631 5294 836 5347 tradere
866 5297 1089 5346 alterum
1124 5292 1413 5362 symbolum
1439 5292 1727 5345 colentibus
1772 5294 1847 5346 rel
1875 5310 1941 5347 ea:
1969 5310 2100 5363 gen-

509 5384 697 5436 tilitate
727 5384 795 5436 ad
836 5384 1156 5454 agnitionem
1186 5383 1437 5444 veritatis,
1470 5382 1547 5436 cel
1574 5398 1638 5437 ex
1660 5381 1893 5447 Juda'is,
1936 5382 2010 5436 vel
2037 5399 2103 5436 ea:

507 5474 692 5529 heresi
720 5493 1027 5548 quacunque
1056 5477 1302 5539 converti,
1328 5477 1444 5542 hos,
1473 5477 1517 5530 si
1540 5478 1764 5546 episcopi
1796 5478 1989 5547 fuerint
2008 5484 2098 5529 aut

502 5568 703 5635 clerici,
726 5569 928 5624 alienos
956 5587 1066 5624 esse
1093 5572 1358 5641 episcopos
1383 5569 1447 5623 ab
1469 5571 1786 5640 episcopatu,
1812 5578 1860 5622 et
1883 5569 2097 5624 clericos

505 5675 537 5711 α
565 5660 735 5725 clero;
767 5661 811 5714 si
835 5678 950 5717 vero
980 5663 1102 5716 laici
1128 5671 1218 5716 aut
1246 5661 1487 5716 monachi
1508 5660 1720 5732 fuerint,
1753 5658 2098 5715 anathemati-

576 5832 597 5859 ι
633 5821 731 5877 llic
760 5823 1046 5880 tumulosus
1075 5824 1241 5879 codex
1276 5822 1505 5877 videtur.
1556 5818 1726 5873 "suo.

2205 3303 2348 3371 quod
2377 3312 2461 3356 est
2496 3303 2770 3373 preprium
2802 3300 3251 3367 orthodoxorum,
3298 3300 3480 3354 dicere
3510 3315 3789 3364 recusans.

2207 3393 2574 3449 fraudulenter
2602 3408 2662 3448 se
2688 3392 2823 3445 duas
2864 3399 3084 3445 naturas
3111 3399 3161 3444 et
3195 3406 3359 3443 unum
3393 3390 3559 3442 tilium
3590 3387 3791 3442 dixisse

2205 3484 2484 3537 evidenter
2531 3484 2759 3552 aperiat.
2810 3479 2961 3536 Unde
2991 3483 3117 3550 quia
3157 3480 3427 3535 antedicta
3456 3480 3686 3547 epistola
3728 3479 3791 3533 ad

2204 3573 2396 3630 Mat-im
2418 3573 2639 3628 Persam
2669 3589 2768 3643 per
2796 3572 2899 3627 hoc
2925 3581 3033 3627 tam
3063 3573 3405 3627 manifestum
3430 3571 3626 3624 malum
3650 3572 3791 3641 quod

2204 3665 2274 3718 de
2288 3665 2447 3719 beato
2462 3662 2663 3734 Cyrillo
2685 3670 2742 3716 et
2760 3662 2829 3716 de
2852 3661 3098 3715 Patribus
3126 3662 3215 3730 qui
3241 3662 3416 3729 primo
3440 3659 3491 3712 in
3524 3658 3793 3728 Ephesiae

2205 3762 2576 3811 convenerunt
2593 3754 2841 3815 asseruit,
2858 3768 2965 3807 non
2983 3753 3257 3806 dubitatur
3278 3751 3407 3822 quid
3430 3752 3548 3820 ejus
3563 3752 3792 3821 scriptor

2205 3846 2542 3902 defendendo
2582 3846 2833 3901 Nestorio
2873 3853 2966 3898 aut
3003 3860 3163 3913 prava
3192 3844 3310 3913 ejus
3354 3846 3663 3914 recipienda
3694 3845 3792 3899 do-

2206 3940 2379 3993 ctrina
2401 3939 2647 4000 senserit.
2671 3939 2763 4007 qui
2785 3937 2851 3992 de
2868 3936 3106 4003 ejusdem
3130 3937 3360 3991 Nestorii
3388 3939 3793 3993 damnatoribus

2206 4029 2291 4083 vel
2332 4029 2532 4084 sanctis
2566 4044 2753 4083 eorum
2784 4027 3125 4096 dogmatibus
3153 4040 3258 4081 tam
3292 4029 3452 4097 impia
3482 4040 3533 4083 et
3565 4030 3793 4084 nefanda

2207 4120 2546 4189 conscripsit,
2578 4126 2764 4184 aperta
2795 4120 3024 4174 veritate
3054 4118 3113 4173 fit
3147 4121 3421 4188 cognitum
3452 4121 3701 4175 canuicn:
3730 4120 3794 4175 ad

2209 4211 2397 4266 Marim
2427 4210 2645 4265 Persam
2688 4210 2973 4280 epistolam
3024 4210 3326 4267 Nestoriaui
3374 4228 3562 4268 sensus
3610 4212 3795 4267 fraude

2209 4313 2371 4374 atque
2396 4301 2748 4373 perversitate
2775 4302 3156 4372 conscriptam.
3188 4301 3253 4357 Et
3278 4302 3398 4358 ideo
3421 4304 3669 4372 quamvis
3693 4304 3794 4358 hoc

2207 4396 2385 4452 solum
2408 4394 2474 4449 ad
2504 4395 2865 4449 reverentiam
2895 4404 3096 4451 sancta:
3118 4394 3575 4452 Chalcedonensis
3604 4398 3793 4470 synodi

2210 4485 2633 4541 conservandam
2675 4492 2730 4539 et
2757 4484 2825 4539 ad
2855 4485 3228 4540 luereticornm
3267 4487 3627 4541 excludendas
3670 4488 3795 4542 insi—

2134 4581 2182 4643 ο
2206 4578 2343 4640 dias.
2383 4577 2475 4647 qui
2502 4577 2569 4632 ad
2596 4576 2784 4632 Marim
2826 4576 3048 4634 Persam
3078 4578 3361 4648 epistolam
3395 4595 3423 4632 a
3456 4580 3655 4635 nostris
3699 4595 3794 4650 ap—

2208 4670 2489 4740 probatam
2523 4668 2771 4723 Patribus
2798 4669 3151 4731 mentiuntur,
3187 4670 3433 4723 videatur
3459 4670 3590 4723 satis
3617 4685 3797 4739 super-

2204 4779 2311 4835 que
2337 4762 2584 4817 sufficere
2606 4761 2752 4831 quod
2792 4761 2860 4816 de
2889 4760 3077 4816 eadem
3104 4760 3443 4831 suscipienda
3477 4760 3668 4815 Patres
3698 4778 3791 4816 no-

2202 4868 2346 4914 stros
2365 4856 2514 4912 nullo
2543 4856 2706 4910 modo
2721 4855 2969 4923 judicare
2991 4855 3232 4926 potuisse
3254 4854 3628 4923 multipliciter
3646 4871 3798 4925 supra

2202 4950 2313 5003 rius
2334 4948 2563 5002 disserta
2596 4952 2885 5007 testantur,
2917 4945 3112 5014 quibus
3132 4944 3198 4997 ab
3222 4944 3339 5014 ipso
3371 4944 3522 4998 initio
3549 4959 3659 5012 quo
3683 4944 3796 4999 Ilias

2207 5039 2493 5109 episcopus
2517 5043 2758 5090 sanctam
2781 5033 3277 5089 Cbalcedonensem
3300 5034 3564 5105 synodum
3587 5034 3796 5088 videtur

2207 5128 2507 5196 ingressus,
2537 5124 2848 5179 violentiam
2878 5131 2934 5179 et
2966 5121 3126 5179 falsas
3153 5124 3559 5179 criminationes
3606 5125 3657 5177 in
3708 5138 3793 5177 sc-

2206 5220 2379 5275 eunda
2408 5218 2673 5289 Ephesius
2702 5218 2950 5289 queritur
2978 5215 3142 5272 fuisse
3169 5232 3486 5290 perpessus,
3536 5232 3601 5271 ex
3634 5207 3794 5284 gestis

2206 5311 2383 5367 Pbotii
2429 5319 2485 5366 et
2530 5308 2793 5365 Eustathii
2840 5322 3136 5377 eorumque
3177 5308 3419 5376 judicato
3446 5307 3567 5361 ‘lbzc
3605 5308 3796 5362 claruit

2206 5405 2489 5475 epistolam
2532 5419 2639 5458 non
2685 5400 2869 5456 fuisse.
2913 5400 3068 5467 Quod
3114 5411 3235 5470 post
3285 5401 3479 5455 lectum
3522 5416 3589 5455 ex
3633 5400 3794 5469 gestis

2208 5500 2385 5555 Photii
2414 5496 2755 5555 etEuslathii
2779 5494 3015 5563 ejusdem
3038 5494 3278 5565 cpistola:
3302 5496 3350 5547 in
3371 5492 3790 5549 Clialcedonensi

2206 5589 2435 5644 concilio
2457 5595 2663 5643 textum
2688 5583 3121 5639 manifestissime
3143 5584 3378 5642 ostendit
3398 5582 3640 5652 negantis
3661 5596 3792 5652 quo-

2205 5697 2311 5754 que
2338 5682 2445 5737 line
2485 5680 2751 5751 professio
2781 5677 2849 5734 ad
2877 5675 3266 5735 excludendam
3306 5677 3451 5732 illam
3493 5678 3557 5733 ad
3604 5675 3788 5732 Marim
