4042 6462
226 174 279 209 ί

244 361 351 416 16"»
1120 350 1266 405 ΡΝ.)
1305 345 1747 404 ΠᾹΜΝΑΤΙΘΝΕ
1784 343 1854 400 τί

1958 343 2004 397 Μ
2043 341 2561 398 ολριτυωιιωί.
3416 341 3519 397 Ιῦϐ

245 480 402 532 aliam
420 472 820 528 Edessenorum
858 486 955 540 pro
992 484 1050 524 se
1079 468 1243 535 relegi
1280 465 1620 537 postulantis.
1667 463 1823 531 Quod
1852 467 1899 522 Α
1926 474 2041 530 qua:
2061 467 2179 511 sunt
2201 458 2471 511 subsecuta
2498 457 2855 511 demonstrant
2874 458 3151 512 innoxium
3202 455 3346 511 nam
3383 472 3526 509 reve-

252 568 527 639 Thcopbili
567 564 897 621 inimicilbe
923 562 1162 633 episcopi
1191 560 1390 616 deserti
1412 559 1669 627 suffragio
1689 559 1832 613 veri-

1958 549 2282 604 ents'ssinutm
2310 548 2376 601 ab
2396 547 2612 613 Isis-que
2634 547 2690 599 in
2715 558 2829 600 eum
2858 555 3186 602 accusatores
3211 547 3519 601 intulerant.

253 663 372 717 tatis
390 661 725 716 demonstrat
755 657 1097 710 nihilominus
1125 653 1358 707 evidenti
1388 653 1603 707 ratione
1632 649 1828 705 suifra-

251 758 411 821 gium,
442 752 536 821 qui
562 766 671 805 non
705 749 848 804 iliam
877 748 944 801 ad
974 747 1158 801 Murim
1193 744 1411 800 Persam
1440 761 1600 813 quam
1626 742 1836 811 objece-

254 853 333 899 rat
354 842 692 913 praesumpsit
713 849 973 903 astruere,
989 838 1082 893 sed
1106 838 1246 891 illam
1269 837 1450 906 potius
1471 852 1631 904 quam
1658 851 1756 905 pro
1775 848 1836 888 se

252 935 366 988 ibas
390 934 676 1002 episcopus
695 932 859 1000 relegi
880 937 1222 1001 poposcerat,
1247 937 1303 983 et
1321 945 1379 982 se
1408 928 1838 997 iucompetentcr

253 1036 429 1081 tamen
459 1026 609 1079 nisus
637 1033 719 1078 est
741 1038 966 1091 arguere
996 1021 1258 1076 falsitatis.
1292 1020 1444 1087 Quod
1463 1021 1708 1089 ipsorum
1730 1018 1841 1072 iPa—

248 1126 391 1174 trum
421 1128 730 1173 nostrorum
753 1117 806 1171 in
828 1116 1173 1171 Chalcedom
1190 1114 1545 1169 residentium
1573 1112 1838 1168 Domuum

254 1211 303 1265 in
329 1208 519 1263 eodem
552 1216 861 1263 accusatum
885 1207 1101 1274 negotio
1126 1205 1497 1274 permittentes
1519 1202 1698 1273 [for-te,
1714 1218 1839 1271 per-

248 1296 602 1368 mltteritium]
625 1311 845 1351 manere
864 1296 1172 1350 damnatum
1186 1295 1441 1363 lbamque
1455 1294 1839 1347 absolvendum

255 1387 503 1457 patefecit
553 1386 757 1455 absque
797 1386 1149 1453 ambiguitate
1182 1384 1458 1439 sententia
1509 1383 1653 1452 quod
1703 1383 1841 1437 idem

254 1478 494 1545 ejusdem
523 1476 817 1531 venerandi
842 1475 1300 1530 Chalcedonensis
1324 1475 1513 1547 synodi
1544 1475 1844 1529 evidentius

240 1568 621 1637 'inuitipliciter
648 1568 880 1623 decretis
902 1568 1224 1635 ostenditur,
1255 1568 1500 1622 dicentes
1521 1568 1638 1640 [pro
1667 1568 1847 1623 dicen-

242 1658 342 1731 tis]
371 1676 527 1715 suam
559 1658 715 1714 fidem
745 1674 865 1715 esse
908 1674 1073 1728 quam
1103 1658 1195 1713 illa
1225 1660 1293 1712 ad
1336 1659 1525 1713 Marim
1570 1661 1846 1729 impugnat

239 1749 511 1818 epistola,
554 1758 609 1803 et
637 1748 743 1803 hoc
782 1764 901 1803 eam
950 1751 1127 1821 "orta,
1157 1748 1501 1818 et'per.hoc]
1532 1764 1718 1801 eorum
1746 1748 1844 1802 da-

1933 641 2030 697 Cni
2060 640 2270 710 planius
2292 638 2471 693 adhuc
2494 638 2831 707 superiorum
2854 653 3069 692 sensum
3092 646 3342 693 astruens
3364 636 3529 689 Masi-

1934 731 2009 784 mi
2038 730 2359 784 Antiochcni
2389 727 2655 782 sententia
2696 735 3093 795 consequenter
3119 726 3425 795 adjungittl'
3448 726 3528 779 ita

1935 836 1996 875 se
2025 822 2267 876 habens:
2294 818 2382 872 Ea:
2407 819 2487 872 his
2512 832 2626 888 qua:
2654 817 2805 871 modo
2833 817 3023 869 relecto
3047 824 3168 868 sunt
3186 817 3528 885 manifestum

1937 913 2159 981 estquia
2184 910 2248 963 ab
2277 907 2514 964 omnibus
2538 909 2585 960 ei
2606 907 2776 960 illatis
2814 906 3254 959 reuerentissimus
3291 903 3419 958 Mus
3443 906 3532 958 ia-

1938 1019 2129 1057 nocens
2156 1010 2233 1055 est
2257 1008 2511 1067 repertus.

2011 1090 2152 1146 XIX.
2186 1091 2413 1160 Oportet
2443 1090 2607 1156 igitur
2639 1086 2837 1142 intueri
2878 1083 3337 1155 quemadmodum
3367 1082 3536 1137 inter-

1941 1182 2267 1238 loeutioncm
2299 1181 2459 1233 trium
2492 1180 2717 1233 istorum
2748 1177 2980 1246 primum
3019 1175 3198 1229 locum
3223 1173 3532 1227 tenentium

1933 1272 2175 1344 .judicum
2202 1270 2533 1324 adiciendam
2559 1269 2648 1339 [ad
2670 1264 3030 1335 abiciendam]
3053 1274 3110 1320 et
3136 1263 3530 1333 reprobandam

1942 1365 2009 1418 ad
2041 1362 2227 1416 Marini
2254 1360 2477 1415 Persam
2508 1358 2789 1429 epistolam
2819 1356 3087 1411 seMentia
3106 1395 3123 1419 ,
3176 1353 3280 1409 etsi
3317 1353 3534 1407 diverso

1944 1454 2155 1523 prolata
2201 1468 2335 1517 ore,
2381 1467 2488 1506 uno
2531 1461 2709 1504 tamen
2746 1447 3180 1519 spiritu,dictata
3224 1445 3536 1500 conveniat.

1944 1549 2080 1615 Quid
2112 1557 2195 1601 est
2224 1546 2367 1600 enim
2396 1544 2542 1613 quod
2572 1543 2771 1597 dicitur
2810 1557 2907 1611 per
2948 1539 3129 1594 Photii
3178 1549 3233 1593 et
3270 1537 3538 1593 Eustathii

1935 1640 2301 1696 constitutum
2339 1644 2405 1690 et
2451 1650 2519 1689 ex
2567 1634 2783 1688 relectis
2820 1632 3026 1686 chartis
3064 1630 3213 1685 Ibam
3258 1630 3536 1684 innoxium

1946 1730 2014 1784 ab
2043 1728 2292 1783 omnibus
2330 1740 2451 1794 qua:
2496 1725 2545 1779 ei
2595 1732 2942 1778 accsatores
2996 1721 3289 1776 intulerunt
3343 1735 3541 1790 appro-

254 1848 488 1894 mnatam
523 1840 684 1895 fuisse
699 1840 905 1909 judicio
933 1812 1162 1909 quorum
1190 1812 1406 1907 tingitur
1426 1812 1842 1894 interlocutione

1958 1822 2084 1885 bavi,
2107 1820 2203 1874 nisi
2226 1820 2350 1887 quia
2372 1816 2597 1886 epistola
2622 1816 2710 1869 illa
2734 1815 2787 1869 in
2810 1814 3264 1871 obtrectationem
3278 1812 3540 1868 doctrina:

240 1941 529 1987 TSllSCCDla.

323 1948 408 1987 see
453 1948 529 1987 ta.

323 1948 507 2076 χγῗιι.
541 2022 798 2088 Quamvis
826 2023 988 2091 igitur
1015 2030 1071 2076 et
1100 2035 1169 2075 ex
1206 2020 1571 2090 suprascripta
1594 2020 1723 2074 ‘luce
1752 2034 1844 2074 ve-

1946 1914 2090 1968 beati
2112 1912 2294 1982 Cyrilli
2322 1920 2377 1964 et
2401 1911 2452 1962 in
2483 1907 2852 1963 defensionem
2878 1903 3132 1970 Nestorii,
3161 1905 3351 1974 ipsius,
3383 1911 3441 1956 ut
3464 1904 3537 1955 ita

1946 2006 2143 2068 dicam,
2176 2003 2492 2058 orthodoxa:
2534 1998 2655 2054 ﬁdei
2697 2000 2874 2053 nitens
2920 1995 3264 2050 fundamenta
3305 1994 3532 2049 subver-

242 2112 428 2169 ivitatis
474 2090 1142 2182 indubitanterappareat
1192 2112 1336 2165 nulla
1385 2128 1484 2165 nos
1523 2112 1844 2166 necessitate

1958 2105 2086 2162 tere,
2133 2095 2201 2148 ab
2226 2090 2565 2155 adversariis,
2616 2090 2759 2143 sicut
2801 2103 2988 2142 revera
3038 2094 3144 2153 est,
3197 2100 3296 2155 pro
3343 2097 3539 2150 magno

242 2202 553 2271 constringi
582 2217 823 2271 quaerere
844 2175 1094 2269 ex-cujus
1112 2200 1356 2270 epistola:
1388 2207 1533 2254 textu
1564 2199 1725 2268 aliqui
1758 2202 1848 2254 Pa-

1958 2186 2171 2242 crimine
2186 2183 2296 2237 lba:
2336 2180 2546 2249 objecta
2592 2179 2868 2250 episcopo,
2918 2178 2987 2231 ab
3026 2178 3219 2231 eodem
3246 2175 3419 2230 aliena
3446 2189 3537 2228 re-

244 2302 397 2349 itrum
429 2293 777 2351 Chalcedona
804 2264 1162 2348 residentium-
1182 2292 1296 2346 suis
1344 2264 1847 2346 interlocutionibus

1958 2286 2101 2347 perta
2127 2274 2636 2343 suprascriptorum,
2681 2278 2740 2324 ut
2766 2270 2968 2323 dictum
2997 2277 3098 2332 est,
3127 2267 3288 2321 trium
3320 2264 3540 2318 Patrum

246 2383 402 2439 iibam
433 2386 747 2457 episcopum
778 2383 1246 2454 pronuntiaverint
1271 2381 1587 2451 apparuisse
1614 2381 1846 2435 catholi-

1958 2367 2180 2422 decretis
2225 2364 2627 2419 evidentissima
2674 2361 3011 2431 reprobatur.
3062 2358 3247 2428 Neque
3289 2357 3434 2412 enim
3472 2356 3541 2409 ab

246 2490 402 2542 cum,
428 2471 577 2543 quod
596 2474 751 2529 nobis
764 2474 933 2529 valde
953 2471 1186 2529 sufiiciat
1205 2470 1606 2526 evidentissima
1634 2470 1854 2525 demon-

1958 2459 2199 2515 omnihus
2223 2472 2344 2526 qua:
2387 2456 2456 2509 ab
2500 2453 2901 2509 accusatoribus
2940 2451 2993 2505 ei
3038 2450 3184 2504 illata
3231 2458 3356 2502 sunt
3399 2447 3544 2513 juste

254 2538 487 2625 stratum
513 2574 657 2638 quod
686 2568 755 2624 de
795 2569 1023 2638 epistola
1052 2567 1118 2622 ad
1162 2566 1348 2620 Mal-im
1385 2563 1610 2620 Persam
1650 2565 1851 2634 scripta
1954 2551 2291 2623 pronuntiari
2320 2550 2580 2603 innocens
2604 2544 2872 2599 videbitur
2890 2543 2937 2597 si
2957 2541 3243 2612 epistolam
3265 2539 3332 2594 ad
3354 2538 3542 2592 Marim

263 2659 464 2713 nullum
496 2659 606 2713 tale
633 2629 909 2728 potuerint
951 2656 1195 2726 proferre
1216 2653 1499 2722 judicium.
1554 2650 1670 2708 Hoc
1708 2629 1850 2706 enim
1957 2645 2198 2706 Persam,
2227 2656 2346 2711 quae
2372 2640 2606 2695 maxima
2636 2652 2761 2706 pars
2788 2646 2872 2690 est
2898 2634 3204 2696 criminum,
3230 2632 3338 2686 imo
3365 2629 3545 2699 inqua

262 2750 418 2804 nobis
459 2749 789 2804 sufﬁcienter
814 2754 1004 2803 contra
1033 2744 1408 2801 haereticorum
1431 2742 1711 2796 machinas
1728 2741 1852 2796 suf-

252 2838 517 2907 fragatur,
540 2839 631 2907 qui
651 2838 839 2892 vo’lunt
865 2837 1005 2891 hanc
1024 2834 1089 2889 ad
1113 2834 1300 2888 Marim
1323 2832 1545 2887 Persam
1569 2832 1851 2902 epistolam

254 2944 294 2983 ~a
340 2939 532 2985 sancto
579 2926 1008 2983 Chalcedonensi
1051 2924 1259 2996 synodo
1306 2923 1477 2979 videri
1528 2931 1851 2991 susceptam,

262 3019 411 3089 quod
433 3035 541 3073 non
564 3019 736 3073 solum
765 3016 1048 3071 docuimus
1075 3030 1183 3068 non
1208 3014 1377 3068 videri
1406 3020 1732 3081 susceptam,
1765 3028 1858 3065 ve-

262 3130 382 3167 rum
413 3113 575 3166 etiam
613 3126 645 3164 a
686 3108 937 3162 Pet-ribus
974 3105 1174 3160 nostris
1216 3104 1528 3157 omnimodo
1570 3102 1855 3156 refutatum

1953 2736 2135 2792 omnia
2164 2734 2212 2788 ei
2244 2731 2458 2799 objecta
2495 2728 2719 2785 crimina
2748 2725 3112 2788 continentur,
3145 2722 3227 2776 his
3254 2720 3547 2775 interlocu-

1958 2824 2195 2879 tisnibus
2216 2837 2324 2876 non
2354 2820 2613 2890 probetur
2641 2817 2878 2872 exclusa.
2911 2813 2978 2868 Et
3001 2813 3122 2868 ideo
3150 2811 3405 2882 quoniam
3426 2822 3549 2863 cer—

1959 2925 2071 2970 tum
2100 2922 2205 2976 est,
2236 2912 2281 2965 si
2326 2911 2443 2978 ejus
2480 2912 2767 2964 doceretur
2801 2905 3051 2975 epistola,
3100 2902 3243 2972 quod
3290 2902 3550 2956 innocens

1960 3001 2292 3075 pronuntiari
2319 3015 2426 3053 non
2465 2998 2657 3067 possit,
2688 3002 2918 3055 constat,
2963 2993 3088 3062 quia
3131 2992 3392 3046 innocens
3417 3004 3548 3059 pro-

1959 3092 2235 3146 nuntiatus
2264 3098 2371 3155 est,
2411 3086 2526 3156 ejus
2551 3084 2832 3154 epistolam
2870 3096 2979 3135 non
3023 3080 3207 3134 fuisse.
3256 3076 3352 3133 His
3388 3078 3552 3145 igitur

263 3202 431 3258 fuisse
473 3199 919 3261 monstravimus,
962 3195 1161 3265 quippe
1207 3195 1296 3264 qui
1336 3209 1457 3249 eam
1505 3194 1648 3248 inter
1672 3193 1857 3248 hostes
1885 3202 1930 3264 ρ
1962 3180 2467 3238 interlocutionibus
2518 3176 2642 3247 quia
2671 3174 2906 3228 maxime
2932 3171 3000 3226 ad
3044 3168 3431 3226 excludendam
3462 3176 3549 3222 at-

264 3309 375 3350 sua:
404 3303 566 3349 recta:
600 3292 719 3346 fidei
762 3289 1162 3345 evidentissima
1198 3288 1405 3358 prolata
1447 3286 1712 3341 sententia
1753 3285 1852 3339 da-

259 3393 603 3438 mnaverunt.
636 3381 775 3451 Ergo
803 3387 962 3450 quia,
997 3393 1054 3434 ut
1082 3395 1345 3442 animus,
1378 3386 1568 3433 co:.tra
1598 3378 1855 3433 adversa-

258 3476 379 3529 rios
404 3483 604 3529 sancta:
630 3471 1089 3531 Chalcedonensis
1126 3468 1338 3542 synodi,
1387 3478 1569 3524 utrum
1608 3478 1855 3535 suscepta

264 3580 337 3618 an
369 3581 477 3620 non
519 3571 770 3633 suscepta
796 3577 923 3616 vere
946 3563 1122 3631 possit
1165 3560 1406 3626 ostendi,
1455 3560 1672 3614 videtur
1698 3560 1856 3613 nobis

267 3655 434 3711 fuisse
464 3656 759 3723 negotium,
776 3662 836 3707 et
863 3653 969 3706 illis
994 3659 1303 3721 susceptam
1322 3665 1657 3720 supervacue
1681 3650 1857 3719 suspi-

266 3742 547 3808 cantibus,
591 3755 692 3794 nos
719 3754 789 3794 ex
830 3738 961 3808 ipsis
988 3738 1150 3791 etiam
1187 3736 1411 3790 Patrum
1437 3735 1659 3790 vocibus
1678 3736 1858 3803 potius

276 3831 664 3886 declaravimus
693 3829 1074 3899 improbatam,
1104 3843 1213 3882 non
1242 3835 1327 3883 est
1366 3826 1730 3882 necessarium
1760 3840 1859 3879 nos

270 3922 390 3988 cogi
413 3922 597 3977 dicere
625 3920 691 3974 de
728 3934 834 3988 qua
856 3918 1085 3987 epistola
1114 3916 1303 3971 Patres
1326 3916 1497 3971 nostri
1528 3915 1580 3970 in
1614 3915 1719 3969 illis
1747 3915 1859 3969 suis

267 4009 782 4068 interlocutionibus
809 4010 1097 4071 senserint,
1131 4016 1243 4061 tum
1271 4005 1426 4061 nobis
1453 4005 1669 4061 abunde
1711 4005 1861 4060 sufli-

279 4103 381 4156 ciat
405 4102 552 4173 quod
580 4100 647 4156 de
675 4101 774 4155 ista
806 4100 984 4173 (forte,
1015 4096 1158 4167 quod
1181 4097 1308 4152 licet
1336 4093 1463 4166 ista]
1506 4095 1649 4152 unde
1676 4105 1859 4151 verta-

280 4199 365 4246 tur
386 4208 551 4248 causa
579 4208 687 4247 non
711 4190 1005 4253 senserint,
1040 4198 1218 4243 tamen
1246 4187 1503 4257 inspectis
1529 4188 1860 4257 singulorum

279 4277 495 4337 Patrum
532 4278 1036 4335 interlocutionibus
1065 4286 1120 4332 et
1147 4277 1413 4349 superiori
1434 4292 1596 4347 quam
1614 4276 1863 4332 disserui-

283 4388 395 4429 mus
414 4371 721 4430 rectitudini
744 4370 1027 4441 coaptatis,
1050 4369 1154 4424 hoc
1172 4381 1390 4439 quoque
1412 4366 1482 4421 de
1496 4381 1606 4436 qua
1636 4368 1859 4437 epistola

282 4462 439 4520 iocuti
486 4472 615 4521 sunt
666 4462 825 4518 facile
871 4462 1014 4532 piam
1069 4460 1405 4516 sectantibus
1455 4458 1862 4528 intelligentiam

1960 3289 2068 3343 que
2094 3269 2432 3327 refutandam
2464 3267 2530 3321 ad
2564 3264 2751 3319 Marim
2778 3262 2997 3317 Persam
3040 3260 3323 3328 epistolam
3349 3272 3551 3313 conve-

1960 3364 2129 3421 nienti
2182 3377 2344 3418 sensu
2371 3368 2535 3429 atque
2568 3357 2751 3413 studio
2795 3370 2895 3426 pro
2934 3351 3275 3408 absolutione
3302 3349 3406 3405 Ibat
3431 3349 3550 3420 epi-

1958 3460 2105 3527 scopi
2145 3458 2254 3512 sint
2276 3454 2499 3524 prolata:
2526 3448 2863 3521 apertissime
2906 3445 3308 3509 demonstratis,
3357 3456 3552 3497 conse-

1959 3566 2129 3620 quens
2173 3557 2257 3603 est
2295 3554 2354 3602 ut
2380 3554 2701 3601 ceterorum
2744 3540 2962 3595 Patrum
3008 3538 3151 3594 idem
3199 3535 3549 3592 sentientium

1959 3640 2300 3697 deﬁnitiones
2327 3639 2441 3708 pari
2468 3636 2699 3691 veritate
2726 3634 3015 3689 debeamus
3053 3630 3340 3700 inspicere,
3373 3627 3551 3682 tacitis

1959 3732 2232 3802 paulisper
2277 3726 2837 3783 reverentissimorum
2867 3721 3140 3777 Juvenalis
3183 3729 3344 3790 atque
3371 3716 3553 3773 Euno-

1960 3822 2055 3877 mii
2084 3821 2463 3891 episcoporum
2489 3813 3029 3879 interlocutionibus;
3059 3827 3191 3884 quas
3211 3811 3340 3865 licet
3356 3824 3425 3864 ex
3447 3809 3552 3862 alia

1961 3924 2135 3981 parte,
2167 3909 2266 3978 ipsi
2292 3916 2471 3962 tamen
2495 3906 2679 3961 sensui
2697 3905 2990 3969 convenire
3010 3917 3109 3958 suo
3132 3901 3254 3957 loco
3282 3909 3553 3953 monstra-

1961 4001 2155 4056 vimus.
2200 3998 2387 4068 ltaque
2430 3995 2740 4052 Thalassius
2763 3994 3026 4049 Caesareae
3051 3988 3403 4061 Cappadocia:
3429 3987 3546 4057 epi-

1960 4108 2156 4159 scopus
2182 4092 2263 4147 sic
2286 4090 2416 4146 dicit
2455 4089 2593 4157 (Act.
2625 4086 2714 4155 10)
2749 4125 2762 4138 .
2796 4081 3241 4137 Reverentissimis
3288 4077 3543 4145 episcopis

1962 4185 2157 4239 Plutia
2181 4189 2232 4237 et
2267 4180 2543 4235 Eustathio
2573 4173 3022 4246 comprobantibus
3064 4169 3175 4223 Iba:
3198 4168 3476 4237 negotium,
3502 4175 3565 4233 et,

1963 4291 2066 4329 non
2095 4269 2515 4344 adjndicantibus
2537 4283 2671 4331 eum,
2703 4267 2885 4317 horam
2914 4261 3157 4331 opinione
3185 4270 3366 4311 suasus
3392 4263 3442 4308 et
3460 4271 3554 4325 ego

1961 4368 2075 4422 volo
2100 4365 2281 4419 haberi
2309 4378 2428 4417 eum
2475 4363 2529 4413 in
2577 4356 2891 4416 sacerdotio,
2945 4354 3077 4407 sicut
3116 4360 3167 4405 et
3213 4349 3554 4404 sanctissimis

1963 4452 2268 4528 praesulibus
2310 4453 2472 4506 visum
2516 4458 2614 4513 est,
2644 4449 2765 4519 quia
2796 4447 3024 4499 maxime
3059 4443 3216 4514 gestis
3244 4443 3466 4511 suscepit
3495 4447 3554 4492 ut

284 4558 474 4622 poterit
504 4568 789 4624 apparere.
825 4551 923 4607 Ubi
952 4552 1184 4622 primum
1207 4550 1449 4603 omnium
1478 4548 1638 4603 nobis
1661 4556 1747 4602 est
1775 4546 1860 4601 di-
1891 4586 1943 4644 Β
1965 4543 2431 4600 anathematizaret
2467 4542 2561 4594 illa
2608 4555 2725 4610 qm!
2768 4539 2880 4609 ejus
2929 4543 3257 4611 accusatores
3306 4532 3551 4585 adversus

284 4642 503 4713 ligenter
530 4622 691 4714 atque
711 4642 980 4711 sagaciter
1006 4640 1318 4695 intuendum
1349 4636 1494 4706 quod
1517 4637 1734 4691 Patrum
1766 4652 1865 4689 no-
1891 4622 1942 4644 ν
1966 4654 2081 4691 eam
2120 4637 2463 4706 deposuerant
2488 4651 2555 4688 ea:
2591 4631 2800 4702 scripto.
2833 4629 2930 4685 Cui
2980 4626 3215 4681 ﬁdelium
3256 4631 3312 4678 et
3356 4622 3558 4693 perspi-

286 4745 515 4791 strorum
542 4749 651 4789 uno
679 4748 842 4788 sensu
862 4746 1073 4800 unaque
1102 4738 1283 4785 mente
1308 4728 1375 4784 de
1402 4728 1739 4783 absolutione
1759 4728 1864 4782 Iba:

288 4825 519 4897 episcopi
541 4839 795 4880 consona:
819 4823 1017 4877 fuerint
1030 4821 1251 4891 prolata:
1264 4820 1545 4876 sententia:
1570 4819 1863 4875 dicentium

289 4916 421 4981 quod
451 4917 596 4971 idem
623 4915 742 4970 lbas
770 4915 1052 4984 episcopus
1078 4913 1146 4967 ab
1170 4913 1420 4968 omnibus
1445 4928 1566 4982 qua:
1594 4913 1642 4966 ei
1675 4912 1743 4966 ab
1774 4928 1839 4968 ac

290 5005 620 5061 cusatoribus
645 5004 856 5072 objecta
895 5011 1021 5057 sunt
1048 5003 1119 5056 sit
1155 5002 1422 5056 obnoxius
1450 5002 1742 5074 [innoxius]
1770 5018 1861 5073 ap-

293 5097 562 5162 probatus.
596 5096 915 5164 Legatorum
944 5094 1086 5150 enim
1133 5092 1275 5148 sedis
1304 5093 1615 5162 apostolica:
1645 5093 1869 5147 interlo-

298 5186 430 5243 cutio
456 5190 511 5243 in
535 5188 707 5258 prima
737 5187 817 5240 sui
848 5195 999 5255 parte
1029 5185 1101 5239 ita
1134 5199 1193 5238 se
1220 5184 1383 5237 habet
1414 5200 1427 5236 :
1460 5182 1681 5238 Retectis
1710 5184 1867 5239 char-

301 5275 358 5329 tis
377 5281 671 5349 agnovimus
698 5294 763 5332 ea:
784 5279 1037 5331 sententia
1058 5277 1581 5331 reverentissimorum
1601 5278 1867 5347 episcopo—

298 5382 403 5424 rum
423 5371 573 5427 Ibam
594 5371 1061 5426 reuerentissimum
1080 5368 1353 5422 innoxium
1373 5366 1681 5437 approbari;
1704 5382 1865 5437 quam

301 5461 566 5519 evidenter
591 5464 659 5519 ab
698 5460 947 5516 Anatolio
975 5459 1582 5529 Constantinopolitano
1609 5458 1866 5529 episcopo

301 5548 632 5611 interlocutio
667 5555 874 5625 prolata
917 5552 1264 5621 subsequitur
1291 5551 1603 5621 exprimens
1630 5551 1773 5619 quod
1803 5552 1870 5607 ab

302 5638 377 5696 his
397 5659 513 5714 quae
539 5646 593 5700 in
621 5661 745 5702 eum
771 5653 1114 5701 accusatores
1144 5641 1437 5695 intulerunt
1464 5642 1724 5697 innocens
1743 5640 1874 5698 fuis-

303 5740 381 5786 set
405 5733 774 5791 inventus.Sic
792 5734 934 5790 enim
956 5732 1085 5788 dicit
1108 5731 1243 5807 (Act.
1262 5729 1349 5800 iO)
1375 5748 1388 5783 :
1416 5729 1871 5786 Reuerentissimo-

307 5836 411 5878 rum
456 5828 808 5899 episcoporum
846 5835 896 5882 et
928 5825 1164 5897 judicum
1193 5823 1322 5895 fides
1351 5839 1413 5879 ac
1451 5823 1599 5879 lectio
1641 5826 1869 5879 omnium

1969 4744 2082 4784 cute
2107 4727 2349 4783 veritatis
2391 4726 2620 4780 amatori
2648 4738 2756 4777 non
2796 4722 3002 4776 clareat
3045 4731 3262 4773 omnem
3298 4728 3460 4783 quam
3487 4713 3556 4768 de

1970 4823 2233 4891 abuegata
2261 4820 2348 4874 vel
2377 4817 2607 4875 refutata
2647 4816 2717 4872 ad
2747 4815 2935 4869 Marim
2961 4813 3176 4867 Persam
3212 4808 3437 4880 epistola
3465 4823 3557 4862 su-

1969 4917 2151 4986 perius
2178 4913 2505 4969 reddidimus
2522 4912 2788 4967 rationem
2818 4916 2875 4964 et
2892 4905 3311 4978 praecedentium
3337 4903 3554 4957 Patrum

1971 5003 2474 5059 interlocutionibus
2499 5000 2789 5057 convenire
2818 4997 3253 5057 monstravimus,
3294 4994 3395 5048 hac
3416 5007 3555 5062 quo-
3592 4996 3595 4999 ’

1967 5111 2075 5165 que
2104 5092 2521 5149 reverentissimi
2551 5089 2817 5145 Thalassii
2848 5088 3056 5158 prolata
3085 5083 3351 5141 sententia
3395 5081 3557 5151 plene

1969 5201 2035 5240 ac
2065 5184 2302 5240 breviter
2342 5181 2622 5250 explicari.
2651 5180 2786 5234 Cum
2816 5179 2959 5234 enim
3001 5177 3134 5231 dicit
3167 5173 3340 5227 l‘hotii
3369 5178 3424 5226 et
3448 5169 3557 5224 Eu-

1967 5276 2152 5331 stathii
2178 5275 2643 5345 comprobantium
2678 5272 2782 5327 Iba:
2810 5271 3082 5339 negotium
3112 5277 3168 5323 et
3211 5281 3318 5319 non
3346 5262 3556 5333 adjudi-

1967 5367 2204 5423 cautium
2232 5381 2354 5420 eum
2384 5365 2535 5433 sequi
2564 5364 2907 5427 sententiam,
2949 5369 3006 5416 et
3033 5363 3428 5425 consequenter
3454 5354 3553 5407 ad-

1970 5457 2146 5527 jungit
2184 5456 2331 5526 quod
2359 5456 2473 5526 ipse
2500 5455 2621 5511 lbas
2661 5454 2949 5524 episcopus
2984 5451 3050 5504 ad
3098 5446 3419 5502 innocentiae
3447 5458 3556 5499 sum

1971 5548 2246 5604 cumulum
2286 5561 2408 5615 qua:
2450 5546 2500 5599 ei
2541 5555 2668 5601 sunt
2696 5545 2762 5599 ab
2810 5539 3215 5596 accusatoribus
3259 5553 3323 5591 ex
3352 5535 3555 5605 scripto

1971 5641 2184 5709 objecta
2226 5638 2582 5705 damnaverit,
2631 5636 3001 5692 indubitanter
3042 5631 3278 5687 ostendit
3318 5630 3389 5684 ita
3417 5636 3466 5679 et
3500 5628 3554 5680 in

1973 5728 2427 5787 Chalcedonensis
2468 5727 2659 5800 synodi
2707 5722 2955 5779 examine
2994 5733 3050 5775 et
3093 5722 3144 5775 in
3176 5722 3266 5775 illo
3299 5716 3477 5771 Photii
3502 5721 3559 5768 ιιι

1973 5822 2235 5881 Eustathii
2260 5820 2461 5890 judicio
2484 5820 2553 5874 ab
2583 5818 2723 5873 illius
2748 5814 2986 5884 epistola)
3014 5815 3083 5869 ad
3123 5813 3308 5868 Marini
3336 5808 3556 5862 Persam
