4018 6340
425 262 530 316 167
1609 251 1835 308 VlClLll
1879 250 1984 307 PP.
2023 254 2040 307 Ι

2143 246 2509 307 iSTlTUTUl
3152 239 3156 241 ’
3588 239 3696 295 168

422 376 649 435 crimine
676 374 906 429 alienam
933 370 1043 428 ibas
1066 370 1414 428 dictationem
1438 378 1600 440 atque
1623 370 2008 425 conscientiam
2037 374 2080 428 Α
2111 368 2205 421 sed
2250 368 2587 436 objectnrnm
2634 361 2803 431 magis
2848 360 3135 429 negatione
3181 364 3469 429 purgatus,
3521 356 3594 411 ita
3638 366 3698 413 et

423 471 587 526 fuisse
614 474 904 537 repertam,
948 471 1009 520 ut
1038 464 1149 521 illic
1175 464 1379 532 omnia,
1410 480 1519 519 non
1547 463 1721 519 solum
1750 461 2007 516 adversa-
2100 468 2270 514 antea
2316 458 2551 513 sensisse
2577 453 3027 525 quemadmodum
3065 452 3266 506 sentire
3312 448 3588 520 professus
3615 458 3701 504 est

424 562 520 617 riis
546 575 654 615 non
696 558 1069 628 probantibus,
1116 564 1211 611 aut
1257 555 1349 610 lba
1390 556 1646 625 episcopo
1687 554 2009 623 denegante,
2112 551 2440 605 creleretnr.
2468 546 2622 602 Sicut
2647 546 2791 600 enim
2818 544 2945 599 facti
2982 542 3251 598 confessio
3295 548 3584 595 nocentem
3613 540 3699 593 vel

424 666 611 708 verum
655 650 821 705 etiam
870 648 1201 715 damnante,
1248 646 1445 701 fuerint
1487 645 1806 715 improbata.
1862 642 2014 698 Unde

424 749 642 799 constat
668 739 952 810 epistolam
975 738 1042 793 ad
1070 737 1257 791 Marim
1279 735 1497 792 Persam
1528 736 1617 790 illa
1644 750 1764 804 quae
1790 749 2015 791 accusa—

427 840 577 886 tores
605 829 920 899 objecerant
945 828 1169 883 crimina
1194 827 1561 882 continentem
1590 842 1698 881 non
1727 826 1900 881 solum
1923 824 2017 878 Pa-

430 930 576 977 trum
603 921 659 976 in
696 918 1038 975 Chalcedona
1083 918 1433 973 residentum.
1455 917 1671 987 iudicio,
1719 918 1816 972 sed
1851 917 2018 987 ipsius

430 1013 540 1070 Ihm
560 1012 847 1076 sententia,
876 1011 1017 1066 sicut
1036 1008 1213 1065 Photii
1243 1017 1406 1079 atque
1426 1008 1693 1064 Eustathii
1721 1008 2017 1063 constituto

432 1105 614 1161 edocti
644 1102 926 1158 memorati
949 1100 1137 1155 Patres
1164 1100 1451 1164 afﬁrmant,
1498 1099 1661 1153 fuisse
1688 1098 2014 1152 damnatam.

434 1194 651 1251 Eusebii
693 1206 909 1263 quoque
932 1191 1189 1262 Ancyrae,
1223 1189 1483 1259 Stephani
1510 1187 1746 1259 Ephesi,
1771 1185 2023 1257 Diogenis

436 1285 638 1358 Cyzici,
671 1290 728 1339 et
749 1282 977 1337 Romani
1008 1281 1279 1352 Myrorum
1303 1279 1494 1352 Lyciat,
1526 1280 1770 1350 quamvis
1797 1279 2023 1334 diversis

435 1376 591 1438 locis,
640 1389 748 1429 uno
778 1381 958 1428 tamen
1004 1387 1164 1427 sensu
1205 1372 1427 1442 prolata:
1454 1371 1736 1427 sententia:
1781 1370 2026 1440 superio-

437 1480 558 1521 rum
575 1463 816 1533 judicum
855 1460 1073 1516 decreta
1098 1460 1436 1517 conﬁrmant.
1465 1460 1599 1515 Nam
1648 1460 1738 1514 alii
1765 1459 1943 1515 Photii
1970 1467 2028 1514 et

436 1554 705 1611 Eustathii
748 1553 994 1619 faciendo
1029 1553 1255 1623 judicati
1282 1553 1621 1618 memoriam,
1662 1552 1751 1607 alii
1780 1568 1849 1607 ex
1876 1551 2028 1607 dam-

437 1653 659 1707 natione
684 1648 916 1705 Nestorii
959 1646 1184 1717 ejusque
1211 1644 1431 1700 haeresis
1457 1642 1563 1698 [hac
1590 1643 1830 1713 episcopi
1868 1643 2028 1698 iuno-

2116 641 2168 695 in
2196 639 2527 711 prmteritum
2556 636 2734 692 facere
2771 634 2965 706 potuit,
2998 633 3072 687 ita
3103 647 3210 686 non
3240 630 3487 686 convicta
3534 643 3701 696 nega-

2116 733 2192 785 tio
2221 729 2451 786 reddidit
2473 730 2636 784 etiam
2659 727 2728 782 de
2757 724 3039 796 praeteritis
3066 722 3429 779 innocentem.
3461 720 3560 775 Cui
3605 734 3704 773 ne-

2115 821 2341 890 gationi,
2372 836 2469 889 per
2495 833 2657 888 quam
2687 817 2807 871 lbas
2843 815 3138 884 episcopus
3164 811 3450 881 epistolam
3491 808 3559 863 ad
3589 808 3705 862 Ma-

2119 919 2219 971 rim
2250 914 2467 970 Persam
2497 910 2798 967 ostenditur
2821 908 3107 971 refutasse,
3135 903 3384 961 Eunomii
3424 910 3591 971 atque
3613 900 3709 954 Ju-

2119 1005 2325 1062 venalis
2338 1004 2715 1073 episcoporum
2731 997 3073 1054 interlocutio
3087 1001 3458 1066 competenter
3469 1000 3706 1062 aptatur.

2122 1095 2267 1162 Quas
2299 1092 2742 1149 interlocutiones
2776 1088 3025 1159 primitus
3044 1083 3713 1153 consonareDeojuvante

2121 1183 2528 1241 monstrandum
2556 1188 2659 1247 est,
2688 1180 2884 1236 deinde
2920 1177 3223 1233 docendum
3251 1174 3711 1246 quemadmodum

2123 1278 2412 1348 epistolam
2435 1275 2505 1330 ab
2518 1274 2611 1329 lba
2637 1280 2884 1339 negatam
2904 1284 3027 1327 esse
3054 1268 3395 1333 conlirment,
3413 1281 3534 1337 qua:
3555 1266 3629 1319 ita
3654 1281 3716 1321 se

2125 1342 2326 1427 habent
2349 1370 2486 1440 (Act.
2519 1365 2606 1437 10)
2639 1384 2652 1419 :
2683 1364 2949 1419 Jurenalis
2977 1359 3417 1416 reuerentissimus
3443 1359 3716 1428 episcopus
3747 1342 3765 1429 ξ

2126 1460 2634 1530 Hierosolymitanus
2663 1455 2797 1509 dixit
2818 1468 2837 1507 :
2862 1451 2963 1517 Qui
2987 1458 3370 1505 convertuntur.
3403 1447 3494 1501 hos
3517 1448 3720 1517 scripta

2128 1552 2305 1607 divina
2331 1549 2525 1619 suscipi
2559 1547 2763 1619 jubent.
2797 1542 3124 1613 Quapropter
3166 1550 3216 1595 et
3253 1540 3317 1593 ab
3346 1539 3605 1594 hcreticis
3630 1554 3719 1591 re-

2128 1649 2379 1696 vertentes
2420 1639 2747 1708 suscipimus.
2783 1634 2933 1690 Unde
2974 1642 3023 1688 et
3070 1631 3325 1701 praevideo
3365 1630 3724 1685 reverentissi-

439 1742 673 1798 centiam
701 1738 1138 1809 comprobantes,
1166 1735 1450 1806 epistolam
1475 1733 1542 1788 ad
1562 1732 1752 1788 Marim
1780 1731 2022 1797 Persam,
2056 1743 2103 1803 Β
2129 1751 2270 1789 mum
2302 1733 2449 1788 Ibam
2495 1731 2680 1785 mereri
2723 1729 3064 1790 clementiam,
3095 1726 3215 1796 quia
3240 1730 3290 1778 et
3317 1737 3477 1777 senex
3523 1729 3622 1785 est,
3671 1728 3725 1774 et

438 1846 558 1901 qua:
586 1837 807 1885 excusat
830 1826 1134 1882 Nestorium
1168 1834 1223 1880 et
1250 1825 1467 1881 beatum
1493 1824 1751 1895 Cyrillum
1790 1823 2030 1893 appellat

330 1977 347 1988 _
441 1923 774 1989 btereticum,
803 1920 869 1976 ad
896 1919 1044 1975 Ibam
1074 1919 1386 1989 episcopum
1416 1932 1526 1972 non
1552 1917 1726 1972 solum
1758 1930 1867 1970 non
1893 1924 2033 1971 atte-

444 2012 852 2080 nuisse,verum
878 2010 1039 2065 etiam
1067 2009 1136 2064 ab
1157 2023 1225 2062 eo
1254 2007 1564 2061 damnatam
1594 2020 1717 2061 esse
1744 2012 2030 2060 testantur.

441 2104 679 2160 Joannes
699 2103 986 2173 episcopus
1002 2102 1282 2169 Sebastize,
1305 2100 1564 2156 Seleucus
1580 2101 1867 2170 episcopus
1882 2101 2037 2153 Ama-

444 2194 556 2255 site,
588 2193 974 2249 Constantinus
1000 2193 1287 2261 episcopus
1312 2190 1583 2255 Melitinae,
1627 2189 1889 2245 Patricius
1916 2190 2034 2259 epi-

444 2297 645 2352 scopus
664 2282 990 2354 Tyanorum,
1024 2280 1217 2338 Petrus
1259 2282 1547 2352 episcopus
1574 2280 1933 2349 Gangrorum,
1982 2289 2038 2336 et

446 2372 701 2427 Artanius
725 2372 1008 2442 episcopus
1032 2371 1386 2441 Trapezuntis
1401 2414 1418 2440 ,
1466 2372 1717 2426 similiter
1740 2386 2037 2426 consense-

446 2469 574 2516 runt
603 2462 677 2515 ita
706 2461 948 2516 dicentes
993 2461 1128 2531 (Act.
1159 2461 1248 2530 10)
1277 2480 1290 2515 :
1318 2460 1566 2531 Definitio
1597 2462 2037 2516 reverentissimo-

448 2566 563 2603 rum
599 2552 956 2621 episcOporum
1002 2553 1176 2607 Photii
1219 2562 1270 2607 et
1317 2554 1579 2608 Eustathii
1608 2553 1927 2608 demonstrat
1960 2556 2040 2609 in-

450 2643 663 2696 noxium
719 2645 1179 2700 reverentissimum
1236 2644 1406 2701 Ibam.
1466 2646 1720 2702 Similiter
1769 2657 1939 2702 autem
1991 2656 2043 2702 et

452 2732 565 2802 ejus
593 2732 864 2805 abnegatio
887 2736 1014 2804 facit
1043 2752 1136 2790 nos
1156 2738 1211 2790 in
1237 2753 1296 2791 eo
1319 2737 1455 2808 quod
1476 2739 1724 2808 receperit
1746 2740 2039 2804 proniores.

454 2821 573 2889 Qua
588 2823 1004 2883 interlocutione
1028 2832 1450 2881 mettioratorum
1467 2827 1810 2883 sacerdotum
1832 2827 2046 2882 eviden-

455 2924 539 2971 ter
566 2924 791 2987 apparet
815 2932 913 2988 per
941 2917 1054 2972 huic
1074 2917 1182 2973 duo
1210 2918 1355 2973 Ibam
1383 2919 1696 2989 episcopum
1724 2917 1793 2974 de
1823 2918 1907 2974 bis
1925 2920 2047 2987 qui-

451 3006 552 3063 bus
575 3015 860 3064 accusatus
894 3016 979 3062 est
1006 3008 1284 3063 innoxium
1312 3024 1433 3065 esse
1458 3017 1753 3079 repertum,
1782 3008 1833 3063 id
1864 3016 1949 3065 est
1977 3024 2047 3063 ex

2134 1836 2189 1880 ut
2210 1823 2393 1879 habeat
2419 1823 2743 1894 episcopatus
2772 1818 3011 1891 gradum,
3047 1833 3157 1870 esse
3178 1816 3508 1869 catholicum.
3538 1812 3726 1868 Euno-

2134 1922 2268 1975 mius
2295 1922 2568 1988 episcopus
2592 1912 2914 1969 Nicomedia
2954 1911 3087 1964 dixit
3110 1925 3128 1963 :
3157 1908 3279 1962 Jam
3306 1907 3511 1979 quidem
3555 1924 3623 1960 ea:
3647 1908 3727 1960 his

2135 2025 2248 2080 quae
2287 2008 2478 2061 retecta
2515 2014 2635 2060 sunt
2662 2003 2911 2059 innoxius
2954 2001 3270 2071 approbatus
3315 2007 3393 2052 est
3420 1998 3730 2051 venerabilis

2138 2101 2283 2156 Ibas.
2313 2099 2379 2153 In
2404 2098 2583 2172 quibus
2609 2098 2802 2152 etenim
2830 2094 3047 2149 dicendo
3075 2092 3211 2146 male
3249 2092 3461 2161 culpare
3486 2092 3625 2143 visus
3654 2099 3731 2143 est

2137 2193 2488 2248 beatissimum
2535 2188 2801 2260 Cyrillum,
2849 2188 2905 2240 in
2943 2185 3213 2255 postremis
3255 2193 3392 2236 recte
3437 2184 3728 2253 confessus,

2138 2283 2235 2338 illa
2262 2298 2378 2353 qua
2405 2281 2700 2351 culpaverat
2729 2276 2989 2350 refutarit.
3043 2275 3193 2329 Unde
3219 2283 3269 2327 et
3295 2290 3389 2345 ego
3418 2273 3733 2325 anathema-

2139 2375 2384 2428 tizantem
2412 2388 2526 2426 eum
2567 2369 2870 2425 Nestorium
2897 2376 2950 2421 et
2972 2365 3236 2437 Eutychen
3267 2374 3315 2418 et
3352 2364 3516 2432 impia
3555 2378 3734 2416 eorum

2140 2466 2411 2536 dogmata,
2451 2472 2502 2517 et
2530 2463 2929 2517 consentientem
2958 2460 3038 2512 his
3080 2474 3195 2529 qua:
3231 2474 3263 2509 a
3292 2456 3625 2509 sanctissimo
3647 2471 3736 2506 ar-

2144 2556 2471 2625 chiepiscopo
2503 2552 2671 2607 Leone
2715 2553 2909 2621 scripta
2955 2557 3073 2604 sunt
3113 2558 3164 2603 et
3199 2548 3263 2601 ab
3308 2546 3406 2599 hac
3451 2546 3736 2599 universali

2142 2644 2365 2717 synodo,
2394 2643 2608 2715 dignum
2647 2658 2759 2696 esse
2804 2642 3102 2711 episcopatu
3128 2639 3367 2692 decerno.
3401 2637 3574 2691 Antea
3606 2652 3738 2705 ergo

2144 2735 2302 2790 nobis
2330 2732 2660 2803 inspicienda
2688 2740 2773 2787 est
2802 2730 3049 2785 Eunomii
3089 2728 3453 2795 interlocutio,
3477 2743 3600 2797 qute
3625 2730 3742 2798 pla-

2147 2827 2270 2882 nius
2297 2826 2399 2881 lbte
2427 2825 2665 2895 episcopi
2711 2824 3043 2878 intellectum
3086 2838 3350 2889 asserens,
3401 2824 3528 2893 quid
3580 2839 3646 2878 ex
3676 2838 3742 2879 ea

2147 2933 2207 2972 re
2235 2917 2396 2971 etiam
2426 2916 2714 2985 episcopus
2739 2914 3013 2968 Iuvenalis
3053 2915 3223 2969 sensit
3270 2917 3513 2985 exponit.
3549 2915 3742 2969 Dicens

2150 3009 2295 3063 enim
2315 3023 2384 3063 ex
2405 3008 2485 3062 his
2509 3022 2629 3076 qua:
2658 3007 2853 3061 relecta
2879 3014 3004 3060 sunt
3023 3005 3167 3060 lham
3193 3007 3467 3060 innoxium
3490 3022 3745 3076 compro-

455 3096 770 3154 deﬁnitione
798 3096 976 3154 Photii
1005 3106 1166 3168 atque
1196 3098 1458 3154 Eustatbii
1488 3100 1867 3170 episcoporum
1894 3108 1951 3153 et
1976 3086 2046 3154 ex
2075 3119 2118 3183 ϐ
2149 3101 2353 3162 batum,
2388 3097 2565 3152 Photii
2592 3106 2649 3152 et
2676 3096 2939 3151 Eustatbii
2972 3096 3109 3151 sicut
3136 3104 3190 3150 et
3219 3098 3527 3167 superiores
3554 3095 3745 3152 Patres

453 3201 551 3242 sua
579 3188 957 3254 abnegatione.
1003 3186 1173 3242 Porro
1201 3186 1517 3243 deﬁnitione
1566 3188 1742 3244 Photii
1771 3199 1829 3244 et
1854 3189 2046 3245 Eusta—
2095 3181 2108 3183 ⁷
2149 3190 2466 3260 comprobat
2491 3190 2607 3243 sine
2634 3181 2982 3256 ambiguitate
3019 3187 3298 3257 judicium,
3348 3198 3407 3243 ut
3451 3189 3538 3245 his
3566 3189 3747 3244 verbis

460 3277 555 3332 thii
584 3277 891 3333 declaratur
913 3278 1039 3347 quia
1070 3278 1195 3332 licet
1220 3276 1354 3331 false
1374 3278 1444 3332 ab
1463 3278 1868 3332 accusatoribus
1889 3277 2050 3333 fuerit
2152 3283 2313 3337 etiam
2355 3281 2695 3349 negationem
2726 3280 2829 3335 Iba:
2878 3281 3118 3350 episcopi
3168 3289 3221 3336 et
3266 3297 3364 3351 pro
3412 3282 3607 3336 eodem
3654 3280 3743 3335 Iba

457 3367 754 3437 impetitus,
788 3374 967 3422 tamen
995 3368 1063 3422 ad
1086 3367 1508 3423 satisfactionem
1529 3368 1616 3423 vel
1642 3367 1777 3423 false
1804 3369 2052 3437 objecto-
2152 3372 2552 3427 attestationem
2573 3369 2966 3427 Edessenorum
2996 3372 3236 3443 epistolae
3256 3372 3578 3426 clericorum
3604 3387 3748 3426 com-

458 3475 579 3514 rum
604 3473 775 3529 prone
802 3460 1043 3529 sapuerit
1069 3475 1136 3514 ex
1163 3460 1369 3529 scripto
1387 3460 1515 3530 quid
1535 3460 1605 3516 de
1632 3468 1779 3517 recta
1806 3460 1911 3515 ﬁde
1937 3476 2056 3517 sen—
2153 3460 2488 3532 prehendere
2516 3460 2779 3516 videatur.
2804 3461 2911 3517 Pro
2931 3477 3036 3531 qua
3065 3477 3120 3516 re
3140 3471 3412 3532 gestorum
3439 3463 3581 3533 apud
3613 3462 3751 3517 Pho-

362 3574 372 3584 ι
459 3548 595 3604 serit
641 3545 913 3617 proﬁteri,
965 3557 1020 3604 et
1066 3566 1136 3604 ex
1166 3550 1478 3605 ‘abundanti
1522 3550 2053 3606 anathematizaverit
2155 3553 2288 3608 tium
2315 3560 2372 3608 et
2398 3550 2736 3607 Eustathium
2765 3553 3070 3607 habitorum
3100 3553 3344 3607 ordinem
3369 3561 3751 3624 competenter

461 3638 788 3707 Nestorium,
821 3642 1104 3697 ethabere
1132 3657 1192 3698 se
1217 3642 1415 3698 dixerit
1440 3644 1623 3699 omnia
1653 3660 1773 3714 quae
1802 3646 1854 3700 in
1877 3644 2057 3715 Ephe—
2154 3644 2460 3713 attendens,
2475 3659 2545 3699 ne
2561 3645 2682 3713 quis
2703 3645 2756 3699 in
2779 3645 3077 3715 aliquorum
3106 3646 3300 3700 animis
3322 3645 3580 3701 adversus
3602 3646 3749 3701 Ibam

461 3730 583 3785 sino
629 3731 804 3800 primo
857 3733 1089 3788 concilio
1140 3735 1480 3804 placuerunt.
1528 3734 1731 3792 Deinde
1767 3737 1892 3805 quia
1938 3737 2055 3805 ejus
2155 3736 2469 3807 episcopum
2511 3751 2580 3791 ex
2628 3738 2731 3792 hoc
2776 3738 3058 3807 scrupulus
3103 3747 3411 3794 remaneret
3457 3742 3605 3811 quod
3654 3741 3753 3796 ali-

462 3837 680 3893 quoque
707 3823 1014 3892 abnegatio,
1060 3840 1158 3895 per
1183 3841 1348 3896 quam
1376 3842 1437 3883 se
1475 3828 1638 3884 etiam
1668 3830 1721 3883 in
1751 3829 2052 3887 Chalcedo-
2154 3828 2372 3898 quando
2400 3835 2525 3882 ante
2551 3827 2845 3882 unitionem
2876 3828 3034 3883 aliter
3057 3829 3362 3898 intelligens
3390 3831 3536 3886 beati
3564 3832 3754 3903 Cyrilli

467 3911 625 3967 nensi
653 3913 884 3968 concilio
909 3922 1033 3984 post
1056 3914 1347 3970 lectionem
1375 3916 1443 3970 ad
1472 3915 1660 3971 Marim
1692 3917 1911 3973 Persam
1940 3922 2055 3991 epi-
2156 3918 2416 3973 doctrina:
2445 3917 2620 3972 fuerat
2657 3918 2960 3980 oblocutus,
3018 3920 3324 3975 necessarie
3363 3930 3561 3990 purgat
3607 3922 3754 3991 quod

464 4000 637 4065 stolm,
670 4014 789 4072 quae
815 4002 1055 4071 ejusdem
1078 4003 1184 4059 lbte
1224 4005 1463 4075 episcopi
1495 4008 1846 4076 apertissima:
1872 4019 1928 4065 et
1956 4012 2056 4081 pia:
2128 4070 2133 4073 ,
2157 4018 2399 4064 correcta
2422 4009 2541 4063 lbas
2560 4008 2910 4077 intelligentia
2932 4024 3047 4070 sua,
3072 4010 3215 4063 beati
3239 4007 3425 4080 Cyrilli
3444 4011 3756 4067 orthodoxa

467 4092 795 4149 confessioni
824 4096 1097 4151 contraria
1127 4103 1230 4160 est,
1273 4097 1342 4152 ab
1369 4097 1454 4153 bis
1479 4113 1600 4167 qua:
1625 4099 1725 4154 sibi
1756 4099 1903 4155 illata
1933 4110 2059 4155 sunt
2158 4100 2408 4169 dogmata
2432 4100 2746 4169 suscipiens,
2781 4108 2836 4155 et
2865 4115 2926 4155 ea
2956 4109 3101 4155 recta
3131 4117 3250 4156 esse
3277 4102 3576 4169 confessus,
3609 4106 3759 4173 prio-

467 4186 701 4241 existere
737 4188 1008 4257 perhibuit
1035 4188 1293 4257 alienum,
1344 4191 1627 4259 proniores
1674 4191 1913 4248 efﬁceret
1940 4195 2057 4249 ani.
2159 4193 2236 4247 ris
2277 4192 2662 4260 intelligentiae,
2707 4207 2868 4259 quam
2900 4203 3024 4249 ante
3061 4195 3358 4250 unitionem
3391 4194 3754 4251 Ecclesiarum

469 4293 588 4332 mos
606 4277 938 4347 iudicantum
969 4293 1028 4336 ut
1054 4282 1342 4338 crederent
1367 4283 1492 4352 quia
1516 4284 1789 4354 spretiset
1813 4284 2059 4341 refutatis
2160 4279 2366 4345 habuit,
2405 4279 2660 4333 refutavit
2700 4295 2964 4349 errorem,
3014 4285 3305 4339 ostendens
3349 4285 3759 4340 evidentissinie
3808 4334 3809 4339 η

469 4381 590 4435 quae
613 4368 681 4420 ab
709 4384 775 4423 eo
805 4378 998 4437 negata
1026 4380 1169 4436 sunt,
1198 4373 1288 4426 illa
1312 4381 1518 4429 tantum
1547 4385 1603 4430 et
1625 4385 1785 4431 antea
1812 4375 2059 4432 habuerit
2162 4372 2231 4426 ab
2259 4370 2352 4425 Iba
2379 4371 2635 4440 episcopo
2658 4371 2801 4439 quod
2826 4370 2943 4441 eius
2971 4371 3132 4427 fuerit
3159 4388 3279 4442 quae
3309 4375 3374 4429 ad
3404 4374 3597 4429 Marim
3632 4375 3763 4430 Per-

470 4471 590 4555 quae
636 4471 696 4511 se
732 4457 990 4555 habuisse
1022 4468 1078 4515 et
1104 4464 1385 4555 recepisse
1410 4464 1689 4555 professus
1717 4478 1820 4522 est.
1852 4466 2058 4534 Quibus
2089 4493 2140 4555 Β
2161 4479 2277 4519 sam
2308 4464 2501 4532 legitur
2526 4461 2753 4532 epistola
2782 4462 3121 4532 denegatum.
3152 4464 3286 4519 Cum
3317 4466 3461 4520 enim
3492 4468 3763 4536 approbet

472 4545 548 4598 ita
577 4547 912 4611 monstratis,
944 4548 1148 4603 clarum
1175 4559 1260 4605 est
1300 4552 1585 4620 epistolam
1614 4558 1680 4609 ad
1709 4557 1894 4611 Mar-im
1927 4557 2059 4613 Per-
2090 4545 2132 4555 ⁷
2164 4554 2234 4609 ab
2262 4554 2345 4608 his
2366 4568 2486 4622 quze
2505 4561 2631 4607 ante
2657 4552 2953 4607 unitionem
2981 4552 3343 4609 Ecclesiarum
3366 4554 3486 4609 lbas
3510 4555 3582 4611 de
3598 4557 3762 4611 beato

472 4650 589 4690 sam
612 4636 865 4693 omnibus
889 4652 1009 4707 quae
1038 4653 1098 4695 se
1124 4641 1394 4711 recepisse
1419 4642 1539 4698 lbas
1575 4644 1709 4698 dixit
1734 4649 2059 4702 contrariam
2162 4645 2365 4717 Cyrillo
2400 4644 2608 4699 dixerat
2652 4644 3019 4712 recedentem,
3068 4653 3191 4716 post
3233 4646 3496 4702 unitatem
3543 4650 3675 4718 quia
3704 4666 3764 4705 se

473 4728 815 4793 existentem,
848 4737 904 4785 et
944 4730 1034 4784 illa
1065 4732 1247 4800 potius
1294 4746 1415 4801 qua:
1442 4734 1918 4791 anathematizavit
1945 4739 2063 4793 [bas

474 4818 764 4889 episcopus
791 4820 1190 4890 defendenten,
1239 4824 1546 4881 nullatenus
1591 4826 1661 4881 ab
1690 4825 1779 4882 Iba
1806 4830 2062 4901 episcolio

476 4908 639 4964 fuisse
662 4909 943 4965 dictatam.

547 4998 664 5054 XX.
695 4999 828 5055 Nam
859 5011 918 5056 ut
942 5004 1191 5061 omnibus
1221 5004 1376 5062 ﬁeret
1404 5008 1747 5064 manifestum
1774 5011 1917 5081 quod
1942 5010 2062 5068 Ilias

476 5091 726 5161 negando
773 5108 837 5148 ea
879 5109 1000 5164 qua:
1043 5096 1110 5151 ab
1139 5100 1544 5156 accusatoribus
1592 5102 1738 5157 illata
1781 5112 1925 5170 sunt,
1973 5104 2061 5157 illa

476 5196 599 5250 qua:
623 5181 689 5238 de
716 5183 806 5253 pia
838 5184 941 5240 ﬁde
964 5188 1241 5244 confessus
1266 5198 1351 5244 est
1377 5190 1667 5247 reddiderit
1693 5194 1946 5255 certiora,
1989 5195 2062 5248 ita

476 5270 817 5328 interlocutio
862 5273 991 5330 dicit
1024 5292 1037 5328 :
1069 5274 1139 5329 Et
1169 5275 1444 5349 abnegatio
1464 5280 1576 5350 ejus
1602 5283 1725 5352 fecit
1769 5298 1863 5336 nos
1910 5282 1965 5335 in
2004 5298 2065 5336 eo

475 5365 614 5435 quod
638 5369 883 5439 receperit
912 5371 1204 5440 proniores.
1232 5372 1310 5428 Ac
1337 5372 1383 5427 si
1409 5373 1613 5429 diceret
1640 5392 1653 5427 :
1688 5373 1766 5429 Ex
1795 5390 1862 5430 eo
1889 5375 2066 5430 credi-

477 5453 637 5510 bilius
668 5473 787 5527 quaa
813 5460 881 5516 de
909 5461 998 5531 pia
1042 5472 1127 5517 est
1163 5464 1265 5519 ﬁde
1294 5463 1569 5535 professus
1599 5466 1891 5535 accipimus
1922 5466 2065 5534 quod

479 5544 571 5600 illa
597 5562 719 5616 quae
745 5548 795 5604 ei
823 5551 1037 5621 objecta
1062 5554 1279 5611 fuerant
1325 5557 1632 5625 abnegavit,
1683 5566 1742 5611 ut
1770 5572 1877 5611 non
1921 5557 2068 5610 velut

481 5636 819 5707 objectorum
846 5644 1076 5702 veritate
1100 5648 1401 5713 convictus,
1458 5656 1716 5716 tanquam
1762 5661 1830 5701 ex
1876 5661 2065 5701 neces—

480 5730 641 5791 sitate
668 5734 965 5806 corrigens,
989 5740 1115 5808 quid
1143 5741 1211 5797 de
1239 5742 1325 5813 pia
1359 5741 1461 5797 ﬁde
1487 5740 1710 5796 sentiret
1731 5738 2061 5801 ostenderet,

2161 4746 2314 4793 recte
2354 4737 2589 4791 habeant
2616 4736 2781 4792 fuisse
2815 4737 3141 4803 confessum,
3194 4738 3423 4809 epistola
3471 4749 3661 4795 autem
3693 4740 3764 4795 ad

2165 4827 2352 4882 Marim
2402 4826 2622 4881 Persam
2673 4835 2795 4896 post
2839 4829 3102 4883 unitatem
3141 4829 3339 4899 scripta
3388 4829 3533 4884 beati
3575 4829 3766 4903 Cyrilli

2164 4919 2306 4974 dicta
2335 4932 2455 4973 esse
2496 4917 2749 4972 haeretica
2778 4919 3087 4983 mentiatur,
3137 4919 3421 4989 ipsumque
3468 4920 3521 4973 in
3551 4919 3765 4991 Apolli-

2164 5009 2312 5066 naris
2335 5009 2581 5063 bmresitn
2619 5008 2870 5065 incidisse
2904 5009 3194 5079 conﬁngat,
3238 5017 3469 5064 certum
3495 5017 3579 5065 est
3626 5012 3767 5066 hanc

2166 5101 2235 5155 ab
2259 5099 2349 5154 Iba
2376 5100 2541 5155 etiam
2571 5102 2848 5171 praesentis
2868 5101 3295 5156 interlocutionis
3324 5101 3644 5157 testimonio
3673 5104 3769 5160 de-

2167 5199 2438 5260 negatam.
2461 5191 2559 5246 Cui
2589 5193 2768 5247 sensui
2798 5191 3072 5247 Juvenalis
3095 5192 3335 5263 episcopi
3357 5193 3621 5247 convenit
3650 5194 3769 5248 sine

2170 5280 2518 5350 ambiguitate
2538 5282 2834 5345 sententia;
2859 5296 2979 5350 quae
3008 5298 3129 5337 cum
3175 5283 3368 5337 astruit
3395 5282 3542 5336 Ibam
3575 5285 3770 5339 ortho-

2170 5372 2370 5429 doxam
2399 5374 2690 5442 exstitisse,
2732 5374 2971 5429 ostendit
2998 5377 3065 5430 ab
3112 5391 3179 5430 eo
3222 5375 3508 5445 epistolam
3546 5393 3674 5446 quae
3705 5379 3768 5432 ad

2172 5463 2360 5519 Marim
2391 5464 2607 5520 Persam
2656 5466 2857 5537 scripta
2898 5473 2982 5520 est
3027 5466 3362 5534 denegatam,
3412 5467 3618 5537 quippe
3649 5477 3768 5523 tan-

2170 5573 2334 5626 quam
2360 5606 2361 5609 η
2385 5558 2549 5614 rectis
2586 5558 2924 5628 dogmatibus
2965 5558 3255 5622 inimicam.
3308 5566 3364 5614 et
3391 5558 3571 5614 Photii
3604 5571 3770 5630 atque

2174 5648 2440 5703 Eustathii
2484 5658 2800 5705 cancrorum
2844 5648 3077 5706 decretis
3123 5652 3451 5707 conveniens
3498 5655 3769 5723 approbat

2170 5739 2485 5809 judicatum.
2505 5740 2639 5796 Cum
2662 5755 2790 5797 vero
2810 5756 3131 5796 conversum
3155 5742 3284 5798 dicit
3308 5741 3507 5799 debere
3533 5744 3761 5813 suscipi,
