4042 6458
1799 273 1873 288 ι,Α
1935 276 2001 282 ..

1715 285 2005 317 '_‘i)"‘c

227 386 329 445 169

1137 373 1273 432 rue
1309 353 1751 432 PAMNATIONE
1791 371 2007 427 TRIUM
2048 371 2565 434 CAPITULORUM.

3393 384 3498 438 170

227 496 460 552 Eunomii
506 492 900 550 interlocutioni
946 505 1267 561 congruens,
1315 491 1383 546 de
1429 491 1576 546 beati
1610 487 1794 560 Cyrilli
1823 491 1870 548 A
1899 487 2025 543 dum
2076 490 2222 558 prius
2263 506 2330 545 ex
2378 492 2613 549 lectione
2663 495 2969 552 chartarum
3030 506 3086 555 et
3132 513 3201 555 ex
3249 498 3498 569 judicato

227 587 570 656 dogmatibus,
601 587 668 642 de
696 587 888 656 quibus
916 593 1042 640 ante
1071 585 1327 640 unionem
1353 584 1508 639 aliter
1535 580 1799 647 senserat,

223 691 340 733 cum
384 678 493 747 jam
540 687 666 750 post
711 686 856 734 recte
903 679 1044 735 sicut
1091 679 1335 749 oportuit
1377 679 1697 734 sentientem
1735 676 1804 732 ad

225 788 464 844 congruae
504 774 874 842 intelligentiae
895 788 1112 829 sensum
1141 773 1404 843 approbat
1431 786 1551 828 esse
1578 786 1805 827 conver-

222 882 355 927 sum.
380 869 482 925 Per
505 869 670 940 quod,
700 869 842 924 sicut
868 867 1238 938 multipliciter
1260 867 1373 936 jam
1395 876 1670 922 ostensum
1700 873 1801 932 est,

223 970 426 1018 constat
454 961 603 1016 illam
646 961 931 1032 epistolam
961 975 1080 1030 qua:
1106 970 1230 1030 post
1257 959 1556 1015 unitionem
1585 966 1805 1014 contra-

222 1053 294 1107 ria
322 1051 555 1121 loquitur
581 1049 689 1107 Iba:
719 1051 962 1123 episcopi
990 1066 1098 1105 non
1126 1049 1321 1106 fuisse.

287 1143 424 1198 XXI.
456 1143 715 1211 Quamvis
762 1144 926 1213 igitur
969 1143 1166 1199 idonee
1211 1143 1650 1215 suﬂicienterque
1692 1151 1804 1200 tam

221 1249 281 1292 ex
307 1250 464 1307 supra
493 1235 808 1290 memoratis
837 1234 1086 1290 omnibus
1127 1234 1513 1293 assertionibus
1546 1251 1709 1305 quam
1738 1249 1806 1290 ex

219 1325 712 1381 interlocutionibus
740 1326 960 1380 Patrum
1003 1327 1060 1381 in
1088 1325 1431 1383 Chalcedona
1474 1326 1807 1383 residentum

218 1416 282 1470 de
300 1414 402 1470 Iba:
429 1415 670 1487 episcopi
699 1416 1039 1472 absolutione
1060 1417 1164 1472 sibi
1190 1432 1289 1489 per
1307 1417 1489 1472 omnia
1511 1432 1809 1473 consonan-

221 1505 354 1561 tibus
394 1503 562 1562 fuerit
601 1506 1030 1563 demonstratum
1079 1507 1206 1577 quia
1244 1508 1473 1579 cpistola
1521 1508 1590 1564 ad
1616 1507 1808 1564 Marim

219 1595 426 1653 Persam
473 1599 640 1655 rectis
669 1599 889 1654 inimica
933 1600 1274 1669 dogmatibus
1315 1611 1371 1655 et
1416 1600 1658 1670 ejusdem
1702 1599 1808 1655 Iba:

219 1689 531 1760 professioni
561 1692 854 1760 contraria,
902 1692 970 1747 ab
999 1692 1191 1748 eodem
1230 1691 1392 1748 fuerit
1429 1694 1712 1762 abnegata,
1753 1701 1809 1747 et

217 1778 428 1836 Patrum
455 1782 777 1839 multimode
818 1783 1049 1839 refutata
1070 1783 1292 1853 judicio,
1342 1792 1400 1840 et
1440 1799 1536 1855 per
1560 1785 1666 1840 hoc
1694 1784 1807 1840 cla-

219 1880 328 1927 reat
354 1887 384 1928 a
414 1874 568 1930 nullo
598 1889 667 1931 ex
693 1875 886 1932 eodem
916 1875 1138 1931 Patrum
1162 1893 1388 1932 numero
1417 1878 1658 1948 potuisse
1686 1894 1807 1934 sus-
1837 1901 1882 1961 Β

217 1961 348 2034 cipi,
397 1981 563 2036 quam
607 1973 664 2022 et
707 1967 824 2037 ipse
865 1968 952 2022 cui
1002 1968 1216 2036 objecta
1261 1976 1345 2024 est
1386 1969 1635 2037 negando
1675 1984 1706 2023 a
1749 1985 1808 2026 se

217 2057 430 2126 repulit,
450 2066 509 2114 et
532 2058 733 2130 ubique
761 2060 1074 2116 eorumdem
1100 2060 1318 2116 Patrum
1347 2062 1418 2118 de
1448 2065 1534 2133 pia
1564 2063 1665 2119 lide
1687 2079 1811 2119 sen-

218 2148 379 2202 tentia
405 2149 622 2219 prolata
650 2150 947 2217 damnavit,
1001 2162 1178 2207 tamen
1209 2168 1278 2208 ex
1306 2153 1604 2210 abundanti
1649 2155 1809 2211 intel-

215 2236 378 2307 ligere
407 2239 622 2309 adjaeet
650 2239 719 2296 de
745 2256 852 2311 qua
881 2243 1109 2312 cpistola
1137 2243 1436 2313 legatorum
1485 2246 1629 2302 sedis
1677 2263 1808 2318 apo-

215 2331 414 2386 stolica:
441 2331 530 2388 vel
569 2331 790 2388 Maximi
817 2334 1142 2392 Antiocheni
1179 2337 1415 2394 sensisse
1463 2338 1809 2397 interlocutio

217 2421 476 2489 videatur,
529 2432 587 2480 et
613 2433 673 2480 ut
715 2425 849 2481 illud
887 2427 1032 2496 quod
1071 2427 1308 2483 ﬁdelium
1355 2428 1514 2485 decet
1562 2430 1810 2487 sensibus

216 2514 500 2585 inhtcrere,
550 2519 684 2574 nihil
728 2521 785 2575 in
808 2521 1028 2576 Patrum
1070 2522 1302 2578 decretis
1337 2522 1566 2580 inveniri
1594 2534 1810 2581 contra-

217 2608 350 2664 rium
371 2611 828 2669 demonstremus.
861 2613 1213 2686 Apertissime
1231 2615 1471 2671 creditur
1490 2615 1558 2671 de
1581 2616 1808 2688 epistola

215 2696 612 2758 Edessenorum
657 2703 1004 2772 clericorum,
1049 2720 1212 2776 quam
1249 2704 1369 2762 Ibas
1393 2707 1680 2779 episcopus
1709 2722 1809 2778 pro

215 2809 273 2850 se
299 2796 467 2867 relegi
496 2798 811 2868 postulavit,
863 2799 1052 2856 Patres
1101 2808 1321 2857 nostros
1367 2801 1422 2856 in
1459 2802 1573 2857 suis
1619 2801 1810 2856 fecisse

216 2888 727 2947 interlocutionibus
754 2892 1106 2948 mentionem.
1143 2892 1316 2959 Quam
1364 2893 1552 2964 utique
1579 2891 1809 2947 Edesse-

215 2995 408 3037 norum
455 2983 781 3040 clericorum
809 2984 1092 3055 epistolam
1118 2999 1186 3039 ex
1222 2983 1312 3039 illa
1351 2992 1507 3054 parte
1535 2991 1811 3054 gestorum

213 3073 354 3144 apud
384 3072 640 3130 Photium
670 3083 726 3129 et
751 3075 1094 3130 Eustathium
1122 3075 1456 3141 habitorum,
1504 3090 1666 3144 quam
1701 3075 1813 3130 cal-

151 3187 156 3190 ·
212 3166 320 3222 lide
348 3181 414 3220 ac
444 3166 814 3223 fraudulenter
841 3166 1181 3222 adversarius
1208 3167 1327 3235 ejus
1346 3167 1621 3232 omiserat,
1646 3166 1813 3236 relegi

211 3253 512 3322 festinavit,
560 3264 620 3311 ut
665 3255 814 3311 illam
863 3255 933 3311 ad
973 3255 1183 3322 Marim,
1231 3272 1350 3328 quae
1399 3273 1467 3312 ex
1513 3257 1640 3326 ipsis
1667 3256 1810 3312 idem
1839 3291 1884 3355 C

217 3345 386 3420 [item]
415 3347 583 3417 gestis
607 3356 798 3404 contra
839 3363 960 3403 eum
989 3349 1190 3405 reiecta
1231 3349 1427 3417 fuerat,
1479 3350 1805 3419 confutaret,

219 3452 313 3507 per
335 3454 502 3509 quam
527 3439 914 3511 .supradictam
942 3440 1011 3495 ad
1040 3439 1226 3494 Marim
1254 3439 1477 3497 Persam
1523 3441 1808 3511 epistolam

219 3531 340 3602 quia
369 3531 490 3588 Ibas
513 3540 720 3588 rectam
748 3532 908 3588 ﬁdem
934 3533 1350 3604 impugnaverit,
1381 3540 1438 3588 et
1459 3533 1604 3588 beati
1625 3531 1810 3605 Cyrilli

221 3622 467 3691 dogmata
515 3624 574 3679 in
611 3622 880 3694 Ephesina
936 3624 1112 3695 prima
1161 3623 1370 3696 synodo
1418 3624 1614 3679 tradita
1662 3624 1811 3679 omni

223 3711 494 3785 impietate
522 3716 684 3773 plena
709 3724 766 3772 et
802 3724 965 3772 rectae
995 3716 1121 3772 ﬁdei
1145 3717 1343 3772 dixerit
1368 3732 1488 3772 esse
1517 3717 1806 3784 contraria,

222 3806 509 3864 adversarii
553 3808 840 3866 ostendere
884 3808 1219 3865 nitebantur.
1249 3808 1402 3866 Unde
1447 3824 1675 3866 necesse
1710 3809 1814 3866 fuit

221 3899 360 3956 illam
389 3918 510 3972 qua:
551 3902 914 3972 'dirigentibus
940 3901 1229 3959 Edessenis
1267 3903 1477 3959 clericis
1519 3901 1716 3960 Pbotio
1757 3911 1815 3960 et

220 3989 490 4064 Eustatbio
522 3995 796 4067 episcopis
818 3995 930 4066 jam
965 3995 1172 4067 pridem
1199 3995 1394 4052 tradita
1435 3997 1632 4067 fuerat,
1673 4004 1729 4052 et
1755 3997 1812 4053 in

223 4099 397 4143 eorum
424 4089 701 4147 recensita
741 4088 983 4159 judicio,
1017 4089 1254 4159 ipsisque
1289 4089 1457 4158 gestis
1484 4090 1704 4155 inserta,
1743 4090 1813 4146 ad

223 4181 299 4235 sui
339 4183 722 4253 purgationem
765 4181 887 4239 Ibas
931 4182 987 4237 in
1015 4182 1440 4239 Chalcedonensi
1467 4197 1684 4253 quoque
1718 4198 1811 4254 sy-

225 4272 361 4329 nodo
386 4274 559 4346 relegi
589 4282 928 4345 precaretur,
977 4289 1100 4343 qua:
1145 4274 1289 4330 inter
1315 4281 1509 4330 caetera
1558 4274 1633 4328 ita
1682 4273 1814 4329 dicit

1907 579 2084 638 Photii
2125 591 2178 638 ct
2207 583 2474 640 Eustathii
2504 587 2880 657 episcoporum
2931 591 3190 648 dixissent
3236 593 3386 648 Ibam
3416 595 3500 648 in-

1905 675 2128 730 noxium
2156 677 2584 746 comprobatum,
2613 679 2784 733 secuti
2807 688 2931 734 sunt
2954 680 3194 737 dicentes
3217 682 3352 754 (Act.
3373 682 3496 754 IO):

1905 764 2117 821 Relecta
2148 768 2284 821 enim
2312 769 2422 838 ejus
2451 769 2671 839 epistola
2711 771 3011 841 agnovimus
3040 788 3156 826 eum
3183 791 3294 828 esse
3319 775 3501 832 catho-

1905 859 2091 926 licum;
2121 869 2182 916 ut
2208 862 2441 932 primum
2485 877 2555 918 ex
2583 863 2702 934 ipso
2738 847 2920 919 rerum
2953 863 3118 936 (apud
3162 865 3413 922 Photium
3445 875 3502 922 et

1906 948 2271 1023 Enstathium)
2302 961 2574 1022 gestarum
2616 953 2808 1010 ordine
2850 955 2918 1010 de
2945 970 3029 1022 ea,
3080 955 3134 1010 id
3161 963 3246 1011 est
3272 953 3502 1012 Edesse-

1907 1059 2119 1112 norum,
2137 1060 2257 1115 quae
2277 1045 2421 1116 apud
2449 1061 2544 1102 eos
2564 1055 2842 1118 postremo
2863 1047 2987 1104 loco
3009 1049 3207 1104 reiecta
3228 1056 3499 1104 monstra-

1908 1144 1995 1192 tur
2039 1138 2288 1208 epistola,
2338 1138 2450 1194 suis
2495 1139 2784 1195 credantur
2832 1140 3337 1197 interlocutionibus
3367 1156 3501 1196 cen-

1907 1228 2098 1285 suisse.
2155 1228 2310 1295 Quod
2355 1239 2535 1286 autem
2565 1230 2700 1301 ejus,
2745 1231 2799 1286 id
2828 1239 2909 1288 est
2937 1231 3043 1288 Ibre
3069 1233 3331 1304 epise0pi,
3377 1248 3502 1288 eam

1907 1323 2236 1392 signiﬁcasse
2259 1325 2512 1381 videntur
2530 1327 2816 1398 epistolam
2843 1329 3093 1398 signante
3110 1330 3268 1403 [forte
3282 1329 3502 1400 signan-

1909 1414 2016 1487 tur]
2041 1417 2211 1486 magis
2239 1418 2380 1473 hanc
2422 1419 2590 1489 ipsius
2637 1422 2960 1491 appellando
2989 1438 3150 1492 quam
3188 1436 3291 1495 pro
3319 1437 3380 1481 se
3415 1438 3505 1479 re-

1908 1505 2013 1578 legi
2041 1509 2218 1578 petiit,
2250 1509 2396 1568 illam
2425 1511 2606 1581 potius
2633 1511 2701 1566 ad
2732 1511 2920 1567 Marim
2950 1512 3192 1580 Persam,
3223 1529 3346 1584 quas
3373 1528 3505 1570 con-

1910 1604 1993 1652 tra
2023 1613 2146 1654 eum
2176 1601 2387 1671 prolata
2409 1609 2513 1669 est,
2544 1603 2836 1658 ostendunt
2859 1605 3028 1674 ipsius
3056 1621 3168 1662 non
3196 1605 3380 1672 fuisse,
3407 1605 3503 1662 illo

1909 1688 2164 1760 loquendi
2199 1691 2364 1748 modo
2392 1708 2501 1763 quo
2549 1693 2916 1751 indubitanter
2942 1711 3134 1752 omnes
3160 1697 3409 1753 homines
3448 1704 3508 1754 et

1910 1782 1978 1837 de
2007 1782 2126 1838 aliis
2173 1792 2227 1838 et
2255 1783 2325 1839 de
2367 1799 2426 1840 se
2471 1785 2549 1840 uti
2593 1785 2789 1854 solent,
2839 1795 2899 1842 ut
2941 1803 3129 1844 eorum
3157 1789 3508 1862 documenta,

1911 1873 2130 1941 charta},
2163 1875 2409 1946 epistola:
2431 1875 2678 1932 dicantur
2704 1879 2796 1948 qui
2841 1879 2919 1934 eis
2947 1895 3045 1951 pro
3071 1896 3132 1936 se
3168 1890 3409 1949 utuntur,
3451 1891 3508 1940 et

1911 1978 2142 2033 quorum
2173 1967 2534 2022 ostenduntur
2559 1969 2820 2039 prodesse
2868 1972 3120 2040 negotiis.
3161 1970 3336 2040 Quam
3364 1975 3508 2032 enim

1912 2057 1990 2112 illi
2019 2059 2347 2114 sanctissimi
2373 2061 2684 2130 cognitores
2707 2063 2890 2132 potius
2918 2062 3042 2130 Ibae,
3069 2079 3232 2135 quem
3264 2066 3508 2122 absolve-

1911 2149 2063 2216 baut,
2097 2165 2218 2206 esse
2247 2151 2534 2222 epistolam
2556 2153 2882 2223 iudicarent,
2911 2155 3147 2228 illamad
3167 2155 3356 2211 Marim
3380 2157 3508 2213 Per-

1911 2258 2048 2310 sam,
2076 2259 2239 2314 quam
2262 2261 2363 2316 pro
2392 2248 2600 2316 magnis
2622 2247 2936 2305 criminibus
2963 2264 3084 2320 qua:
3109 2251 3162 2305 in
3192 2265 3257 2306 ea
3281 2251 3508 2321 epistola

1912 2335 2260 2391 continentur
2285 2336 2354 2392 ad
2402 2337 2551 2393 Ibam
2599 2339 3021 2408 impngnandum
3068 2339 3384 2410 objecerant
3411 2342 3510 2397 ad-

1911 2428 2138 2483 versarii
2167 2426 2303 2497 ejus,
2350 2443 2420 2485 an
2463 2430 2612 2485 illam
2639 2429 3056 2497 Edessenorum,
3107 2446 3228 2501 quae
3269 2447 3395 2488 eum
3442 2432 3509 2490 ab

1913 2519 2162 2575 omnibus
2189 2527 2384 2591 purgat
2410 2521 2674 2591 objectis;
2720 2523 2868 2578 illam
2895 2523 2964 2578 ad
2989 2522 3180 2579 Marim
3201 2525 3508 2596 epistolam,

1913 2625 2075 2679 quam
2124 2611 2394 2680 objectam
2443 2613 2546 2668 sibi
2590 2613 2707 2684 ipse
2751 2613 2903 2684 Ibas,
2950 2615 3091 2670 sicut
3140 2615 3510 2686 multipliciter

1914 2713 2194 2760 ostensum
2242 2714 2347 2771 est,
2408 2707 2727 2776 abnegavit,
2774 2725 2842 2762 an
2891 2708 3038 2764 illam
3086 2708 3506 2773 Edessenorum,

1913 2809 2076 2863 quam
2104 2795 2171 2850 ad
2202 2795 2342 2851 illius
2365 2797 2610 2867 epistola:
2637 2799 2704 2853 ad
2733 2798 2922 2854 Marim
2966 2801 3425 2872 impugnationem
3455 2810 3510 2856 et

1914 2901 2015 2956 pro
2059 2901 2171 2942 suae
2211 2887 2529 2944 orthodoxa:
2571 2889 2693 2945 ﬁdei
2737 2892 3132 2962 approbatione
3176 2894 3510 2962 relegeretur

1916 2978 2132 3046 exegit;
2163 2978 2309 3032 illam
2333 2979 2401 3034 ad
2426 2979 2616 3035 Marim
2643 2980 2886 3050 Persam,
2932 2999 3054 3054 quas
3081 3001 3228 3054 eum,
3259 2987 3305 3041 si
3338 2988 3510 3056 ipsius

1915 3067 2270 3136 probaretur,
2320 3077 2526 3125 rectam
2573 3070 2734 3126 ﬁdem
2783 3072 3124 3144 impugnasse
3171 3076 3386 3142 astruit,
3437 3091 3510 3132 an

1916 3159 2062 3214 illam
2093 3160 2509 3231 Edessenorum,
2541 3179 2662 3236 quae
2687 3181 2809 3221 eum
2853 3175 3043 3222 contra
3075 3169 3400 3225 catholicam
3440 3167 3509 3222 ﬁ-

1915 3252 2038 3307 dem
2083 3254 2217 3309 nihil
2262 3254 2463 3312 dixisse
2517 3263 2775 3325 testatur;
2830 3258 2978 3314 illam
3019 3259 3089 3314 ad
3135 3259 3325 3315 Marim
3371 3259 3507 3317 Per-

1913 3360 2048 3412 sam,
2093 3358 2218 3418 post
2244 3347 2398 3420 cujus
2439 3349 2730 3407 lectionem
2759 3353 2914 3407 statis
2941 3353 3062 3410 Ibas
3109 3354 3396 3427 episcOpus
3426 3356 3510 3411 in-

1914 3436 2036 3490 tulit
2099 3438 2226 3508 quia
2283 3448 2340 3494 et
2405 3439 2474 3494 ab
2519 3441 2605 3496 his
2647 3454 2768 3511 quae
2807 3442 2911 3499 sibi
2957 3443 3106 3499 illata
3143 3452 3330 3501 essent
3377 3445 3510 3502 alie-

1911 3541 2014 3582 nus
2057 3528 2335 3599 existeret,
2385 3544 2455 3585 an
2507 3529 2657 3586 illam
2710 3531 3132 3604 Edessenorum,
3191 3551 3290 3606 per
3343 3550 3509 3607 quam

1913 3616 2244 3689 Theophilus
2270 3621 2610 3680 adversarius
2629 3624 2745 3694 ejus
2765 3641 3099 3696 cognoscens
3117 3643 3177 3684 se
3197 3627 3360 3684 fuisse
3376 3644 3510 3686 con~

1912 3712 2136 3778 victum,
2163 3728 2288 3769 eum
2328 3713 2580 3772 falsitatis
2607 3717 2836 3774 crimine
2880 3719 3161 3775 nitebatur
3190 3720 3506 3788 infringere.

1911 3800 2057 3872 Ergo
2087 3803 2178 3858 illa
2211 3804 2282 3859 ad
2329 3803 2521 3861 Marim
2566 3805 2786 3863 Persam
2828 3811 3158 3867 accusatoris
3186 3813 3388 3882 potius,
3418 3811 3510 3882 qui

1913 3908 2034 3950 eam
2063 3895 2289 3964 protulit
2314 3911 2414 3952 nec
2441 3898 2710 3969 probavit,
2735 3915 2896 3971 quam
2920 3901 3043 3968 Ibae,
3073 3901 3167 3972 qui
3194 3917 3314 3957 eam
3339 3916 3510 3970 nega-

1912 3986 2010 4054 vit,
2035 4001 2154 4043 esse
2197 3987 2494 4057 iustissime
2523 3990 2590 4045 ab
2630 3991 2880 4049 omnibus
2908 3992 2996 4047 vel
3022 3991 3285 4046 aestimata
3313 4001 3398 4048 est
3424 3993 3511 4047 vel

1911 4079 2167 4136 aestimari
2194 4079 2356 4137 debet
2381 4082 2629 4153 epistola.
2675 4082 2828 4140 Nune
2856 4084 2986 4140 illud
3031 4085 3382 4140 nihilominus
3427 4093 3510 4140 est

1913 4168 2160 4244 sagacius
2206 4175 2543 4243 intuendum,
2587 4191 2687 4247 per
2732 4192 2895 4245 quam
2931 4176 3270 4247 potissimum
3317 4178 3510 4232 ortho-

1913 4267 2086 4322 doxus
2111 4267 2234 4324 Ibas
2253 4269 2539 4338 episcopus
2561 4282 2591 4321 a
2611 4267 2830 4322 vieariis
2849 4266 2993 4323 sedis
3015 4267 3326 4336 apostolicae
3347 4268 3510 4324 fuerit

227 4362 352 4426 (Act.
380 4366 512 4438 i0):
549 4366 1062 4420 Anathematizantes
1108 4383 1204 4421 nos
1251 4367 1424 4437 ipsos,
1469 4374 1519 4420 et
1569 4364 1811 4419 terribilis
1908 4356 2200 4427 indicatus,
2249 4373 2347 4427 De?
2390 4358 2537 4412 illam
2566 4359 2635 4412 ad
2679 4356 2869 4412 Marim
2921 4356 2963 4411 P
2966 4372 3162 4425 81⁵5³11),
3211 4374 3332 4428 (Ιυαῑ
3386 4375 3511 4416 cum

226 4456 457 4524 gelzennw
490 4459 838 4528 nosmetipsos
878 4457 1132 4514 obnoxios
1173 4458 1448 4530 facientes,
1491 4459 1539 4511 si
1580 4459 1811 4512 novimus
1915 4451 2252 4521 apertissime
2284 4450 2566 4521 Ephesium
2605 4451 2792 4522 primm
2834 4451 2990 4525 [adde
3031 4451 3261 4525 synodo]
3285 4462 3340 4509 et
3365 4454 3511 4510 beati

224 4550 407 4622 aliquid
426 4554 539 4610 tale
567 4553 760 4608 dictum
790 4552 854 4607 ab
883 4569 943 4608 eo
974 4561 1063 4607 aut
1093 4552 1291 4622 aliquid
1318 4551 1464 4605 aliud
1489 4551 1811 4604 contrarium
1915 4541 2098 4614 Cyrilli
2130 4539 2252 4596 ﬁdei
2272 4542 2345 4598 ibi
2366 4543 2642 4613 expositae,
2671 4557 2833 4613 quam
2861 4543 3302 4602 Chalcedonense
3325 4547 3511 4601 conci-

226 4646 476 4704 catholica:
500 4647 653 4719 ﬁdei.
685 4647 751 4702 Si
779 4647 915 4701 enim
946 4647 1119 4717 aliqua
1147 4647 1242 4698 tali
1282 4645 1421 4698 dicto
1447 4645 1591 4712 passi
1618 4644 1808 4715 fuisse-
1835 4683 1890 4746 Β
1914 4633 2046 4689 lium
2070 4631 2249 4746 firm?!
2273 4637 2626 4740 adsequitur.
2651 4637 3330 4746 contradici't.lscriptorem
3354 4653 3509 4694 suum

228 4751 328 4791 mus
355 4740 740 4795 communicare
768 4738 816 4792 ei
843 4739 928 4811 qui
972 4738 1124 4803 dixit,
1173 4745 1263 4791 aut
1290 4738 1478 4792 missas
1503 4751 1619 4790 cum
1646 4753 1707 4790 eo
1737 4744 1809 4792 (e-

1914 4726 2152 4784 ostendit
2172 4727 2508 4795 hrcreticum,
2541 4745 2610 4783 an
2639 4745 2738 4800 per
2757 4729 2916 4785 istam
2940 4728 3364 4799 Edessenorum,
3394 4745 3510 4800 qua'

229 4841 354 4895 nere,
375 4832 560 4888 ultimo
581 4830 832 4901 supplicio
856 4831 1132 4902 fuissemus
1152 4827 1382 4894 obnoxii,
1401 4837 1648 4900 tanquam
1668 4845 1809 4884 com-
1909 4820 2044 4877 nihil
2064 4820 2213 4878 Ibam
2231 4823 2546 4893 episcopum
2569 4822 2852 4880 catholica:
2877 4822 3004 4879 fidei
3023 4824 3353 4880 contrarium
3372 4840 3509 4880 nun-

229 4923 538 4978 municantes
569 4922 662 4976 tali
704 4923 890 4988 errori,
923 4929 978 4977 et
1015 4929 1230 4977 caetera.
1265 4919 1334 4975 Ut
1372 4935 1472 4992 per
1512 4921 1616 4976 hoc
1662 4919 1808 4986 quod

231 5024 459 5070 asserunt
501 5013 768 5071 Edesseni
814 5013 996 5069 clerici
1024 5013 1158 5068 nihil
1188 5027 1311 5070 eum
1339 5013 1446 5069 tale
1472 5013 1561 5068 vel
1604 5011 1807 5081 aliquid

231 5101 364 5159 aliud
390 5106 709 5162 orthodoxae
738 5103 860 5160 ﬁdei
885 5105 1086 5162 dixisse
1114 5105 1466 5172 contrarium,
1508 5105 1598 5159 illa
1623 5106 1806 5161 omnia

234 5207 346 5263 quas
368 5207 528 5255 recta:
557 5198 682 5254 ﬁdei
724 5198 994 5254 contraria
1023 5196 1093 5253 ad
1118 5197 1309 5253 Marim
1338 5197 1555 5252 Persam
1581 5198 1809 5267 epistola

231 5287 549 5359 continebat,
574 5298 630 5346 et
657 5291 726 5346 ab
755 5289 1078 5345 adversariis
1119 5288 1186 5344 ad
1217 5288 1676 5358 impugnationem
1705 5287 1808 5342 Iba:

1909 4928 2072 4984 quam
2104 4913 2307 4970 dixisse
2327 4915 2427 4970 sub
2457 4916 2711 4971 terribilis
2733 4913 3086 4986 jurisjurandi
3115 4923 3171 4972 et
3193 4917 3510 4972 anathema-

1908 5008 1978 5064 tis
2008 5008 2423 5079 interpositione
2450 5007 2811 5076 conﬁrmans,
2854 5011 2923 5065 ab
2957 5009 3393 5066 adversariorum
3420 5008 3510 5063 ob'

1903 5100 2146 5171 jectione
2172 5109 2458 5173 purgatum
2483 5101 2821 5171 pronuntiari
2847 5100 2974 5158 fecit
2995 5101 3387 5167 orthodoxum;
3411 5113 3510 5170 per

1912 5194 2058 5249 illam
2084 5193 2154 5248 ad
2181 5192 2370 5248 Marim
2401 5191 2642 5262 Persam,
2671 5209 2833 5263 quam
2862 5193 3004 5250 inter
3025 5209 3120 5250 eos
3146 5191 3238 5265 qui
3263 5207 3373 5248 non
3393 5207 3511 5248 ere-

1913 5287 2048 5343 dunt
2075 5289 2213 5343 sicut
2253 5288 2306 5342 in
2332 5287 2599 5356 Ephesina
2628 5289 2802 5359 prima
2848 5289 3056 5360 synodo
3083 5285 3314 5360 Cyrillus
3342 5299 3512 5354 expo-

233 5381 457 5454 episcOpi
484 5384 614 5456 quia
643 5383 710 5438 ab
741 5397 809 5438 eo
836 5381 981 5437 dicta
1030 5381 1228 5437 fuerint
1265 5381 1604 5450 ﬁngebantur
1629 5380 1813 5435 exclu—
1914 5382 2052 5448 suit,
2113 5391 2299 5437 sancta
2346 5381 2802 5437 Chalcedonensis
2862 5381 3098 5453 synodus
3153 5376 3512 5433 anathematis

231 5471 352 5530 dere
395 5475 551 5549 [forte
578 5471 973 5544 excluderent],
1019 5480 1076 5527 et
1103 5473 1449 5541 negationem
1478 5488 1631 5527 suam
1672 5471 1812 5526 idem

231 5562 344 5622 Ibas
363 5569 643 5640 episc0pus
666 5568 721 5623 in
750 5582 856 5638 qua
871 5565 1033 5638 paulo
1061 5573 1185 5620 ante
1199 5564 1410 5623 dixerat
1435 5567 1554 5636 quia
1569 5574 1617 5617 et
1640 5563 1704 5618 ab
1726 5565 1807 5619 his

233 5670 337 5727 quae
371 5661 494 5715 mihi
527 5661 678 5717 illata
706 5667 825 5715 sunt
854 5658 1052 5715 aliens
1090 5657 1279 5722 ezcisto,
1306 5655 1646 5726 apertissime
1671 5672 1805 5712 con-

235 5746 478 5809 ﬁrmaret.

298 5839 455 5898 XXII.
487 5845 636 5902 lianc
676 5858 807 5915 ergo
832 5843 1230 5900 Edessenorum
1279 5843 1600 5900 clericorum
1645 5840 1808 5911 legati

236 5935 534 6005 apostolica:
581 5936 724 5994 sedis
770 5943 896 5991 ante
951 5935 1139 5991 oculos
1189 5935 1451 5996 habentes
1499 5933 1806 6006 epistolam,

627 6024 897 6090 Parnon.
945 6010 1177 6094 LXIX.

1917 5489 2075 5544 pinna
2105 5474 2388 5543 percussit,
2420 5489 2487 5528 an
2517 5488 2614 5544 per
2646 5473 2788 5528 illam
2816 5471 3228 5534 Edessenorum,
3261 5482 3382 5537 qua:
3420 5483 3513 5523 eo-

1916 5565 2162 5621 rumdcm
2213 5565 2432 5620 Patrum
2481 5564 2682 5634 judicio
2727 5577 3052 5627 consonans,
3084 5561 3162 5615 eis
3191 5560 3370 5629 magni
3423 5559 3512 5629 qui

1919 5657 2118 5726 aliquid
2147 5664 2334 5712 contra
2366 5655 2526 5711 tidem
2557 5653 2878 5709 catholicam
2919 5649 3219 5705 dicentibus
3267 5665 3510 5705 commu~

1920 5751 2102 5805 nicant
2122 5751 2313 5820 infligit
2339 5751 2643 5805 anathema.
2671 5747 2798 5813 Quae
2819 5745 2998 5800 omnia
3027 5743 3187 5799 etiam
3221 5743 3510 5799 interlocu~

1922 5840 2052 5896 tioni
2098 5840 2316 5897 Maximi
2353 5838 2672 5896 Antiocheni
2702 5834 2938 5906 episcopi
2985 5835 3276 5891 convenire
3317 5831 3515 5888 eadem

1919 5948 2040 6006 quae
2066 5935 2294 5992 disserta
2323 5940 2405 5992 est
2433 5934 2660 5990 veritate
2687 5928 3040 6004 perspicitur;
3070 5928 3163 6000 qui
3191 5925 3509 5996 rescriptum

2998 6021 3037 6079 6
