4018 6340
504 232 606 288 171

1726 209 2087 282 νιριιιῑῑῖι).
2118 222 2603 285 CONSTITUTUM

3702 232 3805 292 172

501 346 747 420 epistolae
777 341 1121 409 nominando,
1155 355 1265 398 non
1294 340 1361 396 de
1391 338 1483 396 illa
1520 339 1591 395 ad
1625 338 1817 396 Marim
1858 339 2100 409 Persam,
2133 342 2318 411 Avim
2362 341 2571 398 idoneae
2596 334 2933 413 probationis
2962 342 3271 414 exprimens
3320 343 3456 416 (Act.
3508 344 3622 418 10),
3679 358 3803 418 post

502 441 603 501 sed
656 439 724 495 de
774 437 1172 494 Edessenorum
1218 434 1540 490 clericorum
1592 434 1819 504 epistola
1875 437 2107 494 sensisse

504 539 859 593 monstratur.
890 529 1175 600 Quomodo
1216 530 1363 585 enim
1407 528 1475 585 de
1522 529 1752 599 epistola
1800 530 1869 585 ad
1915 529 2108 587 Marim

505 632 748 698 Persam,
775 645 808 685 a
838 642 945 700 qua
972 628 1203 700 primam
1232 625 1561 697 Ephesinam
1589 626 1858 697 synodum
1883 634 1940 683 et
1965 627 2108 684 beati

508 722 695 798 Cyrilli
722 723 834 780 illic
862 722 1210 795 praedictum
1237 726 1445 777 certum
1468 726 1554 775 est
1580 719 1881 790 impugnari
1904 719 2106 776 doctri-

507 832 636 874 nam
662 859 680 887 ,
748 816 952 887 aliquid
1018 819 1352 872 memoratus
1416 811 1683 869 Maximus
1746 813 2109 870 orthodoxum

506 911 709 968 dixisse
733 910 1002 982 putandus
1022 915 1128 978 est,
1151 908 1263 977 qui,
1293 906 1436 965 sicut
1460 922 1621 979 supra
1650 907 1809 979 plene
1832 906 1942 977 jam
1972 907 2109 963 dixi-

507 1022 651 1076 mus,
678 1006 805 1062 dum
833 1004 902 1060 de
947 1001 1256 1074 recipienda
1302 1002 1480 1058 beatae
1526 1001 1919 1058 recordationis
1959 1016 2108 1073 papae

508 1100 707 1156 Leonis
736 1097 963 1167 epistola
992 1103 1331 1164 censeretur,
1359 1109 1481 1150 eam
1504 1094 1579 1149 ob
1602 1094 1707 1150 hoc
1746 1091 2110 1164 recipiendam

507 1190 698 1248 statuit
735 1189 862 1259 quia
911 1187 1056 1243 beati
1090 1185 1276 1259 Cyrilli
1318 1188 1373 1242 in
1421 1184 1637 1256 Epheso
1682 1186 1941 1256 expositae
1988 1182 2112 1239 ﬁdei

510 1281 847 1347 conveniret,
876 1278 1108 1334 dicendo
1151 1280 1223 1333 ita
1256 1280 1393 1346 (Act.
1437 1278 1492 1349 4)
1523 1297 1535 1332 :
1569 1277 1863 1333 Concordat
1892 1277 2112 1347 epistola

508 1375 823 1432 sanctissimi
854 1372 1229 1442 archiepiscopi
1270 1370 1426 1443 regia:
1455 1368 1636 1424 Romae
1688 1368 1879 1423 Leonis
1908 1368 2112 1439 exposi-

468 1462 480 1541 ξ
508 1468 734 1527 tionibus
759 1475 1101 1524 trecentorum
1125 1465 1299 1519 decem
1328 1472 1378 1519 et
1405 1474 1520 1519 octo
1557 1464 1695 1533 apud
1723 1460 1961 1517 Nicaeam
1986 1478 2111 1515 san-

474 1545 479 1555 .
508 1569 712 1621 ciorum
738 1560 983 1625 Patrum,
1005 1568 1055 1613 et
1076 1567 1279 1611 centum
1299 1556 1675 1628 quinquaginta
1699 1552 1838 1625 apud
1861 1552 2114 1608 Constan-

511 1656 787 1726 tinopolim
816 1669 1001 1708 novam
1031 1650 1272 1714 Romam,
1305 1657 1355 1703 et
1382 1649 1437 1702 in
1470 1644 1684 1718 Epheso
1715 1662 1748 1699 a
1779 1643 2111 1700 sanctissimo

515 1747 717 1821 Cyritlo
763 1748 1004 1818 episcOpo
1050 1744 1302 1814 expositae
1338 1741 1496 1813 ﬁdei;
1543 1747 1593 1794 et
1636 1738 1940 1811 subscripsi.
1983 1735 2113 1803 Quis

515 1842 683 1909 igitur
712 1838 791 1895 sic
819 1854 850 1894 a
876 1838 1044 1894 totius
1071 1833 1422 1891 humanitatis
1450 1831 1663 1888 ratione
1683 1831 1953 1902 sepositus
1975 1830 2117 1884 inve-

515 1933 661 1989 nitur
691 1940 751 1986 ut
779 1930 968 1987 credat
993 1930 1139 1984 hunc
1167 1925 1511 1982 sacerdotem
1537 1924 1594 1979 in
1622 1938 1782 1979 causa
1810 1921 1899 1977 vel
1925 1919 2116 1977 delini-

514 2027 663 2083 tione
703 2023 830 2081 ﬁdei
869 2023 944 2079 ita
986 2022 1089 2078 sibi
1125 2019 1397 2077 exstitisse
1438 2016 1772 2074 contrarium
1800 2022 1859 2069 ut
1885 2013 1978 2083 qui
2008 2020 2118 2068 tam

513 2115 762 2190 pratclari
786 2112 1058 2185 pontilicis
1080 2118 1243 2181 atque
1261 2109 1518 2178 doctoris,
1550 2108 1600 2164 id
1626 2114 1709 2163 est
1729 2107 1875 2163 beati
1897 2104 2116 2172 Leonis,

516 2209 801 2281 epistolam
828 2214 1015 2277 aperte
1042 2206 1131 2277 pia
1150 2203 1406 2273 dogmata
1433 2200 1805 2258 continentem
1834 2198 1981 2254 beati
2010 2196 2120 2268 Cy-

514 2301 622 2358 rilli
644 2314 763 2372 quae
787 2300 843 2354 in
862 2297 1080 2370 Epheso
1100 2303 1184 2353 est
1206 2295 1452 2367 exposita
1471 2290 1841 2362 comparando
1863 2289 2121 2346 doctrinae

515 2392 776 2465 judicavit
816 2390 1203 2455 orthodoxam,
1236 2387 1380 2442 illius
1427 2384 1736 2442 econtrario
1765 2382 2006 2454 epistolae
2034 2396 2125 2436 or-

516 2484 815 2540 thodoxam
878 2482 1086 2539 diceret
1140 2494 1261 2537 esse
1321 2478 1584 2549 scriptum
1607 2517 1624 2544 ,
1675 2474 1823 2547 quod
1871 2473 2124 2530 haeretica

516 2592 657 2635 voce
703 2575 820 2646 ipsa
858 2574 1005 2630 beati
1052 2572 1236 2645 Cyrilli
1280 2570 1535 2641 dogmata
1567 2568 1788 2624 molitur
1836 2565 2125 2623 evertere?

525 2668 661 2725 Cum
687 2679 818 2736 ergo
866 2663 1201 2735 impossibile
1243 2662 1314 2717 sit
1343 2660 1515 2716 videri
1556 2675 1723 2716 unum
1768 2659 2127 2727 eumdemquc

520 2758 754 2830 iudicem
782 2758 838 2814 in
865 2756 1181 2813 deﬁnitione
1220 2754 1347 2811 ﬁdei
1389 2761 1484 2809 aut
1523 2752 1795 2824 respuisse
1835 2751 1981 2822 quod
2022 2749 2127 2805 sibi

518 2850 726 2924 placuit
751 2858 845 2906 aut
873 2848 1016 2905 idem
1044 2848 1146 2905 sibi
1180 2848 1366 2903 dicere
1413 2846 1684 2917 placuisse
1708 2845 1854 2914 quod
1899 2843 2123 2914 respuit,

521 2956 747 3002 necesse
765 2949 851 2999 est
877 2949 937 2997 ut
963 2940 1217 2998 omnibus
1244 2938 1448 2995 clareat
1475 2953 1589 2995 non
1616 2951 1741 2993 eum
1774 2935 1846 2992 de
1888 2935 1979 2991 illa
2007 2935 2125 3006 epi-

518 3038 661 3096 stola
678 3036 748 3092 ad
771 3034 962 3091 Marim
985 3032 1228 3100 Persam,
1259 3031 1354 3090 sed
1375 3031 1443 3087 de
1471 3032 1575 3087 ista
1602 3030 1786 3102 potius
1814 3027 2124 3084 Edesseno-

519 3144 663 3199 rum,
706 3145 829 3201 qua:
876 3129 1148 3199 posterius
1196 3127 1337 3182 ieeta
1384 3133 1485 3191 est,
1529 3124 1656 3195 quia
1696 3123 1767 3179 sit
1801 3121 1919 3192 ejus
1947 3122 2130 3178 ortho-
2152 3159 2200 3222 ο

516 3223 663 3281 doxa
690 3221 964 3278 declarata
993 3217 1216 3274 dictatio
1244 3218 1550 3273 censuisse.

593 3312 782 3370 XXIII.
814 3311 923 3369 Nec
952 3309 1155 3380 aliquid
1181 3307 1460 3381 [aliquem]
1491 3313 1712 3365 moveat
1738 3306 1872 3363 illud
1899 3306 2045 3377 quod
2072 3307 2125 3361 in

522 3409 720 3467 eadem
744 3403 1159 3462 interlocutione
1185 3408 1520 3459 memoratur
1541 3394 1864 3471 rescriptum
1885 3398 2128 3470 epistolae

526 3499 675 3571 quod
695 3498 966 3571 prolatum
991 3502 1077 3551 est
1103 3494 1172 3549 ab
1201 3509 1268 3549 eo
1297 3494 1391 3564 qui
1418 3492 1537 3565 ejus
1562 3492 1903 3547 adversarius
1923 3491 2123 3558 existit,

528 3601 588 3649 ut
619 3608 689 3649 ex
726 3591 812 3647 his
848 3590 1051 3656 verbis,
1097 3588 1239 3645 sicut
1285 3587 1486 3642 inimici
1527 3586 1842 3641 orthodoxae
1886 3584 2009 3640 ﬁdei
2060 3584 2128 3639 ad

526 3683 946 3757 impugnandam
992 3681 1223 3753 primam
1270 3678 1600 3750 Ephesinam
1644 3677 1908 3750 synodum
1958 3675 2127 3731 astrui

526 3780 770 3850 cupiunt,
800 3776 954 3847 quasi
981 3776 1051 3831 de
1078 3776 1169 3831 illa
1198 3789 1318 3844 quae
1339 3773 1407 3829 ad
1434 3772 1624 3829 Marim
1673 3770 1895 3828 Persam
1934 3772 2128 3842 legitur

525 3871 778 3931 epistola.
811 3884 972 3940 quam
1000 3875 1189 3923 contra
1227 3865 1375 3922 Ibam
1404 3867 1717 3937 episcopum
1762 3866 1817 3920 in
1866 3863 2042 3919 Photii
2073 3872 2130 3920 et

530 3958 796 4019 Eusthatii
820 3960 1020 4031 judicio
1046 3958 1162 4029 ejus
1200 3958 1494 4014 adversarii
1522 3956 1881 4028 protulerunt,
1925 3955 2125 4010 intelli-

528 4064 683 4127 gatur
711 4056 787 4110 ita
831 4052 1125 4108 Maximum
1170 4050 1571 4106 Antiochenum
1617 4049 1935 4119 episcopum
1976 4046 2126 4118 judi»

529 4165 707 4207 casse.
742 4148 898 4217 Quod
926 4148 1087 4218 longe
1117 4148 1184 4203 ab
1214 4145 1456 4216 ejusdem
1484 4144 1699 4199 Maximi
1733 4158 1852 4199 esse
1880 4132 2127 4198 sensibus

531 4242 765 4298 alienum
788 4240 1034 4311 superius
1062 4238 1257 4295 idonea
1285 4244 1340 4293 et
1368 4236 1649 4306 multiplici
1686 4235 1900 4290 ratione
1938 4234 2130 4305 proba-

530 4335 727 4391 vimus.
756 4333 890 4388 Nam
920 4332 1051 4388 illud
1073 4332 1217 4403 quod
1269 4331 1337 4387 ab
1386 4330 1696 4387 adversario
1724 4328 1840 4399 ejus
1868 4328 2126 4401 scriptum

533 4426 806 4498 prolatum
847 4426 1064 4479 nomina
1105 4424 1267 4495 [forte
1302 4422 1566 4494 nominat]
1597 4422 1667 4477 de
1696 4423 1798 4477 ista
1829 4420 2127 4477 Edesseno-

531 4536 652 4577 rum
678 4520 997 4576 clericorum
1024 4519 1224 4573 dictum
1255 4533 1376 4574 esse
1419 4534 1527 4573 non
1571 4518 1792 4573 dubium
1841 4525 1943 4573 est.
1990 4516 2126 4572 Cum
2151 4555 2205 4617 Β

532 4612 677 4668 enim
701 4611 832 4666 nihil
861 4610 1006 4666 aliud
1035 4609 1364 4681 TheOphilus
1391 4609 1729 4665 adversarius
1756 4608 1861 4663 Iba:
1883 4607 2123 4679 episcopi

534 4714 725 4763 contra
754 4720 877 4761 eum
905 4705 962 4760 in
991 4703 1418 4761 Chalcedonensi
1446 4701 1653 4774 synodo
1674 4701 1775 4757 nisi
1805 4712 1955 4770 gesta
1984 4702 2125 4772 apud

534 4797 788 4853 Photium
815 4804 873 4853 et
917 4795 1257 4853 Eustathium
1294 4794 1476 4850 habita
1514 4794 1848 4865 protulisset,
1901 4801 1957 4849 et
2005 4809 2126 4849 eam

532 4898 741 4961 partem
771 4897 1067 4959 gestorum,
1097 4897 1159 4943 ut
1181 4887 1459 4943 evidenter
1488 4896 1731 4957 apparet,
1758 4889 1811 4942 in
1835 4901 1942 4958 qua
1962 4888 2131 4944 conti-

534 4982 765 5038 nebatur
789 4978 1187 5036 Edessenorum
1235 4978 1462 5049 epistola
1510 4976 1829 5033 clericorum
1866 4978 2130 5033 malevolo

532 5072 898 5143 supprimens,
930 5069 1078 5125 illam
1101 5076 1307 5125 tantum
1338 5084 1437 5139 per
1463 5083 1624 5138 quam
1660 5070 1869 5139 gravari
1910 5069 2132 5140 putabat

534 5156 682 5219 Ibam
713 5162 1029 5233 episcopum
1076 5158 1240 5216 fuisse
1290 5160 1510 5217 fecisset
1553 5160 1790 5226 recitari,
1843 5170 1970 5217 tunc
2011 5160 2132 5217 Ibas

536 5255 860 5327 episcopus,
919 5261 981 5309 ut
1034 5268 1158 5311 cum
1209 5253 1515 5310 evidentius
1564 5262 1863 5321 constaret,
1909 5254 2127 5328 [aliquid

537 5344 705 5419 deest]
740 5360 811 5402 ex
854 5345 985 5416 ipsis
1023 5360 1143 5417 quae
1180 5345 1245 5401 ab
1296 5344 1484 5402 eodem
1540 5347 1851 5404 adversario
1905 5346 2127 5416 prolatae

536 5437 752 5493 fuerant
787 5438 1012 5505 chartis,
1062 5438 1210 5494 illam
1258 5447 1467 5510 partem
1524 5442 1590 5497 ab
1644 5457 1712 5496 eo
1761 5440 2129 5495 fraudulenter

540 5530 805 5589 omissam
832 5530 1001 5601 relegi
1025 5534 1179 5603 petiit
1211 5549 1306 5603 per
1335 5550 1495 5605 quam
1526 5536 1616 5590 illa
1643 5535 1870 5605 epistola
1896 5549 2015 5602 quze
2043 5534 2132 5588 ad-

488 5658 489 5663 η
535 5636 729 5680 versus
748 5636 873 5677 eum
903 5621 1037 5678 lecta
1069 5622 1242 5681 fuerat
1261 5627 1521 5696 probatur
1549 5625 1787 5692 exclusa,
1819 5633 1877 5678 ut
1905 5640 2001 5694 per
2028 5625 2132 5681 hoc

536 5716 683 5790 quod
709 5716 827 5787 ipse
845 5716 1182 5776 adversarius
1208 5719 1538 5789 Theophilus
1561 5718 1858 5789 protulerat
1884 5720 2131 5775 convinci

539 5809 813 5870 efﬁcacius
838 5820 1245 5871 monstraretur.
1280 5811 1432 5869 Unde
1456 5820 1512 5868 et
1553 5808 1819 5868 Maximus
1848 5810 2131 5883 episcopus

2146 1773 2194 1833 B

2210 435 2468 492 reiectam
2491 432 2885 490 Edessenorum
2931 436 3217 506 epistolam
3261 436 3579 494 clericorum
3623 456 3695 497 ex
3721 444 3804 501 his

2210 524 2412 584 chartis
2452 541 2589 598 quas
2618 526 2957 582 adversarius
2996 528 3295 598 protulerat
3331 540 3607 589 05tensum
3656 532 3805 593 Ibam

2209 620 2585 691 pronuntiavit
2610 618 2996 676 orthodoxum.
3030 618 3101 677 Ut
3126 629 3307 679 autem
3349 624 3561 695 plenius
3588 636 3808 685 conten-

2210 709 2334 765 tiosi
2363 710 2743 766 haereticorum
2778 710 2944 765 animi
2983 720 3327 781 superentur,
3358 713 3585 771 diversis
3632 718 3809 775 modis

2212 799 2516 856 ostenditur
2558 799 2701 857 hanc
2727 798 3123 857 Edessenorum
3170 804 3458 874 epistolam
3505 822 3615 862 non
3664 808 3809 864 velut

2212 908 2408 949 novam
2446 894 2501 949 in
2529 892 2958 951 Chalcedonensi
3005 895 3237 952 concilio
3272 898 3341 953 ab
3384 898 3474 955 Iba
3516 902 3806 971 prolatam,

2211 982 2307 1040 sed
2333 984 2463 1039 olim
2494 983 2687 1041 Pbotio
2715 994 2773 1041 et
2816 984 3099 1043 Eustathio
3128 988 3399 1059 episcopis
3444 995 3808 1052 contraditam

2212 1082 2270 1131 et
2295 1091 2484 1132 eorum
2510 1080 2676 1147 gestis
2724 1079 2999 1134 insertam.
3053 1080 3233 1136 Primo
3275 1084 3417 1138 enim
3447 1100 3515 1140 ex
3556 1101 3623 1143 eo
3666 1091 3809 1159 quod

2213 1175 2459 1240 tempore
2483 1169 2670 1240 judicii
2701 1170 2769 1224 ad
2799 1185 2893 1227 eos
2922 1172 3048 1227 data
3082 1173 3303 1243 legitur,
3335 1177 3415 1231 eis
3441 1178 3510 1233 ad
3553 1195 3696 1250 quos
3732 1182 3809 1238 dic

2212 1269 2363 1317 recta
2387 1270 2471 1318 est
2497 1262 2695 1317 tradita
2723 1263 2874 1320 nullo
2919 1264 3083 1321 modo
3121 1265 3423 1335 dubitatur;
3454 1271 3657 1342 quippe
3688 1288 3809 1333 cum

2214 1352 2269 1408 in
2298 1368 2486 1410 eorum
2505 1353 2708 1424 judicio
2734 1371 2832 1427 per
2852 1370 2973 1412 eam
2993 1356 3114 1413 Ibas
3135 1358 3203 1414 ad
3224 1362 3596 1429 purgationem
3621 1380 3809 1426 eorum

2213 1460 2334 1517 qua:
2363 1446 2576 1517 objecta
2600 1445 2817 1503 fuerant
2836 1446 3127 1517 indiguerit
3154 1449 3415 1519 adjuvari.
3443 1453 3648 1511 Deinde
3667 1457 3810 1526 quod

2212 1538 2271 1592 in
2315 1538 2504 1594 eadem
2532 1540 2761 1610 epistola
2807 1540 3031 1611 petiisse
3068 1556 3099 1596 a
3140 1546 3456 1601 memoratis
3507 1545 3707 1604 Photio
3758 1558 3812 1610 et

2214 1626 2497 1687 Eustathio
2540 1633 2836 1703 impensius
2871 1631 3129 1691 Edesseni
3167 1636 3350 1693 clerici
3397 1640 3712 1711 releguntur
3754 1653 3813 1704 ut

2218 1723 2327 1778 suis
2352 1736 2473 1779 eam
2501 1734 2754 1780 curarent
2778 1726 2944 1795 gestis
2996 1727 3263 1796 inserere;
3296 1732 3442 1801 quod
3471 1733 3585 1791 ﬁeri
3614 1737 3813 1795 nihilo-

2224 1816 2402 1872 minus
2443 1824 2498 1872 et
2542 1817 2659 1889 ipse
2689 1818 2878 1887 judicii
2902 1819 3039 1875 ordo
3068 1822 3350 1891 poscebat.
3392 1823 3521 1892 Quae
3560 1828 3634 1882 ita
3665 1838 3814 1899 gesta

2220 1921 2331 1961 non
2360 1906 2535 1963 solum
2563 1908 2763 1965 veritas
2793 1912 3075 1980 praesentis
3100 1913 3529 1973 ratiocinationis
3557 1921 3812 1991 ostendit,

2220 1997 2317 2054 sed
2346 2006 2401 2053 et
2437 1999 2605 2069 ipsius
2632 1999 2737 2056 lbte
2766 2008 2996 2058 testatur
3030 2006 3279 2075 superius
3307 2015 3365 2065 et
3417 2008 3471 2064 in
3516 2011 3815 2072 Chalcedo-

2221 2091 2378 2147 nensi
2406 2092 2613 2164 synodo
2644 2102 2702 2148 et
2744 2094 2798 2148 in
2836 2094 3017 2151 Photii
3045 2106 3208 2167 atque
3253 2097 3518 2159 Eustathii
3550 2108 3816 2167 examine

2222 2183 2542 2255 deprompta
2580 2185 2865 2256 professio.
2906 2187 3182 2259 Siquidem
3224 2202 3469 2250 sanctum
3514 2197 3816 2260 Chalcedo-

2222 2289 2394 2330 nense
2423 2276 2707 2331 concilium
2745 2278 3032 2349 episcopus
3070 2280 3190 2337 Ibas‘
3234 2284 3525 2354 ingressus,
3576 2290 3707 2347 dum
3758 2307 3817 2352 se

2226 2367 2419 2422 asserit
2447 2368 2756 2423 absolutum
2786 2370 2965 2426 Photii
2995 2381 3050 2427 et
3076 2372 3341 2431 Eustathii
3381 2381 3700 2452 constituto,
3742 2386 3817 2445 ita

2226 2460 2356 2517 dicit
2383 2460 2519 2534 (Act.
2564 2462 2656 2535 9):
2697 2462 2840 2519 Nam
2877 2475 2926 2519 et
2974 2484 3151 2523 omnes
3193 2471 3365 2527 clerici
3402 2472 3678 2546 Edesseni,
3726 2496 3817 2553 per

2226 2570 2354 2624 quos
2378 2556 2695 2625 scripserunt
2718 2558 2954 2627 praefatis
2990 2560 3264 2631 episcopis,
3297 2573 3552 2620 testantur
3600 2585 3683 2623 me
3709 2588 3818 2627 esse

2227 2646 2574 2701 catholicum:
2605 2649 2898 2705 ostendens
2926 2652 3112 2721 utique
3148 2654 3215 2709 ad
3256 2670 3351 2711 eos
3383 2658 3640 2729 scriptum
3670 2669 3729 2717 et
3764 2664 3819 2721 in

2227 2739 2440 2795 illorum
2464 2740 2579 2811 jam
2603 2741 2808 2811 judicio
2838 2742 3240 2802 Edessenorum
3270 2748 3593 2808 clericorum
3621 2758 3818 2812 rescri-

2227 2842 2322 2905 pto
2348 2850 2408 2890 se
2437 2834 2504 2891 ab
2534 2833 2763 2904 objectis
2792 2838 3041 2894 omnibus
3070 2840 3380 2898 absolutum
3409 2852 3465 2898 et
3489 2847 3819 2907 catholicum

2228 2925 2582 2981 declaratum.
2609 2926 2816 2984 Deinde
2838 2928 2964 2984 dum
2994 2931 3048 2985 in
3077 2931 3168 2986 illa
3195 2941 3349 3003 parte
3372 2943 3648 3003 gestorum
3680 2942 3821 3011 apud

2230 3014 2481 3071 Photium
2510 3024 2567 3071 et
2590 3016 2934 3076 Eustathium
2962 3020 3290 3091 habitorum,
3318 3038 3501 3092 quam,
3531 3034 3593 3082 ut
3618 3028 3821 3089 dictum

2232 3118 2336 3181 est,
2376 3120 2568 3168 contra
2615 3129 2739 3170 eum
2793 3115 3083 3171 adversarii
3120 3116 3287 3187 relegi
3337 3120 3663 3191 petiverunt,
3714 3135 3822 3183 tres

2232 3212 2397 3261 testes
2421 3220 2560 3276 quos
2600 3206 2653 3260 in
2697 3205 2876 3263 Photii
2906 3215 2961 3263 et
3000 3207 3266 3264 Eustathii
3306 3211 3511 3279 judicio
3559 3215 3821 3274 adversus

2230 3310 2355 3352 eum
2411 3296 2706 3353 adversarii
2759 3298 3061 3371 producere
3098 3301 3436 3371 nitebantur,
3490 3315 3821 3367 memoratus

2230 3390 2514 3461 episcopus
2549 3392 2889 3461 reprobaret,
2922 3392 2996 3447 ita
3024 3392 3159 3448 dixit
3189 3394 3328 3461 (Act.
3360 3394 3484 3464 40):
3515 3395 3615 3453 Est
3654 3400 3823 3457 clerus

2230 3492 2404 3539 noster
2423 3482 2673 3554 plurimus
2696 3481 2834 3557 [plus
2864 3481 3054 3555 minus]
3078 3487 3343 3540 nominum
3372 3488 3706 3546 ducentorum
3733 3499 3823 3548 att

2228 3578 2546 3648 plurimum:
2582 3594 2744 3650 neque
2770 3580 2908 3633 enim
2948 3580 3143 3633 retineo
3171 3595 3457 3636 numerum.
3490 3581 3683 3638 Omnes
3715 3585 3823 3641 cie-

2226 3670 2325 3724 rici
2355 3671 2527 3724 testati
2548 3679 2667 3724 sunt
2685 3671 2791 3724 sive
2819 3669 3139 3725 orthodoxae
3158 3672 3276 3737 sim,
3308 3673 3413 3727 sive
3449 3674 3740 3742 hereticus,
3772 3684 3824 3732 et

2229 3779 2320 3835 per
2344 3764 2696 3836 confessiones
2726 3765 2967 3835 scriptas,
2989 3782 3104 3835 quae
3130 3774 3179 3819 et
3207 3766 3417 3822 directa:
3444 3777 3562 3821 sunt
3599 3771 3823 3826 sanctis-

2227 3856 2359 3910 simo
2387 3859 2628 3927 episcopo
2656 3856 2883 3921 Damno,
2909 3866 2958 3911 et
2985 3857 3058 3911 ad
3083 3866 3300 3911 vestram
3333 3861 3670 3915 reverentiam
3692 3865 3824 3916 scri-

2230 3958 2461 4020 pserunt.
2488 3948 2551 4004 Si
2573 3959 2825 4004 consonat
2853 3958 3115 4003 tantorum
3135 3951 3486 4005 testimonium
3523 3952 3825 4008 clericorum

2232 4042 2413 4109 tribus,
2447 4045 2579 4097 sicut
2603 4043 2731 4097 dicit
2760 4045 2893 4113 ipse,
2926 4043 3137 4097 testibus
3167 4046 3255 4115 qui
3285 4060 3401 4098 cum
3424 4045 3550 4115 ipsis
3574 4054 3825 4101 venerunt

2228 4138 2299 4193 ad
2327 4139 2676 4194 accusandum
2696 4140 2749 4193 in
2781 4136 3302 4211 Constantinopolim,
3330 4152 3379 4196 et
3399 4158 3534 4196 nunc
3555 4158 3672 4197 cum
3696 4145 3824 4215 ipsis

2227 4229 2476 4295 existunt,
2507 4240 2725 4286 vestrum
2768 4240 2844 4285 est
2878 4231 3135 4302 judicare.
3179 4230 3256 4291 Ex
3289 4249 3396 4303 quo
3418 4235 3697 4289 evidenter
3724 4250 3824 4307 ap-

2228 4332 2385 4394 paret
2411 4325 2485 4379 ita
2516 4340 2641 4380 eum
2671 4326 2724 4379 in
2753 4324 2870 4395 ipso
2896 4323 3074 4380 Photii
3115 4335 3169 4381 et
3214 4324 3480 4382 Eustathii
3524 4328 3729 4398 judicio
3757 4330 3827 4386 ad

2229 4419 2586 4477 contutandos
2616 4427 2783 4475 testes
2811 4421 2880 4475 ab
2909 4419 3218 4477 adversario
3261 4422 3638 4492 producendos
3664 4424 3827 4479 cleri-

2229 4528 2417 4570 corum
2447 4512 2844 4571 Edessenorum
2865 4514 3108 4583 epistolae
3126 4513 3320 4571 fecisse
3347 4519 3663 4574 memoriam
3690 4527 3749 4574 ut
3770 4527 3822 4574 et

2228 4622 2351 4663 eam
2394 4605 2662 4677 judicibus
2698 4606 2809 4677 jam
2842 4606 3092 4661 traditam
3117 4609 3529 4676 demonstraret,
3562 4619 3619 4667 et
3646 4627 3713 4668 ex
3740 4627 3831 4670 c0»

2228 4701 2379 4771 gnito
2407 4700 2595 4756 iisdem
2621 4700 2892 4770 judicibus
2913 4701 3078 4757 totius
3097 4700 3353 4757 Edesseni
3381 4704 3509 4759 cieri
3535 4706 3830 4777 rescripto,

2232 4806 2526 4862 paucorum
2555 4791 2877 4845 clericorum
2908 4791 3151 4860 exigeret
3190 4807 3299 4847 non
3340 4794 3537 4850 debere
3563 4797 3827 4855 testiﬁca.

2231 4882 2408 4936 tiones
2436 4880 2665 4935 admitti.
2700 4878 2854 4935 Unde
2876 4880 3097 4936 minime
3116 4881 3391 4952 dubitatur
3415 4900 3515 4955 per
3538 4886 3683 4943 illam
3700 4902 3825 4959 par-

2230 4982 2339 5029 tem
2368 4980 2644 5042 gestorum
2673 4971 2837 5027 fuisse
2860 4974 2929 5028 ab
2955 4972 3278 5031 adversariis
3299 4991 3367 5031 ex
3390 4976 3568 5035 studio
3596 4990 3824 5050 praeter-

2232 5065 2451 5120 missam
2496 5064 2550 5119 in
2605 5081 2712 5134 qua
2758 5063 3155 5121 Edessenorum
3205 5067 3525 5126 clericorum
3581 5087 3681 5142 pro
3733 5072 3823 5129 Iba

2231 5159 2425 5214 litterae
2452 5158 2777 5213 tenebantur
2803 5159 3039 5229 insertae,
3067 5170 3123 5216 et
3159 5160 3309 5217 Ibam
3352 5167 3655 5221 necessarie
3683 5168 3823 5223 hanc

2232 5251 2405 5321 ipsam
2433 5248 2828 5307 Edessenorum
2857 5253 3141 5322 epistolam
3170 5268 3238 5309 ex
3266 5269 3329 5310 ea
3360 5264 3513 5326 parte
3536 5272 3656 5327 quae
3696 5274 3826 5329 sup-

2234 5356 2420 5414 pressa
2460 5341 2637 5397 fuerat
2662 5342 2827 5413 relegi
2854 5345 3177 5415 postulasse,
3209 5360 3273 5403 ac
3300 5358 3587 5418 propterea
3621 5352 3828 5423 episco-

2236 5453 2364 5509 pum
2393 5437 2684 5493 Maximum
2715 5442 3098 5510 pronuntiasse
3126 5458 3195 5498 ex
3232 5447 3436 5503 relecto
3464 5449 3730 5520 rescripto
3758 5449 3825 5506 de

2235 5530 2401 5599 gestis
2421 5531 2489 5585 ab
2512 5531 2819 5587 adversario
2845 5534 3068 5603 prolatis
3090 5536 3256 5605 ipsius
3284 5541 3530 5610 rescripti
3559 5544 3821 5611 epistolae;

2234 5621 2289 5675 id
2318 5633 2418 5689 est,
2450 5622 2868 5691 Edessenorum,
2898 5626 3243 5683 dictationem
3267 5633 3623 5688 orthodoxam
3652 5635 3829 5690 decla-

2234 5722 2425 5770 ratam.
2450 5716 2715 5771 Omissam
2743 5733 2872 5772 vero
2901 5719 2968 5773 ab
3007 5719 3326 5776 adversariis
3375 5725 3519 5779 illam
3548 5738 3825 5795 gestorum

2236 5820 2444 5886 partem
2491 5828 2595 5884 qua
2644 5812 2762 5869 Ibas
2793 5814 3081 5886 episcopus
3124 5817 3193 5873 ab
3239 5818 3467 5892 objectis
3520 5821 3828 5883 evidentius
