4042 6468
214 314 314 371 173

1133 297 1266 352 PRO
1297 292 1736 352 ΒΛΜΝΛΉΟΙἚΞ
1779 287 1991 344 TRlUM
2033 285 2543 340 CAPITULORUM.

3362 281 3463 336 174

215 426 558 502 purgabatur,
585 429 638 476 et
665 422 782 474 aliis
816 419 986 473 modis
1007 416 1325 472 ostenditur.
1367 412 1498 467 Nam
1530 413 1584 466 in
1613 407 1800 463 eadem
1832 412 1873 467 Α
1910 402 2257 458 catholicum.
2290 400 2498 456 Rursus
2525 401 2578 455 in
2605 401 2794 457 eadem
2815 400 3130 458 defensione
3159 412 3485 470 permanens

218 521 385 576 Photii
415 526 578 586 atque
615 513 880 568 Eustathii
925 512 1210 574 sententia,
1240 523 1347 577 qua
1396 506 1635 562 referunt
1677 505 1795 560 uni-

217 625 362 667 versa
391 623 511 678 qum
536 607 600 661 ab
636 605 725 660 lba
755 605 1008 674 episcopo
1040 603 1095 656 in
1123 616 1224 656 suo
1267 600 1465 655 fuerint
1500 607 1619 654 acta
1653 598 1796 667 judi-

215 706 311 768 cio,
337 703 648 757 continetur
677 699 820 768 quod
866 713 1034 768 prone
1077 696 1316 768 sapuerit
1361 694 1481 750 lbas
1511 695 1797 764 episcopus

213 810 276 851 ex
302 793 501 862 scripto
530 791 659 846 dare
685 789 809 859 quid
834 789 898 843 de
929 789 1014 858 pia
1046 786 1148 842 ﬁde
1177 787 1418 852 sentiret,
1452 793 1507 840 et
1529 801 1594 841 ex
1624 785 1798 840 abun-

213 883 352 939 danti
381 880 928 936 anathematizaverit
956 877 1286 942 Nestorium,
1315 885 1372 932 et
1399 893 1462 933 ea
1493 891 1552 932 se
1593 877 1648 930 in
1687 889 1799 930 sua:

215 977 520 1050 promiserit
575 974 756 1044 eloqui
809 974 1042 1029 civitatis
1097 971 1366 1036 Ecclesia,
1421 979 1476 1026 et
1530 970 1633 1026 alia
1680 983 1799 1039 qua;

214 1068 445 1138 ejusdem
483 1066 712 1136 judicati
765 1074 952 1122 tenore
1004 1071 1392 1124 monstrantur.
1443 1063 1572 1129 Qua:
1617 1061 1799 1116 omnia

215 1177 330 1232 pars
357 1160 445 1213 illa
477 1169 757 1227 gestorum
788 1174 887 1228 pro
940 1158 1371 1213 adversariorum
1418 1155 1523 1209 lbm
1559 1153 1799 1224 episcopi

215 1262 336 1310 voto
365 1252 421 1306 in
442 1251 871 1307 Chalcedonensi
911 1250 1116 1321 synodo
1145 1249 1345 1304 relecta
1388 1263 1497 1302 non
1534 1248 1795 1302 continet.

215 1347 368 1412 Gesta
397 1354 581 1402 tamen
613 1347 665 1400 in
711 1345 888 1400 Photii
917 1353 1080 1414 atque
1125 1342 1388 1398 Enstathii
1432 1341 1638 1410 judicio
1683 1355 1802 1396 esse

215 1453 394 1494 eorum
438 1437 707 1491 sententia
733 1435 1056 1491 declaratur.
1103 1432 1205 1488 Per
1231 1435 1372 1502 quod
1427 1440 1640 1490 constat
1687 1435 1804 1488 sine

216 1531 368 1586 dubio
397 1545 494 1587 eas
519 1538 704 1600 partes
736 1532 802 1584 ab
831 1529 1153 1584 adversariis
1196 1529 1464 1583 malitiose
1489 1544 1804 1599 suppressus

216 1637 342 1692 quas
371 1623 618 1680 scribant
643 1622 746 1677 lbae
766 1621 1024 1691 epise0po
1052 1621 1280 1692 amplius
1308 1622 1634 1691 profuturas.
1668 1620 1802 1674 Nam

216 1723 271 1768 ut
295 1713 413 1769 haec
442 1714 587 1785 apud
617 1712 867 1770 Photium
897 1722 953 1768 et
985 1713 1320 1769 Eustathium
1351 1715 1634 1783 episcopos
1671 1712 1803 1767 actis

1899 505 2023 568 post
2077 496 2218 550 illius
2262 496 2331 550 ad
2379 494 2569 550 Marim
2626 494 2843 550 Persam
2893 496 3130 565 epistolas
3177 495 3487 560 lectionem,

1901 587 2066 664 [cum]
2106 588 2503 646 Edessenorum
2532 589 2850 644 clericorum
2881 605 2978 658 pro
3026 605 3085 644 se
3125 589 3311 659 relegi,
3337 588 3490 658 cujus

1900 695 2044 751 saepe
2071 681 2400 736 mentionem
2430 681 2652 748 fecerat,
2695 680 2975 750 epistolam
3005 681 3348 749 postulasset,
3371 681 3491 750 quis

1901 780 2009 828 tam
2039 772 2229 827 lucidas
2258 771 2500 827 veritatis
2531 772 2871 840 impugnator
2900 772 3097 826 existat
3134 774 3225 840 qui
3274 789 3383 827 non
3425 788 3494 828 ex

1900 864 2056 920 istius
2096 861 2494 920 Edessenorum
2537 863 2778 932 epistolae
2815 870 2982 925 textu,
3027 878 3124 932 per
3169 879 3328 933 quam
3381 865 3494 933 ipse

1902 963 2184 1011 accusatus
2215 955 2334 1010 lbas
2363 956 2613 1010 aestimari
2649 957 2817 1027 (forte
2843 956 3100 1010 testimari
3130 955 3219 1025 se]
3250 957 3496 1024 poposcit

1903 1048 2288 1115 orthodoxum,
2313 1065 2344 1102 a
2373 1047 2622 1103 Patribus
2651 1049 3008 1106 orthodoxam
3039 1049 3407 1113 dictationem,
3442 1058 3498 1106 et

1905 1138 2156 1194 eumdem
2182 1138 2330 1194 Ibam
2372 1141 2696 1196 catholicum
2736 1142 3138 1211 pronuntiatum
3189 1138 3351 1196 fuisse
3405 1157 3499 1194 co-

1903 1242 2151 1300 gnoscat,
2176 1233 2273 1288 sed
2301 1232 2443 1287 illius
2473 1234 2712 1303 epistola:
2745 1234 2814 1289 ad
2851 1233 3037 1288 Marini
3085 1234 3302 1291 Persam
3331 1234 3498 1290 dicta-

1905 1321 2104 1376 tionem
2135 1330 2290 1392 putet
2315 1323 2674 1380 orthodoxam
2711 1323 3025 1392 judicatam,
3052 1340 3168 1395 quze
3215 1325 3263 1380 ei
3293 1333 3350 1380 et
3400 1339 3499 1394 pro

1905 1411 2132 1467 crimine
2179 1413 2450 1468 hzereseos
2502 1413 2715 1484 objecta
2758 1423 2860 1479 est,
2907 1422 2962 1469 et
3011 1415 3057 1469 si
3111 1415 3227 1485 ejus
3272 1416 3501 1486 probata

1907 1501 2114 1568 fuisset,
2147 1503 2431 1559 haereticus
2460 1506 2633 1574 potuit
2654 1505 2924 1575 judicari?
3328 1567 3332 1572 α

1978 1592 2140 1649 XXV.
2187 1594 2370 1664 Itaque
2410 1596 2926 1652 anathematizamus
2973 1607 3134 1668 atque
3185 1599 3503 1654 damnamus

1909 1688 2331 1758 suprascriptum
2388 1687 2672 1760 epistolam
2716 1704 2877 1758 quam
2936 1690 3004 1744 ad
3051 1690 3237 1746 Marim
3286 1691 3503 1746 Persam

217 1807 408 1863 inserta
455 1777 625 1863 fuisse
658 1807 882 1862 minimc
909 1807 1200 1867 dubitetur,
1246 1777 1510 1860 Thalassii
1541 1777 1802 1875 episcopi
1830 1802 1881 1864 Β
1909 1777 2216 1833 "Melicum
2247 1781 2529 1875 ξθνίνδίδδθ
2568 1781 2688 1837 "ms
2717 1780 3060 1852 conﬁngitur,
3093 1799 3211 1854 qum
3242 1785 3410 1840 Deum
3439 1785 3506 1840 (1⁸

216 1896 472 1953 Cassareze
496 1895 850 1968 Cappadociae
873 1897 926 1950 in
953 1894 1298 1950 Chalcedona
1327 1895 1613 1949 residentis
1632 1893 1806 1947 mani-

217 1986 367 2042 festat
392 1988 604 2059 absque
626 1987 974 2054 ambiguitate
1000 1985 1287 2050 sententia,
1315 1999 1436 2053 qua:
1464 1994 1585 2054 post
1610 1984 1712 2038 alia
1738 1985 1809 2037 ita

122 2150 124 2159 λ
217 2079 336 2134 dicit
362 2099 374 2134 :
412 2079 554 2144 Quia
579 2083 805 2136 maxime
823 2081 979 2150 gestis
1007 2079 1230 2148 suscepit
1255 2088 1311 2131 ut
1348 2079 1812 2132 anathematizaret

218 2172 303 2226 illa
330 2188 449 2243 qua:
479 2173 594 2243 ejus
615 2181 940 2225 accusatores
960 2170 1204 2224 adversus
1231 2185 1347 2224 eum
1374 2171 1724 2239 deposuerant
1749 2185 1812 2223 ea:

217 2265 420 2334 scripto.
455 2263 614 2330 Quod
639 2265 822 2334 utique
845 2265 970 2332 quia
1009 2263 1065 2316 in
1092 2272 1248 2332 parte
1277 2264 1366 2317 illa
1389 2271 1661 2332 gestorum
1691 2277 1811 2332 quae

219 2354 542 2409 adversariis
569 2352 674 2409 lbrn
696 2354 1124 2410 desiderantibus
1143 2355 1414 2409 recensita
1444 2364 1524 2408 est
1547 2369 1653 2409 non
1679 2353 1812 2422 legi-

221 2453 322 2510 tur,
353 2446 699 2503 manifestum
723 2456 805 2502 est
834 2462 900 2504 ex
923 2447 1007 2506 his
1025 2462 1144 2518 quae
1171 2446 1397 2502 Photius
1422 2456 1478 2502 et
1500 2446 1812 2501 Eustathius

221 2535 274 2593 in
297 2553 397 2594 suo
421 2538 627 2608 judicio
653 2547 804 2607 gesta
833 2537 1091 2605 referunt,
1117 2554 1238 2609 qua:
1279 2539 1416 2594 actis
1464 2539 1664 2594 inserta
1706 2537 1814 2593 fue-

221 2626 346 2694 rint,
379 2637 739 2686 memoratum
766 2631 1080 2700 episcopum
1110 2629 1444 2686 Thalassium
1474 2631 1812 2701 cognovisse.

222 2716 288 2773 Et
313 2719 437 2778 ideo
461 2722 610 2777 omni
629 2722 872 2777 veritatis
897 2722 1017 2777 luce
1045 2723 1330 2792 probatum
1358 2730 1443 2778 est
1468 2723 1544 2778 ita
1585 2731 1640 2778 et
1669 2723 1814 2777 illam

222 2820 430 2882 partem
481 2823 757 2884 gestorum
796 2815 849 2870 in
897 2829 1003 2882 qua
1051 2812 1448 2872 Edessenorum
1496 2815 1816 2871 clericorum

224 2907 606 2962 continebatur
634 2906 880 2978 epistola,
913 2907 982 2961 ab
1014 2907 1333 2963 adversariis
1367 2906 1531 2961 fuisse
1560 2921 1816 2976 suppres-

224 3009 361 3063 sam,
392 2997 535 3052 sicut
562 3006 616 3052 et
642 2997 756 3052 haec
784 3011 930 3068 pars,
975 3012 1042 3051 ne
1082 2998 1435 3066 relegeretur,
1465 2999 1662 3053 omissa
1692 3006 1777 3052 est
1801 3015 1812 3048 :

225 3103 344 3158 qua:
373 3106 488 3145 non
517 3105 585 3144 ex
608 3089 696 3144 illa
726 3096 881 3160 parte
908 3103 1070 3158 quam
1108 3087 1402 3144 adversarii
1431 3089 1596 3156 relegi
1641 3089 1821 3143 volue-

1912 1883 2096 1929 sancta
2120 1874 2215 1929 Dei
2245 1874 2518 1930 Genitrice
2547 1884 2604 1931 et
2643 1892 2854 1948 semper
2881 1877 3087 1947 virgine
3115 1878 3284 1945 Maria
3331 1880 3507 1934 incar-

1914 1975 2098 2020 natum
2129 1976 2184 2021 et
2217 1967 2492 2022 hominem
2531 1967 2731 2023 factum
2769 1985 2890 2025 esse
2917 1970 3167 2039 abnegat,
3193 1971 3286 2026 sed
3317 1987 3505 2041 purum

1914 2058 2190 2113 hominem
2220 2075 2286 2114 ex
2334 2059 2450 2126 ipsa
2489 2069 2674 2115 natum
2707 2077 2826 2116 esse
2877 2062 3025 2130 dicit,
3058 2078 3216 2132 quem
3247 2064 3508 2133 templum

1915 2149 2175 2218 appellat,
2203 2158 2262 2203 ut
2285 2164 2353 2204 ex
2380 2150 2486 2205 hoc
2513 2149 2650 2205 alius
2674 2150 2818 2206 Deus
2840 2151 3078 2206 Verbum
3113 2162 3167 2207 et
3195 2155 3331 2208 alius
3358 2152 3509 2208 Chri-

1915 2253 2029 2298 stus
2072 2243 2421 2311 intelligatur,
2474 2252 2530 2299 et
2577 2253 2827 2300 sanctum
2883 2245 3163 2318 Cyrillum,
3211 2248 3303 2316 qui
3353 2255 3510 2302 rectae

1916 2335 2038 2389 tidei
2067 2335 2258 2391 doctor
2285 2344 2340 2391 et
2385 2336 2710 2406 prtedicator
2745 2339 2969 2411 exstitit,
3014 2347 3072 2394 ut
3119 2340 3430 2402 luereticum
3459 2351 3509 2396 et

1916 2429 2109 2484 similia
2155 2430 2448 2505 Apollinari
2478 2432 2804 2487 scribentem
2853 2433 3190 2498 criminatur,
3234 2441 3289 2487 et
3335 2434 3510 2503 culpat

1917 2522 2145 2592 primam
2175 2520 2502 2592 Ephesinam
2530 2523 2796 2592 synodum
2813 2531 3068 2595 tanquam
3098 2523 3214 2581 sine
3233 2524 3510 2579 examina—

1920 2616 2068 2670 tione
2098 2622 2153 2669 et
2195 2613 2545 2685 inquisitione
2594 2612 2903 2669 Nestorium
2946 2606 3437 2680 condemnaverit,'
3463 2627 3515 2671 et

1921 2705 2206 2760 duodecim
2233 2705 2466 2776 capitula
2497 2707 2669 2761 sancti
2710 2705 2892 2778 Cyrilli
2935 2706 3098 2778 impia
3145 2716 3200 2762 et
3246 2708 3512 2764 contraria

1919 2805 2068 2852 recta
2119 2796 2240 2852 ﬁdei
2289 2807 2449 2854 vocat
2500 2798 2688 2854 eadem
2745 2799 2996 2870 epistola,
3051 2799 3292 2856 defendit
3339 2811 3512 2858 autem

1923 2889 2268 2944 Theodorum
2298 2896 2353 2944 ct
2374 2889 2680 2945 Nestorium
2704 2901 2760 2946 et
2789 2893 2950 2962 impia
2972 2909 3160 2948 eorum
3185 2893 3439 2962 dogmata
3464 2902 3514 2950 el

1923 2982 2247 3052 conscripta.
2301 2981 2623 3040 Przedictam.
2675 2987 2837 3054 igitur
2882 2987 3166 3056 epistolam
3219 2988 3288 3041 ad
3331 2988 3516 3042 Marim

1926 3076 2150 3131 Persam
2180 3077 2697 3134 anathematizamus
2743 3088 2906 3148 atque
2949 3078 3286 3144 damnamus,
3330 3081 3382 3134 in
3417 3096 3518 3150 qua

223 3192 378 3252 runt,
421 3184 518 3239 sed
565 3199 632 3239 ex
680 3182 857 3237 Photii
898 3191 1061 3251 atque
1107 3180 1377 3236 Eustathii
1421 3181 1820 3252 episcoporum,
1849 3187 1896 3252 ο
1928 3169 2173 3226 nefandae
2196 3171 2442 3240 superius
2463 3171 2755 3240 designata:
2780 3171 3127 3240 blasphemia:
3155 3170 3519 3228 continentur.

227 3291 350 3346 quae
372 3276 519 3345 apud
547 3292 644 3332 eos
670 3283 792 3331 acta
817 3275 942 3340 sint,
975 3273 1240 3329 sententia
1279 3273 1606 3329 declaratur.

300 3367 494 3423 XXIV.
535 3367 700 3436 lgitur
734 3366 1099 3422 indubitanter
1137 3374 1362 3435 apparet
1399 3380 1465 3420 ex
1518 3365 1622 3420 illis
1660 3365 1824 3433 gestis

234 3475 351 3533 quas
379 3462 449 3516 ab
471 3460 791 3516 adversariis
814 3458 1021 3529 prolata
1041 3457 1261 3527 quidem
1289 3466 1434 3519 sunt,
1465 3458 1560 3513 sed
1587 3459 1825 3512 studiose

235 3567 332 3624 pro
375 3561 531 3624 parte
576 3566 879 3623 suppressa,
913 3547 1307 3605 Edessenorum
1349 3549 1630 3620 epistolam
1675 3549 1823 3605 lbam

239 3647 550 3717 episcopum
573 3661 673 3716 pro
702 3660 761 3700 se
790 3645 954 3712 relegi
987 3644 1318 3716 poposcisse,
1350 3649 1405 3698 et
1449 3643 1518 3698 de
1545 3644 1662 3713 ejus
1709 3644 1824 3714 cpi-

213 3725 385 3794 Istoke
433 3739 719 3810 rescripto,
765 3737 910 3807 quod
953 3736 1020 3805 ab
1067 3735 1377 3792 adversario
1423 3736 1689 3806 prolatum
1732 3736 1822 3803 sit,

241 3829 526 3888 Maximum
550 3831 942 3886 Antiochenum
962 3831 1275 3900 episcopum
1295 3843 1393 3884 sua
1413 3829 1828 3884 interlocutione

243 3918 452 3979 dixisse.
484 3920 654 3992 Cujus
682 3930 864 3976 autem
890 3921 1132 3991 epistola:
1160 3919 1458 3975 orthodoxa
1492 3922 1668 3991 potuit
1695 3936 1825 3991 pro-

244 4017 468 4072 nuntiari
509 4015 734 4072 dictatio
763 4015 916 4070 valde
953 4023 1036 4071 est
1083 4017 1328 4085 superius
1365 4016 1740 4085 approbatum.
1773 4024 1830 4071 et

244 4120 307 4163 ex
333 4106 438 4167 hoc
460 4109 803 4166 manifestius
830 4107 1110 4178 apparebit
1131 4109 1256 4177 quia
1278 4108 1332 4162 in
1358 4109 1681 4178 praecedenti
1704 4124 1829 4179 pro-

245 4203 517 4259 secutione
573 4217 671 4258 sua
719 4201 839 4258 lbas
883 4217 953 4256 ex
1007 4200 1404 4256 Edessenorum
1453 4202 1721 4272 rescripto
1775 4217 1833 4258 se

247 4297 466 4352 asseruit
485 4296 858 4354 orthodoxam
884 4295 1247 4367 comprobari.
1274 4294 1428 4350 Unde
1442 4303 1834 4366 consequenter

140 4401 152 4412 ·
247 4388 543 4446 orthodoxa
595 4391 817 4446 dietatio
864 4388 1104 4458 ejusdem
1152 4387 1540 4445 Edessenorum
1595 4389 1836 4460 epistolae

249 4479 382 4538 dicta
409 4493 517 4550 est,
546 4498 645 4555 per
669 4497 830 4555 quam
876 4492 930 4537 et
959 4483 1074 4553 ipse
1109 4497 1167 4537 se
1197 4481 1558 4538 orthodoxam
1607 4484 1763 4552 petiit
1802 4497 1834 4536 a

1929 3263 1998 3318 Et
2025 3264 2333 3334 quicunque
2371 3279 2436 3320 ea
2489 3278 2710 3335 quoquo
2749 3271 2994 3335 tempore
3035 3264 3326 3320 crediderit
3371 3264 3521 3320 acci-

1929 3356 2125 3428 pienda
2155 3357 2240 3412 vel
2266 3355 2625 3424 defendenda,
2652 3363 2745 3412 aut
2773 3365 3000 3412 conatus
3044 3356 3206 3411 fuerit
3234 3357 3519 3427 aliquando

1932 3455 2250 3519 praesentem
2279 3447 2682 3503 damnationem
2709 3448 3000 3514 resolvere,
3034 3448 3152 3518 pari
3181 3449 3522 3506 anathemate

1931 3541 2372 3597 condemnamus.
2405 3537 2514 3594 Eos
2535 3546 2714 3594 autem
2744 3540 2836 3609 qui
2861 3548 3213 3596 memoratam
3240 3539 3521 3610 epistoiam

1931 3633 2000 3688 ad
2036 3633 2226 3688 Marim
2271 3631 2490 3688 Persam
2530 3632 2836 3700 designatas
2879 3633 3125 3702 superius
3167 3632 3524 3703 blasphemiae.

1932 3726 2296 3782 continentem
2328 3742 2358 3781 a
2390 3733 2576 3782 sancta
2603 3725 3030 3782 Chalcedonensi
3073 3726 3280 3798 synodo
3321 3743 3354 3782 a
3391 3741 3522 3798 pra:-

1933 3817 2075 3873 senti
2106 3825 2374 3887 tempore,
2417 3813 2790 3872 innot'escente
2818 3818 2918 3872 sibi
2948 3818 3119 3873 nostri
3149 3818 3288 3873 serie
3326 3818 3522 3874 consti-

1934 3909 2058 3978 tuti,
2089 3910 2480 3966 contenderent
2508 3925 2628 3965 esse
2657 3919 2982 3980 susceptam,
3011 3911 3097 3966 vel
3136 3925 3168 3965 a
3203 3925 3525 3981 quocunque

1936 4002 2247 4059 eorumdem
2277 4001 2495 4058 Patrum
2522 4005 2572 4058 in
2599 4003 2940 4060 Chalcedona
2975 4005 3308 4060 residentum
3337 4005 3526 4060 ortho-

1936 4095 2135 4150 doxam
2163 4095 2571 4166 pronuntiatam
2600 4096 2845 4151 nituntur
2875 4105 3140 4163 astruere,
3168 4095 3283 4165 pari
3305 4096 3525 4151 anathe-

1936 4189 2098 4244 matis
2126 4204 2286 4260 paena
2316 4189 2685 4259 percellimus;
2715 4188 2970 4255 quoniam
3001 4202 3107 4240 non
3138 4186 3312 4240 solum
3340 4194 3527 4243 sancto

1939 4297 2003 4337 ac
2031 4280 2332 4336 rcverendo
2370 4276 2797 4333 Chalcedonensi
2843 4275 3073 4330 concilio
3121 4275 3364 4345 irrogare
3411 4290 3526 4332 Ino-

1940 4373 2142 4427 liuntur
2169 4372 2436 4440 injuriam,
2469 4385 2658 4424 verum
2687 4369 2852 4422 etiam
2881 4369 3188 4424 incentores
3218 4384 3282 4424 ac
3306 4383 3526 4426 renova-

1940 4472 2088 4521 tores
2113 4480 2171 4520 se
2211 4464 2372 4534 sopiti
2408 4463 2646 4519 scandali
2676 4461 3012 4532 proﬁtentur,
3065 4478 3164 4533 per
3205 4463 3352 4533 quod
3406 4463 3529 4518 uni-

250 4569 506 4642 iudicibus
533 4577 806 4642 testimari,
841 4584 895 4632 et
923 4591 1109 4631 eorum
1139 4575 1406 4630 sententia
1429 4584 1512 4630 est
1530 4574 1818 4630 declaratus

1939 4559 2163 4616 versalis
2191 4573 2376 4614 rursus
2410 4559 2628 4614 concuti
2668 4558 2836 4628 possit
2884 4555 3158 4624 Ecclesia;
3205 4566 3264 4612 ut
3291 4557 3529 4614 doctoris

251 4665 594 4726 orthodoxus.
643 4667 813 4724 Cedat
852 4669 1035 4738 itaque
1077 4667 1406 4738 impudentia
1452 4682 1830 4737 perversorum

252 4760 353 4814 tam
382 4760 732 4836 Eotychianm
772 4762 1234 4832 hierescos‘quam
1282 4762 1612 4819 Nestorianae
1639 4777 1834 4833 sequa-

253 4846 402 4916 cium,
443 4853 542 4924 qui
591 4853 841 4908 hmretiea
898 4853 1082 4908 fraude
1135 4854 1376 4908 nituntur
1413 4856 1642 4910 suadere
1687 4855 1834 4924 quod

252 4942 465 5008 quilibet
493 4948 550 5002 in
577 4946 1006 5002 Chalcedonensi
1045 4947 1253 5018 synodo
1289 4950 1532 5004 residens
1557 4951 1626 5005 de
1652 4950 1740 5004 illa
1765 4949 1832 5005 ad

253 5027 426 5093 Marim
451 5039 675 5095 Persam
706 5040 929 5112 epistola
956 5041 1120 5095 totius
1143 5039 1431 5112 impietatis
1457 5043 1612 5112 plena
1635 5042 1836 5113 aliquid

257 5129 603 5190 orthodoxum
641 5135 820 5191 dicere
867 5135 952 5192 vel
995 5138 1196 5193 sentire
1227 5138 1483 5208 potuerit.
1516 5135 1650 5191 Cum
1691 5137 1836 5192 enim

259 5214 372 5276 lbos
410 5227 692 5297 episcopus
736 5227 786 5281 in
825 5228 1089 5299 principio
1139 5244 1241 5299 pro
1291 5236 1489 5284 sanctae
1536 5228 1834 5284 Chalcedo-

257 5316 425 5372 nensis
447 5319 642 5390 synodi
671 5334 896 5374 examen
928 5321 1200 5388 ingressus
1222 5329 1322 5385 est,
1355 5321 1427 5374 ita
1463 5319 1617 5374 fuerit
1647 5335 1834 5390 prose-

259 5415 421 5477 cutus,
460 5412 679 5469 iicendo
709 5429 766 5469 se
789 5429 885 5485 per
915 5414 1236 5470 clericorum
1268 5414 1661 5469 Edessenorum
1705 5424 1836 5471 atte-

258 5500 530 5560 stationem
559 5507 880 5561 testimatum
921 5505 1083 5560 fuisse
1116 5505 1197 5559 vel
1238 5508 1488 5560 :estimari
1517 5508 1712 5561 debere
1740 5523 1835 5563 ca—

262 5587 526 5666 tholicum,
556 5600 696 5655 idem
723 5599 862 5670 apud
904 5599 1153 5653 Photium
1186 5607 1235 5652 et
1267 5599 1605 5653 Eustathinm
1635 5602 1838 5670 episco-

263 5695 352 5749 l’os
378 5693 439 5746 ad
470 5697 842 5763 purgationem
874 5711 1025 5748 suam
1057 5697 1248 5751 astruit
1296 5705 1550 5764 oportere
1591 5697 1838 5749 sufﬁcere

263 5781 394 5844 Quod
422 5790 653 5844 altestati
693 5790 803 5843 sint
841 5787 1098 5843 Edesseui
1138 5789 1321 5842 clerici
1351 5803 1445 5857 per
1472 5787 1838 5843 confessiones

265 5880 373 5946 αδδ,
397 5893 529 5958 quas
549 5881 619 5939 ad
648 5882 868 5941 eosdem
891 5884 1178 5958 episcopos
1208 5883 1559 5956 scripserunt,
1617 5898 1677 5940 se
1716 5897 1840 5942 esse

1940 4652 2182 4721 gentium
2239 4651 2486 4721 Apostoli
2533 4649 2677 4720 juste
2724 4649 3010 4705 videantur
3049 4648 3197 4705 feriri
3238 4649 3528 4713 sententia,

1940 4759 2060 4816 qua:
2088 4744 2218 4800 dicit
2246 4762 2260 4796 :
2296 4742 2512 4800 Utinam
2539 4749 2587 4796 et
2616 4741 2950 4796 absciduntur
2971 4743 3058 4813 qui
3097 4745 3184 4796 vos
3223 4741 3531 4797 conturbant

1943 4833 2140 4906 (Galat.
2175 4850 2228 4900 v,
2259 4834 2380 4901 4-2):

2012 4949 2199 5004 XXVI.
2245 4949 2483 5019 Expletis
2520 4961 2638 5017 quas
2684 4945 2753 5001 de
2796 4944 3053 5015 sopienda
3099 4944 3258 5015 primi
3310 4944 3532 5016 capituli

1941 5042 2258 5113 quaestione,
2293 5041 2342 5094 id
2374 5047 2455 5094 est
2484 5039 2552 5094 de
2577 5038 2800 5108 epistola
2831 5039 2898 5091 ad
2934 5036 3120 5091 Marim
3149 5035 3390 5103 Persam,
3428 5035 3532 5092 dis-

1941 5135 2167 5191 serenda
2196 5134 2282 5188 vel
2312 5132 2610 5186 deﬁnienda
2634 5140 2807 5196 erant,
2833 5144 3054 5185 necesse
3093 5130 3248 5185 nobis
3278 5137 3361 5183 est
3402 5129 3532 5198 quid

1941 5229 2008 5284 de
2037 5227 2323 5282 Theodoro
2358 5223 2794 5295 Mompsuesteno
2833 5222 3054 5293 ejusque
3082 5221 3238 5276 dictis
3274 5219 3533 5275 ecclesia-

1939 5325 2086 5381 stic-.e
2124 5323 2343 5379 unitatis
2369 5322 2512 5376 ratio
2539 5320 2626 5375 vel
2671 5319 2790 5374 lidei
2824 5335 2851 5373 a
2882 5317 3084 5374 sanctis
3126 5314 3371 5370 Patribus
3419 5321 3532 5369 tra-

1939 5417 2063 5470 dita:
2089 5416 2296 5470 cautela
2323 5414 2436 5468 iieri
2459 5412 2626 5480 exigit
2648 5412 2920 5481 expedire.
2945 5407 3331 5477 Perpendimus
3353 5407 3534 5476 itaque

1939 5509 2085 5579 quod
2109 5510 2266 5577 hujus
2295 5522 2508 5577 quoque
2551 5504 2862 5576 qua‘stionis
2892 5499 3168 5557 exordium
3220 5515 3285 5552 ex
3318 5497 3534 5553 haereti-

1940 5618 2126 5656 corum
2166 5615 2384 5656 emnoso
2427 5600 2575 5653 fonte
2617 5595 2929 5650 manaverit.
2978 5594 3111 5645 Cum
3150 5593 3290 5646 enim
3335 5592 3532 5647 Nesto-

1942 5696 2074 5749 Tlii'il
2120 5702 2243 5748 ruite
2296 5690 2479 5764 plures
2531 5705 2701 5744 annos
2749 5705 2852 5741 non
2905 5687 3141 5738 valerent
3200 5686 3360 5757 impia
3419 5684 3534 5754 ejus

1942 5787 2191 5855 dogmata
2228 5788 2325 5842 sub
2369 5786 2531 5855 ipsius
2563 5780 2800 5836 damnati
2848 5776 3075 5832 Nestorii
3127 5781 3344 5835 nomine
3399 5791 3536 5848 quo-

1941 5880 2188 5936 mundam
2235 5876 2479 5936 sensibus
2505 5866 2838 5945 decipiendis
2878 5869 3137 5944 inserere,
3188 5873 3314 5932 hinc
3356 5865 3539 5946 profe-
