3970 6508
487 296 589 354 173
1672 294 1896 353 VlGlLll
1934 292 2038 351 PP.
2077 291 2584 354 CONSTITUTUM.
2823 291 2833 334 ί
3655 302 3791 358 176

483 415 624 474 renti
649 402 1004 490 [profetendij
1022 420 1227 472 erroris
1265 414 1348 472 sui
1396 415 1854 488 opportunitatem
1880 414 2073 484 exqui-
2098 416 2151 476 Α
2175 412 2337 470 Verbi
2366 413 2435 470 ad
2458 413 2729 471 Christum
2758 413 2973 487 qualem
2993 415 3282 487 Apostolus
3309 418 3445 475 dixit
3469 418 3540 476 de
3567 420 3683 476 viro
3713 369 3821 479 et!

398 512 403 517 ’
484 511 604 566 sitis
630 508 902 564 fraudibus
932 509 1255 565 invenerunt
1275 518 1333 566 ut
1369 526 1439 567 ex
1463 510 1732 569 Theodori
1761 510 2070 582 Mompsue-

2186 504 2419 572 muliere,
2440 503 2611 559 Erunt
2638 506 2739 561 duo
2764 507 2821 561 in
2849 523 3003 561 carne
3021 523 3149 577 una,
3179 515 3234 563 et
3256 509 3399 579 quod
3427 518 3553 579 post
3578 526 3791 567 resur-

2170 596 2488 663 rectionem,
2538 612 2662 653 cum
2702 596 3027 655 insufﬁasset
3070 599 3328 657 Dominus
3374 601 3431 657 in
3478 602 3792 675 discipulis

2173 691 2227 740 et
2250 682 2492 752 dixisset,
2521 685 2754 758 Accipite
2782 686 3037 758 Spiritum
3071 698 3329 759 sanctum,
3358 705 3468 746 non
3506 690 3656 747 dedit
3681 696 3794 750 eis

2173 771 2431 843 Spiritum
2457 784 2719 832 sanctum.
2740 774 2857 834 Hoc
2876 792 3091 849 quoque
3115 794 3276 837 ausus
3300 791 3385 837 est
3407 783 3611 851 dicere,
3638 787 3791 855 quia

2174 868 2567 927 confessionem
2616 888 2781 943 quam
2829 873 2958 931 fecit
3004 875 3243 934 Thomas
3306 894 3430 936 cum
3486 882 3791 954 palpasset

2174 977 2367 1021 manus
2394 972 2450 1020 et
2479 964 2619 1023 latus
2647 966 2861 1024 Domini
2899 978 3024 1041 post
3049 974 3522 1043 resurrectionem,
3556 976 3789 1047 dicens,

2174 1051 2431 1109 Dominus
2476 1073 2616 1111 meus
2654 1066 2703 1112 et
2742 1058 2885 1114 Deus
2938 1077 3101 1128 meus,
3150 1078 3257 1119 non
3308 1080 3428 1121 esse
3481 1066 3685 1122 dictam
3745 1084 3788 1124 ει

483 604 625 661 steni
653 603 821 669 libris,
850 617 1013 673 quem
1029 602 1238 673 jactant
1269 605 1323 660 in
1348 621 1483 677 pace
1510 604 1766 662 Ecclesia:
1784 604 2066 671 defecisse,

482 696 646 767 ἱωρίίι
684 709 872 749 rursus
914 693 1149 751 Nestorii
1194 694 1449 766 dogmata
1494 697 1844 769 blasphemiis
1887 698 2072 752 imma-

481 790 725 847 nid‘ribus
768 790 1023 845 innovata
1076 789 1419 848 introducere
1464 791 1787 848 niterentur.
1829 789 2069 859 Quorum

480 898 691 942 venena
719 883 988 940 diuturnis
1018 883 1353 955 temporibus
1374 884 1588 940 occulte
1614 884 1904 955 serpentia,
1930 898 2072 939 nunc

480 984 673 1046 aperta
700 975 1037 1047 professione
1064 975 1361 1046 manantia,
1404 984 1621 1033 nostros
1648 986 1705 1032 et
1730 974 2072 1031 Christianis-

482 1066 607 1122 simi
665 1066 922 1137 principis
985 1066 1333 1135 omniumque
1383 1067 1808 1123 orthodoxorum
1864 1067 2073 1123 animos

483 1165 875 1228 permoverunt
920 1157 1315 1214 attendentium
1362 1174 1470 1215 non
1506 1174 1629 1217 esse
1655 1159 1879 1215 ulterius
1917 1158 2074 1214 diffe-

484 1248 652 1304 renda
699 1249 940 1305 remedia
969 1250 1084 1319 ubi,
1140 1266 1239 1321 per
1282 1252 1602 1323 patientiam
1647 1251 2075 1309 dissimulatione

484 1342 706 1410 nutrita,
740 1350 849 1398 tam
889 1344 1067 1413 magni
1119 1344 1247 1400 mali
1272 1344 1483 1401 videtur
1512 1349 1744 1404 crevisse
1786 1348 2071 1420 pernicies.

487 1433 603 1492 Hoc
634 1436 781 1492 enim
811 1445 1142 1493 memoratos
1177 1436 1527 1497 Nestorianos
1554 1441 1767 1512 publice
1808 1450 1864 1497 et
1899 1440 2076 1496 inces-

485 1534 670 1584 santer
725 1536 970 1584 astruere
1014 1528 1148 1584 nulli
1201 1530 1350 1586 venit
1392 1530 1449 1586 in
1497 1531 1743 1601 dubium,
1794 1532 2070 1589 dicentes:

487 1620 596 1678 Nos
622 1631 828 1692 patrem
858 1638 965 1677 non
994 1631 1107 1679 tam
1134 1622 1439 1681 Nestorium
1481 1640 1645 1697 quam
1689 1626 2077 1697 Mompsueste-

488 1729 617 1768 num
647 1713 989 1770 Theodorum
1013 1731 1357 1784 veneramur,
1389 1717 1614 1788 ejusque
1641 1718 1807 1774 libros
1830 1726 1943 1773 tota
1972 1732 2072 1773 no-

2175 1141 2383 1200 Thoma
2428 1144 2495 1201 de
2521 1146 2737 1203 Christo
2770 1150 2893 1220 (nec
2919 1150 3063 1206 enim
3090 1150 3220 1209 dicit
3246 1153 3563 1213 Theodorus
3591 1158 3787 1215 Deum

2176 1249 2298 1291 esse
2311 1234 2631 1312 Christum),
2655 1241 2751 1297 sed
2776 1242 2842 1297 ad
2870 1243 3185 1300 miraculum
3212 1250 3627 1307 resurrectionis
3655 1260 3789 1308 stu-

2176 1326 2447 1397 pefactum
2479 1327 2739 1386 Thomam
2767 1331 3096 1401 gloriﬁcasse
3122 1335 3295 1392 Deum
3321 1344 3377 1393 et
3405 1339 3509 1394 ista
3538 1340 3780 1399 dixisse.

2178 1415 2247 1473 Et
2275 1419 2421 1489 quod
2450 1419 2606 1491 pejus
2632 1430 2735 1490 est,
2763 1425 2928 1479 etiam
2958 1425 3012 1480 in
3042 1427 3491 1499 interpretatione
3520 1447 3686 1502 quam
3718 1435 3786 1490 in

2177 1507 2400 1566 Actibus
2419 1513 2786 1581 aposwlorum
2814 1516 3030 1588 scripsit
3071 1518 3213 1575 idem
3246 1520 3583 1588 Theodorus,
3614 1524 3785 1580 simi-

2178 1603 2284 1660 lem
2306 1604 2437 1662 fecit
2462 1604 2732 1663 Christum
2762 1606 2974 1667 Platoni
3004 1622 3060 1669 et
3094 1613 3385 1671 Manichzeo
3431 1626 3487 1671 et
3530 1616 3784 1689 Epicuro

2178 1706 2233 1752 et
2259 1695 2538 1766 Marcioni,
2570 1698 2754 1755 dicens
2780 1703 2928 1773 quod
2963 1703 3105 1761 sicut
3140 1705 3352 1760 illorum
3398 1710 3787 1780 unusquisque

487 1817 613 1864 strm
643 1807 933 1865 devotione
960 1810 1158 1865 mentis
1197 1811 1606 1881 amplectimur;
1641 1826 1742 1866 nec
1785 1810 1895 1865 erit
1932 1810 2078 1880 quis-
2107 1807 2156 1870 Β
2181 1803 2249 1881 ἓξ
2275 1788 2527 1881 dogma”
2554 1792 2699 1861 ‘1“0d
2725 1792 2930 1848 invenit
2957 1809 3086 1851 suos
3110 1794 3399 1866 discipulos
3430 1797 3562 1854 ίθθίί
3586 1802 3782 1855 vocari

487 1914 647 1969 quam
695 1901 788 1970 qui
851 1902 1003 1957 nobis
1062 1903 1326 1959 obsistere
1380 1900 1642 1975 [valeat],
1694 1919 1816 1957 cum
1881 1902 2074 1972 dogma

487 2002 732 2049 nostrum
761 1995 839 2051 sic
866 1996 1072 2065 antiqui
1101 1996 1343 2052 doctoris
1366 1996 1637 2052 Theodori
1664 1998 1865 2066 ubique
1892 1997 2071 2065 vulga-

487 2086 557 2142 tis
584 2086 863 2142 codicibus
892 2096 1182 2142 astruatur.
1232 2087 1473 2155 Quorum
1513 2087 1958 2143 Nestorianorum
1983 2103 2079 2143 vo-

486 2178 641 2233 cibus
669 2177 956 2235 n‘onnullus
987 2177 1240 2233 ineruditi
1286 2179 1429 2248 vulgi
1461 2194 1716 2235 numerus
1756 2179 2079 2250 quotidianis

490 2266 681 2323 diebus
706 2283 873 2339 prava
902 2268 1217 2326 seductione
1244 2270 1530 2341 decipitur.
1552 2270 1688 2327 Cum
1714 2284 1845 2341 ergo
1868 2279 2081 2327 constet

490 2360 721 2433 amplius
768 2376 867 2431 per
920 2359 1160 2418 defuncti
1204 2362 1477 2420 Theodori
1520 2380 1718 2421 nomen
1752 2373 1915 2435 atque
1956 2380 2082 2420 con-

490 2451 1062 2523 scripta‘Nestoriante
1097 2456 1319 2512 haeresis
1372 2472 1613 2513 errorem
1658 2458 1873 2530 populis
1911 2458 2081 2513 intro-

491 2542 627 2617 mitti
654 2552 817 2612 quam
842 2543 995 2599 vivus
1040 2547 1217 2615 potuit
1258 2546 1457 2602 inferre
1496 2547 1791 2617 Nestorius,
1834 2558 2080 2606 nontam

493 2616 829 2703 negligentia:
852 2651 1014 2706 quam
1044 2637 1401 2694 conhibentite
1426 2638 1711 2695 discrimen
1737 2640 1753 2712 [
1773 2642 1927 2713 forte,
1950 2657 2082 2697 con-

492 2725 745 2782 niventite
774 2728 1000 2802 crimen]
1048 2747 1149 2787 nos
1188 2732 1513 2788 credidimus
1558 2734 1893 2803 incursuros;
1926 2736 1971 2791 si
2000 2744 2081 2791 ta-

493 2833 619 2875 men
662 2823 977 2878 necessariae
1027 2823 1047 2895 (
1069 2826 1223 2895 forte,
1272 2825 1318 2880 si
1356 2832 1467 2879 tam
1510 2826 1859 2898 necessarim]
1907 2843 2083 2884 corre-

493 2910 709 2977 ctionis,
741 2927 901 2983 quam
923 2916 1276 2986 periclitantis
1302 2916 1557 2973 Ecclesia:
1577 2918 1906 2989 dispensatio
1930 2918 2082 2990 ﬂagi-

493 3010 591 3068 tat,
620 3004 821 3059 dilferri
843 3006 1068 3062 ulterius
1094 3008 1330 3064 remedia
1354 3018 1684 3080 pateremur.
1709 3010 1895 3080 Neque
1917 3013 2081 3079 enim,

492 3104 550 3151 ut
579 3099 797 3168 quidam
854 3101 1086 3157 inaniter
1132 3101 1500 3171 diﬁamabant,
1551 3104 1821 3160 Theodori
1859 3105 2084 3177 ejusque

2181 1878 2487 1937 Platonicos
2515 1890 2569 1937 et
2595 1881 2919 1940 Manichaeos
2955 1894 3012 1940 et
3056 1885 3348 1957 Epicureos
3389 1899 3446 1945 et
3486 1888 3785 1949 Marcioni-

2179 1982 2309 2040 stas,
2341 1975 2501 2030 simili
2528 1976 2687 2032 modo
2709 1985 2765 2033 et
2790 1993 2913 2033 cum
2941 1978 3189 2036 Christus
3218 1980 3413 2051 dogma
3448 1982 3781 2054 invenisset,

2181 2081 2249 2123 ex
2274 2067 2393 2136 ipso
2424 2066 2763 2125 Christianos
2795 2072 2999 2127 vocari.
3033 2072 3271 2139 Quarum
3313 2074 3781 2145 blasphemiarum

2180 2169 2247 2211 ex
2274 2155 2423 2212 libris
2445 2155 2715 2215 Theodori
2740 2158 3156 2231 Mompsuesteni
3178 2164 3529 2235 perversitate
3554 2176 3780 2238 reperta

2180 2248 2455 2305 evidenter
2476 2259 2701 2320 apparet
2724 2251 3007 2310 falsissime
3046 2256 3307 2325 quosdam
3335 2255 3583 2315 foventes
3627 2259 3781 2317 dicta

2182 2340 2457 2399 Theodori
2494 2344 2705 2414 opinari
2751 2346 2898 2417 quod
2937 2358 3269 2407 memoratus
3297 2350 3617 2409 Theodorus
3662 2370 3780 2410 non

2178 2435 2343 2491 fuerit
2369 2436 2426 2491 in
2450 2451 2549 2492 sua
2576 2437 2689 2493 vita
2717 2437 3025 2507 damnatus,
3053 2456 3177 2498 cum
3222 2445 3522 2515 perspectis
3568 2446 3781 2516 praede-

2179 2530 2413 2587 cessoris
2441 2530 2613 2586 nostri
2640 2531 2814 2586 beata;
2837 2533 3231 2590 recordationis
3259 2536 3476 2592 Damasi
3500 2537 3778 2609 synodali-

2180 2622 2283 2680 bus
2321 2623 2653 2692 constitutis,
2697 2637 2819 2693 qum
2864 2632 2990 2695 post
3034 2624 3311 2682 Nieacnum
3363 2629 3656 2684 concilium
3708 2630 3780 2685 de

2182 2710 2384 2782 Spiritu
2413 2721 2604 2769 sancto
2634 2715 2991 2771 tractantibus
3011 2722 3067 2772 et
3087 2719 3531 2775 convenientibus
3559 2721 3612 2774 in
3643 2722 3780 2777 urbe

2182 2805 2357 2863 Roma
2404 2808 2686 2865 catholicis
2740 2810 3010 2882 episcopis
3049 2819 3106 2867 et
3172 2812 3345 2867 beata:
3384 2814 3781 2870 recordationis

2186 2899 2470 2956 Ambrosio
2495 2899 2912 2959 Mediolanensis
2949 2903 3181 2960 civitatis
3208 2905 3449 2961 antistite
3473 2915 3599 2961 sunt
3633 2908 3780 2961 edita

2188 2992 2347 3060 longe
2389 3001 2678 3062 antequam
2744 2994 3062 3052 Theodorus
3111 2994 3543 3066 Mompsuestinze
3581 2997 3779 3070 [Mom-

2188 3082 2460 3155 psuestiae]
2488 3083 2725 3141 ofﬁcium
2754 3088 3094 3158 episcopatus
3132 3097 3453 3157 assumeret,
3505 3089 3777 3144 invenire-

493 3187 763 3246 tlictorum
793 3194 994 3261 poterit
1020 3195 1356 3249 excusationi
1386 3194 1652 3264 proiicere
1680 3196 1827 3265 quod
1867 3196 1921 3251 in
1973 3199 2087 3267 epi—
2112 3191 2159 3255 C
2190 3192 2311 3231 "m5
2334 3177 2642 3246 ΡῙθηίδδίωθ
2656 3178 2935 3234 demum“
2954 3194 3049 3234 eos
3068 3180 3159 3249 qui
3179 3179 3314 3235 duos
3329 3178 3467 3234 ﬁlios
3484 3177 3778 3247 “ﬁrmanti

494 3279 635 3335 stola
663 3280 730 3334 ad
762 3280 950 3335 Marim
978 3280 1198 3337 Persam
1228 3299 1426 3338 nomen
1470 3283 1745 3341 Theodori
1771 3285 1860 3342 vel
1888 3288 2086 3358 scripta

496 3368 615 3437 ejus
660 3369 914 3424 videntur
963 3371 1181 3440 copiose
1226 3371 1455 3446 laudari,
1504 3387 1626 3427 cum
1673 3381 1728 3428 et
1762 3376 2089 3444 prmcedenti

499 3460 797 3515 assertione
817 3461 1187 3531 multipliciter
1206 3462 1367 3517 fuerit
1395 3462 1822 3520 demonstratum
1842 3466 2087 3523 eamdem

500 3552 807 3622 epistolam,
830 3553 969 3609 sicut
997 3569 1027 3607 a
1059 3554 1236 3623 nobis,
1267 3555 1340 3609 ita
1371 3563 1425 3610 et
1453 3570 1484 3610 a
1514 3557 1715 3612 sanctis
1747 3556 1998 3615 Patribus
2036 3560 2089 3615 in

501 3644 845 3702 Chalcedona
894 3648 1254 3705 residentibus
1306 3649 1451 3720 juste
1492 3651 1836 3722 damnatam,
1882 3661 1938 3708 et
1984 3654 2089 3710 hoc

502 3737 682 3805 potius
696 3738 760 3792 ad
786 3739 1050 3794 malorum
1063 3738 1334 3795 Theodori
1348 3742 1863 3801 demonstrationem
1877 3745 2090 3801 abunde

502 3827 733 3883 sufliciat
756 3826 906 3899 quod
953 3830 1060 3885 illic
1102 3847 1300 3887 nomen
1346 3835 1652 3906 scriptaque
1708 3835 1827 3906 ejus
1873 3838 2089 3893 laudata

500 3930 627 3976 sunt
655 3923 745 3978 ubi
774 3924 964 3979 beatus
993 3924 1220 3996 Cyrillus
1259 3934 1315 3981 et
1341 3924 1607 3997 Ephesina
1634 3930 1808 4000 prima
1856 3930 2091 4000 synodus

502 4010 865 4083 impugnatur.
899 4014 1029 4083 Qua:
1051 4033 1170 4073 cum
1198 4018 1271 4072 ita
1294 4018 1421 4085 sint,
1452 4035 1561 4075 non
1585 4028 1767 4075 tamen
1789 4021 2090 4077 destitimus

502 4118 597 4173 per
622 4103 891 4163 ﬁdeliores
935 4108 1257 4179 interpretes
1306 4110 1503 4179 scripta
1532 4109 1776 4179 ejusdem
1816 4110 2090 4170 Theodori

501 4197 827 4263 perscrutari
851 4238 866 4263 ,
902 4199 1146 4267 quamvis
1174 4198 1330 4255 nobis
1351 4207 1407 4254 et
1437 4207 1564 4253 ante
1592 4208 1865 4271 utcunque
1892 4200 2093 4258 fuerint

501 4288 790 4355 publicata.
820 4289 903 4345 Ex
930 4308 1037 4362 quo
1069 4308 1213 4348 nunc
1255 4291 1552 4363 perclaruit
1593 4292 1919 4350 lucidissima
1948 4296 2091 4352 veri-

502 4384 615 4433 tate
642 4382 883 4449 prmdicti
914 4380 1181 4438 Theodori
1213 4382 1630 4455 Mompsuesteni
1655 4385 1792 4442 libro
1819 4388 2090 4443 contraria

504 4479 652 4526 recta
681 4471 804 4527 ﬁdei
833 4482 888 4527 et
914 4484 1221 4531 sanctorum
1251 4475 1471 4533 Patrum
1500 4479 1779 4534 continere
1807 4480 2085 4537 doctrinis.

2192 3282 2357 3321 unum
2398 3275 2526 3322 ante
2565 3269 2769 3337 secula,
2812 3275 2871 3323 et
2899 3268 3129 3324 alterum
3174 3278 3299 3340 post
3345 3270 3780 3340 assumptioncm

2190 3363 2368 3418 carnis
2396 3378 2464 3418 ex
2492 3362 2725 3433 Virgine,
2762 3365 2903 3419 sicut
2947 3365 3193 3437 superius
3238 3364 3580 3423 Theodorum
3628 3383 3783 3425 asse-

2190 3454 2367 3510 ruisse
2388 3462 2747 3509 monstratum
2771 3462 2875 3520 est,
2900 3456 3259 3512 anathematis
3282 3472 3442 3528 poena
3469 3473 3779 3528 percussos.

2198 3544 2295 3601 Ubi
2326 3562 2437 3602 non
2464 3546 2641 3602 solum
2667 3546 2744 3602 illi
2788 3549 2881 3617 qui
2910 3548 3103 3604 eodem
3133 3556 3375 3620 tempore
3419 3550 3588 3621 ipsius
3628 3561 3782 3607 erant

2192 3639 2411 3696 haeresis
2439 3647 2758 3707 sectatores,
2791 3655 2981 3695 verum
3008 3641 3172 3695 etiam
3210 3642 3285 3696 illi
3314 3642 3405 3711 qui
3444 3642 3783 3699 succedenti-

2190 3731 2292 3787 bus
2314 3731 2652 3802 temporibus
2680 3732 2931 3786 eumdem
2960 3742 3315 3802 sequerentur
3343 3747 3603 3799 errorem,
3640 3733 3783 3803 ejus-

2192 3823 2317 3879 dem
2362 3823 2721 3877 anatbematis
2760 3822 2986 3879 vinculis
3024 3824 3367 3893 reperiuntur
3410 3824 3637 3880 astricti.
3684 3825 3784 3883 Cui

2192 3915 2528 3972 damnationi
2548 3914 2891 3972 Theodorum
2911 3931 3124 3987 quoque
3144 3916 3538 3988 Mompsuestiae
3561 3934 3784 3975 necesse

2192 4018 2275 4065 est
2299 4008 2464 4065 fuisse
2483 4010 2804 4081 subjectum,
2834 4011 2927 4080 qui
2956 4012 3333 4081 prmdamnatm
3360 4012 3581 4068 haeresis
3607 4023 3785 4069 secta-

2193 4110 2281 4157 tor
2309 4111 2365 4158 et
2388 4102 2713 4172 praedicator
2740 4100 2964 4159 eﬁ‘ectus
2990 4110 3094 4159 est.
3124 4102 3309 4174 Neque
3335 4105 3480 4159 enim
3507 4106 3670 4161 aliter
3690 4122 3785 4163 eos

2191 4209 2329 4265 quos
2351 4210 2495 4251 nunc
2525 4196 2579 4249 in
2600 4195 2857 4250 Arianam
2884 4194 2971 4251 vel
3000 4194 3056 4250 in
3085 4196 3243 4250 aliam
3264 4198 3559 4268 quamlibet
3608 4201 3785 4255 haere-

2193 4301 2305 4342 sem
2349 4286 2647 4357 reperimus
2693 4286 3020 4357 implicatos,
3062 4287 3176 4357 jam
3222 4290 3581 4346 anathematis
3625 4307 3783 4362 poma

2194 4377 2477 4433 damnatos
2506 4379 2799 4449 accipimus
2836 4379 2940 4434 nisi
2968 4380 3093 4451 quia
3135 4379 3189 4435 in
3238 4382 3620 4451 praedamnatis
3648 4398 3785 4453 quos

2194 4476 2472 4525 sectantur
2500 4470 2774 4525 erroribus
2795 4466 3138 4526 inveniuntur
3158 4471 3258 4543 ipsi
3279 4487 3495 4543 quoque
3518 4473 3778 4529 damnati.

508 4558 658 4616 Unde
686 4572 743 4617 et
778 4565 949 4618 sancti
999 4565 1185 4622 Patres
1212 4577 1400 4624 contra
1428 4585 1552 4624 eum
1597 4570 1914 4638 scribentes,
1964 4586 2083 4628 suos

2195 4559 2307 4617 Nec
2334 4561 2464 4616 illud
2493 4561 2846 4617 omittendum
2874 4576 2993 4617 esse
3020 4563 3394 4633 perSpicimus,
3435 4564 3581 4632 quod
3608 4563 3665 4618 bi
3693 4566 3784 4636 qui

504 4652 673 4708 libros
701 4654 771 4708 ad
796 4656 1205 4712 instructionem
1233 4667 1430 4714 sanetae
1454 4657 1707 4716 Ecclesiae
1735 4662 2085 4733 reliquerunt.

502 4740 639 4798 Nam
686 4745 830 4801 inter
868 4746 1001 4804 alias
1045 4747 1408 4819 blasphemias
1435 4750 1717 4806 evidenter
1742 4765 1866 4806 eum
1893 4752 2092 4810 dixisse

503 4839 871 4909 comperimus
899 4840 1062 4895 alium
1084 4855 1203 4896 esse
1227 4841 1397 4896 Deum
1420 4841 1659 4899 Verbum
1683 4850 1738 4898 et
1763 4844 1927 4898 alium
1947 4845 2093 4902 Chri-

502 4937 646 4987 stum
676 4946 710 4986 a
746 4931 1083 5002 passionibus
1110 4931 1299 4987 animm
1331 4940 1387 4987 et
1412 4933 1693 4990 desideriis
1716 4935 1894 4991 carnis
1920 4937 2094 4993 mole-

501 5023 636 5081 stias
654 5023 975 5095 patientem,
1000 5029 1057 5080 ct
1083 5039 1116 5079 a
1144 5022 1506 5081 deterioribus
1547 5024 1807 5095 paulatim
1836 5026 2095 5084 receden-

502 5125 634 5184 tem,
667 5117 737 5173 ad
760 5115 986 5173 meliora
1009 5114 1256 5187 profectu
1276 5130 1505 5187 operum
1528 5117 1860 5188 pervenisse,
1885 5125 1943 5174 et
1964 5134 2094 5175 con-

501 5207 1239 5268 versatione-immaculatum
1276 5206 1498 5275 factum,
1527 5216 1584 5265 et
1610 5216 1862 5280 tanquam
1900 5225 2095 5280 purum
2132 5258 2135 5259 ν

2197 4652 2255 4709 in
2278 4654 2389 4709 suis
2415 4652 2568 4710 libris
2590 4668 2655 4709 ac
2678 4652 3135 4723 disputationibus
3160 4652 3295 4709 duos
3333 4651 3470 4709 ﬁlios
3492 4653 3643 4710 credi
3685 4655 3783 4711 do-

2199 4755 2343 4813 cent,
2368 4753 2566 4817 negent
2592 4753 2771 4803 tamen
2799 4762 2860 4803 se
2903 4746 3039 4803 duos
3067 4747 3206 4803 ﬁlios
3246 4746 3505 4818 proﬁteri,
3535 4764 3662 4806 eum
3708 4750 3785 4805 eis

2201 4839 2333 4896 nihil
2356 4839 2528 4910 prosit
2554 4839 2660 4895 hoc
2693 4839 2877 4895 vacuis
2904 4853 3106 4910 negare
3133 4840 3471 4897 sermonibus
3497 4842 3644 4912 quod
3684 4842 3784 4898 do~

2201 4933 2320 4989 lose
2364 4947 2464 5003 per
2519 4946 2615 4987 sua
2668 4931 2941 5003 dogmata,
2996 4934 3147 4990 libris
3187 4934 3350 4989 etiam
3394 4934 3784 4990 convincuntur

2204 5032 2465 5081 astruere.
2497 5024 2589 5081 Sic
2614 5027 2814 5082 etenim
2834 5027 3130 5097 Nestorius,
3162 5036 3222 5084 ut
3243 5030 3486 5100 superius
3504 5028 3618 5100 jam
3641 5028 3779 5085 dixi-

2196 5131 2338 5185 mus,
2363 5115 2499 5171 duas
2526 5124 2766 5185 naturas,
2796 5134 2961 5174 unum
2995 5118 3193 5175 Filium
3231 5135 3292 5176 se
3322 5119 3578 5177 simulans
3620 5119 3781 5176 conﬁ-

2195 5207 2320 5273 teri,
2371 5214 2427 5263 et
2465 5207 2695 5263 alterum
2732 5224 2852 5265 esse
2879 5210 2971 5280 qui
3013 5226 3081 5267 ex
3124 5211 3237 5267 Deo
3284 5210 3444 5267 Patre
3492 5221 3649 5269 natus
3677 5220 3774 5277 est,

501 5303 779 5360 hominem
852 5304 1181 5374 baptizatum
1233 5319 1353 5362 esse
1426 5307 1482 5361 in
1546 5307 1765 5364 nomine
1827 5306 2001 5365 Patris
2041 5317 2099 5366 et
2194 5304 2426 5360 alterum
2453 5304 2547 5373 qui
2589 5319 2659 5359 ex
2700 5304 2919 5374 Virgine
2958 5313 3131 5362 matre
3170 5307 3502 5377 progenitus,
3560 5308 3616 5363 in
3670 5307 3776 5363 suis

500 5393 625 5451 Filii
668 5402 725 5451 et
760 5394 993 5466 Spiritus
1031 5397 1222 5465 sancti,
1275 5406 1332 5454 et
1373 5413 1474 5470 per
1498 5398 1822 5470 baptismum
1867 5402 2094 5471 gratiam

500 5489 677 5546 sancti
705 5487 936 5560 Spiritus
956 5489 1249 5560 accepisse,
1295 5500 1351 5547 et
1393 5490 1758 5549 afﬁliationem
1805 5495 2088 5563 meruisse,

500 5588 561 5640 et
586 5581 657 5637 ad
696 5582 997 5653 imperialis
1026 5583 1271 5653 imaginis
1298 5584 1704 5642 similitudinem
1750 5586 1807 5640 in
1854 5600 2089 5656 persona

498 5673 599 5731 Dei
628 5672 793 5729 Verbi
820 5671 1092 5731 Christum
1120 5675 1359 5745 adorari,
1389 5684 1445 5735 et
1488 5685 1613 5749 post
1633 5678 2087 5735 resurrectionem

501 5762 892 5821 immutabilem
918 5765 1333 5835 cogitationibus
1362 5774 1418 5823 et
1435 5767 1657 5824 omnino
1685 5767 2087 5838 impeccabilem

502 5858 724 5919 factum.
760 5858 903 5917 Dixit
928 5860 1091 5921 etiam
1121 5861 1283 5920 talem
1313 5860 1510 5920 factam
1527 5875 1647 5920 esse
1673 5860 1971 5921 unitioncm
1993 5861 2087 5920 Dei

2196 5395 2648 5468 disputationibus
2676 5397 2823 5452 omni
2850 5396 3050 5454 fraudis
3077 5397 3377 5456 intentione
3400 5400 3627 5456 suadere
3654 5415 3775 5471 per-

2191 5490 2408 5560 sistens,
2438 5506 2546 5546 non
2576 5489 2752 5561 potuit
2793 5490 2986 5548 debitae
3030 5506 3246 5563 pmnam
3286 5491 3647 5550 damnationis
3696 5491 3772 5549 ef-

2191 5583 2397 5654 fugere,
2429 5598 2530 5639 nec
2551 5597 2674 5637 eum
2702 5582 2932 5639 liberare
2950 5584 3121 5640 valuit
3146 5585 3237 5640 illa
3259 5584 3417 5641 unius
3442 5584 3565 5641 Filii
3590 5584 3773 5642 dolosa

2192 5675 2474 5747 professio,
2507 5674 2658 5745 cujus
2702 5674 2845 5730 aliud
2895 5675 3319 5732 convincebatur
3359 5677 3639 5734 continere
3680 5678 3772 5734 do-

2193 5769 2404 5825 ctrina:
2436 5769 2563 5838 quia
2606 5770 2975 5839 perversitatis
3019 5769 3325 5840 bujusmodi
3372 5780 3669 5827 sectatores
3710 5782 3766 5824 se

2192 5863 2320 5937 ipsis
2374 5862 2668 5935 puniuntur
2715 5863 3053 5932 auctoribus;
3100 5864 3192 5935 qui
3248 5864 3392 5937 quod
3450 5864 3768 5928 erubescunt
