4018 6340
122 5507 156 5532 ’ν

123 5541 152 5576 ’ί

193 340 298 407 177

1253 341 1626 408 JUSTINIANI
1663 349 1790 408 ΠΒ.
1832 345 1989 409 ADV.
2031 341 2409 407 ORIGENEM.

3358 348 3466 412 I78

179 463 442 541 proﬁteri,
474 464 670 521 docere
697 479 806 520 non
833 462 1103 534 desinunt,
1127 473 1182 522 ct
1211 481 1328 537 qua:
1356 464 1624 537 loquenda
1664 480 1763 520 ne-
1791 467 1842 529 Α
1869 479 1988 537 quae
2015 464 2212 521 dicitur
2251 463 2355 520 Iba:
2384 457 2454 518 ad
2490 455 2678 519 Marim
2723 456 2963 534 Persam,
2996 465 3049 522 in
3071 481 3176 538 qua
3221 467 3469 526 nefandae

180 565 327 632 μω,
359 557 585 627 legenda
612 573 718 614 non
745 558 986 615 scribunt
1007 568 1052 614 ι.

249 648 459 705 XXVII.
500 648 608 706 Pro
636 651 720 705 his
740 650 900 721 igitur
919 651 1170 708 omnibus
1193 650 1436 708 Ecclesia
1455 648 1775 706 universalis

182 750 439 814 agnoscat
465 741 620 812 cujus
648 741 889 811 utilitati,
934 758 1004 800 ne
1029 743 1228 799 Christi
1275 743 1370 799 Dei
1403 742 1574 798 nostri
1622 741 1775 812 plebs

181 833 412 904 amplius
435 835 745 898 seducatur,
780 843 964 892 nostra
992 835 1160 892 servit
1188 835 1438 891 intentio.
1470 834 1641 901 Quam
1671 831 1776 888 uti-

181 924 391 982 litatem
421 940 520 997 per
541 924 811 982 Theodori
837 941 1035 982 nomen
1058 935 1222 998 atque
1245 927 1446 998 scripta
1472 925 1590 981 ltedi
1609 939 1776 996 supra

183 1017 525 1074 meminimus
541 1015 688 1088 juste
707 1033 808 1075 nos
837 1025 893 1074 et
918 1019 1035 1074 sine
1063 1019 1241 1089 aliqua
1266 1018 1688 1090 reprehensione
1707 1015 1778 1072 ad

184 1125 390 1182 eaquae
419 1111 673 1180 praesenti
722 1111 1046 1167 auctoritate
1085 1111 1372 1166 statuimus
1408 1108 1773 1166 descendisse.

181 1199 249 1258 Et
272 1202 398 1258 ideo
429 1202 856 1259 condemnamus
885 1211 941 1259 et
968 1203 1484 1259 anathematizamus
1529 1201 1780 1258 similiter

184 1294 620 1350 Idalios-omnes
647 1294 928 1351 hmrcticos
956 1311 1094 1366 quos
1119 1295 1511 1352 condemnatos
1547 1303 1604 1352 et
1643 1309 1777 1350 ana-

183 1384 564 1442 thematizatos
603 1395 819 1442 constat
863 1402 893 1442 a
943 1387 1144 1444 sanctis
1171 1398 1402 1460 quatuor
1433 1387 1678 1445 conciliis
1725 1396 1780 1444 et

183 1494 214 1533 a
252 1479 526 1535 catholica
561 1477 822 1548 Ecclesia,
856 1488 911 1536 et
952 1480 1319 1549 Theodorum,
1368 1482 1461 1554 qui
1507 1485 1779 1552 quondam

181 1570 583 1644 Mompsuestiaa
604 1572 890 1644 episcopus
911 1573 1031 1640 fuit,
1053 1581 1109 1630 et
1137 1573 1254 1644 ejus
1282 1574 1444 1645 impia
1475 1563 1781 1646 conscripta

182 1662 556 1730 nihilominus,
591 1673 647 1719 et
685 1679 804 1734 quae
840 1664 1202 1722 Theodoritus
1227 1667 1550 1738 conscripsit
1590 1675 1780 1724 contra

183 1762 388 1812 rectam
417 1754 579 1810 Iidem
609 1764 666 1811 ct
693 1764 884 1812 contra
910 1756 1194 1813 duodecim
1218 1757 1392 1813 sancti
1418 1757 1602 1830 Cyrilli
1629 1757 1780 1829 capi-

1874 557 2124 628 superius
2150 556 2446 626 designata:
2470 554 2819 627 blasphemia:
2846 557 3211 626 continentur,
3260 568 3316 615 et
3361 560 3469 615 im-

1873 652 2022 723 pium
2050 651 2391 708 Theodorum
2417 650 2910 722 Mompsuestenum
2930 665 3053 708 cum
3081 649 3327 712 nefandis
3351 651 3471 726 ejus

1875 742 2214 813 conscriptis,
2244 751 2300 797 et
2321 757 2441 813 qua:
2468 741 2633 813 impie
2652 741 3012 800 Theodoritus
3040 734 3378 816 conscripsit.
3402 743 3474 802 Et

1874 835 2183 906 quicunque
2209 850 2274 890 ea
2300 849 2518 906 quoquo
2549 843 2794 906 tempore
2822 834 3118 892 crediderit
3151 835 3472 908 accipienda

1875 925 1964 982 vel
1985 925 2299 991 deferenda,
2330 934 2425 980 aut
2451 934 2678 982 conatus
2711 925 2874 982 fuerit
2899 927 3191 998 aliquando
3231 943 3475 1000 prmseu-

1877 1028 1992 1078 tem
2019 1005 2420 1077 damnationem
2451 1022 2743 1089 resolvere,
2787 1023 2908 1094 pari
2948 1023 3295 1080 anathemate
3341 1039 3475 1081 con-

1877 1109 2213 1166 demnamus.
2270 1109 2380 1166 Eos
2433 1119 2613 1166 autem
2668 1109 2760 1182 qui
2824 1119 3210 1168 conservantes
3264 1121 3477 1170 rectam

1880 1199 2039 1256 ﬁdem
2087 1201 2354 1272 praedictis
2396 1208 2630 1272 quatuor
2676 1201 2896 1274 synodis
2942 1203 3312 1275 przedicatam,
3359 1220 3479 1262 me-

1879 1299 2090 1348 morata
2112 1291 2214 1346 tria
2240 1291 2473 1362 capitula
2504 1291 2894 1366 damnaverunt
2921 1293 3008 1350 vel
3036 1292 3314 1360 damnant,
3363 1293 3476 1351 fra-

1880 1393 1992 1442 tres
2028 1393 2083 1441 et
2138 1384 2558 1442 consacerdotes
2603 1385 2883 1442 habemus.
2940 1386 3287 1458 Quaecunque
3344 1402 3481 1444 vero

1880 1477 1995 1534 sive
2033 1492 2158 1533 meo
2203 1476 2426 1533 nomine
2462 1475 2578 1532 sive
2605 1477 2972 1546 quorumlibet
3016 1494 3118 1550 pro
3164 1477 3483 1536 defensione

1881 1577 2305 1626 memoratorum
2334 1569 2497 1624 trium
2521 1568 2883 1639 capitulorum
2921 1571 3134 1641 prolata
3161 1569 3364 1627 fuerint
3394 1569 3484 1629 vel

1882 1662 2192 1734 ubicunque
2215 1670 2450 1734 reperta,
2484 1662 2763 1733 praesentis
2793 1663 2964 1719 nostri
3004 1662 3307 1734 plenissimi
3347 1677 3484 1719 con-

1882 1755 2057 1810 stituti
2088 1754 2414 1811 auctoritate
2439 1769 2752 1812 vacuamus.
2793 1755 2937 1821 Quas
2965 1771 3154 1812 omnes
3174 1744 3486 1826 designatas

183 1847 292 1904 tula
320 1857 378 1904 et
402 1858 593 1905 contra
621 1850 851 1920 primam
889 1850 1156 1924 synodum
1190 1849 1538 1922 Ephesinam,
1579 1859 1636 1908 et
1662 1865 1783 1922 quae
1812 1847 1862 1911 Β
1887 1848 2255 1920 blasphemias
2278 1847 2419 1903 absit
2440 1848 2508 1904 ab
2530 1847 2821 1904 universali
2850 1847 3088 1904 Ecclesia
3112 1856 3173 1904 ut
3195 1849 3485 1918 quisquam

185 1941 252 1998 ad
279 1942 654 2000 defensionem
686 1942 958 2001 Theodori
1005 1952 1060 2000 et
1103 1942 1338 2000 Nestorii
1377 1945 1446 2000 ab
1474 1959 1541 2000 eo
1579 1943 1780 2015 scripta

183 2044 311 2091 sunt
336 2053 351 2090 :
377 2036 506 2106 quia
530 2052 629 2107 pro
651 2035 678 2075 δ
709 2037 1090 2094 ecclesiasticae
1139 2037 1386 2094 utilitatis
1414 2052 1577 2094 causa
1615 2053 1783 2110 popo-

181 2128 289 2186 scit
312 2128 482 2184 etiam
504 2139 802 2186 memorata
833 2129 1148 2188 Theodoriti
1177 2131 1379 2202 scripta
1416 2130 1682 2198 damnari,
1712 2145 1782 2187 eo

179 2223 338 2293 quod
363 2236 505 2294 saepe
527 2223 655 2279 dicti
681 2224 989 2280 Nestoriani
1014 2225 1112 2283 sub
1135 2224 1252 2296 ejus
1280 2225 1520 2298 episcopi
1538 2225 1781 2294 nomine,

179 2315 284 2385 qui
319 2329 347 2369 a
375 2315 544 2370 beata:
575 2317 972 2374 recordationis
1018 2316 1202 2374 Leone
1239 2333 1380 2389 papa
1424 2325 1480 2374 et
1527 2333 1558 2372 a
1593 2325 1783 2374 sancta

178 2403 616 2464 Chalcedonensi
638 2407 848 2480 synodo
869 2409 1064 2479 legitur
1082 2409 1246 2466 fuisse
1267 2417 1568 2480 susceptus,
1591 2409 1784 2464 eadem

176 2497 393 2568 scripta
423 2497 489 2554 ad
528 2499 802 2556 astruendi
846 2502 931 2556 sui
978 2501 1180 2558 erroris
1227 2500 1482 2557 videntur
1527 2499 1787 2556 adhibere

175 2585 524 2659 suﬂ‘ragium,
559 2607 668 2647 non
706 2591 1032 2663 aspicientes
1055 2593 1202 2664 quod
1242 2608 1352 2650 non
1391 2592 1568 2650 solum
1612 2591 1787 2649 sancti

172 2676 382 2738 Patres
412 2682 468 2738 in
496 2681 843 2741 Chalcedona
873 2686 1207 2756 congregati,
1249 2685 1507 2743 damnato
1535 2686 1787 2744 Nestorio

169 2788 308 2828 cum
339 2776 453 2832 suis
474 2776 832 2849 dogmatibus,
863 2789 919 2836 et
943 2781 1046 2838 ista
1074 2781 1471 2850 damnaverint,
1501 2784 1595 2840 sed
1623 2783 1788 2840 etiam

168 2863 302 2934 ipse
335 2867 622 2941 episcopus
665 2869 1026 2929 Theodoritus
1052 2874 1237 2930 omnia
1281 2874 1426 2931 dicta
1467 2891 1588 2946 qum
1643 2875 1790 2932 beati

166 2953 373 3028 (ΣπὶΠί
401 2958 457 3014 in
487 2958 758 3032 Ephesina
786 2965 960 3035 prima
999 2965 1264 3037 expositis
1303 2967 1623 3023 videbantur
1659 2982 1792 3024 con-

165 3051 356 3108 traire
386 3052 754 3123 dogmatibus,
799 3057 855 3112 in
897 3067 1084 3114 sancta
1124 3057 1553 3114 Chalcedonensi
1581 3058 1793 3130 synodo

168 3155 380 3218 aperta
410 3146 753 3218 professione
782 3151 1072 3221 respuerit,
1109 3159 1166 3208 et
1192 3151 1493 3224 susceperit
1518 3150 1790 3208 deﬁnitio-

1883 1941 2176 2014 prtedictas
2203 1947 2436 2011 quatuor
2460 1939 2698 2012 synodos
2733 1939 2821 1996 vel
2849 1955 3011 1995 unam
3040 1955 3110 1996 ex
3151 1939 3232 1995 eis
3275 1943 3486 1995 asserat

1884 2031 2186 2104 suscepisse
2213 2031 2302 2087 vel
2345 2045 2442 2086 eos
2486 2030 2580 2101 qui
2627 2029 2756 2085 talia
2784 2039 3082 2102 sapuerunt
3123 2037 3283 2100 atque
3310 2029 3487 2086 secuti

1883 2131 2028 2191 sunt,
2056 2139 2178 2181 cum
2203 2129 2418 2179 constet
2441 2137 2476 2177 a
2503 2121 2706 2178 sanctis
2749 2121 3065 2177 memoratis
3107 2119 3383 2189 Patribus,
3429 2127 3488 2177 et

1884 2215 2118 2272 maxime
2144 2230 2176 2270 a
2202 2221 2394 2271 sancto
2419 2211 2852 2270 Chalcedonensi
2876 2211 3130 2279 concilio,
3168 2211 3374 2268 nullum
3415 2211 3486 2269 de

1885 2325 1996 2382 quo
2024 2308 2126 2365 fuit
2151 2307 2390 2380 suspicio
2418 2306 2586 2363 fuisse
2615 2313 2926 2378 susceptum
2954 2305 3059 2360 nisi
3099 2305 3194 2376 qui
3240 2308 3488 2378 superius

1884 2399 2198 2470 designatas
2224 2395 2590 2468 blasphemias
2616 2395 2705 2452 vel
2749 2395 2835 2451 his
2874 2395 3070 2451 similia
3100 2402 3192 2450 aut
3235 2396 3489 2454 hmresim

1885 2491 1955 2549 de
1993 2505 2102 2562 qua
2147 2498 2430 2562 suspectus
2470 2485 2573 2543 fuit
2599 2488 2828 2560 respuit,
2871 2495 2964 2542 aut
3008 2485 3376 2558 blasphemias
3414 2487 3488 2544 de

1887 2584 2081 2656 quibus
2099 2583 2168 2640 de
2187 2599 2253 2640 eo
2273 2581 2575 2638 dubitatum
2596 2588 2680 2639 est
2704 2581 2990 2652 abnegavit
3004 2588 3167 2652 atque
3187 2581 3488 2638 damnavit.

1888 2675 1958 2732 Et
1994 2675 2116 2732 ideo
2162 2691 2259 2732 eos
2305 2674 2398 2746 qui
2447 2682 2808 2732 memoratam
2850 2673 3137 2747 epistolam
3177 2673 3247 2734 ad
3292 2673 3484 2732 Marim

1890 2767 2111 2824 Persam
2135 2767 2444 2839 designatas
2462 2769 2710 2840 superius
2725 2769 3089 2842 blasphemias
3115 2755 3490 2829 continentem

1889 2875 1922 2915 a
1947 2866 2136 2915 sancta
2163 2857 2594 2916 Chalcedonensi
2622 2859 2832 2932 synodo
2855 2876 2890 2916 a
2924 2863 3176 2934 praesenti
3213 2871 3488 2936 tempore,

1892 2952 2269 3008 innotescente
2296 2951 2399 3006 sibi
2427 2951 2587 3022 hujus
2612 2952 2786 3008 nostri
2820 2953 2963 3010 serie
2996 2955 3292 3028 constituti,
3337 2970 3490 3014 asse-

1891 3057 2016 3100 rere
2042 3041 2313 3098 voluerint
2345 3056 2466 3099 esse
2503 3051 2830 3115 susceptam,
2852 3045 2997 3102 vela
3017 3060 3342 3118 quocunque
3383 3063 3487 3105 eo-

1893 3135 2141 3192 rumdem
2187 3134 2410 3192 Patrum
2445 3135 2504 3192 in
2541 3133 2888 3195 Chalcedona
2934 3140 3266 3198 residentum
3305 3142 3490 3198 ortho-

164 3253 306 3294 mm
367 3242 546 3295 sancti
594 3238 1050 3298 Chalcedonensis
1095 3223 1367 3311 concilii,’
1383 3242 1442 3298 in
1491 3257 1597 3313 qua
1641 3241 1788 3300 beati
1815 3223 1864 3289 C
1891 3227 2090 3285 doxam
2119 3227 2526 3299 pronuntiatam
2554 3229 2800 3287 nituntur
2824 3239 3091 3311 astruere,
3115 3232 3238 3305 pari
3265 3234 3490 3292 anathe-

163 3332 374 3405 Cyrilli
403 3330 460 3386 in
487 3329 760 3402 Ephesina
803 3333 980 3404 prima
1004 3334 1307 3406 expositam
1331 3333 1677 3391 manifestum
1707 3343 1793 3393 est

165 3423 472 3497 pradicari
501 3424 825 3480 doctrinam.
875 3422 944 3479 Et
979 3427 1076 3491 ita,
1123 3425 1265 3482 sicut
1305 3441 1470 3483 omne
1501 3427 1790 3486 concilium

165 3523 388 3574 sanctae
411 3513 865 3572 Chalcedonensis
907 3515 1100 3588 synodi
1145 3516 1530 3573 interlocutum
1571 3527 1674 3586 est,
1720 3520 1788 3578 ab

168 3608 379 3666 eadem
436 3607 646 3680 synodo
694 3616 910 3665 constat
953 3606 1118 3666 fuisse
1159 3618 1486 3680 susceptum.
1556 3608 1789 3684 Propter

171 3701 332 3774 quod
380 3699 589 3756 clarum
633 3708 719 3758 est
764 3700 902 3756 nihil
948 3701 1105 3758 nobis
1143 3698 1315 3775 [novi]
1365 3716 1466 3758 nos
1505 3717 1603 3776 per
1647 3703 1790 3762 hanc

172 3791 594 3849 damnationem
637 3799 896 3860 statuere,
928 3791 1024 3850 sed
1051 3806 1117 3849 ea
1145 3793 1629 3851 anathematizasse
1668 3811 1788 3868 qua:

174 3889 240 3941 et
275 3891 473 3940 sancta
515 3882 970 3940 Chalcedonensis
1008 3883 1244 3956 synodus
1287 3884 1516 3956 respuit,
1568 3893 1625 3943 et
1670 3887 1788 3959 ipse

175 3991 406 4048 quoque
436 3976 799 4034 Theodoritus
842 3978 1130 4050 episcopus
1159 3978 1271 4036 illic
1308 3994 1407 4036 sua
1452 3979 1791 4052 professione

177 4067 484 4127 damnavit.

248 4157 495 4216 XXVIII.
539 4159 802 4217 Praedicta
827 4160 992 4232 igitur
1020 4160 1122 4217 tria
1165 4160 1332 4236 impia
1379 4163 1614 4235 capitula
1658 4181 1790 4223 ana-

186 4253 604 4312 thematizamus
640 4261 804 4325 atque
857 4254 1207 4326 damnamus,
1254 4255 1458 4328 idest,
1505 4257 1788 4331 epistolam

260 4421 288 4451 ι
316 4412 495 4470 Recte
518 4409 822 4470 Cotelerius
848 4413 1100 4470 emendat
1125 4417 1473 4472 conscribunt.

255 4482 288 4524 δ
313 4483 480 4540 Fort?
517 4483 799 4540 delendum
819 4501 935 4556 pro.
967 4483 1142 4542 Hann.
1224 4497 1228 4506 '

1896 3319 2058 3376 matis
2077 3333 2237 3392 paena
2261 3320 2638 3392 percellimus;
2668 3322 2926 3394 quoniam
2950 3339 3060 3381 non
3087 3324 3262 3382 solum
3293 3334 3487 3384 sancto

1895 3425 1962 3468 ac
1997 3409 2301 3468 reverendo
2326 3409 2757 3469 Chalcedonensi
2798 3413 3034 3472 concilio
3079 3415 3322 3486 irrogare
3365 3431 3490 3476 mo-

1894 3501 2100 3559 liuntur
2125 3502 2402 3574 iniuriam,
2432 3519 2622 3562 verum
2651 3505 2816 3562 etiam
2853 3507 3164 3565 incentores
3190 3523 3252 3566 se
3287 3524 3354 3566 ac
3398 3524 3492 3566 re-

1893 3601 2184 3652 novatores
2203 3594 2368 3668 sepiti
2393 3594 2634 3653 scaudali
2659 3594 3002 3668 proﬁtentur,
3046 3614 3145 3672 per
3171 3601 3320 3672 quod
3361 3601 3489 3659 uni.

1893 3686 2120 3743 versalis
2146 3701 2334 3744 rursus
2363 3687 2582 3746 concuti
2627 3689 2802 3761 possit
2840 3689 3118 3760 Ecclesia;
3161 3700 3224 3750 ut
3249 3693 3494 3752 doctoris

1894 3775 2139 3850 Apostoli
2167 3787 2190 3818 ο
2217 3777 2365 3850 iuste
2384 3779 2670 3838 videantur
2687 3779 2840 3838 feriri
2860 3783 3152 3852 sententia,
3185 3799 3290 3854 qua
3314 3785 3488 3842 dicit:

1899 3879 2114 3936 Utinam
2131 3889 2184 3937 et
2205 3882 2540 3940 absciduntur
2559 3882 2649 3956 qui
2667 3898 2754 3942 vos
2776 3886 3107 3943 conturbant.
3129 3885 3196 3943 Et
3215 3895 3341 3960 post
3360 3887 3492 3946 διώ-

1891 3975 2237 4048 scriptiones.

1963 4071 2098 4128 Data
2135 4087 2211 4130 vn
2259 4070 2609 4130 calendarum
2655 4071 2990 4144 Martiarum,
3033 4073 3337 4144 imperante
3390 4072 3491 4128 do-

1890 4162 2042 4220 mino
2069 4163 2378 4222 Iustiniano
2407 4172 2675 4238 perpetuo
2696 4161 2941 4236 Augusto
2968 4178 3112 4219 anno
3137 4162 3226 4231 27,
3261 4172 3318 4220 et
3364 4170 3496 4236 post

1891 4256 2233 4316 consulatum
2257 4255 2441 4313 Basilii
2481 4271 2537 4312 ν.
2570 4271 2624 4312 c.
2645 4271 2792 4314 anno
2819 4256 2909 4326 I3,
2937 4253 3487 4330 Constantinopolim.

1892 4429 2048 4546 mlh
2035 4415 2179 4487 Lege
2239 4421 2304 4470 ut
2362 4426 2525 4484 supra
2548 4454 2568 4486 ,
2643 4413 2870 4470 doctoris
2937 4414 3167 4488 gentium
3229 4417 3492 4488 Apodoti.

1237 4655 3458 4683 W

1165 4753 1748 4839 JUSTINIANI
1823 4755 2507 4837 IMPERATORIS
3162 4791 3178 4803 -

577 4919 1055 5032 LIBER
1181 4920 2012 5032 ADVERSUS
2141 4916 3114 5036 ORIGENEM'.

196 5200 351 5280 Aha:
390 5214 487 5266 τοῦ
518 5209 900 5302 εξσςεϐεσιςάτου
928 5211 1355 5302 ἡμῶνὶβαςιλφς
1389 5210 1746 5270 Ἰουστινιανοῦ
1769 5254 1785 5279 ,

1893 5209 2169 5302 Tracturae
2211 5209 2432 5302 piissimi
2466 5209 2798 5302 imperatoris
2848 5209 3162 5296 Instinitmi,
3193 5210 3380 5302 missus
3419 5213 3493 5269 ad

263 5283 642 5356 καταπεμφθεὶς
667 5286 799 5360 πρὸς
838 5283 1016 5344 Μηνᾶν
1041 5283 1125 5340 rei;
1179 5285 1211 5340 ἆ
1249 5287 1456 5340 ιὼτατον
1497 5289 1582 5340 καὶ
1617 5307 1789 5357 μακα-

263 5354 517 5413 ριώτατον
561 5357 974 5413 ἀργιεπίσκοπον
1012 5365 1105 5413 τῆς·
1148 5306 1438 5413 anguium“
1476 5357 1670 5413 πόλεως
1707 5359 1789 5412 καὶ

263 5354 522 5437 (utin-acroi
561 5354 980 5437 a’sztint'mzron
1012 5365 1105 5417 τῆς·
1148 5354 1446 5437 sudarium“:
1476 5354 1670 5437 πόλεώς
1707 5359 1790 5412 καὶ

157 5499 160 5502 .
262 5425 622 5512 ξατρράρχξῃὶ,
655 5429 787 5516 καὶτὰ
813 5429 1098 5516 ’ςὶριγένους
1124 5433 1216 5483 τοῦ
1245 5425 1561 5494 duca-e605“
1585 5431 1791 5486 καὶτῶν

257 5491 476 5549 burim;
497 5491 662 5552 ’ἀύτοῦ
693 5491 978 5572 δογμάέ-ωἶδ.

263 5593 400 5658 Ἧμὶὺ
428 5591 522 5659 μέν
551 5590 631 5642 ἀεὶ
665 5589 866 5652 σπουδῆ
903 5592 1075 5667 γέγονέ
1094 5612 1155 5648 ,τε
1187 5593 1272 5647 καὶ
1299 5589 1416 5647 ἔστι
1442 5591 1501 5647 τὸ
1528 5595 1618 5652 τήν
1645 5592 1790 5669 ὀρθήν

193 5676 274 5727 καὶ
298 5677 576 5751 ἀμώμητον
596 5683 771 5737 πίστιν
792 5690 891 5738 τῶν
931 5691 1268 5760 Χριστιανῶν,
1302 5687 1386 5739 καὶ
1415 5689 1504 5744 τήν
1529 5687 1790 5743 κατάστα-

1970 5281 2223 5355 Mennant
2253 5280 2646 5355 sanctissimum
2679 5291 2730 5355 et
2759 5282 3110 5355 beatissimum
3149 5283 3493 5355 arclriepiscm

1968 5368 2091 5425 gum
2125 5352 2290 5424 felicis
2323 5351 2466 5406 urbis
2499 5360 2557 5425 et
2586 5353 2960 5425 patriam/tam,
2991 5354 3237 5409 adversus
3275 5351 3495 5411 unciam

1971 5421 2246 5497 Origeuem
2271 5431 2320 5478 et
2339 5423 2573 5492 nefarias
2588 5421 2711 5494 'ejus
2729 5426 3034 5481 sententias.

1969 5589 2134 5647 Nobis
2179 5603 2394 5662 semper
2427 5589 2605 5646 studio
2647 5587 2768 5658 fuit,
2808 5598 2973 5660 atque
3001 5589 3169 5644 etiam
3210 5605 3355 5650 nunc
3380 5605 3494 5664 est,

1898 5692 2102 5741 rectam
2149 5691 2207 5738 et
2248 5681 2777 5755 irreprebensibilem
2824 5680 3252 5741 Christianorum
3298 5685 3490 5755 ﬁdem,

271 5825 295 5854 ⁸
319 5817 493 5898 llujus
514 5823 1068 5898 -epistol_:c_(sic_enim
1093 5825 1326 5896 appellat
1375 5827 1488 5897 ipse
1528 5828 1786 5885 Justinia-
1892 5835 2001 5882 tam
2031 5824 2194 5882 fuisse
2221 5823 2453 5898 instante
2481 5821 2695 5898 Pelagio
2720 5819 2791 5898 ᾗ.
2815 5818 2880 5876 Ε.
2907 5821 3157 5898 diacono,
3189 5833 3245 5882 et
3271 5829 3496 5898 apocri-

190 5901 294 5946 IIIIS
317 5890 372 5946 in
402 5891 533 5968 line)
558 5890 810 5953 meminit
837 5890 1142 5956 Liberatus
1156 5890 1278 5972 cap.
1306 5890 1410 5970 25;
1449 5901 1594 5956 illam
1625 5902 1797 5958 dit-ta-

1906 5898 2090 5965 siario,
2117 5911 2183 5952 ac
2202 5893 2544 5968 postmodum
2565 5907 2595 5948 a
2616 5890 2811 5966 Vigilio
2831 5895 3087 5968 pontiﬁce
3105 5890 3482 5972 approbatam.
