4018 6340
208 287 288 344 181
1229 285 1601 345 JUSTINIANI
1637 285 1765 343 LIB.
1807 285 1966 344 ADV.
2008 285 2385 350 ORIGENEM.

3351 293 3456 353 ιεε

206 404 386 475 λογικῶν
400 400 466 455 τά
488 397 878 474 ἁμαρτήσαντα,
907 400 985 456 καί
1015 397 1098 456 διά
1116 407 1268 458 τοῦτο
1288 401 1571 459 ἐκπεσόντα
1599 410 1690 464 τῆς
1715 403 1765 456 ἐν

1877 416 1976 472 que
2029 404 2378 462 rationabilia
2433 419 2570 476 quae
2602 416 2918 479 peccarunt,
2967 423 3032 466 ac
3071 416 3364 482 propterea
3390 413 3460 469 de

207 493 372 572 ᾖῆσαν
407 493 803 560 καταστάσεως,
844 496 975 549 κατά
1016 499 1107 554 τὴν
1135 497 1402 568 ἀναλογίαν
1435 503 1535 550 τῶν
1575 497 1766 552 οἰκείων

209 586 551 661 ἁμαρτημάτων
593 589 842 660 τιμωρίας
901 588 1058 664 χάριν
1104 590 1338 662 σώμασιν
1381 590 1638 651 ἐνεϐλήθη*
1683 593 1766 646 καί

208 677 504 753 καθαιρόμενα
523 677 668 733 πάλιν
688 678 934 750 ἀνάγοντα
963 681 1014 734 ἐν
1088 681 1336 758 πρότερον
1359 677 1491 742 ἦσαν
1511 683 1768 738 καταστά-

209 792 303 834 σει,
331 770 575 830 παντελῶς
610 775 700 830 τήν
739 775 914 827 κακίαν
955 774 1289 846 άποτιθὲμενα
1313 776 1397 831 καί
1429 777 1496 831 τά
1521 779 1764 847 σώματα·

210 864 278 918 καὶ
301 861 436 916 πάλιν
461 862 513 915 ἐκ
535 859 801 939 δευτέρου,
829 866 913 919 καί
949 868 1126 940 τρίτου
1145 907 1159 931 ,
1190 869 1271 921 καί
1296 867 1562 929 πλεονάκις
1598 865 1767 940 διαφό-

209 977 296 1028 ροις
319 956 633 1027 ίμϐἀλλονται
673 961 883 1030 σώμασι
910 963 1039 1036 πρὸς
1071 964 1340 1038 τιμωρίαν.
1369 964 1687 1020 Ὗποτίθεται
1711 960 1765 1020 δὲ

209 1052 274 1104 καί
297 1047 556 1120 διαφόρους
585 1051 810 1124 κόσμους
857 1055 1108 1112 συστῆναί
1135 1074 1188 1108 τι
1213 1093 1228 1119 ,
1267 1057 1352 1110 καὶ
1389 1057 1727 1112 συνίστασθαι
1749 1096 1764 1121 ,

207 1151 330 1200 τοῦτο
355 1145 437 1215 μὲν
459 1145 818 1220 παρελθόντας,
848 1152 995 1202 τοῦτο
1014 1147 1066 1202 δὲ
1089 1149 1376 1219 μέλλοντας·
1403 1153 1488 1205 καί
1504 1152 1584 1212 τίς
1605 1150 1769 1212 οὕτως

207 1236 318 1292 ἐστίν
343 1237 550 1301 ἠλίθιος,
584 1235 642 1298 ὅς
677 1260 757 1299 τις
791 1246 890 1294 τῶν
917 1243 1156 1297 τοιούτων
1182 1241 1377 1299 ἀκούων
1409 1245 1466 1299 οὑ
1493 1247 1652 1316 φρίξει
1679 1250 1770 1305 τήν

207 1327 390 1387 διάνοιαν
413 1330 495 1387 διά
521 1337 619 1391 τήν
647 1341 739 1394 τῆς
768 1335 1002 1396 ἀσεϐείας
1022 1336 1334 1412 ὑπερϐολήν;
1379 1341 1460 1399 τίς
1493 1336 1547 1394 δὲ
1590 1341 1684 1394 οὑκ
1711 1333 1772 1393 ἂν

206 1419 468 1496 βδελὺξηται
488 1424 578 1478 τὸν
607 1425 825 1495 μανέντα
851 1428 1108 1500 Ὦριγένην
1129 1473 1144 1498 ,
1167 1428 1413 1492 τοιαύτας
1447 1431 1772 1503 πλασάμενόν

205 1534 266 1584 τε,
291 1520 364 1572 καί
389 1517 650 1593 ἐγγράφως
674 1519 928 1594 ἐκθέμενον
957 1525 1087 1579 κατά
1122 1530 1256 1580 Θεοῦ
1288 1524 1642 1600 βλασφημίας
1677 1524 1769 1581 ἅσ-

204 1629 319 1672 τινας
340 1611 402 1671 ὡς
425 1615 563 1666 πᾶσι
598 1621 921 1689 Χριστιανοῐς
963 1617 1378 1693 ἀπηγορευμένας
1395 1659 1408 1684 ,
1439 1623 1520 1676 καί
1545 1626 1774 1696 προφανῆ

203 1709 276 1761 τῆς
299 1699 597 1766 δυσσεϐείας
625 1705 860 1777 ἐχούσας
893 1710 976 1766 τὸν
1001 1707 1245 1785 ἔλεγχον,
1268 1714 1515 1789 περισσόν
1539 1716 1773 1786 ἐνομίσα-

1865 501 2011 551 statu
2039 511 2138 553 suo
2164 496 2500 565 exciderunt,
2545 513 2646 570 pro
2684 513 2907 556 suorum
2952 510 3300 572 peccatorum
3338 517 3460 572 pro-

1864 589 2138 660 portione,
2169 589 2418 660 supplicii
2448 605 2612 649 causa
2648 591 2704 648 in
2727 607 2959 663 corpora
2989 592 3190 663 injecta
3213 601 3374 664 sunt,
3389 608 3459 651 ac

1866 689 2180 754 expurgata,
2233 697 2448 739 rursum
2476 683 2773 740 efferuntur
2815 683 2872 738 in
2917 684 3203 754 pristinum
3231 693 3455 752 statum,

1867 776 2016 831 omni
2057 775 2303 848 deposita
2349 776 2552 832 malitia
2581 785 2637 833 et
2661 777 2982 850 corporibus
3015 796 3028 832 :
3061 778 3366 848 iterumque
3393 794 3460 835 ac

1869 870 2107 936 tertium,
2140 877 2196 925 et
2215 871 2541 941 compluries
2568 870 2795 928 diversis
2823 871 2892 928 ad
2911 886 3130 944 pmnam
3149 870 3461 941 injiciuntur

1867 962 2206 1034 corporibus.
2254 961 2418 1018 Ponit
2442 978 2609 1034 porro
2635 963 2882 1021 diversos
2910 964 3221 1022 constitisse
3248 973 3306 1018 et
3324 978 3457 1019 con-

1867 1063 2012 1112 stare
2049 1055 2298 1125 mundos,
2332 1063 2445 1112 tum
2471 1057 2795 1128 praeteritos,
2831 1065 2944 1114 tum
2967 1055 3200 1140 futuros.
3230 1055 3460 1125 Ecquis-
3510 1123 3518 1140 ‘

1868 1163 1992 1203 nam
2036 1149 2176 1205 adeo
2215 1148 2396 1208 fatuus
2443 1159 2561 1216 est,
2611 1158 2670 1206 ut
2721 1151 2836 1207 hac
2862 1137 3089 1206 audiens
3115 1150 3296 1205 animo
3347 1163 3460 1203 non

1870 1241 2218 1298 exhorrescat
2239 1251 2463 1313 propter
2485 1257 2750 1298 summam
2776 1243 3156 1314 impietatem?
3179 1240 3316 1309 Quis
3348 1255 3461 1296 non

1872 1341 2188 1388 exsecretur
2213 1332 2461 1388 insanum
2481 1333 2790 1406 Origencm,
2822 1334 2916 1405 qui
2946 1333 3257 1402 hujusmodi
3286 1331 3460 1388 ﬁnxe-

1871 1426 1942 1481 rit
1969 1440 2033 1482 ac
2059 1425 2274 1496 scriptis
2292 1427 2563 1482 mandarit
2591 1427 2645 1483 in
2673 1428 2844 1484 Deum
2869 1426 3236 1499 blasphemias
3257 1428 3279 1480 ?
3302 1441 3461 1496 quas,

1873 1525 1933 1596 ut
1985 1518 2236 1575 omnibus
2281 1519 2600 1576 Christianis
2654 1520 3002 1586 interdictas,
3061 1517 3458 1590 manifestaque

1873 1609 2136 1667 habentes
2158 1612 2451 1682 impietatis
2479 1621 2794 1680 argumenta
2812 1651 2827 1678 ,
2878 1627 3337 1684 supervacaneum
3367 1611 3464 1666 du-

1874 1703 2052 1759 ximus
2072 1702 2402 1759 refutatione
2429 1704 2658 1774 dignari.
2687 1701 2867 1772 Quare
2907 1703 2954 1760 si
2983 1703 3228 1759 hzeretici
3253 1717 3464 1768 omnes,

204 1812 273 1862 μιν
290 1795 621 1874 ἀντιρρήσεως
643 1799 876 1862 ἀξιῶσαι·
911 1803 956 1855 εἰ
983 1801 1147 1857 τοίνυν
1174 1801 1398 1865 ἅπαντες
1425 1805 1667 1882 αἰρετικοί
1688 1806 1772 1862 ἐπί

1877 1796 1947 1852 ob
1967 1795 2126 1851 unius
2147 1795 2372 1851 forsitan
2391 1803 2484 1851 aut
2503 1795 2726 1852 alterius
2746 1796 3011 1865 dogmatis
3031 1794 3463 1866 perversitatem,

203 1889 308 1959 ίνὸς,
329 1892 502 1963 τυχόν,
527 1891 565 1952 ἧ
584 1895 824 1972 δευτέρου
849 1893 1101 1969 δόγματος
1122 1907 1431 1975 παρατροπῇ
1453 1901 1775 1960 ἐκϐέϐληνται

203 1989 274 2041 τῆς
295 1982 575 2054 ἁγιωτάτης
616 1985 913 2052 ἐκκλησίας,
944 1988 1308 2050 ὑποϐληθέντες
1337 1991 1609 2060 άναθέματι
1641 1995 1774 2066 μετά

201 2079 280 2128 τῶν
303 2072 428 2129 ἰδίων
457 2073 750 2150 δογμάτων,
774 2081 853 2140 τίς
887 2077 1016 2142 ὅλως
1037 2089 1350 2158 Χριστιανῶν
1372 2083 1594 2148 ἀνέξεται
1618 2086 1772 2140 αὐτοῦ

201 2172 447 2242 Ὦριγένους
488 2192 584 2238 τε,
628 2175 715 2228 καὶ
753 2180 852 2229 τῶν
890 2181 1120 2246 πονηρῶν
1169 2177 1323 2230 αὑτοῦ
1361 2181 1776 2254 συγγραμμάτων

203 2263 558 2332 ἀντιποιεῖσθαι,
588 2271 677 2320 τοῦ
704 2268 966 2328 τοσαύτας
1011 2269 1100 2338 μέν
1132 2268 1382 2347 εἰρηκότος
1423 2269 1771 2344 βλασφημίας,

203 2361 316 2410 πᾶσι
353 2354 401 2411 δὲ
427 2355 623 2430 σχεδὸν
653 2359 922 2434 αἱρετικοῖς
952 2362 1209 2420 τοσαύτην
1247 2361 1366 2420 ὕλην
1407 2363 1660 2426 ἀπωλείας
1691 2366 1777 2420 καί

201 2448 490 2522 βλασφημίας
522 2454 968 2526 παρασχομένου,
1004 2457 1085 2508 καί
1114 2452 1199 2510 διά
1233 2462 1384 2512 τοῦτο
1407 2460 1492 2510 καί
1512 2459 1656 2536 παρά
1675 2465 1776 2514 τῶν

200 2536 330 2613 άγίων
352 2545 583 2620 πατέρων
607 2541 826 2600 ἔκπαλαι
847 2547 940 2600 ὑπό
961 2547 1185 2618 ἀνάθεμα
1211 2547 1474 2620 γενομένου
1498 2551 1631 2620 μετά
1674 2557 1775 2605 τῶν

198 2645 419 2709 μυσαρῶν
442 2642 596 2694 αὑτοῦ
625 2637 926 2712 δογμάτων;
951 2642 1006 2693 Εἰ
1033 2643 1132 2714 γάρ
1167 2643 1252 2694 καί
1277 2639 1383 2700 δοίη
1424 2643 1628 2704 τις-’τὸν
1671 2646 1777 2700 θεο-

197 2726 349 2798 μάχου
374 2733 654 2809 Ὠριγένην,
704 2729 830 2806 ὅπερ
857 2735 944 2787 καί
980 2735 1126 2807 παρά
1163 2741 1270 2793 τοῖς
1295 2730 1459 2796 ἄλλοις
1501 2736 1777 2811 ατρετικοῑς

196 2818 482 2892 εὑρίσκεται,
501 2824 755 2894 άναμάξαι
783 2822 879 2894 [ian
897 2824 1154 2898 ἐναμῆξαι,
1175 2825 1226 2888 ἦ,
1255 2824 1517 2899 άναμίξαι]
1532 2831 1645 2884 τινά
1671 2837 1775 2890 τοῖς

195 2922 405 2992 πονηροῖς
435 2917 593 2971 αὑτοῦ
632 2919 1036 2993 συγγράμμασιν
1065 2921 1118 2972 ἐκ
1150 2926 1247 2974 τῶν
1285 2921 1437 2995 ὀρθῶν
1479 2918 1771 2992 δογμάτων,

192 3011 337 3062 ταῦτα
366 3009 460 3062 οὐκ
497 3007 606 3064 ἴδια
645 3010 829 3064 ἐκείνου
859 3013 1190 3079 καθέστηκεν,
1235 3012 1359 3066 άλλά
1385 3019 1477 3072 τῆς
1508 3012 1659 3082 ἁγίας
1685 3018 1775 3067 τοῦ

192 3105 294 3154 Θεοῦ
319 3102 597 3162 ἐκκλησίας
629 3103 882 3178 ὑπάρχει.
915 3107 1008 3157 Καί
1053 3112 1206 3160 τοῦτο
1230 3103 1284 3159 δέ
1321 3107 1442 3160 αὑτό
1483 3107 1778 3180 κακούργως

1877 1901 1910 1941 e
1931 1885 2266 1942 sanctissima
2293 1883 2532 1942 Ecclesia
2559 1894 2686 1942 sunt
2712 1886 2891 1958 ejecti,
2920 1885 3225 1954 subditique
3244 1885 3468 1940 anathe-

1877 1978 2008 2034 mati
2037 1994 2157 2034 cum
2187 1978 2299 2035 suis
2321 1977 2666 2048 dogmatibus
2690 1998 2703 2033 :
2731 1979 2853 2049 quis
2892 1994 3114 2050 prorsus
3143 1977 3467 2033 Christiano.

1876 2086 1997 2124 rum
2025 2070 2312 2127 sustinebit
2337 2069 2624 2140 Origenem
2648 2071 2873 2140 ejusque
2892 2085 3058 2140 prava
3085 2070 3284 2140 scripta
3306 2069 3468 2136 tueri,

1876 2171 1970 2241 qui
2000 2179 2080 2226 tot
2106 2170 2472 2240 blasphemias
2499 2170 2723 2240 dixerit,
2754 2169 3114 2238 omnibusque
3151 2168 3265 2224 fere
3297 2169 3469 2225 haere-

1877 2263 1999 2319 ticis
2029 2272 2234 2318 tantam
2261 2262 2411 2318 exitii
2437 2277 2503 2318 ac
2531 2261 2882 2333 blasphemia:
2903 2260 3184 2315 materiem
3215 2261 3466 2330 praebue-

1877 2357 1967 2424 rit,
1999 2371 2063 2413 ac
2104 2355 2306 2412 idcirco
2335 2355 2544 2426 pridem
2573 2370 2603 2410 ιι
2623 2354 2826 2411 sanctis
2857 2352 3110 2408 Patribus
3132 2352 3469 2407 anathemati

1877 2450 2154 2521 subjectus
2202 2450 2275 2510 sit
2299 2465 2405 2506 una
2436 2464 2558 2504 cum
2589 2447 2870 2504 sceleratis
2917 2446 3036 2516 ejus
3083 2445 3470 2516 dogmatibus?

1876 2545 2011 2602 Nam
2043 2545 2289 2616 quamvis
2310 2543 2575 2600 concedat
2605 2542 2748 2613 quis,
2778 2540 2891 2596 Deo
2919 2547 3313 2611 repugnantem
3354 2537 3470 2594 Ori-

1877 2653 2069 2710 gencm
2101 2654 2132 2694 e
2156 2645 2306 2694 recta
2336 2636 2581 2693 doctrina
2612 2633 2781 2708 (quod
2811 2640 2868 2690 et
2895 2631 3038 2704 apud
3078 2632 3214 2688 alios
3253 2630 3471 2686 haereti-

1877 2746 1972 2787 cos
2013 2727 2306 2799 invenitur)
2360 2726 2560 2797 aliquid
2608 2725 2942 2798 expressisse
2970 2726 3024 2780 in
3057 2725 3318 2796 improbis
3359 2724 3472 2780 suis

1879 2822 2097 2893 scriptis
2123 2838 2135 2874 :
2167 2836 2233 2877 ea
2262 2821 2432 2890 ipsius
2462 2819 2681 2891 propria
2711 2835 2822 2875 non
2851 2828 2957 2890 est,
3001 2819 3099 2875 sed
3129 2827 3332 2876 sancta:
3379 2818 3472 2878 Dei

1877 2912 2134 2968 Ecclesize
2158 2927 2174 2977 ;
2200 2917 2361 2981 atque
2391 2912 2498 2965 hoc
2526 2911 2700 2980 ipsum
2721 2910 2989 2966 malitiose
3011 2911 3065 2966 in
3085 2910 3472 2981 simpliciorum

1876 3003 2126 3059 tandem
2152 3002 2378 3059 molitus
2404 3011 2505 3058 est.
2545 3000 2678 3056 Nam
2710 3001 2764 3056 in
2796 3015 3129 3072 paganorum
3152 3003 3473 3058 commentis

1880 3097 2169 3161 enutritus,
2198 3109 2372 3166 eaque
2392 3108 2692 3167 propagare
2719 3095 2772 3150 in
2798 3095 2982 3150 animo
3011 3094 3235 3161 habens,
3266 3095 3474 3152 divinas

191 3192 356 3255 ίκεῖνος
380 3196 471 3248 καί
492 3196 625 3270 πρὸς
651 3196 846 3254 ἀπάτην
870 3203 968 3253 τῶν
992 3196 1360 3273 ἁπλουστέρων
1385 3201 1772 3271 ἐμηχανήσατο.

1881 3207 1943 3248 se
1966 3190 2154 3261 utique
2183 3189 2490 3260 Scripturas
2535 3188 2880 3258 interpretari
2919 3188 3228 3243 simulavit:
3278 3196 3340 3242 ut
3366 3188 3474 3244 hoc

191 3294 297 3349 ταῖς
316 3291 422 3362 γάρ
453 3293 556 3343 τῶν
575 3290 809 3348 Ἑλλήνων
837 3291 1154 3363 μυθολογίαις
1180 3293 1454 3369 ἐντραφείς,
1477 3295 1558 3348 καί
1581 3294 1776 3356 ταύτας

194 3378 453 3437 ἐπεκτεῖναι
493 3380 799 3453 βουλόμενος
851 3381 1252 3453 ἐσχηματίσατο
1301 3385 1396 3446 τάς
1445 3385 1578 3446 θείας
1627 3383 1774 3445 δῆθεν

195 3469 463 3546 ἑρμηνεύειν
488 3477 709 3551 γραφάς,
747 3475 829 3529 ἵνα
849 3477 1017 3547 τούτῳ
1044 3483 1116 3531 τῶ
1141 3476 1318 3549 τρόπῳ
1360 3479 1426 3533 τά
1454 3480 1668 3554 μυσαρά
1694 3480 1775 3534 αὖ·

197 3574 270 3622 τοῦ
289 3565 522 3643 δόγματα
549 3576 654 3630 τοῖς
681 3576 781 3626 τῶν
815 3572 955 3625 θείων
983 3577 1184 3647 γραφῶν
1222 3573 1577 3644 ὑπομνήμασιν
1604 3573 1776 3646 ἀναμί-

199 3658 304 3726 ξας,
349 3663 609 3724 κακοήθως
654 3668 744 3722 τὴν
769 3661 1078 3732 Ἑλληνικήν,
1132 3668 1216 3720 καί
1259 3671 1581 3738 Μανιχαίκὴν
1619 3669 1773 3724 αὖτοῦ

201 3753 384 3822 πλάνην,
426 3758 513 3810 καί
547 3753 853 3832 ’Δρειανικόν
883 3760 1065 3832 μανίαν
1105 3759 1389 3834 εἰσαγάγῃ,
1427 3761 1660 3821 καὶτοὺς
1703 3765 1776 3832 μὴ

201 3846 554 3919 ἠκριϐωμένως
595 3849 660 3904 τά
688 3856 782 3909 τῆς
818 3851 950 3910 θείας
976 3858 1170 3925 γραφῆς
1211 3849 1398 3927 δυνηθῇ
1437 3847 1692 3908 δελεάσαι.
1717 3859 1778 3912 Τί

202 3936 284 4009 γάρ
310 3938 471 4016 ἕτερον
495 3939 643 4016 παρά
671 3942 736 3996 τά
759 3948 832 4012 τῷ
861 3942 1083 3997 Πλάτωνι
1113 3944 1354 4019 εἰρημένα
1379 3951 1452 4015 τῷ
1478 3950 1568 4004 τὴν
1605 3946 1778 4006 Ἐλλη-

203 4033 311 4088 “mia
337 4035 516 4102 μανίαν
547 4033 856 4091 πλατύναντι
883 4033 1136 4115 Ὠριγένης
1168 4037 1386 4102 ἐξέθετο;
1419 4037 1448 4097 ἦ
1480 4041 1624 4115 παρά
1645 4040 1779 4104 τίνος

205 4118 351 4197 ἕτερον
375 4123 575 4195 ’Λρειος
601 4127 768 4181 λαϐὼν
801 4133 892 4187 τὴν
931 4131 1118 4185 οἰκείαν
1148 4130 1508 4205 συνεγράψατο
1534 4134 1717 4202 νόσον,
1750 4134 1778 4194 ὅ

205 4215 311 4286 πρὸς
338 4214 535 4293 ὄλεθρον
567 4227 658 4281 τῆς
686 4220 872 4277 ἑαυτοῦ
903 4221 1086 4293 ψυχῆς
1109 4227 1181 4285 εἰς
1210 4229 1300 4283 την
1490 4229 1574 4283 καί
1601 4226 1780 4301 όμοού-

208 4325 294 4360 τιον
316 4313 483 4386 τριάδα
509 4315 739 4390 βαθμούς
768 4317 1067 4382 irrisorie-uc;
1094 4319 1144 4373 ἐν
1172 4319 1270 4373 ri.th
1299 4317 1352 4375 δέ
1379 4317 1526 4384 οὗτος
1555 4330 1646 4378 τοῦ
1673 4334 1780 4381 Μα-

207 4407 388 4470 νιχαίου
431 4407 847 4480 άπολιμπάνεται
872 4455 885 4477 ,
939 4408 966 4464 ό
1013 4409 1168 4483 λέγων
1215 4413 1312 4474 τάς
1351 4420 1452 4468 τῶν
1501 4415 1779 4492 ἀνθρώπων

1878 3283 2040 3340 modo
2069 3281 2330 3338 nefariam
2359 3280 2660 3336 doctrinam
2689 3295 2842 3336 suam
2866 3295 3140 3336 sacrarum
3169 3280 3473 3336 litterarum

1877 3373 2246 3431 monumentis
2272 3373 2510 3443 maligne
2556 3372 2881 3442 admiscens,
2929 3373 3250 3444 paganicum
3277 3381 3333 3429 et
3359 3371 3474 3430 Ma-

1878 3466 2144 3522 nichaeum
2189 3477 2438 3522 errorem
2481 3478 2642 3521 suum
2691 3471 2857 3536 atque
2901 3464 3158 3520 Ariauam
3193 3466 3472 3522 vesaniam

1877 3557 2177 3624 induceret,
2217 3570 2422 3626 eosque
2447 3555 2542 3627 qui
2569 3569 2780 3613 sacram
2810 3555 3145 3628 Scripturam
3173 3573 3285 3613 non
3314 3573 3474 3616 accu-

1877 3661 1996 3709 rate
2016 3650 2410 3723 percepisse‘nt,
2450 3650 2700 3708 inescare
2721 3657 2926 3721 posset.
2980 3648 3123 3718 Quid
3153 3651 3298 3707 enim
3323 3650 3474 3708 aliud

1879 3745 2132 3816 exposuit
2169 3743 2450 3814 Origenes,
2501 3755 2664 3814 quam
2704 3741 2966 3811 Platonis,
3017 3744 3108 3813 qui
3136 3756 3474 3815 paganorum

1880 3839 2148 3894 insaniam
2175 3836 2449 3906 dilatarat,
2479 3837 2820 3906 doctrinam;
2865 3845 2958 3893 aut
2986 3852 3018 3893 a
3047 3853 3156 3909 quo
3181 3838 3288 3895 alio
3313 3839 3476 3896 Arius

1879 3939 2174 3997 mutuatus,
2225 3930 2446 4002 propria
2472 3945 2683 3988 venena
2709 3931 3101 3988 concinnavit?
3145 3932 3239 4002 qui
3281 3932 3339 3987 in
3361 3932 3474 3990 exi-

1879 4025 2014 4082 tium
2035 4025 2226 4080 animat
2251 4039 2363 4082 suat
2385 4025 2439 4081 in
2459 4034 2646 4082 sancta
2671 4033 2728 4082 et
2747 4025 3187 4082 consubstantiali
3210 4025 3476 4082 Trinitate

1881 4119 2078 4191 potius
2098 4117 2444 4189 excogitavit.
2493 4119 2576 4175 An
2604 4119 2694 4175 hic
2738 4133 2770 4173 a
2823 4116 3119 4173 Manichan
3166 4117 3342 4186 abest,
3380 4117 3476 4188 qui

1882 4211 2092 4266 animas
2117 4211 2398 4266 hominum
2434 4210 2568 4266 dicit
2613 4217 2837 4280 propter
2879 4215 3105 4279 peccata
3154 4209 3476 4280 corporibus

1881 4305 1950 4361 ad
1975 4298 2298 4376 supplicium
2320 4302 2583 4358 immitti?
2609 4301 2810 4372 quique
2829 4299 3063 4372 primum
3081 4300 3300 4371 quidem
3319 4318 3476 4360 men-

1880 4411 1968 4461 tes
1987 4415 2044 4460 et
2063 4411 2280 4459 sanctas
2299 4401 2528 4457 virtutes
2559 4399 2724 4457 fuisse
2752 4408 2980 4468 asserat,
3007 4401 3202 4459 deinde
3222 4409 3474 4462 contem-

211 4487 364 4565 ίνδχάς
392 4497 452 4555 δι’
477 4500 739 4576 ἁμαρτίας
766 4510 874 4565 τοῖς
902 4505 1110 4574 σώμασι
1132 4505 1390 4580 τιμωρίαςέ
1413 4506 1572 4578 χάριν
1594 4487 1774 4579 *ἐμϐλῇ

1883 4495 2142 4568 plationis
2177 4492 2374 4551 divinat
2411 4493 2721 4550 satietatem
2767 4493 2996 4566 cepisse,
3048 4509 3113 4550 ac
3153 4495 3208 4550 in
3237 4495 3477 4555 deterius

212 4583 361 4656 θῆναις
397 4596 462 4655 ὡς
499 4594 564 4655 δὴ
602 4604 804 4670 πρῶτον
843 4598 932 4667 μίν
967 4596 1083 4660 νόας
1120 4595 1305 4667 οὔσας,
1328 4602 1407 4654 καί
1446 4599 1593 4674 ἁγίας
1631 4599 1774 4660 δυνά-

1884 4602 2194 4656 conversas,
2240 4586 2442 4646 idcirco
2470 4602 2502 4643 a
2543 4587 2642 4644 Dei
2670 4602 2856 4646 amore
2895 4587 3188 4661 refrixisse,
3235 4590 3476 4665 indeque

217 4697 340 4747 μιις,
377 4683 542 4743 ἔπειτα
581 4688 724 4764 κόρον
759 4689 1024 4752 λαϐούσας
1075 4698 1166 4751 τῆς
1222 4689 1361 4754 θείας
1409 4694 1650 4769 θεωρίας,
1689 4697 1774 4754 καί

214 4773 327 4848 πρὸς
359 4780 411 4834 τὸ
443 4792 623 4860 χεῖρον
669 4787 996 4861 τραπείσας,
1052 4791 1135 4843 καί
1186 4785 1271 4845 διά
1308 4795 1464 4846 τοῦτο
1514 4800 1608 4855 τῆς
1643 4801 1775 4851 Θεοῦ

215 4865 387 4937 ἀγάπης
419 4874 780 4952 ἀποψυγείσας
804 4923 817 4949 ,
860 4882 943 4936 καί
981 4881 1201 4937 ἐντεῦθεν
1246 4881 1434 4954 ψύχάς
1484 4883 1776 4957 ὀνομασθεί-

214 4976 326 5049 fas,
375 4969 450 5022 καί
483 4973 739 5047 τιμωρίας
789 4973 944 5049 χάριν
985 4981 1099 5037 τοῖς
1137 4977 1372 5047 σώμασιν
1417 4976 1774 5048 ἐμϐληθείσας⁹

215 5071 320 5150 οπερ
346 5063 421 5115 καί
457 5063 611 5134 μόνον
640 5065 799 5121 ἰκανὸν
825 5062 885 5126 ἦν
915 5068 987 5128 εἰς
1023 5067 1214 5124 τελείαν
1245 5069 1398 5126 αὑτοῦ
1439 5071 1734 5150 κατάκρισιν
1757 5112 1774 5144 ,

216 5139 282 5200 οἶα
319 5159 402 5212 τῆς
435 5155 715 5219 Ἑλληνικῆς
752 5157 998 5233 ὑπάρχον
1023 5157 1349 5223 δυσσεϐείας.
1385 5167 1488 5218 Τοῦ
1516 5139 1617 5238 γάρ
1645 5170 1775 5220 Θεοῦ

217 5238 431 5311 εἰπόντος,
456 5253 778 5322 «Ποιήσωμεν
801 5247 1061 5329 ἄνθρωπον
1089 5254 1203 5310 κατ’
1233 5253 1398 5310 εἰκόνα
1425 5257 1510 5310 καί
1535 5255 1778 5328 ὁμοίωσιν

216 5332 455 5414 ἡμετέραν,
468 5362 486 5395 ι
504 5345 796 5420 εὑρίσκεται
819 5349 953 5403 καπά
971 5351 1093 5411 τοὺς
1113 5349 1298 5406 ἐκείνου
1321 5353 1572 5423 ματαίους
1596 5350 1779 5425 λόγους

216 5432 346 5498 σῶμα
380 5434 525 5504 μόνον
571 5437 700 5512 δίχα
730 5438 913 5512 ψυχῆς
937 5439 1044 5498 κατ’
1064 5441 1230 5499 εἰκόνα
1267 5446 1351 5500 καί
1377 5442 1620 5517 ὁμοίωσιν
1643 5444 1780 5516 γενό-

216 5535 340 5585 μενον
360 5532 444 5582 τοῦ
462 5536 612 5598 Θεοῦ,
639 5532 724 5588 ἐάν
755 5529 884 5594 ὅλως
908 5541 1224 5610 προϋπῆρχε
1254 5533 1430 5605 ψυχή.
1457 5537 1693 5608 καί-μετά
1719 5533 1780 5594 τὸ

217 5613 422 5678 vivacem
446 5621 502 5678 τὸ
541 5630 692 5696 σῶμα
718 5624 974 5694 ἐνεϐλήθη,
1001 5624 1031 5686 ἦ
1071 5628 1386 5700 κατηγγίσθη
1410 5628 1458 5682 ἐν
1487 5629 1650 5702 αύτῷ.
1691 5631 1786 5688 Καί

409 5723 552 5776 πᾶσα
578 5728 670 5777 τοῦ
697 5722 886 5795 λέγειν,
920 5727 1001 5778 καί
1030 5723 1179 5780 αὑτὸν
1203 5723 1288 5779 τὸν
1323 5725 1446 5780 Θεὸν
1472 5725 1557 5782 τὸν
1577 5732 1666 5782 τοῦ
1695 5729 1784 5784 άν-

219 5792 405 5892 9ρᾶιπου
440 5805 741 5889 δημιουργὸν
779 5819 929 5887 σῶμα
954 5814 1247 5892 ὑπάρχειν,
1279 5817 1346 5877 ὥς
1375 5817 1436 5871 τὸ
1478 5825 1633 5890 σῶμα
1668 5817 1788 5878 κατ’

207 5885 378 5970 ,ῥόαι
401 5902 489 5964 καὶ
514 5900 749 5985 ὁμοίωσιν
784 5901 914 5967 ἰδίαν
940 5907 1300 5982 ποιησάμενον.
1341 5914 1449 5973 Πῶς
1486 5905 1540 5968 δὲ
1570 5906 1789 5974 δύναται

1881 4691 2072 4752 Graeco
2101 4693 2319 4750 nomine
2347 4691 2647 4767 appellatas
2682 4694 2889 4767 ψυχὰς,
2939 4703 2996 4750 et
3033 4695 3284 4767 supplicii
3312 4713 3477 4756 causa

1883 4787 2202 4860 corporibus
2239 4800 2360 4844 esse
2393 4784 2638 4854 inditas;
2680 4784 2830 4856 quod
2868 4786 2957 4844 vel
2985 4787 3160 4844 solum
3205 4785 3275 4844 ad
3306 4789 3478 4862 perfe-
3559 4852 3561 4854 ,

1882 4890 2026 4941 ctam
2053 4881 2172 4952 ejus
2201 4879 2604 4935 damnationem
2627 4879 2762 4936 satis
2782 4885 2918 4948 erat,
2943 4894 3066 4936 cum
3089 4895 3120 4936 a
3141 4895 3474 4953 paganorum

1883 4983 2065 5034 ortum
2092 4975 2163 5031 sit
2189 4971 2490 5046 irnpietate.
2521 4971 2658 5029 Cum
2682 4973 2828 5029 enim
2853 4970 3052 5030 dixerit
3073 4971 3218 5030 Deus
3245 4992 3258 5029 :
3287 4973 3478 5028 Facia-

1884 5087 2000 5128 mus
2022 5069 2280 5126 hominem
2307 5067 2376 5122 ad
2403 5067 2686 5140 imaginem
2726 5073 2778 5122 et
2814 5065 3214 5124 similitudinem
3241 5073 3477 5121 nostram

1889 5163 2042 5236 (Gen.
2074 5160 2116 5235 ι)
2143 5179 2156 5216 :
2185 5176 2255 5217 ex
2286 5158 2402 5233 ejus
2428 5159 2587 5217 vanis
2611 5160 2953 5219 sermonibus
2979 5161 3266 5228 invenitur,
3296 5159 3475 5214 solum

1887 5273 2088 5329 corpus
2116 5256 2324 5328 absque
2353 5255 2534 5312 anima
2567 5255 2637 5313 ad
2663 5255 2957 5330 imaginem
2979 5263 3037 5314 et
3067 5251 3478 5315 similitudinem

1887 5351 1986 5408 Dei
2015 5349 2214 5407 factum
2239 5365 2378 5419 esse,
2428 5351 2476 5408 si
2503 5350 2727 5409 omnino
2764 5349 3146 5424 prasexistebat
3173 5347 3383 5415 anima,
3421 5353 3479 5403 et

1885 5443 2034 5502 facto
2063 5459 2316 5516 corpore,
2348 5444 2404 5501 in
2433 5443 2488 5501 id
2515 5443 2716 5517 injecta
2743 5452 2854 5516 est,
2889 5451 2982 5500 aut
3008 5439 3174 5508 inid,
3217 5446 3478 5511 tanquam

1886 5534 1944 5592 in
1968 5551 2065 5592 vas
2089 5535 2347 5593 immissa.
2377 5535 2458 5593 Ac
2473 5550 2693 5595 necesse
2713 5537 2816 5594 erit
2835 5535 3057 5592 omnino
3077 5533 3277 5602 dicere,
3301 5533 3478 5606 ipsum

1887 5629 2060 5689 Deum
2111 5631 2362 5704 opiﬁcem
2387 5631 2642 5700 hominis,
2691 5646 2887 5703 corpus
2935 5642 3077 5698 esse,
3129 5634 3190 5684 ut
3215 5635 3344 5700 pote
3385 5627 3478 5701 qui

1889 5740 2090 5798 corpus
2116 5727 2185 5782 ad
2209 5727 2494 5798 imaginem
2523 5734 2580 5782 et
2621 5723 3030 5782 similitudinem
3072 5739 3226 5780 suam
3266 5720 3474 5780 fecerit.

1889 5818 2172 5886 Quomodo
2201 5826 2383 5878 autem
2412 5836 2630 5890 corpus,
2658 5819 2834 5888 imago
2869 5818 3180 5892 incorporei
3207 5833 3324 5875 esse
3351 5831 3480 5888 pos-

1888 5905 2003 5968 sit?
2049 5908 2416 5980 Quamobrem
2443 5907 2602 5978 absit,
2646 5915 2707 5995 ut
2730 5907 2813 5968 his
2841 5905 3134 5970 Christiani
3175 5905 3475 5986 assentianj

3543 5521 3552 5574 ἰ
