  <div class='ocr_page' id='page_1' title='image "/cluster/home/n/w/nwhite01/storage/ocr_20150623/69/hvd.32044015469349/097.png"; bbox 0 0 3988 6346; ppageno 0'>
   <div class='ocr_carea' id='block_1_1' title="bbox 463 255 2074 332">
    <p class='ocr_par' dir='ltr' id='par_1_1' title="bbox 463 257 2074 332">
     <span class='ocr_line' id='line_1_1' title="bbox 463 257 2074 332; baseline -0.011 -1"><span class='ocrx_word' id='word_1_1' title='bbox 463 271 570 332; x_wconf 74' lang='grc'><strong>185</strong></span> <span class='ocrx_word' id='word_1_2' title='bbox 1570 325 1576 330; x_wconf 94' lang='lat'><strong>_</strong></span> <span class='ocrx_word' id='word_1_3' title='bbox 1861 257 2074 319; x_wconf 72' lang='lat' dir='ltr'><strong>VIGILII</strong></span> 
     </span>
    </p>
   </div>
   <div class='ocr_carea' id='block_1_2' title="bbox 2176 255 3762 332">
    <p class='ocr_par' dir='ltr' id='par_1_2' title="bbox 2181 255 3762 323">
     <span class='ocr_line' id='line_1_2' title="bbox 2181 255 3762 323; baseline -0.004 -11"><span class='ocrx_word' id='word_1_4' title='bbox 2181 255 2381 313; x_wconf 84' lang='lat' dir='ltr'><strong>PAPA.</strong></span> <span class='ocrx_word' id='word_1_5' title='bbox 3655 262 3762 323; x_wconf 66' lang='grc' dir='ltr'><strong>εει</strong></span> 
     </span>
    </p>
   </div>
   <div class='ocr_carea' id='block_1_3' title="bbox 459 366 2074 458">
    <p class='ocr_par' dir='ltr' id='par_1_3' title="bbox 459 377 2057 458">
     <span class='ocr_line' id='line_1_3' title="bbox 459 377 2057 458; baseline -0.011 -11"><span class='ocrx_word' id='word_1_6' title='bbox 459 394 606 449; x_wconf 79' lang='grc' dir='ltr'>εὶκὼν</span> <span class='ocrx_word' id='word_1_7' title='bbox 644 382 771 443; x_wconf 81' lang='grc' dir='ltr'>ἒῖναι</span> <span class='ocrx_word' id='word_1_8' title='bbox 815 391 908 442; x_wconf 84' lang='grc' dir='ltr'><strong>τοῦ</strong></span> <span class='ocrx_word' id='word_1_9' title='bbox 953 378 1230 458; x_wconf 76' lang='grc' dir='ltr'>ἀσωμάτου</span> <span class='ocrx_word' id='word_1_10' title='bbox 1277 381 1337 436; x_wconf 86' lang='lat'><strong>15</strong></span> <span class='ocrx_word' id='word_1_11' title='bbox 1385 385 1574 451; x_wconf 84' lang='grc' dir='ltr'>σῶμα;</span> <span class='ocrx_word' id='word_1_12' title='bbox 1628 377 1706 434; x_wconf 85' lang='grc' dir='ltr'>διὸ</span> <span class='ocrx_word' id='word_1_13' title='bbox 1752 383 1821 450; x_wconf 78' lang='grc' dir='ltr'>μή</span> <span class='ocrx_word' id='word_1_14' title='bbox 1867 379 2057 450; x_wconf 82' lang='grc' dir='ltr'>γένοιτο</span> 
     </span>
    </p>
   </div>
   <div class='ocr_carea' id='block_1_4' title="bbox 2176 366 3756 458">
    <p class='ocr_par' dir='ltr' id='par_1_4' title="bbox 2176 366 3756 447">
     <span class='ocr_line' id='line_1_4' title="bbox 2176 366 3756 447; baseline 0.006 -21"><span class='ocrx_word' id='word_1_15' title='bbox 2176 383 2268 427; x_wconf 76' lang='lat' dir='ltr'><strong>Lur.</strong></span> <span class='ocrx_word' id='word_1_16' title='bbox 2315 371 2374 428; x_wconf 92' lang='lat' dir='ltr'><strong>Si</strong></span> <span class='ocrx_word' id='word_1_17' title='bbox 2419 385 2571 438; x_wconf 88' lang='lat' dir='ltr'><strong>vero,</strong></span> <span class='ocrx_word' id='word_1_18' title='bbox 2596 368 2750 442; x_wconf 80' lang='lat' dir='ltr'><strong>juxta</strong></span> <span class='ocrx_word' id='word_1_19' title='bbox 2793 366 3038 440; x_wconf 84' lang='lat' dir='ltr'><strong>Origenis</strong></span> <span class='ocrx_word' id='word_1_20' title='bbox 3080 368 3472 444; x_wconf 81' lang='lat' dir='ltr'><strong>blasphemiam</strong></span> <span class='ocrx_word' id='word_1_21' title='bbox 3494 415 3514 447; x_wconf 94' lang='lat'><strong>,</strong></span> <span class='ocrx_word' id='word_1_22' title='bbox 3557 376 3756 436; x_wconf 63' lang='lat' dir='ltr'><strong>anima:</strong></span> 
     </span>
    </p>
   </div>
   <div class='ocr_carea' id='block_1_5' title="bbox 365 470 2066 558">
    <p class='ocr_par' dir='ltr' id='par_1_5' title="bbox 365 470 2066 558">
     <span class='ocr_line' id='line_1_5' title="bbox 365 470 2066 558; baseline -0.012 -15"><span class='ocrx_word' id='word_1_23' title='bbox 365 517 375 558; x_wconf 55' lang='grc' dir='ltr'><strong>ν,</strong></span> <span class='ocrx_word' id='word_1_24' title='bbox 459 485 665 543; x_wconf 78' lang='grc' dir='ltr'><strong>τούτοις</strong></span> <span class='ocrx_word' id='word_1_25' title='bbox 707 481 1045 558; x_wconf 79' lang='grc' dir='ltr'>Χριστιανοὺς</span> <span class='ocrx_word' id='word_1_26' title='bbox 1090 475 1385 534; x_wconf 77' lang='grc' dir='ltr'><strong>συνθέσθαι.</strong></span> <span class='ocrx_word' id='word_1_27' title='bbox 1434 473 1497 526; x_wconf 83' lang='lat' dir='ltr'><strong>Ei</strong></span> <span class='ocrx_word' id='word_1_28' title='bbox 1537 470 1592 528; x_wconf 74' lang='grc' dir='ltr'>δὲ</span> <span class='ocrx_word' id='word_1_29' title='bbox 1631 473 1765 529; x_wconf 86' lang='grc' dir='ltr'><strong>κατά</strong></span> <span class='ocrx_word' id='word_1_30' title='bbox 1802 473 1892 529; x_wconf 74' lang='grc' dir='ltr'>τὴν</span> <span class='ocrx_word' id='word_1_31' title='bbox 1916 480 2066 557; x_wconf 6' lang='grc' dir='ltr'>,Ὦρι-</span> 
     </span>
    </p>
   </div>
   <div class='ocr_carea' id='block_1_6' title="bbox 370 555 2064 648">
    <p class='ocr_par' dir='ltr' id='par_1_6' title="bbox 370 555 2064 648">
     <span class='ocr_line' id='line_1_6' title="bbox 370 555 2064 648; baseline -0.009 -15"><span class='ocrx_word' id='word_1_32' title='bbox 370 555 404 639; x_wconf 65' lang='lat'><strong>&#39;,&#39;</strong></span> <span class='ocrx_word' id='word_1_33' title='bbox 460 578 636 648; x_wconf 80' lang='grc' dir='ltr'>γένους</span> <span class='ocrx_word' id='word_1_34' title='bbox 672 555 992 648; x_wconf 76' lang='grc' dir='ltr'>βλασφημίαν</span> <span class='ocrx_word' id='word_1_35' title='bbox 1035 577 1384 645; x_wconf 80' lang='grc' dir='ltr'><strong>προϋπῆρχον</strong></span> <span class='ocrx_word' id='word_1_36' title='bbox 1429 566 1483 622; x_wconf 87' lang='grc' dir='ltr'><strong>αί</strong></span> <span class='ocrx_word' id='word_1_37' title='bbox 1512 564 1718 638; x_wconf 66' lang='grc' dir='ltr'>ψυχαί,</span> <span class='ocrx_word' id='word_1_38' title='bbox 1747 566 1834 619; x_wconf 87' lang='grc' dir='ltr'><strong>καί</strong></span> <span class='ocrx_word' id='word_1_39' title='bbox 1877 556 1964 618; x_wconf 90' lang='lat'><strong>5:6:</strong></span> <span class='ocrx_word' id='word_1_40' title='bbox 2005 563 2064 618; x_wconf 92' lang='lat'><strong>15</strong></span> 
     </span>
    </p>
   </div>
   <div class='ocr_carea' id='block_1_7' title="bbox 373 653 2067 754">
    <p class='ocr_par' dir='ltr' id='par_1_7' title="bbox 373 653 2067 754">
     <span class='ocr_line' id='line_1_7' title="bbox 373 653 2067 754; baseline -0.012 -26"><span class='ocrx_word' id='word_1_41' title='bbox 464 669 763 748; x_wconf 84' lang='grc' dir='ltr'>ἁμαρτῆσαι</span> <span class='ocrx_word' id='word_1_42' title='bbox 807 667 970 724; x_wconf 85' lang='grc' dir='ltr'>αὐτάς</span> <span class='ocrx_word' id='word_1_43' title='bbox 1015 664 1265 738; x_wconf 78' lang='grc' dir='ltr'><strong>τιμωρίας</strong></span> <span class='ocrx_word' id='word_1_44' title='bbox 1291 659 1449 734; x_wconf 80' lang='grc' dir='ltr'>χάριν</span> <span class='ocrx_word' id='word_1_45' title='bbox 1475 659 1551 718; x_wconf 79' lang='grc' dir='ltr'><strong>εἰς</strong></span> <span class='ocrx_word' id='word_1_46' title='bbox 1574 658 1642 713; x_wconf 87' lang='lat'><strong>1&#39;6:</strong></span> <span class='ocrx_word' id='word_1_47' title='bbox 1672 659 1891 728; x_wconf 78' lang='grc' dir='ltr'>σώματα</span> <span class='ocrx_word' id='word_1_48' title='bbox 1918 675 2067 710; x_wconf 83' lang='grc' dir='ltr'>κατε-</span> 
     </span>
    </p>
   </div>
   <div class='ocr_carea' id='block_1_8' title="bbox 382 748 2066 842">
    <p class='ocr_par' dir='ltr' id='par_1_8' title="bbox 382 748 2066 842">
     <span class='ocr_line' id='line_1_8' title="bbox 382 748 2066 842; baseline -0.012 -20"><span class='ocrx_word' id='word_1_49' title='bbox 460 762 874 839; x_wconf 75' lang='grc' dir='ltr'>πέμφθησαν,ἵνα</span> <span class='ocrx_word' id='word_1_50' title='bbox 893 755 1242 814; x_wconf 83' lang='grc' dir='ltr'>παιδευθεῖσαι</span> <span class='ocrx_word' id='word_1_51' title='bbox 1267 756 1689 834; x_wconf 68' lang='grc' dir='ltr'>σωφρονήσωσιν,</span> <span class='ocrx_word' id='word_1_52' title='bbox 1715 751 1878 840; x_wconf 57' lang='grc' dir='ltr'>ἐχρῆν</span> <span class='ocrx_word' id='word_1_53' title='bbox 1902 748 2066 808; x_wconf 80' lang='grc' dir='ltr'>αὐτάς</span> 
     </span>
    </p>
   </div>
   <div class='ocr_carea' id='block_1_9' title="bbox 375 839 2063 932">
    <p class='ocr_par' dir='ltr' id='par_1_9' title="bbox 383 839 2063 930">
     <span class='ocr_line' id='line_1_9' title="bbox 383 839 2063 930; baseline -0.011 -18"><span class='ocrx_word' id='word_1_54' title='bbox 465 859 642 930; x_wconf 80' lang='grc' dir='ltr'><strong>μηκέτι</strong></span> <span class='ocrx_word' id='word_1_55' title='bbox 671 852 996 928; x_wconf 78' lang='grc' dir='ltr'><strong>ἁμαρτάνειν·</strong></span> <span class='ocrx_word' id='word_1_56' title='bbox 1024 852 1069 904; x_wconf 87' lang='grc' dir='ltr'><strong>εί</strong></span> <span class='ocrx_word' id='word_1_57' title='bbox 1087 850 1188 926; x_wconf 79' lang='grc' dir='ltr'><strong>γάρ</strong></span> <span class='ocrx_word' id='word_1_58' title='bbox 1216 848 1346 925; x_wconf 86' lang='grc' dir='ltr'>πρὸς</span> <span class='ocrx_word' id='word_1_59' title='bbox 1368 846 1568 902; x_wconf 82' lang='grc' dir='ltr'><strong>κόλασιν</strong></span> <span class='ocrx_word' id='word_1_60' title='bbox 1859 839 1944 896; x_wconf 89' lang='lat'><strong>5:6:</strong></span> <span class='ocrx_word' id='word_1_61' title='bbox 1969 844 2063 899; x_wconf 73' lang='grc' dir='ltr'>τὴν</span> 
     </span>
    </p>
   </div>
   <div class='ocr_carea' id='block_1_10' title="bbox 373 929 2066 1028">
    <p class='ocr_par' dir='ltr' id='par_1_10' title="bbox 373 929 2066 1028">
     <span class='ocr_line' id='line_1_10' title="bbox 373 929 2066 1028; baseline -0.009 -24"><span class='ocrx_word' id='word_1_62' title='bbox 373 929 414 1028; x_wconf 53' lang='grc' dir='ltr'><strong>ἦ</strong></span> <span class='ocrx_word' id='word_1_63' title='bbox 463 951 718 1025; x_wconf 78' lang='grc' dir='ltr'>ἁμαρτίαν</span> <span class='ocrx_word' id='word_1_64' title='bbox 749 944 888 1004; x_wconf 72' lang='grc' dir='ltr'>ἐδόθη</span> <span class='ocrx_word' id='word_1_65' title='bbox 917 945 974 1001; x_wconf 90' lang='lat'><strong>15</strong></span> <span class='ocrx_word' id='word_1_66' title='bbox 1018 949 1191 1014; x_wconf 79' lang='grc' dir='ltr'>σῶμα,</span> <span class='ocrx_word' id='word_1_67' title='bbox 1230 943 1366 997; x_wconf 84' lang='grc' dir='ltr'>ὥστε</span> <span class='ocrx_word' id='word_1_68' title='bbox 1411 941 1568 998; x_wconf 81' lang='grc' dir='ltr'>αύτήν</span> <span class='ocrx_word' id='word_1_69' title='bbox 1605 935 1917 1006; x_wconf 82' lang='grc' dir='ltr'>ὀδυνωμένην</span> <span class='ocrx_word' id='word_1_70' title='bbox 1941 956 2066 991; x_wconf 86' lang='grc' dir='ltr'>παι-</span> 
     </span>
    </p>
   </div>
   <div class='ocr_carea' id='block_1_11' title="bbox 401 1031 2068 1114">
    <p class='ocr_par' dir='ltr' id='par_1_11' title="bbox 401 1031 2068 1114">
     <span class='ocr_line' id='line_1_11' title="bbox 401 1031 2068 1114; baseline -0.011 -16"><span class='ocrx_word' id='word_1_71' title='bbox 401 1033 406 1040; x_wconf 53' lang='grc'><em>’</em></span> <span class='ocrx_word' id='word_1_72' title='bbox 463 1042 698 1100; x_wconf 75' lang='grc' dir='ltr'>δευθῆναι</span> <span class='ocrx_word' id='word_1_73' title='bbox 725 1039 855 1114; x_wconf 83' lang='grc' dir='ltr'>πρὸς</span> <span class='ocrx_word' id='word_1_74' title='bbox 876 1038 935 1092; x_wconf 89' lang='lat'><strong>1&#39;5</strong></span> <span class='ocrx_word' id='word_1_75' title='bbox 964 1040 1114 1107; x_wconf 83' lang='grc' dir='ltr'>τιμᾷν</span> <span class='ocrx_word' id='word_1_76' title='bbox 1143 1037 1229 1091; x_wconf 85' lang='grc' dir='ltr'>τὸν</span> <span class='ocrx_word' id='word_1_77' title='bbox 1251 1035 1394 1099; x_wconf 84' lang='grc' dir='ltr'><strong>Θεὸν,</strong></span> <span class='ocrx_word' id='word_1_78' title='bbox 1417 1039 1530 1092; x_wconf 87' lang='grc' dir='ltr'><strong>πῶς</strong></span> <span class='ocrx_word' id='word_1_79' title='bbox 1558 1037 1798 1106; x_wconf 86' lang='grc' dir='ltr'>συνεργεῖ</span> <span class='ocrx_word' id='word_1_80' title='bbox 1827 1031 1914 1082; x_wconf 84' lang='grc' dir='ltr'><strong>καί</strong></span> <span class='ocrx_word' id='word_1_81' title='bbox 1942 1048 2068 1082; x_wconf 75' lang='grc' dir='ltr'>συνο</span> 
     </span>
    </p>
   </div>
   <div class='ocr_carea' id='block_1_12' title="bbox 463 1120 2067 1208">
    <p class='ocr_par' dir='ltr' id='par_1_12' title="bbox 463 1120 2067 1208">
     <span class='ocr_line' id='line_1_12' title="bbox 463 1120 2067 1208; baseline -0.009 -17"><span class='ocrx_word' id='word_1_82' title='bbox 463 1137 758 1208; x_wconf 79' lang='grc' dir='ltr'>αγωνίζεται</span> <span class='ocrx_word' id='word_1_83' title='bbox 800 1135 927 1206; x_wconf 84' lang='grc' dir='ltr'>αύτῇ</span> <span class='ocrx_word' id='word_1_84' title='bbox 972 1133 1030 1186; x_wconf 73' lang='grc' dir='ltr'>τὸ</span> <span class='ocrx_word' id='word_1_85' title='bbox 1071 1137 1223 1204; x_wconf 87' lang='grc' dir='ltr'>σῶμα</span> <span class='ocrx_word' id='word_1_86' title='bbox 1259 1131 1392 1204; x_wconf 70' lang='grc' dir='ltr'>πρὸς</span> <span class='ocrx_word' id='word_1_87' title='bbox 1432 1129 1489 1182; x_wconf 91' lang='lat'><strong>1&#39;5</strong></span> <span class='ocrx_word' id='word_1_88' title='bbox 1535 1123 1866 1202; x_wconf 73' lang='grc' dir='ltr'>ἁμαρτάνειν,</span> <span class='ocrx_word' id='word_1_89' title='bbox 1896 1120 1922 1178; x_wconf 84' lang='grc' dir='ltr'><strong>ὃ</strong></span> <span class='ocrx_word' id='word_1_90' title='bbox 1957 1130 2067 1183; x_wconf 87' lang='grc' dir='ltr'>τοῖς</span> 
     </span>
    </p>
   </div>
   <div class='ocr_carea' id='block_1_13' title="bbox 463 1216 2069 1300">
    <p class='ocr_par' dir='ltr' id='par_1_13' title="bbox 463 1216 2069 1300">
     <span class='ocr_line' id='line_1_13' title="bbox 463 1216 2069 1300; baseline -0.009 -17"><span class='ocrx_word' id='word_1_91' title='bbox 463 1227 810 1300; x_wconf 78' lang='grc' dir='ltr'><strong>κολαζομένοις</strong></span> <span class='ocrx_word' id='word_1_92' title='bbox 853 1228 1045 1300; x_wconf 85' lang='grc' dir='ltr'>γίνεται</span> <span class='ocrx_word' id='word_1_93' title='bbox 1091 1221 1196 1294; x_wconf 64' lang='lat' dir='ltr'><strong>[Tm</strong></span> <span class='ocrx_word' id='word_1_94' title='bbox 1224 1223 1281 1277; x_wconf 91' lang='grc' dir='ltr'><strong>ού</strong></span> <span class='ocrx_word' id='word_1_95' title='bbox 1316 1216 1560 1294; x_wconf 84' lang='grc' dir='ltr'>γίνεται].</span> <span class='ocrx_word' id='word_1_96' title='bbox 1585 1220 1776 1291; x_wconf 78' lang='grc' dir='ltr'>Δεσμοὶ</span> <span class='ocrx_word' id='word_1_97' title='bbox 1819 1218 1939 1292; x_wconf 81' lang='grc' dir='ltr'>γάρ,</span> <span class='ocrx_word' id='word_1_98' title='bbox 1987 1217 2069 1270; x_wconf 82' lang='grc' dir='ltr'><strong>καί</strong></span> 
     </span>
    </p>
   </div>
   <div class='ocr_carea' id='block_1_14' title="bbox 464 1308 2069 1392">
    <p class='ocr_par' dir='ltr' id='par_1_14' title="bbox 464 1308 2069 1392">
     <span class='ocr_line' id='line_1_14' title="bbox 464 1308 2069 1392; baseline -0.006 -20"><span class='ocrx_word' id='word_1_99' title='bbox 464 1320 704 1392; x_wconf 78' lang='grc' dir='ltr'>φυλακαί,</span> <span class='ocrx_word' id='word_1_100' title='bbox 749 1320 832 1372; x_wconf 85' lang='grc' dir='ltr'><strong>καί</strong></span> <span class='ocrx_word' id='word_1_101' title='bbox 873 1315 1054 1379; x_wconf 80' lang='grc' dir='ltr'><strong>πέδαι,</strong></span> <span class='ocrx_word' id='word_1_102' title='bbox 1105 1317 1188 1368; x_wconf 86' lang='grc' dir='ltr'><strong>καί</strong></span> <span class='ocrx_word' id='word_1_103' title='bbox 1219 1311 1481 1384; x_wconf 81' lang='grc' dir='ltr'>συντόμως</span> <span class='ocrx_word' id='word_1_104' title='bbox 1523 1315 1710 1376; x_wconf 85' lang='grc' dir='ltr'>εἰπεῖν,</span> <span class='ocrx_word' id='word_1_105' title='bbox 1743 1308 1808 1364; x_wconf 79' lang='grc' dir='ltr'><strong>τά</strong></span> <span class='ocrx_word' id='word_1_106' title='bbox 1854 1313 2069 1364; x_wconf 78' lang='grc' dir='ltr'>τοιαῦτα</span> 
     </span>
    </p>
   </div>
   <div class='ocr_carea' id='block_1_15' title="bbox 468 1399 2071 1485">
    <p class='ocr_par' dir='ltr' id='par_1_15' title="bbox 468 1399 2071 1485">
     <span class='ocr_line' id='line_1_15' title="bbox 468 1399 2071 1485; baseline -0.007 -21"><span class='ocrx_word' id='word_1_107' title='bbox 468 1411 701 1485; x_wconf 74' lang='grc' dir='ltr'>ἔφεκτικά</span> <span class='ocrx_word' id='word_1_108' title='bbox 737 1415 829 1464; x_wconf 83' lang='grc' dir='ltr'><strong>τοῦ</strong></span> <span class='ocrx_word' id='word_1_109' title='bbox 879 1407 1094 1471; x_wconf 89' lang='grc' dir='ltr'>ἀδικεῖν,</span> <span class='ocrx_word' id='word_1_110' title='bbox 1125 1409 1212 1460; x_wconf 84' lang='grc' dir='ltr'><strong>καί</strong></span> <span class='ocrx_word' id='word_1_111' title='bbox 1245 1410 1331 1459; x_wconf 88' lang='grc' dir='ltr'><strong>τοῦ</strong></span> <span class='ocrx_word' id='word_1_112' title='bbox 1372 1402 1680 1479; x_wconf 77' lang='grc' dir='ltr'>ἁμαρτάνειν</span> <span class='ocrx_word' id='word_1_113' title='bbox 1718 1407 1828 1460; x_wconf 90' lang='grc' dir='ltr'>τοῖς</span> <span class='ocrx_word' id='word_1_114' title='bbox 1871 1399 2071 1463; x_wconf 80' lang='grc' dir='ltr'>κολαζο-</span> 
     </span>
    </p>
   </div>
   <div class='ocr_carea' id='block_1_16' title="bbox 463 1493 2066 1578">
    <p class='ocr_par' dir='ltr' id='par_1_16' title="bbox 463 1493 2066 1578">
     <span class='ocr_line' id='line_1_16' title="bbox 463 1493 2066 1578; baseline -0.008 -18"><span class='ocrx_word' id='word_1_115' title='bbox 463 1507 627 1576; x_wconf 80' lang='grc' dir='ltr'>μένοις</span> <span class='ocrx_word' id='word_1_116' title='bbox 650 1505 891 1578; x_wconf 90' lang='grc' dir='ltr'>γίνονται.</span> <span class='ocrx_word' id='word_1_117' title='bbox 918 1503 988 1556; x_wconf 76' lang='grc' dir='ltr'><strong>Οὖ</strong></span> <span class='ocrx_word' id='word_1_118' title='bbox 1007 1501 1107 1575; x_wconf 86' lang='grc' dir='ltr'><strong>γάρ</strong></span> <span class='ocrx_word' id='word_1_119' title='bbox 1133 1497 1276 1559; x_wconf 81' lang='grc' dir='ltr'>ὅπως</span> <span class='ocrx_word' id='word_1_120' title='bbox 1294 1497 1318 1552; x_wconf 90' lang='lat'><strong>5</strong></span> <span class='ocrx_word' id='word_1_121' title='bbox 1335 1497 1644 1573; x_wconf 73' lang='grc' dir='ltr'>ἁμαρτήσας</span> <span class='ocrx_word' id='word_1_122' title='bbox 1667 1496 1816 1550; x_wconf 81' lang='grc' dir='ltr'>πλέον</span> <span class='ocrx_word' id='word_1_123' title='bbox 1838 1493 2066 1570; x_wconf 73' lang='grc' dir='ltr'>ἁμάρτῃ,</span> 
     </span>
    </p>
   </div>
   <div class='ocr_carea' id='block_1_17' title="bbox 464 1579 2074 1672">
    <p class='ocr_par' dir='ltr' id='par_1_17' title="bbox 464 1579 2074 1672">
     <span class='ocr_line' id='line_1_17' title="bbox 464 1579 2074 1672; baseline -0.009 -17"><span class='ocrx_word' id='word_1_124' title='bbox 464 1599 708 1672; x_wconf 81' lang='grc' dir='ltr'>συνεργός</span> <span class='ocrx_word' id='word_1_125' title='bbox 755 1598 897 1666; x_wconf 82' lang='grc' dir='ltr'>αὐτῷ</span> <span class='ocrx_word' id='word_1_126' title='bbox 939 1584 1070 1669; x_wconf 77' lang='grc' dir='ltr'>πρὸς</span> <span class='ocrx_word' id='word_1_127' title='bbox 1116 1598 1205 1652; x_wconf 78' lang='grc' dir='ltr'><strong>τήν</strong></span> <span class='ocrx_word' id='word_1_128' title='bbox 1251 1588 1504 1666; x_wconf 73' lang='grc' dir='ltr'>ἁμαρτίαν</span> <span class='ocrx_word' id='word_1_129' title='bbox 1550 1588 1575 1644; x_wconf 90' lang='lat'><strong>5</strong></span> <span class='ocrx_word' id='word_1_130' title='bbox 1615 1586 1804 1658; x_wconf 81' lang='grc' dir='ltr'>δεσμός</span> <span class='ocrx_word' id='word_1_131' title='bbox 1849 1579 2074 1654; x_wconf 65' lang='grc' dir='ltr'>δίδοται,</span> 
     </span>
    </p>
   </div>
   <div class='ocr_carea' id='block_1_18' title="bbox 466 1675 2070 1756">
    <p class='ocr_par' dir='ltr' id='par_1_18' title="bbox 466 1675 2070 1756">
     <span class='ocr_line' id='line_1_18' title="bbox 466 1675 2070 1756; baseline -0.011 -10"><span class='ocrx_word' id='word_1_132' title='bbox 466 1689 569 1746; x_wconf 85' lang='grc' dir='ltr'>ἀλλ’</span> <span class='ocrx_word' id='word_1_133' title='bbox 596 1687 738 1748; x_wconf 86' lang='grc' dir='ltr'>ὅπως</span> <span class='ocrx_word' id='word_1_134' title='bbox 782 1687 1052 1744; x_wconf 79' lang='grc' dir='ltr'>παύσηται</span> <span class='ocrx_word' id='word_1_135' title='bbox 1097 1691 1185 1740; x_wconf 88' lang='grc' dir='ltr'><strong>τοῦ</strong></span> <span class='ocrx_word' id='word_1_136' title='bbox 1231 1682 1538 1756; x_wconf 78' lang='grc' dir='ltr'>ἁμαρτάνειν</span> <span class='ocrx_word' id='word_1_137' title='bbox 1585 1677 1671 1734; x_wconf 81' lang='lat'><strong>5:6:</strong></span> <span class='ocrx_word' id='word_1_138' title='bbox 1721 1685 1821 1733; x_wconf 86' lang='grc' dir='ltr'><strong>τῶν</strong></span> <span class='ocrx_word' id='word_1_139' title='bbox 1869 1675 2070 1747; x_wconf 77' lang='grc' dir='ltr'><strong>δεσμῶν</strong></span> 
     </span>
    </p>
   </div>
   <div class='ocr_carea' id='block_1_19' title="bbox 2164 461 3840 534">
    <p class='ocr_par' dir='ltr' id='par_1_19' title="bbox 2164 461 3840 534">
     <span class='ocr_line' id='line_1_19' title="bbox 2164 461 3840 534; baseline 0.005 -16"><span class='ocrx_word' id='word_1_140' title='bbox 2164 463 2600 534; x_wconf 70' lang='lat' dir='ltr'><strong>prmexistebant,</strong></span> <span class='ocrx_word' id='word_1_141' title='bbox 2643 477 2707 517; x_wconf 89' lang='lat' dir='ltr'><strong>ac</strong></span> <span class='ocrx_word' id='word_1_142' title='bbox 2733 461 2789 516; x_wconf 89' lang='lat' dir='ltr'><strong>in</strong></span> <span class='ocrx_word' id='word_1_143' title='bbox 2826 474 3043 532; x_wconf 60' lang='lat' dir='ltr'><strong>poenam</strong></span> <span class='ocrx_word' id='word_1_144' title='bbox 3071 470 3420 533; x_wconf 78' lang='lat' dir='ltr'><strong>peccatorum</strong></span> <span class='ocrx_word' id='word_1_145' title='bbox 3446 480 3673 523; x_wconf 87' lang='lat' dir='ltr'><strong>suorum</strong></span> <span class='ocrx_word' id='word_1_146' title='bbox 3701 469 3758 526; x_wconf 87' lang='lat' dir='ltr'><strong>in</strong></span> <span class='ocrx_word' id='word_1_147' title='bbox 3837 500 3840 502; x_wconf 57' lang='grc' dir='ltr'><strong>η</strong></span> 
     </span>
    </p>
   </div>
   <div class='ocr_carea' id='block_1_20' title="bbox 2167 553 3758 632">
    <p class='ocr_par' dir='ltr' id='par_1_20' title="bbox 2167 553 3758 632">
     <span class='ocr_line' id='line_1_20' title="bbox 2167 553 3758 632; baseline 0.003 -21"><span class='ocrx_word' id='word_1_148' title='bbox 2167 569 2398 625; x_wconf 89' lang='lat' dir='ltr'><strong>corpora</strong></span> <span class='ocrx_word' id='word_1_149' title='bbox 2423 553 2669 609; x_wconf 66' lang='lat' dir='ltr'><strong>demissae</strong></span> <span class='ocrx_word' id='word_1_150' title='bbox 2711 562 2856 622; x_wconf 91' lang='lat' dir='ltr'><strong>sunt,</strong></span> <span class='ocrx_word' id='word_1_151' title='bbox 2906 562 2967 609; x_wconf 92' lang='lat' dir='ltr'><strong>ut</strong></span> <span class='ocrx_word' id='word_1_152' title='bbox 3008 554 3304 611; x_wconf 74' lang='lat' dir='ltr'><strong>emendata:</strong></span> <span class='ocrx_word' id='word_1_153' title='bbox 3348 557 3758 632; x_wconf 84' lang='lat' dir='ltr'><strong>resipiscerent,</strong></span> 
     </span>
    </p>
   </div>
   <div class='ocr_carea' id='block_1_21' title="bbox 2166 645 3763 724">
    <p class='ocr_par' dir='ltr' id='par_1_21' title="bbox 2166 645 3763 724">
     <span class='ocr_line' id='line_1_21' title="bbox 2166 645 3763 724; baseline 0.003 -20"><span class='ocrx_word' id='word_1_154' title='bbox 2166 663 2260 706; x_wconf 90' lang='lat' dir='ltr'><strong>eas</strong></span> <span class='ocrx_word' id='word_1_155' title='bbox 2309 645 2597 718; x_wconf 79' lang='lat' dir='ltr'><strong>oportebat</strong></span> <span class='ocrx_word' id='word_1_156' title='bbox 2623 646 2853 718; x_wconf 85' lang='lat' dir='ltr'><strong>amplius</strong></span> <span class='ocrx_word' id='word_1_157' title='bbox 2894 662 3002 703; x_wconf 92' lang='lat' dir='ltr'><strong>non</strong></span> <span class='ocrx_word' id='word_1_158' title='bbox 3037 662 3283 718; x_wconf 87' lang='lat' dir='ltr'><strong>peccare.</strong></span> <span class='ocrx_word' id='word_1_159' title='bbox 3327 648 3462 704; x_wconf 84' lang='lat' dir='ltr'><strong>Nam</strong></span> <span class='ocrx_word' id='word_1_160' title='bbox 3489 651 3535 706; x_wconf 88' lang='lat' dir='ltr'><strong>si</strong></span> <span class='ocrx_word' id='word_1_161' title='bbox 3562 667 3763 724; x_wconf 86' lang='lat' dir='ltr'><strong>corpus</strong></span> 
     </span>
    </p>
   </div>
   <div class='ocr_carea' id='block_1_22' title="bbox 2165 739 3762 812">
    <p class='ocr_par' dir='ltr' id='par_1_22' title="bbox 2165 739 3762 812">
     <span class='ocr_line' id='line_1_22' title="bbox 2165 739 3762 812; baseline 0.004 -18"><span class='ocrx_word' id='word_1_162' title='bbox 2165 739 2350 795; x_wconf 89' lang='lat' dir='ltr'><strong>datum</strong></span> <span class='ocrx_word' id='word_1_163' title='bbox 2391 746 2476 794; x_wconf 90' lang='lat' dir='ltr'><strong>est</strong></span> <span class='ocrx_word' id='word_1_164' title='bbox 2505 739 2697 794; x_wconf 70' lang='lat' dir='ltr'><strong>animm</strong></span> <span class='ocrx_word' id='word_1_165' title='bbox 2736 739 2791 794; x_wconf 90' lang='lat' dir='ltr'><strong>in</strong></span> <span class='ocrx_word' id='word_1_166' title='bbox 2819 739 3140 810; x_wconf 85' lang='lat' dir='ltr'><strong>supplicium</strong></span> <span class='ocrx_word' id='word_1_167' title='bbox 3169 748 3394 811; x_wconf 84' lang='lat' dir='ltr'><strong>propter</strong></span> <span class='ocrx_word' id='word_1_168' title='bbox 3421 752 3669 812; x_wconf 86' lang='lat' dir='ltr'><strong>peccata,</strong></span> <span class='ocrx_word' id='word_1_169' title='bbox 3701 753 3762 800; x_wconf 90' lang='lat' dir='ltr'><strong>ut</strong></span> 
     </span>
    </p>
   </div>
   <div class='ocr_carea' id='block_1_23' title="bbox 2167 831 3752 905">
    <p class='ocr_par' dir='ltr' id='par_1_23' title="bbox 2167 831 3752 905">
     <span class='ocr_line' id='line_1_23' title="bbox 2167 831 3752 905; baseline 0.003 -17"><span class='ocrx_word' id='word_1_170' title='bbox 2167 834 2446 890; x_wconf 90' lang='lat' dir='ltr'><strong>doloribus</strong></span> <span class='ocrx_word' id='word_1_171' title='bbox 2489 831 2871 888; x_wconf 89' lang='lat' dir='ltr'><strong>emendaretur</strong></span> <span class='ocrx_word' id='word_1_172' title='bbox 2921 833 2989 888; x_wconf 91' lang='lat' dir='ltr'><strong>ad</strong></span> <span class='ocrx_word' id='word_1_173' title='bbox 3041 832 3504 890; x_wconf 86' lang='lat' dir='ltr'><strong>honoriﬁcandum</strong></span> <span class='ocrx_word' id='word_1_174' title='bbox 3557 836 3752 905; x_wconf 88' lang='lat' dir='ltr'><strong>Deum,</strong></span> 
     </span>
    </p>
   </div>
   <div class='ocr_carea' id='block_1_24' title="bbox 2167 923 3764 998">
    <p class='ocr_par' dir='ltr' id='par_1_24' title="bbox 2167 923 3764 998">
     <span class='ocr_line' id='line_1_24' title="bbox 2167 923 3764 998; baseline 0.004 -21"><span class='ocrx_word' id='word_1_175' title='bbox 2167 923 2439 994; x_wconf 89' lang='lat' dir='ltr'><strong>quomodo</strong></span> <span class='ocrx_word' id='word_1_176' title='bbox 2465 939 2662 994; x_wconf 87' lang='lat' dir='ltr'><strong>corpus</strong></span> <span class='ocrx_word' id='word_1_177' title='bbox 2690 938 2810 978; x_wconf 89' lang='lat' dir='ltr'><strong>eam</strong></span> <span class='ocrx_word' id='word_1_178' title='bbox 2843 923 3062 993; x_wconf 85' lang='lat' dir='ltr'><strong>adjuvat</strong></span> <span class='ocrx_word' id='word_1_179' title='bbox 3088 932 3144 979; x_wconf 91' lang='lat' dir='ltr'><strong>et</strong></span> <span class='ocrx_word' id='word_1_180' title='bbox 3191 925 3513 982; x_wconf 83' lang='lat' dir='ltr'><strong>corroborat</strong></span> <span class='ocrx_word' id='word_1_181' title='bbox 3534 926 3604 981; x_wconf 88' lang='lat' dir='ltr'><strong>ad</strong></span> <span class='ocrx_word' id='word_1_182' title='bbox 3629 944 3764 998; x_wconf 84' lang='lat' dir='ltr'><strong>pec-</strong></span> 
     </span>
    </p>
   </div>
   <div class='ocr_carea' id='block_1_25' title="bbox 2167 1015 3762 1086">
    <p class='ocr_par' dir='ltr' id='par_1_25' title="bbox 2167 1015 3762 1086">
     <span class='ocr_line' id='line_1_25' title="bbox 2167 1015 3762 1086; baseline 0.003 -15"><span class='ocrx_word' id='word_1_183' title='bbox 2167 1015 2422 1082; x_wconf 89' lang='lat' dir='ltr'><strong>candum,</strong></span> <span class='ocrx_word' id='word_1_184' title='bbox 2453 1015 2599 1086; x_wconf 90' lang='lat' dir='ltr'><strong>quod</strong></span> <span class='ocrx_word' id='word_1_185' title='bbox 2629 1015 2696 1070; x_wconf 92' lang='lat' dir='ltr'><strong>iis</strong></span> <span class='ocrx_word' id='word_1_186' title='bbox 2722 1015 2814 1084; x_wconf 90' lang='lat' dir='ltr'><strong>qui</strong></span> <span class='ocrx_word' id='word_1_187' title='bbox 2837 1030 2998 1084; x_wconf 82' lang='lat' dir='ltr'><strong>poena</strong></span> <span class='ocrx_word' id='word_1_188' title='bbox 3022 1015 3350 1082; x_wconf 79' lang='lat' dir='ltr'><strong>afﬁciuntur,</strong></span> <span class='ocrx_word' id='word_1_189' title='bbox 3382 1033 3491 1073; x_wconf 92' lang='lat' dir='ltr'><strong>non</strong></span> <span class='ocrx_word' id='word_1_190' title='bbox 3532 1019 3762 1076; x_wconf 79' lang='lat' dir='ltr'><strong>evenit?</strong></span> 
     </span>
    </p>
   </div>
   <div class='ocr_carea' id='block_1_26' title="bbox 2167 1106 3762 1180">
    <p class='ocr_par' dir='ltr' id='par_1_26' title="bbox 2167 1106 3762 1180">
     <span class='ocr_line' id='line_1_26' title="bbox 2167 1106 3762 1180; baseline 0.004 -19"><span class='ocrx_word' id='word_1_191' title='bbox 2167 1106 2390 1162; x_wconf 80' lang='lat' dir='ltr'><strong>Vincula</strong></span> <span class='ocrx_word' id='word_1_192' title='bbox 2423 1108 2588 1173; x_wconf 91' lang='lat' dir='ltr'><strong>enim,</strong></span> <span class='ocrx_word' id='word_1_193' title='bbox 2632 1122 2898 1174; x_wconf 85' lang='lat' dir='ltr'><strong>carceres,</strong></span> <span class='ocrx_word' id='word_1_194' title='bbox 2946 1109 3257 1180; x_wconf 87' lang='lat' dir='ltr'><strong>compedes,</strong></span> <span class='ocrx_word' id='word_1_195' title='bbox 3289 1125 3371 1178; x_wconf 91' lang='lat' dir='ltr'><strong>ac,</strong></span> <span class='ocrx_word' id='word_1_196' title='bbox 3421 1119 3481 1166; x_wconf 90' lang='lat' dir='ltr'><strong>ut</strong></span> <span class='ocrx_word' id='word_1_197' title='bbox 3519 1111 3762 1169; x_wconf 88' lang='lat' dir='ltr'><strong>breviter</strong></span> 
     </span>
    </p>
   </div>
   <div class='ocr_carea' id='block_1_27' title="bbox 2167 1197 3763 1275">
    <p class='ocr_par' dir='ltr' id='par_1_27' title="bbox 2167 1197 3763 1275">
     <span class='ocr_line' id='line_1_27' title="bbox 2167 1197 3763 1275; baseline 0.006 -23"><span class='ocrx_word' id='word_1_198' title='bbox 2167 1197 2364 1265; x_wconf 86' lang='lat' dir='ltr'><strong>dicam,</strong></span> <span class='ocrx_word' id='word_1_199' title='bbox 2415 1200 2596 1256; x_wconf 88' lang='lat' dir='ltr'><strong>omnia</strong></span> <span class='ocrx_word' id='word_1_200' title='bbox 2627 1199 2914 1269; x_wconf 81' lang='lat' dir='ltr'><strong>ejusmodi,</strong></span> <span class='ocrx_word' id='word_1_201' title='bbox 2961 1201 3270 1273; x_wconf 75' lang='lat' dir='ltr'><strong>iniquitates</strong></span> <span class='ocrx_word' id='word_1_202' title='bbox 3299 1211 3354 1258; x_wconf 88' lang='lat' dir='ltr'><strong>et</strong></span> <span class='ocrx_word' id='word_1_203' title='bbox 3396 1213 3621 1275; x_wconf 87' lang='lat' dir='ltr'><strong>peccata</strong></span> <span class='ocrx_word' id='word_1_204' title='bbox 3665 1220 3763 1261; x_wconf 88' lang='lat' dir='ltr'><strong>eo-</strong></span> 
     </span>
    </p>
   </div>
   <div class='ocr_carea' id='block_1_28' title="bbox 2167 1291 3758 1366">
    <p class='ocr_par' dir='ltr' id='par_1_28' title="bbox 2167 1291 3758 1366">
     <span class='ocr_line' id='line_1_28' title="bbox 2167 1291 3758 1366; baseline 0.004 -20"><span class='ocrx_word' id='word_1_205' title='bbox 2167 1306 2288 1346; x_wconf 87' lang='lat' dir='ltr'><strong>rum</strong></span> <span class='ocrx_word' id='word_1_206' title='bbox 2334 1291 2609 1358; x_wconf 84' lang='lat' dir='ltr'><strong>cohibent,</strong></span> <span class='ocrx_word' id='word_1_207' title='bbox 2665 1292 2758 1362; x_wconf 88' lang='lat' dir='ltr'><strong>qui</strong></span> <span class='ocrx_word' id='word_1_208' title='bbox 2801 1291 2914 1362; x_wconf 88' lang='lat' dir='ltr'><strong>jam</strong></span> <span class='ocrx_word' id='word_1_209' title='bbox 2943 1309 3134 1364; x_wconf 72' lang='lat' dir='ltr'><strong>poenas</strong></span> <span class='ocrx_word' id='word_1_210' title='bbox 3180 1295 3355 1349; x_wconf 91' lang='lat' dir='ltr'><strong>luunt.</strong></span> <span class='ocrx_word' id='word_1_211' title='bbox 3395 1294 3508 1352; x_wconf 89' lang='lat' dir='ltr'><strong>Nec</strong></span> <span class='ocrx_word' id='word_1_212' title='bbox 3551 1303 3614 1350; x_wconf 91' lang='lat' dir='ltr'><strong>ut</strong></span> <span class='ocrx_word' id='word_1_213' title='bbox 3662 1297 3758 1366; x_wconf 87' lang='lat' dir='ltr'><strong>qui</strong></span> 
     </span>
    </p>
   </div>
   <div class='ocr_carea' id='block_1_29' title="bbox 2173 1383 3762 1457">
    <p class='ocr_par' dir='ltr' id='par_1_29' title="bbox 2173 1383 3762 1457">
     <span class='ocr_line' id='line_1_29' title="bbox 2173 1383 3762 1457; baseline 0.003 -19"><span class='ocrx_word' id='word_1_214' title='bbox 2173 1383 2432 1454; x_wconf 86' lang='lat' dir='ltr'><strong>peccarit,</strong></span> <span class='ocrx_word' id='word_1_215' title='bbox 2478 1384 2709 1455; x_wconf 80' lang='lat' dir='ltr'><strong>amplius</strong></span> <span class='ocrx_word' id='word_1_216' title='bbox 2751 1391 2970 1455; x_wconf 85' lang='lat' dir='ltr'><strong>peccet,</strong></span> <span class='ocrx_word' id='word_1_217' title='bbox 3021 1385 3234 1442; x_wconf 88' lang='lat' dir='ltr'><strong>vincula</strong></span> <span class='ocrx_word' id='word_1_218' title='bbox 3263 1385 3315 1440; x_wconf 90' lang='lat' dir='ltr'><strong>ei</strong></span> <span class='ocrx_word' id='word_1_219' title='bbox 3345 1385 3614 1442; x_wconf 91' lang='lat' dir='ltr'><strong>adduntur</strong></span> <span class='ocrx_word' id='word_1_220' title='bbox 3640 1402 3762 1457; x_wconf 67' lang='lat' dir='ltr'><strong>qua:</strong></span> 
     </span>
    </p>
   </div>
   <div class='ocr_carea' id='block_1_30' title="bbox 2171 1474 3762 1546">
    <p class='ocr_par' dir='ltr' id='par_1_30' title="bbox 2171 1474 3762 1546">
     <span class='ocr_line' id='line_1_30' title="bbox 2171 1474 3762 1546; baseline 0.004 -17"><span class='ocrx_word' id='word_1_221' title='bbox 2171 1474 2238 1529; x_wconf 89' lang='lat' dir='ltr'><strong>ad</strong></span> <span class='ocrx_word' id='word_1_222' title='bbox 2258 1475 2590 1546; x_wconf 88' lang='lat' dir='ltr'><strong>peccandum</strong></span> <span class='ocrx_word' id='word_1_223' title='bbox 2617 1475 2910 1546; x_wconf 88' lang='lat' dir='ltr'><strong>adjuvent;</strong></span> <span class='ocrx_word' id='word_1_224' title='bbox 2939 1476 3038 1532; x_wconf 87' lang='lat' dir='ltr'><strong>sed</strong></span> <span class='ocrx_word' id='word_1_225' title='bbox 3068 1485 3126 1532; x_wconf 92' lang='lat' dir='ltr'><strong>ut</strong></span> <span class='ocrx_word' id='word_1_226' title='bbox 3152 1477 3487 1533; x_wconf 86' lang='lat' dir='ltr'><strong>vinculorum</strong></span> <span class='ocrx_word' id='word_1_227' title='bbox 3516 1478 3762 1536; x_wconf 87' lang='lat' dir='ltr'><strong>cruciatu</strong></span> 
     </span>
    </p>
   </div>
   <div class='ocr_carea' id='block_1_31' title="bbox 2171 1567 3763 1640">
    <p class='ocr_par' dir='ltr' id='par_1_31' title="bbox 2171 1567 3763 1640">
     <span class='ocr_line' id='line_1_31' title="bbox 2171 1567 3763 1640; baseline 0.004 -18"><span class='ocrx_word' id='word_1_228' title='bbox 2171 1583 2402 1639; x_wconf 87' lang='lat' dir='ltr'><strong>peccare</strong></span> <span class='ocrx_word' id='word_1_229' title='bbox 2433 1568 2676 1626; x_wconf 83' lang='lat' dir='ltr'><strong>desistat.</strong></span> <span class='ocrx_word' id='word_1_230' title='bbox 2711 1567 2890 1636; x_wconf 86' lang='lat' dir='ltr'><strong>Quare</strong></span> <span class='ocrx_word' id='word_1_231' title='bbox 2918 1570 3267 1640; x_wconf 90' lang='lat' dir='ltr'><strong>perspicuum</strong></span> <span class='ocrx_word' id='word_1_232' title='bbox 3295 1579 3398 1638; x_wconf 87' lang='lat' dir='ltr'><strong>est,</strong></span> <span class='ocrx_word' id='word_1_233' title='bbox 3435 1587 3543 1627; x_wconf 93' lang='lat' dir='ltr'><strong>non</strong></span> <span class='ocrx_word' id='word_1_234' title='bbox 3572 1573 3640 1627; x_wconf 88' lang='lat' dir='ltr'><strong>ad</strong></span> <span class='ocrx_word' id='word_1_235' title='bbox 3671 1588 3763 1628; x_wconf 81' lang='lat' dir='ltr'><strong>su-</strong></span> 
     </span>
    </p>
   </div>
   <div class='ocr_carea' id='block_1_32' title="bbox 2175 1659 3759 1731">
    <p class='ocr_par' dir='ltr' id='par_1_32' title="bbox 2175 1659 3759 1731">
     <span class='ocr_line' id='line_1_32' title="bbox 2175 1659 3759 1731; baseline 0.003 -18"><span class='ocrx_word' id='word_1_236' title='bbox 2175 1659 2446 1729; x_wconf 89' lang='lat' dir='ltr'><strong>periorum</strong></span> <span class='ocrx_word' id='word_1_237' title='bbox 2468 1667 2815 1730; x_wconf 90' lang='lat' dir='ltr'><strong>peccatorum</strong></span> <span class='ocrx_word' id='word_1_238' title='bbox 2839 1659 3266 1727; x_wconf 78' lang='lat' dir='ltr'><strong>castigationem,</strong></span> <span class='ocrx_word' id='word_1_239' title='bbox 3290 1670 3350 1716; x_wconf 92' lang='lat' dir='ltr'><strong>ut</strong></span> <span class='ocrx_word' id='word_1_240' title='bbox 3373 1661 3448 1716; x_wconf 91' lang='lat' dir='ltr'><strong>illi</strong></span> <span class='ocrx_word' id='word_1_241' title='bbox 3470 1671 3759 1731; x_wconf 85' lang='lat' dir='ltr'><strong>nugantur,</strong></span> 
     </span>
    </p>
   </div>
   <div class='ocr_carea' id='block_1_33' title="bbox 465 1751 2074 1855">
    <p class='ocr_par' dir='ltr' id='par_1_33' title="bbox 465 1767 2070 1855">
     <span class='ocr_line' id='line_1_33' title="bbox 465 1767 2070 1855; baseline -0.01 -18"><span class='ocrx_word' id='word_1_242' title='bbox 465 1782 884 1854; x_wconf 81' lang='grc' dir='ltr'>βασανιζόμενος.</span> <span class='ocrx_word' id='word_1_243' title='bbox 911 1774 1158 1855; x_wconf 82' lang='grc' dir='ltr'>Πρόδηλον</span> <span class='ocrx_word' id='word_1_244' title='bbox 1187 1777 1376 1838; x_wconf 81' lang='grc' dir='ltr'>τοίνυν,</span> <span class='ocrx_word' id='word_1_245' title='bbox 1411 1770 1492 1827; x_wconf 85' lang='grc' dir='ltr'>ὄτι</span> <span class='ocrx_word' id='word_1_246' title='bbox 1517 1771 1575 1824; x_wconf 91' lang='grc' dir='ltr'><strong>ού</strong></span> <span class='ocrx_word' id='word_1_247' title='bbox 1605 1769 1690 1824; x_wconf 90' lang='lat'><strong>5:6:</strong></span> <span class='ocrx_word' id='word_1_248' title='bbox 1716 1767 2070 1843; x_wconf 80' lang='grc' dir='ltr'>σωφρονισμὸν</span> 
     </span>
    </p>
   </div>
   <div class='ocr_carea' id='block_1_34' title="bbox 2176 1751 3760 1855">
    <p class='ocr_par' dir='ltr' id='par_1_34' title="bbox 2176 1751 3760 1821">
     <span class='ocr_line' id='line_1_34' title="bbox 2176 1751 3760 1821; baseline 0.003 -15"><span class='ocrx_word' id='word_1_249' title='bbox 2176 1751 2494 1821; x_wconf 85' lang='lat' dir='ltr'><strong>corporibus</strong></span> <span class='ocrx_word' id='word_1_250' title='bbox 2522 1751 2786 1806; x_wconf 86' lang='lat' dir='ltr'><strong>immissas</strong></span> <span class='ocrx_word' id='word_1_251' title='bbox 2835 1764 2955 1806; x_wconf 90' lang='lat' dir='ltr'><strong>esse</strong></span> <span class='ocrx_word' id='word_1_252' title='bbox 2987 1751 3232 1818; x_wconf 88' lang='lat' dir='ltr'><strong>animas;</strong></span> <span class='ocrx_word' id='word_1_253' title='bbox 3278 1751 3372 1807; x_wconf 89' lang='lat' dir='ltr'><strong>sed</strong></span> <span class='ocrx_word' id='word_1_254' title='bbox 3400 1753 3558 1808; x_wconf 91' lang='lat' dir='ltr'><strong>simul</strong></span> <span class='ocrx_word' id='word_1_255' title='bbox 3589 1752 3760 1810; x_wconf 87' lang='lat' dir='ltr'><strong>Deum</strong></span> 
     </span>
    </p>
   </div>
   <div class='ocr_carea' id='block_1_35' title="bbox 465 1861 2069 1951">
    <p class='ocr_par' dir='ltr' id='par_1_35' title="bbox 465 1861 2069 1951">
     <span class='ocr_line' id='line_1_35' title="bbox 465 1861 2069 1951; baseline -0.008 -22"><span class='ocrx_word' id='word_1_256' title='bbox 465 1874 834 1951; x_wconf 70' lang='grc' dir='ltr'>προλαϐουσῶν</span> <span class='ocrx_word' id='word_1_257' title='bbox 859 1871 1117 1948; x_wconf 78' lang='grc' dir='ltr'>ἁμαρτιῶν</span> <span class='ocrx_word' id='word_1_258' title='bbox 1142 1875 1246 1930; x_wconf 85' lang='grc' dir='ltr'>τοῖς</span> <span class='ocrx_word' id='word_1_259' title='bbox 1274 1869 1507 1938; x_wconf 82' lang='grc' dir='ltr'>σώμασιν</span> <span class='ocrx_word' id='word_1_260' title='bbox 1529 1864 1860 1922; x_wconf 72' lang='grc' dir='ltr'>ἐνεϐλήθησαν</span> <span class='ocrx_word' id='word_1_261' title='bbox 1885 1863 1938 1916; x_wconf 82' lang='grc' dir='ltr'>αἱ</span> <span class='ocrx_word' id='word_1_262' title='bbox 1965 1861 2069 1932; x_wconf 72' lang='grc' dir='ltr'>ψυ-</span> 
     </span>
    </p>
   </div>
   <div class='ocr_carea' id='block_1_36' title="bbox 466 1956 2095 2041">
    <p class='ocr_par' dir='ltr' id='par_1_36' title="bbox 466 1956 2095 2041">
     <span class='ocr_line' id='line_1_36' title="bbox 466 1956 2095 2041; baseline -0.009 -18"><span class='ocrx_word' id='word_1_263' title='bbox 466 1971 570 2041; x_wconf 87' lang='grc' dir='ltr'><strong>χαί</strong></span> <span class='ocrx_word' id='word_1_264' title='bbox 593 1970 723 2024; x_wconf 88' lang='grc' dir='ltr'><strong>κατά</strong></span> <span class='ocrx_word' id='word_1_265' title='bbox 751 1970 873 2027; x_wconf 84' lang='grc' dir='ltr'>τούς</span> <span class='ocrx_word' id='word_1_266' title='bbox 903 1967 1096 2020; x_wconf 76' lang='grc' dir='ltr'>ἐκείνων</span> <span class='ocrx_word' id='word_1_267' title='bbox 1122 1965 1329 2033; x_wconf 79' lang='grc' dir='ltr'>λήρους,</span> <span class='ocrx_word' id='word_1_268' title='bbox 1363 1961 1490 2015; x_wconf 87' lang='grc' dir='ltr'><strong>άλλά</strong></span> <span class='ocrx_word' id='word_1_269' title='bbox 1517 1962 1648 2014; x_wconf 73' lang='grc' dir='ltr'>κατὰ</span> <span class='ocrx_word' id='word_1_270' title='bbox 1674 1959 1861 2014; x_wconf 84' lang='grc' dir='ltr'>ταυτὸν</span> <span class='ocrx_word' id='word_1_271' title='bbox 1891 1956 1916 2010; x_wconf 96' lang='lat'><strong>5</strong></span> <span class='ocrx_word' id='word_1_272' title='bbox 1945 1957 2095 2017; x_wconf 47' lang='grc' dir='ltr'><strong>Θεὸς</strong></span> 
     </span>
    </p>
   </div>
   <div class='ocr_carea' id='block_1_37' title="bbox 465 2049 2070 2134">
    <p class='ocr_par' dir='ltr' id='par_1_37' title="bbox 465 2049 2070 2134">
     <span class='ocr_line' id='line_1_37' title="bbox 465 2049 2070 2134; baseline -0.005 -18"><span class='ocrx_word' id='word_1_273' title='bbox 465 2060 523 2116; x_wconf 82' lang='grc' dir='ltr'><strong>τό</strong></span> <span class='ocrx_word' id='word_1_274' title='bbox 545 2082 599 2116; x_wconf 88' lang='grc' dir='ltr'><strong>τε</strong></span> <span class='ocrx_word' id='word_1_275' title='bbox 627 2067 796 2134; x_wconf 80' lang='grc' dir='ltr'>σῶμα,</span> <span class='ocrx_word' id='word_1_276' title='bbox 816 2064 905 2118; x_wconf 74' lang='grc' dir='ltr'>τήν</span> <span class='ocrx_word' id='word_1_277' title='bbox 927 2079 981 2114; x_wconf 87' lang='grc' dir='ltr'><strong>τε</strong></span> <span class='ocrx_word' id='word_1_278' title='bbox 1003 2058 1206 2128; x_wconf 70' lang='grc' dir='ltr'>ψυχὴν,</span> <span class='ocrx_word' id='word_1_279' title='bbox 1230 2056 1472 2111; x_wconf 83' lang='grc' dir='ltr'>τουτέστι</span> <span class='ocrx_word' id='word_1_280' title='bbox 1494 2053 1679 2108; x_wconf 85' lang='grc' dir='ltr'>τέλειον</span> <span class='ocrx_word' id='word_1_281' title='bbox 1707 2052 1791 2108; x_wconf 83' lang='grc' dir='ltr'><strong>τόν</strong></span> <span class='ocrx_word' id='word_1_282' title='bbox 1817 2049 2070 2130; x_wconf 83' lang='grc' dir='ltr'>ἄνθρωπον</span> 
     </span>
    </p>
   </div>
   <div class='ocr_carea' id='block_1_38' title="bbox 466 2148 2071 2230">
    <p class='ocr_par' dir='ltr' id='par_1_38' title="bbox 466 2148 2071 2230">
     <span class='ocr_line' id='line_1_38' title="bbox 466 2148 2071 2230; baseline -0.006 -22"><span class='ocrx_word' id='word_1_283' title='bbox 466 2152 886 2230; x_wconf 77' lang='grc' dir='ltr'>ἐδημιούργησεν.</span> <span class='ocrx_word' id='word_1_284' title='bbox 912 2151 1054 2207; x_wconf 86' lang='grc' dir='ltr'>Ὀθεν</span> <span class='ocrx_word' id='word_1_285' title='bbox 1079 2159 1178 2206; x_wconf 83' lang='grc' dir='ltr'>τῶν</span> <span class='ocrx_word' id='word_1_286' title='bbox 1208 2149 1293 2205; x_wconf 88' lang='lat'><strong>5:6:</strong></span> <span class='ocrx_word' id='word_1_287' title='bbox 1321 2154 1414 2203; x_wconf 85' lang='grc' dir='ltr'><strong>τοῦ</strong></span> <span class='ocrx_word' id='word_1_288' title='bbox 1441 2151 1682 2218; x_wconf 79' lang='grc' dir='ltr'>σώματος</span> <span class='ocrx_word' id='word_1_289' title='bbox 1706 2148 1821 2216; x_wconf 79' lang='grc' dir='ltr'>ἡμῖν</span> <span class='ocrx_word' id='word_1_290' title='bbox 1846 2167 2071 2223; x_wconf 84' lang='grc' dir='ltr'>πεπραγ-</span> 
     </span>
    </p>
   </div>
   <div class='ocr_carea' id='block_1_39' title="bbox 469 2235 2071 2320">
    <p class='ocr_par' dir='ltr' id='par_1_39' title="bbox 469 2235 2071 2320">
     <span class='ocr_line' id='line_1_39' title="bbox 469 2235 2071 2320; baseline -0.006 -18"><span class='ocrx_word' id='word_1_291' title='bbox 469 2249 646 2320; x_wconf 86' lang='grc' dir='ltr'>μένων,</span> <span class='ocrx_word' id='word_1_292' title='bbox 679 2245 775 2301; x_wconf 80' lang='grc' dir='ltr'>εἴτε</span> <span class='ocrx_word' id='word_1_293' title='bbox 805 2247 1036 2316; x_wconf 80' lang='grc' dir='ltr'>ἀγαθῶν,</span> <span class='ocrx_word' id='word_1_294' title='bbox 1071 2241 1168 2297; x_wconf 79' lang='grc' dir='ltr'>εἴτε</span> <span class='ocrx_word' id='word_1_295' title='bbox 1197 2241 1416 2314; x_wconf 73' lang='grc' dir='ltr'>φαύλων,</span> <span class='ocrx_word' id='word_1_296' title='bbox 1449 2244 1536 2299; x_wconf 74' lang='grc' dir='ltr'>τὴν</span> <span class='ocrx_word' id='word_1_297' title='bbox 1579 2235 1918 2293; x_wconf 81' lang='grc' dir='ltr'>ἀνταπόδοσιν</span> <span class='ocrx_word' id='word_1_298' title='bbox 1945 2238 2071 2292; x_wconf 83' lang='grc' dir='ltr'>ἀνα-</span> 
     </span>
    </p>
   </div>
   <div class='ocr_carea' id='block_1_40' title="bbox 469 2328 2070 2411">
    <p class='ocr_par' dir='ltr' id='par_1_40' title="bbox 469 2328 2070 2411">
     <span class='ocr_line' id='line_1_40' title="bbox 469 2328 2070 2411; baseline -0.006 -19"><span class='ocrx_word' id='word_1_299' title='bbox 469 2340 700 2408; x_wconf 85' lang='grc' dir='ltr'>μένομεν.</span> <span class='ocrx_word' id='word_1_300' title='bbox 730 2341 889 2391; x_wconf 88' lang='grc' dir='ltr'>Τοῦτο</span> <span class='ocrx_word' id='word_1_301' title='bbox 927 2336 1024 2411; x_wconf 86' lang='grc' dir='ltr'><strong>γάρ</strong></span> <span class='ocrx_word' id='word_1_302' title='bbox 1071 2337 1194 2404; x_wconf 77' lang='grc' dir='ltr'>ἡμῖν</span> <span class='ocrx_word' id='word_1_303' title='bbox 1239 2329 1587 2409; x_wconf 84' lang='grc' dir='ltr'>παραδίδωσιν</span> <span class='ocrx_word' id='word_1_304' title='bbox 1623 2332 1707 2384; x_wconf 82' lang='grc' dir='ltr'><strong>καί</strong></span> <span class='ocrx_word' id='word_1_305' title='bbox 1731 2328 1756 2383; x_wconf 87' lang='lat'><strong>5</strong></span> <span class='ocrx_word' id='word_1_306' title='bbox 1783 2329 1912 2388; x_wconf 84' lang='grc' dir='ltr'>Οεῖος</span> <span class='ocrx_word' id='word_1_307' title='bbox 1937 2328 2070 2382; x_wconf 87' lang='grc' dir='ltr'>ἀπό-</span> 
     </span>
    </p>
   </div>
   <div class='ocr_carea' id='block_1_41' title="bbox 471 2420 2070 2499">
    <p class='ocr_par' dir='ltr' id='par_1_41' title="bbox 471 2420 2070 2499">
     <span class='ocr_line' id='line_1_41' title="bbox 471 2420 2070 2499; baseline -0.007 -15"><span class='ocrx_word' id='word_1_308' title='bbox 471 2429 651 2489; x_wconf 87' lang='grc' dir='ltr'>στολος</span> <span class='ocrx_word' id='word_1_309' title='bbox 691 2429 903 2490; x_wconf 83' lang='grc' dir='ltr'>Παῦλος,</span> <span class='ocrx_word' id='word_1_310' title='bbox 935 2427 1090 2499; x_wconf 78' lang='grc' dir='ltr'>λέγων</span> <span class='ocrx_word' id='word_1_311' title='bbox 1107 2441 1120 2454; x_wconf 77' lang='grc'><strong><em>³</em></strong></span> <span class='ocrx_word' id='word_1_312' title='bbox 1155 2441 1175 2474; x_wconf 76' lang='grc' dir='ltr'><strong>ε</strong></span> <span class='ocrx_word' id='word_1_313' title='bbox 1197 2421 1315 2478; x_wconf 76' lang='grc' dir='ltr'>Ὀτι</span> <span class='ocrx_word' id='word_1_314' title='bbox 1345 2424 1542 2482; x_wconf 82' lang='grc' dir='ltr'>πάντας</span> <span class='ocrx_word' id='word_1_315' title='bbox 1569 2423 1704 2492; x_wconf 76' lang='grc' dir='ltr'>ἡμᾶς</span> <span class='ocrx_word' id='word_1_316' title='bbox 1729 2420 2070 2496; x_wconf 78' lang='grc' dir='ltr'>φανερωθῆναι</span> 
     </span>
    </p>
   </div>
   <div class='ocr_carea' id='block_1_42' title="bbox 470 2516 2071 2599">
    <p class='ocr_par' dir='ltr' id='par_1_42' title="bbox 470 2516 2071 2599">
     <span class='ocr_line' id='line_1_42' title="bbox 470 2516 2071 2599; baseline -0.007 -19"><span class='ocrx_word' id='word_1_317' title='bbox 470 2523 552 2580; x_wconf 83' lang='grc' dir='ltr'><strong>δεῖ</strong></span> <span class='ocrx_word' id='word_1_318' title='bbox 573 2523 866 2599; x_wconf 79' lang='grc' dir='ltr'>ἔμπροσθεν</span> <span class='ocrx_word' id='word_1_319' title='bbox 891 2527 980 2578; x_wconf 89' lang='grc' dir='ltr'><strong>τοῦ</strong></span> <span class='ocrx_word' id='word_1_320' title='bbox 1012 2521 1242 2592; x_wconf 82' lang='grc' dir='ltr'>βήματος</span> <span class='ocrx_word' id='word_1_321' title='bbox 1276 2525 1360 2573; x_wconf 88' lang='grc' dir='ltr'><strong>τοῦ</strong></span> <span class='ocrx_word' id='word_1_322' title='bbox 1401 2521 1646 2593; x_wconf 87' lang='grc' dir='ltr'>Χριστοῦ,</span> <span class='ocrx_word' id='word_1_323' title='bbox 1673 2516 1756 2570; x_wconf 85' lang='grc' dir='ltr'>ἶνα</span> <span class='ocrx_word' id='word_1_324' title='bbox 1801 2516 2071 2584; x_wconf 80' lang='grc' dir='ltr'>κομίσηται</span> 
     </span>
    </p>
   </div>
   <div class='ocr_carea' id='block_1_43' title="bbox 472 2605 2072 2686">
    <p class='ocr_par' dir='ltr' id='par_1_43' title="bbox 472 2605 2072 2686">
     <span class='ocr_line' id='line_1_43' title="bbox 472 2605 2072 2686; baseline -0.007 -15"><span class='ocrx_word' id='word_1_325' title='bbox 472 2617 692 2677; x_wconf 82' lang='grc' dir='ltr'>ἕκαστος</span> <span class='ocrx_word' id='word_1_326' title='bbox 716 2618 784 2671; x_wconf 89' lang='lat'><strong>16:</strong></span> <span class='ocrx_word' id='word_1_327' title='bbox 813 2614 895 2670; x_wconf 85' lang='lat'><strong>5:6:</strong></span> <span class='ocrx_word' id='word_1_328' title='bbox 919 2620 1012 2670; x_wconf 77' lang='grc' dir='ltr'><strong>τοῦ</strong></span> <span class='ocrx_word' id='word_1_329' title='bbox 1043 2615 1284 2683; x_wconf 74' lang='grc' dir='ltr'>σώματος</span> <span class='ocrx_word' id='word_1_330' title='bbox 1331 2611 1463 2686; x_wconf 83' lang='grc' dir='ltr'>πρὸς</span> <span class='ocrx_word' id='word_1_331' title='bbox 1486 2609 1518 2662; x_wconf 81' lang='grc' dir='ltr'>ἃ</span> <span class='ocrx_word' id='word_1_332' title='bbox 1539 2607 1782 2684; x_wconf 78' lang='grc' dir='ltr'>ἔπραξεν,</span> <span class='ocrx_word' id='word_1_333' title='bbox 1817 2605 1914 2662; x_wconf 80' lang='grc' dir='ltr'>εἴτε</span> <span class='ocrx_word' id='word_1_334' title='bbox 1945 2607 2072 2680; x_wconf 89' lang='grc' dir='ltr'>ἀγα-</span> 
     </span>
    </p>
   </div>
   <div class='ocr_carea' id='block_1_44' title="bbox 473 2700 2069 2786">
    <p class='ocr_par' dir='ltr' id='par_1_44' title="bbox 473 2700 2069 2786">
     <span class='ocr_line' id='line_1_44' title="bbox 473 2700 2069 2786; baseline -0.004 -24"><span class='ocrx_word' id='word_1_335' title='bbox 473 2711 575 2775; x_wconf 77' lang='grc' dir='ltr'>Θόν,</span> <span class='ocrx_word' id='word_1_336' title='bbox 595 2708 692 2766; x_wconf 82' lang='grc' dir='ltr'>εἴτε</span> <span class='ocrx_word' id='word_1_337' title='bbox 711 2709 915 2782; x_wconf 79' lang='grc' dir='ltr'>φαῦλον.</span> <span class='ocrx_word' id='word_1_338' title='bbox 928 2709 1116 2786; x_wconf 78' lang='lat' dir='ltr'><strong>mpoa&#39;é</strong></span> <span class='ocrx_word' id='word_1_339' title='bbox 1121 2728 1238 2778; x_wconf 78' lang='grc' dir='ltr'>χειν</span> <span class='ocrx_word' id='word_1_340' title='bbox 1256 2709 1417 2761; x_wconf 84' lang='grc' dir='ltr'>τοίνυν</span> <span class='ocrx_word' id='word_1_341' title='bbox 1439 2703 1519 2758; x_wconf 86' lang='grc' dir='ltr'>δεῖ</span> <span class='ocrx_word' id='word_1_342' title='bbox 1529 2711 1637 2764; x_wconf 86' lang='grc' dir='ltr'>τοῖς</span> <span class='ocrx_word' id='word_1_343' title='bbox 1659 2709 1751 2757; x_wconf 91' lang='grc' dir='ltr'><strong>τοῦ</strong></span> <span class='ocrx_word' id='word_1_344' title='bbox 1761 2700 2069 2760; x_wconf 80' lang='grc' dir='ltr'>’Δποστόλου</span> 
     </span>
    </p>
   </div>
   <div class='ocr_carea' id='block_1_45' title="bbox 474 2793 2072 2874">
    <p class='ocr_par' dir='ltr' id='par_1_45' title="bbox 474 2793 2072 2874">
     <span class='ocr_line' id='line_1_45' title="bbox 474 2793 2072 2874; baseline -0.008 -15"><span class='ocrx_word' id='word_1_345' title='bbox 474 2803 709 2874; x_wconf 77' lang='grc' dir='ltr'>ῥήμασιν,</span> <span class='ocrx_word' id='word_1_346' title='bbox 737 2799 818 2856; x_wconf 80' lang='grc' dir='ltr'>ὅτι</span> <span class='ocrx_word' id='word_1_347' title='bbox 847 2801 935 2856; x_wconf 86' lang='grc' dir='ltr'><strong>ούκ</strong></span> <span class='ocrx_word' id='word_1_348' title='bbox 965 2797 1072 2854; x_wconf 75' lang='grc' dir='ltr'>εἷπε</span> <span class='ocrx_word' id='word_1_349' title='bbox 1099 2798 1388 2873; x_wconf 76' lang='grc' dir='ltr'>κομίζεσθαι</span> <span class='ocrx_word' id='word_1_350' title='bbox 1406 2794 1508 2851; x_wconf 86' lang='grc' dir='ltr'>δεῖν</span> <span class='ocrx_word' id='word_1_351' title='bbox 1527 2797 1614 2852; x_wconf 76' lang='grc' dir='ltr'>τὸν</span> <span class='ocrx_word' id='word_1_352' title='bbox 1635 2794 1919 2870; x_wconf 80' lang='grc' dir='ltr'>κρινόμενον</span> <span class='ocrx_word' id='word_1_353' title='bbox 1939 2793 2072 2867; x_wconf 83' lang='grc' dir='ltr'>πρὸς</span> 
     </span>
    </p>
   </div>
   <div class='ocr_carea' id='block_1_46' title="bbox 476 2883 2070 2969">
    <p class='ocr_par' dir='ltr' id='par_1_46' title="bbox 476 2883 2070 2969">
     <span class='ocr_line' id='line_1_46' title="bbox 476 2883 2070 2969; baseline -0.006 -20"><span class='ocrx_word' id='word_1_354' title='bbox 476 2892 510 2948; x_wconf 85' lang='grc' dir='ltr'>ἃ</span> <span class='ocrx_word' id='word_1_355' title='bbox 539 2891 733 2968; x_wconf 73' lang='grc' dir='ltr'>ἔπραξε</span> <span class='ocrx_word' id='word_1_356' title='bbox 755 2893 858 2969; x_wconf 88' lang='grc' dir='ltr'>πρὸ</span> <span class='ocrx_word' id='word_1_357' title='bbox 883 2898 974 2947; x_wconf 92' lang='grc' dir='ltr'><strong>τοῦ</strong></span> <span class='ocrx_word' id='word_1_358' title='bbox 999 2894 1258 2962; x_wconf 78' lang='grc' dir='ltr'>σώματος.</span> <span class='ocrx_word' id='word_1_359' title='bbox 1279 2892 1336 2944; x_wconf 75' lang='grc' dir='ltr'><strong>Εἰ</strong></span> <span class='ocrx_word' id='word_1_360' title='bbox 1364 2887 1416 2944; x_wconf 86' lang='grc' dir='ltr'><em>δέ</em></span> <span class='ocrx_word' id='word_1_361' title='bbox 1442 2889 1526 2944; x_wconf 69' lang='grc' dir='ltr'>ἐπί</span> <span class='ocrx_word' id='word_1_362' title='bbox 1549 2888 1716 2960; x_wconf 86' lang='grc' dir='ltr'>μόνοις</span> <span class='ocrx_word' id='word_1_363' title='bbox 1740 2894 1847 2946; x_wconf 87' lang='grc' dir='ltr'>τοῖς</span> <span class='ocrx_word' id='word_1_364' title='bbox 1875 2883 1960 2940; x_wconf 82' lang='lat'><strong>5:6:</strong></span> <span class='ocrx_word' id='word_1_365' title='bbox 1978 2891 2070 2940; x_wconf 83' lang='grc' dir='ltr'><strong>τοῦ</strong></span> 
     </span>
    </p>
   </div>
   <div class='ocr_carea' id='block_1_47' title="bbox 477 2974 2072 3058">
    <p class='ocr_par' dir='ltr' id='par_1_47' title="bbox 477 2974 2072 3058">
     <span class='ocr_line' id='line_1_47' title="bbox 477 2974 2072 3058; baseline -0.006 -18"><span class='ocrx_word' id='word_1_366' title='bbox 477 2987 718 3056; x_wconf 80' lang='grc' dir='ltr'>σώματος</span> <span class='ocrx_word' id='word_1_367' title='bbox 753 2974 1012 3048; x_wconf 83' lang='grc' dir='ltr'>κολάζεται</span> <span class='ocrx_word' id='word_1_368' title='bbox 1055 2979 1320 3057; x_wconf 77' lang='grc' dir='ltr'>ἅνθρωπος</span> <span class='ocrx_word' id='word_1_369' title='bbox 1364 2981 1512 3058; x_wconf 87' lang='grc' dir='ltr'><strong>παρά</strong></span> <span class='ocrx_word' id='word_1_370' title='bbox 1554 2985 1646 3036; x_wconf 88' lang='grc' dir='ltr'><strong>τοῦ</strong></span> <span class='ocrx_word' id='word_1_371' title='bbox 1682 2982 1940 3055; x_wconf 83' lang='grc' dir='ltr'>κρίνοντος</span> <span class='ocrx_word' id='word_1_372' title='bbox 1967 2980 2072 3036; x_wconf 80' lang='grc' dir='ltr'>’τῆν</span> 
     </span>
    </p>
   </div>
   <div class='ocr_carea' id='block_1_48' title="bbox 476 3067 2074 3151">
    <p class='ocr_par' dir='ltr' id='par_1_48' title="bbox 476 3067 2074 3151">
     <span class='ocr_line' id='line_1_48' title="bbox 476 3067 2074 3151; baseline -0.006 -21"><span class='ocrx_word' id='word_1_373' title='bbox 476 3084 598 3151; x_wconf 87' lang='grc' dir='ltr'>γῆν,</span> <span class='ocrx_word' id='word_1_374' title='bbox 640 3075 670 3136; x_wconf 83' lang='grc' dir='ltr'><strong>ῆ</strong></span> <span class='ocrx_word' id='word_1_375' title='bbox 710 3085 800 3138; x_wconf 87' lang='grc' dir='ltr'><strong>τῆς</strong></span> <span class='ocrx_word' id='word_1_376' title='bbox 843 3074 1058 3136; x_wconf 85' lang='grc' dir='ltr'>δεούσης</span> <span class='ocrx_word' id='word_1_377' title='bbox 1097 3077 1323 3140; x_wconf 84' lang='grc' dir='ltr'>ἀξιοῦται</span> <span class='ocrx_word' id='word_1_378' title='bbox 1361 3081 1541 3142; x_wconf 71' lang='grc' dir='ltr'>τιμῆς,</span> <span class='ocrx_word' id='word_1_379' title='bbox 1570 3074 1736 3142; x_wconf 80' lang='grc' dir='ltr'>μνήμη</span> <span class='ocrx_word' id='word_1_380' title='bbox 1777 3068 1829 3124; x_wconf 83' lang='grc' dir='ltr'><em>δέ</em></span> <span class='ocrx_word' id='word_1_381' title='bbox 1867 3067 2074 3151; x_wconf 81' lang='grc' dir='ltr'>οὐδεμία</span> 
     </span>
    </p>
   </div>
   <div class='ocr_carea' id='block_1_49' title="bbox 2173 1845 3758 1918">
    <p class='ocr_par' dir='ltr' id='par_1_49' title="bbox 2173 1845 3758 1918">
     <span class='ocr_line' id='line_1_49' title="bbox 2173 1845 3758 1918; baseline 0 -15"><span class='ocrx_word' id='word_1_382' title='bbox 2173 1855 2228 1903; x_wconf 91' lang='lat' dir='ltr'><strong>et</strong></span> <span class='ocrx_word' id='word_1_383' title='bbox 2253 1862 2450 1918; x_wconf 90' lang='lat' dir='ltr'><strong>corpus</strong></span> <span class='ocrx_word' id='word_1_384' title='bbox 2495 1855 2549 1902; x_wconf 92' lang='lat' dir='ltr'><strong>et</strong></span> <span class='ocrx_word' id='word_1_385' title='bbox 2589 1846 2843 1912; x_wconf 87' lang='lat' dir='ltr'><strong>animam,</strong></span> <span class='ocrx_word' id='word_1_386' title='bbox 2889 1845 2943 1900; x_wconf 91' lang='lat' dir='ltr'><strong>id</strong></span> <span class='ocrx_word' id='word_1_387' title='bbox 2984 1857 3085 1910; x_wconf 91' lang='lat' dir='ltr'><strong>est,</strong></span> <span class='ocrx_word' id='word_1_388' title='bbox 3135 1845 3434 1916; x_wconf 84' lang='lat' dir='ltr'><strong>perfectum</strong></span> <span class='ocrx_word' id='word_1_389' title='bbox 3461 1848 3758 1916; x_wconf 85' lang='lat' dir='ltr'><strong>hominem,</strong></span> 
     </span>
    </p>
   </div>
   <div class='ocr_carea' id='block_1_50' title="bbox 2171 1941 3760 2010">
    <p class='ocr_par' dir='ltr' id='par_1_50' title="bbox 2171 1941 3760 2010">
     <span class='ocr_line' id='line_1_50' title="bbox 2171 1941 3760 2010; baseline 0.001 -14"><span class='ocrx_word' id='word_1_390' title='bbox 2171 1941 2490 1999; x_wconf 81' lang='lat' dir='ltr'><strong>fabricatum</strong></span> <span class='ocrx_word' id='word_1_391' title='bbox 2521 1957 2661 2000; x_wconf 88' lang='lat' dir='ltr'><strong>esse.</strong></span> <span class='ocrx_word' id='word_1_392' title='bbox 2692 1941 2878 2010; x_wconf 85' lang='lat' dir='ltr'><strong>Itaque</strong></span> <span class='ocrx_word' id='word_1_393' title='bbox 2907 1955 3096 1996; x_wconf 92' lang='lat' dir='ltr'><strong>eorum</strong></span> <span class='ocrx_word' id='word_1_394' title='bbox 3125 1955 3245 2010; x_wconf 71' lang='lat' dir='ltr'><strong>qua:</strong></span> <span class='ocrx_word' id='word_1_395' title='bbox 3271 1955 3369 2010; x_wconf 89' lang='lat' dir='ltr'><strong>per</strong></span> <span class='ocrx_word' id='word_1_396' title='bbox 3389 1955 3587 2010; x_wconf 88' lang='lat' dir='ltr'><strong>corpus</strong></span> <span class='ocrx_word' id='word_1_397' title='bbox 3612 1956 3640 1995; x_wconf 93' lang='lat' dir='ltr'><strong>a</strong></span> <span class='ocrx_word' id='word_1_398' title='bbox 3665 1956 3760 1997; x_wconf 90' lang='lat' dir='ltr'><strong>no-</strong></span> 
     </span>
    </p>
   </div>
   <div class='ocr_carea' id='block_1_51' title="bbox 2171 2032 3760 2103">
    <p class='ocr_par' dir='ltr' id='par_1_51' title="bbox 2171 2032 3760 2103">
     <span class='ocr_line' id='line_1_51' title="bbox 2171 2032 3760 2103; baseline 0 -14"><span class='ocrx_word' id='word_1_399' title='bbox 2171 2033 2253 2090; x_wconf 90' lang='lat' dir='ltr'><strong>bis</strong></span> <span class='ocrx_word' id='word_1_400' title='bbox 2279 2042 2430 2103; x_wconf 82' lang='lat' dir='ltr'><strong>gesta</strong></span> <span class='ocrx_word' id='word_1_401' title='bbox 2458 2041 2602 2100; x_wconf 88' lang='lat' dir='ltr'><strong>sunt,</strong></span> <span class='ocrx_word' id='word_1_402' title='bbox 2631 2034 2743 2088; x_wconf 86' lang='lat' dir='ltr'><strong>sive</strong></span> <span class='ocrx_word' id='word_1_403' title='bbox 2764 2033 3052 2097; x_wconf 89' lang='lat' dir='ltr'><strong>bonorum,</strong></span> <span class='ocrx_word' id='word_1_404' title='bbox 3077 2032 3191 2088; x_wconf 86' lang='lat' dir='ltr'><strong>sive</strong></span> <span class='ocrx_word' id='word_1_405' title='bbox 3219 2032 3501 2099; x_wconf 89' lang='lat' dir='ltr'><strong>malorum,</strong></span> <span class='ocrx_word' id='word_1_406' title='bbox 3529 2034 3760 2089; x_wconf 56' lang='lat' dir='ltr'><strong>retribuc</strong></span> 
     </span>
    </p>
   </div>
   <div class='ocr_carea' id='block_1_52' title="bbox 2171 2125 3760 2197">
    <p class='ocr_par' dir='ltr' id='par_1_52' title="bbox 2171 2125 3760 2197">
     <span class='ocr_line' id='line_1_52' title="bbox 2171 2125 3760 2197; baseline 0.001 -17"><span class='ocrx_word' id='word_1_407' title='bbox 2171 2126 2376 2182; x_wconf 88' lang='lat' dir='ltr'><strong>tionem</strong></span> <span class='ocrx_word' id='word_1_408' title='bbox 2402 2135 2815 2197; x_wconf 87' lang='lat' dir='ltr'><strong>exspectamus;</strong></span> <span class='ocrx_word' id='word_1_409' title='bbox 2848 2127 2952 2182; x_wconf 89' lang='lat' dir='ltr'><strong>hoc</strong></span> <span class='ocrx_word' id='word_1_410' title='bbox 2980 2126 3123 2180; x_wconf 92' lang='lat' dir='ltr'><strong>enim</strong></span> <span class='ocrx_word' id='word_1_411' title='bbox 3147 2125 3304 2181; x_wconf 88' lang='lat' dir='ltr'><strong>nobis</strong></span> <span class='ocrx_word' id='word_1_412' title='bbox 3335 2126 3501 2180; x_wconf 87' lang='lat' dir='ltr'><strong>tradit</strong></span> <span class='ocrx_word' id='word_1_413' title='bbox 3539 2136 3597 2182; x_wconf 89' lang='lat' dir='ltr'><strong>et</strong></span> <span class='ocrx_word' id='word_1_414' title='bbox 3628 2127 3760 2183; x_wconf 85' lang='lat' dir='ltr'><strong>divi-</strong></span> 
     </span>
    </p>
   </div>
   <div class='ocr_carea' id='block_1_53' title="bbox 2172 2214 3760 2290">
    <p class='ocr_par' dir='ltr' id='par_1_53' title="bbox 2172 2214 3760 2290">
     <span class='ocr_line' id='line_1_53' title="bbox 2172 2214 3760 2290; baseline -0.001 -16"><span class='ocrx_word' id='word_1_415' title='bbox 2172 2236 2275 2275; x_wconf 85' lang='lat' dir='ltr'><strong>nus</strong></span> <span class='ocrx_word' id='word_1_416' title='bbox 2303 2219 2584 2290; x_wconf 84' lang='lat' dir='ltr'><strong>apostolus</strong></span> <span class='ocrx_word' id='word_1_417' title='bbox 2613 2216 2814 2272; x_wconf 90' lang='lat' dir='ltr'><strong>Paulus</strong></span> <span class='ocrx_word' id='word_1_418' title='bbox 2853 2217 3038 2272; x_wconf 87' lang='lat' dir='ltr'><strong>dicens</strong></span> <span class='ocrx_word' id='word_1_419' title='bbox 3062 2235 3075 2270; x_wconf 90' lang='lat'><strong>:</strong></span> <span class='ocrx_word' id='word_1_420' title='bbox 3131 2214 3324 2272; x_wconf 81' lang='lat' dir='ltr'><strong>Omnes</strong></span> <span class='ocrx_word' id='word_1_421' title='bbox 3352 2219 3488 2272; x_wconf 86' lang='lat' dir='ltr'><strong>enim</strong></span> <span class='ocrx_word' id='word_1_422' title='bbox 3517 2235 3616 2272; x_wconf 84' lang='lat' dir='ltr'><strong>nos</strong></span> <span class='ocrx_word' id='word_1_423' title='bbox 3645 2235 3760 2272; x_wconf 86' lang='lat' dir='ltr'><strong>ma-</strong></span> 
     </span>
    </p>
   </div>
   <div class='ocr_carea' id='block_1_54' title="bbox 2172 2309 3760 2384">
    <p class='ocr_par' dir='ltr' id='par_1_54' title="bbox 2172 2309 3760 2384">
     <span class='ocr_line' id='line_1_54' title="bbox 2172 2309 3760 2384; baseline -0.001 -18"><span class='ocrx_word' id='word_1_424' title='bbox 2172 2313 2414 2384; x_wconf 80' lang='lat' dir='ltr'><strong>nifestari</strong></span> <span class='ocrx_word' id='word_1_425' title='bbox 2433 2318 2633 2382; x_wconf 78' lang='lat' dir='ltr'><strong>oportet</strong></span> <span class='ocrx_word' id='word_1_426' title='bbox 2655 2319 2774 2364; x_wconf 82' lang='lat' dir='ltr'><strong>ante</strong></span> <span class='ocrx_word' id='word_1_427' title='bbox 2796 2309 3023 2365; x_wconf 80' lang='lat' dir='ltr'><strong>tribunal</strong></span> <span class='ocrx_word' id='word_1_428' title='bbox 3047 2309 3259 2376; x_wconf 78' lang='lat' dir='ltr'><strong>Christi,</strong></span> <span class='ocrx_word' id='word_1_429' title='bbox 3296 2319 3354 2364; x_wconf 87' lang='lat' dir='ltr'><strong>ut</strong></span> <span class='ocrx_word' id='word_1_430' title='bbox 3382 2313 3573 2384; x_wconf 77' lang='lat' dir='ltr'><strong>refernt</strong></span> <span class='ocrx_word' id='word_1_431' title='bbox 3599 2328 3760 2365; x_wconf 80' lang='lat' dir='ltr'><strong>unus-</strong></span> 
     </span>
    </p>
   </div>
   <div class='ocr_carea' id='block_1_55' title="bbox 2172 2403 3755 2478">
    <p class='ocr_par' dir='ltr' id='par_1_55' title="bbox 2172 2403 3755 2478">
     <span class='ocr_line' id='line_1_55' title="bbox 2172 2403 3755 2478; baseline -0.002 -19"><span class='ocrx_word' id='word_1_432' title='bbox 2172 2405 2383 2478; x_wconf 79' lang='lat' dir='ltr'><strong>quisque</strong></span> <span class='ocrx_word' id='word_1_433' title='bbox 2429 2420 2491 2456; x_wconf 83' lang='lat' dir='ltr'><strong>ea</strong></span> <span class='ocrx_word' id='word_1_434' title='bbox 2515 2419 2630 2475; x_wconf 65' lang='lat' dir='ltr'><strong>qua:</strong></span> <span class='ocrx_word' id='word_1_435' title='bbox 2656 2419 2748 2472; x_wconf 82' lang='lat' dir='ltr'><strong>per</strong></span> <span class='ocrx_word' id='word_1_436' title='bbox 2795 2418 2979 2473; x_wconf 85' lang='lat' dir='ltr'><strong>corpus</strong></span> <span class='ocrx_word' id='word_1_437' title='bbox 3026 2412 3178 2472; x_wconf 85' lang='lat' dir='ltr'><strong>prout</strong></span> <span class='ocrx_word' id='word_1_438' title='bbox 3207 2403 3365 2474; x_wconf 81' lang='lat' dir='ltr'><strong>gessit</strong></span> <span class='ocrx_word' id='word_1_439' title='bbox 3409 2403 3513 2457; x_wconf 80' lang='lat' dir='ltr'><strong>sive</strong></span> <span class='ocrx_word' id='word_1_440' title='bbox 3547 2417 3755 2469; x_wconf 74' lang='lat' dir='ltr'><strong>bonum,</strong></span> 
     </span>
    </p>
   </div>
   <div class='ocr_carea' id='block_1_56' title="bbox 2171 2492 3761 2567">
    <p class='ocr_par' dir='ltr' id='par_1_56' title="bbox 2171 2492 3761 2567">
     <span class='ocr_line' id='line_1_56' title="bbox 2171 2492 3761 2567; baseline -0.003 -14"><span class='ocrx_word' id='word_1_441' title='bbox 2171 2499 2276 2554; x_wconf 76' lang='lat' dir='ltr'><strong>sive</strong></span> <span class='ocrx_word' id='word_1_442' title='bbox 2309 2496 2502 2550; x_wconf 84' lang='lat' dir='ltr'><strong>malum</strong></span> <span class='ocrx_word' id='word_1_443' title='bbox 2531 2493 2584 2567; x_wconf 86' lang='grc' dir='ltr'><strong>(Ι</strong></span> <span class='ocrx_word' id='word_1_444' title='bbox 2608 2493 2729 2549; x_wconf 87' lang='lat' dir='ltr'><strong>Cor.</strong></span> <span class='ocrx_word' id='word_1_445' title='bbox 2759 2492 2834 2566; x_wconf 88' lang='lat' dir='ltr'><strong>v).</strong></span> <span class='ocrx_word' id='word_1_446' title='bbox 2877 2493 3213 2548; x_wconf 81' lang='lat' dir='ltr'><strong>Attendenda</strong></span> <span class='ocrx_word' id='word_1_447' title='bbox 3237 2508 3366 2562; x_wconf 80' lang='lat' dir='ltr'><strong>ergo</strong></span> <span class='ocrx_word' id='word_1_448' title='bbox 3387 2501 3511 2548; x_wconf 88' lang='lat' dir='ltr'><strong>sunt</strong></span> <span class='ocrx_word' id='word_1_449' title='bbox 3531 2493 3761 2564; x_wconf 83' lang='lat' dir='ltr'><strong>apostoli</strong></span> 
     </span>
    </p>
   </div>
   <div class='ocr_carea' id='block_1_57' title="bbox 2173 2587 3760 2658">
    <p class='ocr_par' dir='ltr' id='par_1_57' title="bbox 2173 2587 3760 2658">
     <span class='ocr_line' id='line_1_57' title="bbox 2173 2587 3760 2658; baseline -0.003 -12"><span class='ocrx_word' id='word_1_450' title='bbox 2173 2591 2337 2647; x_wconf 89' lang='lat' dir='ltr'><strong>verba</strong></span> <span class='ocrx_word' id='word_1_451' title='bbox 2364 2608 2380 2656; x_wconf 91' lang='lat'><strong>;</strong></span> <span class='ocrx_word' id='word_1_452' title='bbox 2433 2605 2535 2645; x_wconf 91' lang='lat' dir='ltr'><strong>nec</strong></span> <span class='ocrx_word' id='word_1_453' title='bbox 2564 2589 2708 2644; x_wconf 89' lang='lat' dir='ltr'><strong>enim</strong></span> <span class='ocrx_word' id='word_1_454' title='bbox 2737 2588 2891 2654; x_wconf 77' lang='lat' dir='ltr'><strong>dixit,</strong></span> <span class='ocrx_word' id='word_1_455' title='bbox 2941 2595 3196 2658; x_wconf 88' lang='lat' dir='ltr'><strong>oportere</strong></span> <span class='ocrx_word' id='word_1_456' title='bbox 3241 2587 3488 2657; x_wconf 83' lang='lat' dir='ltr'><strong>recipere</strong></span> <span class='ocrx_word' id='word_1_457' title='bbox 3517 2602 3643 2642; x_wconf 88' lang='lat' dir='ltr'><strong>eum</strong></span> <span class='ocrx_word' id='word_1_458' title='bbox 3673 2588 3760 2657; x_wconf 88' lang='lat' dir='ltr'><strong>qui</strong></span> 
     </span>
    </p>
   </div>
   <div class='ocr_carea' id='block_1_58' title="bbox 2169 2679 3760 2754">
    <p class='ocr_par' dir='ltr' id='par_1_58' title="bbox 2169 2679 3760 2754">
     <span class='ocr_line' id='line_1_58' title="bbox 2169 2679 3760 2754; baseline -0.004 -14"><span class='ocrx_word' id='word_1_459' title='bbox 2169 2683 2459 2754; x_wconf 77' lang='lat' dir='ltr'><strong>iudicatur,</strong></span> <span class='ocrx_word' id='word_1_460' title='bbox 2513 2690 2672 2754; x_wconf 91' lang='lat' dir='ltr'><strong>prout</strong></span> <span class='ocrx_word' id='word_1_461' title='bbox 2718 2681 2885 2750; x_wconf 80' lang='lat' dir='ltr'><strong>gessit</strong></span> <span class='ocrx_word' id='word_1_462' title='bbox 2915 2689 3040 2735; x_wconf 87' lang='lat' dir='ltr'><strong>ante</strong></span> <span class='ocrx_word' id='word_1_463' title='bbox 3068 2695 3285 2750; x_wconf 88' lang='lat' dir='ltr'><strong>corpus.</strong></span> <span class='ocrx_word' id='word_1_464' title='bbox 3333 2679 3390 2735; x_wconf 93' lang='lat' dir='ltr'><strong>Si</strong></span> <span class='ocrx_word' id='word_1_465' title='bbox 3435 2694 3566 2734; x_wconf 88' lang='lat' dir='ltr'><strong>vero</strong></span> <span class='ocrx_word' id='word_1_466' title='bbox 3603 2679 3674 2734; x_wconf 90' lang='lat' dir='ltr'><strong>ob</strong></span> <span class='ocrx_word' id='word_1_467' title='bbox 3699 2694 3760 2734; x_wconf 87' lang='lat' dir='ltr'><strong>ea</strong></span> 
     </span>
    </p>
   </div>
   <div class='ocr_carea' id='block_1_59' title="bbox 2174 2773 3760 2847">
    <p class='ocr_par' dir='ltr' id='par_1_59' title="bbox 2174 2773 3760 2847">
     <span class='ocr_line' id='line_1_59' title="bbox 2174 2773 3760 2847; baseline -0.005 -13"><span class='ocrx_word' id='word_1_468' title='bbox 2174 2777 2288 2834; x_wconf 87' lang='lat' dir='ltr'><strong>sola</strong></span> <span class='ocrx_word' id='word_1_469' title='bbox 2316 2791 2436 2846; x_wconf 78' lang='lat' dir='ltr'><strong>quae</strong></span> <span class='ocrx_word' id='word_1_470' title='bbox 2463 2791 2562 2847; x_wconf 89' lang='lat' dir='ltr'><strong>per</strong></span> <span class='ocrx_word' id='word_1_471' title='bbox 2589 2790 2786 2846; x_wconf 88' lang='lat' dir='ltr'><strong>corpus</strong></span> <span class='ocrx_word' id='word_1_472' title='bbox 2814 2775 2978 2829; x_wconf 89' lang='lat' dir='ltr'><strong>homo</strong></span> <span class='ocrx_word' id='word_1_473' title='bbox 3006 2773 3186 2842; x_wconf 84' lang='lat' dir='ltr'><strong>gessit,</strong></span> <span class='ocrx_word' id='word_1_474' title='bbox 3239 2773 3307 2828; x_wconf 89' lang='lat' dir='ltr'><strong>ab</strong></span> <span class='ocrx_word' id='word_1_475' title='bbox 3345 2787 3410 2827; x_wconf 93' lang='lat' dir='ltr'><strong>eo</strong></span> <span class='ocrx_word' id='word_1_476' title='bbox 3439 2773 3531 2842; x_wconf 91' lang='lat' dir='ltr'><strong>qui</strong></span> <span class='ocrx_word' id='word_1_477' title='bbox 3563 2781 3760 2827; x_wconf 88' lang='lat' dir='ltr'><strong>terram</strong></span> 
     </span>
    </p>
   </div>
   <div class='ocr_carea' id='block_1_60' title="bbox 2169 2866 3758 2942">
    <p class='ocr_par' dir='ltr' id='par_1_60' title="bbox 2169 2866 3758 2942">
     <span class='ocr_line' id='line_1_60' title="bbox 2169 2866 3758 2942; baseline -0.004 -16"><span class='ocrx_word' id='word_1_478' title='bbox 2169 2871 2394 2942; x_wconf 75' lang='lat' dir='ltr'><strong>iudicat,</strong></span> <span class='ocrx_word' id='word_1_479' title='bbox 2426 2871 2512 2926; x_wconf 87' lang='lat' dir='ltr'><strong>vel</strong></span> <span class='ocrx_word' id='word_1_480' title='bbox 2540 2885 2700 2941; x_wconf 90' lang='lat' dir='ltr'><strong>poena</strong></span> <span class='ocrx_word' id='word_1_481' title='bbox 2724 2869 2972 2933; x_wconf 86' lang='lat' dir='ltr'><strong>aﬂicitur,</strong></span> <span class='ocrx_word' id='word_1_482' title='bbox 3004 2873 3089 2922; x_wconf 85' lang='lat' dir='ltr'><strong>vel</strong></span> <span class='ocrx_word' id='word_1_483' title='bbox 3125 2867 3317 2923; x_wconf 90' lang='lat' dir='ltr'><strong>merito</strong></span> <span class='ocrx_word' id='word_1_484' title='bbox 3346 2867 3564 2938; x_wconf 66' lang='lat' dir='ltr'><strong>praemio</strong></span> <span class='ocrx_word' id='word_1_485' title='bbox 3591 2885 3606 2934; x_wconf 90' lang='lat'><strong>;</strong></span> <span class='ocrx_word' id='word_1_486' title='bbox 3639 2866 3758 2921; x_wconf 84' lang='lat' dir='ltr'><strong>nul-</strong></span> 
     </span>
    </p>
   </div>
   <div class='ocr_carea' id='block_1_61' title="bbox 2174 2958 3754 3034">
    <p class='ocr_par' dir='ltr' id='par_1_61' title="bbox 2174 2958 3754 3034">
     <span class='ocr_line' id='line_1_61' title="bbox 2174 2958 3754 3034; baseline -0.005 -15"><span class='ocrx_word' id='word_1_487' title='bbox 2174 2963 2334 3034; x_wconf 90' lang='lat' dir='ltr'><strong>laque</strong></span> <span class='ocrx_word' id='word_1_488' title='bbox 2396 2962 2602 3018; x_wconf 89' lang='lat' dir='ltr'><strong>mentio</strong></span> <span class='ocrx_word' id='word_1_489' title='bbox 2651 2960 2745 3016; x_wconf 83' lang='lat' dir='ltr'><strong>ﬁat</strong></span> <span class='ocrx_word' id='word_1_490' title='bbox 2793 2967 2917 3015; x_wconf 84' lang='lat' dir='ltr'><strong>ante</strong></span> <span class='ocrx_word' id='word_1_491' title='bbox 2964 2958 3318 3015; x_wconf 82' lang='lat' dir='ltr'><strong>admissurum</strong></span> <span class='ocrx_word' id='word_1_492' title='bbox 3364 2967 3754 3030; x_wconf 80' lang='lat' dir='ltr'><strong>peccatorum:</strong></span> 
     </span>
    </p>
   </div>
   <div class='ocr_carea' id='block_1_62' title="bbox 2173 3049 3756 3130">
    <p class='ocr_par' dir='ltr' id='par_1_62' title="bbox 2173 3049 3756 3130">
     <span class='ocr_line' id='line_1_62' title="bbox 2173 3049 3756 3130; baseline -0.005 -17"><span class='ocrx_word' id='word_1_493' title='bbox 2173 3057 2517 3130; x_wconf 88' lang='lat' dir='ltr'><strong>perspicuum</strong></span> <span class='ocrx_word' id='word_1_494' title='bbox 2543 3063 2650 3124; x_wconf 91' lang='lat' dir='ltr'><strong>est,</strong></span> <span class='ocrx_word' id='word_1_495' title='bbox 2698 3053 2906 3110; x_wconf 85' lang='lat' dir='ltr'><strong>animas</strong></span> <span class='ocrx_word' id='word_1_496' title='bbox 2935 3061 3062 3108; x_wconf 87' lang='lat' dir='ltr'><strong>ante</strong></span> <span class='ocrx_word' id='word_1_497' title='bbox 3091 3062 3322 3124; x_wconf 84' lang='lat' dir='ltr'><strong>corpora</strong></span> <span class='ocrx_word' id='word_1_498' title='bbox 3366 3069 3474 3108; x_wconf 93' lang='lat' dir='ltr'><strong>non</strong></span> <span class='ocrx_word' id='word_1_499' title='bbox 3517 3066 3657 3108; x_wconf 89' lang='lat' dir='ltr'><strong>esse.</strong></span> <span class='ocrx_word' id='word_1_500' title='bbox 3702 3049 3756 3106; x_wconf 90' lang='lat' dir='ltr'><strong>Si</strong></span> 
     </span>
    </p>
   </div>
   <div class='ocr_carea' id='block_1_63' title="bbox 476 3147 2074 3248">
    <p class='ocr_par' dir='ltr' id='par_1_63' title="bbox 476 3161 2070 3248">
     <span class='ocr_line' id='line_1_63' title="bbox 476 3161 2070 3248; baseline -0.004 -23"><span class='ocrx_word' id='word_1_501' title='bbox 476 3170 887 3248; x_wconf 71' lang='grc' dir='ltr'>προγενεστέρων</span> <span class='ocrx_word' id='word_1_502' title='bbox 927 3168 1338 3242; x_wconf 77' lang='grc' dir='ltr'>ἁμαρτημάτων,</span> <span class='ocrx_word' id='word_1_503' title='bbox 1380 3163 1524 3224; x_wconf 83' lang='grc' dir='ltr'>δῆλον</span> <span class='ocrx_word' id='word_1_504' title='bbox 1569 3161 1653 3219; x_wconf 83' lang='grc' dir='ltr'>ὅτι</span> <span class='ocrx_word' id='word_1_505' title='bbox 1694 3163 1749 3217; x_wconf 87' lang='grc' dir='ltr'><strong>ού</strong></span> <span class='ocrx_word' id='word_1_506' title='bbox 1794 3164 2070 3241; x_wconf 87' lang='grc' dir='ltr'>προϋπάρ-</span> 
     </span>
    </p>
   </div>
   <div class='ocr_carea' id='block_1_64' title="bbox 2176 3147 3757 3248">
    <p class='ocr_par' dir='ltr' id='par_1_64' title="bbox 2176 3147 3757 3226">
     <span class='ocr_line' id='line_1_64' title="bbox 2176 3147 3757 3226; baseline -0.007 -16"><span class='ocrx_word' id='word_1_507' title='bbox 2176 3155 2319 3210; x_wconf 90' lang='lat' dir='ltr'><strong>enim</strong></span> <span class='ocrx_word' id='word_1_508' title='bbox 2365 3153 2792 3226; x_wconf 67' lang='lat' dir='ltr'><strong>prteexisterent,</strong></span> <span class='ocrx_word' id='word_1_509' title='bbox 2841 3149 3066 3204; x_wconf 81' lang='lat' dir='ltr'><strong>dixisset</strong></span> <span class='ocrx_word' id='word_1_510' title='bbox 3105 3147 3414 3219; x_wconf 82' lang='lat' dir='ltr'><strong>Apostolus,</strong></span> <span class='ocrx_word' id='word_1_511' title='bbox 3464 3155 3615 3217; x_wconf 83' lang='lat' dir='ltr'><strong>gesta</strong></span> <span class='ocrx_word' id='word_1_512' title='bbox 3645 3157 3757 3200; x_wconf 90' lang='lat' dir='ltr'><strong>tum</strong></span> 
     </span>
    </p>
   </div>
   <div class='ocr_carea' id='block_1_65' title="bbox 481 3254 2074 3336">
    <p class='ocr_par' dir='ltr' id='par_1_65' title="bbox 481 3254 2074 3336">
     <span class='ocr_line' id='line_1_65' title="bbox 481 3254 2074 3336; baseline -0.003 -18"><span class='ocrx_word' id='word_1_513' title='bbox 481 3285 642 3334; x_wconf 89' lang='grc' dir='ltr'>χουσι</span> <span class='ocrx_word' id='word_1_514' title='bbox 668 3271 769 3318; x_wconf 85' lang='grc' dir='ltr'><strong>τῶν</strong></span> <span class='ocrx_word' id='word_1_515' title='bbox 789 3263 1042 3333; x_wconf 84' lang='grc' dir='ltr'>σωμάτων</span> <span class='ocrx_word' id='word_1_516' title='bbox 1060 3263 1112 3316; x_wconf 78' lang='grc' dir='ltr'><strong>αἱ</strong></span> <span class='ocrx_word' id='word_1_517' title='bbox 1133 3260 1204 3331; x_wconf 73' lang='grc' dir='ltr'><strong>ψυ</strong></span> <span class='ocrx_word' id='word_1_518' title='bbox 1212 3261 1332 3331; x_wconf 85' lang='grc' dir='ltr'>χαί·</span> <span class='ocrx_word' id='word_1_519' title='bbox 1359 3262 1403 3313; x_wconf 83' lang='grc' dir='ltr'>εἰ</span> <span class='ocrx_word' id='word_1_520' title='bbox 1424 3259 1520 3334; x_wconf 85' lang='grc' dir='ltr'><strong>γάρ</strong></span> <span class='ocrx_word' id='word_1_521' title='bbox 1542 3264 1908 3336; x_wconf 73' lang='grc' dir='ltr'>προϋπῆρχον,</span> <span class='ocrx_word' id='word_1_522' title='bbox 1937 3254 2074 3313; x_wconf 80' lang='grc' dir='ltr'>εἶπεν</span> 
     </span>
    </p>
   </div>
   <div class='ocr_carea' id='block_1_66' title="bbox 480 3348 2077 3428">
    <p class='ocr_par' dir='ltr' id='par_1_66' title="bbox 480 3348 2077 3428">
     <span class='ocr_line' id='line_1_66' title="bbox 480 3348 2077 3428; baseline -0.001 -20"><span class='ocrx_word' id='word_1_523' title='bbox 480 3349 540 3408; x_wconf 81' lang='grc' dir='ltr'><strong>ἂν</strong></span> <span class='ocrx_word' id='word_1_524' title='bbox 569 3355 942 3418; x_wconf 79' lang='grc' dir='ltr'>δ’Δπόστολος,</span> <span class='ocrx_word' id='word_1_525' title='bbox 973 3355 1152 3428; x_wconf 85' lang='grc' dir='ltr'>ὥσπερ</span> <span class='ocrx_word' id='word_1_526' title='bbox 1180 3353 1263 3408; x_wconf 74' lang='grc' dir='ltr'><strong>ιτά</strong></span> <span class='ocrx_word' id='word_1_527' title='bbox 1292 3350 1376 3406; x_wconf 88' lang='lat'><strong>5:6:</strong></span> <span class='ocrx_word' id='word_1_528' title='bbox 1405 3356 1494 3404; x_wconf 90' lang='grc' dir='ltr'><strong>τοῦ</strong></span> <span class='ocrx_word' id='word_1_529' title='bbox 1542 3352 1804 3421; x_wconf 83' lang='grc' dir='ltr'>σώματος,</span> <span class='ocrx_word' id='word_1_530' title='bbox 1827 3348 1963 3405; x_wconf 77' lang='grc' dir='ltr'>οὕτω</span> <span class='ocrx_word' id='word_1_531' title='bbox 1992 3353 2077 3406; x_wconf 82' lang='grc' dir='ltr'><strong>καί</strong></span> 
     </span>
    </p>
   </div>
   <div class='ocr_carea' id='block_1_67' title="bbox 479 3440 2077 3521">
    <p class='ocr_par' dir='ltr' id='par_1_67' title="bbox 479 3440 2077 3521">
     <span class='ocr_line' id='line_1_67' title="bbox 479 3440 2077 3521; baseline -0.005 -19"><span class='ocrx_word' id='word_1_532' title='bbox 479 3449 546 3502; x_wconf 84' lang='grc' dir='ltr'><strong>τά</strong></span> <span class='ocrx_word' id='word_1_533' title='bbox 581 3448 681 3521; x_wconf 83' lang='grc' dir='ltr'>πρὸ</span> <span class='ocrx_word' id='word_1_534' title='bbox 718 3454 810 3502; x_wconf 90' lang='grc' dir='ltr'><strong>τοῦ</strong></span> <span class='ocrx_word' id='word_1_535' title='bbox 849 3448 1106 3518; x_wconf 81' lang='grc' dir='ltr'>σώματος.</span> <span class='ocrx_word' id='word_1_536' title='bbox 1140 3441 1258 3498; x_wconf 68' lang='grc' dir='ltr'>Ὀτι</span> <span class='ocrx_word' id='word_1_537' title='bbox 1287 3441 1340 3498; x_wconf 79' lang='grc' dir='ltr'>δὲ</span> <span class='ocrx_word' id='word_1_538' title='bbox 1369 3442 1421 3497; x_wconf 86' lang='grc' dir='ltr'><strong>αί</strong></span> <span class='ocrx_word' id='word_1_539' title='bbox 1453 3447 1554 3497; x_wconf 85' lang='grc' dir='ltr'>τῶν</span> <span class='ocrx_word' id='word_1_540' title='bbox 1591 3442 1867 3516; x_wconf 79' lang='grc' dir='ltr'>ἀνθρώπων</span> <span class='ocrx_word' id='word_1_541' title='bbox 1898 3440 2077 3513; x_wconf 75' lang='grc' dir='ltr'>ψυχαὶ</span> 
     </span>
    </p>
   </div>
   <div class='ocr_carea' id='block_1_68' title="bbox 480 3533 2076 3614">
    <p class='ocr_par' dir='ltr' id='par_1_68' title="bbox 480 3533 2076 3614">
     <span class='ocr_line' id='line_1_68' title="bbox 480 3533 2076 3614; baseline -0.001 -21"><span class='ocrx_word' id='word_1_542' title='bbox 480 3542 649 3614; x_wconf 85' lang='grc' dir='ltr'>νοεραί</span> <span class='ocrx_word' id='word_1_543' title='bbox 685 3560 762 3605; x_wconf 88' lang='grc' dir='ltr'><strong>τε,</strong></span> <span class='ocrx_word' id='word_1_544' title='bbox 785 3541 869 3594; x_wconf 87' lang='grc' dir='ltr'><strong>καί</strong></span> <span class='ocrx_word' id='word_1_545' title='bbox 914 3539 1111 3610; x_wconf 85' lang='grc' dir='ltr'>λογικαί</span> <span class='ocrx_word' id='word_1_546' title='bbox 1151 3537 1499 3608; x_wconf 88' lang='grc' dir='ltr'>τυγχάνουσι,</span> <span class='ocrx_word' id='word_1_547' title='bbox 1525 3542 1624 3591; x_wconf 85' lang='grc' dir='ltr'><strong>τῶν</strong></span> <span class='ocrx_word' id='word_1_548' title='bbox 1668 3533 2076 3609; x_wconf 74' lang='grc' dir='ltr'>ὁμολογουμένων</span> 
     </span>
    </p>
   </div>
   <div class='ocr_carea' id='block_1_69' title="bbox 480 3627 2077 3705">
    <p class='ocr_par' dir='ltr' id='par_1_69' title="bbox 480 3627 2077 3705">
     <span class='ocr_line' id='line_1_69' title="bbox 480 3627 2077 3705; baseline -0.001 -21"><span class='ocrx_word' id='word_1_549' title='bbox 480 3631 638 3685; x_wconf 81' lang='grc' dir='ltr'>ἐστίν·</span> <span class='ocrx_word' id='word_1_550' title='bbox 676 3627 804 3705; x_wconf 81' lang='grc' dir='ltr'>ὅπερ</span> <span class='ocrx_word' id='word_1_551' title='bbox 833 3627 944 3684; x_wconf 86' lang='grc' dir='ltr'>ούδέ</span> <span class='ocrx_word' id='word_1_552' title='bbox 971 3632 1090 3689; x_wconf 86' lang='grc' dir='ltr'>τούς</span> <span class='ocrx_word' id='word_1_553' title='bbox 1130 3629 1415 3703; x_wconf 79' lang='grc' dir='ltr'>Ὠριγένους</span> <span class='ocrx_word' id='word_1_554' title='bbox 1460 3629 1906 3696; x_wconf 81' lang='grc' dir='ltr'>ἀντιποιουμένους</span> <span class='ocrx_word' id='word_1_555' title='bbox 1931 3630 2077 3699; x_wconf 89' lang='grc' dir='ltr'>νομί-</span> 
     </span>
    </p>
   </div>
   <div class='ocr_carea' id='block_1_70' title="bbox 481 3719 2078 3796">
    <p class='ocr_par' dir='ltr' id='par_1_70' title="bbox 481 3719 2078 3796">
     <span class='ocr_line' id='line_1_70' title="bbox 481 3719 2078 3796; baseline 0.001 -23"><span class='ocrx_word' id='word_1_556' title='bbox 481 3724 625 3794; x_wconf 81' lang='grc' dir='ltr'>ζομεν</span> <span class='ocrx_word' id='word_1_557' title='bbox 665 3723 1022 3796; x_wconf 81' lang='grc' dir='ltr'>ἀπαρνεῖσθαι.</span> <span class='ocrx_word' id='word_1_558' title='bbox 1073 3721 1380 3776; x_wconf 85' lang='grc' dir='ltr'>Είπάτωσαν</span> <span class='ocrx_word' id='word_1_559' title='bbox 1420 3722 1586 3776; x_wconf 82' lang='grc' dir='ltr'>τοίνυν</span> <span class='ocrx_word' id='word_1_560' title='bbox 1611 3719 1655 3772; x_wconf 79' lang='grc' dir='ltr'>οἶ</span> <span class='ocrx_word' id='word_1_561' title='bbox 1683 3720 1750 3774; x_wconf 88' lang='lat'><strong>1&#39;6:</strong></span> <span class='ocrx_word' id='word_1_562' title='bbox 1791 3721 2078 3796; x_wconf 79' lang='grc' dir='ltr'>Ὠριγένους</span> 
     </span>
    </p>
   </div>
   <div class='ocr_carea' id='block_1_71' title="bbox 480 3810 2074 3895">
    <p class='ocr_par' dir='ltr' id='par_1_71' title="bbox 480 3810 2074 3895">
     <span class='ocr_line' id='line_1_71' title="bbox 480 3810 2074 3895; baseline -0.003 -23"><span class='ocrx_word' id='word_1_563' title='bbox 480 3823 805 3895; x_wconf 75' lang='grc' dir='ltr'>φρονοῦντες³</span> <span class='ocrx_word' id='word_1_564' title='bbox 848 3815 900 3870; x_wconf 76' lang='grc' dir='ltr'>αἶ</span> <span class='ocrx_word' id='word_1_565' title='bbox 930 3814 1106 3886; x_wconf 74' lang='grc' dir='ltr'>ψυχαί</span> <span class='ocrx_word' id='word_1_566' title='bbox 1139 3815 1328 3878; x_wconf 84' lang='grc' dir='ltr'>αὐτῶν,</span> <span class='ocrx_word' id='word_1_567' title='bbox 1362 3811 1462 3885; x_wconf 79' lang='grc' dir='ltr'>εἴγε</span> <span class='ocrx_word' id='word_1_568' title='bbox 1501 3810 1605 3888; x_wconf 79' lang='grc' dir='ltr'>ἄρα</span> <span class='ocrx_word' id='word_1_569' title='bbox 1647 3815 1805 3874; x_wconf 82' lang='grc' dir='ltr'>καθὼς</span> <span class='ocrx_word' id='word_1_570' title='bbox 1844 3812 2074 3884; x_wconf 77' lang='grc' dir='ltr'>λέγουσι,</span> 
     </span>
    </p>
   </div>
   <div class='ocr_carea' id='block_1_72' title="bbox 481 3906 2078 3987">
    <p class='ocr_par' dir='ltr' id='par_1_72' title="bbox 481 3906 2078 3987">
     <span class='ocr_line' id='line_1_72' title="bbox 481 3906 2078 3987; baseline -0.002 -21"><span class='ocrx_word' id='word_1_571' title='bbox 481 3919 827 3987; x_wconf 77' lang='grc' dir='ltr'>προϋπῆρχον</span> <span class='ocrx_word' id='word_1_572' title='bbox 855 3917 955 3964; x_wconf 87' lang='grc' dir='ltr'>τῶν</span> <span class='ocrx_word' id='word_1_573' title='bbox 989 3909 1263 3978; x_wconf 85' lang='grc' dir='ltr'>σωμάτων,</span> <span class='ocrx_word' id='word_1_574' title='bbox 1295 3909 1410 3986; x_wconf 85' lang='grc' dir='ltr'>πρὶν</span> <span class='ocrx_word' id='word_1_575' title='bbox 1432 3906 1461 3966; x_wconf 79' lang='grc' dir='ltr'><strong>ῆ</strong></span> <span class='ocrx_word' id='word_1_576' title='bbox 1491 3907 1539 3961; x_wconf 81' lang='grc' dir='ltr'>ἐν</span> <span class='ocrx_word' id='word_1_577' title='bbox 1565 3915 1677 3968; x_wconf 86' lang='grc' dir='ltr'>τοῖς</span> <span class='ocrx_word' id='word_1_578' title='bbox 1705 3910 1942 3978; x_wconf 80' lang='grc' dir='ltr'>σώμασιν</span> <span class='ocrx_word' id='word_1_579' title='bbox 1967 3911 2078 3963; x_wconf 86' lang='grc' dir='ltr'>εἰσ-</span> 
     </span>
    </p>
   </div>
   <div class='ocr_carea' id='block_1_73' title="bbox 480 3999 2074 4077">
    <p class='ocr_par' dir='ltr' id='par_1_73' title="bbox 480 3999 2074 4077">
     <span class='ocr_line' id='line_1_73' title="bbox 480 3999 2074 4077; baseline -0.003 -19"><span class='ocrx_word' id='word_1_580' title='bbox 480 4004 684 4058; x_wconf 77' lang='grc' dir='ltr'>έλθωσιν</span> <span class='ocrx_word' id='word_1_581' title='bbox 711 4043 725 4067; x_wconf 92' lang='grc'><strong>,</strong></span> <span class='ocrx_word' id='word_1_582' title='bbox 768 4003 816 4055; x_wconf 80' lang='grc' dir='ltr'>ἐν</span> <span class='ocrx_word' id='word_1_583' title='bbox 859 4004 984 4076; x_wconf 77' lang='grc' dir='ltr'>ποίᾳ</span> <span class='ocrx_word' id='word_1_584' title='bbox 1041 4003 1178 4065; x_wconf 80' lang='grc' dir='ltr'>τάξει</span> <span class='ocrx_word' id='word_1_585' title='bbox 1216 4001 1488 4076; x_wconf 77' lang='grc' dir='ltr'>ὑπῆρχον,</span> <span class='ocrx_word' id='word_1_586' title='bbox 1527 3999 1558 4060; x_wconf 77' lang='grc' dir='ltr'>ἦ</span> <span class='ocrx_word' id='word_1_587' title='bbox 1592 4001 1642 4056; x_wconf 92' lang='grc' dir='ltr'><strong>τί</strong></span> <span class='ocrx_word' id='word_1_588' title='bbox 1683 3999 2074 4077; x_wconf 84' lang='grc' dir='ltr'>διεπράττοντο;</span> 
     </span>
    </p>
   </div>
   <div class='ocr_carea' id='block_1_74' title="bbox 481 4087 2078 4170">
    <p class='ocr_par' dir='ltr' id='par_1_74' title="bbox 481 4087 2078 4168">
     <span class='ocr_line' id='line_1_74' title="bbox 481 4087 2078 4168; baseline -0.003 -21"><span class='ocrx_word' id='word_1_589' title='bbox 481 4095 644 4164; x_wconf 79' lang='grc' dir='ltr'>ἐχρῆν</span> <span class='ocrx_word' id='word_1_590' title='bbox 671 4094 772 4166; x_wconf 90' lang='grc' dir='ltr'><strong>γάρ</strong></span> <span class='ocrx_word' id='word_1_591' title='bbox 803 4094 961 4153; x_wconf 87' lang='grc' dir='ltr'>αύτάς</span> <span class='ocrx_word' id='word_1_592' title='bbox 988 4090 1167 4147; x_wconf 83' lang='grc' dir='ltr'>εἰδέναι</span> <span class='ocrx_word' id='word_1_593' title='bbox 1193 4099 1293 4148; x_wconf 88' lang='grc' dir='ltr'><strong>ποῦ</strong></span> <span class='ocrx_word' id='word_1_594' title='bbox 1318 4087 1466 4157; x_wconf 70' lang='grc' dir='ltr'>ἦσαν,</span> <span class='ocrx_word' id='word_1_595' title='bbox 1498 4092 1542 4146; x_wconf 88' lang='grc' dir='ltr'><strong>εί</strong></span> <span class='ocrx_word' id='word_1_596' title='bbox 1569 4098 1829 4168; x_wconf 86' lang='grc' dir='ltr'>προῆσαν,</span> <span class='ocrx_word' id='word_1_597' title='bbox 1855 4092 1940 4144; x_wconf 85' lang='grc' dir='ltr'><strong>καί</strong></span> <span class='ocrx_word' id='word_1_598' title='bbox 1966 4097 2078 4149; x_wconf 86' lang='grc' dir='ltr'><strong>πῶς</strong></span> 
     </span>
    </p>
   </div>
   <div class='ocr_carea' id='block_1_75' title="bbox 481 4172 2079 4261">
    <p class='ocr_par' dir='ltr' id='par_1_75' title="bbox 481 4179 2079 4261">
     <span class='ocr_line' id='line_1_75' title="bbox 481 4179 2079 4261; baseline -0.001 -21"><span class='ocrx_word' id='word_1_599' title='bbox 481 4183 696 4241; x_wconf 70' lang='grc' dir='ltr'>ενταῦθα</span> <span class='ocrx_word' id='word_1_600' title='bbox 725 4187 1076 4261; x_wconf 73' lang='grc' dir='ltr'>παρεγένοντο.</span> <span class='ocrx_word' id='word_1_601' title='bbox 1110 4189 1170 4239; x_wconf 84' lang='grc' dir='ltr'><strong>Εἰ</strong></span> <span class='ocrx_word' id='word_1_602' title='bbox 1199 4183 1252 4240; x_wconf 88' lang='grc' dir='ltr'><em>δέ</em></span> <span class='ocrx_word' id='word_1_603' title='bbox 1281 4189 1432 4240; x_wconf 89' lang='grc' dir='ltr'>τοῦτο</span> <span class='ocrx_word' id='word_1_604' title='bbox 1463 4185 1640 4244; x_wconf 77' lang='grc' dir='ltr'>αὐτοῖς</span> <span class='ocrx_word' id='word_1_605' title='bbox 1671 4182 1938 4256; x_wconf 79' lang='grc' dir='ltr'>ἀμήχανόν</span> <span class='ocrx_word' id='word_1_606' title='bbox 1963 4179 2079 4239; x_wconf 85' lang='grc' dir='ltr'>ἐστι</span> 
     </span>
    </p>
   </div>
   <div class='ocr_carea' id='block_1_76' title="bbox 481 4274 2080 4350">
    <p class='ocr_par' dir='ltr' id='par_1_76' title="bbox 481 4274 2080 4350">
     <span class='ocr_line' id='line_1_76' title="bbox 481 4274 2080 4350; baseline 0.002 -19"><span class='ocrx_word' id='word_1_607' title='bbox 481 4277 661 4350; x_wconf 85' lang='grc' dir='ltr'>λέγειν,</span> <span class='ocrx_word' id='word_1_608' title='bbox 689 4283 758 4340; x_wconf 83' lang='grc' dir='ltr'><strong>ὡς</strong></span> <span class='ocrx_word' id='word_1_609' title='bbox 804 4289 895 4340; x_wconf 84' lang='grc' dir='ltr'><strong>τῆς</strong></span> <span class='ocrx_word' id='word_1_610' title='bbox 938 4280 1172 4339; x_wconf 82' lang='grc' dir='ltr'>ἀληθείας</span> <span class='ocrx_word' id='word_1_611' title='bbox 1213 4283 1283 4350; x_wconf 80' lang='grc' dir='ltr'><strong><em>μή</em></strong></span> <span class='ocrx_word' id='word_1_612' title='bbox 1321 4276 1500 4343; x_wconf 59' lang='grc' dir='ltr'>οὔσης,</span> <span class='ocrx_word' id='word_1_613' title='bbox 1527 4274 1674 4334; x_wconf 85' lang='grc' dir='ltr'>δῆλον</span> <span class='ocrx_word' id='word_1_614' title='bbox 1713 4274 1795 4330; x_wconf 81' lang='grc' dir='ltr'>ὅτι</span> <span class='ocrx_word' id='word_1_615' title='bbox 1835 4278 1985 4349; x_wconf 82' lang='grc' dir='ltr'>μῦθοι</span> <span class='ocrx_word' id='word_1_616' title='bbox 2013 4279 2080 4334; x_wconf 88' lang='lat'><strong>16:</strong></span> 
     </span>
    </p>
   </div>
   <div class='ocr_carea' id='block_1_77' title="bbox 481 4366 2080 4445">
    <p class='ocr_par' dir='ltr' id='par_1_77' title="bbox 481 4366 2080 4445">
     <span class='ocr_line' id='line_1_77' title="bbox 481 4366 2080 4445; baseline 0 -19"><span class='ocrx_word' id='word_1_617' title='bbox 481 4372 596 4428; x_wconf 85' lang='grc' dir='ltr'>κατ’</span> <span class='ocrx_word' id='word_1_618' title='bbox 609 4373 795 4434; x_wconf 72' lang='grc' dir='ltr'>αύτούς</span> <span class='ocrx_word' id='word_1_619' title='bbox 822 4375 1174 4444; x_wconf 80' lang='grc' dir='ltr'>ὑπάρχουσιν.</span> <span class='ocrx_word' id='word_1_620' title='bbox 1209 4369 1361 4433; x_wconf 77' lang='grc' dir='ltr'>Ἴσως</span> <span class='ocrx_word' id='word_1_621' title='bbox 1391 4370 1444 4424; x_wconf 82' lang='grc' dir='ltr'>δὲ</span> <span class='ocrx_word' id='word_1_622' title='bbox 1475 4372 1700 4445; x_wconf 82' lang='grc' dir='ltr'>ἐροῦσιν,</span> <span class='ocrx_word' id='word_1_623' title='bbox 1736 4366 1820 4423; x_wconf 82' lang='grc' dir='ltr'>ὅτι</span> <span class='ocrx_word' id='word_1_624' title='bbox 1861 4370 1991 4440; x_wconf 82' lang='grc' dir='ltr'><strong>μετά</strong></span> <span class='ocrx_word' id='word_1_625' title='bbox 2019 4370 2080 4426; x_wconf 88' lang='lat'><strong>1&#39;5</strong></span> 
     </span>
    </p>
   </div>
   <div class='ocr_carea' id='block_1_78' title="bbox 483 4456 2080 4535">
    <p class='ocr_par' dir='ltr' id='par_1_78' title="bbox 483 4456 2080 4535">
     <span class='ocr_line' id='line_1_78' title="bbox 483 4456 2080 4535; baseline 0 -18"><span class='ocrx_word' id='word_1_626' title='bbox 483 4463 718 4519; x_wconf 72' lang='grc' dir='ltr'>εἷσελῦεῖν</span> <span class='ocrx_word' id='word_1_627' title='bbox 759 4466 852 4524; x_wconf 72' lang='lat'><strong>16::</strong></span> <span class='ocrx_word' id='word_1_628' title='bbox 881 4463 1061 4535; x_wconf 65' lang='grc' dir='ltr'>ψυχάς</span> <span class='ocrx_word' id='word_1_629' title='bbox 1088 4465 1134 4518; x_wconf 81' lang='grc' dir='ltr'>ἐν</span> <span class='ocrx_word' id='word_1_630' title='bbox 1163 4471 1270 4524; x_wconf 82' lang='grc' dir='ltr'>τοῖς</span> <span class='ocrx_word' id='word_1_631' title='bbox 1299 4465 1526 4532; x_wconf 83' lang='grc' dir='ltr'>σώμασι,</span> <span class='ocrx_word' id='word_1_632' title='bbox 1554 4460 1666 4516; x_wconf 85' lang='grc' dir='ltr'>τότε</span> <span class='ocrx_word' id='word_1_633' title='bbox 1695 4456 1938 4516; x_wconf 88' lang='grc' dir='ltr'>δύνανται</span> <span class='ocrx_word' id='word_1_634' title='bbox 1967 4459 2080 4518; x_wconf 85' lang='grc' dir='ltr'>δια-</span> 
     </span>
    </p>
   </div>
   <div class='ocr_carea' id='block_1_79' title="bbox 485 4552 2078 4639">
    <p class='ocr_par' dir='ltr' id='par_1_79' title="bbox 485 4552 2078 4639">
     <span class='ocr_line' id='line_1_79' title="bbox 485 4552 2078 4639; baseline -0.004 -26"><span class='ocrx_word' id='word_1_635' title='bbox 485 4561 669 4639; x_wconf 67' lang='grc' dir='ltr'>κρίνειν</span> <span class='ocrx_word' id='word_1_636' title='bbox 703 4580 778 4625; x_wconf 85' lang='grc' dir='ltr'><strong>τε,</strong></span> <span class='ocrx_word' id='word_1_637' title='bbox 813 4562 892 4613; x_wconf 84' lang='grc' dir='ltr'><strong>καί</strong></span> <span class='ocrx_word' id='word_1_638' title='bbox 919 4560 1182 4632; x_wconf 80' lang='grc' dir='ltr'>γινώσκειν</span> <span class='ocrx_word' id='word_1_639' title='bbox 1212 4559 1276 4612; x_wconf 90' lang='grc' dir='ltr'><strong>τά</strong></span> <span class='ocrx_word' id='word_1_640' title='bbox 1304 4553 1630 4628; x_wconf 85' lang='grc' dir='ltr'>πραττόμενα</span> <span class='ocrx_word' id='word_1_641' title='bbox 1669 4552 1797 4628; x_wconf 82' lang='grc' dir='ltr'>παρ’</span> <span class='ocrx_word' id='word_1_642' title='bbox 1819 4554 2010 4609; x_wconf 79' lang='grc' dir='ltr'>αὐτῶν·</span> <span class='ocrx_word' id='word_1_643' title='bbox 2033 4556 2078 4610; x_wconf 87' lang='grc' dir='ltr'><strong>εί</strong></span> 
     </span>
    </p>
   </div>
   <div class='ocr_carea' id='block_1_80' title="bbox 486 4645 2077 4733">
    <p class='ocr_par' dir='ltr' id='par_1_80' title="bbox 486 4645 2077 4726">
     <span class='ocr_line' id='line_1_80' title="bbox 486 4645 2077 4726; baseline -0.004 -20"><span class='ocrx_word' id='word_1_644' title='bbox 486 4649 539 4706; x_wconf 85' lang='grc' dir='ltr'><em>δέ</em></span> <span class='ocrx_word' id='word_1_645' title='bbox 563 4658 714 4706; x_wconf 87' lang='grc' dir='ltr'>τοῦτο</span> <span class='ocrx_word' id='word_1_646' title='bbox 740 4649 968 4718; x_wconf 79' lang='grc' dir='ltr'>εἴπωσιν,</span> <span class='ocrx_word' id='word_1_647' title='bbox 1005 4651 1294 4726; x_wconf 65' lang='grc' dir='ltr'>εὑρίσκεται</span> <span class='ocrx_word' id='word_1_648' title='bbox 1331 4648 1388 4702; x_wconf 88' lang='grc' dir='ltr'>τὸ</span> <span class='ocrx_word' id='word_1_649' title='bbox 1417 4652 1567 4715; x_wconf 78' lang='grc' dir='ltr'>σῶμα</span> <span class='ocrx_word' id='word_1_650' title='bbox 1595 4645 1723 4699; x_wconf 86' lang='grc' dir='ltr'><strong>κατά</strong></span> <span class='ocrx_word' id='word_1_651' title='bbox 1750 4647 1870 4704; x_wconf 80' lang='grc' dir='ltr'>τούς</span> <span class='ocrx_word' id='word_1_652' title='bbox 1908 4647 2077 4701; x_wconf 81' lang='grc' dir='ltr'>αὐτῶν</span> 
     </span>
    </p>
   </div>
   <div class='ocr_carea' id='block_1_81' title="bbox 483 4734 2076 4818">
    <p class='ocr_par' dir='ltr' id='par_1_81' title="bbox 483 4734 2076 4818">
     <span class='ocr_line' id='line_1_81' title="bbox 483 4734 2076 4818; baseline -0.004 -17"><span class='ocrx_word' id='word_1_653' title='bbox 483 4747 729 4816; x_wconf 85' lang='grc' dir='ltr'>ματαίους</span> <span class='ocrx_word' id='word_1_654' title='bbox 749 4746 930 4818; x_wconf 89' lang='grc' dir='ltr'>λόγους</span> <span class='ocrx_word' id='word_1_655' title='bbox 951 4747 1250 4818; x_wconf 83' lang='grc' dir='ltr'>τιμιὼτερον</span> <span class='ocrx_word' id='word_1_656' title='bbox 1275 4749 1366 4802; x_wconf 86' lang='grc' dir='ltr'><strong>τῆς</strong></span> <span class='ocrx_word' id='word_1_657' title='bbox 1392 4739 1596 4811; x_wconf 72' lang='grc' dir='ltr'>ψυχῆς,</span> <span class='ocrx_word' id='word_1_658' title='bbox 1629 4734 1710 4792; x_wconf 79' lang='grc' dir='ltr'>οἷα</span> <span class='ocrx_word' id='word_1_659' title='bbox 1733 4739 2076 4810; x_wconf 78' lang='grc' dir='ltr'>χαριζόμενον</span> 
     </span>
    </p>
   </div>
   <div class='ocr_carea' id='block_1_82' title="bbox 485 4827 2076 4912">
    <p class='ocr_par' dir='ltr' id='par_1_82' title="bbox 485 4827 2076 4912">
     <span class='ocr_line' id='line_1_82' title="bbox 485 4827 2076 4912; baseline -0.007 -20"><span class='ocrx_word' id='word_1_660' title='bbox 485 4840 608 4894; x_wconf 78' lang='grc' dir='ltr'><strong>αὖτῆ</strong></span> <span class='ocrx_word' id='word_1_661' title='bbox 643 4837 701 4892; x_wconf 82' lang='grc' dir='ltr'>τὸ</span> <span class='ocrx_word' id='word_1_662' title='bbox 735 4834 914 4912; x_wconf 77' lang='grc' dir='ltr'>νοεράν</span> <span class='ocrx_word' id='word_1_663' title='bbox 937 4855 1014 4901; x_wconf 86' lang='grc' dir='ltr'><strong>τε,</strong></span> <span class='ocrx_word' id='word_1_664' title='bbox 1046 4836 1126 4889; x_wconf 85' lang='grc' dir='ltr'><strong>καί</strong></span> <span class='ocrx_word' id='word_1_665' title='bbox 1145 4833 1342 4905; x_wconf 69' lang='grc' dir='ltr'>λογικήν</span> <span class='ocrx_word' id='word_1_666' title='bbox 1384 4830 1629 4903; x_wconf 80' lang='grc' dir='ltr'>γενέσθαι·</span> <span class='ocrx_word' id='word_1_667' title='bbox 1663 4827 1785 4882; x_wconf 84' lang='grc' dir='ltr'><strong>ἀλλά</strong></span> <span class='ocrx_word' id='word_1_668' title='bbox 1826 4828 1882 4884; x_wconf 83' lang='lat'><strong>15</strong></span> <span class='ocrx_word' id='word_1_669' title='bbox 1917 4829 2076 4900; x_wconf 86' lang='grc' dir='ltr'>λέγειν</span> 
     </span>
    </p>
   </div>
   <div class='ocr_carea' id='block_1_83' title="bbox 479 4919 2077 4992">
    <p class='ocr_par' dir='ltr' id='par_1_83' title="bbox 479 4919 2077 4992">
     <span class='ocr_line' id='line_1_83' title="bbox 479 4919 2077 4992; baseline -0.005 -10"><span class='ocrx_word' id='word_1_670' title='bbox 479 4935 630 4984; x_wconf 82' lang='grc' dir='ltr'>τοῦτο</span> <span class='ocrx_word' id='word_1_671' title='bbox 657 4926 834 4989; x_wconf 65' lang='grc' dir='ltr'>πίσης</span> <span class='ocrx_word' id='word_1_672' title='bbox 863 4928 998 4983; x_wconf 80' lang='grc' dir='ltr'>ἐστίν</span> <span class='ocrx_word' id='word_1_673' title='bbox 1027 4927 1221 4990; x_wconf 80' lang='grc' dir='ltr'>ἀνοίας,</span> <span class='ocrx_word' id='word_1_674' title='bbox 1255 4927 1343 4977; x_wconf 90' lang='grc' dir='ltr'><strong>καί</strong></span> <span class='ocrx_word' id='word_1_675' title='bbox 1373 4923 1591 4981; x_wconf 82' lang='grc' dir='ltr'>ἀτοπίας</span> <span class='ocrx_word' id='word_1_676' title='bbox 1615 4921 1820 4992; x_wconf 83' lang='grc' dir='ltr'>μεστόν.</span> <span class='ocrx_word' id='word_1_677' title='bbox 1854 4923 1996 4976; x_wconf 87' lang='grc' dir='ltr'>Διατί</span> <span class='ocrx_word' id='word_1_678' title='bbox 2023 4919 2077 4976; x_wconf 75' lang='grc' dir='ltr'>δὲ</span> 
     </span>
    </p>
   </div>
   <div class='ocr_carea' id='block_1_84' title="bbox 481 5011 2078 5097">
    <p class='ocr_par' dir='ltr' id='par_1_84' title="bbox 481 5011 2078 5097">
     <span class='ocr_line' id='line_1_84' title="bbox 481 5011 2078 5097; baseline -0.007 -19"><span class='ocrx_word' id='word_1_679' title='bbox 481 5020 634 5088; x_wconf 79' lang='grc' dir='ltr'>ὅλως,</span> <span class='ocrx_word' id='word_1_680' title='bbox 667 5020 808 5097; x_wconf 79' lang='grc' dir='ltr'>εἴπερ</span> <span class='ocrx_word' id='word_1_681' title='bbox 837 5024 905 5080; x_wconf 84' lang='grc' dir='ltr'><strong>ὡς</strong></span> <span class='ocrx_word' id='word_1_682' title='bbox 932 5021 1138 5090; x_wconf 79' lang='grc' dir='ltr'>λέγουσι</span> <span class='ocrx_word' id='word_1_683' title='bbox 1175 5021 1516 5093; x_wconf 77' lang='grc' dir='ltr'>προϋπῆρχεν</span> <span class='ocrx_word' id='word_1_684' title='bbox 1539 5015 1569 5070; x_wconf 79' lang='grc' dir='ltr'>ἡ</span> <span class='ocrx_word' id='word_1_685' title='bbox 1598 5011 1775 5084; x_wconf 60' lang='grc' dir='ltr'>ψυχή,</span> <span class='ocrx_word' id='word_1_686' title='bbox 1807 5013 2078 5086; x_wconf 81' lang='grc' dir='ltr'>μαθήσεώς</span> 
     </span>
    </p>
   </div>
   <div class='ocr_carea' id='block_1_85' title="bbox 479 5108 2076 5186">
    <p class='ocr_par' dir='ltr' id='par_1_85' title="bbox 479 5108 2076 5186">
     <span class='ocr_line' id='line_1_85' title="bbox 479 5108 2076 5186; baseline -0.006 -15"><span class='ocrx_word' id='word_1_687' title='bbox 479 5137 636 5186; x_wconf 85' lang='grc' dir='ltr'>τινος,</span> <span class='ocrx_word' id='word_1_688' title='bbox 685 5115 716 5176; x_wconf 79' lang='grc' dir='ltr'><strong>ἣ</strong></span> <span class='ocrx_word' id='word_1_689' title='bbox 761 5113 985 5184; x_wconf 85' lang='grc' dir='ltr'>διδαχῆς</span> <span class='ocrx_word' id='word_1_690' title='bbox 1027 5110 1197 5168; x_wconf 82' lang='grc' dir='ltr'>δέεται</span> <span class='ocrx_word' id='word_1_691' title='bbox 1225 5111 1275 5164; x_wconf 80' lang='grc' dir='ltr'>ἐν</span> <span class='ocrx_word' id='word_1_692' title='bbox 1302 5117 1374 5179; x_wconf 86' lang='grc' dir='ltr'>τῷ</span> <span class='ocrx_word' id='word_1_693' title='bbox 1403 5110 1606 5178; x_wconf 82' lang='grc' dir='ltr'>σώματι</span> <span class='ocrx_word' id='word_1_694' title='bbox 1651 5109 1908 5180; x_wconf 81' lang='grc' dir='ltr'>γενομένη,</span> <span class='ocrx_word' id='word_1_695' title='bbox 1941 5108 2076 5164; x_wconf 89' lang='grc' dir='ltr'><strong>κατά</strong></span> 
     </span>
    </p>
   </div>
   <div class='ocr_carea' id='block_1_86' title="bbox 479 5201 2074 5280">
    <p class='ocr_par' dir='ltr' id='par_1_86' title="bbox 479 5201 2074 5280">
     <span class='ocr_line' id='line_1_86' title="bbox 479 5201 2074 5280; baseline -0.004 -16"><span class='ocrx_word' id='word_1_696' title='bbox 479 5210 661 5280; x_wconf 82' lang='grc' dir='ltr'>μικρὸν</span> <span class='ocrx_word' id='word_1_697' title='bbox 705 5208 1038 5280; x_wconf 79' lang='grc' dir='ltr'>εἰσαγομένη,</span> <span class='ocrx_word' id='word_1_698' title='bbox 1075 5206 1162 5258; x_wconf 86' lang='grc' dir='ltr'>καὶ</span> <span class='ocrx_word' id='word_1_699' title='bbox 1203 5201 1568 5277; x_wconf 84' lang='grc' dir='ltr'>προκόπτουσα</span> <span class='ocrx_word' id='word_1_700' title='bbox 1598 5203 1668 5262; x_wconf 84' lang='grc' dir='ltr'>εἷς</span> <span class='ocrx_word' id='word_1_701' title='bbox 1696 5203 1764 5256; x_wconf 88' lang='lat'><strong>16:</strong></span> <span class='ocrx_word' id='word_1_702' title='bbox 1791 5201 1993 5274; x_wconf 82' lang='grc' dir='ltr'>μείζονά</span> <span class='ocrx_word' id='word_1_703' title='bbox 2020 5223 2074 5258; x_wconf 87' lang='grc' dir='ltr'><strong>τε</strong></span> 
     </span>
    </p>
   </div>
   <div class='ocr_carea' id='block_1_87' title="bbox 478 5287 2080 5373">
    <p class='ocr_par' dir='ltr' id='par_1_87' title="bbox 478 5287 2080 5373">
     <span class='ocr_line' id='line_1_87' title="bbox 478 5287 2080 5373; baseline -0.006 -17"><span class='ocrx_word' id='word_1_704' title='bbox 478 5303 562 5356; x_wconf 76' lang='grc' dir='ltr'><strong>καί</strong></span> <span class='ocrx_word' id='word_1_705' title='bbox 584 5298 896 5373; x_wconf 84' lang='grc' dir='ltr'>τελειότερα;</span> <span class='ocrx_word' id='word_1_706' title='bbox 926 5299 980 5350; x_wconf 76' lang='lat' dir='ltr'><strong>Ei</strong></span> <span class='ocrx_word' id='word_1_707' title='bbox 1008 5297 1106 5369; x_wconf 83' lang='grc' dir='ltr'><strong>γάρ</strong></span> <span class='ocrx_word' id='word_1_708' title='bbox 1147 5302 1328 5368; x_wconf 74' lang='grc' dir='ltr'>προ-ῆν,</span> <span class='ocrx_word' id='word_1_709' title='bbox 1358 5294 1440 5347; x_wconf 86' lang='grc' dir='ltr'><strong>καί</strong></span> <span class='ocrx_word' id='word_1_710' title='bbox 1469 5293 1735 5365; x_wconf 80' lang='grc' dir='ltr'>ἐγίνωσκεν</span> <span class='ocrx_word' id='word_1_711' title='bbox 1767 5287 1826 5347; x_wconf 81' lang='grc' dir='ltr'><strong>ἀν</strong></span> <span class='ocrx_word' id='word_1_712' title='bbox 1853 5293 1918 5348; x_wconf 90' lang='lat'><strong>16:</strong></span> <span class='ocrx_word' id='word_1_713' title='bbox 1943 5314 2080 5364; x_wconf 84' lang='grc' dir='ltr'>συμ-</span> 
     </span>
    </p>
   </div>
   <div class='ocr_carea' id='block_1_88' title="bbox 483 5383 2078 5469">
    <p class='ocr_par' dir='ltr' id='par_1_88' title="bbox 483 5383 2078 5469">
     <span class='ocr_line' id='line_1_88' title="bbox 483 5383 2078 5469; baseline -0.006 -21"><span class='ocrx_word' id='word_1_714' title='bbox 483 5395 693 5469; x_wconf 65' lang='grc' dir='ltr'>φέροντα</span> <span class='ocrx_word' id='word_1_715' title='bbox 740 5389 992 5464; x_wconf 82' lang='grc' dir='ltr'>μηδεμιᾶς</span> <span class='ocrx_word' id='word_1_716' title='bbox 1039 5388 1306 5457; x_wconf 79' lang='grc' dir='ltr'>μαθήσεως</span> <span class='ocrx_word' id='word_1_717' title='bbox 1350 5383 1574 5456; x_wconf 81' lang='grc' dir='ltr'>δεομένη,</span> <span class='ocrx_word' id='word_1_718' title='bbox 1603 5387 1689 5438; x_wconf 83' lang='grc' dir='ltr'><strong>καί</strong></span> <span class='ocrx_word' id='word_1_719' title='bbox 1724 5386 1792 5444; x_wconf 87' lang='grc' dir='ltr'><strong>ὡς</strong></span> <span class='ocrx_word' id='word_1_720' title='bbox 1822 5385 1869 5437; x_wconf 87' lang='grc' dir='ltr'>ἐν</span> <span class='ocrx_word' id='word_1_721' title='bbox 1894 5387 2078 5456; x_wconf 86' lang='grc' dir='ltr'>γνώσει</span> 
     </span>
    </p>
   </div>
   <div class='ocr_carea' id='block_1_89' title="bbox 484 5477 2076 5558">
    <p class='ocr_par' dir='ltr' id='par_1_89' title="bbox 484 5477 2076 5558">
     <span class='ocr_line' id='line_1_89' title="bbox 484 5477 2076 5558; baseline -0.015 -15"><span class='ocrx_word' id='word_1_722' title='bbox 484 5487 822 5558; x_wconf 81' lang='grc' dir='ltr'>τυγχάνουσα</span> <span class='ocrx_word' id='word_1_723' title='bbox 882 5479 1158 5556; x_wconf 74' lang='grc' dir='ltr'>διωρθοῦτο</span> <span class='ocrx_word' id='word_1_724' title='bbox 1215 5485 1329 5538; x_wconf 76' lang='grc' dir='ltr'>ταῖς</span> <span class='ocrx_word' id='word_1_725' title='bbox 1384 5477 1729 5548; x_wconf 80' lang='grc' dir='ltr'>ἐπιμελείαις⁴</span> <span class='ocrx_word' id='word_1_726' title='bbox 1779 5478 1862 5531; x_wconf 84' lang='grc' dir='ltr'><strong>καί</strong></span> <span class='ocrx_word' id='word_1_727' title='bbox 1922 5481 1970 5530; x_wconf 78' lang='grc' dir='ltr'>εἰ</span> <span class='ocrx_word' id='word_1_728' title='bbox 2019 5477 2076 5532; x_wconf 74' lang='grc' dir='ltr'>τὸ</span> 
     </span>
    </p>
   </div>
   <div class='ocr_carea' id='block_1_90' title="bbox 482 5569 2073 5648">
    <p class='ocr_par' dir='ltr' id='par_1_90' title="bbox 482 5569 2073 5648">
     <span class='ocr_line' id='line_1_90' title="bbox 482 5569 2073 5648; baseline -0.007 -15"><span class='ocrx_word' id='word_1_729' title='bbox 482 5586 718 5648; x_wconf 83' lang='grc' dir='ltr'>πταῖσμα</span> <span class='ocrx_word' id='word_1_730' title='bbox 762 5576 1049 5648; x_wconf 77' lang='grc' dir='ltr'>ἐγίνωσκεν,</span> <span class='ocrx_word' id='word_1_731' title='bbox 1081 5575 1166 5626; x_wconf 66' lang='grc' dir='ltr'>οὐκ</span> <span class='ocrx_word' id='word_1_732' title='bbox 1193 5569 1485 5626; x_wconf 78' lang='grc' dir='ltr'>ἒδιδάσκετο</span> <span class='ocrx_word' id='word_1_733' title='bbox 1522 5573 1589 5630; x_wconf 85' lang='grc' dir='ltr'>ὡς</span> <span class='ocrx_word' id='word_1_734' title='bbox 1631 5571 2073 5648; x_wconf 26' lang='grc' dir='ltr'>προεπ-ισταμένη·</span> 
     </span>
    </p>
   </div>
   <div class='ocr_carea' id='block_1_91' title="bbox 483 5659 2078 5739">
    <p class='ocr_par' dir='ltr' id='par_1_91' title="bbox 483 5659 2078 5739">
     <span class='ocr_line' id='line_1_91' title="bbox 483 5659 2078 5739; baseline -0.006 -15"><span class='ocrx_word' id='word_1_735' title='bbox 483 5676 526 5724; x_wconf 73' lang='lat' dir='ltr'><strong>ri</strong></span> <span class='ocrx_word' id='word_1_736' title='bbox 557 5668 611 5724; x_wconf 76' lang='grc' dir='ltr'><strong>δέ</strong></span> <span class='ocrx_word' id='word_1_737' title='bbox 639 5667 924 5723; x_wconf 76' lang='grc' dir='ltr'>διδάσκεται</span> <span class='ocrx_word' id='word_1_738' title='bbox 957 5668 1023 5728; x_wconf 86' lang='grc' dir='ltr'><strong>ὡς</strong></span> <span class='ocrx_word' id='word_1_739' title='bbox 1048 5668 1322 5739; x_wconf 82' lang='grc' dir='ltr'>ἀγνοοῦσα,</span> <span class='ocrx_word' id='word_1_740' title='bbox 1350 5665 1407 5716; x_wconf 85' lang='grc' dir='ltr'><strong>ού</strong></span> <span class='ocrx_word' id='word_1_741' title='bbox 1442 5660 1682 5737; x_wconf 65' lang='grc' dir='ltr'>προῄδει·</span> <span class='ocrx_word' id='word_1_742' title='bbox 1714 5665 1757 5716; x_wconf 85' lang='grc' dir='ltr'><strong>εί</strong></span> <span class='ocrx_word' id='word_1_743' title='bbox 1785 5659 1838 5714; x_wconf 82' lang='grc' dir='ltr'>δὲ</span> <span class='ocrx_word' id='word_1_744' title='bbox 1863 5662 1922 5713; x_wconf 87' lang='grc' dir='ltr'><strong>ού</strong></span> <span class='ocrx_word' id='word_1_745' title='bbox 1948 5679 2078 5734; x_wconf 85' lang='grc' dir='ltr'>προ-</span> 
     </span>
    </p>
   </div>
   <div class='ocr_carea' id='block_1_92' title="bbox 483 5753 2074 5835">
    <p class='ocr_par' dir='ltr' id='par_1_92' title="bbox 483 5753 2074 5835">
     <span class='ocr_line' id='line_1_92' title="bbox 483 5753 2074 5835; baseline -0.006 -20"><span class='ocrx_word' id='word_1_746' title='bbox 483 5763 609 5834; x_wconf 62' lang='grc' dir='ltr'>ςζῖἲέι,</span> <span class='ocrx_word' id='word_1_747' title='bbox 644 5761 700 5816; x_wconf 80' lang='grc' dir='ltr'><strong>ού</strong></span> <span class='ocrx_word' id='word_1_748' title='bbox 731 5768 910 5835; x_wconf 87' lang='grc' dir='ltr'>προῆν,</span> <span class='ocrx_word' id='word_1_749' title='bbox 935 5759 1060 5814; x_wconf 86' lang='grc' dir='ltr'><strong>ἀλλά</strong></span> <span class='ocrx_word' id='word_1_750' title='bbox 1085 5756 1226 5816; x_wconf 82' lang='grc' dir='ltr'>δῆλον</span> <span class='ocrx_word' id='word_1_751' title='bbox 1266 5755 1346 5812; x_wconf 83' lang='grc' dir='ltr'>ὅτι</span> <span class='ocrx_word' id='word_1_752' title='bbox 1381 5757 1440 5810; x_wconf 79' lang='grc' dir='ltr'><strong>ού</strong></span> <span class='ocrx_word' id='word_1_753' title='bbox 1472 5762 1656 5830; x_wconf 85' lang='grc' dir='ltr'>προῆν.</span> <span class='ocrx_word' id='word_1_754' title='bbox 1685 5761 1787 5812; x_wconf 82' lang='grc' dir='ltr'><strong>Τῆς</strong></span> <span class='ocrx_word' id='word_1_755' title='bbox 1809 5753 1908 5828; x_wconf 88' lang='grc' dir='ltr'><strong>γάρ</strong></span> <span class='ocrx_word' id='word_1_756' title='bbox 1936 5755 2074 5822; x_wconf 82' lang='grc' dir='ltr'>γενέ-</span> 
     </span>
    </p>
   </div>
   <div class='ocr_carea' id='block_1_93' title="bbox 481 5845 2076 5930">
    <p class='ocr_par' dir='ltr' id='par_1_93' title="bbox 481 5845 2076 5930">
     <span class='ocr_line' id='line_1_93' title="bbox 481 5845 2076 5930; baseline -0.008 -18"><span class='ocrx_word' id='word_1_757' title='bbox 481 5877 610 5918; x_wconf 69' lang='grc' dir='ltr'>σεως</span> <span class='ocrx_word' id='word_1_758' title='bbox 642 5857 778 5930; x_wconf 80' lang='grc' dir='ltr'>ἡμῶν</span> <span class='ocrx_word' id='word_1_759' title='bbox 810 5850 969 5918; x_wconf 72' lang='grc' dir='ltr'>αἴτιός</span> <span class='ocrx_word' id='word_1_760' title='bbox 1009 5855 1119 5911; x_wconf 80' lang='grc' dir='ltr'>ἐστι</span> <span class='ocrx_word' id='word_1_761' title='bbox 1156 5850 1304 5924; x_wconf 79' lang='grc' dir='ltr'>μόνος</span> <span class='ocrx_word' id='word_1_762' title='bbox 1335 5849 1358 5906; x_wconf 84' lang='lat'><strong>5</strong></span> <span class='ocrx_word' id='word_1_763' title='bbox 1402 5849 1547 5913; x_wconf 82' lang='grc' dir='ltr'>Θεὸς,</span> <span class='ocrx_word' id='word_1_764' title='bbox 1586 5845 1643 5908; x_wconf 80' lang='grc' dir='ltr'>ὃς</span> <span class='ocrx_word' id='word_1_765' title='bbox 1677 5867 1757 5910; x_wconf 82' lang='grc' dir='ltr'><strong>τις</strong></span> <span class='ocrx_word' id='word_1_766' title='bbox 1795 5846 1951 5906; x_wconf 70' lang='grc' dir='ltr'>καθὼς</span> <span class='ocrx_word' id='word_1_767' title='bbox 1989 5847 2076 5899; x_wconf 76' lang='grc' dir='ltr'>οὐκ</span> 
     </span>
    </p>
   </div>
   <div class='ocr_carea' id='block_1_94' title="bbox 2177 3238 3756 3316">
    <p class='ocr_par' dir='ltr' id='par_1_94' title="bbox 2177 3238 3756 3316">
     <span class='ocr_line' id='line_1_94' title="bbox 2177 3238 3756 3316; baseline -0.005 -16"><span class='ocrx_word' id='word_1_768' title='bbox 2177 3260 2276 3316; x_wconf 89' lang='lat' dir='ltr'><strong>per</strong></span> <span class='ocrx_word' id='word_1_769' title='bbox 2299 3260 2514 3316; x_wconf 84' lang='lat' dir='ltr'><strong>corpus,</strong></span> <span class='ocrx_word' id='word_1_770' title='bbox 2548 3250 2661 3298; x_wconf 89' lang='lat' dir='ltr'><strong>tum</strong></span> <span class='ocrx_word' id='word_1_771' title='bbox 2687 3249 2812 3296; x_wconf 90' lang='lat' dir='ltr'><strong>ante</strong></span> <span class='ocrx_word' id='word_1_772' title='bbox 2837 3255 3052 3311; x_wconf 89' lang='lat' dir='ltr'><strong>corpus.</strong></span> <span class='ocrx_word' id='word_1_773' title='bbox 3093 3239 3313 3294; x_wconf 86' lang='lat' dir='ltr'><strong>Animas</strong></span> <span class='ocrx_word' id='word_1_774' title='bbox 3331 3253 3460 3294; x_wconf 89' lang='lat' dir='ltr'><strong>vero</strong></span> <span class='ocrx_word' id='word_1_775' title='bbox 3480 3238 3756 3292; x_wconf 86' lang='lat' dir='ltr'><strong>hominum</strong></span> 
     </span>
    </p>
   </div>
   <div class='ocr_carea' id='block_1_95' title="bbox 2177 3333 3756 3407">
    <p class='ocr_par' dir='ltr' id='par_1_95' title="bbox 2177 3333 3756 3407">
     <span class='ocr_line' id='line_1_95' title="bbox 2177 3333 3756 3407; baseline -0.005 -13"><span class='ocrx_word' id='word_1_776' title='bbox 2177 3337 2532 3407; x_wconf 81' lang='lat' dir='ltr'><strong>intelligentia</strong></span> <span class='ocrx_word' id='word_1_777' title='bbox 2561 3344 2615 3392; x_wconf 91' lang='lat' dir='ltr'><strong>et</strong></span> <span class='ocrx_word' id='word_1_778' title='bbox 2636 3335 2848 3390; x_wconf 89' lang='lat' dir='ltr'><strong>ratione</strong></span> <span class='ocrx_word' id='word_1_779' title='bbox 2870 3334 2967 3399; x_wconf 91' lang='lat' dir='ltr'><strong>uti,</strong></span> <span class='ocrx_word' id='word_1_780' title='bbox 2997 3333 3053 3389; x_wconf 92' lang='lat' dir='ltr'><strong>in</strong></span> <span class='ocrx_word' id='word_1_781' title='bbox 3082 3333 3330 3390; x_wconf 83' lang='lat' dir='ltr'><strong>confesso</strong></span> <span class='ocrx_word' id='word_1_782' title='bbox 3358 3340 3442 3389; x_wconf 91' lang='lat' dir='ltr'><strong>est</strong></span> <span class='ocrx_word' id='word_1_783' title='bbox 3469 3350 3484 3398; x_wconf 90' lang='lat'><strong>;</strong></span> <span class='ocrx_word' id='word_1_784' title='bbox 3515 3333 3660 3402; x_wconf 87' lang='lat' dir='ltr'><strong>quod</strong></span> <span class='ocrx_word' id='word_1_785' title='bbox 3688 3346 3756 3387; x_wconf 91' lang='lat' dir='ltr'><strong>ne</strong></span> 
     </span>
    </p>
   </div>
   <div class='ocr_carea' id='block_1_96' title="bbox 2177 3424 3755 3499">
    <p class='ocr_par' dir='ltr' id='par_1_96' title="bbox 2177 3424 3755 3499">
     <span class='ocr_line' id='line_1_96' title="bbox 2177 3424 3755 3499; baseline -0.004 -14"><span class='ocrx_word' id='word_1_786' title='bbox 2177 3445 2274 3485; x_wconf 92' lang='lat' dir='ltr'><strong>eos</strong></span> <span class='ocrx_word' id='word_1_787' title='bbox 2301 3427 2521 3499; x_wconf 88' lang='lat' dir='ltr'><strong>quidem</strong></span> <span class='ocrx_word' id='word_1_788' title='bbox 2549 3439 2747 3496; x_wconf 84' lang='lat' dir='ltr'><strong>negare</strong></span> <span class='ocrx_word' id='word_1_789' title='bbox 2790 3433 3059 3496; x_wconf 85' lang='lat' dir='ltr'><strong>putamus,</strong></span> <span class='ocrx_word' id='word_1_790' title='bbox 3091 3425 3184 3494; x_wconf 91' lang='lat' dir='ltr'><strong>qui</strong></span> <span class='ocrx_word' id='word_1_791' title='bbox 3211 3431 3428 3480; x_wconf 85' lang='lat' dir='ltr'><strong>tuentur</strong></span> <span class='ocrx_word' id='word_1_792' title='bbox 3451 3424 3755 3494; x_wconf 85' lang='lat' dir='ltr'><strong>Origenem.</strong></span> 
     </span>
    </p>
   </div>
   <div class='ocr_carea' id='block_1_97' title="bbox 2177 3519 3755 3591">
    <p class='ocr_par' dir='ltr' id='par_1_97' title="bbox 2177 3519 3755 3591">
     <span class='ocr_line' id='line_1_97' title="bbox 2177 3519 3755 3591; baseline -0.003 -13"><span class='ocrx_word' id='word_1_793' title='bbox 2177 3521 2370 3578; x_wconf 90' lang='lat' dir='ltr'><strong>Dicant</strong></span> <span class='ocrx_word' id='word_1_794' title='bbox 2393 3522 2554 3590; x_wconf 78' lang='lat' dir='ltr'><strong>igitur</strong></span> <span class='ocrx_word' id='word_1_795' title='bbox 2580 3520 2671 3590; x_wconf 91' lang='lat' dir='ltr'><strong>qui</strong></span> <span class='ocrx_word' id='word_1_796' title='bbox 2699 3535 2822 3576; x_wconf 88' lang='lat' dir='ltr'><strong>cum</strong></span> <span class='ocrx_word' id='word_1_797' title='bbox 2843 3519 3075 3589; x_wconf 79' lang='lat' dir='ltr'><strong>Origene</strong></span> <span class='ocrx_word' id='word_1_798' title='bbox 3097 3520 3334 3575; x_wconf 82' lang='lat' dir='ltr'><strong>sentiunt</strong></span> <span class='ocrx_word' id='word_1_799' title='bbox 3358 3537 3370 3574; x_wconf 94' lang='lat'><strong>:</strong></span> <span class='ocrx_word' id='word_1_800' title='bbox 3401 3520 3592 3575; x_wconf 71' lang='lat' dir='ltr'><strong>anima:</strong></span> <span class='ocrx_word' id='word_1_801' title='bbox 3613 3521 3755 3591; x_wconf 86' lang='lat' dir='ltr'><strong>ipso-</strong></span> 
     </span>
    </p>
   </div>
   <div class='ocr_carea' id='block_1_98' title="bbox 2178 3611 3754 3686">
    <p class='ocr_par' dir='ltr' id='par_1_98' title="bbox 2178 3611 3754 3686">
     <span class='ocr_line' id='line_1_98' title="bbox 2178 3611 3754 3686; baseline -0.003 -16"><span class='ocrx_word' id='word_1_802' title='bbox 2178 3630 2299 3670; x_wconf 89' lang='lat' dir='ltr'><strong>rum</strong></span> <span class='ocrx_word' id='word_1_803' title='bbox 2328 3613 2636 3686; x_wconf 86' lang='lat' dir='ltr'><strong>(siquidem,</strong></span> <span class='ocrx_word' id='word_1_804' title='bbox 2662 3620 2720 3668; x_wconf 93' lang='lat' dir='ltr'><strong>ut</strong></span> <span class='ocrx_word' id='word_1_805' title='bbox 2748 3621 3079 3680; x_wconf 86' lang='lat' dir='ltr'><strong>asseverant,</strong></span> <span class='ocrx_word' id='word_1_806' title='bbox 3110 3620 3236 3668; x_wconf 89' lang='lat' dir='ltr'><strong>ante</strong></span> <span class='ocrx_word' id='word_1_807' title='bbox 3264 3627 3492 3683; x_wconf 85' lang='lat' dir='ltr'><strong>corpora</strong></span> <span class='ocrx_word' id='word_1_808' title='bbox 3522 3611 3754 3680; x_wconf 82' lang='lat' dir='ltr'><strong>fuerunt)</strong></span> 
     </span>
    </p>
   </div>
   <div class='ocr_carea' id='block_1_99' title="bbox 2179 3703 3756 3778">
    <p class='ocr_par' dir='ltr' id='par_1_99' title="bbox 2179 3703 3756 3778">
     <span class='ocr_line' id='line_1_99' title="bbox 2179 3703 3756 3778; baseline -0.002 -17"><span class='ocrx_word' id='word_1_809' title='bbox 2179 3707 2491 3778; x_wconf 83' lang='lat' dir='ltr'><strong>priusquam</strong></span> <span class='ocrx_word' id='word_1_810' title='bbox 2513 3706 2566 3760; x_wconf 89' lang='lat' dir='ltr'><strong>in</strong></span> <span class='ocrx_word' id='word_1_811' title='bbox 2585 3706 2698 3776; x_wconf 89' lang='lat' dir='ltr'><strong>ipsa</strong></span> <span class='ocrx_word' id='word_1_812' title='bbox 2719 3705 3147 3775; x_wconf 81' lang='lat' dir='ltr'><strong>ingrederentur,</strong></span> <span class='ocrx_word' id='word_1_813' title='bbox 3171 3718 3278 3775; x_wconf 91' lang='lat' dir='ltr'><strong>quo</strong></span> <span class='ocrx_word' id='word_1_814' title='bbox 3299 3703 3353 3758; x_wconf 89' lang='lat' dir='ltr'><strong>in</strong></span> <span class='ocrx_word' id='word_1_815' title='bbox 3377 3704 3564 3759; x_wconf 88' lang='lat' dir='ltr'><strong>ordine</strong></span> <span class='ocrx_word' id='word_1_816' title='bbox 3585 3711 3756 3768; x_wconf 81' lang='lat' dir='ltr'><strong>erant,</strong></span> 
     </span>
    </p>
   </div>
   <div class='ocr_carea' id='block_1_100' title="bbox 2183 3793 3757 3867">
    <p class='ocr_par' dir='ltr' id='par_1_100' title="bbox 2183 3793 3757 3867">
     <span class='ocr_line' id='line_1_100' title="bbox 2183 3793 3757 3867; baseline -0.003 -15"><span class='ocrx_word' id='word_1_817' title='bbox 2183 3805 2274 3852; x_wconf 85' lang='lat' dir='ltr'><strong>aut</strong></span> <span class='ocrx_word' id='word_1_818' title='bbox 2302 3797 2432 3867; x_wconf 90' lang='lat' dir='ltr'><strong>quid</strong></span> <span class='ocrx_word' id='word_1_819' title='bbox 2459 3797 2734 3865; x_wconf 83' lang='lat' dir='ltr'><strong>agebant?</strong></span> <span class='ocrx_word' id='word_1_820' title='bbox 2761 3793 3012 3867; x_wconf 90' lang='lat' dir='ltr'><strong>Oportuit</strong></span> <span class='ocrx_word' id='word_1_821' title='bbox 3040 3795 3187 3850; x_wconf 90' lang='lat' dir='ltr'><strong>enim</strong></span> <span class='ocrx_word' id='word_1_822' title='bbox 3215 3810 3327 3862; x_wconf 87' lang='lat' dir='ltr'><strong>eas,</strong></span> <span class='ocrx_word' id='word_1_823' title='bbox 3358 3795 3402 3850; x_wconf 87' lang='lat' dir='ltr'><strong>si</strong></span> <span class='ocrx_word' id='word_1_824' title='bbox 3432 3804 3558 3850; x_wconf 90' lang='lat' dir='ltr'><strong>ante</strong></span> <span class='ocrx_word' id='word_1_825' title='bbox 3588 3804 3757 3860; x_wconf 87' lang='lat' dir='ltr'><strong>erant,</strong></span> 
     </span>
    </p>
   </div>
   <div class='ocr_carea' id='block_1_101' title="bbox 2181 3887 3762 3958">
    <p class='ocr_par' dir='ltr' id='par_1_101' title="bbox 2181 3887 3762 3958">
     <span class='ocr_line' id='line_1_101' title="bbox 2181 3887 3762 3958; baseline -0.001 -14"><span class='ocrx_word' id='word_1_826' title='bbox 2181 3889 2344 3956; x_wconf 86' lang='lat' dir='ltr'><strong>scire,</strong></span> <span class='ocrx_word' id='word_1_827' title='bbox 2388 3903 2495 3958; x_wconf 92' lang='lat' dir='ltr'><strong>quo</strong></span> <span class='ocrx_word' id='word_1_828' title='bbox 2524 3888 2648 3943; x_wconf 91' lang='lat' dir='ltr'><strong>loco</strong></span> <span class='ocrx_word' id='word_1_829' title='bbox 2678 3896 2881 3957; x_wconf 86' lang='lat' dir='ltr'><strong>essent,</strong></span> <span class='ocrx_word' id='word_1_830' title='bbox 2927 3895 3020 3943; x_wconf 89' lang='lat' dir='ltr'><strong>aut</strong></span> <span class='ocrx_word' id='word_1_831' title='bbox 3063 3887 3336 3958; x_wconf 83' lang='lat' dir='ltr'><strong>quomodo</strong></span> <span class='ocrx_word' id='word_1_832' title='bbox 3371 3887 3476 3942; x_wconf 91' lang='lat' dir='ltr'><strong>huc</strong></span> <span class='ocrx_word' id='word_1_833' title='bbox 3517 3887 3762 3942; x_wconf 87' lang='lat' dir='ltr'><strong>advenis-</strong></span> 
     </span>
    </p>
   </div>
   <div class='ocr_carea' id='block_1_102' title="bbox 2182 3980 3762 4054">
    <p class='ocr_par' dir='ltr' id='par_1_102' title="bbox 2182 3980 3762 4054">
     <span class='ocr_line' id='line_1_102' title="bbox 2182 3980 3762 4054; baseline -0.002 -16"><span class='ocrx_word' id='word_1_834' title='bbox 2182 3989 2340 4044; x_wconf 83' lang='lat' dir='ltr'><strong>sent;</strong></span> <span class='ocrx_word' id='word_1_835' title='bbox 2382 3981 2464 4038; x_wconf 92' lang='lat' dir='ltr'><strong>sin</strong></span> <span class='ocrx_word' id='word_1_836' title='bbox 2509 3980 2615 4037; x_wconf 84' lang='lat' dir='ltr'><strong>hoc</strong></span> <span class='ocrx_word' id='word_1_837' title='bbox 2646 3982 2790 4038; x_wconf 90' lang='lat' dir='ltr'><strong>nulla</strong></span> <span class='ocrx_word' id='word_1_838' title='bbox 2820 3982 3032 4038; x_wconf 84' lang='lat' dir='ltr'><strong>ratione</strong></span> <span class='ocrx_word' id='word_1_839' title='bbox 3073 3989 3298 4052; x_wconf 88' lang='lat' dir='ltr'><strong>possunt</strong></span> <span class='ocrx_word' id='word_1_840' title='bbox 3326 3981 3506 4037; x_wconf 88' lang='lat' dir='ltr'><strong>dicere</strong></span> <span class='ocrx_word' id='word_1_841' title='bbox 3536 3981 3684 4054; x_wconf 84' lang='lat' dir='ltr'><strong>(nam</strong></span> <span class='ocrx_word' id='word_1_842' title='bbox 3714 3980 3762 4036; x_wconf 91' lang='lat' dir='ltr'><strong>id</strong></span> 
     </span>
    </p>
   </div>
   <div class='ocr_carea' id='block_1_103' title="bbox 2183 4075 3764 4150">
    <p class='ocr_par' dir='ltr' id='par_1_103' title="bbox 2183 4075 3764 4150">
     <span class='ocr_line' id='line_1_103' title="bbox 2183 4075 3764 4150; baseline -0.001 -20"><span class='ocrx_word' id='word_1_843' title='bbox 2183 4091 2370 4131; x_wconf 87' lang='lat' dir='ltr'><strong>verum</strong></span> <span class='ocrx_word' id='word_1_844' title='bbox 2407 4092 2515 4132; x_wconf 88' lang='lat' dir='ltr'><strong>non</strong></span> <span class='ocrx_word' id='word_1_845' title='bbox 2545 4075 2647 4150; x_wconf 86' lang='lat' dir='ltr'><strong>est)</strong></span> <span class='ocrx_word' id='word_1_846' title='bbox 2697 4085 2946 4148; x_wconf 87' lang='lat' dir='ltr'><strong>apertum</strong></span> <span class='ocrx_word' id='word_1_847' title='bbox 2976 4084 3060 4132; x_wconf 87' lang='lat' dir='ltr'><strong>est</strong></span> <span class='ocrx_word' id='word_1_848' title='bbox 3096 4091 3192 4132; x_wconf 92' lang='lat' dir='ltr'><strong>eos</strong></span> <span class='ocrx_word' id='word_1_849' title='bbox 3220 4075 3425 4130; x_wconf 84' lang='lat' dir='ltr'><strong>fabulas</strong></span> <span class='ocrx_word' id='word_1_850' title='bbox 3452 4075 3652 4132; x_wconf 86' lang='lat' dir='ltr'><strong>dicere.</strong></span> <span class='ocrx_word' id='word_1_851' title='bbox 3699 4075 3764 4129; x_wconf 82' lang='lat' dir='ltr'><strong>At</strong></span> 
     </span>
    </p>
   </div>
   <div class='ocr_carea' id='block_1_104' title="bbox 2181 4167 3765 4238">
    <p class='ocr_par' dir='ltr' id='par_1_104' title="bbox 2181 4167 3765 4238">
     <span class='ocr_line' id='line_1_104' title="bbox 2181 4167 3765 4238; baseline -0.001 -16"><span class='ocrx_word' id='word_1_852' title='bbox 2181 4167 2414 4224; x_wconf 82' lang='lat' dir='ltr'><strong>fortasse</strong></span> <span class='ocrx_word' id='word_1_853' title='bbox 2442 4167 2640 4234; x_wconf 87' lang='lat' dir='ltr'><strong>dicant,</strong></span> <span class='ocrx_word' id='word_1_854' title='bbox 2694 4168 2903 4224; x_wconf 88' lang='lat' dir='ltr'><strong>animas</strong></span> <span class='ocrx_word' id='word_1_855' title='bbox 2939 4175 3227 4238; x_wconf 86' lang='lat' dir='ltr'><strong>postquam</strong></span> <span class='ocrx_word' id='word_1_856' title='bbox 3255 4181 3484 4237; x_wconf 89' lang='lat' dir='ltr'><strong>corpora</strong></span> <span class='ocrx_word' id='word_1_857' title='bbox 3512 4167 3765 4233; x_wconf 74' lang='lat' dir='ltr'><strong>ingressm</strong></span> 
     </span>
    </p>
   </div>
   <div class='ocr_carea' id='block_1_105' title="bbox 2183 4261 3768 4332">
    <p class='ocr_par' dir='ltr' id='par_1_105' title="bbox 2183 4261 3768 4332">
     <span class='ocr_line' id='line_1_105' title="bbox 2183 4261 3768 4332; baseline -0.004 -11"><span class='ocrx_word' id='word_1_858' title='bbox 2183 4273 2326 4330; x_wconf 88' lang='lat' dir='ltr'><strong>sunt,</strong></span> <span class='ocrx_word' id='word_1_859' title='bbox 2358 4271 2472 4318; x_wconf 88' lang='lat' dir='ltr'><strong>tum</strong></span> <span class='ocrx_word' id='word_1_860' title='bbox 2501 4261 2808 4330; x_wconf 68' lang='lat' dir='ltr'><strong>discernere</strong></span> <span class='ocrx_word' id='word_1_861' title='bbox 2847 4275 3006 4332; x_wconf 89' lang='lat' dir='ltr'><strong>posse</strong></span> <span class='ocrx_word' id='word_1_862' title='bbox 3048 4265 3105 4316; x_wconf 91' lang='lat' dir='ltr'><strong>et</strong></span> <span class='ocrx_word' id='word_1_863' title='bbox 3142 4273 3474 4328; x_wconf 89' lang='lat' dir='ltr'><strong>cognoscere</strong></span> <span class='ocrx_word' id='word_1_864' title='bbox 3501 4273 3624 4329; x_wconf 69' lang='lat' dir='ltr'><strong>qum.</strong></span> <span class='ocrx_word' id='word_1_865' title='bbox 3652 4274 3682 4313; x_wconf 90' lang='lat' dir='ltr'><strong>a</strong></span> <span class='ocrx_word' id='word_1_866' title='bbox 3711 4273 3768 4314; x_wconf 90' lang='lat' dir='ltr'><strong>se</strong></span> 
     </span>
    </p>
   </div>
   <div class='ocr_carea' id='block_1_106' title="bbox 2184 4351 3769 4427">
    <p class='ocr_par' dir='ltr' id='par_1_106' title="bbox 2184 4351 3769 4427">
     <span class='ocr_line' id='line_1_106' title="bbox 2184 4351 3769 4427; baseline -0.003 -15"><span class='ocrx_word' id='word_1_867' title='bbox 2184 4364 2462 4427; x_wconf 88' lang='lat' dir='ltr'><strong>geruntur.</strong></span> <span class='ocrx_word' id='word_1_868' title='bbox 2489 4353 2549 4411; x_wconf 90' lang='lat' dir='ltr'><strong>Si</strong></span> <span class='ocrx_word' id='word_1_869' title='bbox 2575 4355 2678 4410; x_wconf 88' lang='lat' dir='ltr'><strong>hoc</strong></span> <span class='ocrx_word' id='word_1_870' title='bbox 2704 4353 2904 4422; x_wconf 89' lang='lat' dir='ltr'><strong>dicent,</strong></span> <span class='ocrx_word' id='word_1_871' title='bbox 2937 4368 3006 4410; x_wconf 82' lang='lat' dir='ltr'><strong>ex</strong></span> <span class='ocrx_word' id='word_1_872' title='bbox 3027 4367 3214 4408; x_wconf 91' lang='lat' dir='ltr'><strong>eorum</strong></span> <span class='ocrx_word' id='word_1_873' title='bbox 3236 4351 3385 4406; x_wconf 90' lang='lat' dir='ltr'><strong>inani</strong></span> <span class='ocrx_word' id='word_1_874' title='bbox 3404 4351 3769 4421; x_wconf 86' lang='lat' dir='ltr'><strong>disputatione</strong></span> 
     </span>
    </p>
   </div>
   <div class='ocr_carea' id='block_1_107' title="bbox 2184 4439 3770 4518">
    <p class='ocr_par' dir='ltr' id='par_1_107' title="bbox 2184 4439 3770 4518">
     <span class='ocr_line' id='line_1_107' title="bbox 2184 4439 3770 4518; baseline 0 -17"><span class='ocrx_word' id='word_1_875' title='bbox 2184 4448 2466 4518; x_wconf 71' lang='lat' dir='ltr'><strong>gﬂicietur,</strong></span> <span class='ocrx_word' id='word_1_876' title='bbox 2497 4455 2556 4502; x_wconf 93' lang='lat' dir='ltr'><strong>ut</strong></span> <span class='ocrx_word' id='word_1_877' title='bbox 2585 4439 2786 4518; x_wconf 60' lang='lat' dir='ltr'><strong>corptﬂs</strong></span> <span class='ocrx_word' id='word_1_878' title='bbox 2817 4446 2938 4517; x_wconf 89' lang='lat' dir='ltr'><strong>plus</strong></span> <span class='ocrx_word' id='word_1_879' title='bbox 2980 4445 3140 4516; x_wconf 90' lang='lat' dir='ltr'><strong>pretii</strong></span> <span class='ocrx_word' id='word_1_880' title='bbox 3170 4452 3334 4514; x_wconf 83' lang='lat' dir='ltr'><strong>atque</strong></span> <span class='ocrx_word' id='word_1_881' title='bbox 3359 4444 3583 4499; x_wconf 89' lang='lat' dir='ltr'><strong>honoris</strong></span> <span class='ocrx_word' id='word_1_882' title='bbox 3611 4460 3770 4516; x_wconf 81' lang='lat' dir='ltr'><strong>quam</strong></span> 
     </span>
    </p>
   </div>
   <div class='ocr_carea' id='block_1_108' title="bbox 2107 4511 3772 4608">
    <p class='ocr_par' dir='ltr' id='par_1_108' title="bbox 2107 4511 3772 4608">
     <span class='ocr_line' id='line_1_108' title="bbox 2107 4511 3772 4608; baseline -0.004 -12"><span class='ocrx_word' id='word_1_883' title='bbox 2107 4511 2358 4603; x_wconf 54' lang='lat' dir='ltr'><strong>D‘a&#39;nima</strong></span> <span class='ocrx_word' id='word_1_884' title='bbox 2389 4511 2626 4604; x_wconf 83' lang='lat' dir='ltr'><strong>habeat;</strong></span> <span class='ocrx_word' id='word_1_885' title='bbox 2677 4511 2898 4608; x_wconf 46' lang='lat' dir='ltr'><strong>quod-ei</strong></span> <span class='ocrx_word' id='word_1_886' title='bbox 2927 4511 3261 4592; x_wconf 50' lang='lat' dir='ltr'><strong>in-beneiicii</strong></span> <span class='ocrx_word' id='word_1_887' title='bbox 3284 4534 3410 4590; x_wconf 89' lang='lat' dir='ltr'><strong>loco</strong></span> <span class='ocrx_word' id='word_1_888' title='bbox 3437 4534 3530 4590; x_wconf 88' lang='lat' dir='ltr'><strong>det</strong></span> <span class='ocrx_word' id='word_1_889' title='bbox 3573 4511 3772 4591; x_wconf 44' lang='lat' dir='ltr'><strong>iii-telli-</strong></span> 
     </span>
    </p>
   </div>
   <div class='ocr_carea' id='block_1_109' title="bbox 2181 4630 3774 4705">
    <p class='ocr_par' dir='ltr' id='par_1_109' title="bbox 2181 4630 3774 4705">
     <span class='ocr_line' id='line_1_109' title="bbox 2181 4630 3774 4705; baseline -0.003 -15"><span class='ocrx_word' id='word_1_890' title='bbox 2181 4635 2419 4705; x_wconf 85' lang='lat' dir='ltr'><strong>gentiam</strong></span> <span class='ocrx_word' id='word_1_891' title='bbox 2459 4641 2516 4689; x_wconf 91' lang='lat' dir='ltr'><strong>et</strong></span> <span class='ocrx_word' id='word_1_892' title='bbox 2561 4632 2872 4697; x_wconf 88' lang='lat' dir='ltr'><strong>rationem;</strong></span> <span class='ocrx_word' id='word_1_893' title='bbox 2923 4630 3074 4702; x_wconf 90' lang='lat' dir='ltr'><strong>atqui</strong></span> <span class='ocrx_word' id='word_1_894' title='bbox 3119 4630 3223 4686; x_wconf 91' lang='lat' dir='ltr'><strong>hoc</strong></span> <span class='ocrx_word' id='word_1_895' title='bbox 3251 4645 3520 4697; x_wconf 89' lang='lat' dir='ltr'><strong>asserere,</strong></span> <span class='ocrx_word' id='word_1_896' title='bbox 3554 4632 3774 4700; x_wconf 86' lang='lat' dir='ltr'><strong>plenum</strong></span> 
     </span>
    </p>
   </div>
   <div class='ocr_carea' id='block_1_110' title="bbox 2180 4721 3774 4794">
    <p class='ocr_par' dir='ltr' id='par_1_110' title="bbox 2180 4721 3774 4794">
     <span class='ocr_line' id='line_1_110' title="bbox 2180 4721 3774 4794; baseline -0.003 -15"><span class='ocrx_word' id='word_1_897' title='bbox 2180 4724 2464 4780; x_wconf 66' lang='lat' dir='ltr'><strong>dementire</strong></span> <span class='ocrx_word' id='word_1_898' title='bbox 2492 4731 2575 4779; x_wconf 88' lang='lat' dir='ltr'><strong>est</strong></span> <span class='ocrx_word' id='word_1_899' title='bbox 2601 4731 2766 4794; x_wconf 89' lang='lat' dir='ltr'><strong>atque</strong></span> <span class='ocrx_word' id='word_1_900' title='bbox 2792 4721 3156 4777; x_wconf 89' lang='lat' dir='ltr'><strong>absurditatis.</strong></span> <span class='ocrx_word' id='word_1_901' title='bbox 3197 4721 3307 4777; x_wconf 89' lang='lat' dir='ltr'><strong>Cur</strong></span> <span class='ocrx_word' id='word_1_902' title='bbox 3333 4736 3467 4778; x_wconf 90' lang='lat' dir='ltr'><strong>vero</strong></span> <span class='ocrx_word' id='word_1_903' title='bbox 3493 4721 3540 4776; x_wconf 92' lang='lat' dir='ltr'><strong>si</strong></span> <span class='ocrx_word' id='word_1_904' title='bbox 3571 4722 3774 4790; x_wconf 86' lang='lat' dir='ltr'><strong>anima,</strong></span> 
     </span>
    </p>
   </div>
   <div class='ocr_carea' id='block_1_111' title="bbox 2182 4811 3774 4884">
    <p class='ocr_par' dir='ltr' id='par_1_111' title="bbox 2182 4811 3774 4884">
     <span class='ocr_line' id='line_1_111' title="bbox 2182 4811 3774 4884; baseline -0.003 -14"><span class='ocrx_word' id='word_1_905' title='bbox 2182 4825 2241 4871; x_wconf 92' lang='lat' dir='ltr'><strong>ut</strong></span> <span class='ocrx_word' id='word_1_906' title='bbox 2269 4816 2440 4880; x_wconf 90' lang='lat' dir='ltr'><strong>aiunt,</strong></span> <span class='ocrx_word' id='word_1_907' title='bbox 2473 4823 2599 4871; x_wconf 88' lang='lat' dir='ltr'><strong>ante</strong></span> <span class='ocrx_word' id='word_1_908' title='bbox 2627 4813 2728 4870; x_wconf 84' lang='lat' dir='ltr'><strong>fuit</strong></span> <span class='ocrx_word' id='word_1_909' title='bbox 2765 4827 2929 4883; x_wconf 90' lang='lat' dir='ltr'><strong>quam</strong></span> <span class='ocrx_word' id='word_1_910' title='bbox 2975 4827 3194 4884; x_wconf 88' lang='lat' dir='ltr'><strong>corpus,</strong></span> <span class='ocrx_word' id='word_1_911' title='bbox 3237 4812 3519 4884; x_wconf 88' lang='lat' dir='ltr'><strong>disciplina</strong></span> <span class='ocrx_word' id='word_1_912' title='bbox 3550 4811 3774 4880; x_wconf 82' lang='lat' dir='ltr'><strong>indiget,</strong></span> 
     </span>
    </p>
   </div>
   <div class='ocr_carea' id='block_1_112' title="bbox 2185 4903 3774 4980">
    <p class='ocr_par' dir='ltr' id='par_1_112' title="bbox 2185 4903 3774 4980">
     <span class='ocr_line' id='line_1_112' title="bbox 2185 4903 3774 4980; baseline -0.003 -17"><span class='ocrx_word' id='word_1_913' title='bbox 2185 4914 2472 4980; x_wconf 87' lang='lat' dir='ltr'><strong>postquam</strong></span> <span class='ocrx_word' id='word_1_914' title='bbox 2503 4907 2558 4960; x_wconf 92' lang='lat' dir='ltr'><strong>in</strong></span> <span class='ocrx_word' id='word_1_915' title='bbox 2604 4920 2804 4976; x_wconf 85' lang='lat' dir='ltr'><strong>corpus</strong></span> <span class='ocrx_word' id='word_1_916' title='bbox 2829 4903 2997 4972; x_wconf 83' lang='lat' dir='ltr'><strong>venit,</strong></span> <span class='ocrx_word' id='word_1_917' title='bbox 3053 4904 3424 4976; x_wconf 86' lang='lat' dir='ltr'><strong>paulatimque</strong></span> <span class='ocrx_word' id='word_1_918' title='bbox 3455 4904 3774 4968; x_wconf 89' lang='lat' dir='ltr'><strong>instituitur,</strong></span> 
     </span>
    </p>
   </div>
   <div class='ocr_carea' id='block_1_113' title="bbox 2184 4994 3777 5068">
    <p class='ocr_par' dir='ltr' id='par_1_113' title="bbox 2184 4994 3777 5068">
     <span class='ocr_line' id='line_1_113' title="bbox 2184 4994 3777 5068; baseline -0.001 -13"><span class='ocrx_word' id='word_1_919' title='bbox 2184 5007 2240 5055; x_wconf 90' lang='lat' dir='ltr'><strong>et</strong></span> <span class='ocrx_word' id='word_1_920' title='bbox 2280 4997 2349 5053; x_wconf 91' lang='lat' dir='ltr'><strong>ad</strong></span> <span class='ocrx_word' id='word_1_921' title='bbox 2376 4997 2601 5053; x_wconf 91' lang='lat' dir='ltr'><strong>meliora</strong></span> <span class='ocrx_word' id='word_1_922' title='bbox 2645 4996 3082 5068; x_wconf 87' lang='lat' dir='ltr'><strong>perfectioraque</strong></span> <span class='ocrx_word' id='word_1_923' title='bbox 3128 4996 3515 5068; x_wconf 81' lang='lat' dir='ltr'><strong>progreditur?</strong></span> <span class='ocrx_word' id='word_1_924' title='bbox 3558 4994 3692 5050; x_wconf 84' lang='lat' dir='ltr'><strong>Nam</strong></span> <span class='ocrx_word' id='word_1_925' title='bbox 3735 4994 3777 5053; x_wconf 86' lang='lat' dir='ltr'><strong>si</strong></span> 
     </span>
    </p>
   </div>
   <div class='ocr_carea' id='block_1_114' title="bbox 2185 5088 3778 5170">
    <p class='ocr_par' dir='ltr' id='par_1_114' title="bbox 2185 5088 3778 5170">
     <span class='ocr_line' id='line_1_114' title="bbox 2185 5088 3778 5170; baseline -0.001 -27"><span class='ocrx_word' id='word_1_926' title='bbox 2185 5097 2313 5170; x_wconf 85' lang='lat' dir='ltr'><strong>ante</strong></span> <span class='ocrx_word' id='word_1_927' title='bbox 2340 5089 2620 5154; x_wconf 82' lang='lat' dir='ltr'><strong>existeret,</strong></span> <span class='ocrx_word' id='word_1_928' title='bbox 2661 5088 2812 5142; x_wconf 88' lang='lat' dir='ltr'><strong>utilia</strong></span> <span class='ocrx_word' id='word_1_929' title='bbox 2855 5089 3043 5158; x_wconf 88' lang='lat' dir='ltr'><strong>utique</strong></span> <span class='ocrx_word' id='word_1_930' title='bbox 3087 5097 3461 5157; x_wconf 79' lang='lat' dir='ltr'><strong>cognosceret,</strong></span> <span class='ocrx_word' id='word_1_931' title='bbox 3517 5102 3618 5142; x_wconf 89' lang='lat' dir='ltr'><strong>nec</strong></span> <span class='ocrx_word' id='word_1_932' title='bbox 3671 5088 3778 5143; x_wconf 87' lang='lat' dir='ltr'><strong>ulla</strong></span> 
     </span>
    </p>
   </div>
   <div class='ocr_carea' id='block_1_115' title="bbox 2188 5181 3775 5253">
    <p class='ocr_par' dir='ltr' id='par_1_115' title="bbox 2188 5181 3775 5253">
     <span class='ocr_line' id='line_1_115' title="bbox 2188 5181 3775 5253; baseline -0.003 -13"><span class='ocrx_word' id='word_1_933' title='bbox 2188 5192 2370 5251; x_wconf 84' lang='lat' dir='ltr'><strong>egeret</strong></span> <span class='ocrx_word' id='word_1_934' title='bbox 2398 5181 2673 5248; x_wconf 89' lang='lat' dir='ltr'><strong>doctrina,</strong></span> <span class='ocrx_word' id='word_1_935' title='bbox 2706 5197 2826 5249; x_wconf 88' lang='lat' dir='ltr'><strong>nec,</strong></span> <span class='ocrx_word' id='word_1_936' title='bbox 2857 5189 2919 5238; x_wconf 91' lang='lat' dir='ltr'><strong>ut</strong></span> <span class='ocrx_word' id='word_1_937' title='bbox 2945 5191 3074 5253; x_wconf 89' lang='lat' dir='ltr'><strong>pote</strong></span> <span class='ocrx_word' id='word_1_938' title='bbox 3103 5183 3158 5238; x_wconf 92' lang='lat' dir='ltr'><strong>in</strong></span> <span class='ocrx_word' id='word_1_939' title='bbox 3189 5183 3499 5252; x_wconf 79' lang='lat' dir='ltr'><strong>cognitione</strong></span> <span class='ocrx_word' id='word_1_940' title='bbox 3529 5199 3775 5247; x_wconf 81' lang='lat' dir='ltr'><strong>versans,</strong></span> 
     </span>
    </p>
   </div>
   <div class='ocr_carea' id='block_1_116' title="bbox 2188 5273 3772 5346">
    <p class='ocr_par' dir='ltr' id='par_1_116' title="bbox 2188 5273 3772 5346">
     <span class='ocr_line' id='line_1_116' title="bbox 2188 5273 3772 5346; baseline -0.003 -13"><span class='ocrx_word' id='word_1_941' title='bbox 2188 5293 2318 5333; x_wconf 89' lang='lat' dir='ltr'><strong>cura</strong></span> <span class='ocrx_word' id='word_1_942' title='bbox 2348 5283 2401 5332; x_wconf 89' lang='lat' dir='ltr'><strong>et</strong></span> <span class='ocrx_word' id='word_1_943' title='bbox 2427 5275 2701 5346; x_wconf 85' lang='lat' dir='ltr'><strong>diligentia</strong></span> <span class='ocrx_word' id='word_1_944' title='bbox 2731 5273 3070 5340; x_wconf 88' lang='lat' dir='ltr'><strong>erudiretur;</strong></span> <span class='ocrx_word' id='word_1_945' title='bbox 3097 5289 3160 5330; x_wconf 88' lang='lat' dir='ltr'><strong>ac</strong></span> <span class='ocrx_word' id='word_1_946' title='bbox 3190 5275 3254 5341; x_wconf 90' lang='lat' dir='ltr'><strong>si,</strong></span> <span class='ocrx_word' id='word_1_947' title='bbox 3283 5274 3412 5344; x_wconf 92' lang='lat' dir='ltr'><strong>quid</strong></span> <span class='ocrx_word' id='word_1_948' title='bbox 3438 5274 3508 5330; x_wconf 92' lang='lat' dir='ltr'><strong>sit</strong></span> <span class='ocrx_word' id='word_1_949' title='bbox 3536 5273 3772 5329; x_wconf 80' lang='lat' dir='ltr'><strong>oﬂ&#39;cndc’</strong></span> 
     </span>
    </p>
   </div>
   <div class='ocr_carea' id='block_1_117' title="bbox 2186 5365 3776 5438">
    <p class='ocr_par' dir='ltr' id='par_1_117' title="bbox 2186 5365 3776 5438">
     <span class='ocr_line' id='line_1_117' title="bbox 2186 5365 3776 5438; baseline -0.004 -11"><span class='ocrx_word' id='word_1_950' title='bbox 2186 5387 2267 5438; x_wconf 89' lang='lat' dir='ltr'><strong>re,</strong></span> <span class='ocrx_word' id='word_1_951' title='bbox 2316 5369 2542 5437; x_wconf 86' lang='lat' dir='ltr'><strong>sciebat,</strong></span> <span class='ocrx_word' id='word_1_952' title='bbox 2595 5384 2703 5424; x_wconf 91' lang='lat' dir='ltr'><strong>non</strong></span> <span class='ocrx_word' id='word_1_953' title='bbox 2753 5365 3075 5423; x_wconf 87' lang='lat' dir='ltr'><strong>edoceretur</strong></span> <span class='ocrx_word' id='word_1_954' title='bbox 3097 5365 3244 5437; x_wconf 92' lang='lat' dir='ltr'><strong>quod</strong></span> <span class='ocrx_word' id='word_1_955' title='bbox 3287 5374 3445 5422; x_wconf 89' lang='lat' dir='ltr'><strong>antea</strong></span> <span class='ocrx_word' id='word_1_956' title='bbox 3482 5367 3776 5422; x_wconf 83' lang='lat' dir='ltr'><strong>scivissct:</strong></span> 
     </span>
    </p>
   </div>
   <div class='ocr_carea' id='block_1_118' title="bbox 2181 5459 3780 5535">
    <p class='ocr_par' dir='ltr' id='par_1_118' title="bbox 2181 5459 3780 5535">
     <span class='ocr_line' id='line_1_118' title="bbox 2181 5459 3780 5535; baseline -0.003 -16"><span class='ocrx_word' id='word_1_957' title='bbox 2181 5464 2290 5535; x_wconf 87' lang='lat' dir='ltr'><strong>jam</strong></span> <span class='ocrx_word' id='word_1_958' title='bbox 2323 5477 2450 5519; x_wconf 89' lang='lat' dir='ltr'><strong>vero</strong></span> <span class='ocrx_word' id='word_1_959' title='bbox 2479 5461 2523 5518; x_wconf 90' lang='lat' dir='ltr'><strong>si</strong></span> <span class='ocrx_word' id='word_1_960' title='bbox 2551 5460 2791 5526; x_wconf 89' lang='lat' dir='ltr'><strong>docetur,</strong></span> <span class='ocrx_word' id='word_1_961' title='bbox 2822 5469 2880 5514; x_wconf 91' lang='lat' dir='ltr'><strong>ut</strong></span> <span class='ocrx_word' id='word_1_962' title='bbox 2909 5460 2963 5516; x_wconf 92' lang='lat' dir='ltr'><strong>in</strong></span> <span class='ocrx_word' id='word_1_963' title='bbox 2994 5459 3332 5530; x_wconf 84' lang='lat' dir='ltr'><strong>ignoratione</strong></span> <span class='ocrx_word' id='word_1_964' title='bbox 3351 5474 3594 5526; x_wconf 82' lang='lat' dir='ltr'><strong>versans,</strong></span> <span class='ocrx_word' id='word_1_965' title='bbox 3630 5460 3780 5529; x_wconf 87' lang='lat' dir='ltr'><strong>prius</strong></span> 
     </span>
    </p>
   </div>
   <div class='ocr_carea' id='block_1_119' title="bbox 2184 5549 3780 5623">
    <p class='ocr_par' dir='ltr' id='par_1_119' title="bbox 2184 5549 3780 5623">
     <span class='ocr_line' id='line_1_119' title="bbox 2184 5549 3780 5623; baseline -0.005 -11"><span class='ocrx_word' id='word_1_966' title='bbox 2184 5574 2292 5614; x_wconf 93' lang='lat' dir='ltr'><strong>non</strong></span> <span class='ocrx_word' id='word_1_967' title='bbox 2338 5555 2584 5621; x_wconf 88' lang='lat' dir='ltr'><strong>sciebat;</strong></span> <span class='ocrx_word' id='word_1_968' title='bbox 2634 5554 2680 5609; x_wconf 90' lang='lat' dir='ltr'><strong>si</strong></span> <span class='ocrx_word' id='word_1_969' title='bbox 2714 5569 2821 5610; x_wconf 91' lang='lat' dir='ltr'><strong>non</strong></span> <span class='ocrx_word' id='word_1_970' title='bbox 2849 5553 2999 5623; x_wconf 88' lang='lat' dir='ltr'><strong>prius</strong></span> <span class='ocrx_word' id='word_1_971' title='bbox 3039 5553 3218 5620; x_wconf 88' lang='lat' dir='ltr'><strong>scivit,</strong></span> <span class='ocrx_word' id='word_1_972' title='bbox 3263 5561 3390 5609; x_wconf 90' lang='lat' dir='ltr'><strong>ante</strong></span> <span class='ocrx_word' id='word_1_973' title='bbox 3417 5569 3523 5608; x_wconf 89' lang='lat' dir='ltr'><strong>non</strong></span> <span class='ocrx_word' id='word_1_974' title='bbox 3555 5549 3674 5606; x_wconf 81' lang='lat' dir='ltr'><strong>fuit.</strong></span> <span class='ocrx_word' id='word_1_975' title='bbox 3709 5551 3780 5605; x_wconf 83' lang='lat' dir='ltr'><strong>At</strong></span> 
     </span>
    </p>
   </div>
   <div class='ocr_carea' id='block_1_120' title="bbox 2183 5644 3777 5719">
    <p class='ocr_par' dir='ltr' id='par_1_120' title="bbox 2183 5644 3777 5719">
     <span class='ocr_line' id='line_1_120' title="bbox 2183 5644 3777 5719; baseline -0.005 -14"><span class='ocrx_word' id='word_1_976' title='bbox 2183 5651 2354 5719; x_wconf 90' lang='lat' dir='ltr'><strong>liquet</strong></span> <span class='ocrx_word' id='word_1_977' title='bbox 2381 5665 2500 5704; x_wconf 91' lang='lat' dir='ltr'><strong>eam</strong></span> <span class='ocrx_word' id='word_1_978' title='bbox 2522 5655 2680 5703; x_wconf 85' lang='lat' dir='ltr'><strong>antea</strong></span> <span class='ocrx_word' id='word_1_979' title='bbox 2713 5662 2817 5701; x_wconf 89' lang='lat' dir='ltr'><strong>non</strong></span> <span class='ocrx_word' id='word_1_980' title='bbox 2851 5645 3031 5702; x_wconf 79' lang='lat' dir='ltr'><strong>fuisse.</strong></span> <span class='ocrx_word' id='word_1_981' title='bbox 3071 5644 3232 5704; x_wconf 88' lang='lat' dir='ltr'><strong>Ortus</strong></span> <span class='ocrx_word' id='word_1_982' title='bbox 3259 5646 3402 5701; x_wconf 88' lang='lat' dir='ltr'><strong>enim</strong></span> <span class='ocrx_word' id='word_1_983' title='bbox 3432 5645 3603 5700; x_wconf 87' lang='lat' dir='ltr'><strong>nostri</strong></span> <span class='ocrx_word' id='word_1_984' title='bbox 3635 5645 3777 5698; x_wconf 86' lang='lat' dir='ltr'><strong>Deus</strong></span> 
     </span>
    </p>
   </div>
   <div class='ocr_carea' id='block_1_121' title="bbox 2181 5737 3771 5807">
    <p class='ocr_par' dir='ltr' id='par_1_121' title="bbox 2181 5737 3771 5807">
     <span class='ocr_line' id='line_1_121' title="bbox 2181 5737 3771 5807; baseline -0.007 -8"><span class='ocrx_word' id='word_1_985' title='bbox 2181 5744 2334 5800; x_wconf 78' lang='lat' dir='ltr'><strong>solus</strong></span> <span class='ocrx_word' id='word_1_986' title='bbox 2363 5742 2416 5797; x_wconf 90' lang='lat' dir='ltr'><strong>in</strong></span> <span class='ocrx_word' id='word_1_987' title='bbox 2446 5755 2604 5796; x_wconf 86' lang='lat' dir='ltr'><strong>causa</strong></span> <span class='ocrx_word' id='word_1_988' title='bbox 2645 5746 2769 5803; x_wconf 89' lang='lat' dir='ltr'><strong>est;</strong></span> <span class='ocrx_word' id='word_1_989' title='bbox 2821 5737 2913 5807; x_wconf 90' lang='lat' dir='ltr'><strong>qui</strong></span> <span class='ocrx_word' id='word_1_990' title='bbox 2941 5745 3000 5792; x_wconf 89' lang='lat' dir='ltr'><strong>ut</strong></span> <span class='ocrx_word' id='word_1_991' title='bbox 3027 5755 3145 5806; x_wconf 90' lang='lat' dir='ltr'><strong>nos,</strong></span> <span class='ocrx_word' id='word_1_992' title='bbox 3196 5755 3320 5795; x_wconf 89' lang='lat' dir='ltr'><strong>cum</strong></span> <span class='ocrx_word' id='word_1_993' title='bbox 3361 5754 3471 5792; x_wconf 89' lang='lat' dir='ltr'><strong>nou</strong></span> <span class='ocrx_word' id='word_1_994' title='bbox 3501 5751 3771 5803; x_wconf 60' lang='lat' dir='ltr'><strong>essemus,</strong></span> 
     </span>
    </p>
   </div>
   <div class='ocr_carea' id='block_1_122' title="bbox 2180 5831 3766 5938">
    <p class='ocr_par' dir='ltr' id='par_1_122' title="bbox 2180 5831 3766 5938">
     <span class='ocr_line' id='line_1_122' title="bbox 2180 5831 3766 5938; baseline -0.008 -40"><span class='ocrx_word' id='word_1_995' title='bbox 2180 5842 2304 5898; x_wconf 80' lang='lat' dir='ltr'><strong>fecit</strong></span> <span class='ocrx_word' id='word_1_996' title='bbox 2332 5861 2342 5895; x_wconf 92' lang='lat'><strong>:</strong></span> <span class='ocrx_word' id='word_1_997' title='bbox 2391 5840 2466 5902; x_wconf 81' lang='lat' dir='ltr'><strong>sic</strong></span> <span class='ocrx_word' id='word_1_998' title='bbox 2495 5843 2674 5902; x_wconf 86' lang='lat' dir='ltr'><strong>natos,</strong></span> <span class='ocrx_word' id='word_1_999' title='bbox 2725 5832 2898 5906; x_wconf 78' lang='lat' dir='ltr'><strong>gratia</strong></span> <span class='ocrx_word' id='word_1_1000' title='bbox 2939 5848 3210 5910; x_wconf 79' lang='lat' dir='ltr'><strong>manuque</strong></span> <span class='ocrx_word' id='word_1_1001' title='bbox 3237 5831 3457 5922; x_wconf 81' lang='lat' dir='ltr'><strong>propria</strong></span> <span class='ocrx_word' id='word_1_1002' title='bbox 3486 5836 3670 5887; x_wconf 87' lang='lat' dir='ltr'><strong>tuetur</strong></span> <span class='ocrx_word' id='word_1_1003' title='bbox 3697 5838 3766 5938; x_wconf 43' lang='lat' dir='ltr'><strong>at:</strong></span> 
     </span>
    </p>
   </div>
  </div>
