  <div class='ocr_page' id='page_1' title='image "/cluster/home/n/w/nwhite01/storage/ocr_20150623/69/hvd.32044015469349/098.png"; bbox 0 0 3988 6346; ppageno 0'>
   <div class='ocr_carea' id='block_1_1' title="bbox 214 295 305 353">
    <p class='ocr_par' dir='ltr' id='par_1_1' title="bbox 214 295 305 353">
     <span class='ocr_line' id='line_1_1' title="bbox 214 295 305 353; baseline 0 0"><span class='ocrx_word' id='word_1_1' title='bbox 214 295 305 353; x_wconf 70' lang='grc'><strong>185</strong></span> 
     </span>
    </p>
   </div>
   <div class='ocr_carea' id='block_1_2' title="bbox 1283 299 2418 368">
    <p class='ocr_par' dir='ltr' id='par_1_2' title="bbox 1283 299 2418 368">
     <span class='ocr_line' id='line_1_2' title="bbox 1283 299 2418 368; baseline 0.01 -11"><span class='ocrx_word' id='word_1_2' title='bbox 1283 299 1656 363; x_wconf 82' lang='lat' dir='ltr'><strong>JUSTINIANI</strong></span> <span class='ocrx_word' id='word_1_3' title='bbox 1687 303 1813 364; x_wconf 81' lang='lat' dir='ltr'><strong>LIB.</strong></span> <span class='ocrx_word' id='word_1_4' title='bbox 1848 303 2010 364; x_wconf 78' lang='lat' dir='ltr'><strong>ADV.</strong></span> <span class='ocrx_word' id='word_1_5' title='bbox 2047 307 2418 368; x_wconf 80' lang='lat' dir='ltr'><strong>ORIGENEM.</strong></span> 
     </span>
    </p>
   </div>
   <div class='ocr_carea' id='block_1_3' title="bbox 3349 326 3456 383">
    <p class='ocr_par' dir='ltr' id='par_1_3' title="bbox 3349 326 3456 383">
     <span class='ocr_line' id='line_1_3' title="bbox 3349 326 3456 383; baseline 0.019 -2"><span class='ocrx_word' id='word_1_6' title='bbox 3349 326 3456 383; x_wconf 71' lang='grc'><strong>186</strong></span> 
     </span>
    </p>
   </div>
   <div class='ocr_carea' id='block_1_4' title="bbox 210 404 1738 506">
    <p class='ocr_par' dir='ltr' id='par_1_4' title="bbox 210 404 1738 500">
     <span class='ocr_line' id='line_1_4' title="bbox 210 404 1738 500; baseline 0.007 -30"><span class='ocrx_word' id='word_1_7' title='bbox 210 412 338 474; x_wconf 71' lang='grc' dir='ltr'><strong>ὄντας</strong></span> <span class='ocrx_word' id='word_1_8' title='bbox 355 404 484 484; x_wconf 73' lang='grc' dir='ltr'><strong>ἡμᾶς</strong></span> <span class='ocrx_word' id='word_1_9' title='bbox 506 412 759 485; x_wconf 75' lang='grc' dir='ltr'><strong>ἐποίησεν,</strong></span> <span class='ocrx_word' id='word_1_10' title='bbox 792 416 927 474; x_wconf 73' lang='grc' dir='ltr'><strong>οὕτω</strong></span> <span class='ocrx_word' id='word_1_11' title='bbox 961 419 1046 476; x_wconf 81' lang='grc' dir='ltr'><strong>καί</strong></span> <span class='ocrx_word' id='word_1_12' title='bbox 1070 422 1366 493; x_wconf 74' lang='grc' dir='ltr'><strong>γενομένους</strong></span> <span class='ocrx_word' id='word_1_13' title='bbox 1397 429 1552 490; x_wconf 77' lang='grc' dir='ltr'><strong>σώζει</strong></span> <span class='ocrx_word' id='word_1_14' title='bbox 1571 435 1634 500; x_wconf 78' lang='grc' dir='ltr'><strong>τῇ</strong></span> <span class='ocrx_word' id='word_1_15' title='bbox 1658 427 1738 484; x_wconf 84' lang='grc' dir='ltr'><strong>ίδίι</strong></span> 
     </span>
    </p>
   </div>
   <div class='ocr_carea' id='block_1_5' title="bbox 1840 404 3456 506">
    <p class='ocr_par' dir='ltr' id='par_1_5' title="bbox 1863 425 3456 506">
     <span class='ocr_line' id='line_1_5' title="bbox 1863 425 3456 506; baseline 0.011 -24"><span class='ocrx_word' id='word_1_16' title='bbox 1863 425 2066 494; x_wconf 86' lang='lat' dir='ltr'><strong>salvat,</strong></span> <span class='ocrx_word' id='word_1_17' title='bbox 2124 428 2172 484; x_wconf 87' lang='lat' dir='ltr'><strong>si</strong></span> <span class='ocrx_word' id='word_1_18' title='bbox 2217 429 2364 498; x_wconf 77' lang='lat' dir='ltr'><strong>digni</strong></span> <span class='ocrx_word' id='word_1_19' title='bbox 2410 438 2574 503; x_wconf 86' lang='lat' dir='ltr'><strong>atque</strong></span> <span class='ocrx_word' id='word_1_20' title='bbox 2623 431 2804 491; x_wconf 85' lang='lat' dir='ltr'><strong>idonei</strong></span> <span class='ocrx_word' id='word_1_21' title='bbox 2852 436 3254 506; x_wconf 85' lang='lat' dir='ltr'><strong>perhibeamur.</strong></span> <span class='ocrx_word' id='word_1_22' title='bbox 3319 441 3456 498; x_wconf 87' lang='lat' dir='ltr'><strong>Nam</strong></span> 
     </span>
    </p>
   </div>
   <div class='ocr_carea' id='block_1_6' title="bbox 212 503 1767 592">
    <p class='ocr_par' dir='ltr' id='par_1_6' title="bbox 212 503 1767 592">
     <span class='ocr_line' id='line_1_6' title="bbox 212 503 1767 592; baseline 0.01 -32"><span class='ocrx_word' id='word_1_23' title='bbox 212 506 335 580; x_wconf 85' lang='grc' dir='ltr'><strong>χειρί</strong></span> <span class='ocrx_word' id='word_1_24' title='bbox 374 503 649 581; x_wconf 81' lang='grc' dir='ltr'><strong>[χάριτι],</strong></span> <span class='ocrx_word' id='word_1_25' title='bbox 694 508 780 563; x_wconf 84' lang='grc' dir='ltr'><strong>ἐὰν</strong></span> <span class='ocrx_word' id='word_1_26' title='bbox 821 507 982 578; x_wconf 78' lang='grc' dir='ltr'><strong>ἄξιοι,</strong></span> <span class='ocrx_word' id='word_1_27' title='bbox 1011 514 1093 566; x_wconf 85' lang='grc' dir='ltr'><strong>καί</strong></span> <span class='ocrx_word' id='word_1_28' title='bbox 1143 513 1394 574; x_wconf 77' lang='grc' dir='ltr'><strong>ἐπιτήδεοι</strong></span> <span class='ocrx_word' id='word_1_29' title='bbox 1437 527 1681 592; x_wconf 75' lang='grc' dir='ltr'><strong>φανῶμεν.</strong></span> <span class='ocrx_word' id='word_1_30' title='bbox 1710 532 1767 576; x_wconf 87' lang='lat'><strong>‘0</strong></span> 
     </span>
    </p>
   </div>
   <div class='ocr_carea' id='block_1_7' title="bbox 211 595 1767 681">
    <p class='ocr_par' dir='ltr' id='par_1_7' title="bbox 211 595 1767 681">
     <span class='ocr_line' id='line_1_7' title="bbox 211 595 1767 681; baseline 0.012 -33"><span class='ocrx_word' id='word_1_31' title='bbox 211 595 314 654; x_wconf 83' lang='grc' dir='ltr'><strong>Θεὸς</strong></span> <span class='ocrx_word' id='word_1_32' title='bbox 335 595 426 668; x_wconf 78' lang='grc' dir='ltr'><strong>γάρ</strong></span> <span class='ocrx_word' id='word_1_33' title='bbox 453 598 626 663; x_wconf 81' lang='grc' dir='ltr'><strong>εἰπὼν,</strong></span> <span class='ocrx_word' id='word_1_34' title='bbox 661 614 682 648; x_wconf 86' lang='grc' dir='ltr'><strong>ε</strong></span> <span class='ocrx_word' id='word_1_35' title='bbox 709 603 1005 672; x_wconf 76' lang='grc' dir='ltr'><strong>Ποιήσωμεν</strong></span> <span class='ocrx_word' id='word_1_36' title='bbox 1035 599 1298 679; x_wconf 74' lang='grc' dir='ltr'><strong>ἄνθρωπον</strong></span> <span class='ocrx_word' id='word_1_37' title='bbox 1327 605 1613 665; x_wconf 78' lang='grc' dir='ltr'><strong>κατ-ἐἰκόνα</strong></span> <span class='ocrx_word' id='word_1_38' title='bbox 1641 613 1767 681; x_wconf 65' lang='grc' dir='ltr'><strong>ἦμες·</strong></span> 
     </span>
    </p>
   </div>
   <div class='ocr_carea' id='block_1_8' title="bbox 208 685 1766 778">
    <p class='ocr_par' dir='ltr' id='par_1_8' title="bbox 208 685 1766 778">
     <span class='ocr_line' id='line_1_8' title="bbox 208 685 1766 778; baseline 0.012 -39"><span class='ocrx_word' id='word_1_39' title='bbox 208 687 334 755; x_wconf 85' lang='grc' dir='ltr'><strong>τίραν</strong></span> <span class='ocrx_word' id='word_1_40' title='bbox 377 687 452 739; x_wconf 86' lang='grc' dir='ltr'><strong>καί</strong></span> <span class='ocrx_word' id='word_1_41' title='bbox 489 685 746 759; x_wconf 86' lang='grc' dir='ltr'><strong>ὁμοίωσιν,</strong></span> <span class='ocrx_word' id='word_1_42' title='bbox 774 707 793 742; x_wconf 71' lang='grc' dir='ltr'><strong>ι</strong></span> <span class='ocrx_word' id='word_1_43' title='bbox 830 690 1088 768; x_wconf 69' lang='grc' dir='ltr'><strong>ἀμφότερα</strong></span> <span class='ocrx_word' id='word_1_44' title='bbox 1113 697 1247 750; x_wconf 84' lang='grc' dir='ltr'><strong>κατά</strong></span> <span class='ocrx_word' id='word_1_45' title='bbox 1284 701 1472 754; x_wconf 78' lang='grc' dir='ltr'><strong>ταυτὸν</strong></span> <span class='ocrx_word' id='word_1_46' title='bbox 1499 699 1766 778; x_wconf 79' lang='grc' dir='ltr'><strong>ἐδημιούρ-</strong></span> 
     </span>
    </p>
   </div>
   <div class='ocr_carea' id='block_1_9' title="bbox 205 781 1764 869">
    <p class='ocr_par' dir='ltr' id='par_1_9' title="bbox 205 781 1764 869">
     <span class='ocr_line' id='line_1_9' title="bbox 205 781 1764 869; baseline 0.011 -37"><span class='ocrx_word' id='word_1_47' title='bbox 205 799 329 851; x_wconf 81' lang='grc' dir='ltr'><strong>γησε,</strong></span> <span class='ocrx_word' id='word_1_48' title='bbox 356 781 587 837; x_wconf 77' lang='grc' dir='ltr'><strong>τουτέστι</strong></span> <span class='ocrx_word' id='word_1_49' title='bbox 637 785 787 856; x_wconf 82' lang='grc' dir='ltr'><strong>σῶμά</strong></span> <span class='ocrx_word' id='word_1_50' title='bbox 826 805 880 838; x_wconf 86' lang='grc' dir='ltr'><strong>τε</strong></span> <span class='ocrx_word' id='word_1_51' title='bbox 924 785 1157 853; x_wconf 85' lang='grc' dir='ltr'><strong>πλάσας,</strong></span> <span class='ocrx_word' id='word_1_52' title='bbox 1186 791 1271 844; x_wconf 87' lang='grc' dir='ltr'><strong>καί</strong></span> <span class='ocrx_word' id='word_1_53' title='bbox 1299 789 1479 862; x_wconf 72' lang='grc' dir='ltr'><strong>ψυχήν</strong></span> <span class='ocrx_word' id='word_1_54' title='bbox 1505 795 1680 869; x_wconf 88' lang='grc' dir='ltr'><strong>νοεράν</strong></span> <span class='ocrx_word' id='word_1_55' title='bbox 1707 817 1764 852; x_wconf 86' lang='grc' dir='ltr'><strong>τε</strong></span> 
     </span>
    </p>
   </div>
   <div class='ocr_carea' id='block_1_10' title="bbox 205 871 1763 956">
    <p class='ocr_par' dir='ltr' id='par_1_10' title="bbox 205 871 1763 956">
     <span class='ocr_line' id='line_1_10' title="bbox 205 871 1763 956; baseline 0.013 -34"><span class='ocrx_word' id='word_1_56' title='bbox 205 874 275 924; x_wconf 82' lang='grc' dir='ltr'><strong>καὶ</strong></span> <span class='ocrx_word' id='word_1_57' title='bbox 304 871 488 943; x_wconf 71' lang='grc' dir='ltr'><strong>λογικήν</strong></span> <span class='ocrx_word' id='word_1_58' title='bbox 529 871 929 950; x_wconf 76' lang='grc' dir='ltr'><strong>δημιουργήσας.</strong></span> <span class='ocrx_word' id='word_1_59' title='bbox 973 877 1109 950; x_wconf 63' lang='grc' dir='ltr'><strong>υΔμα</strong></span> <span class='ocrx_word' id='word_1_60' title='bbox 1150 883 1248 956; x_wconf 83' lang='grc' dir='ltr'><strong>γὰρ</strong></span> <span class='ocrx_word' id='word_1_61' title='bbox 1291 890 1444 955; x_wconf 86' lang='grc' dir='ltr'><strong>σῶμα</strong></span> <span class='ocrx_word' id='word_1_62' title='bbox 1487 883 1705 942; x_wconf 74' lang='grc' dir='ltr'><strong>ἔπλασεν</strong></span> <span class='ocrx_word' id='word_1_63' title='bbox 1735 886 1763 944; x_wconf 83' lang='grc' dir='ltr'><strong><em>ὅ</em></strong></span> 
     </span>
    </p>
   </div>
   <div class='ocr_carea' id='block_1_11' title="bbox 203 961 1762 1054">
    <p class='ocr_par' dir='ltr' id='par_1_11' title="bbox 203 961 1762 1054">
     <span class='ocr_line' id='line_1_11' title="bbox 203 961 1762 1054; baseline 0.012 -38"><span class='ocrx_word' id='word_1_64' title='bbox 203 961 320 1027; x_wconf 84' lang='grc' dir='ltr'><strong>Θεὸς,</strong></span> <span class='ocrx_word' id='word_1_65' title='bbox 346 965 420 1016; x_wconf 81' lang='grc' dir='ltr'><strong>καί</strong></span> <span class='ocrx_word' id='word_1_66' title='bbox 449 969 535 1023; x_wconf 72' lang='grc' dir='ltr'><strong>τήν</strong></span> <span class='ocrx_word' id='word_1_67' title='bbox 578 966 760 1036; x_wconf 69' lang='grc' dir='ltr'><strong>ψυχήν</strong></span> <span class='ocrx_word' id='word_1_68' title='bbox 791 967 1159 1046; x_wconf 70' lang='grc' dir='ltr'><strong>ἐδημιούργησε</strong></span> <span class='ocrx_word' id='word_1_69' title='bbox 1184 973 1364 1029; x_wconf 81' lang='grc' dir='ltr'><strong>τέλειον</strong></span> <span class='ocrx_word' id='word_1_70' title='bbox 1387 978 1475 1032; x_wconf 85' lang='grc' dir='ltr'><strong>τὸν</strong></span> <span class='ocrx_word' id='word_1_71' title='bbox 1503 975 1762 1054; x_wconf 76' lang='grc' dir='ltr'><strong>ἄνθρωπον</strong></span> 
     </span>
    </p>
   </div>
   <div class='ocr_carea' id='block_1_12' title="bbox 201 1053 1762 1141">
    <p class='ocr_par' dir='ltr' id='par_1_12' title="bbox 201 1053 1762 1141">
     <span class='ocr_line' id='line_1_12' title="bbox 201 1053 1762 1141; baseline 0.015 -34"><span class='ocrx_word' id='word_1_72' title='bbox 201 1053 508 1115; x_wconf 69' lang='grc' dir='ltr'><strong>ἀππελέσας⁹</strong></span> <span class='ocrx_word' id='word_1_73' title='bbox 548 1055 661 1112; x_wconf 80' lang='grc' dir='ltr'><strong>οῦδέ</strong></span> <span class='ocrx_word' id='word_1_74' title='bbox 684 1059 782 1135; x_wconf 85' lang='grc' dir='ltr'><strong>γὰρ</strong></span> <span class='ocrx_word' id='word_1_75' title='bbox 814 1067 965 1133; x_wconf 85' lang='grc' dir='ltr'><strong>σῶμα</strong></span> <span class='ocrx_word' id='word_1_76' title='bbox 1009 1066 1178 1136; x_wconf 84' lang='grc' dir='ltr'><strong>χωρίς</strong></span> <span class='ocrx_word' id='word_1_77' title='bbox 1219 1065 1423 1137; x_wconf 62' lang='grc' dir='ltr'><strong>ψυχῆς,</strong></span> <span class='ocrx_word' id='word_1_78' title='bbox 1455 1065 1568 1122; x_wconf 82' lang='grc' dir='ltr'><strong>οῦδὲ</strong></span> <span class='ocrx_word' id='word_1_79' title='bbox 1592 1053 1762 1141; x_wconf 57' lang='grc' dir='ltr'><strong>ψυχὴ</strong></span> 
     </span>
    </p>
   </div>
   <div class='ocr_carea' id='block_1_13' title="bbox 202 1148 1759 1234">
    <p class='ocr_par' dir='ltr' id='par_1_13' title="bbox 202 1148 1759 1234">
     <span class='ocr_line' id='line_1_13' title="bbox 202 1148 1759 1234; baseline 0.016 -36"><span class='ocrx_word' id='word_1_80' title='bbox 202 1150 340 1221; x_wconf 81' lang='grc' dir='ltr'><strong>χωρίς</strong></span> <span class='ocrx_word' id='word_1_81' title='bbox 377 1150 618 1220; x_wconf 83' lang='grc' dir='ltr'><strong>σώματος</strong></span> <span class='ocrx_word' id='word_1_82' title='bbox 657 1148 937 1227; x_wconf 80' lang='grc' dir='ltr'><strong>ἅνθρωπος·</strong></span> <span class='ocrx_word' id='word_1_83' title='bbox 971 1159 1018 1209; x_wconf 88' lang='grc' dir='ltr'><strong>εἰ</strong></span> <span class='ocrx_word' id='word_1_84' title='bbox 1057 1155 1112 1210; x_wconf 77' lang='grc' dir='ltr'><strong><em>δέ</em></strong></span> <span class='ocrx_word' id='word_1_85' title='bbox 1152 1167 1496 1234; x_wconf 81' lang='grc' dir='ltr'><strong>προϋπῆρχεν</strong></span> <span class='ocrx_word' id='word_1_86' title='bbox 1525 1163 1555 1218; x_wconf 76' lang='grc' dir='ltr'>ἡ</span> <span class='ocrx_word' id='word_1_87' title='bbox 1582 1160 1759 1233; x_wconf 67' lang='grc' dir='ltr'><strong>ψυχὴ,</strong></span> 
     </span>
    </p>
   </div>
   <div class='ocr_carea' id='block_1_14' title="bbox 198 1243 1762 1334">
    <p class='ocr_par' dir='ltr' id='par_1_14' title="bbox 198 1243 1762 1334">
     <span class='ocr_line' id='line_1_14' title="bbox 198 1243 1762 1334; baseline 0.013 -40"><span class='ocrx_word' id='word_1_88' title='bbox 198 1243 333 1303; x_wconf 80' lang='grc' dir='ltr'><strong>καθώς</strong></span> <span class='ocrx_word' id='word_1_89' title='bbox 355 1246 609 1320; x_wconf 75' lang='grc' dir='ltr'><strong>Ὠριγένης</strong></span> <span class='ocrx_word' id='word_1_90' title='bbox 625 1246 786 1324; x_wconf 85' lang='grc' dir='ltr'><strong>ληρεῖ,</strong></span> <span class='ocrx_word' id='word_1_91' title='bbox 811 1250 943 1309; x_wconf 86' lang='grc' dir='ltr'><strong>τίνος</strong></span> <span class='ocrx_word' id='word_1_92' title='bbox 967 1250 1130 1305; x_wconf 83' lang='grc' dir='ltr'><strong>ἕνεκεν</strong></span> <span class='ocrx_word' id='word_1_93' title='bbox 1152 1251 1177 1306; x_wconf 97' lang='lat'><strong>6</strong></span> <span class='ocrx_word' id='word_1_94' title='bbox 1198 1251 1482 1325; x_wconf 83' lang='grc' dir='ltr'><strong>άγιώτατος</strong></span> <span class='ocrx_word' id='word_1_95' title='bbox 1500 1259 1762 1334; x_wconf 69' lang='grc' dir='ltr'><strong>προφήτης</strong></span> 
     </span>
    </p>
   </div>
   <div class='ocr_carea' id='block_1_15' title="bbox 196 1332 1752 1421">
    <p class='ocr_par' dir='ltr' id='par_1_15' title="bbox 196 1332 1752 1421">
     <span class='ocr_line' id='line_1_15' title="bbox 196 1332 1752 1421; baseline 0.008 -33"><span class='ocrx_word' id='word_1_96' title='bbox 196 1337 424 1412; x_wconf 76' lang='grc' dir='ltr'><strong>Ζαχαρίας</strong></span> <span class='ocrx_word' id='word_1_97' title='bbox 452 1332 588 1402; x_wconf 80' lang='grc' dir='ltr'><strong>εἶπε,</strong></span> <span class='ocrx_word' id='word_1_98' title='bbox 628 1340 905 1396; x_wconf 73' lang='grc' dir='ltr'><strong>(Πλάσσων</strong></span> <span class='ocrx_word' id='word_1_99' title='bbox 929 1349 1130 1415; x_wconf 83' lang='grc' dir='ltr'><strong>πνεῦμα</strong></span> <span class='ocrx_word' id='word_1_100' title='bbox 1155 1345 1421 1421; x_wconf 80' lang='grc' dir='ltr'><strong>ἀνθρώπου</strong></span> <span class='ocrx_word' id='word_1_101' title='bbox 1449 1349 1498 1401; x_wconf 84' lang='grc' dir='ltr'><strong>ἐν</strong></span> <span class='ocrx_word' id='word_1_102' title='bbox 1531 1350 1704 1418; x_wconf 58' lang='lat' dir='ltr'><strong>«ora;</strong></span> <span class='ocrx_word' id='word_1_103' title='bbox 1733 1367 1752 1401; x_wconf 75' lang='grc' dir='ltr'><strong>ι</strong></span> 
     </span>
    </p>
   </div>
   <div class='ocr_carea' id='block_1_16' title="bbox 193 1432 1759 1516">
    <p class='ocr_par' dir='ltr' id='par_1_16' title="bbox 193 1432 1759 1516">
     <span class='ocr_line' id='line_1_16' title="bbox 193 1432 1759 1516; baseline 0.01 -32"><span class='ocrx_word' id='word_1_104' title='bbox 193 1433 236 1484; x_wconf 76' lang='grc' dir='ltr'><strong>εξ</strong></span> <span class='ocrx_word' id='word_1_105' title='bbox 253 1433 338 1506; x_wconf 82' lang='grc' dir='ltr'><strong>γάρ</strong></span> <span class='ocrx_word' id='word_1_106' title='bbox 359 1432 658 1508; x_wconf 79' lang='grc' dir='ltr'><strong>προῆν,ἴδει</strong></span> <span class='ocrx_word' id='word_1_107' title='bbox 683 1437 868 1507; x_wconf 76' lang='grc' dir='ltr'><strong>μᾶλλον</strong></span> <span class='ocrx_word' id='word_1_108' title='bbox 889 1442 1066 1506; x_wconf 77' lang='grc' dir='ltr'><strong>εἰπεῖν,</strong></span> <span class='ocrx_word' id='word_1_109' title='bbox 1085 1443 1546 1516; x_wconf 79' lang='grc' dir='ltr'><strong>καταγγίζων,ἧ</strong></span> <span class='ocrx_word' id='word_1_110' title='bbox 1575 1465 1685 1500; x_wconf 83' lang='grc' dir='ltr'><strong>κατ</strong></span> <span class='ocrx_word' id='word_1_111' title='bbox 1699 1465 1759 1499; x_wconf 81' lang='grc' dir='ltr'><strong>α-</strong></span> 
     </span>
    </p>
   </div>
   <div class='ocr_carea' id='block_1_17' title="bbox 191 1524 1758 1609">
    <p class='ocr_par' dir='ltr' id='par_1_17' title="bbox 191 1524 1758 1609">
     <span class='ocr_line' id='line_1_17' title="bbox 191 1524 1758 1609; baseline 0.01 -34"><span class='ocrx_word' id='word_1_112' title='bbox 191 1524 421 1592; x_wconf 77' lang='grc' dir='ltr'><strong>πέμπων</strong></span> <span class='ocrx_word' id='word_1_113' title='bbox 446 1533 705 1599; x_wconf 79' lang='grc' dir='ltr'><strong>πνεῦμα</strong></span> <span class='ocrx_word' id='word_1_114' title='bbox 731 1531 1066 1605; x_wconf 77' lang='grc' dir='ltr'><strong>ἀνθρώπου</strong></span> <span class='ocrx_word' id='word_1_115' title='bbox 1097 1534 1154 1587; x_wconf 85' lang='grc' dir='ltr'><strong>ἐν</strong></span> <span class='ocrx_word' id='word_1_116' title='bbox 1178 1536 1370 1608; x_wconf 79' lang='grc' dir='ltr'><strong>αὐτῷ.</strong></span> <span class='ocrx_word' id='word_1_117' title='bbox 1397 1541 1497 1592; x_wconf 82' lang='grc' dir='ltr'><strong>Νῦν</strong></span> <span class='ocrx_word' id='word_1_118' title='bbox 1521 1534 1576 1591; x_wconf 79' lang='grc' dir='ltr'><strong>δὲ</strong></span> <span class='ocrx_word' id='word_1_119' title='bbox 1603 1537 1758 1609; x_wconf 84' lang='grc' dir='ltr'><strong>λέγων</strong></span> 
     </span>
    </p>
   </div>
   <div class='ocr_carea' id='block_1_18' title="bbox 189 1617 1754 1706">
    <p class='ocr_par' dir='ltr' id='par_1_18' title="bbox 189 1617 1754 1706">
     <span class='ocr_line' id='line_1_18' title="bbox 189 1617 1754 1706; baseline 0.009 -36"><span class='ocrx_word' id='word_1_120' title='bbox 189 1617 209 1670; x_wconf 78' lang='grc' dir='ltr'>ὁ</span> <span class='ocrx_word' id='word_1_121' title='bbox 233 1623 486 1693; x_wconf 72' lang='grc' dir='ltr'><strong>προφήτης,</strong></span> <span class='ocrx_word' id='word_1_122' title='bbox 528 1621 747 1678; x_wconf 85' lang='grc' dir='ltr'><strong>πλάσσ</strong></span> <span class='ocrx_word' id='word_1_123' title='bbox 762 1647 857 1691; x_wconf 88' lang='grc' dir='ltr'><strong>ων,</strong></span> <span class='ocrx_word' id='word_1_124' title='bbox 889 1623 1163 1695; x_wconf 84' lang='grc' dir='ltr'><strong>δείκνυσιν,</strong></span> <span class='ocrx_word' id='word_1_125' title='bbox 1190 1627 1272 1684; x_wconf 82' lang='grc' dir='ltr'><strong>ὅτι</strong></span> <span class='ocrx_word' id='word_1_126' title='bbox 1295 1631 1474 1706; x_wconf 81' lang='grc' dir='ltr'><strong>ὥσπερ</strong></span> <span class='ocrx_word' id='word_1_127' title='bbox 1493 1631 1552 1684; x_wconf 89' lang='grc' dir='ltr'><strong>τὸ</strong></span> <span class='ocrx_word' id='word_1_128' title='bbox 1580 1638 1754 1701; x_wconf 85' lang='grc' dir='ltr'><strong>σῶμα,</strong></span> 
     </span>
    </p>
   </div>
   <div class='ocr_carea' id='block_1_19' title="bbox 185 1707 1754 1796">
    <p class='ocr_par' dir='ltr' id='par_1_19' title="bbox 185 1707 1754 1796">
     <span class='ocr_line' id='line_1_19' title="bbox 185 1707 1754 1796; baseline 0.008 -34"><span class='ocrx_word' id='word_1_129' title='bbox 185 1707 297 1763; x_wconf 73' lang='grc' dir='ltr'><strong>οὕτω</strong></span> <span class='ocrx_word' id='word_1_130' title='bbox 322 1714 400 1765; x_wconf 86' lang='grc' dir='ltr'><strong>καί</strong></span> <span class='ocrx_word' id='word_1_131' title='bbox 424 1717 523 1772; x_wconf 73' lang='grc' dir='ltr'><strong>τήν</strong></span> <span class='ocrx_word' id='word_1_132' title='bbox 545 1712 727 1785; x_wconf 68' lang='grc' dir='ltr'><strong>ψυχήν</strong></span> <span class='ocrx_word' id='word_1_133' title='bbox 756 1717 814 1769; x_wconf 81' lang='grc' dir='ltr'><strong>οὐ</strong></span> <span class='ocrx_word' id='word_1_134' title='bbox 837 1718 1294 1796; x_wconf 76' lang='grc' dir='ltr'><strong>προϋπάρχουσαν</strong></span> <span class='ocrx_word' id='word_1_135' title='bbox 1317 1721 1552 1780; x_wconf 72' lang='grc' dir='ltr'><strong>ἐποίησεν</strong></span> <span class='ocrx_word' id='word_1_136' title='bbox 1577 1721 1602 1775; x_wconf 92' lang='lat'><strong>6</strong></span> <span class='ocrx_word' id='word_1_137' title='bbox 1631 1721 1754 1782; x_wconf 86' lang='grc' dir='ltr'><strong>Θεὸς</strong></span> 
     </span>
    </p>
   </div>
   <div class='ocr_carea' id='block_1_20' title="bbox 1872 513 3460 608">
    <p class='ocr_par' dir='ltr' id='par_1_20' title="bbox 1872 513 3460 608">
     <span class='ocr_line' id='line_1_20' title="bbox 1872 513 3460 608; baseline 0.013 -36"><span class='ocrx_word' id='word_1_138' title='bbox 1872 518 2033 586; x_wconf 89' lang='lat' dir='ltr'><strong>Deus,</strong></span> <span class='ocrx_word' id='word_1_139' title='bbox 2081 521 2172 590; x_wconf 88' lang='lat' dir='ltr'><strong>qui</strong></span> <span class='ocrx_word' id='word_1_140' title='bbox 2211 521 2385 578; x_wconf 86' lang='lat' dir='ltr'><strong>dixit:</strong></span> <span class='ocrx_word' id='word_1_141' title='bbox 2435 523 2720 581; x_wconf 79' lang='lat' dir='ltr'><strong>Faciamus</strong></span> <span class='ocrx_word' id='word_1_142' title='bbox 2768 513 3025 586; x_wconf 69' lang='lat' dir='ltr'><strong>hominem</strong></span> <span class='ocrx_word' id='word_1_143' title='bbox 3071 534 3141 587; x_wconf 91' lang='lat' dir='ltr'><strong>ad</strong></span> <span class='ocrx_word' id='word_1_144' title='bbox 3177 536 3460 608; x_wconf 75' lang='lat' dir='ltr'><strong>imaginem</strong></span> 
     </span>
    </p>
   </div>
   <div class='ocr_carea' id='block_1_21' title="bbox 1869 617 3460 697">
    <p class='ocr_par' dir='ltr' id='par_1_21' title="bbox 1869 617 3460 697">
     <span class='ocr_line' id='line_1_21' title="bbox 1869 617 3460 697; baseline 0.014 -31"><span class='ocrx_word' id='word_1_145' title='bbox 1869 622 2102 669; x_wconf 87' lang='lat' dir='ltr'><strong>nostram</strong></span> <span class='ocrx_word' id='word_1_146' title='bbox 2149 626 2200 670; x_wconf 91' lang='lat' dir='ltr'><strong>et</strong></span> <span class='ocrx_word' id='word_1_147' title='bbox 2249 617 2639 674; x_wconf 75' lang='lat' dir='ltr'><strong>similitudinem</strong></span> <span class='ocrx_word' id='word_1_148' title='bbox 2687 619 2846 691; x_wconf 86' lang='lat' dir='ltr'><strong>(Gen.</strong></span> <span class='ocrx_word' id='word_1_149' title='bbox 2896 626 2974 694; x_wconf 88' lang='grc' dir='ltr'><strong>ι),</strong></span> <span class='ocrx_word' id='word_1_150' title='bbox 3025 635 3252 697; x_wconf 87' lang='lat' dir='ltr'><strong>utraque</strong></span> <span class='ocrx_word' id='word_1_151' title='bbox 3299 630 3460 688; x_wconf 82' lang='lat' dir='ltr'><strong>simul</strong></span> 
     </span>
    </p>
   </div>
   <div class='ocr_carea' id='block_1_22' title="bbox 1867 702 3459 792">
    <p class='ocr_par' dir='ltr' id='par_1_22' title="bbox 1867 702 3459 792">
     <span class='ocr_line' id='line_1_22' title="bbox 1867 702 3459 792; baseline 0.014 -34"><span class='ocrx_word' id='word_1_152' title='bbox 1867 702 2014 771; x_wconf 79' lang='lat' dir='ltr'><strong>fecit,</strong></span> <span class='ocrx_word' id='word_1_153' title='bbox 2044 706 2098 761; x_wconf 88' lang='lat' dir='ltr'><strong>id</strong></span> <span class='ocrx_word' id='word_1_154' title='bbox 2123 715 2223 774; x_wconf 81' lang='lat' dir='ltr'><strong>est,</strong></span> <span class='ocrx_word' id='word_1_155' title='bbox 2251 725 2448 781; x_wconf 90' lang='lat' dir='ltr'><strong>corpus</strong></span> <span class='ocrx_word' id='word_1_156' title='bbox 2475 712 2777 782; x_wconf 88' lang='lat' dir='ltr'><strong>plasmavit,</strong></span> <span class='ocrx_word' id='word_1_157' title='bbox 2810 724 2865 770; x_wconf 90' lang='lat' dir='ltr'><strong>et</strong></span> <span class='ocrx_word' id='word_1_158' title='bbox 2893 717 3128 775; x_wconf 86' lang='lat' dir='ltr'><strong>animam</strong></span> <span class='ocrx_word' id='word_1_159' title='bbox 3151 721 3459 792; x_wconf 77' lang='lat' dir='ltr'><strong>intelligen-</strong></span> 
     </span>
    </p>
   </div>
   <div class='ocr_carea' id='block_1_23' title="bbox 1869 801 3452 872">
    <p class='ocr_par' dir='ltr' id='par_1_23' title="bbox 1869 801 3452 872">
     <span class='ocr_line' id='line_1_23' title="bbox 1869 801 3452 872; baseline 0.014 -21"><span class='ocrx_word' id='word_1_160' title='bbox 1869 804 1982 853; x_wconf 87' lang='lat' dir='ltr'><strong>tem</strong></span> <span class='ocrx_word' id='word_1_161' title='bbox 2030 808 2085 855; x_wconf 86' lang='lat' dir='ltr'><strong>et</strong></span> <span class='ocrx_word' id='word_1_162' title='bbox 2128 801 2446 858; x_wconf 75' lang='lat' dir='ltr'><strong>rationalem</strong></span> <span class='ocrx_word' id='word_1_163' title='bbox 2496 807 2718 862; x_wconf 76' lang='lat' dir='ltr'><strong>creavit.</strong></span> <span class='ocrx_word' id='word_1_164' title='bbox 2768 808 2939 864; x_wconf 87' lang='lat' dir='ltr'><strong>Simul</strong></span> <span class='ocrx_word' id='word_1_165' title='bbox 2967 812 3112 866; x_wconf 91' lang='lat' dir='ltr'><strong>enim</strong></span> <span class='ocrx_word' id='word_1_166' title='bbox 3158 821 3214 868; x_wconf 90' lang='lat' dir='ltr'><strong>et</strong></span> <span class='ocrx_word' id='word_1_167' title='bbox 3241 813 3452 872; x_wconf 80' lang='lat' dir='ltr'><strong>eﬂinxit</strong></span> 
     </span>
    </p>
   </div>
   <div class='ocr_carea' id='block_1_24' title="bbox 1867 895 3451 971">
    <p class='ocr_par' dir='ltr' id='par_1_24' title="bbox 1867 895 3451 971">
     <span class='ocr_line' id='line_1_24' title="bbox 1867 895 3451 971; baseline 0.012 -27"><span class='ocrx_word' id='word_1_168' title='bbox 1867 903 2084 960; x_wconf 89' lang='lat' dir='ltr'><strong>corpus,</strong></span> <span class='ocrx_word' id='word_1_169' title='bbox 2137 902 2193 949; x_wconf 90' lang='lat' dir='ltr'><strong>et</strong></span> <span class='ocrx_word' id='word_1_170' title='bbox 2233 895 2468 950; x_wconf 88' lang='lat' dir='ltr'><strong>animam</strong></span> <span class='ocrx_word' id='word_1_171' title='bbox 2511 897 2780 966; x_wconf 83' lang='lat' dir='ltr'><strong>condidit,</strong></span> <span class='ocrx_word' id='word_1_172' title='bbox 2830 900 3127 971; x_wconf 83' lang='lat' dir='ltr'><strong>perfectum</strong></span> <span class='ocrx_word' id='word_1_173' title='bbox 3174 902 3451 962; x_wconf 82' lang='lat' dir='ltr'><strong>hominem</strong></span> 
     </span>
    </p>
   </div>
   <div class='ocr_carea' id='block_1_25' title="bbox 1867 983 3448 1067">
    <p class='ocr_par' dir='ltr' id='par_1_25' title="bbox 1867 983 3448 1067">
     <span class='ocr_line' id='line_1_25' title="bbox 1867 983 3448 1067; baseline 0.011 -30"><span class='ocrx_word' id='word_1_174' title='bbox 1867 983 2162 1052; x_wconf 82' lang='lat' dir='ltr'><strong>exhibens;</strong></span> <span class='ocrx_word' id='word_1_175' title='bbox 2195 1001 2370 1056; x_wconf 88' lang='lat' dir='ltr'><strong>neque</strong></span> <span class='ocrx_word' id='word_1_176' title='bbox 2397 989 2540 1043; x_wconf 90' lang='lat' dir='ltr'><strong>enim</strong></span> <span class='ocrx_word' id='word_1_177' title='bbox 2569 990 2732 1046; x_wconf 90' lang='lat' dir='ltr'><strong>homo</strong></span> <span class='ocrx_word' id='word_1_178' title='bbox 2759 1007 2955 1063; x_wconf 90' lang='lat' dir='ltr'><strong>corpus</strong></span> <span class='ocrx_word' id='word_1_179' title='bbox 2985 1001 3068 1049; x_wconf 89' lang='lat' dir='ltr'><strong>est</strong></span> <span class='ocrx_word' id='word_1_180' title='bbox 3105 995 3222 1051; x_wconf 88' lang='lat' dir='ltr'><strong>sine</strong></span> <span class='ocrx_word' id='word_1_181' title='bbox 3249 997 3448 1067; x_wconf 84' lang='lat' dir='ltr'><strong>anima,</strong></span> 
     </span>
    </p>
   </div>
   <div class='ocr_carea' id='block_1_26' title="bbox 1863 1079 3454 1159">
    <p class='ocr_par' dir='ltr' id='par_1_26' title="bbox 1863 1079 3454 1159">
     <span class='ocr_line' id='line_1_26' title="bbox 1863 1079 3454 1159; baseline 0.013 -30"><span class='ocrx_word' id='word_1_182' title='bbox 1863 1090 1964 1131; x_wconf 91' lang='lat' dir='ltr'><strong>nec</strong></span> <span class='ocrx_word' id='word_1_183' title='bbox 1995 1079 2171 1133; x_wconf 89' lang='lat' dir='ltr'><strong>anima</strong></span> <span class='ocrx_word' id='word_1_184' title='bbox 2201 1080 2315 1134; x_wconf 87' lang='lat' dir='ltr'><strong>sine</strong></span> <span class='ocrx_word' id='word_1_185' title='bbox 2343 1096 2592 1152; x_wconf 86' lang='lat' dir='ltr'><strong>corpore.</strong></span> <span class='ocrx_word' id='word_1_186' title='bbox 2632 1082 2689 1138; x_wconf 91' lang='lat' dir='ltr'><strong>Si</strong></span> <span class='ocrx_word' id='word_1_187' title='bbox 2718 1093 2898 1142; x_wconf 90' lang='lat' dir='ltr'><strong>autem</strong></span> <span class='ocrx_word' id='word_1_188' title='bbox 2927 1087 3106 1142; x_wconf 89' lang='lat' dir='ltr'><strong>anima</strong></span> <span class='ocrx_word' id='word_1_189' title='bbox 3136 1093 3454 1159; x_wconf 65' lang='lat' dir='ltr'><strong>praeexiste-</strong></span> 
     </span>
    </p>
   </div>
   <div class='ocr_carea' id='block_1_27' title="bbox 1861 1165 3452 1250">
    <p class='ocr_par' dir='ltr' id='par_1_27' title="bbox 1861 1165 3452 1250">
     <span class='ocr_line' id='line_1_27' title="bbox 1861 1165 3452 1250; baseline 0.015 -31"><span class='ocrx_word' id='word_1_190' title='bbox 1861 1165 1974 1234; x_wconf 85' lang='lat' dir='ltr'><strong>hat,</strong></span> <span class='ocrx_word' id='word_1_191' title='bbox 2000 1176 2060 1222; x_wconf 90' lang='lat' dir='ltr'><strong>ut</strong></span> <span class='ocrx_word' id='word_1_192' title='bbox 2086 1170 2280 1226; x_wconf 76' lang='lat' dir='ltr'><strong>delirat</strong></span> <span class='ocrx_word' id='word_1_193' title='bbox 2308 1171 2584 1242; x_wconf 77' lang='lat' dir='ltr'><strong>Origenes,</strong></span> <span class='ocrx_word' id='word_1_194' title='bbox 2615 1175 2767 1247; x_wconf 87' lang='lat' dir='ltr'><strong>cujus</strong></span> <span class='ocrx_word' id='word_1_195' title='bbox 2787 1180 2866 1234; x_wconf 77' lang='lat' dir='ltr'><strong>rei</strong></span> <span class='ocrx_word' id='word_1_196' title='bbox 2888 1181 3060 1250; x_wconf 78' lang='lat' dir='ltr'><strong>gratia</strong></span> <span class='ocrx_word' id='word_1_197' title='bbox 3083 1185 3452 1244; x_wconf 86' lang='lat' dir='ltr'><strong>sanctissimus</strong></span> 
     </span>
    </p>
   </div>
   <div class='ocr_carea' id='block_1_28' title="bbox 1861 1259 3448 1343">
    <p class='ocr_par' dir='ltr' id='par_1_28' title="bbox 1861 1259 3448 1343">
     <span class='ocr_line' id='line_1_28' title="bbox 1861 1259 3448 1343; baseline 0.015 -33"><span class='ocrx_word' id='word_1_198' title='bbox 1861 1259 2127 1327; x_wconf 80' lang='lat' dir='ltr'><strong>propheta</strong></span> <span class='ocrx_word' id='word_1_199' title='bbox 2156 1261 2442 1319; x_wconf 82' lang='lat' dir='ltr'><strong>Zacharias</strong></span> <span class='ocrx_word' id='word_1_200' title='bbox 2481 1265 2618 1322; x_wconf 74' lang='lat' dir='ltr'><strong>dixit</strong></span> <span class='ocrx_word' id='word_1_201' title='bbox 2652 1286 2664 1321; x_wconf 93' lang='lat'>:</span> <span class='ocrx_word' id='word_1_202' title='bbox 2695 1267 2931 1342; x_wconf 83' lang='lat' dir='ltr'><strong>Fingens</strong></span> <span class='ocrx_word' id='word_1_203' title='bbox 2957 1274 3195 1343; x_wconf 78' lang='lat' dir='ltr'><strong>spiritum</strong></span> <span class='ocrx_word' id='word_1_204' title='bbox 3227 1277 3448 1334; x_wconf 84' lang='lat' dir='ltr'><strong>hominis</strong></span> 
     </span>
    </p>
   </div>
   <div class='ocr_carea' id='block_1_29' title="bbox 1860 1345 3452 1436">
    <p class='ocr_par' dir='ltr' id='par_1_29' title="bbox 1860 1345 3452 1436">
     <span class='ocr_line' id='line_1_29' title="bbox 1860 1345 3452 1436; baseline 0.017 -39"><span class='ocrx_word' id='word_1_205' title='bbox 1860 1345 1918 1399; x_wconf 88' lang='lat' dir='ltr'><strong>in</strong></span> <span class='ocrx_word' id='word_1_206' title='bbox 1947 1363 2006 1400; x_wconf 91' lang='lat' dir='ltr'><strong>eo</strong></span> <span class='ocrx_word' id='word_1_207' title='bbox 2039 1347 2224 1418; x_wconf 88' lang='lat' dir='ltr'><strong>(Zach.</strong></span> <span class='ocrx_word' id='word_1_208' title='bbox 2256 1351 2399 1423; x_wconf 84' lang='lat' dir='ltr'><strong>xu)?</strong></span> <span class='ocrx_word' id='word_1_209' title='bbox 2447 1354 2504 1409; x_wconf 90' lang='lat' dir='ltr'><strong>Si</strong></span> <span class='ocrx_word' id='word_1_210' title='bbox 2533 1358 2676 1412; x_wconf 89' lang='lat' dir='ltr'><strong>enim</strong></span> <span class='ocrx_word' id='word_1_211' title='bbox 2706 1360 2854 1430; x_wconf 90' lang='lat' dir='ltr'><strong>prius</strong></span> <span class='ocrx_word' id='word_1_212' title='bbox 2893 1370 3030 1432; x_wconf 89' lang='lat' dir='ltr'><strong>erat,</strong></span> <span class='ocrx_word' id='word_1_213' title='bbox 3075 1367 3246 1436; x_wconf 79' lang='lat' dir='ltr'><strong>magis</strong></span> <span class='ocrx_word' id='word_1_214' title='bbox 3267 1367 3452 1424; x_wconf 86' lang='lat' dir='ltr'><strong>dicere</strong></span> 
     </span>
    </p>
   </div>
   <div class='ocr_carea' id='block_1_30' title="bbox 1863 1438 3444 1519">
    <p class='ocr_par' dir='ltr' id='par_1_30' title="bbox 1863 1438 3444 1519">
     <span class='ocr_line' id='line_1_30' title="bbox 1863 1438 3444 1519; baseline 0.017 -29"><span class='ocrx_word' id='word_1_215' title='bbox 1863 1439 2124 1506; x_wconf 75' lang='lat' dir='ltr'><strong>oportuit,</strong></span> <span class='ocrx_word' id='word_1_216' title='bbox 2176 1438 2465 1500; x_wconf 77' lang='lat' dir='ltr'><strong>lninndens</strong></span> <span class='ocrx_word' id='word_1_217' title='bbox 2505 1454 2760 1519; x_wconf 85' lang='lat' dir='ltr'><strong>tanquam</strong></span> <span class='ocrx_word' id='word_1_218' title='bbox 2789 1452 2844 1506; x_wconf 91' lang='lat' dir='ltr'><strong>in</strong></span> <span class='ocrx_word' id='word_1_219' title='bbox 2874 1468 2988 1519; x_wconf 88' lang='lat' dir='ltr'><strong>vas,</strong></span> <span class='ocrx_word' id='word_1_220' title='bbox 3037 1455 3124 1511; x_wconf 91' lang='lat' dir='ltr'><strong>vel</strong></span> <span class='ocrx_word' id='word_1_221' title='bbox 3150 1457 3444 1517; x_wconf 86' lang='lat' dir='ltr'><strong>demittcns</strong></span> 
     </span>
    </p>
   </div>
   <div class='ocr_carea' id='block_1_31' title="bbox 1858 1531 3450 1624">
    <p class='ocr_par' dir='ltr' id='par_1_31' title="bbox 1858 1531 3450 1624">
     <span class='ocr_line' id='line_1_31' title="bbox 1858 1531 3450 1624; baseline 0.018 -41"><span class='ocrx_word' id='word_1_222' title='bbox 1858 1531 2108 1600; x_wconf 86' lang='lat' dir='ltr'><strong>spiritum</strong></span> <span class='ocrx_word' id='word_1_223' title='bbox 2133 1533 2368 1591; x_wconf 89' lang='lat' dir='ltr'><strong>hominis</strong></span> <span class='ocrx_word' id='word_1_224' title='bbox 2399 1539 2450 1593; x_wconf 93' lang='lat' dir='ltr'><strong>in</strong></span> <span class='ocrx_word' id='word_1_225' title='bbox 2476 1554 2565 1596; x_wconf 93' lang='lat' dir='ltr'><strong>eo.</strong></span> <span class='ocrx_word' id='word_1_226' title='bbox 2609 1541 2725 1598; x_wconf 89' lang='lat' dir='ltr'><strong>Jam</strong></span> <span class='ocrx_word' id='word_1_227' title='bbox 2752 1560 2881 1602; x_wconf 86' lang='lat' dir='ltr'><strong>vero</strong></span> <span class='ocrx_word' id='word_1_228' title='bbox 2910 1562 3032 1604; x_wconf 90' lang='lat' dir='ltr'><strong>cum</strong></span> <span class='ocrx_word' id='word_1_229' title='bbox 3060 1549 3193 1607; x_wconf 87' lang='lat' dir='ltr'><strong>dicit</strong></span> <span class='ocrx_word' id='word_1_230' title='bbox 3213 1555 3450 1624; x_wconf 88' lang='lat' dir='ltr'><strong>prophe-</strong></span> 
     </span>
    </p>
   </div>
   <div class='ocr_carea' id='block_1_32' title="bbox 1857 1627 3448 1707">
    <p class='ocr_par' dir='ltr' id='par_1_32' title="bbox 1857 1627 3448 1707">
     <span class='ocr_line' id='line_1_32' title="bbox 1857 1627 3448 1707; baseline 0.016 -29"><span class='ocrx_word' id='word_1_231' title='bbox 1857 1630 1932 1690; x_wconf 83' lang='lat' dir='ltr'><strong>ta,</strong></span> <span class='ocrx_word' id='word_1_232' title='bbox 1978 1627 2204 1698; x_wconf 83' lang='lat' dir='ltr'><strong>ﬁngens,</strong></span> <span class='ocrx_word' id='word_1_233' title='bbox 2251 1631 2507 1699; x_wconf 81' lang='lat' dir='ltr'><strong>ostendit,</strong></span> <span class='ocrx_word' id='word_1_234' title='bbox 2555 1642 2616 1689; x_wconf 89' lang='lat' dir='ltr'><strong>ut</strong></span> <span class='ocrx_word' id='word_1_235' title='bbox 2662 1651 2889 1707; x_wconf 89' lang='lat' dir='ltr'><strong>corpus,</strong></span> <span class='ocrx_word' id='word_1_236' title='bbox 2940 1640 3019 1696; x_wconf 91' lang='lat' dir='ltr'><strong>sic</strong></span> <span class='ocrx_word' id='word_1_237' title='bbox 3059 1643 3294 1700; x_wconf 87' lang='lat' dir='ltr'><strong>animam</strong></span> <span class='ocrx_word' id='word_1_238' title='bbox 3341 1663 3448 1703; x_wconf 88' lang='lat' dir='ltr'><strong>non</strong></span> 
     </span>
    </p>
   </div>
   <div class='ocr_carea' id='block_1_33' title="bbox 1861 1717 3446 1796">
    <p class='ocr_par' dir='ltr' id='par_1_33' title="bbox 1861 1717 3446 1796">
     <span class='ocr_line' id='line_1_33' title="bbox 1861 1717 3446 1796; baseline 0.017 -29"><span class='ocrx_word' id='word_1_239' title='bbox 1861 1717 2262 1785; x_wconf 66' lang='lat' dir='ltr'><strong>prasexistentia</strong></span> <span class='ocrx_word' id='word_1_240' title='bbox 2297 1719 2465 1776; x_wconf 88' lang='lat' dir='ltr'><strong>Deum</strong></span> <span class='ocrx_word' id='word_1_241' title='bbox 2494 1727 2715 1796; x_wconf 85' lang='lat' dir='ltr'><strong>propria</strong></span> <span class='ocrx_word' id='word_1_242' title='bbox 2743 1727 2942 1784; x_wconf 79' lang='lat' dir='ltr'><strong>virtute</strong></span> <span class='ocrx_word' id='word_1_243' title='bbox 2985 1745 3050 1787; x_wconf 92' lang='lat' dir='ltr'><strong>ac</strong></span> <span class='ocrx_word' id='word_1_244' title='bbox 3093 1733 3337 1793; x_wconf 86' lang='lat' dir='ltr'><strong>bonitate</strong></span> <span class='ocrx_word' id='word_1_245' title='bbox 3365 1736 3446 1793; x_wconf 83' lang='lat' dir='ltr'><strong>fe-</strong></span> 
     </span>
    </p>
   </div>
   <div class='ocr_carea' id='block_1_34' title="bbox 184 1800 1738 1892">
    <p class='ocr_par' dir='ltr' id='par_1_34' title="bbox 184 1800 1733 1886">
     <span class='ocr_line' id='line_1_34' title="bbox 184 1800 1733 1886; baseline 0.008 -31"><span class='ocrx_word' id='word_1_246' title='bbox 184 1810 232 1870; x_wconf 77' lang='grc' dir='ltr'><strong>τῇ</strong></span> <span class='ocrx_word' id='word_1_247' title='bbox 252 1800 341 1877; x_wconf 72' lang='grc' dir='ltr'><strong>ἰδία</strong></span> <span class='ocrx_word' id='word_1_248' title='bbox 365 1801 584 1874; x_wconf 76' lang='grc' dir='ltr'><strong>δυνάμει</strong></span> <span class='ocrx_word' id='word_1_249' title='bbox 607 1809 784 1874; x_wconf 76' lang='grc' dir='ltr'><strong>αὐτοῦ,</strong></span> <span class='ocrx_word' id='word_1_250' title='bbox 802 1813 886 1864; x_wconf 79' lang='grc' dir='ltr'><strong>καὶ</strong></span> <span class='ocrx_word' id='word_1_251' title='bbox 915 1811 1210 1884; x_wconf 84' lang='grc' dir='ltr'><strong>άγαθότητι.</strong></span> <span class='ocrx_word' id='word_1_252' title='bbox 1229 1816 1394 1874; x_wconf 78' lang='grc' dir='ltr'><strong>ιιαθώς</strong></span> <span class='ocrx_word' id='word_1_253' title='bbox 1420 1809 1506 1868; x_wconf 66' lang='grc' dir='ltr'><strong>οὖν</strong></span> <span class='ocrx_word' id='word_1_254' title='bbox 1530 1811 1733 1886; x_wconf 75' lang='grc' dir='ltr'><strong>εἴρηται</strong></span> 
     </span>
    </p>
   </div>
   <div class='ocr_carea' id='block_1_35' title="bbox 1840 1800 3444 1892">
    <p class='ocr_par' dir='ltr' id='par_1_35' title="bbox 1860 1806 3444 1892">
     <span class='ocr_line' id='line_1_35' title="bbox 1860 1806 3444 1892; baseline 0.015 -31"><span class='ocrx_word' id='word_1_255' title='bbox 1860 1806 2020 1862; x_wconf 87' lang='lat' dir='ltr'><strong>cisse.</strong></span> <span class='ocrx_word' id='word_1_256' title='bbox 2073 1807 2225 1874; x_wconf 84' lang='lat' dir='ltr'><strong>Quod</strong></span> <span class='ocrx_word' id='word_1_257' title='bbox 2256 1810 2418 1880; x_wconf 82' lang='lat' dir='ltr'><strong>igitur</strong></span> <span class='ocrx_word' id='word_1_258' title='bbox 2455 1814 2639 1882; x_wconf 90' lang='lat' dir='ltr'><strong>homo,</strong></span> <span class='ocrx_word' id='word_1_259' title='bbox 2681 1818 2818 1874; x_wconf 87' lang='lat' dir='ltr'><strong>sicut</strong></span> <span class='ocrx_word' id='word_1_260' title='bbox 2845 1821 3044 1878; x_wconf 88' lang='lat' dir='ltr'><strong>dictum</strong></span> <span class='ocrx_word' id='word_1_261' title='bbox 3071 1834 3173 1892; x_wconf 90' lang='lat' dir='ltr'><strong>est,</strong></span> <span class='ocrx_word' id='word_1_262' title='bbox 3207 1829 3276 1882; x_wconf 88' lang='lat' dir='ltr'><strong>ad</strong></span> <span class='ocrx_word' id='word_1_263' title='bbox 3306 1829 3444 1884; x_wconf 90' lang='lat' dir='ltr'><strong>ima-</strong></span> 
     </span>
    </p>
   </div>
   <div class='ocr_carea' id='block_1_36' title="bbox 183 1892 1748 1978">
    <p class='ocr_par' dir='ltr' id='par_1_36' title="bbox 183 1892 1748 1978">
     <span class='ocr_line' id='line_1_36' title="bbox 183 1892 1748 1978; baseline 0.009 -32"><span class='ocrx_word' id='word_1_264' title='bbox 183 1892 272 1947; x_wconf 78' lang='grc' dir='ltr'><strong>κατ’</strong></span> <span class='ocrx_word' id='word_1_265' title='bbox 290 1893 442 1951; x_wconf 79' lang='grc' dir='ltr'><strong>εἰκόνα</strong></span> <span class='ocrx_word' id='word_1_266' title='bbox 461 1899 553 1951; x_wconf 76' lang='grc' dir='ltr'><strong>καί</strong></span> <span class='ocrx_word' id='word_1_267' title='bbox 573 1897 809 1969; x_wconf 85' lang='grc' dir='ltr'><strong>ὁμοίωσιν</strong></span> <span class='ocrx_word' id='word_1_268' title='bbox 834 1908 928 1957; x_wconf 83' lang='grc' dir='ltr'><strong>τοῦ</strong></span> <span class='ocrx_word' id='word_1_269' title='bbox 956 1911 1084 1958; x_wconf 87' lang='grc' dir='ltr'><strong>Θεοῦ</strong></span> <span class='ocrx_word' id='word_1_270' title='bbox 1105 1906 1336 1975; x_wconf 80' lang='grc' dir='ltr'><strong>γενίσθαι</strong></span> <span class='ocrx_word' id='word_1_271' title='bbox 1355 1906 1441 1960; x_wconf 86' lang='grc' dir='ltr'><strong>τὸν</strong></span> <span class='ocrx_word' id='word_1_272' title='bbox 1464 1903 1748 1978; x_wconf 74' lang='grc' dir='ltr'><strong>ἄνθρωπον,</strong></span> 
     </span>
    </p>
   </div>
   <div class='ocr_carea' id='block_1_37' title="bbox 182 1973 1752 2069">
    <p class='ocr_par' dir='ltr' id='par_1_37' title="bbox 182 1987 1752 2069">
     <span class='ocr_line' id='line_1_37' title="bbox 182 1987 1752 2069; baseline 0.011 -32"><span class='ocrx_word' id='word_1_273' title='bbox 182 1987 245 2037; x_wconf 79' lang='grc' dir='ltr'><strong>καί</strong></span> <span class='ocrx_word' id='word_1_274' title='bbox 281 1995 364 2041; x_wconf 88' lang='grc' dir='ltr'><strong>τοῦ</strong></span> <span class='ocrx_word' id='word_1_275' title='bbox 404 1989 545 2044; x_wconf 78' lang='grc' dir='ltr'><strong>θείου</strong></span> <span class='ocrx_word' id='word_1_276' title='bbox 591 1991 957 2065; x_wconf 71' lang='grc' dir='ltr'><strong>ἔμφυσήματος</strong></span> <span class='ocrx_word' id='word_1_277' title='bbox 998 1997 1285 2062; x_wconf 81' lang='grc' dir='ltr'><strong>ἀξιωθῆναι,</strong></span> <span class='ocrx_word' id='word_1_278' title='bbox 1315 1995 1460 2056; x_wconf 80' lang='grc' dir='ltr'><strong>δηλοῖ</strong></span> <span class='ocrx_word' id='word_1_279' title='bbox 1487 2003 1557 2069; x_wconf 82' lang='grc' dir='ltr'><em>μή</em></span> <span class='ocrx_word' id='word_1_280' title='bbox 1605 2000 1752 2069; x_wconf 85' lang='grc' dir='ltr'><strong>μόνον</strong></span> 
     </span>
    </p>
   </div>
   <div class='ocr_carea' id='block_1_38' title="bbox 179 2078 1746 2160">
    <p class='ocr_par' dir='ltr' id='par_1_38' title="bbox 179 2078 1746 2160">
     <span class='ocr_line' id='line_1_38' title="bbox 179 2078 1746 2160; baseline 0.017 -35"><span class='ocrx_word' id='word_1_281' title='bbox 179 2078 324 2148; x_wconf 81' lang='grc' dir='ltr'><strong>νοεράν</strong></span> <span class='ocrx_word' id='word_1_282' title='bbox 351 2082 429 2132; x_wconf 80' lang='grc' dir='ltr'><strong>καὶ</strong></span> <span class='ocrx_word' id='word_1_283' title='bbox 467 2079 695 2152; x_wconf 81' lang='grc' dir='ltr'><strong>λογικήν,</strong></span> <span class='ocrx_word' id='word_1_284' title='bbox 729 2083 855 2139; x_wconf 82' lang='grc' dir='ltr'><strong>ἀλλά</strong></span> <span class='ocrx_word' id='word_1_285' title='bbox 889 2085 972 2140; x_wconf 85' lang='grc' dir='ltr'><strong>καί</strong></span> <span class='ocrx_word' id='word_1_286' title='bbox 1014 2086 1264 2142; x_wconf 75' lang='grc' dir='ltr'><strong>ἀθάνατον</strong></span> <span class='ocrx_word' id='word_1_287' title='bbox 1305 2093 1396 2148; x_wconf 72' lang='grc' dir='ltr'><strong>τήν</strong></span> <span class='ocrx_word' id='word_1_288' title='bbox 1436 2089 1617 2160; x_wconf 71' lang='grc' dir='ltr'><strong>ψυχήν</strong></span> <span class='ocrx_word' id='word_1_289' title='bbox 1651 2088 1746 2149; x_wconf 72' lang='grc' dir='ltr'><strong>δη³</strong></span> 
     </span>
    </p>
   </div>
   <div class='ocr_carea' id='block_1_39' title="bbox 175 2171 1748 2253">
    <p class='ocr_par' dir='ltr' id='par_1_39' title="bbox 175 2171 1748 2253">
     <span class='ocr_line' id='line_1_39' title="bbox 175 2171 1748 2253; baseline 0.011 -34"><span class='ocrx_word' id='word_1_290' title='bbox 175 2171 503 2244; x_wconf 74' lang='grc' dir='ltr'><strong>μιουργηθῆναι</strong></span> <span class='ocrx_word' id='word_1_291' title='bbox 539 2175 670 2248; x_wconf 85' lang='grc' dir='ltr'><strong>πρὸς</strong></span> <span class='ocrx_word' id='word_1_292' title='bbox 699 2174 767 2231; x_wconf 73' lang='grc' dir='ltr'><strong>τὰ</strong></span> <span class='ocrx_word' id='word_1_293' title='bbox 783 2172 970 2250; x_wconf 72' lang='grc' dir='ltr'><strong>ἄρχειν</strong></span> <span class='ocrx_word' id='word_1_294' title='bbox 997 2179 1202 2233; x_wconf 88' lang='grc' dir='ltr'><strong>πάντων</strong></span> <span class='ocrx_word' id='word_1_295' title='bbox 1231 2187 1330 2233; x_wconf 85' lang='grc' dir='ltr'><strong>τῶν</strong></span> <span class='ocrx_word' id='word_1_296' title='bbox 1369 2177 1456 2235; x_wconf 79' lang='grc' dir='ltr'><strong>ἐπὶ</strong></span> <span class='ocrx_word' id='word_1_297' title='bbox 1481 2189 1572 2253; x_wconf 77' lang='grc' dir='ltr'><strong>γῆς</strong></span> <span class='ocrx_word' id='word_1_298' title='bbox 1599 2201 1748 2241; x_wconf 86' lang='grc' dir='ltr'><strong>ποιη-</strong></span> 
     </span>
    </p>
   </div>
   <div class='ocr_carea' id='block_1_40' title="bbox 177 2257 1744 2349">
    <p class='ocr_par' dir='ltr' id='par_1_40' title="bbox 177 2257 1744 2349">
     <span class='ocr_line' id='line_1_40' title="bbox 177 2257 1744 2349; baseline 0.014 -40"><span class='ocrx_word' id='word_1_299' title='bbox 177 2257 344 2325; x_wconf 86' lang='grc' dir='ltr'><strong>μάτων’</strong></span> <span class='ocrx_word' id='word_1_300' title='bbox 369 2269 516 2318; x_wconf 83' lang='grc' dir='ltr'><strong>τοῦτο</strong></span> <span class='ocrx_word' id='word_1_301' title='bbox 550 2265 650 2336; x_wconf 87' lang='grc' dir='ltr'><strong>γάρ</strong></span> <span class='ocrx_word' id='word_1_302' title='bbox 678 2265 788 2322; x_wconf 84' lang='grc' dir='ltr'><strong>ἔστι</strong></span> <span class='ocrx_word' id='word_1_303' title='bbox 811 2271 897 2322; x_wconf 88' lang='grc' dir='ltr'><strong>καί</strong></span> <span class='ocrx_word' id='word_1_304' title='bbox 920 2268 978 2324; x_wconf 84' lang='grc' dir='ltr'><strong>τό</strong></span> <span class='ocrx_word' id='word_1_305' title='bbox 1002 2270 1260 2343; x_wconf 71' lang='grc' dir='ltr'><strong>εἰρημένον</strong></span> <span class='ocrx_word' id='word_1_306' title='bbox 1277 2279 1350 2340; x_wconf 83' lang='grc' dir='ltr'><strong>τῷ</strong></span> <span class='ocrx_word' id='word_1_307' title='bbox 1379 2271 1588 2348; x_wconf 85' lang='grc' dir='ltr'><strong>θεολόγῳ</strong></span> <span class='ocrx_word' id='word_1_308' title='bbox 1610 2285 1744 2349; x_wconf 84' lang='grc' dir='ltr'><strong>Γρη-</strong></span> 
     </span>
    </p>
   </div>
   <div class='ocr_carea' id='block_1_41' title="bbox 173 2354 1744 2428">
    <p class='ocr_par' dir='ltr' id='par_1_41' title="bbox 173 2354 1744 2428">
     <span class='ocr_line' id='line_1_41' title="bbox 173 2354 1744 2428; baseline 0.015 -27"><span class='ocrx_word' id='word_1_309' title='bbox 173 2354 306 2422; x_wconf 84' lang='grc' dir='ltr'><strong>γορίῳ</strong></span> <span class='ocrx_word' id='word_1_310' title='bbox 342 2357 578 2427; x_wconf 79' lang='grc' dir='ltr'><strong>περὶτῆς</strong></span> <span class='ocrx_word' id='word_1_311' title='bbox 618 2355 821 2428; x_wconf 67' lang='grc' dir='ltr'><strong>ψυχῆς,</strong></span> <span class='ocrx_word' id='word_1_312' title='bbox 853 2363 944 2418; x_wconf 78' lang='grc' dir='ltr'><strong>τὴν</strong></span> <span class='ocrx_word' id='word_1_313' title='bbox 975 2362 1030 2415; x_wconf 78' lang='grc' dir='ltr'><strong>ἐκ</strong></span> <span class='ocrx_word' id='word_1_314' title='bbox 1062 2369 1189 2417; x_wconf 84' lang='grc' dir='ltr'><strong>Θεοῦ</strong></span> <span class='ocrx_word' id='word_1_315' title='bbox 1235 2367 1320 2417; x_wconf 86' lang='grc' dir='ltr'><strong>καί</strong></span> <span class='ocrx_word' id='word_1_316' title='bbox 1360 2364 1492 2419; x_wconf 83' lang='grc' dir='ltr'><strong>θείαν</strong></span> <span class='ocrx_word' id='word_1_317' title='bbox 1533 2369 1617 2419; x_wconf 85' lang='grc' dir='ltr'><strong>καὶ</strong></span> <span class='ocrx_word' id='word_1_318' title='bbox 1650 2373 1744 2428; x_wconf 80' lang='grc' dir='ltr'><strong>τῆς</strong></span> 
     </span>
    </p>
   </div>
   <div class='ocr_carea' id='block_1_42' title="bbox 173 2435 1790 2530">
    <p class='ocr_par' dir='ltr' id='par_1_42' title="bbox 173 2435 1790 2530">
     <span class='ocr_line' id='line_1_42' title="bbox 173 2435 1790 2530; baseline 0.014 -38"><span class='ocrx_word' id='word_1_319' title='bbox 173 2435 330 2496; x_wconf 80' lang='grc' dir='ltr'><strong>ἄνωθεν</strong></span> <span class='ocrx_word' id='word_1_320' title='bbox 372 2447 623 2518; x_wconf 73' lang='grc' dir='ltr'><strong>εὐγενείας</strong></span> <span class='ocrx_word' id='word_1_321' title='bbox 669 2452 1016 2522; x_wconf 79' lang='grc' dir='ltr'><strong>μετέχουσαν.</strong></span> <span class='ocrx_word' id='word_1_322' title='bbox 1058 2455 1176 2524; x_wconf 80' lang='grc' dir='ltr'><strong>Οὐχ</strong></span> <span class='ocrx_word' id='word_1_323' title='bbox 1215 2456 1285 2515; x_wconf 84' lang='grc' dir='ltr'><strong>ὥς</strong></span> <span class='ocrx_word' id='word_1_324' title='bbox 1319 2477 1454 2516; x_wconf 84' lang='grc' dir='ltr'><strong>τινες</strong></span> <span class='ocrx_word' id='word_1_325' title='bbox 1499 2458 1743 2530; x_wconf 75' lang='grc' dir='ltr'><strong>φανταζό·</strong></span> <span class='ocrx_word' id='word_1_326' title='bbox 1785 2455 1790 2462; x_wconf 73' lang='grc'><em>’</em></span> 
     </span>
    </p>
   </div>
   <div class='ocr_carea' id='block_1_43' title="bbox 169 2535 1739 2621">
    <p class='ocr_par' dir='ltr' id='par_1_43' title="bbox 169 2535 1739 2621">
     <span class='ocr_line' id='line_1_43' title="bbox 169 2535 1739 2621; baseline 0.014 -34"><span class='ocrx_word' id='word_1_327' title='bbox 169 2551 284 2601; x_wconf 79' lang='grc' dir='ltr'><strong>μενοι</strong></span> <span class='ocrx_word' id='word_1_328' title='bbox 307 2535 511 2609; x_wconf 82' lang='grc' dir='ltr'><strong>λέγουσι</strong></span> <span class='ocrx_word' id='word_1_329' title='bbox 538 2547 628 2601; x_wconf 79' lang='grc' dir='ltr'><strong>τῆς</strong></span> <span class='ocrx_word' id='word_1_330' title='bbox 657 2543 817 2604; x_wconf 82' lang='grc' dir='ltr'><strong>θεῐκῆς</strong></span> <span class='ocrx_word' id='word_1_331' title='bbox 847 2545 1022 2606; x_wconf 83' lang='grc' dir='ltr'><strong>οὐσίας</strong></span> <span class='ocrx_word' id='word_1_332' title='bbox 1045 2546 1391 2621; x_wconf 79' lang='grc' dir='ltr'><strong>ὑπάρχουσαν</strong></span> <span class='ocrx_word' id='word_1_333' title='bbox 1413 2552 1503 2607; x_wconf 79' lang='grc' dir='ltr'><strong>τὴν</strong></span> <span class='ocrx_word' id='word_1_334' title='bbox 1531 2548 1739 2621; x_wconf 61' lang='grc' dir='ltr'><strong>ψυχήν</strong></span> 
     </span>
    </p>
   </div>
   <div class='ocr_carea' id='block_1_44' title="bbox 167 2621 1738 2714">
    <p class='ocr_par' dir='ltr' id='par_1_44' title="bbox 167 2621 1738 2714">
     <span class='ocr_line' id='line_1_44' title="bbox 167 2621 1738 2714; baseline 0.019 -40"><span class='ocrx_word' id='word_1_335' title='bbox 167 2621 253 2675; x_wconf 80' lang='grc' dir='ltr'><strong>ἀλλ’</strong></span> <span class='ocrx_word' id='word_1_336' title='bbox 267 2629 329 2687; x_wconf 85' lang='grc' dir='ltr'><strong>ὡς</strong></span> <span class='ocrx_word' id='word_1_337' title='bbox 373 2626 460 2686; x_wconf 78' lang='grc' dir='ltr'><strong>διά</strong></span> <span class='ocrx_word' id='word_1_338' title='bbox 496 2639 589 2687; x_wconf 90' lang='grc' dir='ltr'><strong>τοῦ</strong></span> <span class='ocrx_word' id='word_1_339' title='bbox 640 2635 1002 2708; x_wconf 72' lang='grc' dir='ltr'><strong>ἐμφυσήματος</strong></span> <span class='ocrx_word' id='word_1_340' title='bbox 1040 2645 1132 2694; x_wconf 90' lang='grc' dir='ltr'><strong>τοῦ</strong></span> <span class='ocrx_word' id='word_1_341' title='bbox 1175 2646 1302 2695; x_wconf 84' lang='grc' dir='ltr'><strong>Θεοῦ</strong></span> <span class='ocrx_word' id='word_1_342' title='bbox 1342 2643 1628 2714; x_wconf 74' lang='grc' dir='ltr'><strong>γενομένην,</strong></span> <span class='ocrx_word' id='word_1_343' title='bbox 1655 2645 1738 2698; x_wconf 73' lang='grc' dir='ltr'><strong>καὶ</strong></span> 
     </span>
    </p>
   </div>
   <div class='ocr_carea' id='block_1_45' title="bbox 166 2715 1738 2808">
    <p class='ocr_par' dir='ltr' id='par_1_45' title="bbox 166 2715 1738 2808">
     <span class='ocr_line' id='line_1_45' title="bbox 166 2715 1738 2808; baseline 0.012 -40"><span class='ocrx_word' id='word_1_344' title='bbox 166 2715 376 2790; x_wconf 81' lang='grc' dir='ltr'><strong>χάρισμα</strong></span> <span class='ocrx_word' id='word_1_345' title='bbox 423 2723 555 2796; x_wconf 87' lang='grc' dir='ltr'><strong>παρ’</strong></span> <span class='ocrx_word' id='word_1_346' title='bbox 574 2727 726 2780; x_wconf 78' lang='grc' dir='ltr'><strong>αὐτοῦ</strong></span> <span class='ocrx_word' id='word_1_347' title='bbox 755 2726 1018 2784; x_wconf 78' lang='grc' dir='ltr'><strong>λαϐοῦσαν</strong></span> <span class='ocrx_word' id='word_1_348' title='bbox 1044 2736 1138 2786; x_wconf 90' lang='grc' dir='ltr'><strong>τοῦ</strong></span> <span class='ocrx_word' id='word_1_349' title='bbox 1177 2732 1382 2808; x_wconf 83' lang='grc' dir='ltr'><strong>νοεράν,</strong></span> <span class='ocrx_word' id='word_1_350' title='bbox 1409 2735 1492 2786; x_wconf 85' lang='grc' dir='ltr'><strong>καί</strong></span> <span class='ocrx_word' id='word_1_351' title='bbox 1519 2733 1738 2806; x_wconf 70' lang='grc' dir='ltr'><strong>λογικήν,</strong></span> 
     </span>
    </p>
   </div>
   <div class='ocr_carea' id='block_1_46' title="bbox 164 2809 1738 2898">
    <p class='ocr_par' dir='ltr' id='par_1_46' title="bbox 164 2809 1738 2898">
     <span class='ocr_line' id='line_1_46' title="bbox 164 2809 1738 2898; baseline 0.015 -39"><span class='ocrx_word' id='word_1_352' title='bbox 164 2810 232 2860; x_wconf 78' lang='grc' dir='ltr'><strong>καί</strong></span> <span class='ocrx_word' id='word_1_353' title='bbox 263 2809 506 2867; x_wconf 75' lang='grc' dir='ltr'><strong>ἀθάνατον</strong></span> <span class='ocrx_word' id='word_1_354' title='bbox 535 2810 664 2870; x_wconf 80' lang='grc' dir='ltr'><strong>εἶναι</strong></span> <span class='ocrx_word' id='word_1_355' title='bbox 681 2859 694 2881; x_wconf 88' lang='grc'><strong>,</strong></span> <span class='ocrx_word' id='word_1_356' title='bbox 725 2821 812 2872; x_wconf 86' lang='grc' dir='ltr'><strong>καί</strong></span> <span class='ocrx_word' id='word_1_357' title='bbox 848 2824 922 2888; x_wconf 76' lang='grc' dir='ltr'><strong>μή</strong></span> <span class='ocrx_word' id='word_1_358' title='bbox 949 2825 1370 2881; x_wconf 79' lang='grc' dir='ltr'><strong>συναποθνήσκειν</strong></span> <span class='ocrx_word' id='word_1_359' title='bbox 1411 2832 1483 2898; x_wconf 83' lang='grc' dir='ltr'><strong>τῷ</strong></span> <span class='ocrx_word' id='word_1_360' title='bbox 1512 2828 1738 2897; x_wconf 82' lang='grc' dir='ltr'><strong>σώματι,</strong></span> 
     </span>
    </p>
   </div>
   <div class='ocr_carea' id='block_1_47' title="bbox 161 2896 1740 2988">
    <p class='ocr_par' dir='ltr' id='par_1_47' title="bbox 161 2896 1740 2988">
     <span class='ocr_line' id='line_1_47' title="bbox 161 2896 1740 2988; baseline 0.013 -35"><span class='ocrx_word' id='word_1_361' title='bbox 161 2896 250 2950; x_wconf 66' lang='grc' dir='ltr'><strong>καθ’</strong></span> <span class='ocrx_word' id='word_1_362' title='bbox 265 2898 547 2970; x_wconf 82' lang='grc' dir='ltr'><strong>ὁμοιότητα</strong></span> <span class='ocrx_word' id='word_1_363' title='bbox 572 2912 672 2962; x_wconf 83' lang='grc' dir='ltr'><strong>τῶν</strong></span> <span class='ocrx_word' id='word_1_364' title='bbox 700 2907 893 2981; x_wconf 81' lang='grc' dir='ltr'><strong>ἀλόγων</strong></span> <span class='ocrx_word' id='word_1_365' title='bbox 919 2914 1080 2979; x_wconf 85' lang='grc' dir='ltr'><strong>ζώων,</strong></span> <span class='ocrx_word' id='word_1_366' title='bbox 1113 2912 1238 2968; x_wconf 78' lang='grc' dir='ltr'><strong>ἀλλά</strong></span> <span class='ocrx_word' id='word_1_367' title='bbox 1261 2916 1396 2968; x_wconf 82' lang='grc' dir='ltr'><strong>κατὰ</strong></span> <span class='ocrx_word' id='word_1_368' title='bbox 1425 2915 1584 2988; x_wconf 83' lang='grc' dir='ltr'><strong>χάριν</strong></span> <span class='ocrx_word' id='word_1_369' title='bbox 1613 2937 1740 2988; x_wconf 85' lang='grc' dir='ltr'><strong>μετ-</strong></span> 
     </span>
    </p>
   </div>
   <div class='ocr_carea' id='block_1_48' title="bbox 159 2989 1744 3082">
    <p class='ocr_par' dir='ltr' id='par_1_48' title="bbox 159 2989 1744 3082">
     <span class='ocr_line' id='line_1_48' title="bbox 159 2989 1744 3082; baseline 0.015 -42"><span class='ocrx_word' id='word_1_370' title='bbox 159 2989 276 3059; x_wconf 77' lang='grc' dir='ltr'><strong>έχειν</strong></span> <span class='ocrx_word' id='word_1_371' title='bbox 318 3005 416 3056; x_wconf 81' lang='grc' dir='ltr'><strong>τῆς</strong></span> <span class='ocrx_word' id='word_1_372' title='bbox 461 2993 651 3052; x_wconf 78' lang='grc' dir='ltr'><strong>ἄνωθεν</strong></span> <span class='ocrx_word' id='word_1_373' title='bbox 687 2999 954 3070; x_wconf 75' lang='grc' dir='ltr'><strong>εὐγενείας,</strong></span> <span class='ocrx_word' id='word_1_374' title='bbox 985 3005 1249 3060; x_wconf 77' lang='grc' dir='ltr'><strong>τουτέστιν</strong></span> <span class='ocrx_word' id='word_1_375' title='bbox 1277 3006 1576 3067; x_wconf 81' lang='grc' dir='ltr'><strong>ἀθανασίας.</strong></span> <span class='ocrx_word' id='word_1_376' title='bbox 1609 3019 1744 3082; x_wconf 86' lang='grc' dir='ltr'><strong>Μαρ-</strong></span> 
     </span>
    </p>
   </div>
   <div class='ocr_carea' id='block_1_49' title="bbox 159 3082 1742 3163">
    <p class='ocr_par' dir='ltr' id='par_1_49' title="bbox 159 3082 1742 3163">
     <span class='ocr_line' id='line_1_49' title="bbox 159 3082 1742 3163; baseline 0.014 -31"><span class='ocrx_word' id='word_1_377' title='bbox 159 3090 278 3154; x_wconf 75' lang='grc' dir='ltr'><strong>τυρεῖ</strong></span> <span class='ocrx_word' id='word_1_378' title='bbox 310 3082 368 3138; x_wconf 80' lang='grc' dir='ltr'><strong>δὲ</strong></span> <span class='ocrx_word' id='word_1_379' title='bbox 417 3086 627 3145; x_wconf 77' lang='grc' dir='ltr'><strong>τούτοις</strong></span> <span class='ocrx_word' id='word_1_380' title='bbox 656 3088 785 3142; x_wconf 82' lang='grc' dir='ltr'><strong>καὶὸ</strong></span> <span class='ocrx_word' id='word_1_381' title='bbox 814 3092 866 3144; x_wconf 79' lang='grc' dir='ltr'><strong>ἐν</strong></span> <span class='ocrx_word' id='word_1_382' title='bbox 907 3089 1067 3163; x_wconf 83' lang='grc' dir='ltr'><strong>ἁγίοις</strong></span> <span class='ocrx_word' id='word_1_383' title='bbox 1108 3090 1338 3155; x_wconf 76' lang='grc' dir='ltr'><strong>Ἰωάννης</strong></span> <span class='ocrx_word' id='word_1_384' title='bbox 1367 3094 1392 3150; x_wconf 86' lang='grc' dir='ltr'>ὁ</span> <span class='ocrx_word' id='word_1_385' title='bbox 1421 3102 1742 3153; x_wconf 75' lang='grc' dir='ltr'><strong>Κωνσταντι-</strong></span> 
     </span>
    </p>
   </div>
   <div class='ocr_carea' id='block_1_50' title="bbox 157 3176 1738 3258">
    <p class='ocr_par' dir='ltr' id='par_1_50' title="bbox 157 3176 1738 3258">
     <span class='ocr_line' id='line_1_50' title="bbox 157 3176 1738 3258; baseline 0.014 -34"><span class='ocrx_word' id='word_1_386' title='bbox 157 3176 424 3235; x_wconf 63' lang='grc' dir='ltr'><strong>κνπὸλεως</strong></span> <span class='ocrx_word' id='word_1_387' title='bbox 455 3180 795 3252; x_wconf 81' lang='grc' dir='ltr'><strong>πατριάρχης</strong></span> <span class='ocrx_word' id='word_1_388' title='bbox 826 3182 876 3234; x_wconf 82' lang='grc' dir='ltr'><strong>ἐν</strong></span> <span class='ocrx_word' id='word_1_389' title='bbox 906 3190 979 3252; x_wconf 84' lang='grc' dir='ltr'><strong>τῷ</strong></span> <span class='ocrx_word' id='word_1_390' title='bbox 1013 3181 1258 3257; x_wconf 64' lang='grc' dir='ltr'><strong>ίνδεκάτω</strong></span> <span class='ocrx_word' id='word_1_391' title='bbox 1285 3186 1416 3258; x_wconf 85' lang='grc' dir='ltr'><strong>λόγῳ</strong></span> <span class='ocrx_word' id='word_1_392' title='bbox 1451 3192 1524 3258; x_wconf 74' lang='grc' dir='ltr'><strong>τῷ</strong></span> <span class='ocrx_word' id='word_1_393' title='bbox 1549 3192 1620 3250; x_wconf 74' lang='grc' dir='ltr'><strong>ε³ς</strong></span> <span class='ocrx_word' id='word_1_394' title='bbox 1647 3196 1738 3250; x_wconf 74' lang='grc' dir='ltr'><strong>τήν</strong></span> 
     </span>
    </p>
   </div>
   <div class='ocr_carea' id='block_1_51' title="bbox 155 3267 1736 3349">
    <p class='ocr_par' dir='ltr' id='par_1_51' title="bbox 155 3267 1736 3349">
     <span class='ocr_line' id='line_1_51' title="bbox 155 3267 1736 3349; baseline 0.014 -33"><span class='ocrx_word' id='word_1_395' title='bbox 155 3267 320 3320; x_wconf 70' lang='grc' dir='ltr'><strong>κτίσινο</strong></span> <span class='ocrx_word' id='word_1_396' title='bbox 354 3267 494 3340; x_wconf 78' lang='grc' dir='ltr'><strong>λέγει</strong></span> <span class='ocrx_word' id='word_1_397' title='bbox 524 3271 621 3343; x_wconf 82' lang='grc' dir='ltr'><strong>γὰρ</strong></span> <span class='ocrx_word' id='word_1_398' title='bbox 649 3270 831 3333; x_wconf 77' lang='grc' dir='ltr'><strong>οὕτως’</strong></span> <span class='ocrx_word' id='word_1_399' title='bbox 867 3289 886 3324; x_wconf 84' lang='grc' dir='ltr'><strong>ε</strong></span> <span class='ocrx_word' id='word_1_400' title='bbox 915 3277 1014 3328; x_wconf 80' lang='grc' dir='ltr'><strong>Καὶ</strong></span> <span class='ocrx_word' id='word_1_401' title='bbox 1043 3275 1348 3348; x_wconf 76' lang='grc' dir='ltr'><strong>ἐνεφύσησε,</strong></span> <span class='ocrx_word' id='word_1_402' title='bbox 1378 3283 1546 3349; x_wconf 79' lang='grc' dir='ltr'><strong>φησίν,</strong></span> <span class='ocrx_word' id='word_1_403' title='bbox 1579 3283 1650 3342; x_wconf 89' lang='grc' dir='ltr'><strong>εἰς</strong></span> <span class='ocrx_word' id='word_1_404' title='bbox 1678 3282 1736 3338; x_wconf 82' lang='grc' dir='ltr'><strong>τὸ</strong></span> 
     </span>
    </p>
   </div>
   <div class='ocr_carea' id='block_1_52' title="bbox 157 3359 1734 3451">
    <p class='ocr_par' dir='ltr' id='par_1_52' title="bbox 157 3359 1734 3451">
     <span class='ocr_line' id='line_1_52' title="bbox 157 3359 1734 3451; baseline 0.015 -43"><span class='ocrx_word' id='word_1_405' title='bbox 157 3359 404 3431; x_wconf 76' lang='grc' dir='ltr'><strong>πρόσωπον</strong></span> <span class='ocrx_word' id='word_1_406' title='bbox 450 3363 608 3418; x_wconf 74' lang='grc' dir='ltr'><strong>αὐτοῦ</strong></span> <span class='ocrx_word' id='word_1_407' title='bbox 649 3369 804 3424; x_wconf 77' lang='grc' dir='ltr'><strong>πνοήν</strong></span> <span class='ocrx_word' id='word_1_408' title='bbox 848 3371 1003 3430; x_wconf 77' lang='grc' dir='ltr'><strong>ζωῆς.</strong></span> <span class='ocrx_word' id='word_1_409' title='bbox 1031 3371 1116 3423; x_wconf 85' lang='grc' dir='ltr'><strong>καὶ</strong></span> <span class='ocrx_word' id='word_1_410' title='bbox 1155 3370 1350 3442; x_wconf 68' lang='grc' dir='ltr'><strong>ἐγένετο</strong></span> <span class='ocrx_word' id='word_1_411' title='bbox 1393 3371 1418 3428; x_wconf 86' lang='grc' dir='ltr'>ὁ</span> <span class='ocrx_word' id='word_1_412' title='bbox 1467 3371 1734 3451; x_wconf 81' lang='grc' dir='ltr'><strong>ἅνθρωπος</strong></span> 
     </span>
    </p>
   </div>
   <div class='ocr_carea' id='block_1_53' title="bbox 156 3452 1734 3540">
    <p class='ocr_par' dir='ltr' id='par_1_53' title="bbox 156 3452 1734 3540">
     <span class='ocr_line' id='line_1_53' title="bbox 156 3452 1734 3540; baseline 0.016 -40"><span class='ocrx_word' id='word_1_413' title='bbox 156 3452 210 3509; x_wconf 81' lang='grc' dir='ltr'><strong>εἰς</strong></span> <span class='ocrx_word' id='word_1_414' title='bbox 232 3452 409 3526; x_wconf 56' lang='grc' dir='ltr'><strong>ψυχήν</strong></span> <span class='ocrx_word' id='word_1_415' title='bbox 446 3459 642 3520; x_wconf 81' lang='grc' dir='ltr'><strong>ζῶσαν.</strong></span> <span class='ocrx_word' id='word_1_416' title='bbox 669 3457 915 3516; x_wconf 84' lang='grc' dir='ltr'><strong>Ἐνταῦθά</strong></span> <span class='ocrx_word' id='word_1_417' title='bbox 950 3482 1082 3524; x_wconf 83' lang='grc' dir='ltr'><strong>τινες</strong></span> <span class='ocrx_word' id='word_1_418' title='bbox 1120 3471 1219 3518; x_wconf 87' lang='grc' dir='ltr'><strong>τῶν</strong></span> <span class='ocrx_word' id='word_1_419' title='bbox 1253 3464 1554 3540; x_wconf 81' lang='grc' dir='ltr'><strong>ἀγνωμόνων</strong></span> <span class='ocrx_word' id='word_1_420' title='bbox 1581 3472 1633 3535; x_wconf 86' lang='grc' dir='ltr'><strong>ἐξ</strong></span> <span class='ocrx_word' id='word_1_421' title='bbox 1658 3473 1734 3526; x_wconf 91' lang='grc' dir='ltr'><strong>οἰ-</strong></span> 
     </span>
    </p>
   </div>
   <div class='ocr_carea' id='block_1_54' title="bbox 157 3544 1728 3632">
    <p class='ocr_par' dir='ltr' id='par_1_54' title="bbox 157 3544 1728 3632">
     <span class='ocr_line' id='line_1_54' title="bbox 157 3544 1728 3632; baseline 0.017 -39"><span class='ocrx_word' id='word_1_422' title='bbox 157 3544 274 3597; x_wconf 81' lang='grc' dir='ltr'><strong>κείων</strong></span> <span class='ocrx_word' id='word_1_423' title='bbox 284 3546 544 3621; x_wconf 83' lang='grc' dir='ltr'><strong>λογισμῶν</strong></span> <span class='ocrx_word' id='word_1_424' title='bbox 555 3552 856 3624; x_wconf 75' lang='grc' dir='ltr'><strong>κινούμενοι,</strong></span> <span class='ocrx_word' id='word_1_425' title='bbox 872 3556 957 3608; x_wconf 84' lang='grc' dir='ltr'><strong>καί</strong></span> <span class='ocrx_word' id='word_1_426' title='bbox 977 3553 1116 3610; x_wconf 79' lang='grc' dir='ltr'><strong>οὐδέν</strong></span> <span class='ocrx_word' id='word_1_427' title='bbox 1132 3557 1408 3632; x_wconf 80' lang='grc' dir='ltr'><strong>θεοπρεπὲς</strong></span> <span class='ocrx_word' id='word_1_428' title='bbox 1426 3566 1728 3630; x_wconf 79' lang='grc' dir='ltr'><strong>ἐννοοῦντες,</strong></span> 
     </span>
    </p>
   </div>
   <div class='ocr_carea' id='block_1_55' title="bbox 157 3630 1732 3726">
    <p class='ocr_par' dir='ltr' id='par_1_55' title="bbox 157 3630 1732 3726">
     <span class='ocr_line' id='line_1_55' title="bbox 157 3630 1732 3726; baseline 0.015 -40"><span class='ocrx_word' id='word_1_429' title='bbox 157 3630 248 3688; x_wconf 71' lang='grc' dir='ltr'><strong>οὗτε</strong></span> <span class='ocrx_word' id='word_1_430' title='bbox 272 3643 357 3696; x_wconf 71' lang='grc' dir='ltr'><strong>τήν</strong></span> <span class='ocrx_word' id='word_1_431' title='bbox 381 3641 775 3711; x_wconf 77' lang='grc' dir='ltr'><strong>συγκατάϐασιν</strong></span> <span class='ocrx_word' id='word_1_432' title='bbox 799 3650 897 3698; x_wconf 86' lang='grc' dir='ltr'><strong>τῶν</strong></span> <span class='ocrx_word' id='word_1_433' title='bbox 940 3646 1178 3722; x_wconf 71' lang='grc' dir='ltr'><strong>ῥημάτων</strong></span> <span class='ocrx_word' id='word_1_434' title='bbox 1214 3650 1542 3722; x_wconf 80' lang='grc' dir='ltr'><strong>λογιζόμενοι,</strong></span> <span class='ocrx_word' id='word_1_435' title='bbox 1573 3653 1732 3726; x_wconf 84' lang='grc' dir='ltr'><strong>λέγειν</strong></span> 
     </span>
    </p>
   </div>
   <div class='ocr_carea' id='block_1_56' title="bbox 157 3724 1729 3817">
    <p class='ocr_par' dir='ltr' id='par_1_56' title="bbox 157 3724 1729 3817">
     <span class='ocr_line' id='line_1_56' title="bbox 157 3724 1729 3817; baseline 0.017 -39"><span class='ocrx_word' id='word_1_436' title='bbox 157 3724 484 3802; x_wconf 78' lang='grc' dir='ltr'><strong>ἐπιχειροῦσιν</strong></span> <span class='ocrx_word' id='word_1_437' title='bbox 509 3729 590 3786; x_wconf 81' lang='grc' dir='ltr'><strong>ὅτι</strong></span> <span class='ocrx_word' id='word_1_438' title='bbox 618 3735 674 3787; x_wconf 74' lang='grc' dir='ltr'><strong>ἔκ</strong></span> <span class='ocrx_word' id='word_1_439' title='bbox 703 3743 796 3797; x_wconf 79' lang='grc' dir='ltr'><strong>τῆς</strong></span> <span class='ocrx_word' id='word_1_440' title='bbox 824 3741 917 3790; x_wconf 89' lang='grc' dir='ltr'><strong>τοῦ</strong></span> <span class='ocrx_word' id='word_1_441' title='bbox 943 3744 1070 3791; x_wconf 85' lang='grc' dir='ltr'><strong>Θεοῦ</strong></span> <span class='ocrx_word' id='word_1_442' title='bbox 1101 3741 1282 3801; x_wconf 81' lang='grc' dir='ltr'><strong>οὐσίας</strong></span> <span class='ocrx_word' id='word_1_443' title='bbox 1327 3743 1468 3799; x_wconf 87' lang='grc' dir='ltr'><strong>ἐστιν</strong></span> <span class='ocrx_word' id='word_1_444' title='bbox 1495 3747 1526 3802; x_wconf 82' lang='grc' dir='ltr'>ἡ</span> <span class='ocrx_word' id='word_1_445' title='bbox 1549 3745 1729 3817; x_wconf 64' lang='grc' dir='ltr'><strong>ψυχή.</strong></span> 
     </span>
    </p>
   </div>
   <div class='ocr_carea' id='block_1_57' title="bbox 158 3811 1730 3910">
    <p class='ocr_par' dir='ltr' id='par_1_57' title="bbox 158 3811 1730 3910">
     <span class='ocr_line' id='line_1_57' title="bbox 158 3811 1730 3910; baseline 0.012 -33"><span class='ocrx_word' id='word_1_446' title='bbox 158 3811 202 3868; x_wconf 70' lang='grc' dir='ltr'><strong>Ὠ</strong></span> <span class='ocrx_word' id='word_1_447' title='bbox 224 3827 304 3880; x_wconf 75' lang='grc' dir='ltr'><strong>τῆς·</strong></span> <span class='ocrx_word' id='word_1_448' title='bbox 333 3825 546 3895; x_wconf 84' lang='grc' dir='ltr'><strong>μανίας,</strong></span> <span class='ocrx_word' id='word_1_449' title='bbox 582 3822 622 3880; x_wconf 80' lang='grc' dir='ltr'><strong>ὦ</strong></span> <span class='ocrx_word' id='word_1_450' title='bbox 658 3834 750 3894; x_wconf 71' lang='grc' dir='ltr'><strong>τῆς</strong></span> <span class='ocrx_word' id='word_1_451' title='bbox 785 3833 1242 3905; x_wconf 73' lang='grc' dir='ltr'><strong>παραφροσύνης.»</strong></span> <span class='ocrx_word' id='word_1_452' title='bbox 1269 3838 1360 3890; x_wconf 72' lang='grc' dir='ltr'><strong>Καὶ</strong></span> <span class='ocrx_word' id='word_1_453' title='bbox 1385 3843 1554 3894; x_wconf 83' lang='grc' dir='ltr'><strong>ταῦτα</strong></span> <span class='ocrx_word' id='word_1_454' title='bbox 1583 3842 1673 3910; x_wconf 83' lang='grc' dir='ltr'><strong>μὲν</strong></span> <span class='ocrx_word' id='word_1_455' title='bbox 1705 3841 1730 3896; x_wconf 91' lang='lat'><strong>6</strong></span> 
     </span>
    </p>
   </div>
   <div class='ocr_carea' id='block_1_58' title="bbox 157 3917 1730 4006">
    <p class='ocr_par' dir='ltr' id='par_1_58' title="bbox 157 3917 1730 4006">
     <span class='ocr_line' id='line_1_58' title="bbox 157 3917 1730 4006; baseline 0.015 -41"><span class='ocrx_word' id='word_1_456' title='bbox 157 3917 296 3988; x_wconf 73' lang='grc' dir='ltr'><strong>πατὴρ</strong></span> <span class='ocrx_word' id='word_1_457' title='bbox 331 3920 452 3990; x_wconf 82' lang='grc' dir='ltr'><strong>περὶ</strong></span> <span class='ocrx_word' id='word_1_458' title='bbox 493 3926 598 3972; x_wconf 85' lang='grc' dir='ltr'><strong>τῶν</strong></span> <span class='ocrx_word' id='word_1_459' title='bbox 641 3923 1002 3992; x_wconf 67' lang='grc' dir='ltr'><strong>προκειμένων.</strong></span> <span class='ocrx_word' id='word_1_460' title='bbox 1053 3921 1231 3980; x_wconf 85' lang='grc' dir='ltr'><strong>Σκόπει</strong></span> <span class='ocrx_word' id='word_1_461' title='bbox 1259 3924 1336 3995; x_wconf 79' lang='grc' dir='ltr'><strong>δέ,</strong></span> <span class='ocrx_word' id='word_1_462' title='bbox 1371 3926 1446 3984; x_wconf 85' lang='grc' dir='ltr'><strong>ὅτι</strong></span> <span class='ocrx_word' id='word_1_463' title='bbox 1477 3951 1577 4006; x_wconf 83' lang='grc' dir='ltr'><strong>περ</strong></span> <span class='ocrx_word' id='word_1_464' title='bbox 1609 3937 1730 4006; x_wconf 85' lang='grc' dir='ltr'><strong>περὶ</strong></span> 
     </span>
    </p>
   </div>
   <div class='ocr_carea' id='block_1_59' title="bbox 156 4004 1728 4094">
    <p class='ocr_par' dir='ltr' id='par_1_59' title="bbox 156 4004 1728 4094">
     <span class='ocr_line' id='line_1_59' title="bbox 156 4004 1728 4094; baseline 0.018 -39"><span class='ocrx_word' id='word_1_465' title='bbox 156 4004 228 4070; x_wconf 82' lang='grc' dir='ltr'><strong>μὲν</strong></span> <span class='ocrx_word' id='word_1_466' title='bbox 248 4015 338 4061; x_wconf 87' lang='grc' dir='ltr'><strong>τῶν</strong></span> <span class='ocrx_word' id='word_1_467' title='bbox 363 4007 529 4064; x_wconf 78' lang='grc' dir='ltr'><strong>ἄλλων</strong></span> <span class='ocrx_word' id='word_1_468' title='bbox 555 4009 794 4066; x_wconf 79' lang='grc' dir='ltr'><strong>ἁπάντων</strong></span> <span class='ocrx_word' id='word_1_469' title='bbox 816 4015 898 4069; x_wconf 83' lang='grc' dir='ltr'><strong>ἐπὶ</strong></span> <span class='ocrx_word' id='word_1_470' title='bbox 928 4024 1022 4088; x_wconf 83' lang='grc' dir='ltr'><strong>γῆς</strong></span> <span class='ocrx_word' id='word_1_471' title='bbox 1051 4021 1343 4092; x_wconf 81' lang='grc' dir='ltr'><strong>ποιημάτων</strong></span> <span class='ocrx_word' id='word_1_472' title='bbox 1373 4017 1511 4080; x_wconf 83' lang='grc' dir='ltr'><strong>εἶπεν</strong></span> <span class='ocrx_word' id='word_1_473' title='bbox 1534 4025 1559 4080; x_wconf 90' lang='lat'><strong>6</strong></span> <span class='ocrx_word' id='word_1_474' title='bbox 1583 4027 1728 4094; x_wconf 82' lang='grc' dir='ltr'><strong>Θεὸς,</strong></span> 
     </span>
    </p>
   </div>
   <div class='ocr_carea' id='block_1_60' title="bbox 159 4101 1729 4194">
    <p class='ocr_par' dir='ltr' id='par_1_60' title="bbox 159 4101 1729 4194">
     <span class='ocr_line' id='line_1_60' title="bbox 159 4101 1729 4194; baseline 0.016 -45"><span class='ocrx_word' id='word_1_475' title='bbox 159 4101 452 4160; x_wconf 75' lang='grc' dir='ltr'><strong>(Γεννηθὴτω</strong></span> <span class='ocrx_word' id='word_1_476' title='bbox 473 4121 493 4154; x_wconf 69' lang='grc' dir='ltr'><strong>ι</strong></span> <span class='ocrx_word' id='word_1_477' title='bbox 523 4105 611 4158; x_wconf 81' lang='grc' dir='ltr'><strong>καί</strong></span> <span class='ocrx_word' id='word_1_478' title='bbox 641 4121 659 4155; x_wconf 81' lang='grc' dir='ltr'><strong>ε</strong></span> <span class='ocrx_word' id='word_1_479' title='bbox 683 4106 971 4179; x_wconf 82' lang='grc' dir='ltr'><strong>ἐξαγαγὲτω</strong></span> <span class='ocrx_word' id='word_1_480' title='bbox 987 4111 1018 4174; x_wconf 72' lang='grc' dir='ltr'><strong>ᾖ</strong></span> <span class='ocrx_word' id='word_1_481' title='bbox 1041 4118 1124 4181; x_wconf 65' lang='grc' dir='ltr'><strong>γῆ,</strong></span> <span class='ocrx_word' id='word_1_482' title='bbox 1141 4115 1227 4166; x_wconf 83' lang='grc' dir='ltr'><strong>καὶ</strong></span> <span class='ocrx_word' id='word_1_483' title='bbox 1251 4113 1460 4187; x_wconf 83' lang='grc' dir='ltr'><strong>ἐγένετο.</strong></span> <span class='ocrx_word' id='word_1_484' title='bbox 1485 4133 1505 4168; x_wconf 85' lang='grc'><strong>›</strong></span> <span class='ocrx_word' id='word_1_485' title='bbox 1540 4121 1656 4194; x_wconf 80' lang='grc' dir='ltr'><strong>Περὶ</strong></span> <span class='ocrx_word' id='word_1_486' title='bbox 1675 4117 1729 4174; x_wconf 75' lang='grc' dir='ltr'><strong>δὲ</strong></span> 
     </span>
    </p>
   </div>
   <div class='ocr_carea' id='block_1_61' title="bbox 160 4192 1728 4280">
    <p class='ocr_par' dir='ltr' id='par_1_61' title="bbox 160 4192 1728 4280">
     <span class='ocr_line' id='line_1_61' title="bbox 160 4192 1728 4280; baseline 0.017 -41"><span class='ocrx_word' id='word_1_487' title='bbox 160 4195 227 4241; x_wconf 81' lang='grc' dir='ltr'><strong>τοῦ</strong></span> <span class='ocrx_word' id='word_1_488' title='bbox 254 4192 513 4266; x_wconf 76' lang='grc' dir='ltr'><strong>ἀνθρώπου</strong></span> <span class='ocrx_word' id='word_1_489' title='bbox 549 4197 1033 4271; x_wconf 77' lang='grc' dir='ltr'><strong>λέγει,εῐῐοιήσωμεν</strong></span> <span class='ocrx_word' id='word_1_490' title='bbox 1061 4198 1344 4278; x_wconf 75' lang='grc' dir='ltr'><strong>ἄνθρωπον,</strong></span> <span class='ocrx_word' id='word_1_491' title='bbox 1361 4225 1380 4258; x_wconf 74' lang='grc' dir='ltr'><strong>ε</strong></span> <span class='ocrx_word' id='word_1_492' title='bbox 1399 4211 1482 4262; x_wconf 85' lang='grc' dir='ltr'><strong>καί</strong></span> <span class='ocrx_word' id='word_1_493' title='bbox 1509 4210 1565 4262; x_wconf 78' lang='grc' dir='ltr'><strong>οὐ</strong></span> <span class='ocrx_word' id='word_1_494' title='bbox 1583 4209 1728 4280; x_wconf 84' lang='grc' dir='ltr'><strong>μόνον</strong></span> 
     </span>
    </p>
   </div>
   <div class='ocr_carea' id='block_1_62' title="bbox 161 4288 1726 4372">
    <p class='ocr_par' dir='ltr' id='par_1_62' title="bbox 161 4288 1726 4372">
     <span class='ocr_line' id='line_1_62' title="bbox 161 4288 1726 4372; baseline 0.015 -39"><span class='ocrx_word' id='word_1_495' title='bbox 161 4288 476 4360; x_wconf 75' lang='grc' dir='ltr'><strong>(ποιήσωμεν,</strong></span> <span class='ocrx_word' id='word_1_496' title='bbox 493 4307 516 4340; x_wconf 73' lang='grc' dir='ltr'><strong>ι</strong></span> <span class='ocrx_word' id='word_1_497' title='bbox 554 4288 678 4367; x_wconf 80' lang='grc' dir='ltr'><strong>άλλά</strong></span> <span class='ocrx_word' id='word_1_498' title='bbox 715 4307 733 4340; x_wconf 83' lang='grc' dir='ltr'><strong>ε</strong></span> <span class='ocrx_word' id='word_1_499' title='bbox 757 4290 868 4345; x_wconf 82' lang='grc' dir='ltr'><strong>κατ’</strong></span> <span class='ocrx_word' id='word_1_500' title='bbox 888 4292 1058 4349; x_wconf 81' lang='grc' dir='ltr'><strong>εἰκόνα</strong></span> <span class='ocrx_word' id='word_1_501' title='bbox 1087 4296 1331 4368; x_wconf 69' lang='grc' dir='ltr'><strong>ἡμετέραν</strong></span> <span class='ocrx_word' id='word_1_502' title='bbox 1354 4301 1438 4354; x_wconf 89' lang='grc' dir='ltr'><strong>καί</strong></span> <span class='ocrx_word' id='word_1_503' title='bbox 1464 4299 1726 4372; x_wconf 82' lang='grc' dir='ltr'><strong>ὁμοίωσιν⁶</strong></span> 
     </span>
    </p>
   </div>
   <div class='ocr_carea' id='block_1_63' title="bbox 157 4375 1728 4464">
    <p class='ocr_par' dir='ltr' id='par_1_63' title="bbox 157 4375 1728 4464">
     <span class='ocr_line' id='line_1_63' title="bbox 157 4375 1728 4464; baseline 0.015 -41"><span class='ocrx_word' id='word_1_504' title='bbox 157 4375 382 4432; x_wconf 77' lang='grc' dir='ltr'><strong>καὶλαϐὡν</strong></span> <span class='ocrx_word' id='word_1_505' title='bbox 404 4387 547 4452; x_wconf 87' lang='grc' dir='ltr'><strong>χοῦν</strong></span> <span class='ocrx_word' id='word_1_506' title='bbox 569 4383 671 4436; x_wconf 83' lang='grc' dir='ltr'><strong>άπὸ</strong></span> <span class='ocrx_word' id='word_1_507' title='bbox 685 4390 777 4444; x_wconf 79' lang='grc' dir='ltr'><strong>τῆς</strong></span> <span class='ocrx_word' id='word_1_508' title='bbox 792 4391 887 4456; x_wconf 78' lang='grc' dir='ltr'><strong>γῆς</strong></span> <span class='ocrx_word' id='word_1_509' title='bbox 910 4393 1030 4447; x_wconf 85' lang='grc' dir='ltr'><strong>ταῖς</strong></span> <span class='ocrx_word' id='word_1_510' title='bbox 1047 4383 1202 4448; x_wconf 84' lang='grc' dir='ltr'><strong>ἰδίαις</strong></span> <span class='ocrx_word' id='word_1_511' title='bbox 1224 4394 1413 4464; x_wconf 85' lang='grc' dir='ltr'><strong>χερσίν</strong></span> <span class='ocrx_word' id='word_1_512' title='bbox 1431 4390 1621 4448; x_wconf 74' lang='grc' dir='ltr'><strong>ἔπλασε</strong></span> <span class='ocrx_word' id='word_1_513' title='bbox 1643 4394 1728 4450; x_wconf 80' lang='grc' dir='ltr'><strong>τὸν</strong></span> 
     </span>
    </p>
   </div>
   <div class='ocr_carea' id='block_1_64' title="bbox 1854 1899 3446 1990">
    <p class='ocr_par' dir='ltr' id='par_1_64' title="bbox 1854 1899 3446 1990">
     <span class='ocr_line' id='line_1_64' title="bbox 1854 1899 3446 1990; baseline 0.017 -39"><span class='ocrx_word' id='word_1_514' title='bbox 1854 1899 2033 1969; x_wconf 78' lang='lat' dir='ltr'><strong>ginem</strong></span> <span class='ocrx_word' id='word_1_515' title='bbox 2065 1909 2120 1955; x_wconf 88' lang='lat' dir='ltr'><strong>et</strong></span> <span class='ocrx_word' id='word_1_516' title='bbox 2168 1902 2571 1964; x_wconf 85' lang='lat' dir='ltr'><strong>similitudinem</strong></span> <span class='ocrx_word' id='word_1_517' title='bbox 2603 1911 2697 1967; x_wconf 89' lang='lat' dir='ltr'><strong>Dei</strong></span> <span class='ocrx_word' id='word_1_518' title='bbox 2737 1912 2808 1966; x_wconf 91' lang='lat' dir='ltr'><strong>sit</strong></span> <span class='ocrx_word' id='word_1_519' title='bbox 2847 1912 3039 1982; x_wconf 84' lang='lat' dir='ltr'><strong>factus,</strong></span> <span class='ocrx_word' id='word_1_520' title='bbox 3089 1918 3446 1990; x_wconf 80' lang='lat' dir='ltr'><strong>dignatusque</strong></span> 
     </span>
    </p>
   </div>
   <div class='ocr_carea' id='block_1_65' title="bbox 1849 1995 3445 2080">
    <p class='ocr_par' dir='ltr' id='par_1_65' title="bbox 1849 1995 3445 2080">
     <span class='ocr_line' id='line_1_65' title="bbox 1849 1995 3445 2080; baseline 0.013 -31"><span class='ocrx_word' id='word_1_521' title='bbox 1849 1995 2204 2066; x_wconf 86' lang='lat' dir='ltr'><strong>inspiratione</strong></span> <span class='ocrx_word' id='word_1_522' title='bbox 2224 2003 2402 2060; x_wconf 87' lang='lat' dir='ltr'><strong>divina</strong></span> <span class='ocrx_word' id='word_1_523' title='bbox 2427 2023 2442 2071; x_wconf 89' lang='lat'><strong>;</strong></span> <span class='ocrx_word' id='word_1_524' title='bbox 2471 2006 2597 2061; x_wconf 88' lang='lat' dir='ltr'><strong>inde</strong></span> <span class='ocrx_word' id='word_1_525' title='bbox 2625 2011 2969 2080; x_wconf 89' lang='lat' dir='ltr'><strong>perspicuum</strong></span> <span class='ocrx_word' id='word_1_526' title='bbox 2996 2022 3097 2078; x_wconf 89' lang='lat' dir='ltr'><strong>est,</strong></span> <span class='ocrx_word' id='word_1_527' title='bbox 3133 2029 3239 2069; x_wconf 91' lang='lat' dir='ltr'><strong>non</strong></span> <span class='ocrx_word' id='word_1_528' title='bbox 3270 2017 3445 2072; x_wconf 85' lang='lat' dir='ltr'><strong>solum</strong></span> 
     </span>
    </p>
   </div>
   <div class='ocr_carea' id='block_1_66' title="bbox 1849 2087 3434 2170">
    <p class='ocr_par' dir='ltr' id='par_1_66' title="bbox 1849 2087 3434 2170">
     <span class='ocr_line' id='line_1_66' title="bbox 1849 2087 3434 2170; baseline 0.014 -30"><span class='ocrx_word' id='word_1_529' title='bbox 1849 2087 2241 2159; x_wconf 84' lang='lat' dir='ltr'><strong>intelligentem</strong></span> <span class='ocrx_word' id='word_1_530' title='bbox 2274 2104 2328 2150; x_wconf 89' lang='lat' dir='ltr'><strong>et</strong></span> <span class='ocrx_word' id='word_1_531' title='bbox 2357 2097 2677 2154; x_wconf 86' lang='lat' dir='ltr'><strong>rationalem</strong></span> <span class='ocrx_word' id='word_1_532' title='bbox 2706 2102 2963 2170; x_wconf 87' lang='lat' dir='ltr'><strong>animam,</strong></span> <span class='ocrx_word' id='word_1_533' title='bbox 3014 2105 3109 2160; x_wconf 91' lang='lat' dir='ltr'><strong>sed</strong></span> <span class='ocrx_word' id='word_1_534' title='bbox 3135 2106 3300 2160; x_wconf 91' lang='lat' dir='ltr'><strong>etiam</strong></span> <span class='ocrx_word' id='word_1_535' title='bbox 3329 2109 3434 2162; x_wconf 88' lang='lat' dir='ltr'><strong>im-</strong></span> 
     </span>
    </p>
   </div>
   <div class='ocr_carea' id='block_1_67' title="bbox 1846 2182 3442 2266">
    <p class='ocr_par' dir='ltr' id='par_1_67' title="bbox 1846 2182 3442 2266">
     <span class='ocr_line' id='line_1_67' title="bbox 1846 2182 3442 2266; baseline 0.014 -34"><span class='ocrx_word' id='word_1_536' title='bbox 1846 2182 2130 2238; x_wconf 87' lang='lat' dir='ltr'><strong>mortalem</strong></span> <span class='ocrx_word' id='word_1_537' title='bbox 2159 2199 2279 2241; x_wconf 90' lang='lat' dir='ltr'><strong>esse</strong></span> <span class='ocrx_word' id='word_1_538' title='bbox 2309 2199 2551 2244; x_wconf 84' lang='lat' dir='ltr'><strong>creatam</strong></span> <span class='ocrx_word' id='word_1_539' title='bbox 2578 2207 2592 2256; x_wconf 92' lang='lat'><strong>;</strong></span> <span class='ocrx_word' id='word_1_540' title='bbox 2627 2198 2690 2245; x_wconf 92' lang='lat' dir='ltr'><strong>ut</strong></span> <span class='ocrx_word' id='word_1_541' title='bbox 2719 2194 2966 2251; x_wconf 87' lang='lat' dir='ltr'><strong>omnibus</strong></span> <span class='ocrx_word' id='word_1_542' title='bbox 2995 2195 3060 2251; x_wconf 91' lang='lat' dir='ltr'><strong>iis</strong></span> <span class='ocrx_word' id='word_1_543' title='bbox 3079 2211 3198 2266; x_wconf 71' lang='lat' dir='ltr'><strong>qua:</strong></span> <span class='ocrx_word' id='word_1_544' title='bbox 3220 2199 3274 2252; x_wconf 92' lang='lat' dir='ltr'><strong>in</strong></span> <span class='ocrx_word' id='word_1_545' title='bbox 3300 2206 3442 2254; x_wconf 91' lang='lat' dir='ltr'><strong>terra</strong></span> 
     </span>
    </p>
   </div>
   <div class='ocr_carea' id='block_1_68' title="bbox 1846 2271 3442 2358">
    <p class='ocr_par' dir='ltr' id='par_1_68' title="bbox 1846 2271 3442 2358">
     <span class='ocr_line' id='line_1_68' title="bbox 1846 2271 3442 2358; baseline 0.013 -34"><span class='ocrx_word' id='word_1_546' title='bbox 1846 2271 1988 2327; x_wconf 83' lang='lat' dir='ltr'><strong>facta</strong></span> <span class='ocrx_word' id='word_1_547' title='bbox 2017 2282 2144 2329; x_wconf 86' lang='lat' dir='ltr'><strong>sunt</strong></span> <span class='ocrx_word' id='word_1_548' title='bbox 2173 2276 2485 2348; x_wconf 86' lang='lat' dir='ltr'><strong>imperaret.</strong></span> <span class='ocrx_word' id='word_1_549' title='bbox 2515 2279 2630 2337; x_wconf 83' lang='lat' dir='ltr'><strong>Hoc</strong></span> <span class='ocrx_word' id='word_1_550' title='bbox 2657 2290 2742 2339; x_wconf 91' lang='lat' dir='ltr'><strong>est</strong></span> <span class='ocrx_word' id='word_1_551' title='bbox 2767 2285 2909 2339; x_wconf 86' lang='lat' dir='ltr'><strong>enim</strong></span> <span class='ocrx_word' id='word_1_552' title='bbox 2939 2285 3086 2356; x_wconf 88' lang='lat' dir='ltr'><strong>quod</strong></span> <span class='ocrx_word' id='word_1_553' title='bbox 3109 2303 3139 2342; x_wconf 90' lang='lat' dir='ltr'><strong>a</strong></span> <span class='ocrx_word' id='word_1_554' title='bbox 3164 2287 3442 2358; x_wconf 82' lang='lat' dir='ltr'><strong>Theologo</strong></span> 
     </span>
    </p>
   </div>
   <div class='ocr_carea' id='block_1_69' title="bbox 1846 2359 3439 2442">
    <p class='ocr_par' dir='ltr' id='par_1_69' title="bbox 1846 2359 3439 2442">
     <span class='ocr_line' id='line_1_69' title="bbox 1846 2359 3439 2442; baseline 0.013 -27"><span class='ocrx_word' id='word_1_555' title='bbox 1846 2359 2112 2430; x_wconf 84' lang='lat' dir='ltr'><strong>Gregorio</strong></span> <span class='ocrx_word' id='word_1_556' title='bbox 2141 2364 2208 2420; x_wconf 89' lang='lat' dir='ltr'><strong>de</strong></span> <span class='ocrx_word' id='word_1_557' title='bbox 2249 2367 2429 2422; x_wconf 89' lang='lat' dir='ltr'><strong>anima</strong></span> <span class='ocrx_word' id='word_1_558' title='bbox 2468 2368 2672 2426; x_wconf 89' lang='lat' dir='ltr'><strong>dictum</strong></span> <span class='ocrx_word' id='word_1_559' title='bbox 2705 2380 2805 2440; x_wconf 87' lang='lat' dir='ltr'><strong>est,</strong></span> <span class='ocrx_word' id='word_1_560' title='bbox 2859 2389 2890 2428; x_wconf 88' lang='lat' dir='ltr'><strong>a</strong></span> <span class='ocrx_word' id='word_1_561' title='bbox 2919 2373 3032 2431; x_wconf 92' lang='lat' dir='ltr'><strong>Deo</strong></span> <span class='ocrx_word' id='word_1_562' title='bbox 3063 2391 3202 2442; x_wconf 91' lang='lat' dir='ltr'><strong>esse,</strong></span> <span class='ocrx_word' id='word_1_563' title='bbox 3235 2385 3291 2432; x_wconf 89' lang='lat' dir='ltr'><strong>et</strong></span> <span class='ocrx_word' id='word_1_564' title='bbox 3313 2378 3439 2436; x_wconf 85' lang='lat' dir='ltr'><strong>divi-</strong></span> 
     </span>
    </p>
   </div>
   <div class='ocr_carea' id='block_1_70' title="bbox 1847 2462 3438 2540">
    <p class='ocr_par' dir='ltr' id='par_1_70' title="bbox 1847 2462 3438 2540">
     <span class='ocr_line' id='line_1_70' title="bbox 1847 2462 3438 2540; baseline 0.012 -33"><span class='ocrx_word' id='word_1_565' title='bbox 1847 2469 1991 2522; x_wconf 85' lang='lat' dir='ltr'><strong>nam,</strong></span> <span class='ocrx_word' id='word_1_566' title='bbox 2043 2470 2108 2510; x_wconf 88' lang='lat' dir='ltr'><strong>ac</strong></span> <span class='ocrx_word' id='word_1_567' title='bbox 2145 2473 2394 2530; x_wconf 70' lang='lat' dir='ltr'><strong>superna:</strong></span> <span class='ocrx_word' id='word_1_568' title='bbox 2438 2462 2735 2520; x_wconf 86' lang='lat' dir='ltr'><strong>nobilitatis</strong></span> <span class='ocrx_word' id='word_1_569' title='bbox 2782 2466 3099 2537; x_wconf 87' lang='lat' dir='ltr'><strong>participem</strong></span> <span class='ocrx_word' id='word_1_570' title='bbox 3137 2486 3151 2522; x_wconf 89' lang='lat'><strong>:</strong></span> <span class='ocrx_word' id='word_1_571' title='bbox 3199 2484 3332 2540; x_wconf 92' lang='lat' dir='ltr'><strong>non,</strong></span> <span class='ocrx_word' id='word_1_572' title='bbox 3381 2480 3438 2526; x_wconf 91' lang='lat' dir='ltr'><strong>ut</strong></span> 
     </span>
    </p>
   </div>
   <div class='ocr_carea' id='block_1_71' title="bbox 1847 2549 3436 2623">
    <p class='ocr_par' dir='ltr' id='par_1_71' title="bbox 1847 2549 3436 2623">
     <span class='ocr_line' id='line_1_71' title="bbox 1847 2549 3436 2623; baseline 0.01 -20"><span class='ocrx_word' id='word_1_573' title='bbox 1847 2549 2093 2605; x_wconf 87' lang='lat' dir='ltr'><strong>nonnulli</strong></span> <span class='ocrx_word' id='word_1_574' title='bbox 2123 2561 2408 2611; x_wconf 90' lang='lat' dir='ltr'><strong>autumant</strong></span> <span class='ocrx_word' id='word_1_575' title='bbox 2430 2570 2496 2611; x_wconf 87' lang='lat' dir='ltr'><strong>ac</strong></span> <span class='ocrx_word' id='word_1_576' title='bbox 2522 2556 2726 2623; x_wconf 89' lang='lat' dir='ltr'><strong>dicunt,</strong></span> <span class='ocrx_word' id='word_1_577' title='bbox 2758 2558 2951 2614; x_wconf 66' lang='lat' dir='ltr'><strong>divina:</strong></span> <span class='ocrx_word' id='word_1_578' title='bbox 2973 2561 3289 2618; x_wconf 73' lang='lat' dir='ltr'><strong>substantia:</strong></span> <span class='ocrx_word' id='word_1_579' title='bbox 3314 2563 3436 2619; x_wconf 89' lang='lat' dir='ltr'><strong>ani-</strong></span> 
     </span>
    </p>
   </div>
   <div class='ocr_carea' id='block_1_72' title="bbox 1843 2647 3434 2724">
    <p class='ocr_par' dir='ltr' id='par_1_72' title="bbox 1843 2647 3434 2724">
     <span class='ocr_line' id='line_1_72' title="bbox 1843 2647 3434 2724; baseline 0.009 -28"><span class='ocrx_word' id='word_1_580' title='bbox 1843 2657 1988 2698; x_wconf 89' lang='lat' dir='ltr'><strong>mam</strong></span> <span class='ocrx_word' id='word_1_581' title='bbox 2014 2658 2134 2701; x_wconf 82' lang='lat' dir='ltr'><strong>esse</strong></span> <span class='ocrx_word' id='word_1_582' title='bbox 2161 2663 2173 2699; x_wconf 93' lang='lat'>:</span> <span class='ocrx_word' id='word_1_583' title='bbox 2203 2647 2298 2724; x_wconf 79' lang='lat' dir='ltr'><strong>sed</strong></span> <span class='ocrx_word' id='word_1_584' title='bbox 2327 2655 2389 2702; x_wconf 90' lang='lat' dir='ltr'><strong>ut</strong></span> <span class='ocrx_word' id='word_1_585' title='bbox 2415 2649 2772 2720; x_wconf 84' lang='lat' dir='ltr'><strong>inspiratione</strong></span> <span class='ocrx_word' id='word_1_586' title='bbox 2801 2651 2899 2707; x_wconf 91' lang='lat' dir='ltr'><strong>Dei</strong></span> <span class='ocrx_word' id='word_1_587' title='bbox 2927 2650 3145 2721; x_wconf 81' lang='lat' dir='ltr'><strong>factam,</strong></span> <span class='ocrx_word' id='word_1_588' title='bbox 3178 2655 3434 2724; x_wconf 76' lang='lat' dir='ltr'><strong>gratiaru-</strong></span> 
     </span>
    </p>
   </div>
   <div class='ocr_carea' id='block_1_73' title="bbox 1841 2721 3432 2813">
    <p class='ocr_par' dir='ltr' id='par_1_73' title="bbox 1841 2721 3432 2813">
     <span class='ocr_line' id='line_1_73' title="bbox 1841 2721 3432 2813; baseline 0.009 -25"><span class='ocrx_word' id='word_1_589' title='bbox 1841 2748 1948 2803; x_wconf 90' lang='lat' dir='ltr'><strong>que</strong></span> <span class='ocrx_word' id='word_1_590' title='bbox 1975 2745 2190 2791; x_wconf 88' lang='lat' dir='ltr'><strong>nactam</strong></span> <span class='ocrx_word' id='word_1_591' title='bbox 2219 2721 2286 2793; x_wconf 73' lang='lat' dir='ltr'><strong>ali</strong></span> <span class='ocrx_word' id='word_1_592' title='bbox 2315 2755 2404 2804; x_wconf 90' lang='lat' dir='ltr'><strong>eo,</strong></span> <span class='ocrx_word' id='word_1_593' title='bbox 2437 2748 2497 2794; x_wconf 88' lang='lat' dir='ltr'><strong>ut</strong></span> <span class='ocrx_word' id='word_1_594' title='bbox 2525 2741 2830 2812; x_wconf 79' lang='lat' dir='ltr'><strong>intelligens</strong></span> <span class='ocrx_word' id='word_1_595' title='bbox 2852 2750 3016 2813; x_wconf 85' lang='lat' dir='ltr'><strong>esset,</strong></span> <span class='ocrx_word' id='word_1_596' title='bbox 3046 2751 3102 2800; x_wconf 92' lang='lat' dir='ltr'><strong>et</strong></span> <span class='ocrx_word' id='word_1_597' title='bbox 3128 2721 3432 2809; x_wconf 74' lang='lat' dir='ltr'><strong>rationalis.</strong></span> 
     </span>
    </p>
   </div>
   <div class='ocr_carea' id='block_1_74' title="bbox 1842 2825 3432 2905">
    <p class='ocr_par' dir='ltr' id='par_1_74' title="bbox 1842 2825 3432 2905">
     <span class='ocr_line' id='line_1_74' title="bbox 1842 2825 3432 2905; baseline 0.008 -25"><span class='ocrx_word' id='word_1_598' title='bbox 1842 2831 1899 2880; x_wconf 88' lang='lat' dir='ltr'><strong>et</strong></span> <span class='ocrx_word' id='word_1_599' title='bbox 1925 2825 2264 2895; x_wconf 87' lang='lat' dir='ltr'><strong>immortalis,</strong></span> <span class='ocrx_word' id='word_1_600' title='bbox 2295 2845 2398 2885; x_wconf 90' lang='lat' dir='ltr'><strong>nee</strong></span> <span class='ocrx_word' id='word_1_601' title='bbox 2425 2847 2532 2886; x_wconf 89' lang='lat' dir='ltr'><strong>una</strong></span> <span class='ocrx_word' id='word_1_602' title='bbox 2553 2847 2676 2887; x_wconf 91' lang='lat' dir='ltr'><strong>cum</strong></span> <span class='ocrx_word' id='word_1_603' title='bbox 2707 2848 2940 2905; x_wconf 88' lang='lat' dir='ltr'><strong>corpore</strong></span> <span class='ocrx_word' id='word_1_604' title='bbox 2981 2843 3308 2902; x_wconf 88' lang='lat' dir='ltr'><strong>moreretur,</strong></span> <span class='ocrx_word' id='word_1_605' title='bbox 3353 2837 3432 2893; x_wconf 90' lang='lat' dir='ltr'><strong>si-</strong></span> 
     </span>
    </p>
   </div>
   <div class='ocr_carea' id='block_1_75' title="bbox 1843 2919 3432 3000">
    <p class='ocr_par' dir='ltr' id='par_1_75' title="bbox 1843 2919 3432 3000">
     <span class='ocr_line' id='line_1_75' title="bbox 1843 2919 3432 3000; baseline 0.007 -26"><span class='ocrx_word' id='word_1_606' title='bbox 1843 2927 1938 2974; x_wconf 90' lang='lat' dir='ltr'><strong>cut</strong></span> <span class='ocrx_word' id='word_1_607' title='bbox 1965 2919 2356 2976; x_wconf 87' lang='lat' dir='ltr'><strong>irrationabilia</strong></span> <span class='ocrx_word' id='word_1_608' title='bbox 2385 2924 2660 2990; x_wconf 87' lang='lat' dir='ltr'><strong>animalia,</strong></span> <span class='ocrx_word' id='word_1_609' title='bbox 2712 2927 2807 2981; x_wconf 88' lang='lat' dir='ltr'><strong>sed</strong></span> <span class='ocrx_word' id='word_1_610' title='bbox 2847 2943 2948 2996; x_wconf 88' lang='lat' dir='ltr'><strong>per</strong></span> <span class='ocrx_word' id='word_1_611' title='bbox 2992 2929 3223 2996; x_wconf 77' lang='lat' dir='ltr'><strong>gratiam</strong></span> <span class='ocrx_word' id='word_1_612' title='bbox 3269 2930 3432 3000; x_wconf 72' lang='lat' dir='ltr'><strong>parti~</strong></span> 
     </span>
    </p>
   </div>
   <div class='ocr_carea' id='block_1_76' title="bbox 1844 3015 3431 3083">
    <p class='ocr_par' dir='ltr' id='par_1_76' title="bbox 1844 3015 3431 3083">
     <span class='ocr_line' id='line_1_76' title="bbox 1844 3015 3431 3083; baseline 0.007 -18"><span class='ocrx_word' id='word_1_613' title='bbox 1844 3025 1975 3080; x_wconf 87' lang='lat' dir='ltr'><strong>ceps</strong></span> <span class='ocrx_word' id='word_1_614' title='bbox 2001 3018 2142 3066; x_wconf 87' lang='lat' dir='ltr'><strong>esset</strong></span> <span class='ocrx_word' id='word_1_615' title='bbox 2173 3026 2419 3082; x_wconf 72' lang='lat' dir='ltr'><strong>superna:</strong></span> <span class='ocrx_word' id='word_1_616' title='bbox 2449 3015 2766 3083; x_wconf 88' lang='lat' dir='ltr'><strong>nobilitatis,</strong></span> <span class='ocrx_word' id='word_1_617' title='bbox 2796 3017 2852 3072; x_wconf 90' lang='lat' dir='ltr'><strong>id</strong></span> <span class='ocrx_word' id='word_1_618' title='bbox 2879 3026 2962 3072; x_wconf 90' lang='lat' dir='ltr'><strong>est</strong></span> <span class='ocrx_word' id='word_1_619' title='bbox 2990 3019 3431 3076; x_wconf 85' lang='lat' dir='ltr'><strong>immortalitatis.</strong></span> 
     </span>
    </p>
   </div>
   <div class='ocr_carea' id='block_1_77' title="bbox 1846 3100 3430 3176">
    <p class='ocr_par' dir='ltr' id='par_1_77' title="bbox 1846 3100 3430 3176">
     <span class='ocr_line' id='line_1_77' title="bbox 1846 3100 3430 3176; baseline 0.004 -21"><span class='ocrx_word' id='word_1_620' title='bbox 1846 3100 1941 3157; x_wconf 85' lang='lat' dir='ltr'><strong>llis</strong></span> <span class='ocrx_word' id='word_1_621' title='bbox 1971 3103 2339 3160; x_wconf 87' lang='lat' dir='ltr'><strong>testimonium</strong></span> <span class='ocrx_word' id='word_1_622' title='bbox 2367 3105 2617 3176; x_wconf 89' lang='lat' dir='ltr'><strong>perhibet</strong></span> <span class='ocrx_word' id='word_1_623' title='bbox 2643 3115 2863 3164; x_wconf 90' lang='lat' dir='ltr'><strong>sanctus</strong></span> <span class='ocrx_word' id='word_1_624' title='bbox 2887 3105 3125 3164; x_wconf 88' lang='lat' dir='ltr'><strong>Joannes</strong></span> <span class='ocrx_word' id='word_1_625' title='bbox 3159 3108 3430 3165; x_wconf 82' lang='lat' dir='ltr'><strong>Constan-</strong></span> 
     </span>
    </p>
   </div>
   <div class='ocr_carea' id='block_1_78' title="bbox 1766 3178 3430 3267">
    <p class='ocr_par' dir='ltr' id='par_1_78' title="bbox 1766 3178 3430 3267">
     <span class='ocr_line' id='line_1_78' title="bbox 1766 3178 3430 3267; baseline 0.005 -20"><span class='ocrx_word' id='word_1_626' title='bbox 1766 3178 1811 3240; x_wconf 83' lang='lat' dir='ltr'>C</span> <span class='ocrx_word' id='word_1_627' title='bbox 1844 3193 2150 3266; x_wconf 90' lang='lat' dir='ltr'><strong>tinopoleos</strong></span> <span class='ocrx_word' id='word_1_628' title='bbox 2179 3197 2484 3267; x_wconf 89' lang='lat' dir='ltr'><strong>patriarcha</strong></span> <span class='ocrx_word' id='word_1_629' title='bbox 2513 3199 2567 3254; x_wconf 92' lang='lat' dir='ltr'><strong>in</strong></span> <span class='ocrx_word' id='word_1_630' title='bbox 2597 3199 2882 3256; x_wconf 91' lang='lat' dir='ltr'><strong>undecimo</strong></span> <span class='ocrx_word' id='word_1_631' title='bbox 2910 3214 3162 3256; x_wconf 88' lang='lat' dir='ltr'><strong>sermone</strong></span> <span class='ocrx_word' id='word_1_632' title='bbox 3189 3201 3243 3256; x_wconf 91' lang='lat' dir='ltr'><strong>in</strong></span> <span class='ocrx_word' id='word_1_633' title='bbox 3273 3215 3430 3256; x_wconf 87' lang='lat' dir='ltr'><strong>erea-</strong></span> 
     </span>
    </p>
   </div>
   <div class='ocr_carea' id='block_1_79' title="bbox 1842 3286 3430 3363">
    <p class='ocr_par' dir='ltr' id='par_1_79' title="bbox 1842 3286 3430 3363">
     <span class='ocr_line' id='line_1_79' title="bbox 1842 3286 3430 3363; baseline 0.004 -23"><span class='ocrx_word' id='word_1_634' title='bbox 1842 3286 2044 3343; x_wconf 88' lang='lat' dir='ltr'><strong>tionem</strong></span> <span class='ocrx_word' id='word_1_635' title='bbox 2072 3305 2088 3355; x_wconf 86' lang='lat'><strong>;</strong></span> <span class='ocrx_word' id='word_1_636' title='bbox 2126 3290 2204 3345; x_wconf 90' lang='lat' dir='ltr'><strong>sic</strong></span> <span class='ocrx_word' id='word_1_637' title='bbox 2227 3289 2369 3345; x_wconf 87' lang='lat' dir='ltr'><strong>enim</strong></span> <span class='ocrx_word' id='word_1_638' title='bbox 2397 3291 2474 3346; x_wconf 93' lang='lat' dir='ltr'><strong>ait</strong></span> <span class='ocrx_word' id='word_1_639' title='bbox 2501 3291 2519 3362; x_wconf 94' lang='lat'>(</span> <span class='ocrx_word' id='word_1_640' title='bbox 2546 3289 2744 3346; x_wconf 85' lang='lat' dir='ltr'><strong>Homil.</strong></span> <span class='ocrx_word' id='word_1_641' title='bbox 2777 3308 2870 3348; x_wconf 82' lang='lat' dir='ltr'><strong>xm</strong></span> <span class='ocrx_word' id='word_1_642' title='bbox 2898 3293 2954 3347; x_wconf 89' lang='lat' dir='ltr'><strong>in</strong></span> <span class='ocrx_word' id='word_1_643' title='bbox 2985 3291 3115 3348; x_wconf 87' lang='lat' dir='ltr'><strong>Gen.</strong></span> <span class='ocrx_word' id='word_1_644' title='bbox 3145 3292 3224 3363; x_wconf 85' lang='grc' dir='ltr'><strong>ιι)</strong></span> <span class='ocrx_word' id='word_1_645' title='bbox 3259 3310 3272 3347; x_wconf 89' lang='lat'>:</span> <span class='ocrx_word' id='word_1_646' title='bbox 3312 3311 3332 3345; x_wconf 86' lang='grc' dir='ltr'><strong>ι</strong></span> <span class='ocrx_word' id='word_1_647' title='bbox 3359 3292 3430 3347; x_wconf 85' lang='lat' dir='ltr'><strong>Et</strong></span> 
     </span>
    </p>
   </div>
   <div class='ocr_carea' id='block_1_80' title="bbox 1835 3379 3430 3455">
    <p class='ocr_par' dir='ltr' id='par_1_80' title="bbox 1835 3379 3430 3455">
     <span class='ocr_line' id='line_1_80' title="bbox 1835 3379 3430 3455; baseline 0.004 -23"><span class='ocrx_word' id='word_1_648' title='bbox 1835 3379 2144 3451; x_wconf 72' lang='lat' dir='ltr'><strong>insufﬂauit,</strong></span> <span class='ocrx_word' id='word_1_649' title='bbox 2171 3380 2362 3450; x_wconf 87' lang='lat' dir='ltr'><strong>inquit,</strong></span> <span class='ocrx_word' id='word_1_650' title='bbox 2394 3383 2449 3436; x_wconf 91' lang='lat' dir='ltr'><strong>in</strong></span> <span class='ocrx_word' id='word_1_651' title='bbox 2480 3384 2667 3454; x_wconf 78' lang='lat' dir='ltr'><strong>faciem</strong></span> <span class='ocrx_word' id='word_1_652' title='bbox 2698 3383 2808 3455; x_wconf 89' lang='lat' dir='ltr'><strong>ejus</strong></span> <span class='ocrx_word' id='word_1_653' title='bbox 2836 3385 3074 3454; x_wconf 75' lang='lat' dir='ltr'><strong>spiritum</strong></span> <span class='ocrx_word' id='word_1_654' title='bbox 3094 3385 3232 3450; x_wconf 65' lang='lat' dir='ltr'><strong>vitaz,</strong></span> <span class='ocrx_word' id='word_1_655' title='bbox 3254 3392 3303 3439; x_wconf 83' lang='lat' dir='ltr'><strong>et</strong></span> <span class='ocrx_word' id='word_1_656' title='bbox 3333 3385 3430 3454; x_wconf 79' lang='lat' dir='ltr'><strong>fuit</strong></span> 
     </span>
    </p>
   </div>
   <div class='ocr_carea' id='block_1_81' title="bbox 1838 3471 3430 3550">
    <p class='ocr_par' dir='ltr' id='par_1_81' title="bbox 1838 3471 3430 3550">
     <span class='ocr_line' id='line_1_81' title="bbox 1838 3471 3430 3550; baseline 0.006 -25"><span class='ocrx_word' id='word_1_657' title='bbox 1838 3471 1992 3526; x_wconf 85' lang='lat' dir='ltr'><strong>homo</strong></span> <span class='ocrx_word' id='word_1_658' title='bbox 2034 3474 2087 3527; x_wconf 88' lang='lat' dir='ltr'><strong>in</strong></span> <span class='ocrx_word' id='word_1_659' title='bbox 2115 3474 2347 3528; x_wconf 88' lang='lat' dir='ltr'><strong>animam</strong></span> <span class='ocrx_word' id='word_1_660' title='bbox 2372 3475 2640 3531; x_wconf 81' lang='lat' dir='ltr'><strong>viventem.</strong></span> <span class='ocrx_word' id='word_1_661' title='bbox 2671 3475 2770 3533; x_wconf 83' lang='lat' dir='ltr'><strong>llic</strong></span> <span class='ocrx_word' id='word_1_662' title='bbox 2796 3477 3041 3533; x_wconf 88' lang='lat' dir='ltr'><strong>nonnulli</strong></span> <span class='ocrx_word' id='word_1_663' title='bbox 3065 3477 3301 3550; x_wconf 90' lang='lat' dir='ltr'><strong>imperiti</strong></span> <span class='ocrx_word' id='word_1_664' title='bbox 3329 3477 3430 3534; x_wconf 82' lang='lat' dir='ltr'><strong>ho-</strong></span> 
     </span>
    </p>
   </div>
   <div class='ocr_carea' id='block_1_82' title="bbox 1834 3561 3427 3638">
    <p class='ocr_par' dir='ltr' id='par_1_82' title="bbox 1834 3561 3427 3638">
     <span class='ocr_line' id='line_1_82' title="bbox 1834 3561 3427 3638; baseline 0.005 -22"><span class='ocrx_word' id='word_1_665' title='bbox 1834 3561 2030 3628; x_wconf 73' lang='lat' dir='ltr'><strong>mines,</strong></span> <span class='ocrx_word' id='word_1_666' title='bbox 2081 3565 2317 3636; x_wconf 88' lang='lat' dir='ltr'><strong>propriis</strong></span> <span class='ocrx_word' id='word_1_667' title='bbox 2367 3567 2787 3636; x_wconf 84' lang='lat' dir='ltr'><strong>cogitationibus</strong></span> <span class='ocrx_word' id='word_1_668' title='bbox 2828 3569 2993 3638; x_wconf 90' lang='lat' dir='ltr'><strong>moti,</strong></span> <span class='ocrx_word' id='word_1_669' title='bbox 3043 3584 3109 3624; x_wconf 89' lang='lat' dir='ltr'><strong>ac</strong></span> <span class='ocrx_word' id='word_1_670' title='bbox 3151 3569 3284 3624; x_wconf 87' lang='lat' dir='ltr'><strong>nihil</strong></span> <span class='ocrx_word' id='word_1_671' title='bbox 3313 3569 3427 3624; x_wconf 92' lang='lat' dir='ltr'><strong>Deo</strong></span> 
     </span>
    </p>
   </div>
   <div class='ocr_carea' id='block_1_83' title="bbox 1836 3654 3426 3728">
    <p class='ocr_par' dir='ltr' id='par_1_83' title="bbox 1836 3654 3426 3728">
     <span class='ocr_line' id='line_1_83' title="bbox 1836 3654 3426 3728; baseline 0.004 -19"><span class='ocrx_word' id='word_1_672' title='bbox 1836 3654 2038 3712; x_wconf 88' lang='lat' dir='ltr'><strong>decens</strong></span> <span class='ocrx_word' id='word_1_673' title='bbox 2090 3657 2145 3711; x_wconf 91' lang='lat' dir='ltr'><strong>in</strong></span> <span class='ocrx_word' id='word_1_674' title='bbox 2191 3665 2376 3714; x_wconf 87' lang='lat' dir='ltr'><strong>mente</strong></span> <span class='ocrx_word' id='word_1_675' title='bbox 2416 3659 2704 3728; x_wconf 89' lang='lat' dir='ltr'><strong>habentes,</strong></span> <span class='ocrx_word' id='word_1_676' title='bbox 2765 3675 2868 3717; x_wconf 91' lang='lat' dir='ltr'><strong>nec</strong></span> <span class='ocrx_word' id='word_1_677' title='bbox 2912 3661 3426 3718; x_wconf 88' lang='lat' dir='ltr'><strong>condescensionem</strong></span> 
     </span>
    </p>
   </div>
   <div class='ocr_carea' id='block_1_84' title="bbox 1833 3747 3426 3820">
    <p class='ocr_par' dir='ltr' id='par_1_84' title="bbox 1833 3747 3426 3820">
     <span class='ocr_line' id='line_1_84' title="bbox 1833 3747 3426 3820; baseline 0.004 -18"><span class='ocrx_word' id='word_1_678' title='bbox 1833 3747 2124 3804; x_wconf 81' lang='lat' dir='ltr'><strong>verborum</strong></span> <span class='ocrx_word' id='word_1_679' title='bbox 2147 3757 2480 3820; x_wconf 87' lang='lat' dir='ltr'><strong>reputantes,</strong></span> <span class='ocrx_word' id='word_1_680' title='bbox 2513 3751 2693 3808; x_wconf 84' lang='lat' dir='ltr'><strong>dicere</strong></span> <span class='ocrx_word' id='word_1_681' title='bbox 2720 3753 2924 3808; x_wconf 89' lang='lat' dir='ltr'><strong>audent</strong></span> <span class='ocrx_word' id='word_1_682' title='bbox 2951 3769 2982 3808; x_wconf 91' lang='lat' dir='ltr'><strong>e</strong></span> <span class='ocrx_word' id='word_1_683' title='bbox 3002 3753 3098 3809; x_wconf 92' lang='lat' dir='ltr'><strong>Dei</strong></span> <span class='ocrx_word' id='word_1_684' title='bbox 3125 3749 3426 3810; x_wconf 86' lang='lat' dir='ltr'><strong>substantia</strong></span> 
     </span>
    </p>
   </div>
   <div class='ocr_carea' id='block_1_85' title="bbox 1834 3842 3425 3921">
    <p class='ocr_par' dir='ltr' id='par_1_85' title="bbox 1834 3842 3425 3921">
     <span class='ocr_line' id='line_1_85' title="bbox 1834 3842 3425 3921; baseline 0.004 -22"><span class='ocrx_word' id='word_1_685' title='bbox 1834 3857 1955 3899; x_wconf 87' lang='lat' dir='ltr'><strong>esse</strong></span> <span class='ocrx_word' id='word_1_686' title='bbox 2001 3844 2257 3900; x_wconf 89' lang='lat' dir='ltr'><strong>animam.</strong></span> <span class='ocrx_word' id='word_1_687' title='bbox 2300 3842 2344 3900; x_wconf 94' lang='grc' dir='ltr'><strong>Ο</strong></span> <span class='ocrx_word' id='word_1_688' title='bbox 2375 3847 2660 3916; x_wconf 87' lang='lat' dir='ltr'><strong>insaniam,</strong></span> <span class='ocrx_word' id='word_1_689' title='bbox 2710 3864 2745 3904; x_wconf 94' lang='lat' dir='ltr'><strong>o</strong></span> <span class='ocrx_word' id='word_1_690' title='bbox 2777 3849 3196 3905; x_wconf 66' lang='lat' dir='ltr'><strong>dementiam!»</strong></span> <span class='ocrx_word' id='word_1_691' title='bbox 3247 3849 3425 3921; x_wconf 79' lang='lat' dir='ltr'><strong>Atque</strong></span> 
     </span>
    </p>
   </div>
   <div class='ocr_carea' id='block_1_86' title="bbox 1832 3934 3422 4012">
    <p class='ocr_par' dir='ltr' id='par_1_86' title="bbox 1832 3934 3422 4012">
     <span class='ocr_line' id='line_1_86' title="bbox 1832 3934 3422 4012; baseline 0.004 -22"><span class='ocrx_word' id='word_1_692' title='bbox 1832 3934 1948 3990; x_wconf 76' lang='lat' dir='ltr'><strong>lucc</strong></span> <span class='ocrx_word' id='word_1_693' title='bbox 1970 3935 2185 4006; x_wconf 90' lang='lat' dir='ltr'><strong>quidem</strong></span> <span class='ocrx_word' id='word_1_694' title='bbox 2210 3935 2370 3992; x_wconf 86' lang='lat' dir='ltr'><strong>Pater</strong></span> <span class='ocrx_word' id='word_1_695' title='bbox 2398 3937 2466 3994; x_wconf 87' lang='lat' dir='ltr'><strong>de</strong></span> <span class='ocrx_word' id='word_1_696' title='bbox 2489 3948 2808 4010; x_wconf 85' lang='lat' dir='ltr'><strong>argumento</strong></span> <span class='ocrx_word' id='word_1_697' title='bbox 2828 3942 3130 4012; x_wconf 89' lang='lat' dir='ltr'><strong>proposito.</strong></span> <span class='ocrx_word' id='word_1_698' title='bbox 3156 3939 3422 3996; x_wconf 85' lang='lat' dir='ltr'><strong>Conside-</strong></span> 
     </span>
    </p>
   </div>
   <div class='ocr_carea' id='block_1_87' title="bbox 1831 4027 3423 4087">
    <p class='ocr_par' dir='ltr' id='par_1_87' title="bbox 1831 4027 3423 4087">
     <span class='ocr_line' id='line_1_87' title="bbox 1831 4027 3423 4087; baseline 0.004 -9"><span class='ocrx_word' id='word_1_699' title='bbox 1831 4040 1892 4079; x_wconf 92' lang='lat' dir='ltr'><strong>ra</strong></span> <span class='ocrx_word' id='word_1_700' title='bbox 1942 4032 2124 4080; x_wconf 89' lang='lat' dir='ltr'><strong>autem</strong></span> <span class='ocrx_word' id='word_1_701' title='bbox 2176 4027 2244 4083; x_wconf 89' lang='lat' dir='ltr'><strong>de</strong></span> <span class='ocrx_word' id='word_1_702' title='bbox 2291 4028 2412 4083; x_wconf 91' lang='lat' dir='ltr'><strong>aliis</strong></span> <span class='ocrx_word' id='word_1_703' title='bbox 2463 4030 2714 4086; x_wconf 90' lang='lat' dir='ltr'><strong>omnibus</strong></span> <span class='ocrx_word' id='word_1_704' title='bbox 2764 4031 2820 4086; x_wconf 94' lang='lat' dir='ltr'><strong>in</strong></span> <span class='ocrx_word' id='word_1_705' title='bbox 2866 4039 3010 4087; x_wconf 88' lang='lat' dir='ltr'><strong>terra</strong></span> <span class='ocrx_word' id='word_1_706' title='bbox 3036 4030 3192 4086; x_wconf 80' lang='lat' dir='ltr'><strong>factis</strong></span> <span class='ocrx_word' id='word_1_707' title='bbox 3220 4029 3423 4085; x_wconf 83' lang='lat' dir='ltr'><strong>dixisse</strong></span> 
     </span>
    </p>
   </div>
   <div class='ocr_carea' id='block_1_88' title="bbox 1831 4115 3422 4193">
    <p class='ocr_par' dir='ltr' id='par_1_88' title="bbox 1831 4115 3422 4193">
     <span class='ocr_line' id='line_1_88' title="bbox 1831 4115 3422 4193; baseline 0.003 -23"><span class='ocrx_word' id='word_1_708' title='bbox 1831 4115 2020 4181; x_wconf 88' lang='lat' dir='ltr'><strong>Deum,</strong></span> <span class='ocrx_word' id='word_1_709' title='bbox 2052 4118 2167 4188; x_wconf 74' lang='lat' dir='ltr'><strong>ﬁat,</strong></span> <span class='ocrx_word' id='word_1_710' title='bbox 2201 4127 2256 4174; x_wconf 90' lang='lat' dir='ltr'><strong>et</strong></span> <span class='ocrx_word' id='word_1_711' title='bbox 2284 4121 2539 4191; x_wconf 81' lang='lat' dir='ltr'><strong>producat</strong></span> <span class='ocrx_word' id='word_1_712' title='bbox 2569 4133 2728 4190; x_wconf 82' lang='lat' dir='ltr'><strong>terra,</strong></span> <span class='ocrx_word' id='word_1_713' title='bbox 2759 4133 2810 4177; x_wconf 89' lang='lat' dir='ltr'><strong>et</strong></span> <span class='ocrx_word' id='word_1_714' title='bbox 2847 4125 3045 4193; x_wconf 78' lang='lat' dir='ltr'><strong>factum</strong></span> <span class='ocrx_word' id='word_1_715' title='bbox 3074 4130 3151 4176; x_wconf 86' lang='lat' dir='ltr'><strong>est</strong></span> <span class='ocrx_word' id='word_1_716' title='bbox 3183 4120 3374 4192; x_wconf 87' lang='lat' dir='ltr'><strong>(Ibid.)</strong></span> <span class='ocrx_word' id='word_1_717' title='bbox 3402 4138 3422 4186; x_wconf 86' lang='lat'><strong><em>;</em></strong></span> 
     </span>
    </p>
   </div>
   <div class='ocr_carea' id='block_1_89' title="bbox 1830 4206 3420 4268">
    <p class='ocr_par' dir='ltr' id='par_1_89' title="bbox 1830 4206 3420 4268">
     <span class='ocr_line' id='line_1_89' title="bbox 1830 4206 3420 4268; baseline 0.003 -5"><span class='ocrx_word' id='word_1_718' title='bbox 1830 4206 1897 4264; x_wconf 89' lang='lat' dir='ltr'><strong>de</strong></span> <span class='ocrx_word' id='word_1_719' title='bbox 1924 4208 2148 4266; x_wconf 89' lang='lat' dir='ltr'><strong>homine</strong></span> <span class='ocrx_word' id='word_1_720' title='bbox 2185 4219 2368 4266; x_wconf 89' lang='lat' dir='ltr'><strong>autem</strong></span> <span class='ocrx_word' id='word_1_721' title='bbox 2417 4211 2589 4268; x_wconf 91' lang='lat' dir='ltr'><strong>dicit:</strong></span> <span class='ocrx_word' id='word_1_722' title='bbox 2641 4211 2926 4266; x_wconf 82' lang='lat' dir='ltr'><strong>Faciamus</strong></span> <span class='ocrx_word' id='word_1_723' title='bbox 2971 4212 3270 4266; x_wconf 83' lang='lat' dir='ltr'><strong>hominem:</strong></span> <span class='ocrx_word' id='word_1_724' title='bbox 3319 4228 3420 4268; x_wconf 89' lang='lat' dir='ltr'><strong>nec</strong></span> 
     </span>
    </p>
   </div>
   <div class='ocr_carea' id='block_1_90' title="bbox 1827 4303 3419 4377">
    <p class='ocr_par' dir='ltr' id='par_1_90' title="bbox 1827 4303 3419 4377">
     <span class='ocr_line' id='line_1_90' title="bbox 1827 4303 3419 4377; baseline 0.003 -18"><span class='ocrx_word' id='word_1_725' title='bbox 1827 4303 2024 4372; x_wconf 88' lang='lat' dir='ltr'><strong>solum,</strong></span> <span class='ocrx_word' id='word_1_726' title='bbox 2054 4304 2363 4372; x_wconf 82' lang='lat' dir='ltr'><strong>Faciamus,</strong></span> <span class='ocrx_word' id='word_1_727' title='bbox 2397 4305 2514 4368; x_wconf 85' lang='lat' dir='ltr'><strong>sed,</strong></span> <span class='ocrx_word' id='word_1_728' title='bbox 2547 4306 2617 4358; x_wconf 91' lang='lat' dir='ltr'><strong>ad</strong></span> <span class='ocrx_word' id='word_1_729' title='bbox 2643 4307 2924 4377; x_wconf 82' lang='lat' dir='ltr'><strong>imaginem</strong></span> <span class='ocrx_word' id='word_1_730' title='bbox 2951 4315 3001 4360; x_wconf 85' lang='lat' dir='ltr'><strong>et</strong></span> <span class='ocrx_word' id='word_1_731' title='bbox 3030 4305 3419 4363; x_wconf 79' lang='lat' dir='ltr'><strong>similitudinem</strong></span> 
     </span>
    </p>
   </div>
   <div class='ocr_carea' id='block_1_91' title="bbox 1828 4395 3420 4471">
    <p class='ocr_par' dir='ltr' id='par_1_91' title="bbox 1828 4395 3420 4471">
     <span class='ocr_line' id='line_1_91' title="bbox 1828 4395 3420 4471; baseline 0.004 -24"><span class='ocrx_word' id='word_1_732' title='bbox 1828 4405 2107 4460; x_wconf 83' lang='lat' dir='ltr'><strong>nostram;</strong></span> <span class='ocrx_word' id='word_1_733' title='bbox 2152 4403 2200 4448; x_wconf 90' lang='lat' dir='ltr'><strong>et</strong></span> <span class='ocrx_word' id='word_1_734' title='bbox 2229 4410 2438 4448; x_wconf 83' lang='lat' dir='ltr'><strong>sumens</strong></span> <span class='ocrx_word' id='word_1_735' title='bbox 2470 4395 2727 4464; x_wconf 83' lang='lat' dir='ltr'><strong>pulverem</strong></span> <span class='ocrx_word' id='word_1_736' title='bbox 2759 4396 2822 4450; x_wconf 89' lang='lat' dir='ltr'><strong>de</strong></span> <span class='ocrx_word' id='word_1_737' title='bbox 2851 4407 3009 4465; x_wconf 84' lang='lat' dir='ltr'><strong>terra,</strong></span> <span class='ocrx_word' id='word_1_738' title='bbox 3039 4399 3268 4471; x_wconf 82' lang='lat' dir='ltr'><strong>propriis</strong></span> <span class='ocrx_word' id='word_1_739' title='bbox 3308 4416 3420 4454; x_wconf 89' lang='lat' dir='ltr'><strong>ma-</strong></span> 
     </span>
    </p>
   </div>
   <div class='ocr_carea' id='block_1_92' title="bbox 157 4460 1738 4565">
    <p class='ocr_par' dir='ltr' id='par_1_92' title="bbox 157 4460 1727 4555">
     <span class='ocr_line' id='line_1_92' title="bbox 157 4460 1727 4555; baseline 0.012 -33"><span class='ocrx_word' id='word_1_740' title='bbox 157 4460 404 4543; x_wconf 71' lang='grc' dir='ltr'><strong>ἆνθρωπον,</strong></span> <span class='ocrx_word' id='word_1_741' title='bbox 433 4477 522 4530; x_wconf 85' lang='grc' dir='ltr'><strong>καί</strong></span> <span class='ocrx_word' id='word_1_742' title='bbox 554 4475 858 4548; x_wconf 75' lang='grc' dir='ltr'><strong>ἐνεφύσησεν</strong></span> <span class='ocrx_word' id='word_1_743' title='bbox 893 4479 964 4538; x_wconf 87' lang='grc' dir='ltr'><strong>εἰς</strong></span> <span class='ocrx_word' id='word_1_744' title='bbox 983 4481 1044 4534; x_wconf 88' lang='grc' dir='ltr'><strong>τὸ</strong></span> <span class='ocrx_word' id='word_1_745' title='bbox 1069 4476 1350 4555; x_wconf 83' lang='grc' dir='ltr'><strong>πρόσωπον</strong></span> <span class='ocrx_word' id='word_1_746' title='bbox 1386 4485 1541 4538; x_wconf 69' lang='grc' dir='ltr'><strong>αὐτοῦ</strong></span> <span class='ocrx_word' id='word_1_747' title='bbox 1573 4491 1727 4546; x_wconf 75' lang='grc' dir='ltr'><strong>πνοήν</strong></span> 
     </span>
    </p>
   </div>
   <div class='ocr_carea' id='block_1_93' title="bbox 1840 4460 3419 4565">
    <p class='ocr_par' dir='ltr' id='par_1_93' title="bbox 1840 4485 3419 4565">
     <span class='ocr_line' id='line_1_93' title="bbox 1840 4485 3419 4565; baseline 0.006 -27"><span class='ocrx_word' id='word_1_748' title='bbox 1840 4485 1980 4538; x_wconf 75' lang='lat' dir='ltr'><strong>nibus</strong></span> <span class='ocrx_word' id='word_1_749' title='bbox 2025 4486 2281 4540; x_wconf 83' lang='lat' dir='ltr'><strong>hominem</strong></span> <span class='ocrx_word' id='word_1_750' title='bbox 2310 4487 2496 4556; x_wconf 70' lang='lat' dir='ltr'><strong>finxit,</strong></span> <span class='ocrx_word' id='word_1_751' title='bbox 2545 4497 2592 4541; x_wconf 87' lang='lat' dir='ltr'><strong>et</strong></span> <span class='ocrx_word' id='word_1_752' title='bbox 2641 4488 2929 4560; x_wconf 77' lang='lat' dir='ltr'><strong>insufflauit</strong></span> <span class='ocrx_word' id='word_1_753' title='bbox 2971 4491 3027 4546; x_wconf 86' lang='lat' dir='ltr'><strong>in</strong></span> <span class='ocrx_word' id='word_1_754' title='bbox 3075 4493 3262 4564; x_wconf 77' lang='lat' dir='ltr'><strong>faciem</strong></span> <span class='ocrx_word' id='word_1_755' title='bbox 3307 4494 3419 4565; x_wconf 82' lang='lat' dir='ltr'><strong>ejus</strong></span> 
     </span>
    </p>
   </div>
   <div class='ocr_carea' id='block_1_94' title="bbox 156 4559 1738 4652">
    <p class='ocr_par' dir='ltr' id='par_1_94' title="bbox 156 4560 1725 4643">
     <span class='ocr_line' id='line_1_94' title="bbox 156 4560 1725 4643; baseline 0.007 -23"><span class='ocrx_word' id='word_1_756' title='bbox 156 4560 284 4626; x_wconf 69' lang='grc' dir='ltr'><strong>ζωῆς,</strong></span> <span class='ocrx_word' id='word_1_757' title='bbox 298 4570 377 4620; x_wconf 84' lang='grc' dir='ltr'><strong>καί</strong></span> <span class='ocrx_word' id='word_1_758' title='bbox 401 4569 602 4640; x_wconf 74' lang='grc' dir='ltr'><strong>Ξγένετο</strong></span> <span class='ocrx_word' id='word_1_759' title='bbox 623 4565 650 4622; x_wconf 78' lang='grc' dir='ltr'><strong>ὅ</strong></span> <span class='ocrx_word' id='word_1_760' title='bbox 670 4565 932 4643; x_wconf 75' lang='grc' dir='ltr'><strong>ἅνθρωπος</strong></span> <span class='ocrx_word' id='word_1_761' title='bbox 957 4574 1028 4632; x_wconf 89' lang='grc' dir='ltr'><strong>εἰς</strong></span> <span class='ocrx_word' id='word_1_762' title='bbox 1042 4570 1222 4643; x_wconf 69' lang='grc' dir='ltr'><strong>ψυχὴν</strong></span> <span class='ocrx_word' id='word_1_763' title='bbox 1239 4577 1424 4636; x_wconf 81' lang='grc' dir='ltr'><strong>ζῶσαν.</strong></span> <span class='ocrx_word' id='word_1_764' title='bbox 1441 4593 1459 4625; x_wconf 73' lang='grc' dir='ltr'><strong>ι</strong></span> <span class='ocrx_word' id='word_1_765' title='bbox 1478 4579 1725 4632; x_wconf 76' lang='grc' dir='ltr'><strong>Ἐντεῦθεν</strong></span> 
     </span>
    </p>
   </div>
   <div class='ocr_carea' id='block_1_95' title="bbox 1840 4559 3414 4652">
    <p class='ocr_par' dir='ltr' id='par_1_95' title="bbox 1840 4578 3414 4652">
     <span class='ocr_line' id='line_1_95' title="bbox 1840 4578 3414 4652; baseline 0.006 -22"><span class='ocrx_word' id='word_1_766' title='bbox 1840 4578 2070 4652; x_wconf 77' lang='lat' dir='ltr'><strong>spiritum</strong></span> <span class='ocrx_word' id='word_1_767' title='bbox 2099 4578 2235 4646; x_wconf 72' lang='lat' dir='ltr'><strong>vitm,</strong></span> <span class='ocrx_word' id='word_1_768' title='bbox 2265 4588 2314 4633; x_wconf 88' lang='lat' dir='ltr'><strong>et</strong></span> <span class='ocrx_word' id='word_1_769' title='bbox 2343 4581 2510 4651; x_wconf 83' lang='lat' dir='ltr'><strong>factus</strong></span> <span class='ocrx_word' id='word_1_770' title='bbox 2540 4590 2617 4635; x_wconf 88' lang='lat' dir='ltr'><strong>est</strong></span> <span class='ocrx_word' id='word_1_771' title='bbox 2639 4581 2787 4637; x_wconf 89' lang='lat' dir='ltr'><strong>homo</strong></span> <span class='ocrx_word' id='word_1_772' title='bbox 2816 4583 2870 4636; x_wconf 88' lang='lat' dir='ltr'><strong>in</strong></span> <span class='ocrx_word' id='word_1_773' title='bbox 2900 4583 3132 4638; x_wconf 86' lang='lat' dir='ltr'><strong>animam</strong></span> <span class='ocrx_word' id='word_1_774' title='bbox 3151 4584 3414 4639; x_wconf 78' lang='lat' dir='ltr'><strong>viventem.</strong></span> 
     </span>
    </p>
   </div>
   <div class='ocr_carea' id='block_1_96' title="bbox 156 4656 1723 4746">
    <p class='ocr_par' dir='ltr' id='par_1_96' title="bbox 156 4656 1723 4746">
     <span class='ocr_line' id='line_1_96' title="bbox 156 4656 1723 4746; baseline 0.014 -42"><span class='ocrx_word' id='word_1_775' title='bbox 156 4656 300 4708; x_wconf 78' lang='grc' dir='ltr'><strong>τοίνυν</strong></span> <span class='ocrx_word' id='word_1_776' title='bbox 324 4659 450 4715; x_wconf 78' lang='grc' dir='ltr'><strong>ἐστὶν</strong></span> <span class='ocrx_word' id='word_1_777' title='bbox 487 4659 634 4726; x_wconf 81' lang='grc' dir='ltr'><strong>ἰδεῖν,</strong></span> <span class='ocrx_word' id='word_1_778' title='bbox 659 4669 768 4722; x_wconf 83' lang='grc' dir='ltr'><strong>πῶς</strong></span> <span class='ocrx_word' id='word_1_779' title='bbox 797 4662 822 4716; x_wconf 90' lang='grc' dir='ltr'><strong>ό</strong></span> <span class='ocrx_word' id='word_1_780' title='bbox 852 4663 977 4724; x_wconf 83' lang='grc' dir='ltr'><strong>Θεὸς</strong></span> <span class='ocrx_word' id='word_1_781' title='bbox 1005 4663 1089 4718; x_wconf 87' lang='grc' dir='ltr'><strong>τὸν</strong></span> <span class='ocrx_word' id='word_1_782' title='bbox 1118 4661 1380 4738; x_wconf 80' lang='grc' dir='ltr'><strong>ἄνθρωπον</strong></span> <span class='ocrx_word' id='word_1_783' title='bbox 1424 4671 1723 4746; x_wconf 82' lang='grc' dir='ltr'><strong>τιμιὼτερον</strong></span> 
     </span>
    </p>
   </div>
   <div class='ocr_carea' id='block_1_97' title="bbox 156 4741 1722 4831">
    <p class='ocr_par' dir='ltr' id='par_1_97' title="bbox 156 4741 1722 4831">
     <span class='ocr_line' id='line_1_97' title="bbox 156 4741 1722 4831; baseline 0.016 -37"><span class='ocrx_word' id='word_1_784' title='bbox 156 4741 340 4804; x_wconf 75' lang='grc' dir='ltr'><strong>ἐποίησε</strong></span> <span class='ocrx_word' id='word_1_785' title='bbox 371 4757 460 4806; x_wconf 88' lang='grc' dir='ltr'><strong>τῶν</strong></span> <span class='ocrx_word' id='word_1_786' title='bbox 483 4750 650 4808; x_wconf 80' lang='grc' dir='ltr'><strong>ἄλλων</strong></span> <span class='ocrx_word' id='word_1_787' title='bbox 675 4753 916 4810; x_wconf 79' lang='grc' dir='ltr'><strong>ἁπάντων</strong></span> <span class='ocrx_word' id='word_1_788' title='bbox 938 4762 1039 4810; x_wconf 87' lang='grc' dir='ltr'><strong>τῶν</strong></span> <span class='ocrx_word' id='word_1_789' title='bbox 1065 4757 1150 4810; x_wconf 71' lang='grc' dir='ltr'><strong>ἐπὶ</strong></span> <span class='ocrx_word' id='word_1_790' title='bbox 1182 4766 1276 4830; x_wconf 78' lang='grc' dir='ltr'><strong>γῆς</strong></span> <span class='ocrx_word' id='word_1_791' title='bbox 1302 4763 1615 4831; x_wconf 82' lang='grc' dir='ltr'><strong>κτισμάτων.</strong></span> <span class='ocrx_word' id='word_1_792' title='bbox 1649 4765 1722 4819; x_wconf 84' lang='grc' dir='ltr'><strong>Τὰ</strong></span> 
     </span>
    </p>
   </div>
   <div class='ocr_carea' id='block_1_98' title="bbox 156 4834 1718 4929">
    <p class='ocr_par' dir='ltr' id='par_1_98' title="bbox 156 4834 1718 4929">
     <span class='ocr_line' id='line_1_98' title="bbox 156 4834 1718 4929; baseline 0.016 -40"><span class='ocrx_word' id='word_1_793' title='bbox 156 4837 229 4903; x_wconf 70' lang='grc' dir='ltr'><strong>μὲν</strong></span> <span class='ocrx_word' id='word_1_794' title='bbox 254 4834 335 4894; x_wconf 71' lang='grc' dir='ltr'><strong>οὖν</strong></span> <span class='ocrx_word' id='word_1_795' title='bbox 367 4841 488 4901; x_wconf 78' lang='grc' dir='ltr'><strong>ἄλλα</strong></span> <span class='ocrx_word' id='word_1_796' title='bbox 513 4848 686 4903; x_wconf 84' lang='grc' dir='ltr'><strong>πάντα</strong></span> <span class='ocrx_word' id='word_1_797' title='bbox 719 4847 847 4921; x_wconf 80' lang='grc' dir='ltr'><strong>λόγῳ</strong></span> <span class='ocrx_word' id='word_1_798' title='bbox 891 4845 1021 4915; x_wconf 79' lang='grc' dir='ltr'><strong>εἶπε,</strong></span> <span class='ocrx_word' id='word_1_799' title='bbox 1049 4853 1132 4906; x_wconf 87' lang='grc' dir='ltr'><strong>καί</strong></span> <span class='ocrx_word' id='word_1_800' title='bbox 1161 4853 1399 4925; x_wconf 79' lang='grc' dir='ltr'><strong>ἐγένοντο⁶</strong></span> <span class='ocrx_word' id='word_1_801' title='bbox 1439 4857 1526 4912; x_wconf 82' lang='grc' dir='ltr'><strong>τὸν</strong></span> <span class='ocrx_word' id='word_1_802' title='bbox 1567 4855 1623 4912; x_wconf 76' lang='grc' dir='ltr'><strong>δέ</strong></span> <span class='ocrx_word' id='word_1_803' title='bbox 1662 4879 1718 4929; x_wconf 89' lang='grc' dir='ltr'><strong>γε</strong></span> 
     </span>
    </p>
   </div>
   <div class='ocr_carea' id='block_1_99' title="bbox 156 4923 1718 5024">
    <p class='ocr_par' dir='ltr' id='par_1_99' title="bbox 156 4923 1718 5024">
     <span class='ocr_line' id='line_1_99' title="bbox 156 4923 1718 5024; baseline 0.017 -41"><span class='ocrx_word' id='word_1_804' title='bbox 156 4923 407 5006; x_wconf 63' lang='grc' dir='ltr'><strong>ἄνθρωπον,</strong></span> <span class='ocrx_word' id='word_1_805' title='bbox 434 4943 598 5002; x_wconf 67' lang='grc' dir='ltr'><strong>καθὼς</strong></span> <span class='ocrx_word' id='word_1_806' title='bbox 625 4939 842 5018; x_wconf 74' lang='grc' dir='ltr'><strong>εἴρηται,</strong></span> <span class='ocrx_word' id='word_1_807' title='bbox 872 4943 1022 5003; x_wconf 78' lang='grc' dir='ltr'><strong>αὐτὸς</strong></span> <span class='ocrx_word' id='word_1_808' title='bbox 1048 4952 1168 5005; x_wconf 79' lang='grc' dir='ltr'><strong>ταῖς</strong></span> <span class='ocrx_word' id='word_1_809' title='bbox 1197 4944 1349 5008; x_wconf 81' lang='grc' dir='ltr'><strong>ἰδίαις</strong></span> <span class='ocrx_word' id='word_1_810' title='bbox 1380 4952 1559 5024; x_wconf 87' lang='grc' dir='ltr'><strong>χερσί,</strong></span> <span class='ocrx_word' id='word_1_811' title='bbox 1583 4953 1718 5008; x_wconf 88' lang='grc' dir='ltr'><strong>κατά</strong></span> 
     </span>
    </p>
   </div>
   <div class='ocr_carea' id='block_1_100' title="bbox 158 5027 1716 5114">
    <p class='ocr_par' dir='ltr' id='par_1_100' title="bbox 158 5027 1716 5114">
     <span class='ocr_line' id='line_1_100' title="bbox 158 5027 1716 5114; baseline 0.012 -32"><span class='ocrx_word' id='word_1_812' title='bbox 158 5027 228 5114; x_wconf 45' lang='lat' dir='ltr'><strong>in?</strong></span> <span class='ocrx_word' id='word_1_813' title='bbox 258 5029 380 5086; x_wconf 80' lang='grc' dir='ltr'><strong>Θείαν</strong></span> <span class='ocrx_word' id='word_1_814' title='bbox 413 5039 628 5112; x_wconf 64' lang='grc' dir='ltr'><strong>γραρήν,</strong></span> <span class='ocrx_word' id='word_1_815' title='bbox 659 5033 1068 5108; x_wconf 77' lang='grc' dir='ltr'><strong>ἐδημιούργησε·</strong></span> <span class='ocrx_word' id='word_1_816' title='bbox 1102 5039 1268 5094; x_wconf 89' lang='grc' dir='ltr'><strong>πάντα</strong></span> <span class='ocrx_word' id='word_1_817' title='bbox 1297 5037 1443 5097; x_wconf 78' lang='grc' dir='ltr'><strong>δὲτὰ</strong></span> <span class='ocrx_word' id='word_1_818' title='bbox 1479 5043 1716 5114; x_wconf 79' lang='grc' dir='ltr'><strong>γενόμενα</strong></span> 
     </span>
    </p>
   </div>
   <div class='ocr_carea' id='block_1_101' title="bbox 157 5112 1714 5209">
    <p class='ocr_par' dir='ltr' id='par_1_101' title="bbox 157 5112 1714 5209">
     <span class='ocr_line' id='line_1_101' title="bbox 157 5112 1714 5209; baseline 0.012 -36"><span class='ocrx_word' id='word_1_819' title='bbox 157 5112 385 5176; x_wconf 70' lang='grc' dir='ltr'><strong>ὖπάῦτοῦ</strong></span> <span class='ocrx_word' id='word_1_820' title='bbox 407 5125 490 5181; x_wconf 80' lang='grc' dir='ltr'><strong>ἐπί</strong></span> <span class='ocrx_word' id='word_1_821' title='bbox 509 5133 603 5198; x_wconf 70' lang='grc' dir='ltr'><strong>τῆς</strong></span> <span class='ocrx_word' id='word_1_822' title='bbox 621 5135 714 5197; x_wconf 79' lang='grc' dir='ltr'><strong>γῆς</strong></span> <span class='ocrx_word' id='word_1_823' title='bbox 745 5128 962 5192; x_wconf 74' lang='grc' dir='ltr'><strong>ὑπέταξε</strong></span> <span class='ocrx_word' id='word_1_824' title='bbox 988 5136 1063 5202; x_wconf 81' lang='grc' dir='ltr'><strong>τῷ</strong></span> <span class='ocrx_word' id='word_1_825' title='bbox 1093 5131 1338 5208; x_wconf 81' lang='grc' dir='ltr'><strong>ἀνθρώπῳ</strong></span> <span class='ocrx_word' id='word_1_826' title='bbox 1367 5141 1439 5207; x_wconf 84' lang='grc' dir='ltr'><strong>τῷ</strong></span> <span class='ocrx_word' id='word_1_827' title='bbox 1468 5138 1714 5209; x_wconf 82' lang='grc' dir='ltr'><strong>γενομένῳ</strong></span> 
     </span>
    </p>
   </div>
   <div class='ocr_carea' id='block_1_102' title="bbox 157 5205 1718 5297">
    <p class='ocr_par' dir='ltr' id='par_1_102' title="bbox 157 5205 1718 5297">
     <span class='ocr_line' id='line_1_102' title="bbox 157 5205 1718 5297; baseline 0.011 -32"><span class='ocrx_word' id='word_1_828' title='bbox 157 5205 266 5287; x_wconf 77' lang='grc' dir='ltr'><strong>έντῇ</strong></span> <span class='ocrx_word' id='word_1_829' title='bbox 284 5213 393 5291; x_wconf 71' lang='grc' dir='ltr'><strong>ἕκτη</strong></span> <span class='ocrx_word' id='word_1_830' title='bbox 413 5219 601 5293; x_wconf 68' lang='grc' dir='ltr'><strong>ἡμέρᾳ,</strong></span> <span class='ocrx_word' id='word_1_831' title='bbox 627 5219 712 5272; x_wconf 85' lang='grc' dir='ltr'><strong>’ίνα</strong></span> <span class='ocrx_word' id='word_1_832' title='bbox 733 5219 938 5274; x_wconf 82' lang='grc' dir='ltr'><strong>πάντων</strong></span> <span class='ocrx_word' id='word_1_833' title='bbox 970 5228 1068 5277; x_wconf 85' lang='grc' dir='ltr'><strong>τῶν</strong></span> <span class='ocrx_word' id='word_1_834' title='bbox 1092 5222 1176 5276; x_wconf 80' lang='grc' dir='ltr'><strong>ἐπὶ</strong></span> <span class='ocrx_word' id='word_1_835' title='bbox 1195 5232 1286 5284; x_wconf 76' lang='grc' dir='ltr'><strong>τῆς</strong></span> <span class='ocrx_word' id='word_1_836' title='bbox 1311 5235 1403 5295; x_wconf 80' lang='grc' dir='ltr'><strong>γῆς</strong></span> <span class='ocrx_word' id='word_1_837' title='bbox 1427 5229 1718 5297; x_wconf 81' lang='grc' dir='ltr'><strong>κτισμάτων</strong></span> 
     </span>
    </p>
   </div>
   <div class='ocr_carea' id='block_1_103' title="bbox 155 5298 1720 5394">
    <p class='ocr_par' dir='ltr' id='par_1_103' title="bbox 155 5298 1720 5394">
     <span class='ocr_line' id='line_1_103' title="bbox 155 5298 1720 5394; baseline 0.01 -37"><span class='ocrx_word' id='word_1_838' title='bbox 155 5298 228 5360; x_wconf 67' lang='grc' dir='ltr'><strong>ἕδη</strong></span> <span class='ocrx_word' id='word_1_839' title='bbox 241 5312 630 5384; x_wconf 78' lang='grc' dir='ltr'><strong>προγεγονότων,</strong></span> <span class='ocrx_word' id='word_1_840' title='bbox 643 5314 730 5367; x_wconf 84' lang='grc' dir='ltr'><strong>καί</strong></span> <span class='ocrx_word' id='word_1_841' title='bbox 745 5313 1141 5385; x_wconf 79' lang='grc' dir='ltr'><strong>ἐτοιμασθέντων</strong></span> <span class='ocrx_word' id='word_1_842' title='bbox 1158 5321 1293 5389; x_wconf 79' lang='grc' dir='ltr'><strong>αὐτῷ</strong></span> <span class='ocrx_word' id='word_1_843' title='bbox 1310 5317 1556 5394; x_wconf 77' lang='grc' dir='ltr'><strong>δεσπόζῃ,</strong></span> <span class='ocrx_word' id='word_1_844' title='bbox 1567 5320 1720 5382; x_wconf 73' lang='grc' dir='ltr'><strong>αὐτὸς</strong></span> 
     </span>
    </p>
   </div>
   <div class='ocr_carea' id='block_1_104' title="bbox 155 5393 1720 5482">
    <p class='ocr_par' dir='ltr' id='par_1_104' title="bbox 155 5393 1720 5482">
     <span class='ocr_line' id='line_1_104' title="bbox 155 5393 1720 5482; baseline 0.012 -32"><span class='ocrx_word' id='word_1_845' title='bbox 155 5393 237 5450; x_wconf 68' lang='grc' dir='ltr'><strong>ὑπὸ</strong></span> <span class='ocrx_word' id='word_1_846' title='bbox 258 5406 340 5454; x_wconf 84' lang='grc' dir='ltr'><strong>τοῦ</strong></span> <span class='ocrx_word' id='word_1_847' title='bbox 368 5403 602 5459; x_wconf 84' lang='grc' dir='ltr'><strong>πλάστου</strong></span> <span class='ocrx_word' id='word_1_848' title='bbox 629 5403 1015 5478; x_wconf 78' lang='grc' dir='ltr'><strong>δεσποζόμενος.</strong></span> <span class='ocrx_word' id='word_1_849' title='bbox 1045 5416 1206 5464; x_wconf 84' lang='grc' dir='ltr'><strong>Τοῦτο</strong></span> <span class='ocrx_word' id='word_1_850' title='bbox 1247 5409 1300 5466; x_wconf 80' lang='grc' dir='ltr'><strong>δὲ</strong></span> <span class='ocrx_word' id='word_1_851' title='bbox 1332 5409 1466 5482; x_wconf 70' lang='grc' dir='ltr'><strong>ἡμᾶς</strong></span> <span class='ocrx_word' id='word_1_852' title='bbox 1491 5410 1720 5470; x_wconf 71' lang='grc' dir='ltr'><strong>διδάσκει</strong></span> 
     </span>
    </p>
   </div>
   <div class='ocr_carea' id='block_1_105' title="bbox 155 5488 1716 5577">
    <p class='ocr_par' dir='ltr' id='par_1_105' title="bbox 155 5488 1716 5577">
     <span class='ocr_line' id='line_1_105' title="bbox 155 5488 1716 5577; baseline 0.014 -41"><span class='ocrx_word' id='word_1_853' title='bbox 155 5491 219 5540; x_wconf 79' lang='grc' dir='ltr'><strong>καί</strong></span> <span class='ocrx_word' id='word_1_854' title='bbox 239 5488 262 5544; x_wconf 87' lang='grc' dir='ltr'><strong>ό</strong></span> <span class='ocrx_word' id='word_1_855' title='bbox 287 5493 334 5546; x_wconf 84' lang='grc' dir='ltr'><strong>ἐν</strong></span> <span class='ocrx_word' id='word_1_856' title='bbox 356 5493 518 5570; x_wconf 68' lang='grc' dir='ltr'><strong>ἁγίοις</strong></span> <span class='ocrx_word' id='word_1_857' title='bbox 536 5495 768 5569; x_wconf 80' lang='grc' dir='ltr'><strong>θεολόγος</strong></span> <span class='ocrx_word' id='word_1_858' title='bbox 787 5499 1064 5574; x_wconf 84' lang='grc' dir='ltr'><strong>Γρηγόριος</strong></span> <span class='ocrx_word' id='word_1_859' title='bbox 1101 5502 1150 5554; x_wconf 81' lang='grc' dir='ltr'><strong>ἐν</strong></span> <span class='ocrx_word' id='word_1_860' title='bbox 1181 5511 1252 5574; x_wconf 85' lang='grc' dir='ltr'><strong>τῷ</strong></span> <span class='ocrx_word' id='word_1_861' title='bbox 1279 5501 1410 5575; x_wconf 81' lang='grc' dir='ltr'><strong>λόγῳ</strong></span> <span class='ocrx_word' id='word_1_862' title='bbox 1439 5512 1512 5577; x_wconf 79' lang='grc' dir='ltr'><strong>τῷ</strong></span> <span class='ocrx_word' id='word_1_863' title='bbox 1533 5508 1606 5564; x_wconf 87' lang='grc' dir='ltr'><strong>εἰς</strong></span> <span class='ocrx_word' id='word_1_864' title='bbox 1625 5510 1716 5564; x_wconf 73' lang='grc' dir='ltr'><strong>τήν</strong></span> 
     </span>
    </p>
   </div>
   <div class='ocr_carea' id='block_1_106' title="bbox 154 5579 1712 5672">
    <p class='ocr_par' dir='ltr' id='par_1_106' title="bbox 154 5579 1712 5672">
     <span class='ocr_line' id='line_1_106' title="bbox 154 5579 1712 5672; baseline 0.014 -43"><span class='ocrx_word' id='word_1_865' title='bbox 154 5579 242 5632; x_wconf 64' lang='grc' dir='ltr'><strong>θέαν</strong></span> <span class='ocrx_word' id='word_1_866' title='bbox 261 5592 505 5661; x_wconf 56' lang='lat' dir='ltr'><strong>impium-riu,</strong></span> <span class='ocrx_word' id='word_1_867' title='bbox 533 5588 686 5662; x_wconf 72' lang='grc' dir='ltr'><strong>λέγων</strong></span> <span class='ocrx_word' id='word_1_868' title='bbox 706 5604 720 5617; x_wconf 88' lang='grc'><strong>·</strong></span> <span class='ocrx_word' id='word_1_869' title='bbox 753 5607 771 5638; x_wconf 86' lang='grc' dir='ltr'><strong>ε</strong></span> <span class='ocrx_word' id='word_1_870' title='bbox 805 5590 953 5645; x_wconf 78' lang='grc' dir='ltr'><strong>Οῦτω</strong></span> <span class='ocrx_word' id='word_1_871' title='bbox 975 5613 1025 5646; x_wconf 88' lang='grc' dir='ltr'><strong>τι</strong></span> <span class='ocrx_word' id='word_1_872' title='bbox 1045 5600 1244 5667; x_wconf 85' lang='grc' dir='ltr'><strong>πρῶτον</strong></span> <span class='ocrx_word' id='word_1_873' title='bbox 1271 5595 1318 5646; x_wconf 85' lang='grc' dir='ltr'><strong>ἐν</strong></span> <span class='ocrx_word' id='word_1_874' title='bbox 1341 5596 1553 5670; x_wconf 72' lang='grc' dir='ltr'><strong>ἡμέραις</strong></span> <span class='ocrx_word' id='word_1_875' title='bbox 1578 5599 1712 5672; x_wconf 69' lang='grc' dir='ltr'><strong>ἀριθ-</strong></span> 
     </span>
    </p>
   </div>
   <div class='ocr_carea' id='block_1_107' title="bbox 153 5669 1709 5761">
    <p class='ocr_par' dir='ltr' id='par_1_107' title="bbox 153 5677 1709 5761">
     <span class='ocr_line' id='line_1_107' title="bbox 153 5677 1709 5761; baseline 0.012 -35"><span class='ocrx_word' id='word_1_876' title='bbox 153 5681 312 5742; x_wconf 77' lang='grc' dir='ltr'><strong>μεῖται,</strong></span> <span class='ocrx_word' id='word_1_877' title='bbox 345 5683 429 5734; x_wconf 84' lang='grc' dir='ltr'><strong>καί</strong></span> <span class='ocrx_word' id='word_1_878' title='bbox 466 5677 718 5756; x_wconf 76' lang='grc' dir='ltr'><strong>δεύτερον,</strong></span> <span class='ocrx_word' id='word_1_879' title='bbox 754 5685 842 5737; x_wconf 89' lang='grc' dir='ltr'><strong>καί</strong></span> <span class='ocrx_word' id='word_1_880' title='bbox 865 5687 1054 5755; x_wconf 79' lang='grc' dir='ltr'><strong>τρίτον,</strong></span> <span class='ocrx_word' id='word_1_881' title='bbox 1083 5688 1170 5740; x_wconf 85' lang='grc' dir='ltr'><strong>καί</strong></span> <span class='ocrx_word' id='word_1_882' title='bbox 1211 5689 1276 5740; x_wconf 86' lang='grc' dir='ltr'><strong>τά</strong></span> <span class='ocrx_word' id='word_1_883' title='bbox 1304 5687 1436 5751; x_wconf 81' lang='grc' dir='ltr'><strong>ἑξῆς,</strong></span> <span class='ocrx_word' id='word_1_884' title='bbox 1466 5685 1599 5761; x_wconf 70' lang='grc' dir='ltr'><strong>ἄχρι</strong></span> <span class='ocrx_word' id='word_1_885' title='bbox 1621 5699 1709 5750; x_wconf 76' lang='grc' dir='ltr'><strong>τῆς</strong></span> 
     </span>
    </p>
   </div>
   <div class='ocr_carea' id='block_1_108' title="bbox 153 5760 1714 5850">
    <p class='ocr_par' dir='ltr' id='par_1_108' title="bbox 153 5760 1714 5850">
     <span class='ocr_line' id='line_1_108' title="bbox 153 5760 1714 5850; baseline 0.013 -39"><span class='ocrx_word' id='word_1_886' title='bbox 153 5760 340 5835; x_wconf 69' lang='grc' dir='ltr'><strong>ἐξδόμης</strong></span> <span class='ocrx_word' id='word_1_887' title='bbox 363 5773 446 5824; x_wconf 70' lang='grc' dir='ltr'><strong>καί</strong></span> <span class='ocrx_word' id='word_1_888' title='bbox 469 5774 870 5842; x_wconf 81' lang='grc' dir='ltr'><strong>καταπαυσίμου</strong></span> <span class='ocrx_word' id='word_1_889' title='bbox 885 5781 984 5828; x_wconf 82' lang='grc' dir='ltr'><strong>τῶν</strong></span> <span class='ocrx_word' id='word_1_890' title='bbox 1008 5773 1169 5848; x_wconf 51' lang='lat' dir='ltr'><strong>{cyma</strong></span> <span class='ocrx_word' id='word_1_891' title='bbox 1200 5777 1416 5850; x_wconf 76' lang='grc' dir='ltr'><strong>ἡμέρας·</strong></span> <span class='ocrx_word' id='word_1_892' title='bbox 1441 5775 1519 5840; x_wconf 82' lang='grc' dir='ltr'><strong>αἶς</strong></span> <span class='ocrx_word' id='word_1_893' title='bbox 1551 5801 1714 5834; x_wconf 83' lang='grc' dir='ltr'><strong>κατα-</strong></span> 
     </span>
    </p>
   </div>
   <div class='ocr_carea' id='block_1_109' title="bbox 155 5861 1715 5950">
    <p class='ocr_par' dir='ltr' id='par_1_109' title="bbox 155 5861 1715 5950">
     <span class='ocr_line' id='line_1_109' title="bbox 155 5861 1715 5950; baseline 0.015 -43"><span class='ocrx_word' id='word_1_894' title='bbox 155 5861 392 5935; x_wconf 76' lang='grc' dir='ltr'><strong>μερίζεται</strong></span> <span class='ocrx_word' id='word_1_895' title='bbox 415 5867 482 5924; x_wconf 76' lang='grc' dir='ltr'><strong>τά</strong></span> <span class='ocrx_word' id='word_1_896' title='bbox 501 5867 730 5941; x_wconf 70' lang='grc' dir='ltr'><strong>γινόμενα</strong></span> <span class='ocrx_word' id='word_1_897' title='bbox 748 5865 910 5944; x_wconf 83' lang='grc' dir='ltr'><strong>λόγοις</strong></span> <span class='ocrx_word' id='word_1_898' title='bbox 935 5867 1168 5950; x_wconf 67' lang='grc' dir='ltr'><strong>ἀρρήτοις</strong></span> <span class='ocrx_word' id='word_1_899' title='bbox 1193 5873 1502 5948; x_wconf 70' lang='grc' dir='ltr'><strong>τασσόμνα,</strong></span> <span class='ocrx_word' id='word_1_900' title='bbox 1518 5876 1598 5933; x_wconf 83' lang='grc' dir='ltr'><strong>καί</strong></span> <span class='ocrx_word' id='word_1_901' title='bbox 1624 5877 1715 5934; x_wconf 82' lang='grc' dir='ltr'><strong>οὐκ</strong></span> 
     </span>
    </p>
   </div>
   <div class='ocr_carea' id='block_1_110' title="bbox 1825 4667 3418 4743">
    <p class='ocr_par' dir='ltr' id='par_1_110' title="bbox 1825 4667 3418 4743">
     <span class='ocr_line' id='line_1_110' title="bbox 1825 4667 3418 4743; baseline 0.006 -21"><span class='ocrx_word' id='word_1_902' title='bbox 1825 4667 1908 4723; x_wconf 82' lang='lat' dir='ltr'><strong>Ex</strong></span> <span class='ocrx_word' id='word_1_903' title='bbox 1952 4668 2036 4725; x_wconf 90' lang='lat' dir='ltr'><strong>bis</strong></span> <span class='ocrx_word' id='word_1_904' title='bbox 2065 4670 2228 4741; x_wconf 78' lang='lat' dir='ltr'><strong>igitur</strong></span> <span class='ocrx_word' id='word_1_905' title='bbox 2254 4672 2487 4742; x_wconf 90' lang='lat' dir='ltr'><strong>perspici</strong></span> <span class='ocrx_word' id='word_1_906' title='bbox 2513 4681 2716 4743; x_wconf 86' lang='lat' dir='ltr'><strong>potest,</strong></span> <span class='ocrx_word' id='word_1_907' title='bbox 2748 4682 2808 4729; x_wconf 93' lang='lat' dir='ltr'><strong>ut</strong></span> <span class='ocrx_word' id='word_1_908' title='bbox 2845 4673 2988 4731; x_wconf 92' lang='lat' dir='ltr'><strong>Deus</strong></span> <span class='ocrx_word' id='word_1_909' title='bbox 3016 4675 3290 4731; x_wconf 87' lang='lat' dir='ltr'><strong>hominem</strong></span> <span class='ocrx_word' id='word_1_910' title='bbox 3336 4676 3418 4731; x_wconf 72' lang='grc' dir='ltr'><strong>Γρο-</strong></span> 
     </span>
    </p>
   </div>
   <div class='ocr_carea' id='block_1_111' title="bbox 1824 4763 3416 4837">
    <p class='ocr_par' dir='ltr' id='par_1_111' title="bbox 1824 4763 3416 4837">
     <span class='ocr_line' id='line_1_111' title="bbox 1824 4763 3416 4837; baseline 0.004 -19"><span class='ocrx_word' id='word_1_911' title='bbox 1824 4763 1960 4818; x_wconf 87' lang='lat' dir='ltr'><strong>cerit</strong></span> <span class='ocrx_word' id='word_1_912' title='bbox 1988 4763 2450 4820; x_wconf 87' lang='lat' dir='ltr'><strong>honorabiliorem</strong></span> <span class='ocrx_word' id='word_1_913' title='bbox 2499 4779 2563 4821; x_wconf 89' lang='lat' dir='ltr'><strong>ac</strong></span> <span class='ocrx_word' id='word_1_914' title='bbox 2605 4766 2986 4837; x_wconf 89' lang='lat' dir='ltr'><strong>pretiosiorem</strong></span> <span class='ocrx_word' id='word_1_915' title='bbox 3015 4767 3138 4824; x_wconf 87' lang='lat' dir='ltr'><strong>aliis</strong></span> <span class='ocrx_word' id='word_1_916' title='bbox 3165 4767 3416 4825; x_wconf 87' lang='lat' dir='ltr'><strong>omnibus</strong></span> 
     </span>
    </p>
   </div>
   <div class='ocr_carea' id='block_1_112' title="bbox 1823 4859 3415 4932">
    <p class='ocr_par' dir='ltr' id='par_1_112' title="bbox 1823 4859 3415 4932">
     <span class='ocr_line' id='line_1_112' title="bbox 1823 4859 3415 4932; baseline 0.004 -20"><span class='ocrx_word' id='word_1_917' title='bbox 1823 4873 1943 4928; x_wconf 73' lang='lat' dir='ltr'><strong>qua:</strong></span> <span class='ocrx_word' id='word_1_918' title='bbox 1973 4859 2026 4913; x_wconf 91' lang='lat' dir='ltr'><strong>in</strong></span> <span class='ocrx_word' id='word_1_919' title='bbox 2058 4866 2202 4914; x_wconf 87' lang='lat' dir='ltr'><strong>terra</strong></span> <span class='ocrx_word' id='word_1_920' title='bbox 2227 4867 2354 4914; x_wconf 90' lang='lat' dir='ltr'><strong>sunt</strong></span> <span class='ocrx_word' id='word_1_921' title='bbox 2375 4860 2639 4916; x_wconf 88' lang='lat' dir='ltr'><strong>creaturis</strong></span> <span class='ocrx_word' id='word_1_922' title='bbox 2665 4877 2680 4928; x_wconf 91' lang='lat'><strong>;</strong></span> <span class='ocrx_word' id='word_1_923' title='bbox 2712 4860 2816 4916; x_wconf 86' lang='lat' dir='ltr'><strong>alia</strong></span> <span class='ocrx_word' id='word_1_924' title='bbox 2837 4860 3056 4932; x_wconf 89' lang='lat' dir='ltr'><strong>quidem</strong></span> <span class='ocrx_word' id='word_1_925' title='bbox 3078 4861 3256 4918; x_wconf 92' lang='lat' dir='ltr'><strong>omnia</strong></span> <span class='ocrx_word' id='word_1_926' title='bbox 3287 4859 3415 4918; x_wconf 78' lang='lat' dir='ltr'><strong>fecit</strong></span> 
     </span>
    </p>
   </div>
   <div class='ocr_carea' id='block_1_113' title="bbox 1820 4949 3412 5019">
    <p class='ocr_par' dir='ltr' id='par_1_113' title="bbox 1820 4949 3412 5019">
     <span class='ocr_line' id='line_1_113' title="bbox 1820 4949 3412 5019; baseline 0.001 -15"><span class='ocrx_word' id='word_1_927' title='bbox 1820 4950 2025 5005; x_wconf 84' lang='lat' dir='ltr'><strong>verbo:</strong></span> <span class='ocrx_word' id='word_1_928' title='bbox 2068 4949 2232 5016; x_wconf 81' lang='lat' dir='ltr'><strong>dixit,</strong></span> <span class='ocrx_word' id='word_1_929' title='bbox 2279 4959 2333 5005; x_wconf 90' lang='lat' dir='ltr'><strong>et</strong></span> <span class='ocrx_word' id='word_1_930' title='bbox 2381 4949 2522 5005; x_wconf 81' lang='lat' dir='ltr'><strong>facta</strong></span> <span class='ocrx_word' id='word_1_931' title='bbox 2549 4959 2704 5018; x_wconf 91' lang='lat' dir='ltr'><strong>sunt;</strong></span> <span class='ocrx_word' id='word_1_932' title='bbox 2738 4952 3010 5007; x_wconf 89' lang='lat' dir='ltr'><strong>hominem</strong></span> <span class='ocrx_word' id='word_1_933' title='bbox 3057 4968 3218 5019; x_wconf 84' lang='lat' dir='ltr'><strong>vero,</strong></span> <span class='ocrx_word' id='word_1_934' title='bbox 3254 4953 3412 5009; x_wconf 88' lang='lat' dir='ltr'><strong>sicuti</strong></span> 
     </span>
    </p>
   </div>
   <div class='ocr_carea' id='block_1_114' title="bbox 1818 5040 3408 5117">
    <p class='ocr_par' dir='ltr' id='par_1_114' title="bbox 1818 5040 3408 5117">
     <span class='ocr_line' id='line_1_114' title="bbox 1818 5040 3408 5117; baseline 0 -21"><span class='ocrx_word' id='word_1_935' title='bbox 1818 5040 2022 5097; x_wconf 91' lang='lat' dir='ltr'><strong>dictum</strong></span> <span class='ocrx_word' id='word_1_936' title='bbox 2073 5050 2188 5109; x_wconf 87' lang='lat' dir='ltr'><strong>est,</strong></span> <span class='ocrx_word' id='word_1_937' title='bbox 2236 5041 2470 5112; x_wconf 89' lang='lat' dir='ltr'><strong>propriis</strong></span> <span class='ocrx_word' id='word_1_938' title='bbox 2522 5043 2638 5114; x_wconf 87' lang='lat' dir='ltr'><strong>ipse</strong></span> <span class='ocrx_word' id='word_1_939' title='bbox 2681 5044 2928 5100; x_wconf 89' lang='lat' dir='ltr'><strong>manibus</strong></span> <span class='ocrx_word' id='word_1_940' title='bbox 2969 5045 3124 5117; x_wconf 84' lang='lat' dir='ltr'><strong>juxta</strong></span> <span class='ocrx_word' id='word_1_941' title='bbox 3171 5045 3408 5100; x_wconf 82' lang='lat' dir='ltr'><strong>divinam</strong></span> 
     </span>
    </p>
   </div>
   <div class='ocr_carea' id='block_1_115' title="bbox 1819 5131 3408 5206">
    <p class='ocr_par' dir='ltr' id='par_1_115' title="bbox 1819 5131 3408 5206">
     <span class='ocr_line' id='line_1_115' title="bbox 1819 5131 3408 5206; baseline 0.001 -18"><span class='ocrx_word' id='word_1_942' title='bbox 1819 5131 2152 5204; x_wconf 89' lang='lat' dir='ltr'><strong>Scripturam</strong></span> <span class='ocrx_word' id='word_1_943' title='bbox 2183 5132 2350 5190; x_wconf 82' lang='lat' dir='ltr'><strong>fecit:</strong></span> <span class='ocrx_word' id='word_1_944' title='bbox 2385 5149 2718 5206; x_wconf 79' lang='lat' dir='ltr'><strong>quaecunque</strong></span> <span class='ocrx_word' id='word_1_945' title='bbox 2745 5146 2924 5193; x_wconf 88' lang='lat' dir='ltr'><strong>autem</strong></span> <span class='ocrx_word' id='word_1_946' title='bbox 2953 5140 3022 5196; x_wconf 87' lang='lat' dir='ltr'><strong>ab</strong></span> <span class='ocrx_word' id='word_1_947' title='bbox 3063 5154 3129 5194; x_wconf 85' lang='lat' dir='ltr'><strong>eo</strong></span> <span class='ocrx_word' id='word_1_948' title='bbox 3168 5137 3220 5192; x_wconf 92' lang='lat' dir='ltr'><strong>in</strong></span> <span class='ocrx_word' id='word_1_949' title='bbox 3261 5144 3408 5190; x_wconf 85' lang='lat' dir='ltr'><strong>terra</strong></span> 
     </span>
    </p>
   </div>
   <div class='ocr_carea' id='block_1_116' title="bbox 1818 5223 3406 5299">
    <p class='ocr_par' dir='ltr' id='par_1_116' title="bbox 1818 5223 3406 5299">
     <span class='ocr_line' id='line_1_116' title="bbox 1818 5223 3406 5299; baseline 0.003 -23"><span class='ocrx_word' id='word_1_950' title='bbox 1818 5223 1959 5280; x_wconf 84' lang='lat' dir='ltr'><strong>facta</strong></span> <span class='ocrx_word' id='word_1_951' title='bbox 1983 5233 2125 5290; x_wconf 89' lang='lat' dir='ltr'><strong>sunt,</strong></span> <span class='ocrx_word' id='word_1_952' title='bbox 2157 5225 2395 5281; x_wconf 87' lang='lat' dir='ltr'><strong>subdidit</strong></span> <span class='ocrx_word' id='word_1_953' title='bbox 2421 5227 2646 5293; x_wconf 89' lang='lat' dir='ltr'><strong>homini,</strong></span> <span class='ocrx_word' id='word_1_954' title='bbox 2679 5229 2770 5299; x_wconf 88' lang='lat' dir='ltr'><strong>qui</strong></span> <span class='ocrx_word' id='word_1_955' title='bbox 2799 5239 2955 5285; x_wconf 83' lang='lat' dir='ltr'><strong>sexto</strong></span> <span class='ocrx_word' id='word_1_956' title='bbox 2978 5231 3147 5284; x_wconf 80' lang='lat' dir='ltr'><strong>factus</strong></span> <span class='ocrx_word' id='word_1_957' title='bbox 3177 5235 3261 5283; x_wconf 90' lang='lat' dir='ltr'><strong>est</strong></span> <span class='ocrx_word' id='word_1_958' title='bbox 3279 5227 3366 5281; x_wconf 90' lang='lat' dir='ltr'><strong>die</strong></span> <span class='ocrx_word' id='word_1_959' title='bbox 3389 5245 3406 5280; x_wconf 90' lang='lat'><strong>:</strong></span> 
     </span>
    </p>
   </div>
   <div class='ocr_carea' id='block_1_117' title="bbox 1819 5315 3403 5388">
    <p class='ocr_par' dir='ltr' id='par_1_117' title="bbox 1819 5315 3403 5388">
     <span class='ocr_line' id='line_1_117' title="bbox 1819 5315 3403 5388; baseline 0.001 -18"><span class='ocrx_word' id='word_1_960' title='bbox 1819 5323 1879 5370; x_wconf 87' lang='lat' dir='ltr'><strong>ut</strong></span> <span class='ocrx_word' id='word_1_961' title='bbox 1907 5315 2157 5371; x_wconf 88' lang='lat' dir='ltr'><strong>omnibus</strong></span> <span class='ocrx_word' id='word_1_962' title='bbox 2179 5317 2406 5372; x_wconf 80' lang='lat' dir='ltr'><strong>terrenis</strong></span> <span class='ocrx_word' id='word_1_963' title='bbox 2430 5320 2693 5374; x_wconf 85' lang='lat' dir='ltr'><strong>creaturis</strong></span> <span class='ocrx_word' id='word_1_964' title='bbox 2708 5319 2818 5388; x_wconf 87' lang='lat' dir='ltr'><strong>jam</strong></span> <span class='ocrx_word' id='word_1_965' title='bbox 2849 5319 3023 5386; x_wconf 82' lang='lat' dir='ltr'><strong>factis,</strong></span> <span class='ocrx_word' id='word_1_966' title='bbox 3055 5335 3119 5375; x_wconf 88' lang='lat' dir='ltr'><strong>ac</strong></span> <span class='ocrx_word' id='word_1_967' title='bbox 3144 5319 3244 5388; x_wconf 84' lang='lat' dir='ltr'><strong>ipsi</strong></span> <span class='ocrx_word' id='word_1_968' title='bbox 3269 5333 3403 5388; x_wconf 70' lang='lat' dir='ltr'><strong>prmo</strong></span> 
     </span>
    </p>
   </div>
   <div class='ocr_carea' id='block_1_118' title="bbox 1817 5406 3401 5481">
    <p class='ocr_par' dir='ltr' id='par_1_118' title="bbox 1817 5406 3401 5481">
     <span class='ocr_line' id='line_1_118' title="bbox 1817 5406 3401 5481; baseline 0.003 -19"><span class='ocrx_word' id='word_1_969' title='bbox 1817 5407 2042 5478; x_wconf 86' lang='lat' dir='ltr'><strong>paratis,</strong></span> <span class='ocrx_word' id='word_1_970' title='bbox 2073 5406 2464 5474; x_wconf 84' lang='lat' dir='ltr'><strong>dominaretur,</strong></span> <span class='ocrx_word' id='word_1_971' title='bbox 2513 5409 2627 5479; x_wconf 90' lang='lat' dir='ltr'><strong>ipse</strong></span> <span class='ocrx_word' id='word_1_972' title='bbox 2656 5411 3001 5481; x_wconf 86' lang='lat' dir='ltr'><strong>plasmatoris</strong></span> <span class='ocrx_word' id='word_1_973' title='bbox 3026 5409 3108 5464; x_wconf 91' lang='lat' dir='ltr'><strong>sui</strong></span> <span class='ocrx_word' id='word_1_974' title='bbox 3143 5408 3401 5466; x_wconf 81' lang='lat' dir='ltr'><strong>obediens</strong></span> 
     </span>
    </p>
   </div>
   <div class='ocr_carea' id='block_1_119' title="bbox 1817 5500 3396 5571">
    <p class='ocr_par' dir='ltr' id='par_1_119' title="bbox 1817 5500 3396 5571">
     <span class='ocr_line' id='line_1_119' title="bbox 1817 5500 3396 5571; baseline 0.004 -17"><span class='ocrx_word' id='word_1_975' title='bbox 1817 5501 2066 5571; x_wconf 86' lang='lat' dir='ltr'><strong>imperio.</strong></span> <span class='ocrx_word' id='word_1_976' title='bbox 2110 5500 2224 5557; x_wconf 89' lang='lat' dir='ltr'><strong>lloc</strong></span> <span class='ocrx_word' id='word_1_977' title='bbox 2273 5510 2328 5557; x_wconf 89' lang='lat' dir='ltr'><strong>et</strong></span> <span class='ocrx_word' id='word_1_978' title='bbox 2355 5518 2456 5558; x_wconf 90' lang='lat' dir='ltr'><strong>nos</strong></span> <span class='ocrx_word' id='word_1_979' title='bbox 2481 5502 2642 5558; x_wconf 85' lang='lat' dir='ltr'><strong>docet</strong></span> <span class='ocrx_word' id='word_1_980' title='bbox 2687 5512 2906 5560; x_wconf 82' lang='lat' dir='ltr'><strong>sanctus</strong></span> <span class='ocrx_word' id='word_1_981' title='bbox 2936 5502 3243 5570; x_wconf 81' lang='lat' dir='ltr'><strong>Theologus</strong></span> <span class='ocrx_word' id='word_1_982' title='bbox 3269 5501 3396 5560; x_wconf 83' lang='lat' dir='ltr'><strong>Grc-</strong></span> 
     </span>
    </p>
   </div>
   <div class='ocr_carea' id='block_1_120' title="bbox 1817 5595 3401 5668">
    <p class='ocr_par' dir='ltr' id='par_1_120' title="bbox 1817 5595 3401 5668">
     <span class='ocr_line' id='line_1_120' title="bbox 1817 5595 3401 5668; baseline 0.001 -18"><span class='ocrx_word' id='word_1_983' title='bbox 1817 5595 2000 5664; x_wconf 78' lang='lat' dir='ltr'><strong>gorius</strong></span> <span class='ocrx_word' id='word_1_984' title='bbox 2025 5595 2076 5650; x_wconf 90' lang='lat' dir='ltr'><strong>in</strong></span> <span class='ocrx_word' id='word_1_985' title='bbox 2109 5596 2357 5651; x_wconf 84' lang='lat' dir='ltr'><strong>oratione</strong></span> <span class='ocrx_word' id='word_1_986' title='bbox 2385 5595 2437 5650; x_wconf 89' lang='lat' dir='ltr'><strong>in</strong></span> <span class='ocrx_word' id='word_1_987' title='bbox 2465 5612 2660 5652; x_wconf 75' lang='lat' dir='ltr'><strong>novam</strong></span> <span class='ocrx_word' id='word_1_988' title='bbox 2691 5597 3015 5652; x_wconf 84' lang='lat' dir='ltr'><strong>dominicam</strong></span> <span class='ocrx_word' id='word_1_989' title='bbox 3058 5597 3232 5667; x_wconf 85' lang='lat' dir='ltr'><strong>(Urat.</strong></span> <span class='ocrx_word' id='word_1_990' title='bbox 3267 5595 3360 5668; x_wconf 70' lang='grc'><strong>45)</strong></span> <span class='ocrx_word' id='word_1_991' title='bbox 3388 5613 3401 5666; x_wconf 88' lang='lat'><strong>;</strong></span> 
     </span>
    </p>
   </div>
   <div class='ocr_carea' id='block_1_121' title="bbox 1816 5687 3402 5760">
    <p class='ocr_par' dir='ltr' id='par_1_121' title="bbox 1816 5687 3402 5760">
     <span class='ocr_line' id='line_1_121' title="bbox 1816 5687 3402 5760; baseline 0.003 -17"><span class='ocrx_word' id='word_1_992' title='bbox 1816 5687 1892 5743; x_wconf 89' lang='lat' dir='ltr'><strong>sic</strong></span> <span class='ocrx_word' id='word_1_993' title='bbox 1923 5688 2064 5743; x_wconf 87' lang='lat' dir='ltr'><strong>enim</strong></span> <span class='ocrx_word' id='word_1_994' title='bbox 2107 5688 2236 5745; x_wconf 90' lang='lat' dir='ltr'><strong>dicit</strong></span> <span class='ocrx_word' id='word_1_995' title='bbox 2263 5707 2274 5741; x_wconf 87' lang='lat'><strong>:</strong></span> <span class='ocrx_word' id='word_1_996' title='bbox 2318 5709 2336 5742; x_wconf 84' lang='grc' dir='ltr'><strong>ε</strong></span> <span class='ocrx_word' id='word_1_997' title='bbox 2368 5689 2446 5743; x_wconf 86' lang='lat' dir='ltr'><strong>lta</strong></span> <span class='ocrx_word' id='word_1_998' title='bbox 2476 5690 2675 5758; x_wconf 80' lang='lat' dir='ltr'><strong>aliquid</strong></span> <span class='ocrx_word' id='word_1_999' title='bbox 2707 5691 2935 5760; x_wconf 83' lang='lat' dir='ltr'><strong>primum</strong></span> <span class='ocrx_word' id='word_1_1000' title='bbox 2985 5690 3036 5745; x_wconf 90' lang='lat' dir='ltr'><strong>in</strong></span> <span class='ocrx_word' id='word_1_1001' title='bbox 3082 5690 3272 5748; x_wconf 82' lang='lat' dir='ltr'><strong>diebus</strong></span> <span class='ocrx_word' id='word_1_1002' title='bbox 3300 5707 3402 5748; x_wconf 62' lang='lat' dir='ltr'><strong>nua</strong></span> 
     </span>
    </p>
   </div>
   <div class='ocr_carea' id='block_1_122' title="bbox 1817 5779 3400 5853">
    <p class='ocr_par' dir='ltr' id='par_1_122' title="bbox 1817 5779 3400 5853">
     <span class='ocr_line' id='line_1_122' title="bbox 1817 5779 3400 5853; baseline 0.004 -21"><span class='ocrx_word' id='word_1_1003' title='bbox 1817 5787 2076 5844; x_wconf 85' lang='lat' dir='ltr'><strong>meratur,</strong></span> <span class='ocrx_word' id='word_1_1004' title='bbox 2101 5789 2156 5835; x_wconf 91' lang='lat' dir='ltr'><strong>et</strong></span> <span class='ocrx_word' id='word_1_1005' title='bbox 2180 5779 2496 5846; x_wconf 86' lang='lat' dir='ltr'><strong>secundum,</strong></span> <span class='ocrx_word' id='word_1_1006' title='bbox 2523 5788 2576 5834; x_wconf 90' lang='lat' dir='ltr'><strong>et</strong></span> <span class='ocrx_word' id='word_1_1007' title='bbox 2599 5779 2833 5848; x_wconf 83' lang='lat' dir='ltr'><strong>tertium,</strong></span> <span class='ocrx_word' id='word_1_1008' title='bbox 2853 5795 2914 5834; x_wconf 85' lang='lat' dir='ltr'><strong>ac</strong></span> <span class='ocrx_word' id='word_1_1009' title='bbox 2935 5779 3206 5853; x_wconf 78' lang='lat' dir='ltr'><strong>deinceps,</strong></span> <span class='ocrx_word' id='word_1_1010' title='bbox 3230 5797 3400 5852; x_wconf 86' lang='lat' dir='ltr'><strong>usque</strong></span> 
     </span>
    </p>
   </div>
   <div class='ocr_carea' id='block_1_123' title="bbox 1817 5873 3405 5968">
    <p class='ocr_par' dir='ltr' id='par_1_123' title="bbox 1817 5873 3405 5968">
     <span class='ocr_line' id='line_1_123' title="bbox 1817 5873 3405 5968; baseline 0.003 -38"><span class='ocrx_word' id='word_1_1011' title='bbox 1817 5873 1886 5938; x_wconf 82' lang='lat' dir='ltr'><strong>ad</strong></span> <span class='ocrx_word' id='word_1_1012' title='bbox 1928 5873 2217 5948; x_wconf 86' lang='lat' dir='ltr'><strong>septimum</strong></span> <span class='ocrx_word' id='word_1_1013' title='bbox 2253 5873 2395 5934; x_wconf 84' lang='lat' dir='ltr'><strong>diem</strong></span> <span class='ocrx_word' id='word_1_1014' title='bbox 2422 5914 2436 5942; x_wconf 94' lang='lat'><strong>,</strong></span> <span class='ocrx_word' id='word_1_1015' title='bbox 2469 5886 2576 5946; x_wconf 86' lang='lat' dir='ltr'><strong>quo</strong></span> <span class='ocrx_word' id='word_1_1016' title='bbox 2605 5873 2821 5946; x_wconf 83' lang='lat' dir='ltr'><strong>requies</strong></span> <span class='ocrx_word' id='word_1_1017' title='bbox 2866 5874 2962 5966; x_wconf 64' lang='lat' dir='ltr'><strong>fuit</strong></span> <span class='ocrx_word' id='word_1_1018' title='bbox 3001 5877 3070 5936; x_wconf 84' lang='lat' dir='ltr'><strong>ab</strong></span> <span class='ocrx_word' id='word_1_1019' title='bbox 3115 5877 3405 5968; x_wconf 65' lang='lat' dir='ltr'><strong>erroribus&quot;</strong></span> 
     </span>
    </p>
   </div>
   <div class='ocr_carea' id='block_1_124' title="bbox 3949 4441 3956 5087">
    <p class='ocr_par' dir='ltr' id='par_1_124' title="bbox 3949 4441 3953 4586">
     <span class='ocr_line' id='line_1_124' title="bbox 3951 4441 3953 4556; baseline 0 -10"><span class='ocrx_word' id='word_1_1020' title='bbox 3951 4441 3953 4546; x_wconf 61' lang='grc' dir='ltr'><em>Ξ</em></span> 
     </span>
     <span class='ocr_line' id='line_1_125' title="bbox 3949 4557 3953 4586; baseline 0 0"><span class='ocrx_word' id='word_1_1021' title='bbox 3949 4557 3953 4586; x_wconf 47' lang='grc' dir='ltr'><strong>ι</strong></span> 
     </span>
    </p>
   </div>
  </div>
