3988 6346
475 257 582 318 185

1872 248 2156 310 VIGILIUS
2193 249 2393 306 PAPA.

3667 261 3770 323 εει

472 381 619 436 εἰκὼν
656 369 782 430 ἒῖναι
825 378 918 430 τοῦ
963 365 1241 446 ἀσωμάτοὺ
1288 369 1347 426 τὸ
1396 374 1586 441 σῶμα;
1639 367 1717 424 διὸ
1763 373 1832 442 μή
1878 371 2068 442 γένοιτο

2174 373 2280 420 tur.
2327 366 2384 422 Si
2430 380 2582 433 vero,
2607 364 2762 437 juxta
2804 362 3048 436 Origenis
3091 366 3484 442 blasphemiam
3505 413 3526 446 ,
3569 376 3765 436 anima:

381 525 387 545 ,
471 472 676 529 τούτοις
717 468 1054 545 Χριστιανοὺς
1099 465 1397 522 συνθέσθαι.
1445 463 1508 516 Εἰ
1548 460 1602 518 δέ
1641 465 1776 520 κατά
1813 465 1902 522 τήν
1939 473 2076 539 Ὦρι-

471 564 645 634 γένους
681 561 1003 635 βλασφημίαν
1044 566 1395 634 προϋπῆρχον
1439 556 1494 612 αί
1523 554 1728 628 ψυχαὶ,
1757 558 1844 611 καί
1887 548 1974 611 διά
2015 556 2074 611 τὸ

473 654 772 733 ἆμαρτῆσαι
816 655 980 712 αὐτάς
1025 653 1274 728 τιμωρίας
1302 649 1458 724 χάριν
1485 650 1561 708 εἰς
1584 649 1652 704 τά
1681 649 2077 720 σώματακατε-

469 749 884 824 πέμφθησαν,ἷνα
902 743 1252 802 παιδευθεῖσαι
1277 747 1698 825 σωφρονήσωσιν,
1724 743 1888 832 ἐχρῆν
1911 742 2076 801 αὐτάς

473 844 650 915 μηκέτι
679 840 1005 916 ἁμαρτάνειν·
1033 841 1079 892 εἰ
1097 839 1197 914 γάρ
1226 837 1356 914 πρὸς
1377 836 1576 893 κόλασιν
1600 843 1663 911 τῇ
1869 831 1952 889 διά
1977 837 2071 892 τήν

376 925 422 1012 »⁵,
470 937 727 1012 ἁμαρτίαν
758 931 898 992 ἐδόθη
927 933 984 989 τὸ
1027 939 1200 1003 σῶμα,
1239 933 1375 986 ὥστε
1419 932 1576 990 αὐτήν
1613 925 1925 998 ὀδυνωμίνην
1949 949 2074 984 παι·

407 1017 415 1026 ’
471 1027 708 1087 δευθῆναι
733 1027 864 1102 πρὸς
885 1027 944 1080 τὸ
972 1029 1123 1095 τιμᾷν
1151 1025 1238 1080 τὸν
1260 1024 1402 1090 Θεὸν,
1426 1030 1538 1083 πῶς
1565 1029 1806 1097 συνεργεῖ
1835 1023 1922 1074 καί
1951 1041 2076 1074 συν·

470 1123 767 1195 αγωνίζεται
808 1122 935 1194 αὐτῇ
980 1121 1039 1174 τὸ
1079 1125 1232 1192 σῶμα
1269 1121 1400 1193 πρὸς
1440 1119 1496 1172 τὸ
1542 1113 1930 1194 ἁμαρτάνειν,ὃ
1966 1123 2075 1176 τοῖς

469 1215 818 1288 κολάζομενοις
861 1215 1053 1287 γίνεται
1099 1209 1203 1284 [ἴσ.
1231 1212 1288 1266 ού
1324 1207 1783 1284 γίνεται].Δεσμοί
1826 1211 1946 1284 γάρ,
1995 1209 2076 1262 καί

471 1307 711 1379 φυλακαί,
756 1308 840 1360 καί
881 1303 1061 1367 πέδαι,
1113 1306 1196 1358 καί
1227 1301 1489 1374 συντόμως
1530 1306 1716 1367 εἰπεῖν,
1749 1300 1815 1355 τά
1861 1305 2076 1356 τοιαῦτα

474 1397 708 1472 ἐφεκτικά
743 1403 836 1451 τοῦ
885 1395 1101 1459 ἀδικεῖν,
1133 1397 1219 1448 καί
1252 1400 1338 1448 τοῦ
1379 1391 1687 1469 ἁμαρτάνειν
1724 1398 1834 1452 τοῖς
1876 1391 2078 1455 κολαζο-

469 1493 634 1561 μένοις
657 1492 898 1565 γίνονται.
925 1491 994 1545 Οὖ
1013 1491 1114 1563 γάρ
1140 1486 1282 1548 ὅπως
1300 1486 1324 1541 ὁ
1341 1486 1650 1562 ἁμαρτήσας
1672 1486 1822 1540 πλέον
1844 1484 2072 1561 ἁμάρτῃ,

470 1586 714 1660 συνεργὸς
761 1587 903 1654 αὐτῷ
945 1573 1076 1658 πρὸς
1122 1586 1211 1640 τήν
1257 1577 1510 1654 ἁμαρτίὰν
1555 1577 1581 1633 ὁ
1621 1576 1810 1648 δεσμὸς
1855 1575 2071 1646 δίδοται,

471 1676 575 1732 ἀλλ’
601 1675 743 1736 ὅπως
787 1677 1057 1732 παύσηται
1102 1679 1190 1728 τοῦ
1236 1671 1543 1745 ἁμαρτάνειν
1591 1667 1675 1724 διὰ
1725 1675 1827 1724 τῶν
1874 1667 2075 1739 δεσμῶν

2175 457 2610 528 prmexistebant,
2653 472 2718 513 ac
2743 456 2799 512 in
2837 471 3054 528 poenam
3081 468 3432 531 peccatorum
3457 479 3682 524 suorum
3711 469 3768 527 in

2176 563 2408 619 corpora
2433 547 2680 604 demissa:
2721 558 2866 618 sunt,
2917 558 2977 606 ut
3018 552 3315 610 emendata:
3359 557 3767 632 resipiscerent,

2175 656 2269 699 eas
2319 641 2606 712 oportebat
2633 642 2863 713 amplius
2904 659 3012 700 non
3047 659 3293 716 peccare.
3337 646 3472 703 Nam
3499 650 3546 705 si
3573 667 3772 725 corpus

2175 733 2359 790 datum
2401 741 2486 789 est
2514 733 2706 789 anima:
2746 735 2801 789 in
2829 736 3150 806 supplicium
3179 746 3404 810 propter
3431 752 3678 812 peccata,
3709 753 3770 800 ut

2175 827 2455 883 doloribus
2497 827 2880 884 emendaretur
2930 830 2999 885 ad
3050 831 3514 890 honoriﬁcandum
3567 836 3762 906 Deum,

2176 918 2448 988 quomodo
2474 933 2670 989 corpus
2698 934 2819 973 eam
2852 919 3070 990 adjuvat
3098 929 3153 977 et
3200 925 3522 980 corroborat
3543 926 3613 980 ad
3639 943 3771 998 pec-

2175 1009 2431 1076 candum,
2461 1010 2608 1081 quod
2638 1010 2704 1066 iis
2731 1010 2822 1080 qui
2846 1027 3006 1081 poena
3031 1012 3357 1080 afﬁciuntur,
3391 1032 3500 1072 non
3541 1019 3770 1076 evenit?

2175 1100 2398 1156 Vincula
2430 1103 2597 1168 enim,
2640 1118 2906 1170 carceres,
2955 1107 3265 1178 compedes,
3297 1124 3378 1176 ac,
3430 1119 3489 1165 ut
3527 1111 3769 1168 breviter

2174 1191 2371 1259 dicam,
2423 1195 2604 1250 omnia
2634 1196 2921 1264 ejusmodi,
2969 1197 3278 1270 iniquitates
3307 1210 3362 1257 et
3404 1212 3627 1274 peccata
3671 1220 3770 1261 eo-

2174 1299 2294 1338 rum
2341 1285 2616 1353 cohihent,
2672 1287 2764 1357 qui
2808 1287 2920 1358 jam
2951 1305 3140 1360 poenas
3187 1292 3362 1347 luunt.
3403 1293 3515 1351 Nec
3559 1303 3621 1350 ut
3669 1297 3766 1366 qui

2179 1377 2438 1447 peccarit,
2485 1379 2716 1450 amplius
2757 1388 2977 1450 peccet,
3028 1382 3241 1439 vincula
3270 1384 3322 1439 ei
3352 1385 3622 1441 adduntur
3647 1403 3768 1456 qua:

2177 1468 2245 1523 ad
2264 1469 2596 1539 peccandum
2623 1470 2917 1542 adjuvent;
2945 1473 3044 1529 sed
3075 1483 3133 1529 ut
3160 1475 3494 1532 vinculorum
3522 1478 3768 1537 cruciatu

2176 1575 2409 1632 peccare
2439 1563 2682 1620 desistat.
2717 1563 2896 1631 Quare
2925 1568 3273 1637 perspicuum
3300 1578 3403 1637 est,
3442 1587 3549 1626 non
3578 1573 3646 1627 ad
3676 1588 3769 1628 su-

2179 1653 2451 1722 periorum
2473 1663 2821 1724 peccatorum
2844 1656 3272 1725 castigationem,
3296 1668 3355 1714 ut
3378 1660 3454 1715 illi
3475 1671 3764 1731 nugantur,

469 1769 888 1840 βασανιζὸμενος.
917 1763 1163 1842 Πρόδηλον
1191 1766 1380 1827 τοίνυν,
1415 1759 1497 1816 ὅτι
1521 1761 1579 1814 ού
1609 1759 1694 1814 διά
1721 1759 2070 1833 σωφρονισμὸν

2178 1745 2498 1814 corporibus
2525 1746 2791 1802 immissas
2840 1761 2960 1802 esse
2992 1749 3237 1816 animas;
3284 1750 3377 1806 sed
3405 1752 3564 1806 simul
3594 1752 3766 1810 Deum

468 1862 838 1937 προλαϐουσῶν
863 1859 1122 1936 ἁμαρτιῶν
1147 1865 1251 1918 τοῖς
1278 1859 1511 1928 σώμασιν
1533 1854 1865 1912 ἐνεϐλήθησαν
1890 1854 1942 1908 αἱ
1969 1853 2073 1924 ψυ-

469 1957 573 2027 χαί
596 1957 726 2010 κατά
754 1957 876 2014 τούς
907 1955 1100 2008 ἐκείνων
1126 1953 1332 2021 λήρους,
1366 1951 1493 2004 ἀλλά
1522 1952 1652 2004 κατὰ
1678 1950 1865 2004 ταυτὸν
1895 1947 1920 2002 ὁ
1949 1949 2098 2009 Θεὸς·

468 2046 526 2101 τό
547 2068 602 2102 τε
630 2053 800 2120 σῶμα,
819 2051 908 2104 τήν
930 2067 984 2101 τε
1007 2047 1209 2116 ψυχήν,
1234 2045 1475 2100 τουτέστι
1497 2043 1683 2098 τέλειον
1710 2043 1794 2099 τὸν
1821 2040 2073 2122 ἄνθρωπον

469 2138 889 2216 ἐδημιούργησεν.
915 2139 1056 2194 Ὀθεν
1083 2147 1181 2194 τῶν
1211 2137 1296 2193 διά
1324 2143 1416 2192 τοῦ
1443 2140 1684 2208 σώματος
1709 2139 1824 2207 ἡμῖν
1849 2159 2074 2215 πεπραγ-

471 2233 648 2304 μένων,
681 2231 778 2287 εἵτε
808 2234 1039 2302 ἀγαθῶν,
1072 2229 1170 2284 εἴτε
1199 2230 1420 2303 φαύλων,
1451 2234 1539 2289 τήν
1581 2227 1919 2284 ἀνταπόδοσιν
1947 2231 2073 2285 ἀνα-

470 2325 702 2393 μένομεν.
732 2328 892 2377 Τοῦτο
929 2324 1026 2398 γάρ
1074 2324 1196 2393 ἡμῖν
1241 2318 1589 2398 παραδίδωσιν
1625 2323 1709 2374 καὶ
1732 2319 1757 2374 ὁ
1784 2320 1913 2380 θεῖος
1938 2320 2072 2375 ἀπό-

472 2415 653 2475 στολος
692 2415 904 2477 Παῦλος,
937 2414 1121 2486 λέγων’
1156 2429 1177 2464 ε
1199 2409 1316 2466 Ὀτι
1347 2413 1543 2472 πάντας
1571 2413 1705 2482 ἡμᾶς
1729 2413 2072 2488 φανερωθῆναι

472 2507 554 2565 δεῖ
575 2509 867 2586 ἔμπροσθεν
893 2515 980 2564 τοῦ
1013 2509 1243 2580 βήματος
1277 2513 1362 2562 τοῦ
1402 2511 1646 2582 Χριστοῦ,
1673 2507 1756 2561 ἶνα
1800 2507 2071 2576 κομίσηται

473 2602 693 2662 ἕκαστος
717 2605 783 2658 τά
814 2601 895 2658 διὰ
920 2607 1013 2658 τοῦ
1043 2604 1284 2672 σώματος
1331 2600 1462 2675 πρὸς
1485 2599 1517 2652 ἃ
1539 2597 1781 2675 ἔπραξεν,
1816 2597 1914 2653 εἴτε
1945 2600 2072 2672 ἀγα·

473 2695 576 2760 θόν,
595 2693 693 2750 εἴτε
711 2696 915 2768 φαῦλον.
928 2698 1116 2774 »Προσὲ
1121 2717 1237 2766 χειν
1255 2698 1417 2750 τοίνυν
1439 2692 1518 2748 δεῖ
1529 2703 1636 2754 τοῖς
1657 2700 1749 2748 τοῦ
1759 2691 2068 2751 ’Δποστὸλου

475 2787 709 2859 ῥήμασιν,
737 2787 818 2842 ὅτι
847 2789 935 2842 οὐκ
964 2784 1071 2842 εἷπε
1098 2788 1386 2861 κομίζεσθαι
1405 2783 1506 2841 δεῖν
1526 2787 1613 2842 τὸν
1634 2785 1918 2861 κρινόμενον
1938 2785 2071 2858 πρὸς

475 2876 510 2932 ἃ
539 2875 732 2952 ἔπραξε
755 2879 857 2955 πρὸ
883 2884 973 2934 τοῦ
999 2882 1256 2950 σώματος.
1278 2881 1334 2932 Ei
1362 2877 1414 2933 δὲ
1441 2879 1524 2934 ἐπί
1547 2878 1715 2951 μόνοις
1739 2886 1846 2938 τοῖς
1873 2875 1958 2932 διά
1976 2883 2069 2932 τοῦ

475 2972 717 3042 σώματος
751 2961 1011 3035 κολάζεται
1053 2968 1318 3046 ἄνθρωπος
1362 2971 1510 3048 παρὰ
1552 2976 1644 3026 τοῦ
1681 2973 1938 3046 κρίνοντος
1965 2972 2069 3028 ’τήν

475 3069 596 3135 γῆν,
639 3061 668 3121 ἢ
708 3071 800 3124 τῆς
841 3060 1056 3123 δεούσης
1094 3065 1320 3128 ἀξιοῦται
1359 3071 1539 3131 τιμῆς,
1568 3064 1733 3132 μνήμη
1773 3059 1826 3116 δέ
1863 3059 2071 3131 οὐδεμία

2177 1847 2232 1895 et
2257 1855 2454 1912 corpus
2499 1850 2554 1896 et
2593 1841 2848 1908 animam,
2893 1842 2947 1896 id
2988 1854 3090 1907 est,
3141 1843 3439 1913 perfectum
3465 1847 3763 1915 hominem,

2175 1934 2494 1992 fabricatum
2525 1952 2664 1994 esse.
2696 1937 2882 2006 Itaque
2911 1952 3100 1992 eorum
3129 1953 3249 2006 qum
3276 1953 3374 2008 per
3394 1954 3590 2010 corpus
3615 1955 3644 1994 a
3669 1957 3765 1997 no-

2174 2026 2257 2082 bis
2283 2036 2433 2097 gesta
2461 2037 2606 2096 sunt,
2633 2030 2747 2084 sive
2768 2029 3056 2094 bonorum,
3081 2029 3195 2086 sive
3222 2031 3504 2098 malorum,
3533 2034 3765 2089 retribu-

2173 2119 2379 2176 tionem
2405 2130 2818 2192 exspectamus;
2850 2123 2955 2178 hoc
2983 2124 3127 2177 enim
3151 2123 3308 2179 nobis
3337 2125 3504 2180 tradit
3543 2135 3598 2182 et
3629 2127 3765 2183 divi-

2175 2229 2277 2268 nus
2305 2213 2586 2284 apostolus
2615 2211 2816 2269 Paulus
2855 2213 3040 2269 dicens
3065 2233 3078 2268 :
3133 2212 3326 2270 Omnes
3354 2217 3491 2271 enim
3519 2235 3617 2272 nos
3647 2235 3764 2272 ma-

2174 2307 2417 2378 nifestari
2435 2314 2634 2377 oportet
2656 2315 2776 2360 ante
2797 2307 3025 2362 tribunal
3049 2307 3261 2373 Christi,
3298 2317 3356 2363 ut
3384 2311 3574 2382 refernt
3600 2327 3763 2365 unus-

2173 2399 2384 2472 quisque
2431 2414 2493 2452 εει
2517 2414 2632 2470 ᾳιιιε
2658 2415 2750 2467 per
2797 2415 2980 2469 corpus
3027 2409 3179 2468 prout
3208 2401 3366 2472 gessit
3410 2402 3514 2456 sive
3549 2416 3758 2470 bonum,

2171 2493 2277 2546 sive
2309 2489 2502 2544 malum
2532 2487 2585 2560 (Ι
2609 2488 2730 2544 Cor.
2759 2489 2835 2561 v).
2878 2490 3213 2546 Attendenda
3238 2506 3367 2561 ergo
3387 2499 3511 2548 sunt
3531 2493 3763 2564 apostoli

2173 2584 2337 2640 verba
2364 2601 2380 2649 ;
2433 2599 2536 2639 nec
2565 2583 2709 2638 enim
2738 2583 2892 2649 dixit,
2941 2593 3196 2654 oportere
3241 2585 3489 2656 recipere
3517 2601 3642 2642 eum
3673 2587 3762 2658 qui

2168 2677 2458 2746 judicatur,
2513 2684 2672 2748 prout
2718 2676 2884 2745 gessit
2915 2685 3040 2732 ante
3069 2693 3286 2747 corpus.
3333 2678 3390 2733 Si
3435 2693 3566 2734 vero
3602 2679 3674 2733 ob
3700 2694 3762 2735 ea

2173 2770 2287 2826 sola
2315 2785 2435 2840 quae
2463 2785 2562 2841 per
2589 2785 2786 2840 corpus
2813 2769 2977 2825 homo
3005 2769 3186 2838 gessit,
3239 2770 3307 2825 ab
3343 2785 3410 2826 eo
3439 2773 3530 2840 qui
3561 2781 3762 2828 terram

2167 2864 2392 2934 judicat,
2425 2865 2511 2920 vel
2539 2880 2698 2936 poena
2723 2863 2972 2928 allicitur,
3003 2869 3088 2919 vel
3125 2865 3317 2920 merito
3345 2866 3563 2936 praemio
3589 2884 3604 2933 ;
3638 2867 3760 2922 nul-

2171 2956 2333 3028 laque
2395 2957 2600 3012 mentio
2649 2956 2743 3012 iiat
2791 2964 2916 3011 ante
2963 2955 3317 3012 admissorum
3363 2966 3757 3028 peccatorum:

2170 3051 2515 3122 perspicuum
2541 3057 2648 3119 est,
2697 3050 2904 3106 animas
2933 3057 3060 3105 ante
3089 3060 3319 3122 corpora
3365 3067 3473 3107 non
3515 3065 3656 3106 esse.
3703 3050 3760 3106 Si

474 3156 885 3232 προγενεστέρων
924 3155 1336 3229 ἁμαρτημάτων,
1376 3152 1522 3212 δῆλον
1567 3151 1650 3209 ὅτι
1691 3154 1746 3207 ού
1790 3156 2066 3233 προϋπάρ-

2173 3148 2316 3204 enim
2361 3147 2789 3220 pneexisterent,
2839 3147 3064 3202 dixisset
3102 3144 3411 3217 Apostolus,
3462 3153 3760 3216 gestatum

477 3270 640 3319 χουσι
665 3256 766 3304 τῶν
787 3249 1038 3320 σωμάτων
1057 3249 1109 3302 αἱ
1130 3248 1328 3319 ψυχαί⁶
1355 3250 1400 3301 εἰ
1420 3248 1518 3323 γάρ
1540 3254 1904 3324 προϋπῆρχον,
1933 3244 2070 3304 εἶπεν

477 3334 537 3392 ἂν
565 3339 938 3404 ὁἋπόστολος,
969 3342 1147 3414 ὥσπερ
1175 3341 1258 3395 -τά
1287 3338 1372 3394 διὰ
1401 3344 1492 3392 τοῦ
1538 3341 1800 3409 σώματος,
1822 3339 1958 3396 οὕτω
1988 3345 2073 3397 καὶ

475 3433 542 3486 τὰ
577 3433 677 3506 πρὸ
714 3439 806 3487 τοῦ
846 3434 1102 3504 σώματος.
1136 3428 1252 3486 Ὀτι
1281 3429 1335 3486 δὲ
1363 3430 1417 3486 αἱ
1449 3436 1550 3486 τῶν
1587 3431 1862 3506 ἀνθρώπων
1893 3431 2072 3504 ψυχαί

476 3526 644 3598 νοεραί
681 3545 757 3590 τε,
781 3527 864 3578 καί
910 3524 1106 3596 λογικαί
1145 3525 1494 3596 τυγχάνουσι,
1520 3531 1619 3580 τῶν
1663 3523 2072 3600 ὁμολογουμένων

476 3615 634 3669 ἐστίν’
672 3612 799 3690 ὅπερ
827 3613 940 3670 οὐδέ
967 3618 1086 3675 τοὺς
1125 3617 1410 3690 Ὧριγένους
1455 3617 1900 3687 ἀντιποιουμένους
1927 3622 2072 3691 νομί-

476 3708 620 3778 ζομεν
661 3708 1017 3782 ἀπαρνεῖσθαι.
1067 3709 1373 3763 Εἱπάτωσαν
1413 3711 1580 3764 τοίνυν
1605 3709 1650 3762 οἱ
1677 3711 1744 3765 τά
1785 3713 2072 3787 Ὠριγένους

475 3807 799 3878 φρονοῦντες·
842 3801 895 3855 αἶ
924 3800 1100 3872 ψυχαί
1132 3801 1320 3866 αὐτῶν,
1354 3799 1456 3874 εἴγε
1495 3799 1600 3876 ἄρα
1641 3806 1800 3865 καθὼς
1837 3803 2068 3876 λέγουσι,

477 3903 820 3971 προϋπῆρχον
848 3902 948 3950 τῶν
982 3896 1254 3966 σωμάτων,
1287 3897 1403 3974 πρὶν
1425 3895 1454 3955 ἧ
1483 3896 1532 3950 ἐν
1559 3905 1672 3958 τοῖς
1700 3901 1936 3968 σώμασιν
1961 3904 2072 3956 εἰσ-

475 3987 677 4042 έλθωσιν
704 4027 718 4052 ,
761 3988 810 4040 ἐν
851 3990 976 4062 ποίᾳ
1033 3990 1168 4052 τάξει
1207 3989 1482 4064 ὑπῆρχον,
1521 3988 1551 4048 ἣ
1586 3991 1636 4046 τί
1677 3988 2068 4067 διεπράττοντο;

473 4079 636 4149 ἐχρῆν
663 4079 764 4155 γὰρ
795 4079 952 4139 αὐτάς
980 4076 1159 4135 εἰδέναι
1184 4087 1284 4136 ποῦ
1309 4075 1460 4146 ἦσαν,
1492 4081 1536 4134 εί
1563 4087 1823 4156 προῆσαν,
1849 4083 1933 4134 καὶ
1959 4089 2072 4142 πῶς

473 4167 688 4226 ἐνταῦθα
717 4172 1068 4246 παρεγένοντο.
1102 4177 1161 4226 Εἰ
1191 4171 1244 4228 δὲ
1272 4178 1425 4229 τοῦτο
1457 4173 1634 4232 αὐτοῖς
1665 4173 1931 4245 ἀμήχανόν
1956 4171 2072 4231 ἐστι

472 4261 653 4334 λέγειν,
681 4267 750 4325 ὡς
796 4275 886 4326 τῆς
929 4265 1163 4326 ἀληθείας
1206 4271 1275 4337 μή
1312 4264 1492 4330 οὔσης,
1519 4262 1666 4322 δῆλον
1706 4264 1788 4321 ὅτι
1827 4269 1977 4340 μῦθοι
2005 4272 2072 4327 τά

472 4357 786 4419 κατάὐτοὺς
813 4360 1166 4432 ὑπάρχουσιν.
1201 4355 1352 4420 Ἴσως
1383 4357 1437 4412 δὲ
1467 4359 1692 4433 ἐροῦσιν,
1729 4357 1812 4414 ὅτι
1853 4362 1983 4432 μετὰ
2011 4363 2072 4419 τὸ

473 4447 708 4504 εἰσελθεῖν
748 4453 842 4512 τάς
870 4451 1052 4523 ψυχάς
1079 4452 1126 4503 ἐν
1156 4458 1262 4510 τοῖς
1291 4451 1518 4520 σώμασι,
1546 4449 1658 4505 τότε
1687 4447 1930 4508 δύνανται
1958 4451 2072 4510 δια·-

2173 3253 2272 3309 per
2296 3254 2511 3310 corpus,
2545 3245 2659 3292 tum
2685 3245 2809 3292 ante
2835 3252 3048 3308 corpus.
3090 3237 3310 3293 Animas
3329 3252 3458 3294 vero
3478 3237 3759 3293 hominum

2173 3331 2527 3401 intelligentia
2557 3339 2613 3386 et
2633 3330 2845 3386 ratione
2867 3332 2964 3396 uti,
2994 3331 3049 3386 in
3078 3331 3326 3389 confesso
3355 3339 3439 3388 est
3465 3349 3480 3398 ;
3511 3333 3658 3402 quod
3687 3347 3758 3388 ne

2173 3437 2270 3478 eos
2297 3421 2517 3492 quidem
2546 3434 2744 3491 negare
2787 3429 3054 3492 putamus,
3086 3423 3180 3492 qui
3207 3430 3424 3478 tuentur
3447 3423 3755 3493 Origenem.

2172 3514 2366 3571 Dicant
2387 3516 2550 3584 igitur
2576 3515 2668 3586 qui
2695 3530 2820 3572 cum
2840 3514 3070 3586 Origene
3091 3519 3366 3574 sentiunt:
3397 3519 3588 3575 animae
3607 3521 3756 3592 ipso-

2173 3623 2294 3662 rum
2323 3607 2632 3679 (siquidem,
2658 3616 2716 3665 ut
2744 3618 3074 3677 asseverant,
3105 3619 3231 3668 ante
3259 3627 3488 3684 corpora
3517 3611 3755 3680 fuerunt)

2173 3700 2486 3771 priusquam
2507 3701 2562 3755 in
2581 3701 2694 3771 ipsa
2714 3701 3141 3771 ingrederentur,
3165 3717 3273 3774 quo
3294 3703 3348 3758 in
3372 3704 3558 3760 ordine
3579 3713 3754 3768 erant,

2177 3799 2269 3846 aut
2296 3791 2426 3861 quid
2454 3793 2729 3860 agebant?
2757 3790 3007 3864 Oportuit
3035 3793 3181 3849 enim
3208 3809 3322 3861 eas,
3353 3795 3397 3850 si
3427 3804 3551 3850 ante
3580 3805 3754 3862 erant,

2174 3882 2338 3951 scire,
2382 3898 2490 3953 quo
2518 3883 2643 3939 loco
2673 3892 2876 3953 essent,
2921 3893 3014 3940 aut
3058 3887 3330 3956 quomodo
3365 3887 3470 3942 huc
3510 3888 3760 3944 advenis-

2175 3984 2334 4038 sent;
2375 3976 2458 4034 sin
2503 3976 2608 4032 hoc
2639 3977 2786 4034 nulla
2814 3979 3025 4034 ratione
3067 3988 3292 4050 possunt
3320 3979 3499 4036 dicere
3528 3979 3676 4053 (nam
3707 3981 3759 4036 id

2175 4084 2363 4126 verum
2401 4087 2508 4128 non
2538 4072 2641 4148 est)
2691 4082 2940 4144 apertum
2969 4082 3054 4129 est
3089 4089 3185 4129 eos
3213 4073 3418 4128 fabulas
3444 4075 3643 4130 dicere.
3692 4075 3760 4130 At

2174 4160 2407 4219 fortasse
2435 4162 2634 4229 dicant,
2687 4165 2896 4220 animas
2933 4173 3220 4235 postquam
3247 4179 3476 4235 corpora
3505 4165 3760 4232 ingressa:

2175 4267 2318 4325 sunt,
2350 4265 2465 4313 tum
2494 4257 2801 4326 discernere
2839 4273 2998 4328 posse
3041 4263 3097 4312 et
3134 4271 3465 4326 cognoscere
3493 4272 3612 4328 qua:
3642 4273 3673 4313 a
3702 4273 3763 4315 se

2176 4359 2454 4420 geruntur.
2482 4348 2540 4405 Si
2567 4349 2670 4404 hoc
2696 4349 2896 4416 dicent,
2929 4364 2998 4405 ex
3018 4361 3206 4404 eorum
3228 4349 3375 4404 inani
3396 4349 3763 4420 disputatione

2176 4442 2458 4516 gﬂicietur,
2489 4449 2548 4496 ut
2576 4434 2777 4512 corptﬁ
2807 4442 2928 4512 plus
2971 4442 3132 4513 pretii
3161 4449 3325 4512 atque
3350 4442 3572 4498 honoris
3601 4459 3764 4516 quam

474 4546 658 4620 κρίνειν
691 4567 768 4611 τε,
803 4548 883 4599 καί
909 4547 1174 4618 γινώσκειν
1203 4545 1267 4598 τά
1295 4542 1621 4616 πραττόμενα
1661 4544 1789 4620 παρ’
1809 4546 2001 4601 αὐτῶν·
2023 4548 2069 4602 εἰ

2173 4504 2350 4589 anima
2381 4504 2618 4599 habeat;
2668 4504 2890 4604 quod-ei
2917 4504 3253 4589 iri-beneficii
3275 4532 3400 4589 loco
3427 4533 3519 4588 det
3562 4504 3764 4592 intelli-

474 4634 527 4690 δέ
551 4643 703 4692 τοῦτο
729 4635 959 4703 εἴπωσιν,
995 4636 1285 4710 εὑρίσκεται
1322 4635 1378 4689 τὸ
1407 4641 1557 4704 σῶμα
1586 4635 1714 4689 κατά
1741 4638 1862 4696 τοὺς
1899 4640 2068 4694 αὐτῶν

471 4733 718 4801 ματαίους
738 4731 920 4802 λόγους
941 4732 1240 4804 τιμιὼτερον
1265 4737 1356 4790 τῆς
1382 4727 1586 4799 ψυχῆς,
1620 4724 1702 4782 οἷα
1725 4713 2067 4802 χαριζόμενον

472 4825 596 4878 αὑτῆ
633 4821 690 4874 τὸ
724 4818 903 4896 νοεράν
926 4839 1004 4885 τε,
1036 4821 1114 4873 καὶ
1135 4818 1332 4891 λογικήν
1374 4819 1620 4891 γενέσθαι’
1655 4818 1776 4872 ἀλλά
1817 4819 1873 4874 τὸ
1906 4821 2066 4892 λέγειν

468 4919 620 4967 τοῦτο
646 4908 822 4972 πίσης
852 4911 987 4966 ἐστίν
1016 4911 1210 4975 ἀνοίας,
1245 4913 1332 4965 καί
1363 4911 1581 4971 ἀτοπίας
1605 4911 1810 4982 μεστόν.
1844 4915 1985 4968 Διατί
2012 4911 2066 4968 δέ

471 5004 622 5070 ὅλως,
654 5003 796 5080 εἴπερ
824 5007 893 5063 ὡς
920 5004 1126 5074 λέγουσι
1164 5010 1505 5080 προϋπῆρχεν
1528 5005 1559 5061 ἡ
1588 5001 1764 5075 ψυχή,
1796 5003 2067 5077 μαθήσεώς

468 5121 624 5168 τινος,
673 5099 703 5159 ἦ
748 5096 973 5168 διδαχῆς
1015 5095 1185 5153 δέεται
1213 5099 1264 5152 ἐν
1291 5105 1364 5168 τῷ
1391 5099 1596 5169 σώματι
1640 5101 1897 5172 γενομένη,
1929 5101 2065 5158 κατά

466 5193 648 5263 μικρὸν
691 5193 994 5264 εἰσαγομένη
1013 5232 1027 5258 ,
1063 5193 1150 5246 καὶ
1192 5190 1558 5266 προκόπτουσα
1587 5193 1656 5252 εἷς
1685 5194 1752 5248 τά
1779 5194 1982 5265 μείζονά
2009 5216 2063 5250 τε

466 5285 550 5340 καί
571 5283 882 5358 τελειότερας
912 5286 967 5337 Εἰ
995 5285 1095 5358 γάρ
1134 5291 1316 5357 προῆν,
1346 5284 1429 5336 καί
1458 5283 1723 5356 ἐγίνωσκεν
1755 5277 1814 5338 ἀν
1842 5286 1906 5339 τὰ
1932 5306 2068 5357 συμ-

470 5379 679 5452 φέροντα
725 5375 979 5449 μηδεμιᾶς
1025 5377 1293 5446 μαθήσεως
1337 5374 1562 5447 δεομένη,
1592 5378 1676 5429 καί
1711 5377 1779 5434 ὡς
1809 5375 1856 5428 ἐν
1881 5378 2065 5447 γνώσει

471 5471 808 5541 τυγχάνουσα
869 5465 1144 5544 διωρθοῦτο
1201 5475 1316 5528 ταῖς
1371 5468 1716 5539 ἐπιμελείαις·
1766 5469 1850 5522 καί
1909 5471 1957 5521 εἰ
2005 5468 2063 5524 τὸ

467 5570 704 5632 πταῖσμα
748 5562 1035 5634 ἐγίνωσκεν,
1067 5563 1152 5615 οὐκ
1179 5559 1472 5616 ἓδιδάσκετο
1509 5563 1576 5620 ὡς
1618 5562 2060 5638 προεπ-ισταμὲνη·

468 5659 510 5708 ri
542 5652 596 5708 δέ
623 5651 910 5708 διδάσκεται
942 5655 1008 5716 ὡς
1034 5656 1308 5726 ἀγνοοῦσα,
1337 5655 1393 5706 ού
1428 5650 1668 5726 προῄδει*
1700 5655 1743 5706 εί
1772 5649 1824 5705 δέ
1849 5653 1908 5704 ού
1933 5671 2064 5726 προ-

467 5747 594 5818 ῄδει,
629 5748 686 5801 οὗ
715 5755 896 5822 προῆν,
920 5747 1045 5802 ἀλλά
1070 5744 1211 5805 δῆλον
1253 5744 1333 5802 ὅτι
1368 5747 1426 5800 οὗ
1457 5751 1642 5820 προῆν.
1671 5752 1773 5803 Τῆς
1795 5744 1894 5819 γὰρ
1922 5747 2060 5813 γενέ·

2172 4629 2410 4698 gentiam
2450 4636 2507 4684 et
2553 4628 2862 4695 rationem;
2913 4628 3064 4699 atqui
3109 4628 3213 4684 hoc
3242 4643 3509 4696 asserere,
3543 4631 3764 4699 plenum

2170 4718 2454 4773 dementire
2483 4726 2566 4773 est
2591 4726 2756 4790 atque
2781 4718 3146 4775 absurditatis.
3187 4719 3297 4776 Cur
3323 4736 3455 4777 vero
3482 4721 3528 4776 si
3560 4722 3764 4791 anima,

2171 4818 2231 4864 ut
2259 4809 2430 4874 aiunt,
2463 4818 2589 4864 ante
2617 4809 2718 4864 fuit
2755 4825 2919 4879 quam
2965 4825 3183 4881 corpus,
3226 4810 3506 4882 disciplina
3537 4811 3764 4880 indiget,

2175 4908 2460 4972 postquam
2492 4901 2548 4954 in
2593 4915 2793 4970 corpus
2819 4901 2986 4969 venit,
3041 4902 3413 4974 paulatimque
3443 4903 3764 4970 instituitur,

2173 4999 2229 5047 et
2269 4991 2337 5047 ad
2363 4991 2589 5048 meliora
2634 4991 3072 5064 perfectioraque
3118 4995 3503 5064 progreditur?
3544 4993 3680 5050 Nam
3724 4995 3766 5054 si

2174 5091 2301 5163 ante
2329 5083 2608 5150 existeret,
2650 5083 2801 5138 utilia
2843 5085 3030 5154 utique
3075 5095 3448 5154 cognosceret,
3505 5101 3606 5143 nec
3657 5088 3765 5144 ulla

2176 5186 2358 5245 egeret
2385 5177 2660 5245 doctrina,
2694 5195 2815 5246 nec,
2845 5185 2907 5234 ut
2933 5188 3062 5250 pote
3091 5181 3145 5236 in
3176 5181 3486 5250 cognitione
3516 5199 3763 5248 versans,

2176 5285 2306 5326 cura
2335 5279 2388 5327 et
2415 5271 2689 5340 diligentia
2719 5270 3057 5338 erudiretur;
3084 5287 3147 5328 ac
3177 5273 3241 5340 si,
3270 5273 3400 5342 quid
3427 5273 3496 5328 sit
3523 5273 3758 5330 oll'endc’

2173 5380 2256 5431 re,
2303 5363 2528 5431 sciebat,
2581 5379 2690 5419 non
2739 5363 3062 5420 edoceretur
3083 5363 3230 5435 quod
3273 5373 3433 5421 antea
3470 5367 3762 5422 scivisset:

2169 5455 2278 5528 jam
2310 5470 2437 5511 vero
2465 5455 2510 5510 si
2537 5454 2777 5522 docetur,
2808 5465 2867 5510 ut
2895 5457 2950 5512 in
2981 5457 3317 5526 ignoratione
3337 5473 3580 5524 versans,
3615 5460 3765 5529 prius

2170 5567 2278 5606 non
2324 5548 2569 5615 sciebat;
2620 5549 2667 5604 si
2700 5565 2807 5606 non
2835 5550 2985 5620 prius
3025 5550 3204 5617 scivit,
3248 5559 3374 5607 ante
3402 5568 3509 5608 non
3540 5549 3658 5606 fuit.
3693 5552 3764 5606 At

2170 5643 2340 5712 liquet
2367 5658 2486 5698 eam
2507 5649 2666 5697 antea
2699 5657 2804 5697 non
2837 5641 3016 5700 fuisse.
3057 5641 3216 5701 Ortus
3245 5645 3386 5699 enim
3417 5645 3588 5700 nostri
3619 5644 3762 5698 Deus

2167 5737 2318 5792 solus
2348 5735 2402 5790 in
2431 5749 2590 5790 causa
2631 5741 2756 5798 est;
2807 5735 2898 5804 qui
2926 5741 2984 5790 ut
3011 5752 3129 5802 nos,
3180 5751 3304 5792 cum
3346 5752 3454 5791 non
3486 5750 3754 5804 essemus,

465 5862 594 5902 σεως
625 5843 762 5916 ἡμῶν
794 5837 954 5904 αἴτιός
993 5842 1105 5898 ἐστι
1142 5838 1290 5912 μόνος
1321 5838 1344 5895 ὁ
1388 5839 1532 5904 Θεὸς,
1571 5835 1629 5899 ὃς
1663 5857 1743 5900 τις
1781 5838 1936 5897 καθὼς
1973 5839 2061 5891 οὒκ

2173 5835 2289 5890 Fecit
2316 5852 2326 5887 :
2375 5833 2450 5895 sic
2481 5837 2659 5895 natos,
2711 5827 2883 5900 gratia
2923 5845 3194 5906 manuque
3220 5830 3441 5905 propria
3471 5836 3653 5914 tuetur
3681 5839 3749 5940 at:
