3988 6346
54 5819 60 5968 1

191 306 283 364 1⁸5
935 311 938 314 ’
1267 302 1638 363 JUSTINIANI
1671 302 1797 363 LIB.
1832 301 1994 360 ADV.
2031 304 2402 363 ORIGENEM.

3333 312 3440 369 £86

188 423 318 486 ὄντας
335 413 466 494 ἡμᾶς
487 421 743 492 εποίησεν,
777 423 911 481 οὕτω
945 425 1030 481 καί
1055 426 1350 498 γενομένους
1381 431 1536 492 σώζει
1555 435 1618 500 τῇ
1643 426 1744 502 ἰδίᾳ

1847 422 2050 490 salvat,
2109 423 2156 480 si
2202 425 2349 493 digni
2395 432 2560 496 atque
2608 423 2790 482 idonei
2837 426 3240 497 perhibeantur.
3304 428 3442 484 Nam

191 517 316 591 χειρί
355 512 634 591 [χάριτι],
679 516 765 571 ἐάν
807 513 966 584 ἄξιοι,
996 519 1079 572 καί
1127 517 1379 576 ἐπιτήδεοι
1422 528 1666 592 φανῶμεν.
1695 531 1751 576 ⁸0

191 607 296 665 Θεὸς
317 605 410 678 γάρ
438 607 612 668 εἰπὼν,
647 623 667 657 ε
694 610 991 678 Ποιήσωμεν
1021 604 1283 684 ἄνθρωπον
1312 607 1599 665 κατέίκόνα
1627 613 1753 681 ἡμε-

189 698 318 768 τέραν
361 697 438 749 καὶ
475 694 733 768 ὁμοίωσιν,
761 714 780 749 ι
816 697 1075 774 ἀμφότερα
1099 701 1233 754 κατὰ
1271 703 1458 756 ταυτὸν
1486 700 1752 778 ἐδημιούρ-

186 811 313 862 γησε,
340 790 575 846 τουτέστι
625 791 775 863 σῶμά
813 811 867 845 τε
911 792 1144 858 πλάσας,
1173 795 1258 848 καὶ
1286 793 1466 864 ψυχήν
1493 796 1667 870 νοεράν
1695 817 1751 852 τε

186 885 257 935 καί
287 883 476 954 λογικήν
518 881 918 958 δημιουργήσας.
961 883 1098 956 Ἅμα
1138 886 1236 960 γάρ
1279 894 1432 958 σῶμα
1475 885 1694 943 ἔπλασεν
1723 886 1752 944 ὸ

185 972 305 1037 Θεὸς,
331 975 409 1026 καί
436 978 525 1033 τὸν
567 975 750 1045 ψυχήν
780 973 1148 1052 ἐδημιούργησε
1173 977 1354 1033 τέλειον
1377 980 1464 1034 τὸν
1492 975 1751 1055 ἄνθρωπον

185 1065 499 1126 ἆποτελίσας⁶
538 1065 650 1121 ούδέ
674 1068 772 1142 γάρ
804 1074 955 1140 σῶμα
999 1071 1168 1141 χωρίς
1209 1069 1413 1141 ψυχῆς,
1445 1067 1557 1124 ούδὲ
1596 1069 1752 1141 ψυχὴ

186 1161 327 1233 χωρίς
365 1160 608 1229 σώματος
648 1157 928 1235 ἄνθρωπος’
962 1165 1008 1215 εἰ
1048 1159 1102 1216 δὲ
1144 1170 1487 1237 προϋπῆρχεν
1515 1164 1546 1220 ἦ
1572 1162 1750 1233 ψυχή,

183 1255 322 1314 καθὼς
344 1255 599 1330 Ὠριγένης
616 1254 778 1332 ληρεῖ,
803 1257 934 1315 τίνος
959 1256 1121 1311 ἕνεκεν
1143 1255 1168 1310 ὁ
1189 1255 1473 1328 ἁγιώτατος
1493 1261 1752 1335 προφήτης

183 1348 416 1423 Ζαχαρίας
445 1342 580 1411 εἶπε,
620 1348 897 1403 «Πλάσσων
922 1355 1122 1420 πνεῦμα
1147 1350 1414 1425 ἀνθρώπου
1441 1351 1491 1404 ἐν
1524 1351 1696 1419 «ora;
1725 1366 1744 1400 ε

181 1445 224 1496 Ei
242 1445 329 1517 γάρ
351 1451 532 1519 προῆν,
549 1442 651 1499 ἔδει
676 1444 861 1516 μᾶλλον
882 1448 1060 1511 εἰπεῖν,
1077 1447 1437 1520 καταγγίζω
1451 1443 1540 1505 ν,ἧ
1569 1466 1678 1500 κατ
1692 1465 1752 1498 α-

179 1536 414 1604 πίμπων
441 1542 698 1608 πνεῦμα
725 1538 1060 1612 ἀνθρώπου
1091 1539 1149 1592 ἐν
1172 1539 1364 1611 αὐτῷ.
1391 1544 1491 1594 Νῦν
1515 1535 1569 1592 δέ
1597 1537 1752 1610 λέγων

179 1628 199 1683 ὸ
223 1634 484 1705 προφήτης,
523 1630 740 1686 πλάσσ
756 1653 852 1698 ων,
883 1630 1158 1700 δείκνυσιν,
1185 1632 1267 1688 ὅτι
1290 1634 1468 1707 ὥσπερ
1488 1633 1547 1686 τὸ
1575 1638 1748 1702 σῶμα,

177 1720 290 1775 οὕτω
316 1725 395 1776 καί
420 1727 519 1782 τὴν
540 1721 722 1793 ψυχήν
751 1725 809 1776 ού
833 1723 1291 1802 προϋπάρχουσαν
1313 1725 1547 1782 ἐποίησεν
1573 1721 1597 1776 ὸ
1627 1722 1750 1781 Θεὸς

1857 516 2019 583 Deus,
2067 517 2158 587 qui
2197 517 2370 573 dixit:
2421 517 2706 573 Faciamus
2754 504 3011 576 Ito—minem
3057 522 3127 576 ad
3164 523 3446 595 imaginem

1855 621 2089 666 nostram
2135 622 2186 666 et
2235 612 2626 668 similitudinem
2674 610 2832 682 (Gen.
2883 616 2960 684 ι),
3012 623 3239 685 utraque
3286 617 3446 674 simul

1855 700 2002 769 fecit,
2032 703 2085 758 id
2110 711 2210 770 est,
2239 720 2436 776 corpus
2463 705 2764 776 plasmavit,
2797 713 2852 761 et
2881 707 3115 764 animam
3139 709 3446 779 intelligen-

1857 803 1970 851 tem
2018 805 2073 852 et
2116 797 2433 853 rationalem
2483 799 2706 854 creavit.
2756 799 2927 855 Simul
2955 801 3100 855 enim
3146 809 3202 856 et
3230 800 3440 858 eilinxit

1855 902 2072 958 corpus,
2125 897 2182 944 et
2221 889 2457 944 animam
2500 889 2770 956 condidit,
2819 889 3116 961 perfectum
3163 890 3440 948 hominem

1855 981 2152 1048 exhibens;
2184 997 2359 1051 neque
2387 982 2530 1037 enim
2559 983 2722 1038 homo
2749 998 2945 1054 corpus
2974 989 3058 1039 est
3095 983 3211 1038 sine
3239 985 3439 1053 anima,

1853 1088 1955 1129 nec
1985 1076 2162 1129 anima
2191 1075 2305 1130 sine
2333 1090 2582 1146 corpore.
2622 1075 2679 1131 Si
2708 1085 2888 1133 autem
2918 1077 3097 1131 anima
3127 1079 3444 1147 prmexiste-

1852 1164 1965 1232 bat,
1991 1173 2051 1220 ut
2077 1167 2271 1222 delirat
2299 1166 2574 1237 Origenes,
2606 1167 2758 1238 cujus
2779 1171 2857 1224 rei
2879 1171 3051 1240 gratia
3074 1173 3443 1230 sanctissimus

1852 1256 2119 1326 propheta
2148 1257 2434 1313 Zacharias
2473 1258 2609 1314 dixit
2644 1278 2656 1313 :
2687 1259 2922 1332 Fingens
2949 1263 3187 1332 spiritum
3218 1263 3439 1320 hominis

1852 1344 1910 1398 in
1939 1360 1998 1398 eo
2031 1345 2218 1416 (Zacli.
2249 1346 2344 1418 χιι)
2369 1350 2392 1402 ?
2439 1348 2496 1403 Si
2526 1350 2668 1404 enim
2698 1351 2846 1421 prius
2885 1360 3023 1421 erat,
3067 1355 3238 1424 magis
3260 1354 3444 1410 dicere

1856 1437 2118 1505 oportuit,
2170 1434 2458 1494 lniundens
2498 1447 2752 1512 tanquam
2783 1443 2838 1496 in
2867 1459 2982 1508 vas,
3030 1444 3116 1500 vel
3144 1445 3438 1502 demittcus

1852 1529 2102 1598 spiritum
2127 1530 2362 1586 hominis
2392 1533 2444 1587 in
2469 1548 2559 1588 eo.
2602 1533 2719 1589 Jam
2745 1551 2874 1592 vero
2905 1553 3026 1594 cum
3053 1538 3188 1595 dicit
3207 1541 3443 1611 prophe—

1851 1629 1926 1687 ta,
1972 1624 2199 1694 ﬁngens,
2245 1625 2502 1692 ostendit,
2550 1635 2610 1682 ut
2657 1644 2884 1699 corpus,
2935 1630 3014 1686 sic
3054 1631 3288 1686 animam
3335 1649 3442 1689 non

1856 1714 2257 1783 pratexistentia
2292 1714 2461 1770 Deum
2490 1719 2710 1788 propria
2738 1719 2938 1774 virtute
2981 1734 3046 1776 ac
3088 1722 3332 1780 bonitate
3360 1723 3441 1779 fe-

176 1821 226 1883 τῇ
245 1812 336 1888 ἰδία
361 1812 579 1883 δυνάμει
603 1817 780 1880 αὐτοῦ,
799 1819 882 1870 καί
911 1816 1206 1891 άγαθότητι.
1225 1819 1391 1876 Καθὼς
1417 1811 1502 1870 οὖν
1526 1813 1744 1887 εἴρηται¹

1856 1804 2016 1859 cisse.
2068 1803 2222 1871 Quod
2251 1805 2414 1874 igitur
2451 1807 2635 1874 homo,
2677 1810 2815 1865 sicut
2841 1811 3040 1867 dictum
3067 1823 3170 1880 est,
3204 1816 3272 1870 ad
3303 1816 3442 1871 ima-

177 1903 267 1958 κατ’
285 1905 440 1961 είκόνα
459 1909 550 1961 καὶ
570 1906 806 1978 ὁμοίωσιν
831 1914 925 1964 τοῦ
953 1915 1081 1964 Θεοῦ
1103 1910 1333 1980 γενίσθαι
1353 1908 1439 1962 τὸν
1461 1905 1745 1979 ἄνθρωπον,

177 1999 241 2049 καί
277 2005 361 2052 τοῦ
403 2000 542 2054 θείου
588 2000 954 2073 ἐμφυσὴματος
996 2003 1283 2067 ἀξιωθῆναι,
1313 1999 1457 2059 δηλοῖ
1485 2005 1555 2071 μή
1602 2000 1748 2070 μόνον

175 2089 322 2160 νοεράν
349 2092 429 2142 καί
467 2089 693 2162 λογικήν,
727 2090 853 2145 άλλά
887 2091 971 2146 καί
1012 2091 1262 2146 ἀθάνατον
1304 2095 1394 2150 τήν
1435 2090 1616 2160 ψυχήν
1651 2088 1744 2148 διν

172 2182 508 2255 μιουργηθῆναι
537 2183 670 2256 πρὸς
698 2182 766 2238 τὸ
783 2179 969 2257 ἄρχειν
997 2184 1202 2238 πάντων
1230 2189 1330 2236 τῶν
1368 2179 1456 2237 ἐπὶ
1480 2190 1571 2254 γῆς
1599 2201 1746 2241 ποιη-

174 2269 343 2338 μὰιτων⁹
368 2279 518 2328 τοῦτο
550 2273 650 2345 γάρ
678 2273 788 2329 ἔστι
811 2277 897 2329 καί
921 2274 978 2330 τὸ
1002 2275 1260 2347 εἰρημένον
1278 2281 1350 2343 τῷ
1379 2273 1588 2348 θεολόγῳ
1610 2285 1744 2350 Γρη-

172 2366 306 2434 γορίῳ
343 2367 578 2438 περὶτῆς
619 2364 822 2436 ψυχῆς,
853 2370 944 2425 τὴν
977 2368 1032 2421 ἔκ
1063 2373 1190 2422 Θεοῦ
1236 2369 1322 2420 καί
1361 2367 1492 2420 θείαν
1533 2369 1618 2420 καί
1651 2373 1744 2428 τῆς

171 2447 330 2508 ἄνωθεν
374 2458 624 2528 εὐγενείας
670 2459 1017 2530 μετέχουσαν.
1059 2461 1178 2529 Οὐχ
1217 2459 1286 2518 ὥς
1321 2479 1456 2518 τινες
1499 2457 1744 2531 φανταζὸ⁴

170 2563 286 2614 μενοι
309 2547 514 2620 λέγουσι
540 2557 631 2610 τῆς
659 2552 819 2612 θείκῆς
850 2552 1024 2612 οὐσίας
1048 2551 1394 2625 ὑπάρχουσαν
1415 2553 1505 2608 τήν
1533 2548 1741 2621 ψυχήν·

169 2634 332 2699 ἀλλ’ὡς
376 2637 463 2696 διὰ
501 2648 592 2697 τοῦ
643 2643 1004 2716 ἐμφύσηματος
1042 2649 1134 2698 τοῦ
1179 2649 1306 2699 Θεοῦ
1345 2645 1631 2717 γενομένην,
1658 2645 1742 2699 καὶ

169 2727 380 2803 χάρισμα
427 2732 558 2805 παρ’
578 2735 729 2789 αὐτοῦ
760 2734 1022 2790 λαϐοῦσαν
1048 2741 1142 2791 τοῦ
1181 2735 1385 2812 νοεράν,
1413 2737 1495 2789 καί
1523 2733 1742 2807 λογικὴν,

167 2821 236 2872 καί
268 2821 511 2878 ἀθάνατον
539 2819 699 2890 εἶναι,
730 2828 816 2880 καί
853 2831 926 2895 μὴ
953 2830 1375 2885 συναποθνήσκειν
1415 2833 1487 2900 τῷ
1517 2829 1743 2898 σώματι,

165 2908 254 2962 καθ’
271 2910 552 2982 ὁμοιότητα
577 2921 677 2970 τῶν
705 2915 898 2989 άλόγων
924 2919 1085 2984 ζώων,
1117 2917 1243 2972 ἀλλά
1266 2918 1401 2971 κατὰ
1430 2917 1589 2989 χάριν
1619 2937 1745 2988 μετ·

165 3001 282 3071 ἐχειν
325 3015 423 3066 τῆς
469 3003 657 3060 ἄνωθεν
694 3007 960 3077 εὐγενείας,
990 3009 1254 3064 τουτέστιν
1283 3009 1582 3068 ἀθανασίας.
1615 3020 1750 3082 Μαρ-

165 3102 286 3166 τυρεῖ
318 3093 376 3149 δέ
424 3096 633 3154 τούτοις
663 3095 792 3149 καὶὸ
821 3099 873 3150 ἐν
913 3096 1074 3170 ἁγίοις
1115 3095 1344 3158 Ἰωάννης
1374 3096 1399 3152 ὸ
1428 3105 1748 3153 Κωνσταντι-

166 3187 434 3245 νονπὸλεως
465 3189 802 3260 πατριάρχης
834 3189 883 3241 ἐν
913 3195 986 3258 τῷ
1020 3185 1265 3260 ἕνδεκάτςρ
1293 3189 1422 3260 λόγῳ
1457 3193 1531 3260 τις.
1556 3193 1628 3250 είς
1655 3195 1745 3250 τήν

165 3279 330 3332 κτίσιν·
364 3277 502 3351 λέγει
533 3279 629 3351 γάρ
657 3277 839 3339 ούϊως⁹
875 3295 894 3330 ε
922 3283 1022 3334 Καὶ
1052 3280 1356 3352 ἐνεφύσησε,
1386 3283 1554 3351 φησίν,
1587 3283 1658 3342 εἰς
1686 3282 1745 3337 τὸ

168 3371 415 3443 πρόσωπον
461 3372 617 3426 αὐτοῦ
659 3376 813 3431 πνοήν
857 3377 1012 3436 ζωῆς.
1039 3376 1125 3428 καὶ
1165 3374 1358 3445 ἐγένετο
1402 3373 1428 3430 ό
1475 3372 1743 3452 ἅνθρωπος

167 3464 222 3521 τίς
244 3463 420 3536 ᾁυχῆν
457 3469 652 3529 ζῶσαν.
679 3465 924 3522 Ἐνταῦθά
960 3487 1092 3529 τινες
1130 3475 1228 3523 τῶν
1263 3465 1564 3542 ἀγνωμόνων
1591 3472 1642 3535 ἐξ
1667 3473 1743 3527 οἷ’·

170 3555 286 3608 κείων
297 3557 554 3630 λογισμῶν
565 3559 866 3633 κινούμενοι,
883 3562 967 3614 καί
987 3558 1126 3615 οὐδὲν
1143 3561 1418 3635 θεοπρεπὲς
1436 3568 1738 3630 ἐννοοῦντες,

170 3641 262 3699 οὗτε
285 3653 369 3707 τήν
394 3649 786 3720 συγκατάϐασιν
810 3657 908 3704 τῶν
951 3652 1189 3728 ῥημάτων
1225 3653 1552 3724 λογιζόμενοι,
1584 3653 1744 3726 λέγειν

172 3736 496 3813 ἐπιχειροῦσιν
522 3739 602 3795 ὅτι
631 3743 686 3796 ἐκ
715 3750 808 3804 τῆς
835 3747 929 3797 τοῦ
955 3749 1081 3797 Θεοῦ
1113 3745 1293 3804 ούσίας
1339 3746 1480 3800 ἐστιν
1507 3748 1538 3804 ἠ
1561 3746 1741 3818 ψυχή.

174 3823 218 3879 Ὠ
240 3839 318 3891 τῆς
347 3835 559 3905 μανίας,
595 3831 635 3889 ὢ
671 3842 762 3900 τῆς
797 3837 1254 3910 παραφροσύνης.)
1282 3841 1373 3893 Καί
1398 3843 1567 3894 ταῦτα
1596 3842 1685 3910 μὲν
1717 3840 1744 3896 ό

175 3928 312 3999 πατὴρ
347 3930 466 4000 περὶ
507 3935 611 3982 τῶν
655 3929 1015 3999 προκειμένων.
1066 3926 1245 3984 Σκόπει
1272 3927 1350 3998 δὲ,
1385 3928 1461 3986 ὅτι
1491 3953 1590 4006 περ
1622 3937 1744 4006 περὶ

174 4015 246 4080 μίν
265 4025 355 4072 τῶν
380 4017 544 4074 ὃῡιλων
569 4018 808 4075 ἁπάντων
831 4021 912 4076 ἐπὶ
942 4029 1035 4094 γῆς
1065 4025 1357 4096 ποιημάτων
1388 4020 1525 4081 εἶπεν
1548 4026 1573 4080 ὁ
1598 4027 1742 4094 Θεὸς,

179 4112 468 4170 (Γεννηθήτω
489 4130 509 4163 ι
539 4114 626 4166 καί
656 4130 674 4163 ι
698 4114 986 4186 ἐξαγαγέτω
1002 4116 1033 4179 ᾐ
1056 4123 1139 4186 γῆ,
1156 4119 1242 4169 καὶ
1265 4116 1474 4189 ἐγένετο.
1500 4135 1520 4169 ι
1556 4121 1672 4194 Περὶ
1691 4117 1744 4173 δέ

181 4206 247 4252 τοῦ
274 4203 530 4277 ἀνθρώπου
565 4205 1048 4277 λέγει,ιῐιοιήσωμεν
1076 4203 1395 4282 direptiones,»
1415 4212 1498 4264 καὶ
1525 4211 1580 4263 ού
1600 4209 1744 4281 μόνον

183 4299 494 4371 (ποιήσωμεν,
512 4316 533 4348 ε
571 4297 694 4352 ἀλλά
731 4314 749 4347 t
773 4296 884 4352 κατ’
905 4297 1074 4354 εἰκόνα
1103 4301 1347 4373 ἡμετέραν
1371 4303 1454 4355 καί
1481 4300 1742 4373 όμοίωσιν⁹

180 4385 401 4442 ιαίλαϐὠν
424 4396 564 4462 χοῦν
587 4391 688 4446 ἀπὸ
703 4397 794 4451 τῆς
810 4398 904 4464 γῆς
927 4397 1046 4452 ταῖς
1065 4389 1218 4452 ἰδίαις
1241 4413 1306 4462 χε
1313 4397 1430 4468 ρσὶν
1449 4392 1639 4448 ἔπλασε
1660 4394 1745 4449 τὸν

1850 1897 2029 1967 ginem
2061 1905 2117 1952 et
2165 1897 2568 1956 similitudinem
2599 1903 2694 1958 Dei
2735 1903 2806 1957 sit
2844 1902 3036 1972 factus,
3086 1906 3443 1978 dignatusque

1847 1993 2200 2064 inSpiratione
2221 1999 2400 2054 divina
2425 2017 2440 2064 ;
2469 1999 2594 2054 inde
2623 2001 2968 2070 perspicuum
2994 2011 3095 2067 est,
3131 2017 3237 2057 non
3269 2003 3442 2059 solum

1847 2085 2240 2156 intelligentem
2272 2099 2326 2145 et
2356 2090 2675 2146 rationalem
2705 2093 2962 2158 animam,
3013 2093 3107 2148 sed
3134 2094 3298 2148 etiam
3329 2095 3432 2148 im-

1845 2179 2129 2234 mortalem
2157 2195 2279 2236 esse
2308 2193 2550 2238 creatam
2577 2199 2592 2248 ;
2627 2190 2689 2238 ut
2717 2185 2965 2240 omnibus
2995 2184 3060 2239 iis
3078 2199 3198 2255 qua:
3221 2185 3274 2239 in
3300 2192 3441 2240 terra

1847 2269 1987 2325 facta
2016 2277 2143 2325 sunt
2172 2271 2484 2343 imperaret.
2514 2271 2630 2329 Hoc
2657 2282 2742 2330 est
2768 2275 2909 2330 enim
2939 2274 3087 2345 quod
3109 2291 3140 2331 a
3163 2275 3442 2344 'l‘heologo

1847 2357 2112 2427 Gregorio
2141 2360 2209 2416 de
2249 2362 2430 2417 anima
2469 2361 2673 2419 dictum
2705 2372 2806 2431 est,
2859 2379 2890 2418 a
2921 2363 3032 2420 Deo
3063 2379 3203 2430 esse,
3235 2373 3292 2420 et
3314 2365 3440 2421 divi-

1786 2455 1791 2459 '
1848 2467 1992 2519 nam,
2045 2467 2109 2507 ac
2145 2469 2396 2525 supernae
2441 2455 2736 2511 nobilitatis
2783 2455 3101 2527 participem
3139 2474 3152 2511 :
3201 2471 3333 2526 non,
3383 2465 3438 2512 ut

1849 2545 2096 2603 nonnulli
2125 2557 2410 2605 autumant
2432 2564 2498 2605 ae
2524 2549 2727 2614 dicunt,
2760 2549 2954 2605 divina:
2976 2550 3291 2606 substantia:
3317 2550 3438 2605 aui-

1846 2655 1990 2696 mam
2016 2655 2136 2697 esse
2164 2659 2176 2695 :
2207 2642 2302 2698 sed
2331 2649 2392 2698 ut
2418 2643 2775 2713 inspiratione
2805 2641 2902 2697 Dei
2930 2640 3148 2710 factam,
3181 2642 3438 2712 gratiam-

1845 2747 1951 2801 que
1979 2741 2193 2788 nactam
2223 2716 2290 2789 ali
2319 2749 2407 2798 eo,
2441 2741 2500 2788 ut
2529 2733 2834 2803 intelligens
2855 2739 3019 2802 esset,
3049 2740 3106 2788 et
3131 2731 3436 2794 rationalis,

1847 2829 1903 2878 et
1930 2823 2268 2891 immortalis,
2300 2840 2402 2879 nec
2429 2840 2536 2879 una
2558 2839 2681 2880 cum
2711 2839 2944 2895 corpore
2985 2831 3312 2889 moreretur,
3357 2823 3436 2879 si-

1848 2924 1942 2973 cut
1969 2915 2360 2971 irrationabilia
2390 2917 2666 2981 animalia,
2717 2917 2813 2972 sed
2852 2932 2952 2986 per
2997 2917 3228 2986 gratiam
3273 2916 3437 2987 parti-

1850 3022 1980 3079 ceps
2006 3014 2148 3063 esset
2179 3022 2424 3078 superum
2455 3008 2772 3074 nobilitatis,
2803 3007 2857 3062 id
2885 3016 2968 3062 est
2997 3007 3437 3062 immortalitatis.

1852 3099 1947 3155 His
1978 3100 2345 3156 testimonium
2373 3098 2623 3170 perhibet
2651 3106 2870 3154 sanctus
2893 3096 3131 3153 Joannes
3165 3095 3436 3153 Constan-

1773 3177 1818 3238 C
1851 3192 2158 3263 tinopoleos
2186 3191 2492 3263 patriarcha
2520 3191 2574 3246 in
2603 3190 2889 3247 undecimo
2917 3203 3170 3245 sermone
3196 3188 3250 3243 in
3281 3202 3437 3243 crea-

1850 3284 2052 3340 tionem
2079 3302 2096 3352 ;
2133 3285 2212 3342 sic
2235 3284 2377 3340 enim
2405 3285 2482 3339 ait
2509 3284 2526 3356 (
2555 3282 2752 3338 Homil.
2786 3299 2878 3338 xm
2906 3283 2960 3336 in
2993 3279 3123 3336 Gen.
3154 3280 3232 3351 ιι)
3267 3298 3280 3334 :
3320 3297 3339 3332 ι
3367 3277 3438 3333 Et

1845 3377 2153 3448 insufﬂauit,
2179 3375 2371 3445 inquit,
2403 3377 2457 3430 in
2489 3376 2676 3447 facient
2706 3375 2817 3447 ejus
2845 3374 3083 3444 spiritum
3103 3373 3241 3437 vitm,
3262 3378 3310 3426 et
3342 3371 3439 3441 fuit

1847 3469 2002 3524 homo
2043 3470 2097 3523 in
2125 3469 2356 3523 animam
2381 3469 2650 3524 viventem.
2681 3466 2779 3524 llic
2806 3467 3050 3523 nonnulli
3075 3465 3310 3538 imperiti
3338 3465 3439 3520 llo-

1844 3559 2040 3626 mines,
2091 3561 2328 3632 propriis
2377 3559 2797 3630 cogitationibus
2839 3559 3004 3627 moti,
3053 3573 3119 3614 ac
3161 3557 3294 3612 nihil
3325 3556 3438 3611 Deo

1847 3652 2048 3710 decens
2101 3654 2156 3708 in
2203 3660 2388 3709 mente
2427 3653 2715 3720 habentes,
2777 3667 2880 3708 nec
2923 3649 3436 3708 condescensionem

1845 3745 2134 3802 verborum
2159 3752 2492 3816 reputantes,
2525 3745 2705 3800 dicere
2732 3744 2936 3799 audent
2963 3759 2994 3798 e
3013 3741 3110 3798 Dei
3137 3738 3438 3798 substantia

1846 3855 1968 3897 esse
2013 3840 2270 3896 animam.
2313 3837 2356 3894 Ο
2387 3841 2672 3908 insaniam,
2723 3855 2758 3896 ο
2789 3838 3155 3895 dementiam!
3188 3857 3208 3891 ι
3259 3836 3438 3908 Atque

1846 3933 1961 3988 haec
1983 3931 2198 4003 quidem
2223 3930 2383 3987 Pater
2411 3931 2479 3988 de
2503 3939 2821 4003 argumento
2841 3931 3143 4002 proposito.
3169 3927 3435 3984 Conside-

1845 4037 1906 4078 ra
1955 4031 2137 4078 autem
2190 4022 2258 4079 de
2305 4023 2426 4077 aliis
2477 4022 2728 4078 omnibus
2778 4023 2834 4076 in
2879 4029 3025 4076 terra
3051 4019 3206 4074 factis
3234 4017 3437 4072 dixisse

1845 4113 2035 4178 Deum,
2067 4115 2182 4185 ﬁat,
2216 4123 2270 4170 et
2299 4115 2553 4186 producat
2584 4125 2743 4181 terra,
2773 4123 2823 4168 et
2862 4115 3060 4183 factum
3089 4118 3166 4163 est
3198 4107 3390 4179 (lbid.)
3417 4124 3436 4173 ,°

1845 4205 1913 4262 de
1940 4205 2164 4262 homine
2201 4215 2384 4261 autem
2432 4206 2604 4261 dicit:
2655 4203 2942 4257 Faciamus
2986 4201 3286 4255 hominem:
3334 4215 3436 4255 nec

1844 4301 2041 4369 solum,
2072 4301 2379 4366 Faciamus,
2413 4299 2530 4362 sed,
2563 4299 2633 4351 ad
2659 4298 2941 4368 imaginem
2967 4305 3017 4350 et
3047 4294 3436 4350 similitudinem

1846 4403 2124 4456 nostram;
2170 4399 2218 4444 et
2247 4405 2456 4444 sumens
2487 4388 2745 4458 pulverem
2777 4387 2838 4441 de
2869 4398 3027 4455 terra,
3057 4387 3285 4459 propriis
3325 4403 3437 4440 ma-

181 4471 424 4554 ἆνθρωπον,
452 4486 540 4540 καί
571 4485 876 4556 ίνεφύσησεν
910 4485 982 4544 εἰς
1001 4485 1061 4539 τὸ
1087 4480 1368 4559 πρόσωπον
1404 4487 1560 4539 αὐτοῦ
1591 4491 1744 4546 πνοήν

1849 4483 1998 4536 nibus
2043 4483 2299 4536 [tantinem
2328 4482 2514 4551 ﬁnxit,
2562 4489 2610 4535 ct
2659 4481 2946 4552 insufﬂauit
2989 4480 3045 4535 in
3093 4481 3281 4552 {aciem
3325 4480 3438 4552 ejus

181 4571 307 4636 ζωῆς,
321 4580 399 4630 καί
423 4579 621 4650 ξγένετο
641 4574 668 4630 ὃ
689 4573 951 4651 ἅνθρωπος
975 4579 1046 4636 είς
1061 4575 1241 4648 ψυχήν
1258 4581 1443 4640 ζῶσαν.
1460 4595 1478 4628 ι
1497 4579 1744 4632 Ἐντεῦθεν

1847 4576 2089 4650 spiritum
2119 4575 2254 4641 vitm,
2285 4584 2334 4628 et
2363 4575 2528 4646 [actus
2559 4583 2635 4628 est
2657 4573 2806 4628 homo
2835 4574 2888 4627 in
2919 4572 3150 4626 animam
3169 4572 3434 4626 viventem.

182 4667 323 4718 τοίνυν
348 4669 472 4724 ἐστίν
509 4667 653 4734 ἰδεῖν,
679 4677 788 4729 πῶς
816 4669 842 4723 ὁ
872 4669 996 4729 Θεὸς
1025 4668 1108 4723 τὸν
1138 4665 1399 4742 ἄνθρωπον
1444 4673 1742 4746 τιμιώτερον

183 4752 363 4813 ἐποίησε
395 4767 482 4815 τῶν
506 4759 670 4816 ἄλλων
695 4761 936 4816 ἁπάντων
959 4767 1059 4816 τῶν
1085 4762 1170 4815 ἐπὶ
1202 4770 1297 4835 γῆς
1323 4765 1635 4833 κτισμάτων.
1669 4765 1742 4819 Τά

185 4847 256 4912 μὲν
281 4843 359 4904 οὖν
391 4851 511 4910 ἄλλα
535 4857 708 4912 πάντα
739 4855 868 4929 λόγῳ
912 4850 1042 4920 εἶπε,
1070 4857 1153 4910 καί
1183 4857 1420 4929 ἐγένοντο·
1460 4860 1548 4914 τὸν
1589 4856 1644 4913 δέ
1683 4879 1739 4929 γε

185 4933 431 5016 ἄνθρωπον,
458 4952 620 5011 καθὼς
647 4947 864 5026 εἴρηται,
894 4948 1043 5008 αὐτὸς
1069 4955 1189 5009 ταῖς
1219 4947 1370 5010 ἰδίαις
1403 4953 1581 5026 χερσὶ,
1605 4953 1740 5008 κατὰ

187 5038 256 5092 τὴν
285 5039 405 5096 Θείαν
438 5048 651 5121 γραοὴν,
683 5040 1060 5114 ἐδημιούργησε
1078 5053 1092 5069 ⁶
1124 5043 1291 5098 πάντα
1319 5041 1373 5097 δὲ
1398 5045 1465 5099 τά
1502 5044 1739 5115 γενόμενα

188 5122 410 5186 ὖπάὺτοῡ
432 5135 513 5190 ἐπὶ
533 5142 626 5206 τῇς
645 5143 738 5206 γῆς
768 5135 985 5197 ὑπέταξε
1011 5141 1086 5207 τῷ
1116 5135 1362 5212 ἀνθρώπῳ
1390 5143 1462 5208 τῷ
1491 5138 1738 5209 γενομένῳ

189 5214 295 5296 ὶντῇ
312 5223 420 5300 ἕκτῃ
438 5229 626 5301 ἡμέρᾳ,
651 5228 737 5281 ’ἱνα
758 5226 962 5280 πάντων
994 5233 1092 5282 τῶν
1117 5226 1200 5280 ἐπί
1220 5235 1310 5288 τῆς
1335 5237 1427 5298 γῆς
1451 5230 1742 5298 κτισμάτων

187 5307 259 5370 ὖδη
272 5321 655 5394 προγεγονότων,
669 5321 755 5375 καὶ
771 5320 1166 5392 ἐτοιμασθὲντων
1182 5324 1318 5392 αύτῷ
1335 5320 1581 5396 δεσπόζῃ,
1592 5321 1745 5380 αὐτὸς

188 5402 269 5459 ὑπὸ
289 5416 369 5464 τοῦ
396 5413 627 5468 πλάστου
655 5411 1041 5484 δεσποζόμενος.
1070 5421 1232 5468 Τοῦτο
1273 5411 1327 5469 δέ
1358 5411 1491 5484 ἡμᾶς
1517 5411 1745 5468 διδάσκει

190 5499 252 5549 καί
273 5497 294 5552 ό
319 5503 364 5555 ἓν
386 5503 544 5579 ἁγίοις
563 5503 795 5576 θεολόγος
815 5505 1091 5579 Γρηγὸριος
1127 5506 1176 5558 ἐν
1207 5513 1278 5577 τῷ
1305 5504 1436 5578 λόγῳ
1466 5513 1538 5578 τῷ
1560 5507 1633 5564 εἱς
1652 5509 1742 5562 τήν

191 5587 276 5642 νέαν
295 5603 532 5670 nupturae,
559 5597 713 5670 λέγων
734 5611 748 5625 ⁸
781 5614 799 5646 (
833 5596 980 5651 Οὕτω
1003 5618 1052 5651 τι
1072 5603 1272 5672 πρῶτον
1298 5597 1345 5648 ἐν
1369 5597 1580 5671 ἡμέραις
1605 5599 1740 5672 ἀριθ-

191 5689 345 5750 μεῖται,
377 5692 459 5743 καί
494 5687 746 5764 δεύτερον,
783 5691 869 5744 καί
892 5693 1082 5760 τρίτον,
1112 5692 1197 5744 καί
1239 5691 1304 5743 τά
1332 5690 1464 5754 ἑξῆς.
1494 5687 1626 5762 ἄχρι
1649 5699 1738 5748 τῆς

192 5769 373 5844 ἓξδὸςιης
396 5783 476 5833 καὶ
498 5781 898 5850 καταπαυσίμου
914 5786 1012 5834 τῶν
1037 5777 1198 5852 {pr/or)
1228 5781 1444 5852 ἡμέρας⁶
1470 5776 1547 5840 αἷς
1579 5802 1743 5834 κειτα-

197 5869 424 5943 μερίζεται
447 5877 511 5932 τά
530 5875 760 5950 γινόμενα
777 5871 939 5950 λόγοις
965 5873 1198 5954 apparot;
1223 5874 1532 5950 τασσόμενα,
1547 5876 1628 5933 καί
1653 5876 1744 5934 οὐκ

1846 4666 1928 4722 Ex
1971 4666 2056 4723 his
2085 4666 2247 4737 igitur
2275 4666 2507 4738 perspici
2533 4673 2735 4736 potest,
2767 4672 2827 4719 ut
2864 4663 3006 4720 Deus
3036 4663 3310 4719 hominem
3356 4663 3438 4717 fe»

1845 4761 1981 4817 cerit
2009 4759 2470 4816 honorabiliorem
2519 4773 2582 4814 ac
2626 4756 3006 4829 pretiosiorem
3036 4756 3158 4812 aliis
3185 4754 3436 4812 omnibus

1843 4871 1964 4927 qua:
1993 4856 2047 4910 in
2079 4864 2223 4911 terra
2249 4861 2376 4910 sunt
2396 4853 2660 4908 creaturis
2685 4868 2701 4919 ;
2733 4851 2836 4906 alia
2859 4850 3077 4921 quidem
3099 4849 3278 4907 omnia
3309 4847 3436 4904 fecit

1842 4948 2046 5003 verbo:
2089 4946 2254 5011 dixit,
2301 4953 2355 5000 ct
2403 4944 2543 4998 facta
2571 4950 2726 5008 sunt;
2759 4943 3032 4998 hominem
3077 4957 3240 5007 vero,
3276 4939 3434 4997 sicuti

1841 5039 2044 5096 dictum
2096 5047 2210 5104 est,
2258 5036 2492 5108 propriis
2544 5036 2660 5106 ipse
2704 5035 2951 5091 manibus
2993 5034 3147 5106 juxta
3194 5033 3431 5089 divinam

1842 5131 2176 5201 Scriptorum
2207 5128 2373 5184 fecit:
2409 5143 2740 5200 quacunque
2769 5136 2947 5184 autem
2976 5129 3045 5185 ab
3086 5143 3152 5182 eo
3192 5126 3243 5180 in
3283 5131 3431 5177 terra

1843 5221 1984 5278 facta
2007 5228 2149 5286 sunt,
2181 5219 2418 5276 subdidit
2445 5220 2670 5286 homini,
2703 5221 2794 5291 qui
2823 5229 2979 5276 sexto
3001 5220 3172 5273 factus
3202 5223 3285 5270 est
3304 5214 3429 5268 die:

1843 5320 1903 5368 ut
1931 5312 2182 5368 omnibus
2204 5311 2431 5366 terrenis
2454 5312 2717 5367 creaturis
2733 5311 2844 5380 jam
2875 5310 3048 5376 factis,
3080 5325 3144 5364 ac
3169 5307 3269 5376 ipsi
3293 5320 3428 5375 prmo

1843 5405 2068 5476 paratis,
2099 5401 2489 5468 dominaretur,
2538 5402 2652 5472 ipse
2680 5400 3027 5473 plasmatoris
3051 5399 3133 5454 sui
3169 5395 3426 5452 obediens

1845 5498 2092 5568 imperio.
2137 5495 2250 5551 lloc
2299 5504 2354 5551 et
2381 5511 2482 5551 nos
2508 5496 2668 5552 docet
2713 5504 2932 5552 sanctus
2962 5491 3269 5559 Theologus
3295 5488 3422 5546 Grc-

1844 5593 2027 5662 gorius
2053 5591 2103 5646 in
2137 5590 2384 5645 oratione
2413 5589 2464 5644 in
2492 5606 2688 5645 novam
2719 5589 3041 5643 dominicam
3085 5586 3259 5656 (Urat.
3295 5583 3387 5656 45)
3415 5599 3429 5652 ς

1845 5685 1920 5740 sic
1951 5684 2093 5740 enim
2135 5683 2302 5740 dicit:
2347 5703 2364 5736 ι
2397 5683 2474 5738 lta
2504 5682 2703 5751 aliquid
2735 5682 2963 5752 primum
3012 5680 3064 5735 in
3110 5679 3300 5735 diebus
3327 5695 3430 5734 nu-

1846 5783 2104 5840 moratur,
2131 5785 2185 5831 et
2209 5773 2526 5840 secundum,
2551 5781 2604 5827 et
2627 5771 2861 5837 tertium,
2881 5785 2942 5824 ac
2963 5769 3234 5842 deinceps,
3259 5783 3428 5839 usque

1848 5870 1916 5936 ad
1958 5870 2246 5944 septimum
2283 5868 2425 5928 diem
2452 5908 2466 5935 ,
2498 5880 2605 5938 quo
2635 5864 2850 5938 requies
2895 5864 2992 5928 fuit
3031 5866 3099 5924 ab
3144 5864 3436 5953 operibus"
