3988 6346
510 265 606 323 137

1843 255 2144 318 νιοιιιυε
2184 257 2385 317 PAPA.

3654 259 3760 318 με

476 386 672 462 αθρὸως
693 383 1024 454 άναδιῖὁμενα
1047 391 1120 456 τῷ
1141 405 1310 440 πάντα
1326 380 1526 456 δυνατῷ
1540 380 1661 454 [pro
1677 371 2068 448 παντοδυνάμῳ]

2183 372 2367 440 quibus
2395 370 2784 442 dispertiuntur
2810 385 2874 427 ea
2916 386 3036 441 quae
3065 369 3220 438 ﬁunt,
3267 370 3520 428 ineﬂ‘abili
3548 372 3763 430 ratione

472 477 698 560 λόγῳ.οὗ
710 484 792 534 καί
807 482 864 538 τὸ
876 491 1057 541 νοῆσαι
1073 483 1236 554 μόνον,
1253 486 1338 536 καί
1350 484 1523 546 εἰπεῖν,
1543 479 1692 556 ἔργον
1707 477 2078 551 ἐστίπαριστά-

479 593 636 649 μενον.
661 572 790 628 Εἰδέ
813 576 1102 635 τελευταῖος
1133 574 1158 630 ὁ
1189 572 1452 651 ἅνθρωπος
1473 572 1768 645 ἀνεδείχθη,
1803 573 1886 624 καὶ
1913 575 2078 625 ταῦτα

479 669 624 742 χειρί
645 673 770 721 Θεοῦ
794 671 877 721 καί
904 667 1048 722 εἰκόνι
1075 671 1426 739 τετιμημένος,
1452 667 1738 738 θαυμαστόν
1770 663 1910 720 οὐδέν
1927 682 1940 694 '
1975 661 2080 717 ἔδει

479 757 578 828 γάρ
605 757 783 830 ὥσπερ
810 756 1017 826 βασιλεῖ
1031 766 1422 833 προϋποστῆναι
1441 763 1506 814 τά
1528 757 1780 832 βασίλεια,
1805 760 1888 812 καί
1916 756 2079 813 οὕτως

482 849 790 918 εἰσαχθῆναι
815 851 897 902 τὸν
927 849 1138 924 βασιλέα
1157 895 1170 917 ,
1219 855 1379 906 πᾶσιν
1416 849 1513 909 ἤδη
1542 849 1997 925 δορυφορούμενον.
2025 850 2081 901 Εἰ

482 943 650 995 τοίνυν
678 943 806 996 κατὰ
827 947 916 1001 την
943 951 1033 998 τοῦ
1065 943 1294 1015 θεολόγον
1322 945 1598 1019 Γρηγορίου
1640 941 1960 997 διδασκαλίαν
1999 961 2083 995 τε-

482 1032 720 1090 λευταῖος
751 1034 776 1088 ὁ
806 1033 1069 1108 ἅνθρωπος
1097 1035 1400 1108 ἀνεδείχθη,
1431 1039 1511 1091 καί
1536 1043 1704 1093 ταῦτα
1748 1040 1892 1111 χειρί
1919 1041 2078 1102 Θεοῦ,

487 1129 573 1178 καί
600 1127 751 1180 εἶκόνι
781 1131 1130 1202 τετιμημένος,
1157 1134 1239 1184 καί
1268 1131 1438 1184 πάντα
1477 1130 1620 1205 παρά
1653 1135 1747 1184 τοῦ
1789 1135 1915 1184 Θεοῦ
1945 1131 2081 1198 αὖτῷ

483 1222 888 1293 προητοιμάσθη,
920 1226 1004 1276 καί
1035 1224 1210 1300 ὥσπερ
1242 1223 1446 1294 βασιλεῖ
1481 1226 1860 1302 προϋφίσταται
1888 1226 1953 1276 τά
1983 1225 2078 1295 βα-

486 1311 672 1376 σίλεια,
696 1316 776 1367 καί
806 1312 970 1374 οὕτως
991 1316 1211 1385 εἰσήχθη
1241 1315 1384 1390 παρὰ
1403 1322 1530 1370 Θεοῦ
1556 1317 1622 1374 ὡς
1654 1315 1894 1386 βασιλεὺς
1919 1321 2081 1370 πᾶσιν

485 1404 578 1464 ἤδη
609 1405 1069 1485 δορυφορούμενος,
1101 1417 1207 1469 πῶς
1237 1410 1468 1480 λέγουσιν
1496 1409 1542 1462 oi
1565 1410 1697 1464 κατά
1721 1409 1806 1464 τὸν
1826 1410 2084 1481 Ὠριγένην

488 1505 945 1573 παραφρονοῦντες,
975 1497 1050 1554 ὅτι
1074 1507 1239 1574 προϋπ
1251 1500 1520 1573 άρχουσαι
1549 1502 1598 1554 αἱ
1626 1500 1802 1572 ψυχαί
1823 1498 1889 1555 δι’
1914 1500 2082 1573 ἁμαρ-

485 1590 598 1648 τίας
629 1591 677 1643 ἐν
703 1593 908 1660 σώμασι
948 1592 1402 1662 καταπέμπονται,
1449 1593 1730 1664 ὀφείλουσαι
1771 1592 1912 1651 δίκας
1952 1594 2080 1647 ύπέ-

489 1705 602 1754 χειν
629 1691 728 1739 τῶν
751 1688 928 1760 πρώην
949 1687 1315 1759 ἡμαρτημένων
1331 1703 1344 1750 ;
1360 1689 1425 1740 Τὸ
1444 1685 1658 1759 ἔμπαλιν
1681 1688 1778 1762 γὰρ
1801 1686 1824 1742 ό
1851 1688 1896 1740 ἐν
1921 1687 1975 1758 όιγ
1990 1692 2083 1748 ίονς

2179 461 2460 530 disposita,
2478 478 2578 518 nec
2597 461 2878 518 confertim
2901 463 3043 518 edita
3066 480 3095 517 a
3123 463 3300 519 Verbo
3323 465 3760 522 rerumomnium

2183 563 2442 626 potente:
2475 555 2630 626 cujus
2657 564 2713 611 et
2739 557 2997 624 cogitare,
3032 568 3088 612 et
3115 557 3294 613 dicere
3320 573 3435 612 rem
3483 557 3657 627 ipsam
3682 567 3765 618 est

2179 656 2454 718 prmstare.
2501 647 2656 714 Quod
2703 649 2746 704 si
2778 657 3082 720 postremus
3129 649 3293 704 homo
3320 649 3631 719 designatus
3661 658 3764 721 est,

2181 738 2343 807 idque
2364 754 2525 795 manu
2548 739 2665 810 Dei,
2692 747 2746 796 et
2769 741 2999 810 imagine
3021 743 3318 801 honoratus
3343 759 3356 796 :
3390 742 3520 796 nihil
3541 743 3764 813 mirum;

2182 829 2232 884 ei
2261 831 2404 885 enim
2433 839 2690 902 tanquam
2718 833 2831 903 regi
2878 833 3117 903 oportuit
3163 834 3310 903 prius
3355 834 3558 902 regiam
3589 833 3766 888 aulam

2180 923 2499 993 subsistere,
2554 939 2618 980 ac
2664 924 2856 980 deinde
2901 940 3086 996 regem
3127 926 3319 996 judici,
3373 927 3618 982 omnium
3652 927 3766 997 jam

2183 1014 2334 1084 quasi
2364 1014 2618 1070 satellitio
2645 1016 2900 1084 stipatum
2931 1031 2996 1072 ac
3015 1018 3300 1072 munitum.
3332 1036 3350 1070 ι
3383 1016 3768 1088 Quamobrem,

2183 1105 2228 1162 si
2257 1121 2324 1161 ex
2367 1105 2612 1174 Gregorii
2645 1105 2904 1176 Theologi
2931 1108 3194 1175 doctrina,
3241 1109 3462 1166 ultimus
3487 1111 3656 1166 homo
3686 1119 3768 1168 est

2183 1199 2520 1268 designatus,
2555 1200 2714 1270 idque
2742 1199 2838 1256 Dei
2865 1217 3028 1256 manu
3055 1244 3070 1271 ,
3105 1211 3161 1258 et
3187 1202 3416 1273 imagine
3453 1207 3772 1272 honoratus,

2184 1308 2247 1347 ac
2273 1294 2454 1348 omnia
2483 1310 2514 1349 a
2539 1293 2651 1350 Dco
2680 1294 2754 1349 illi
2783 1304 3083 1364 praeparata
3125 1306 3284 1364 sunt,
3331 1299 3488 1368 eique
3520 1307 3772 1368 tanquam

2183 1387 2296 1456 regi
2327 1387 2477 1457 prius
2503 1387 2733 1442 subsunt
2759 1387 2960 1457 palatia
2981 1429 2996 1456 ,
3029 1387 3212 1458 sicque
3241 1403 3274 1442 a
3300 1388 3409 1443 Deo
3438 1389 3776 1448 introductus

2185 1487 2283 1543 est,
2315 1478 2554 1532 omnium
2571 1479 2684 1548 jam
2706 1479 2933 1548 stipatus
2954 1479 3214 1550 obsequio
3239 1498 3250 1532 :
3275 1480 3545 1550 quomodo
3566 1481 3772 1549 dicunt,

2185 1572 2277 1642 qui
2300 1572 2454 1642 juxta
2480 1571 2766 1640 Origenem
2794 1571 3082 1642 desipiunt,
3112 1573 3515 1644 prmexistentes
3543 1575 3771 1643 animas,

2186 1678 2408 1738 propter
2436 1678 2658 1740 peccata
2690 1670 2744 1724 in
2774 1684 3004 1741 corpora
3033 1669 3272 1740 demitti,
3310 1672 3456 1741 prius
3483 1674 3775 1730 commissa

487 1775 780 1850 Γρηγὸριος,
813 1781 896 1830 καί
918 1777 1132 1852 ὕστερον
1159 1779 1364 1833 πάντων
1389 1779 1522 1854 λέγει
1549 1783 1636 1836 τὸν
1661 1778 1913 1859 ἄνθρωπον
1941 1801 2081 1852 γεγε-

2187 1763 2447 1818 luituras?
2493 1761 2694 1819 Contra
2735 1765 2875 1819 enim
2915 1775 3131 1821 sanctus
3167 1764 3456 1834 Gregorius
3486 1774 3540 1822 et
3565 1775 3776 1837 postre-

485 1869 690 1936 νῆσθαι,
725 1872 809 1924 καί
833 1873 1095 1942 τιμηθῆναι
1123 1873 1224 1927 ὑπὸ
1255 1879 1378 1928 Θεοῦ
1398 1917 1411 1940 ,
1446 1877 1525 1929 καὶ
1561 1874 1851 1945 βασιλεύειν
1877 1883 1975 1931 τῶν
2003 1877 2084 1931 ἐπὶ

485 1970 580 2034 7i;
618 1963 836 2019 πάντων.
865 1962 1028 2040 ὀπερ
1052 1971 1304 2042 τιμωρίας
1331 1970 1421 2038 μὲν
1463 1969 1547 2022 οὐκ
1574 1968 1720 2035 ἔστι,
1748 1971 1922 2033 πάσης
1951 1970 2086 2028 δέτό

488 2053 707 2108 ἐναντίον
751 2059 993 2128 προνοίας
1054 2061 1142 2111 καί
1215 2061 1504 2135 εὐεργεσίας
1557 2060 1768 2128 ἔνδειξις
1826 2065 2078 2140 ὑπάρχει.

487 2146 730 2217 Σύμφωνα
759 2145 814 2201 δέ
847 2156 958 2208 τοῖς
982 2156 1068 2202 τοῦ
1099 2149 1332 2219 θεολόγον
1356 2154 1649 2230 Γρηγορίου,
1679 2155 1764 2207 καί
1794 2154 1818 2209 ὁ
1852 2157 1898 2209 ἐν
1923 2156 2079 2228 ἁγίοις

493 2233 722 2298 Ἰωάννης
767 2235 794 2291 ὁ
826 2241 1400 2302 Κωνσταντινουπόλεως
1445 2250 1781 2320 πατριάρχης
1834 2250 1966 2320 τ’μὸις
2010 2247 2084 2303 δι-

486 2325 668 2383 δάσκει
697 2331 746 2384 ἐν
766 2337 838 2402 τῷ
862 2329 1111 2406 ἑνδεκάτῳ
1131 2332 1260 2406 λόγῳ
1288 2343 1359 2406 τῷ
1385 2339 1454 2396 είς
1483 2342 1572 2396 τὴν
1603 2342 1787 2404 κτίσιν,
1817 2341 1972 2412 λέγων
1997 2343 2083 2396 οἰτ-

487 2437 611 2482 τως·
637 2421 790 2478 (Ἀλλ’
807 2420 941 2484 ’ἴσως
968 2422 1098 2480 εἴποι
1119 2447 1197 2486 τις
1219 2424 1467 2494 ἅν,--Καί
1488 2433 1620 2489 τίνος
1646 2431 1807 2486 ἕνεκεν
1835 2437 1878 2486 εἰ
1900 2437 2082 2504 τιμιώ-

487 2532 629 2588 τερον
659 2517 690 2574 ἡ
719 2514 873 2587 ψυχή
903 2525 995 2572 τοῦ
1020 2521 1275 2590 σώματος,
1305 2521 1364 2576 τὸ
1389 2519 1598 2578 ἔλαττον
1619 2531 1821 2600 πρῶτον
1845 2524 2084 2605 δημιουρ-

487 2612 670 2678 γεῖται,
702 2611 789 2663 καί
811 2609 929 2665 τότε
968 2611 1026 2666 τὸ
1055 2617 1248 2683 μεῖζον,
1283 2616 1364 2668 καὶ
1387 2616 1671 2689 ύπερὲχσνς
1701 2647 1770 2656 —
1795 2620 1910 2689 Οὐχ
1939 2619 2081 2695 ὁρᾷς,

489 2697 716 2770 ἀγαπητδ
732 2739 740 2758 ,
760 2698 838 2756 ὅτι
867 2704 954 2756 καί
974 2702 1056 2757 ἐπὶ
1077 2711 1170 2764 τῆς
1196 2708 1411 2767 κτίσεως
1439 2708 1495 2760 τὸ
1521 2709 1646 2764 αὐτὸ
1676 2716 1828 2764 τοῦτο
1853 2712 2080 2783 γέγονενς

493 2789 669 2864 ὥσπερ
695 2788 793 2865 γάρ
819 2791 844 2848 ὃ
873 2795 1097 2872 οὐρανὸς,
1125 2799 1208 2850 καί
1231 2798 1262 2855 ἡ
1281 2807 1367 2870 γῆ.
1391 2801 1473 2853 καί
1499 2798 1523 2853 ό
1545 2801 1697 2866 ἥλιος,
1724 2804 1806 2857 καί
1829 2807 1858 2861 ἡ
1881 2805 2080 2872 σελήνη,

492 2887 573 2938 καί
601 2887 664 2939 τά
689 2883 812 2942 ἄλλα
835 2889 1004 2944 πάντα
1029 2888 1419 2968 ἐδημιουργήθη,
1453 2897 1534 2948 καί
1562 2899 1692 2966 μετά
1725 2905 1886 2954 ταῦτα
1915 2903 2085 2956 πάντα

490 2975 516 3030 ὁ
546 2975 807 3054 ἅνθρωπος
839 2979 866 3037 ὃ
903 2984 1096 3038 τούτων
1123 2987 1326 3042 πάντων
1354 2992 1444 3045 τήν
1489 2990 1662 3062 ἀρχὴν
1690 2991 1874 3062 μέλλων
1913 2994 2086 3064 ἐγχει-

488 3073 740 3143 ρίζεσθαι,
784 3075 868 3130 τὸν
894 3077 1043 3132 αὐτὸν
1072 3075 1132 3135 δὴ
1167 3078 1354 3150 τρόπον
1391 3083 1477 3133 καί
1507 3082 1554 3134 ἓν
1585 3083 1710 3154 αὐτῇ
1733 3092 1793 3154 τῇ
1819 3083 2085 3141 διαπλάσει

487 3169 578 3218 τοῦ
608 3166 892 3241 ἀνθρώπου,
938 3167 1183 3242 πρότερον
1212 3171 1270 3224 τὸ
1295 3179 1443 3242 σῶμα
1487 3173 1795 3241 πλάττεται,
1844 3179 1928 3230 καί
1967 3179 2082 3234 τότε

490 3255 521 3312 ἦ
545 3253 698 3324 ψυχὴ
733 3257 764 3313 ἡ
802 3259 1094 3335 τιμιωτέρα.
1126 3258 1217 3314 Ὃν
1245 3263 1346 3337 γάρ
1382 3263 1570 3336 τρόπον
1597 3265 1660 3319 τὰ
1704 3262 1861 3338 ἄλογα
1904 3272 1968 3324 τὰ
2013 3276 2086 3332 εἰς

490 3345 780 3420 ὑπηρεσίαν
818 3348 1058 3419 μέλλοντα
1096 3347 1221 3407 εἶναι
1265 3359 1502 3430 χρήσιμα
1551 3359 1650 3430 πρὸ
1687 3365 1778 3414 τοῦ
1819 3364 2084 3438 ἀνθρώπου

487 3435 867 3517 δημιουργεῖται
885 3481 900 3505 ,
927 3441 1010 3496 ἵνα
1037 3442 1238 3514 ἑτοίμην
1279 3444 1382 3519 ἔχῃ
1410 3452 1498 3506 τήν
1527 3448 1809 3523 ὑπηρεσίαν
1845 3452 1868 3507 ό
1898 3456 2085 3524 μέλλων

488 3539 578 3590 τῆς
606 3534 798 3586 τούτων
826 3535 1012 3606 χρείας
1041 3537 1330 3604 ἀπολαύειν,
1358 3539 1492 3596 οὕτω
1517 3545 1595 3596 καὶ
1618 3544 1675 3598 τὸ
1701 3551 1850 3615 σῶμα
1872 3549 1972 3624 πρὸ
1994 3558 2086 3611 τῆς

489 3621 670 3692 ψυχῆς
709 3622 1127 3702 δημιουργεῖται,
1161 3631 1242 3685 ἵνα
1281 3631 1480 3687 ἐπειδάν
1507 3636 1636 3690 κατὰ
1670 3642 1758 3695 τήν
1797 3637 2084 3714 ἀπόρρητον

489 3715 643 3769 αὐτοῦ
675 3721 852 3791 σοφίαν
887 3721 917 3778 ἦ
945 3719 1098 3792 ψυχὴ
1127 3725 1400 3801 παραχθῇ,
1434 3724 1551 3796 ἔχει
1594 3731 1685 3789 τὰς
1722 3731 1910 3791 οἰκείας
1947 3734 2085 3810 ἐνερι

487 3809 627 3880 γείας
653 3807 1029 3868 ἐπιδείκνυσθαι
1056 3811 1140 3870 διά
1159 3823 1250 3876 τῆς
1277 3823 1368 3870 τοῦ
1397 3820 1636 3891 σώματος
1662 3825 1919 3882 κινήσεως.
1936 3842 1952 3874 ι
1985 3807 2086 3881 Καὶ

488 3904 656 3955 ταῦτα
694 3904 784 3972 μὲν
813 3899 930 3958 ὅσον
963 3903 1212 3970 ἐπιδεῖξαι
1240 3914 1349 3968 τοῖς
1381 3910 1720 3981 ἀκροωμένοις
1747 3909 1824 3966 ὅτι
1851 3917 1915 3969 τά
1956 3918 2088 3973 αὐτὰ

487 3997 599 4049 τοῖς
626 3989 786 4064 ἁγίοις
814 3998 1045 4072 πατράσι
1075 3998 1374 4072 φθεγγόμεθα
1391 4042 1404 4064 .
1445 4010 1717 4074 πανταχοῦ
1744 4010 1834 4064 τὴν
1857 4016 1957 4062 τῶν
1982 4009 2084 4080 diu.

488 4089 600 4154 χῶν
629 4085 947 4165 προύπαρξιν
971 4091 1256 4168 ἀναιροῦσα
1295 4095 1439 4148 πάλιν
1467 4093 1518 4149 δέ
1545 4103 1636 4156 τῆς
1665 4096 1812 4167 ἁγίας
1837 4099 2088 4171 λεγούσης

485 4187 674 4251 γραφῆς
705 4183 932 4260 περὶτοῦ
961 4181 1140 4256 Ἀδὰμ,
1161 4190 1246 4241 καὶ
1274 4195 1365 4247 τῆς
1390 4185 1542 4250 Εὗας’
1568 4189 1878 4262 «Εὐλόγησεν
1903 4195 2088 4258 αὐτοὺς

485 4268 512 4324 ὁ
542 4273 665 4330 Θεὸς
682 4310 696 4334 ,
719 4275 802 4326 καί
827 4270 985 4343 εἶπεν,
1009 4307 1071 4316 —-
1093 4279 1364 4343 Αύξάνεσθε
1406 4283 1491 4336 καί
1519 4281 1824 4340 πληθύνεσθε
1852 4289 1935 4340 καί
1955 4289 2086 4350 πλη-

485 4363 686 4436 ρώσατε
703 4369 792 4424 τήν
817 4375 927 4442 γῆν,
945 4371 1030 4424 καὶ
1057 4373 1500 4447 κατακυριεύσατε
1527 4376 1889 4438 αὐτῆς.--Πῶς
1918 4376 2020 4456 ἆρα
2043 4385 2088 4437 εἰ

2187 1871 2334 1910 mum
2365 1855 2606 1910 omnium
2650 1856 2922 1912 hominem
2961 1857 3160 1912 factum
3194 1871 3313 1912 esse
3343 1857 3492 1924 dicit,
3523 1865 3579 1912 et
3604 1873 3633 1912 a
3663 1858 3776 1914 Deo

2187 1947 2536 2014 honoratum,
2572 1956 2627 2004 et
2656 1948 2718 2003 iis
2752 1949 2998 2004 omnibus
3027 1964 3145 2019 quae
3175 1949 3228 2002 in
3273 1957 3411 2004 terra
3449 1957 3574 2004 sunt
3601 1949 3777 2004 domi-

2188 2040 2306 2094 nari
2337 2058 2348 2093 :
2379 2039 2522 2109 quod
2563 2055 2695 2096 sane
2723 2055 2896 2110 poma:
2934 2056 3041 2095 non
3073 2048 3174 2107 est,
3206 2040 3300 2096 sed
3330 2041 3615 2109 singularis
3642 2040 3776 2096 Pro-

2187 2135 2435 2190 videntia:
2483 2151 2546 2191 ac
2593 2134 2842 2191 beneficii
2895 2135 3234 2205 significatio.
3289 2135 3565 2203 Theologo
3616 2152 3776 2205 porro

2184 2225 2447 2293 Gregorio
2487 2227 2754 2282 consentit
2781 2226 2954 2282 sancti
2986 2225 3209 2282 Joannis
3235 2227 3777 2298 Constantinopoleos

2185 2317 2506 2387 patriarchae
2541 2317 2788 2374 doctrina
2828 2319 2882 2374 in
2923 2319 3206 2376 undecimo
3235 2333 3485 2396 sermone
3524 2318 3592 2374 de
3617 2333 3776 2374 crea-
3848 2367 3864 2384 ,

2186 2407 2348 2472 tione,
2382 2408 2460 2463 sic
2485 2409 2629 2463 enim
2657 2408 2782 2465 dicit
2813 2408 2997 2482 (Hom.
3030 2409 3097 2464 15
3129 2412 3184 2465 in
3213 2409 3426 2481 Cenes.)
3463 2429 3476 2464 :
3513 2430 3533 2464 ε
3569 2412 3642 2467 At
3671 2413 3777 2468 for-

2187 2506 2327 2554 tasse
2354 2500 2498 2554 dicat
2523 2500 2718 2568 aliquis
2748 2518 2761 2553 :
2794 2499 2922 2566 Cur,
2946 2501 2992 2556 si
3019 2501 3196 2556 anima
3226 2502 3515 2570 pretiosior
3541 2508 3630 2556 est
3653 2517 3776 2558 cor-

2185 2614 2349 2669 pore,
2381 2600 2530 2670 quod
2578 2600 2800 2657 inferius
2845 2610 2929 2658 est
2972 2603 3122 2672 prius
3169 2601 3257 2667 fit,
3294 2618 3360 2657 ac
3386 2602 3606 2658 demum
3633 2601 3777 2673 quod

2185 2693 2358 2763 majus
2385 2701 2468 2749 est
2495 2709 2559 2749 ac
2600 2695 2866 2750 nobilius?
2907 2695 3100 2751 Annon
3126 2695 3305 2765 vides,
3333 2695 3546 2763 dilecte,
3581 2697 3637 2750 in
3664 2695 3778 2768 ipsa

2185 2787 2460 2842 creatione
2475 2786 2613 2842 idem
2633 2787 2738 2843 hoc
2759 2786 2963 2843 factum
2983 2803 3105 2846 esse
3129 2805 3140 2842 :
3163 2786 3617 2859 quemadmodum
3637 2784 3779 2843 enim

2187 2881 2413 2946 coelum,
2453 2891 2510 2936 et
2539 2890 2712 2950 terra,
2741 2892 2797 2939 et
2823 2883 2934 2951 sol,
2977 2891 3034 2940 et
3062 2884 3220 2951 luna,
3264 2893 3566 2954 ceteraque
3597 2885 3778 2941 omnia

2189 2970 2446 3028 fabricata
2471 2982 2627 3040 sunt,
2657 2991 2722 3030 ac
2748 2984 3080 3046 postremum
3105 2975 3300 3044 homo,
3331 2974 3416 3030 cui
3441 2989 3632 3030 eorum
3659 2989 3778 3030 om-

2190 3064 2335 3119 nium
2383 3065 2664 3137 imperium
2703 3066 3064 3123 mandandum
3114 3065 3288 3122 fuerat
3318 3083 3332 3120 :
3359 3066 3438 3123 sic
3461 3065 3516 3121 in
3544 3065 3782 3137 plasma:

2112 3139 2159 3204 C
2191 3155 2336 3211 tione
2364 3157 2615 3226 hominis,
2641 3159 2872 3228 primum
2903 3158 3164 3214 formatur
3189 3174 3403 3228 corpus,
3433 3167 3543 3213 tum
3575 3158 3781 3226 anima,

2189 3259 2309 3314 qum
2333 3247 2702 3303 honorabilior
2729 3257 2826 3304 est.
2859 3248 2992 3303 Nam
3019 3257 3077 3304 ut
3106 3250 3344 3320 expertia
3381 3249 3630 3314 rationis,
3661 3263 3784 3322 qua

2187 3337 2255 3393 ad
2283 3339 2567 3394 utilitatem
2603 3347 2658 3396 et
2692 3341 3009 3412 obsequium
3049 3341 3408 3413 parabantur,
3452 3350 3578 3397 ante
3603 3342 3784 3397 homi-

2185 3447 2310 3487 nem
2340 3434 2621 3502 exstitere,
2653 3443 2712 3490 ut
2740 3445 2928 3506 parata
2958 3437 3256 3491 ministeria
3286 3435 3532 3503 haberet,
3564 3437 3662 3506 qui
3691 3453 3785 3494 eo-

2185 3539 2302 3580 rum
2332 3525 2632 3582 commodis
2657 3524 2761 3582 frui
2792 3527 3025 3584 debebat
3057 3545 3070 3581 :
3105 3528 3178 3582 ita
3209 3534 3264 3582 et
3287 3541 3481 3598 corpus
3509 3535 3641 3584 ante
3669 3530 3787 3584 ani-

2186 3633 2329 3674 mam
2381 3618 2696 3675 fabricatum
2747 3627 2871 3686 est,
2920 3628 2980 3675 ut
3027 3635 3149 3675 cum
3189 3618 3650 3688 juxtaoccultam
3693 3619 3786 3676 Dei

2186 3710 2511 3780 sapientiam
2540 3713 2722 3768 anima
2750 3712 3111 3778 induceretur,
3143 3712 3359 3782 propria
3390 3710 3568 3766 ollicia
3599 3719 3788 3782 posset

2186 3809 2338 3855 motu
2367 3803 2610 3872 corporis
2637 3807 2880 3874 exsequi.
2921 3822 2939 3856 ι
2997 3801 3170 3871 Atque
3197 3803 3311 3858 haec
3337 3802 3466 3858 satis
3493 3801 3565 3857 ad
3593 3810 3784 3858 osten-

2186 3891 2418 3948 dendum
2449 3895 2786 3952 audientibus
2809 3939 2824 3965 ,
2873 3913 2974 3952 nos
3001 3896 3198 3967 ubique
3244 3896 3429 3951 eadem
3475 3896 3688 3952 sentire
3723 3911 3788 3953 ac

2186 3994 2367 4051 dicere
2415 4013 2534 4066 quae
2580 3997 2769 4054 Patres
2794 4039 2808 4067 ,
2856 3999 2945 4067 qui
2987 3997 3286 4052 animarum
3323 3996 3787 4066 pratexistentiam

2189 4088 2404 4143 tollunt.
2451 4089 2716 4146 Prteterea
2745 4134 2759 4160 ,
2801 4106 2924 4146 cum
2964 4101 3149 4146 sancta
3187 4089 3460 4160 Scriptura
3501 4089 3572 4144 de
3610 4089 3788 4145 Adam

2186 4189 2348 4252 atque
2382 4182 2493 4236 Eva
2524 4183 2666 4238 dicat
2698 4203 2710 4236 :
2745 4183 3018 4238 Benediatit
3047 4201 3134 4237 eos
3177 4181 3330 4247 Deus,
3363 4191 3413 4235 et
3441 4181 3581 4235 dixit
3611 4200 3631 4236 :
3662 4182 3790 4238 Cre-

2185 4277 2328 4342 atite,
2362 4285 2412 4330 et
2438 4277 2874 4348 multiplicamini,
2907 4287 2957 4330 et
2986 4277 3177 4348 replete
3216 4285 3427 4345 terram,
3454 4283 3504 4329 et
3532 4275 3790 4332 domina-

2184 4369 2314 4423 mini
2342 4371 2389 4422 ei
2440 4369 2590 4439 (Gen.
2624 4370 2664 4440 ι)
2712 4370 3067 4439 :quomodo,
3118 4370 3162 4425 si
3210 4370 3400 4425 animm
3445 4371 3791 4442 antiquiores

484 4466 832 4536 προπίῃ-ἦρχον
862 4462 914 4518 αἱ
958 4463 1134 4534 ψυχαί
1173 4472 1273 4518 τῶν
1301 4468 1550 4536 σωμάτων
1569 4509 1583 4534 ,
1632 4465 1805 4542 ἔμελλε
1836 4475 1966 4530 κατά
1993 4480 2081 4535 τήν

2185 4460 2335 4516 fuere
2361 4463 2695 4532 corporibus,
2721 4462 2956 4517 futurum
2989 4462 3103 4528 fuit,
3133 4471 3191 4517 ut
3219 4463 3510 4518 secundum
3537 4463 3789 4519 divinum

484 4552 617 4605 θείαν
640 4555 925 4625 πρόσταξιν
962 4556 1254 4620 αὐξάνεσθαι
1283 4559 1342 4612 τά
1371 4561 1783 4634 προϋπάρχοντα
1805 4569 1932 4618 κατὶ
1960 4572 2082 4631 τούς

483 4643 679 4698 ἐκείνων
719 4646 939 4716 μύθους;
985 4649 1066 4700 καί
1105 4654 1214 4708 πῶς
1255 4643 1399 4720 εἶχεν
1442 4647 1468 4704 ὁ
1513 4653 1635 4711 Θεὸς
1676 4653 1950 4724 εὐλογῆσαι
1988 4656 2082 4715 τάς

483 4736 668 4807 ψυχὰς
698 4743 816 4799 ταῖς
857 4738 1131 4813 ἁμαρτίαις
1157 4739 1251 4800 ἤδη
1287 4742 1661 4805 ύποπεσούσας
1687 4747 1757 4807 είς
1778 4746 1834 4802 τὸ
1862 4749 2078 4810 αὐξηθῆ-

483 4830 564 4882 ναί
584 4848 659 4894 τε,
688 4833 769 4882 καί
795 4831 1160 4897 πληθυνθῆναι;
1194 4833 1564 4908 ἁμαρτήσασαι
1585 4839 1683 4911 γὰρ
1712 4838 1763 4891 αἱ
1791 4837 1965 4909 ψυχαί
1991 4861 2081 4896 κα-

493 4921 654 4994 τάρας
696 4921 881 4990 μᾶλλον
930 4920 1062 4996 ἢπερ
1117 4924 1342 4998 εὐλογίας
1395 4925 1679 5000 ἐτύγχανον
1721 4926 1876 4994 ἄξιαι.
1927 4935 1984 4984 Εἰ
2026 4931 2079 4987 δὲ

481 5019 824 5090 προῦπῆρχον
846 5013 897 5067 αί
923 5013 1099 5086 ψυχαί
1141 5016 1193 5072 ἐν
1223 5016 1372 5093 ἑτέρα
1399 5020 1537 5084 τάξει
1563 5021 1912 5094 ύπάρχουσαι
1954 5024 2082 5079 κατὰ

479 5107 596 5165 τούς
625 5105 912 5179 Ὠριγένους
950 5109 1169 5180 μύθους,
1201 5108 1285 5167 διά
1323 5117 1374 5168 τί
1420 5113 1565 5186 μόνον
1594 5113 1750 5190 Ἀδὰμ
1797 5114 2012 5172 ἔπλασεν
2054 5117 2080 5174 ὂ

479 5199 632 5262 Θεός;
667 5192 766 5274 ἆρα
789 5200 934 5270 μόνον
955 5203 984 5261 ἡ
1009 5200 1161 5275 ψυχὴ
1183 5211 1271 5260 τοῦ
1293 5203 1453 5277 ’Δδάμ
1474 5207 1587 5263 τότε
1612 5205 1670 5268 ἦν
1687 5207 2072 5284 ’ἁμαρτήσασα;

479 5293 563 5343 καὶ
593 5285 678 5345 διά
706 5297 858 5346 τοῦτο
888 5289 938 5346 ἓν
965 5301 1117 5365 σῶμα
1137 5294 1355 5353 ἔπλασεν
1379 5297 1404 5354 ὁ
1431 5297 1583 5364 Θεὸςζ
1617 5303 1661 5354 εἰ
1697 5303 1796 5376 γάρ
1826 5298 1956 5360 ἦσαν
1977 5303 2077 5378 πρὸ

477 5384 665 5437 τούτου
717 5385 802 5438 καί
847 5380 989 5441 ἄλλαι
1017 5385 1228 5459 ψυχαί,
1277 5388 1382 5447 ἔδει
1425 5394 1506 5447 καὶ
1545 5388 1667 5447 ἄλλα
1704 5395 1921 5465 σώματα
1964 5393 2073 5464 ἅμα

476 5466 764 5534 πλασθῆναι
787 5477 1149 5552 ύποδεχόμενα
1177 5485 1272 5545 τὰς
1302 5483 1506 5556 ψυχάς.
1538 5493 1645 5546 Πῶς
1685 5484 1738 5541 δὲ
1767 5488 1798 5544 ἡ
1838 5485 2071 5560 ἁμαρτή-

477 5587 621 5624 σασα
647 5572 774 5625 κατὰ
792 5574 914 5634 τούς
941 5575 1104 5630 αὐτῶν
1134 5575 1313 5648 λόγους
1339 5577 1491 5649 ψυχὴ
1514 5583 1595 5634 καί
1622 5579 1704 5635 διὰ
1725 5583 1973 5655 τιμωρίαν
2002 5584 2072 5644 εἰς

475 5667 630 5734 σῶμα
665 5663 944 5736 βληθεῖσα,
985 5669 1058 5731 εἰς
1101 5671 1187 5725 τὸν
1212 5669 1524 5747 παράδεισον
1562 5681 1653 5734 τῆς
1696 5681 1887 5747 τρυφῆς
1927 5675 2071 5753 παρὰ

473 5759 569 5811 τοῦ
595 5761 772 5834 κυρίου
802 5760 970 5827 ideo;
998 5765 1043 5817 εί
1063 5762 1162 5838 γὰρ
1192 5761 1274 5819 διὰ
1300 5767 1549 5842 τιμωρίαν
1582 5769 1783 5839 σώματι
1812 5767 2070 5836 ἐνεϐλήθη,

474 5847 569 5911 οὐκ
589 5849 640 5910 ἐν
661 5850 958 5942 repetitio?
981 5862 1074 5921 τῆς
1098 5865 1295 5936 τρυφῆς
1314 5899 1329 5930 ,
1368 5859 1472 5927 ᾀλλ’
1500 5861 1551 5918 ἐν
1571 5859 1832 5926 κολάσεως
1861 5855 1920 5920 ἄν
1947 5863 2077 5926 ἀπε-

2187 4554 2468 4625 impcrium
2510 4564 2815 4612 crescerent
2852 4571 2914 4610 ac
2943 4555 3445 4626 multiplicarentur,
3480 4570 3604 4626 quae
3634 4565 3787 4622 ante,

2181 4647 2335 4717 juxta
2381 4665 2568 4706 eorum
2622 4650 2828 4704 fabulas
2875 4650 3070 4704 erant?
3123 4657 3179 4704 et
3224 4648 3494 4719 quomodo
3544 4648 3790 4704 habebat

2185 4740 2328 4796 Deus
2371 4742 2693 4798 benedicere
2737 4744 2944 4797 animas
2978 4740 3088 4811 jam
3128 4741 3181 4795 in
3211 4747 3429 4811 peccata
3467 4738 3683 4808 lapsas,
3720 4739 3793 4795 ad

2184 4832 2531 4888 crcsccndum
2559 4843 2613 4888 et
2638 4833 3140 4904 multiplicandum?
3169 4831 3374 4886 Anima:
3403 4831 3546 4886 enim
3578 4847 3791 4901 pecca-

2183 4925 2254 4982 tis
2279 4927 2658 4982 contaminatae
2680 4969 2695 4992 ,
2741 4929 3123 4984 maledictione
3149 4927 3331 5000 potius
3357 4941 3520 4996 quam
3550 4925 3792 4982 benedi-

2184 5019 2363 5074 ctione
2389 5019 2562 5088 dignaa
2587 5029 2760 5076 erant.
2811 5019 2881 5076 At
2904 5021 2962 5078 .si
3002 5021 3194 5078 anima:
3237 5017 3690 5090 prmexistebant,
3731 5023 3793 5074 et

2179 5111 2332 5182 juxta
2361 5111 2605 5182 Origenis
2649 5113 2875 5181 fabulas,
2907 5115 2963 5170 in
2994 5115 3100 5171 alio
3130 5121 3284 5170 erant
3328 5112 3556 5168 ordine:
3582 5127 3794 5182 quam-

2185 5205 2371 5260 obrem
2402 5206 2576 5262 solum
2605 5207 2773 5262 Adam
2800 5208 3088 5278 plasmavit
3113 5207 3290 5262 Deus?
3336 5221 3402 5261 an
3439 5221 3572 5262 vero
3605 5204 3797 5261 Adam

2178 5299 2353 5354 anima
2388 5307 2497 5355 tum
2529 5301 2643 5355 sola
2671 5308 2945 5370 peccaret,
2973 5317 3036 5357 ac
3063 5307 3351 5372 propterea
3380 5314 3545 5353 unum
3577 5313 3800 5368 corpus

2177 5405 2207 5446 a
2230 5391 2343 5448 Deo
2367 5391 2722 5448 fabricatum?
2750 5393 2806 5450 Si
2832 5394 2974 5450 enim
3001 5401 3157 5449 antea
3179 5392 3294 5447 aliae
3315 5391 3507 5447 anima:
3531 5390 3798 5463 fuerunt,

2177 5484 2279 5539 alia
2309 5500 2534 5555 corpora
2562 5486 2722 5542 simul
2741 5487 2990 5542 fabricari
3011 5485 3272 5558 oportuit,
3294 5499 3416 5554 qua:
3436 5482 3801 5553 susciperem

2177 5577 2403 5632 animas.
2453 5577 2519 5632 Et
2545 5580 2820 5648 quomodo
2868 5580 3156 5650 peccatrix,
3190 5586 3248 5634 ut
3273 5591 3466 5634 eorum
3495 5583 3581 5630 est
3607 5575 3796 5646 ratio,

2177 5673 2354 5726 anima
2382 5673 2628 5744 supplicii
2659 5689 2819 5729 causa
2842 5675 2892 5728 in
2915 5689 3110 5745 corpus
3135 5673 3400 5744 conjecta,
3432 5672 3484 5727 in
3513 5670 3795 5742 paradiso

2176 5765 2490 5821 deliciarum
2523 5783 2553 5821 a
2583 5767 2696 5822 Deo
2740 5767 2916 5838 posita
2946 5776 3029 5824 est
3050 5769 3077 5822 ?
3127 5767 3260 5822 Nam
3289 5767 3333 5821 si
3363 5773 3422 5821 ut
3450 5779 3645 5836 pinnas
3670 5764 3792 5821 de-

2180 5858 2444 5933 penderet
2472 5859 2528 5918 in
2557 5875 2757 5934 corpus
2785 5865 2934 5918 esset
2961 5861 3147 5932 missa,
3173 5874 3284 5919 nou
3307 5859 3366 5918 in
3389 5857 3486 5920 illo
3502 5856 3790 5936 paradiso
