3988 6346
207 293 304 356 189

1243 303 1614 362 JUSTINIANI
1653 306 1782 364 LIB.
1825 304 1987 362 ADV.
2027 308 2406 364 ORIGENEM.

3346 329 3452 388 £90

208 414 352 471 τὶθιτο
365 412 532 484 τὸπῳο
557 418 800 470 τοσοῦτον
821 413 874 470 δὲ
890 412 914 468 ὁ
929 416 1053 476 Θεὸς
1069 418 1305 490 ἠγάπησε
1327 424 1410 476 τὸν
1434 421 1712 494 ἄνθρωπον,
1731 420 1782 476 ὃν

1899 421 1982 491 sed
2013 421 2065 475 in
2097 423 2342 494 supplicii
2391 423 2514 480 loco
2557 425 2937 490 collocaretur.
2981 428 3288 503 Tantopcra
3339 447 3467 492 vero

224 511 333 579 μετὰ
347 509 508 563 πάντα
537 510 600 563 τά
623 506 1046 585 δημιουργήμαιά
1067 510 1308 578 ἔπλασεν,
1336 513 1410 570 ότι
1435 513 1517 588 [ιθ.
1533 512 1690 586 ὥστε]
1705 520 1790 572 καί

221 607 333 674 μετά
365 603 417 655 τὸ
447 603 732 678 παραῧὴναι
761 604 915 659 αὐτὸν
957 611 1046 664 τήν
1079 604 1306 662 δοθεῖσαν
1343 610 1484 682 αὐτῷ
1524 612 1668 684 παρὰ
1697 616 1790 666 τοῦ

220 701 328 750 Θεοῦ
357 695 568 762 ἐντολὴν,
603 699 686 751 καί
723 695 807 752 διὰ
833 705 986 754 τοῦτο
1010 699 1301 759 ἐκϐληθῆναι
1332 709 1421 756 τοῦ
1449 703 1784 777 παραδείσου,

217 790 529 860 αὐξανομένου
556 797 646 845 τοῦ
666 791 841 864 γένους
871 800 970 846 τῶν
999 795 1295 867 ἀνθρώπων,
1311 798 1394 850 καί
1414 795 1788 868 πληθυνομένης

217 891 293 942 τῆς
314 881 564 956 ἁμαρτίας
589 880 675 938 διὰ
705 884 762 938 τὸ
788 885 1039 954 ἐγκεῖσθαι
1067 889 1157 945 τήν
1201 884 1424 942 διάνοιαν
1467 895 1566 944 τῶν
1600 890 1790 962 ἀνθρώ-

217 997 310 1030 πων
345 975 590 1046 ἐπιμελῶς
626 973 712 1031 ἐπί
738 978 805 1032 τά
835 981 1080 1054 χείρονα,
1128 981 1183 1032 οὐ
1227 979 1472 1056 περιεῖδεν
1509 981 1536 1037 ὁ
1565 983 1687 1044 Θεὸς
1719 985 1788 1045 ὡς

217 1068 379 1138 mea;
406 1071 462 1123 τό
498 1066 625 1124 ἴδιον
651 1070 893 1140 πλάσμα,
927 1071 1050 1126 ἀλλὰ
1073 1071 1327 1152 διαφόροις
1353 1075 1638 1133 ἐνουθέτησε
1669 1074 1784 1150 τρό-

215 1181 312 1219 ποις
339 1167 440 1222 τοῖς
466 1161 572 1216 ἀπὸ
609 1171 702 1222 τῆς
730 1161 878 1233 ἁγίας
915 1163 1233 1236 δηλουμένοις
1261 1175 1458 1241 γραφῆς
1477 1182 1488 1192 ·
1535 1165 1706 1226 ἐπειδὴ
1733 1166 1786 1223 δέ

213 1249 582 1325 ὲπιέεινοτέροις
613 1262 727 1314 τοῖς
768 1256 1142 1332 ἀρῥωστήμασι
1184 1260 1406 1328 μείζονος
1438 1256 1674 1330 ἐδεόμεθα
1704 1262 1788 1315 καί

211 1349 288 1401 τῆς
313 1340 624 1417 (θεραπείας)
672 1346 928 1418 ἰατρείας,
959 1347 1108 1406 αὐτὸς
1144 1345 1170 1402 ὁ
1213 1353 1478 1418 μονογενής
1521 1355 1613 1402 τοῦ
1656 1355 1785 1404 Θεοῦ

211 1429 356 1504 λόγος,
381 1432 405 1486 ό
428 1429 521 1498 εἷς,
551 1436 793 1490 τουτέστι
811 1437 868 1490 τὸ
893 1434 943 1488 ἓν
969 1437 1242 1510 πρόσωπον
1263 1446 1354 1498 τῆς
1382 1437 1526 1508 ἁγίας
1554 1436 1784 1515 τριάδος,

211 1521 280 1578 διά
304 1529 385 1583 τήν
431 1527 623 1580 ἑαυτοῦ
672 1526 1037 1598 φιλανθρωπίαν
1077 1526 1343 1603 ἄνθρωπος
1389 1534 1585 1604 γίνεται
1625 1532 1787 1602 μένων

211 1617 337 1683 Θεὸς,
368 1617 496 1690 μηδὲ
547 1624 636 1678 τὴν
675 1619 838 1678 θεῖκην
869 1621 1032 1675 αὐτοῦ
1071 1623 1248 1678 οὐσίαν
1279 1623 1564 1685 ἀλλοιώσας
1593 1628 1666 1686 εἰς
1700 1629 1788 1684 τήν

207 1715 499 1789 ἀνθρωπίνην
523 1757 538 1780 ,
567 1714 694 1783 μηδέ
725 1723 814 1774 τήν
855 1719 1168 1793 ἀνθρωπίνην
1207 1721 1364 1776 αὐτοῦ
1392 1722 1564 1776 οὐσίαν
1595 1725 1667 1780 εἰς·
1696 1725 1786 1780 τήν

1892 513 2079 567 dilexit
2122 515 2396 570 hominem
2425 515 2566 572 Deus
2592 562 2605 587 ,
2650 534 2810 588 quem
2839 529 2963 593 post
2987 540 3176 582 omnes
3201 533 3476 588 creatur“

1886 605 2284 678 fabricaverat,
2315 619 2372 666 ut
2403 626 2524 667 cum
2560 612 2652 670 ille
2700 622 3063 686 transgressus
3102 628 3246 676 esset
3287 621 3477 678 datum

1891 699 1990 754 sibi
2017 710 2365 772 praeceptum,
2390 719 2453 760 ac
2479 703 2679 761 idcirco
2700 720 2730 760 e
2749 708 3001 777 paradiso
3026 718 3170 768 esset
3190 711 3477 784 expulstm;

1889 803 2168 850 crescente
2206 796 2483 852 hominum
2525 811 2743 866 genere,
2771 801 3033 872 gliscente
3058 813 3306 874 peccato,
3335 803 3482 874 quod

1891 885 2151 954 cogitatio
2181 887 2417 944 hominis
2445 889 2514 946 ad
2542 890 2812 948 deteriora
2850 909 3020 962 pravo
3064 893 3242 950 studio
3268 895 3482 952 incum-

1889 977 2044 1032 berct
2065 1021 2078 1044 ,
2114 979 2424 1048 ﬁgmentum
2467 997 2623 1037 suum
2651 981 2794 1038 Deus
2817 1026 2832 1050 ,
2883 993 2943 1038 ut
2971 992 3096 1054 pote
3127 985 3299 1040 bonus
3323 1025 3336 1049 ,
3372 999 3480 1038 non

1889 1070 2146 1136 neglexit,
2172 1072 2264 1126 sed
2297 1073 2478 1128 multis
2509 1073 2686 1128 modis
2713 1075 3062 1145 reprehendit
3098 1084 3153 1130 et
3179 1075 3482 1146 castigavit,

1889 1160 2047 1218 sicuti
2075 1173 2260 1217 sancta
2289 1162 2564 1234 Scriptura
2594 1165 2880 1232 signiﬁcat.
2925 1164 3215 1236 Postquam
3248 1181 3374 1220 vero
3414 1166 3484 1221 ob

1889 1257 2166 1322 graviores
2187 1255 2406 1310 morbos
2425 1258 2630 1324 majore
2649 1258 2916 1316 medicina
2937 1258 3288 1326 indiguimus;
3314 1259 3488 1328 ipsum

1891 1347 2228 1415 unigenitum
2254 1348 2352 1403 Dei
2381 1349 2616 1406 Verbum
2634 1390 2650 1416 ,
2679 1368 2816 1408 unus
2838 1395 2852 1418 ,
2883 1352 2936 1408 id
2961 1360 3066 1421 est,
3098 1368 3200 1407 una
3231 1367 3484 1423 persona.

1889 1447 2089 1494 sancta:
2131 1439 2406 1494 Trinitatis
2429 1479 2445 1504 ,
2477 1450 2700 1512 prOpter
2729 1443 3112 1513 benignitatem
3140 1459 3293 1501 suam
3323 1445 3488 1500 homo

1892 1526 1971 1594 ﬁt,
1998 1543 2220 1584 manens
2241 1529 2405 1595 Deus,
2429 1546 2530 1586 nec
2556 1531 2734 1586 divina
2764 1548 2859 1587 sua
2887 1534 3186 1590 substantia
3215 1535 3268 1588 in
3300 1533 3490 1586 huma-

1889 1637 2016 1678 nam
2039 1638 2320 1690 conversa,
2344 1639 2446 1678 nec
2467 1624 2698 1678 humana
2726 1625 2778 1678 in
2803 1625 3034 1682 divinam
3057 1634 3298 1692 mutata;
3330 1639 3491 1680 unus-

1892 1729 2000 1784 que
2028 1721 2112 1769 est
2140 1730 2204 1769 ac
2233 1714 2374 1768 idem
2409 1714 2463 1769 in
2493 1724 2719 1786 utraque
2747 1725 2941 1774 natura
2960 1759 2974 1784 ,
3008 1719 3064 1774 in
3100 1719 3274 1788 iisque
3301 1719 3492 1775 incon-

207 1809 349 1866 ὒεῖκήν
371 1809 696 1879 μεταϐαλών.
722 1813 814 1863 Καὶ
845 1807 877 1864 ἔ
878 1831 992 1865 στιν
1017 1808 1088 1872 εἷς
1117 1814 1202 1867 καί
1225 1811 1253 1866 ὁ
1283 1813 1428 1873 αὐτὸς
1452 1815 1501 1867 ἐν
1525 1814 1790 1888 ἑκατέραις

1899 1805 2016 1860 fuse
2045 1813 2207 1875 atque
2236 1806 2463 1862 indivise
2493 1808 2855 1876 cognoscitur.
2907 1809 3129 1866 Manens
3167 1810 3312 1866 enim
3350 1807 3492 1879 quod

207 1907 304 1960 ταῖς
341 1902 557 1973 φύσεσιν
602 1903 925 1973 άσυγχύτως
955 1907 1040 1956 καὶ
1081 1901 1382 1974 ἀδιαιρέτως
1407 1905 1787 1979 γνωριζόμενος.

205 1994 366 2056 Μείνας
399 1997 500 2070 γάρ
540 1994 666 2072 ὅπερ
697 1995 784 2060 ἦν,
819 1997 1018 2068 γέγονεν
1049 1996 1174 2072 ὅπερ
1195 1999 1283 2052 οὐκ
1309 1995 1388 2056 ἦν.
1423 2001 1522 2052 Καὶ
1543 1998 1630 2052 τὸν
1661 1999 1792 2070 ὀφει-

153 2083 157 2088 ’
207 2085 391 2157 λόμενον
416 2089 629 2144 θάνατον
656 2086 783 2161 παρ’
812 2091 952 2158 ἡμῶν
975 2091 1029 2142 ἐκ
1055 2098 1147 2148 τῆς
1175 2087 1258 2144 διὰ
1280 2095 1367 2148 την
1387 2089 1688 2164 παράϐασιν
1710 2111 1794 2144 κα-

205 2183 499 2255 τακρίσεως,
531 2184 582 2236 ἐν
607 2191 668 2257 τῇ
697 2183 802 2256 ἰδίᾳ
829 2186 984 2256 σαρκὶ
1028 2182 1419 2254 ἀναδεξάμενος,
1455 2184 1790 2259 ἠλευθέρωσιν

209 2274 332 2342 ὑμᾶς
368 2283 453 2331 τοῦ
503 2279 709 2332 αἰωνίου
747 2279 998 2345 Θανάτου,
1039 2279 1248 2352 άναρχή
1290 2287 1388 2335 τῶν
1429 2281 1791 2351 κεκοιμημένων

207 2365 447 2435 γενόμενος
467 2410 482 2433 ,
517 2371 600 2423 καὶ
627 2369 947 2444 πρωτότοκος
977 2369 1208 2430 ἀναστάς
1233 2371 1286 2424 ἐκ
1312 2378 1496 2443 νεκρῶν
1528 2377 1790 2449 συνήγειρε

207 2459 281 2510 καί
309 2461 632 2518 συνεκάθισεν
666 2463 799 2532 ἡμᾶς
828 2463 878 2517 ἐν
908 2469 1015 2524 τοῖς
1057 2463 1405 2538 ἐπουρανίοις,
1454 2465 1614 2524 καθὼς
1657 2466 1795 2535 ἡμᾶς

205 2546 416 2607 διδάσκει
440 2557 470 2613 ἡ
503 2556 815 2614 ἀποστολική
845 2555 1156 2634 παράδοσις.
1187 2560 1241 2610 Ei
1264 2561 1362 2633 γάρ
1392 2562 1476 2614 καὶ
1498 2564 1588 2618 τήν
1619 2561 1794 2633 ἀρχὴν

203 2644 230 2700 ἠ
251 2646 532 2720 ἀνθρωπίνη
567 2650 716 2720 φύσις
757 2647 845 2705 διὰ
873 2655 962 2709 τὴν
989 2655 1252 2726 παρακοήν
1283 2652 1529 2728 ἐστερήθη
1569 2659 1661 2707 τοῦ
1692 2675 1796 2709 πα-

201 2737 462 2810 ραδείσου,
499 2742 605 2798 ἀλλ’
649 2742 786 2814 ὅμως
817 2747 885 2804 ὡς
928 2743 1156 2820 εἴρηται,
1199 2745 1225 2800 ὁ
1254 2750 1527 2819 μονογενής
1570 2747 1680 2811 υίὸς
1703 2752 1795 2802 τοῦ

199 2836 313 2884 Θεοῦ
338 2830 425 2887 διὰ
456 2840 552 2894 τήν
583 2835 768 2895 πολλὴν
805 2836 1008 2909 ἀγάπην
1032 2839 1216 2905 αὐτοῦ,
1256 2839 1314 2896 ἣν
1337 2840 1600 2908 ἠγάπησεν
1629 2841 1796 2909 ἡμᾶς,

199 2927 276 2980 τήν
315 2925 577 2996 ἡμετέραν
614 2928 762 2996 φύσιν
804 2926 996 2986 ἐνώσας
1040 2927 1207 2994 ἑαυτῷ
1258 2925 1631 2988 άδιασπάστως
1691 2927 1797 2982 καθ’

197 3011 520 3079 ὑπόστασιν,
550 3016 598 3068 ἓν
634 3023 696 3089 τῇ
727 3020 897 3089 μήτρᾳ
921 3024 1011 3076 τῆς
1046 3015 1191 3090 ἁγίας
1216 3014 1418 3080 ἐνδόξου
1458 3018 1689 3072 θεοτόκου
1715 3021 1801 3072 καὶ

195 3105 532 3183 άειπαρθένου
560 3109 788 3180 Μαρίας,
821 3107 1044 3177 μείζονος
1071 3110 1206 3178 ἡμᾶς
1235 3111 1417 3172 ἠξίωσε
1446 3111 1686 3184 χάριτος.
1711 3115 1801 3170 τήν

1895 1906 2045 1964 erat,
2085 1898 2284 1954 factum
2314 1907 2398 1954 est
2439 1901 2584 1969 quod
2621 1916 2730 1956 non
2767 1910 2885 1958 erat
2918 1921 2930 1956 :
2959 1913 3299 1973 mortemque
3340 1900 3495 1960 nobis

1894 1991 2134 2048 debitam
2173 2007 2240 2047 ex
2281 1995 2724 2061 transgressionis
2765 1994 3146 2064 damnatione,
3181 1997 3234 2052 in
3273 1995 3494 2066 propria

1893 2098 2058 2140 carne
2077 2083 2393 2152 suscipiens,
2417 2091 2620 2140 :eterna
2641 2099 2742 2140 nos
2767 2095 2942 2142 morte
2965 2087 3230 2153 liberavit,
3253 2087 3497 2158 primititl

1895 2175 2262 2229 dormientium
2309 2176 2480 2245 factus
2503 2215 2519 2242 ,
2569 2191 2631 2228 ac
2689 2177 3060 2247 primogenitus
3115 2194 3390 2249 resurgens
3436 2193 3498 2233 ea

1895 2271 2131 2336 mortuis,
2166 2271 2531 2325 consuscitavit
2577 2280 2626 2324 et
2654 2273 2932 2330 consedere
2962 2275 3084 2345 fecit
3128 2275 3184 2328 in
3213 2273 3497 2330 cmlestibus

1895 2361 1950 2433 (Ι
1976 2362 2097 2418 Cor.
2127 2380 2231 2430 xv;
2265 2362 2465 2418 Coloss.
2491 2380 2539 2431 ι;
2573 2363 2770 2436 Ephes.
2799 2365 2858 2438 ιι)
2887 2385 2899 2419 :
2925 2367 3379 2437 quemadmodum
3404 2380 3498 2422 nos

1895 2454 2056 2511 docet
2094 2455 2311 2512 traditio
2350 2456 2674 2526 apostolica.
2719 2456 2979 2524 Quamvis
3009 2458 3153 2514 enim
3180 2473 3210 2513 a
3238 2458 3499 2529 principio

1897 2549 2135 2606 humana
2165 2560 2356 2608 natura
2386 2559 2610 2622 propter
2639 2552 3059 2610 inobedientiam
3099 2553 3308 2624 privata
3338 2567 3499 2622 para-

1895 2643 2016 2700 diso
2040 2652 2123 2699 est
2154 2663 2165 2697 :
2197 2652 2400 2711 tamen,
2432 2652 2492 2699 ut
2512 2651 2596 2700 est
2617 2644 2836 2709 dictum,
2866 2643 3174 2715 Unigenitus
3204 2643 3305 2700 Dei
3332 2643 3500 2698 Filius

1899 2745 2110 2807 prapter
2161 2738 2378 2792 multam
2433 2737 2740 2792 charitatem
2797 2754 2946 2793 suam
2992 2754 3095 2811 qua
3161 2738 3346 2793 dilexit
3409 2753 3502 2792 nos

1903 2826 2122 2897 (Ep/tes.
2156 2827 2254 2899 ιι),
2304 2836 2553 2884 naturam
2601 2837 2841 2886 nostram
2890 2831 2994 2886 sibi
3040 2831 3233 2888 uniens
3277 2829 3502 2885 indivise

1903 2919 2202 2976 secundum
2243 2921 2648 2976 subsistentiam
2698 2923 2752 2976 in
2802 2931 2958 2978 utero
3012 2933 3214 2979 sanctae
3254 2924 3503 2992 gloriosa!

1904 3011 2000 3065 Dei
2049 3011 2323 3078 genitricis
2362 3026 2577 3082 semper
2623 3012 2839 3082 virginis
2880 3012 3098 3080 Mariae,
3147 3014 3341 3082 majori
3405 3027 3504 3068 nos

1906 3101 2156 3170 dignatus
2184 3111 2267 3158 est
2291 3103 2492 3171 gratia,
2523 3103 2734 3160 donans
2775 3104 2930 3159 nobis
2967 3118 3190 3174 regnum
3219 3104 3501 3160 ctelorum.

195 3199 235 3252 ἐν
272 3201 520 3274 οὐρανοῖς
561 3199 826 3269 βασιλείαν
865 3202 979 3271 ἡμῢι
1021 3204 1395 3278 χαρισάμενος.
1445 3212 1711 3280 Μαρτυρεῖ
1749 3204 1795 3262 δὲ

1907 3191 2082 3264 Atque
2103 3193 2186 3248 his
2209 3195 2574 3252 testimonium
2600 3195 2847 3266 perhibet
2866 3207 3086 3252 sanctus
3103 3195 3344 3254 Joannes
3362 3196 3505 3252 Con-

196 3292 389 3351 τούτοις
422 3293 509 3344 καὶ
549 3290 574 3346 ὁ
609 3293 661 3345 ἐν
692 3291 859 3364 ἁγίοις
894 3292 1118 3354 Ἰωάννης
1154 3293 1180 3348 ὁ
1221 3296 1802 3359 Κωνσταντινουπὸλεως

199 3386 535 3459 πατριάρχης
564 3385 612 3438 ἐν
639 3393 710 3455 τῷ
745 3384 873 3458 λόγῳ
909 3394 980 3457 τῷ
1010 3391 1082 3446 εἰς
1104 3390 1194 3446 την
1232 3387 1506 3458 ἀνάληψιν,
1539 3387 1692 3462 λέγων
1721 3387 1802 3442 οῦ-

200 3495 310 3538 τως·
335 3496 354 3530 ι
375 3480 533 3551 ἡμεῖς
559 3480 605 3532 οί
630 3487 723 3539 τῆς
747 3487 839 3552 γῆς
865 3481 1058 3546 ἀνάξιοι
1085 3484 1338 3554 φανέντες,
1362 3487 1583 3556 σήμερον
1614 3487 1688 3546 εἰς
1717 3485 1802 3540 τόν

201 3571 400 3644 οὐρανὸν
453 3572 781 3643 ἀνήχθημεν
831 3574 876 3626 οἱ
934 3573 1065 3645 μηδέ
1112 3583 1205 3637 τῆς
1250 3577 1386 3632 κάτω
1437 3579 1612 3650 ἀρχῆς
1659 3573 1800 3640 ὄντες

205 3658 340 3730 ἄξιοι,
372 3665 508 3739 πρὸς
537 3671 628 3723 την
652 3665 916 3736 βασιλείαν
943 3667 1191 3740 ἀνέϐημεν
1213 3675 1304 3729 τήν
1327 3666 1451 3736 ἅνω,
1481 3669 1800 3745 ὑπερέϐημεν

205 3760 308 3819 τούς
336 3761 620 3836 οὐρανοὺς,
666 3760 1010 3832 ἐπελαϐόμεθα
1047 3769 1137 3818 τοῦ
1168 3763 1344 3836 θρόνου
1383 3772 1470 3820 τοῦ
1503 3765 1797 3835 βασιλικοῦ⁶

206 3851 274 3900 ιωιὶ
292 3850 321 3907 ἡ
341 3852 521 3922 φύσις,
547 3849 614 3905 δι’
633 3851 690 3908 ἣν
715 3851 957 3922 ἐφύλαττε
987 3853 1072 3908 τὸν
1099 3853 1412 3930 παράδεισον
1431 3858 1498 3910 τά
1517 3857 1799 3930 Χερουϐὶμ,

203 3941 315 4000 αὐτή
343 3944 522 3998 ἐπάνω
541 3950 640 3998 τῶν
663 3947 922 4021 Χερουϐὶμ
944 3943 1156 4004 κάθηται
1182 3946 1802 4021 σήμερον.Ἀποδέδειχται

202 4034 350 4088 τοίνυν
381 4033 473 4091 ὅτι
512 4036 616 4106 οὐχ
641 4038 708 4098 ὡς
739 4039 998 4114 Ὠριγένης
1028 4038 1187 4115 ληρεῖ,
1214 4040 1263 4093 s'v
1291 4039 1525 4114 οὐρανοῖς
1549 4041 1600 4095 αἱ
1624 4040 1802 4112 ψυχαὶ

204 4130 681 4204 προῦπάρχουσαι.
735 4126 918 4185 ἔπειτα
959 4129 1334 4206 ἁμαρτήσασαι
1377 4133 1802 4203 κατεπέμφθησαν

205 4221 429 4297 τιμωρίας
491 4221 647 4294 χάριν
685 4223 758 4280 εἰς
798 4223 864 4276 τά
912 4224 1150 4294 σώματα.
1179 4221 1301 4278 Ἀλλ’
1339 4224 1392 4278 ἐκ
1423 4231 1522 4278 τῶν
1565 4224 1800 4279 ἐναντίων

207 4310 280 4364 ἐπὶ
320 4323 410 4386 τῆς
457 4310 895 4390 δημιουργηθεῖσα
945 4313 1036 4376 ὅλη
1091 4318 1121 4375 ἡ
1173 4321 1266 4371 τοῦ
1310 4317 1578 4391 ἀνθρώπου
1620 4318 1796 4388 φύσις,

210 4406 426 4461 τουτέστι
467 4408 714 4478 σώματος
740 4410 830 4462 καί
857 4407 1059 4478 ψυχῆς,
1089 4405 1172 4463 διὰ
1199 4416 1289 4469 τῆς
1311 4408 1682 4467 ἐπιϐαλλούσης
1710 4413 1798 4463 τοῦ

213 4500 326 4550 Θεοῦ
367 4499 688 4572 ἀπιθότητος
737 4509 829 4562 τῆς
878 4501 930 4566 ¹ἐν
981 4502 1213 4575 οὐρανοῖς
1260 4503 1466 4564 ἠξίωται
1511 4501 1798 4570 βασιλείας.

1906 3287 2338 3358 stantinopoleos
2367 3288 2670 3358 patriarcha
2700 3289 2756 3346 in
2799 3304 3052 3346 sermone
3077 3291 3146 3346 de
3173 3289 3506 3346 Ascensione

1905 3380 2080 3453 (Tom.
2110 3380 2174 3438 ill
2204 3400 2344 3452 oper.
2379 3384 2544 3454 ejus),
2578 3384 2658 3441 sic
2682 3383 2868 3441 dicens
2895 3402 2907 3437 :
2940 3404 2959 3436 ι
2989 3384 3094 3452 Qui
3125 3393 3268 3439 terra
3297 3383 3503 3455 indigni

1903 3479 2309 3544 exstiteramus,
2341 3477 2502 3534 hodie
2530 3479 2586 3534 in
2615 3479 2813 3535 coelum
2835 3479 3030 3535 elevati
3057 3495 3242 3536 sumus
3271 3499 3284 3534 :
3313 3481 3406 3550 qui
3436 3494 3505 3537 ne

1899 3568 2159 3624 inferiore
2187 3568 2407 3638 quidem
2431 3569 2660 3640 imperio
2681 3569 2962 3627 fueramus
2989 3569 3156 3640 digni,
3179 3571 3250 3627 ad
3275 3584 3500 3639 regnum

1899 3674 2195 3730 supernum
2224 3660 2657 3728 conscendimus,
2689 3661 3020 3732 supergressi
3047 3661 3236 3729 caelos,
3265 3661 3502 3731 regium-

1899 3775 2010 3830 que
2031 3761 2225 3816 solium
2255 3759 2454 3838 adepti.
2487 3760 2707 3829 Natura,
2753 3769 2976 3833 propter
3001 3778 3164 3833 quam
3207 3762 3503 3819 Cherubim

1901 3855 2210 3924 paradisum
2239 3855 2614 3912 custodiebant
2645 3855 2796 3926 (Gen.
2829 3855 2932 3929 ιιι),
2961 3857 3075 3927 ipsa
3105 3872 3265 3927 supra
3293 3856 3502 3912 Cheru-

1897 3945 2012 4002 bim
2052 3946 2212 4002 hodie
2271 3947 2444 4003 sedet.
2484 3966 2510 4000 ι·
2552 3947 2913 4014 Quamobrem
2951 3947 3379 4006 demonstratum
3421 3956 3502 4005 est

1903 4037 2118 4092 animas
2140 4077 2154 4104 ,
2199 4052 2308 4094 non
2336 4081 2352 4106 ,
2391 4046 2452 4093 ιιι
2488 4037 2748 4107 Origenes
2781 4045 3049 4108 nugatur,
3091 4040 3146 4093 in
3173 4039 3327 4093 omlis
3353 4039 3503 4106 prius

1900 4126 2100 4198 fuisse,
2133 4144 2198 4186 ac
2218 4128 2413 4186 deinde
2451 4129 2507 4184 in
2543 4143 2774 4199 corpora
2811 4128 3036 4194 missas,
3069 4136 3127 4182 ut
3158 4136 3501 4197 perpetrato-

1901 4235 2020 4275 rum
2047 4229 2393 4290 peccatorum
2431 4235 2623 4290 pmnas
2654 4219 3033 4285 exsolverent;
3075 4219 3170 4274 sed
3200 4226 3411 4286 contra,
3445 4221 3499 4277 in

1903 4318 2047 4366 terra
2086 4309 2402 4366 fabricatam
2443 4309 2751 4364 universam
2791 4315 3038 4363 naturam
3079 4310 3409 4380 humanam,
3448 4313 3500 4369 id

1901 4411 1988 4458 est
2014 4417 2211 4471 corpus
2233 4408 2397 4471 atque
2425 4400 2682 4465 animam,
2711 4401 2957 4457 bonitate
2981 4416 3046 4459 ac
3073 4403 3386 4474 dignatione
3413 4405 3500 4460 di-

1901 4494 2026 4548 vina
2053 4492 2220 4548 caelos
2246 4492 2495 4562 adeptam
2518 4506 2638 4548 esse
2669 4511 2680 4547 :
2712 4502 2772 4549 ut
2798 4493 2890 4565 qui
2911 4494 3160 4552 homines
3187 4496 3499 4552 mandatum

214 4584 351 4649 Ὠστε
369 4599 496 4657 τοὺς
524 4599 819 4674 ἀνθρώπους
841 4599 963 4657 τούς
989 4602 1076 4655 τήν
1106 4597 1304 4655 ἐντολὴν
1335 4601 1427 4651 τοῦ
1452 4601 1578 4650 Θεοῦ
1609 4596 1794 4666 φυλάτ-

1903 4592 1996 4648 Dei
2019 4592 2356 4648 custodirent
2397 4608 2462 4648 ac
2506 4593 2833 4664 implerent,
2883 4595 3196 4666 angelorum
3245 4597 3300 4656 in
3343 4599 3495 4655 ccelis

220 4689 376 4748 τοντάς
409 4710 502 4756 τι,
535 4695 619 4744 καὶ
666 4690 1012 4765 πληροῦντας,
1057 4689 1319 4753 ἀξιοῦσθαι
1349 4697 1439 4749 τῆς
1480 4689 1528 4740 ἐν
1568 4689 1798 4764 οὐρανοῖς

220 4784 310 4832 τῶν
346 4782 564 4854 ἀγγέλων
606 4781 985 4856 συνδωγωγῆς”
1016 4781 1104 4842 οὓς
1143 4782 1192 4835 ἐν
1222 4789 1284 4854 τῇ
1321 4790 1383 4856 γῇ
1418 4778 1501 4837 διά
1542 4791 1632 4841 τῆς
1666 4783 1798 4857 πρὸς

216 4875 325 4930 Θεὸν
366 4878 636 4952 ὁμολογίας
683 4882 946 4952 μιμεῖσθαι
993 4875 1440 4956 προσετάχθημεν.
1497 4885 1558 4930 Bo
1593 4876 1799 4948 λόμενος

217 4970 302 5044 γὰρ
339 4971 364 5025 ὁ
401 4975 531 5033 Θεὸς
569 4972 654 5029 διά
700 4980 790 5034 τήν
820 4972 1076 5049 ἄφραστον
1115 4975 1267 5030 αὐτοῦ
1315 4974 1703 5049 φιλανθρωπίαν,
1745 4970 1798 5026 ὃν

219 5063 384 5135 τρόπον
404 5067 458 5121 ἓν
483 5069 712 5142 οὐρανοῖς
749 5068 850 5123 ὐπό
879 5075 978 5124 τῶν
1004 5067 1160 5140 ἁγίων
1198 5065 1456 5137 δυνάμεων
1497 5063 1794 5131 δοξάζεται,

221 5155 339 5211 οὕτω
359 5163 441 5215 καὶ
461 5161 547 5216 ἐπί
566 5168 656 5222 τῆς
683 5169 776 5232 γῆς
798 5161 901 5216 ὐπὸ
923 5167 1020 5217 τῶν
1040 5161 1316 5234 ἀνθρώπων
1339 5158 1652 5225 δοξάζεσθαι,
1689 5157 1799 5218 ἐδη-

221 5248 486 5325 μιούργησε
520 5255 608 5311 τὸν
633 5252 909 5332 ἄνθρωπον,
939 5252 1172 5332 δεύτερον
1202 5251 1410 5326 ἄγγελον
1437 5254 1521 5308 ἐπὶ
1564 5262 1654 5312 τῆς
1681 5259 1796 5324 γῆς,

223 5341 279 5402 ὦς
310 5337 366 5398 ἂν
391 5348 635 5424 πληρωθῇ
659 5351 726 5404 τά
751 5353 918 5404 πάντα
944 5345 1088 5412 δόξης
1117 5354 1267 5402 Θεοῦ.
1293 5344 1434 5401 Ὀοεν
1461 5348 1546 5399 καί
1575 5344 1600 5400 ὁ
1630 5342 1801 5419 κύριος

222 5435 522 5509 παραδιδοὺς
543 5437 680 5501 ὅπως
697 5440 947 5512 ὀφείλουσι
967 5441 1377 5513 προσεύχεσθαι,
1390 5440 1542 5511 λέγει’
1557 5440 1800 5514 -Ιιάτερ

223 5526 351 5599 ὐμῶν
382 5530 482 5588 div
519 5541 632 5594 τοῖς
660 5535 912 5610 οὐρανοῖς,
943 5532 1236 5606 ἁγιασθήτω
1276 5533 1334 5587 τὸ
1379 5529 1543 5602 ὅναμά
1583 5553 1700 5596 σου,
1733 5533 1807 5587 ἐλ-

223 5622 342 5682 θέτω
366 5630 398 5688 ἦ
436 5629 672 5703 βασιλεία
711 5650 843 5696 σου,
873 5631 1124 5704 γενηθήτω
1161 5628 1220 5682 τὸ
1261 5627 1446 5698 θάλημά
1487 5647 1611 5693 σου,
1659 5630 1727 5688 ὡς
1754 5626 1806 5684 ἓν

222 5720 407 5800 σῦρανῷ
429 5730 515 5782 καὶ
537 5728 622 5783 ἔπι
640 5737 733 5791 τῆς
755 5737 868 5802 γῆς.
892 5746 911 5781 ι

287 5818 528 5892 Σύμφωνα
555 5819 610 5876 δὲ
636 5829 747 5883 τοῖς
775 5823 896 5900 παρ’
917 5824 1056 5896 ἡμῶν
1085 5823 1364 5899 εἰρημένοις
1392 5825 1479 5878 καὶ
1505 5820 1530 5878 ὃ
1561 5823 1613 5878 ἐν
1639 5822 1805 5896 ἁγίοις

475 5916 752 5996 Γρηγόριος
779 5916 830 5976 iv
864 5923 942 5996 τῷ
981 5913 1113 5994 λόγῳ
1135 5923 1210 5994 τῷ
1236 5917 1308 5984 εἷς
1335 5918 1393 5977 τὸ
1431 5915 1574 5996 ἅγιον
1612 5918 1803 5992 πάσχι(

1901 4691 2313 4746 conversatione
2340 4689 2488 4759 digni
2511 4691 2861 4761 haberentur,
2885 4705 3023 4761 quos
3051 4693 3106 4746 in
3129 4702 3271 4750 terra
3297 4694 3498 4750 imitari

1901 4798 2000 4854 per
2035 4783 2426 4840 confessionem
2466 4785 2522 4840 in
2559 4783 2726 4840 Deum
2773 4784 2906 4856 jussi
2953 4801 3158 4844 sumus.
3212 4787 3345 4843 Nam
3375 4806 3496 4845 cum

1900 4877 2062 4932 vellet
2080 4877 2218 4932 Deus
2239 4884 2462 4949 propter
2479 4878 2894 4934 inenarrabilem
2915 4877 3301 4937 humanitatem
3323 4897 3495 4948 suam,

1901 4971 2040 5026 sicut
2068 4971 2120 5024 in
2151 4971 2301 5025 caelis
2329 4987 2360 5025 a
2388 4972 2590 5026 sanctis
2627 4971 2915 5032 virtutibus
2951 4972 3302 5041 gloriﬁcatur,
3345 4975 3415 5028 ita
3446 4983 3498 5028 et

1905 5066 1960 5120 in
1983 5074 2124 5121 terra
2153 5063 2437 5134 gloriﬁcari
2467 5067 2534 5121 ab
2555 5066 2880 5135 hominibus,
2905 5067 3195 5123 fabricatus
3215 5075 3298 5122 est
3320 5069 3496 5122 homi-

1906 5173 2051 5224 nem,
2073 5158 2305 5213 alterum
2333 5157 2582 5226 angelum
2604 5158 2657 5212 in
2687 5158 2847 5214 terris
2871 5176 2883 5212 :
2917 5166 2977 5214 ut
3005 5159 3098 5214 Dei
3121 5158 3292 5228 gloria
3314 5161 3495 5212 omni:

1906 5251 2329 5321 complerentur.
2377 5250 2563 5320 Itaque
2590 5250 2851 5308 Dominus
2879 5251 3097 5307 tradens
3125 5249 3398 5319 quomodo
3429 5252 3501 5304 sit
3527 5299 3533 5324 ε

1908 5343 2195 5412 orandum,
2221 5341 2353 5398 dicit
2379 5361 2391 5396 :
2417 5342 2582 5397 Pater
2609 5354 2805 5414 noster,
2836 5345 2923 5416 qui
2951 5359 3006 5398 es
3033 5344 3087 5397 in
3115 5341 3277 5405 caelis,
3306 5341 3502 5395 sancti-

1908 5451 2089 5521 ﬁcetur
2109 5465 2292 5504 nomen
2315 5456 2475 5516 tuum,
2500 5449 2741 5506 adveniat
2769 5466 2981 5524 regnum
3011 5457 3170 5515 tuum,
3193 5447 3293 5522 ﬁat
3319 5446 3501 5506 volun-

1909 5554 1989 5601 tas
2021 5553 2107 5599 tua
2134 5545 2265 5600 sicut
2293 5545 2348 5600 in
2378 5545 2504 5602 calo
2533 5555 2585 5601 et
2608 5547 2663 5603 in
2692 5555 2850 5602 terra.

1985 5817 2119 5879 Cum
2152 5823 2232 5879 his
2255 5839 2416 5894 porro
2438 5836 2558 5892 qua:
2587 5837 2617 5876 a
2648 5819 2802 5876 nobis
2829 5819 2972 5877 dicta
3002 5828 3144 5890 sunt,
3176 5823 3509 5880 conveniunt

1908 5935 2028 5995 qua:
2058 5927 2275 5978 sanctus
2306 5917 2613 5990 Ttieologus
2634 5913 2926 5992 Gregorius
2971 5917 3134 5981 docet
3173 5915 3232 5976 in
3257 5930 3518 5980 sermons
