  <div class='ocr_page' id='page_1' title='image "/cluster/home/n/w/nwhite01/storage/ocr_20150623/69/hvd.32044015469349/103.png"; bbox 0 0 3988 6346; ppageno 0'>
   <div class='ocr_carea' id='block_1_1' title="bbox 492 315 589 374">
    <p class='ocr_par' dir='ltr' id='par_1_1' title="bbox 492 315 589 374">
     <span class='ocr_line' id='line_1_1' title="bbox 492 315 589 374; baseline -0.021 0"><span class='ocrx_word' id='word_1_1' title='bbox 492 315 589 374; x_wconf 66' lang='grc' dir='ltr'><strong>ὶθί</strong></span> 
     </span>
    </p>
   </div>
   <div class='ocr_carea' id='block_1_2' title="bbox 1872 313 2362 375">
    <p class='ocr_par' dir='ltr' id='par_1_2' title="bbox 1872 313 2362 375">
     <span class='ocr_line' id='line_1_2' title="bbox 1872 313 2362 375; baseline -0.006 -2"><span class='ocrx_word' id='word_1_2' title='bbox 1872 313 2163 375; x_wconf 82' lang='lat' dir='ltr'><strong>VIGILIUS</strong></span> <span class='ocrx_word' id='word_1_3' title='bbox 2186 316 2362 374; x_wconf 70' lang='grc' dir='ltr'>ΡΛΡΛ</span> 
     </span>
    </p>
   </div>
   <div class='ocr_carea' id='block_1_3' title="bbox 3653 302 3755 361">
    <p class='ocr_par' dir='ltr' id='par_1_3' title="bbox 3653 302 3755 361">
     <span class='ocr_line' id='line_1_3' title="bbox 3653 302 3755 361; baseline 0.02 -2"><span class='ocrx_word' id='word_1_4' title='bbox 3653 302 3755 361; x_wconf 62' lang='grc' dir='ltr'><strong>ιον</strong></span> 
     </span>
    </p>
   </div>
   <div class='ocr_carea' id='block_1_4' title="bbox 492 407 2060 514">
    <p class='ocr_par' dir='ltr' id='par_1_4' title="bbox 492 433 2060 514">
     <span class='ocr_line' id='line_1_4' title="bbox 492 433 2060 514; baseline -0.004 -21"><span class='ocrx_word' id='word_1_5' title='bbox 492 436 748 507; x_wconf 77' lang='grc' dir='ltr'>διδάσκει,</span> <span class='ocrx_word' id='word_1_6' title='bbox 772 440 931 514; x_wconf 71' lang='grc' dir='ltr'>λέγων</span> <span class='ocrx_word' id='word_1_7' title='bbox 958 440 1117 499; x_wconf 71' lang='grc' dir='ltr'>οὕτως</span> <span class='ocrx_word' id='word_1_8' title='bbox 1138 451 1151 468; x_wconf 85' lang='grc'>⁹</span> <span class='ocrx_word' id='word_1_9' title='bbox 1185 454 1205 488; x_wconf 81' lang='lat' dir='ltr'><strong>t</strong></span> <span class='ocrx_word' id='word_1_10' title='bbox 1237 440 1393 490; x_wconf 86' lang='grc' dir='ltr'>Τοῦτο</span> <span class='ocrx_word' id='word_1_11' title='bbox 1417 434 1479 494; x_wconf 74' lang='grc' dir='ltr'>δὴ</span> <span class='ocrx_word' id='word_1_12' title='bbox 1502 433 1760 506; x_wconf 76' lang='grc' dir='ltr'>βουληθείς</span> <span class='ocrx_word' id='word_1_13' title='bbox 1787 434 1811 487; x_wconf 78' lang='grc' dir='ltr'><strong>ὁ</strong></span> <span class='ocrx_word' id='word_1_14' title='bbox 1840 435 2060 502; x_wconf 62' lang='grc' dir='ltr'>τεχνίτης</span> 
     </span>
    </p>
   </div>
   <div class='ocr_carea' id='block_1_5' title="bbox 2167 407 3751 514">
    <p class='ocr_par' dir='ltr' id='par_1_5' title="bbox 2184 407 3751 514">
     <span class='ocr_line' id='line_1_5' title="bbox 2184 407 3751 514; baseline -0.008 -24"><span class='ocrx_word' id='word_1_15' title='bbox 2184 435 2248 490; x_wconf 93' lang='lat' dir='ltr'><strong>de</strong></span> <span class='ocrx_word' id='word_1_16' title='bbox 2265 442 2450 489; x_wconf 82' lang='lat' dir='ltr'><strong>sancto</strong></span> <span class='ocrx_word' id='word_1_17' title='bbox 2472 430 2729 487; x_wconf 83' lang='lat' dir='ltr'><strong>Paschate</strong></span> <span class='ocrx_word' id='word_1_18' title='bbox 2747 428 2922 501; x_wconf 88' lang='lat' dir='ltr'><strong>(Orat.</strong></span> <span class='ocrx_word' id='word_1_19' title='bbox 2950 425 3039 493; x_wconf 65' lang='lat'><strong>4&#39;2,</strong></span> <span class='ocrx_word' id='word_1_20' title='bbox 3067 414 3184 499; x_wconf 68' lang='lat' dir='ltr'><strong>qua!</strong></span> <span class='ocrx_word' id='word_1_21' title='bbox 3197 407 3271 482; x_wconf 78' lang='lat' dir='ltr'><strong>est</strong></span> <span class='ocrx_word' id='word_1_22' title='bbox 3300 425 3414 480; x_wconf 74' lang='lat' dir='ltr'><strong>2de</strong></span> <span class='ocrx_word' id='word_1_23' title='bbox 3437 422 3751 514; x_wconf 82' lang='lat' dir='ltr'><strong>Paschate);</strong></span> 
     </span>
    </p>
   </div>
   <div class='ocr_carea' id='block_1_6' title="bbox 492 524 2080 605">
    <p class='ocr_par' dir='ltr' id='par_1_6' title="bbox 492 524 2080 605">
     <span class='ocr_line' id='line_1_6' title="bbox 492 524 2080 605; baseline -0.003 -19"><span class='ocrx_word' id='word_1_24' title='bbox 492 528 845 595; x_wconf 68' lang='grc' dir='ltr'>δπιδείξασθαι</span> <span class='ocrx_word' id='word_1_25' title='bbox 864 532 1025 605; x_wconf 81' lang='grc' dir='ltr'>λόγος,</span> <span class='ocrx_word' id='word_1_26' title='bbox 1059 532 1141 583; x_wconf 85' lang='grc' dir='ltr'>καὶ</span> <span class='ocrx_word' id='word_1_27' title='bbox 1162 532 1287 590; x_wconf 82' lang='grc' dir='ltr'>ζῶον</span> <span class='ocrx_word' id='word_1_28' title='bbox 1311 524 1362 580; x_wconf 82' lang='grc' dir='ltr'>ἓν</span> <span class='ocrx_word' id='word_1_29' title='bbox 1390 528 1443 591; x_wconf 79' lang='grc' dir='ltr'><strong>ἐξ</strong></span> <span class='ocrx_word' id='word_1_30' title='bbox 1469 528 1782 600; x_wconf 72' lang='grc' dir='ltr'>ἀμφοτέρων,</span> <span class='ocrx_word' id='word_1_31' title='bbox 1808 524 1996 601; x_wconf 79' lang='grc' dir='ltr'>ὁρατῆς</span> <span class='ocrx_word' id='word_1_32' title='bbox 2024 547 2080 582; x_wconf 89' lang='grc' dir='ltr'><strong>τε</strong></span> 
     </span>
    </p>
   </div>
   <div class='ocr_carea' id='block_1_7' title="bbox 494 614 2077 699">
    <p class='ocr_par' dir='ltr' id='par_1_7' title="bbox 494 614 2077 699">
     <span class='ocr_line' id='line_1_7' title="bbox 494 614 2077 699; baseline -0.004 -21"><span class='ocrx_word' id='word_1_33' title='bbox 494 623 623 697; x_wconf 85' lang='grc' dir='ltr'>λέγω</span> <span class='ocrx_word' id='word_1_34' title='bbox 653 626 739 678; x_wconf 82' lang='grc' dir='ltr'><strong>καί</strong></span> <span class='ocrx_word' id='word_1_35' title='bbox 781 627 998 699; x_wconf 76' lang='grc' dir='ltr'><strong>ἀοράτου</strong></span> <span class='ocrx_word' id='word_1_36' title='bbox 1032 620 1253 691; x_wconf 80' lang='grc' dir='ltr'>φύσεως,</span> <span class='ocrx_word' id='word_1_37' title='bbox 1302 616 1605 693; x_wconf 74' lang='grc' dir='ltr'><strong>δημιουργεῖ</strong></span> <span class='ocrx_word' id='word_1_38' title='bbox 1647 618 1730 672; x_wconf 83' lang='grc' dir='ltr'><strong>τόν</strong></span> <span class='ocrx_word' id='word_1_39' title='bbox 1786 614 2077 692; x_wconf 70' lang='grc' dir='ltr'><strong>ἄνθρωπον⁹</strong></span> 
     </span>
    </p>
   </div>
   <div class='ocr_carea' id='block_1_8' title="bbox 495 708 2079 791">
    <p class='ocr_par' dir='ltr' id='par_1_8' title="bbox 495 708 2079 791">
     <span class='ocr_line' id='line_1_8' title="bbox 495 708 2079 791; baseline -0.005 -18"><span class='ocrx_word' id='word_1_40' title='bbox 495 720 580 772; x_wconf 75' lang='grc' dir='ltr'><strong>καί</strong></span> <span class='ocrx_word' id='word_1_41' title='bbox 619 717 763 791; x_wconf 80' lang='grc' dir='ltr'>παρὰ</span> <span class='ocrx_word' id='word_1_42' title='bbox 784 718 874 784; x_wconf 80' lang='grc' dir='ltr'>μὲν</span> <span class='ocrx_word' id='word_1_43' title='bbox 898 722 991 772; x_wconf 76' lang='grc' dir='ltr'>τῆς</span> <span class='ocrx_word' id='word_1_44' title='bbox 1014 712 1134 771; x_wconf 80' lang='grc' dir='ltr'>ὕλης</span> <span class='ocrx_word' id='word_1_45' title='bbox 1153 710 1316 763; x_wconf 75' lang='grc' dir='ltr'>λαϐὼν</span> <span class='ocrx_word' id='word_1_46' title='bbox 1342 710 1400 763; x_wconf 86' lang='grc' dir='ltr'>τὸ</span> <span class='ocrx_word' id='word_1_47' title='bbox 1440 716 1593 779; x_wconf 82' lang='grc' dir='ltr'>σῶμα</span> <span class='ocrx_word' id='word_1_48' title='bbox 1619 708 1715 769; x_wconf 69' lang='grc' dir='ltr'>ἤδη</span> <span class='ocrx_word' id='word_1_49' title='bbox 1740 710 2079 784; x_wconf 69' lang='grc' dir='ltr'>προϋποστά-</span> 
     </span>
    </p>
   </div>
   <div class='ocr_carea' id='block_1_9' title="bbox 498 799 2081 882">
    <p class='ocr_par' dir='ltr' id='par_1_9' title="bbox 498 799 2081 882">
     <span class='ocr_line' id='line_1_9' title="bbox 498 799 2081 882; baseline -0.003 -20"><span class='ocrx_word' id='word_1_50' title='bbox 498 831 616 874; x_wconf 81' lang='grc' dir='ltr'>σης,</span> <span class='ocrx_word' id='word_1_51' title='bbox 646 806 769 882; x_wconf 82' lang='grc' dir='ltr'>παρ’</span> <span class='ocrx_word' id='word_1_52' title='bbox 794 808 977 860; x_wconf 81' lang='grc' dir='ltr'>ἑαυτοῦ</span> <span class='ocrx_word' id='word_1_53' title='bbox 1000 802 1052 858; x_wconf 81' lang='grc' dir='ltr'><strong>δέ</strong></span> <span class='ocrx_word' id='word_1_54' title='bbox 1084 807 1213 865; x_wconf 73' lang='grc' dir='ltr'>ζωὴν</span> <span class='ocrx_word' id='word_1_55' title='bbox 1242 801 1414 865; x_wconf 77' lang='grc' dir='ltr'>ἐνθείς,</span> <span class='ocrx_word' id='word_1_56' title='bbox 1438 799 1464 855; x_wconf 82' lang='grc' dir='ltr'><strong>ὃ</strong></span> <span class='ocrx_word' id='word_1_57' title='bbox 1486 800 1545 860; x_wconf 68' lang='grc' dir='ltr'>δή</span> <span class='ocrx_word' id='word_1_58' title='bbox 1571 801 1752 872; x_wconf 67' lang='grc' dir='ltr'>ψυχὴν</span> <span class='ocrx_word' id='word_1_59' title='bbox 1774 803 1972 872; x_wconf 84' lang='grc' dir='ltr'>νοεράν,</span> <span class='ocrx_word' id='word_1_60' title='bbox 1997 804 2081 857; x_wconf 88' lang='grc' dir='ltr'><strong>καί</strong></span> 
     </span>
    </p>
   </div>
   <div class='ocr_carea' id='block_1_10' title="bbox 497 889 2078 968">
    <p class='ocr_par' dir='ltr' id='par_1_10' title="bbox 497 889 2078 968">
     <span class='ocr_line' id='line_1_10' title="bbox 497 889 2078 968; baseline -0.004 -14"><span class='ocrx_word' id='word_1_61' title='bbox 497 899 658 955; x_wconf 78' lang='grc' dir='ltr'>εἰκόνα</span> <span class='ocrx_word' id='word_1_62' title='bbox 685 901 811 951; x_wconf 86' lang='grc' dir='ltr'>Θεοῦ</span> <span class='ocrx_word' id='word_1_63' title='bbox 834 890 962 949; x_wconf 83' lang='grc' dir='ltr'>οἶδεν</span> <span class='ocrx_word' id='word_1_64' title='bbox 990 892 1017 947; x_wconf 88' lang='grc' dir='ltr'><strong>ό</strong></span> <span class='ocrx_word' id='word_1_65' title='bbox 1038 893 1200 965; x_wconf 81' lang='grc' dir='ltr'>λόγος,</span> <span class='ocrx_word' id='word_1_66' title='bbox 1228 889 1329 947; x_wconf 77' lang='grc' dir='ltr'>οἷόν</span> <span class='ocrx_word' id='word_1_67' title='bbox 1354 913 1467 946; x_wconf 89' lang='grc' dir='ltr'>τινα</span> <span class='ocrx_word' id='word_1_68' title='bbox 1496 892 1688 962; x_wconf 78' lang='grc' dir='ltr'><strong>κόσμον</strong></span> <span class='ocrx_word' id='word_1_69' title='bbox 1717 893 1888 968; x_wconf 84' lang='grc' dir='ltr'>ἕτερον</span> <span class='ocrx_word' id='word_1_70' title='bbox 1916 894 1967 947; x_wconf 79' lang='grc' dir='ltr'>ἐν</span> <span class='ocrx_word' id='word_1_71' title='bbox 1992 914 2078 961; x_wconf 87' lang='grc' dir='ltr'>μι-</span> 
     </span>
    </p>
   </div>
   <div class='ocr_carea' id='block_1_11' title="bbox 493 981 2079 1066">
    <p class='ocr_par' dir='ltr' id='par_1_11' title="bbox 493 981 2079 1066">
     <span class='ocr_line' id='line_1_11' title="bbox 493 981 2079 1066; baseline -0.001 -25"><span class='ocrx_word' id='word_1_72' title='bbox 493 998 599 1066; x_wconf 79' lang='grc' dir='ltr'><strong>κρῷ</strong></span> <span class='ocrx_word' id='word_1_73' title='bbox 623 990 778 1058; x_wconf 79' lang='grc' dir='ltr'>μέγαν</span> <span class='ocrx_word' id='word_1_74' title='bbox 804 986 886 1040; x_wconf 83' lang='grc' dir='ltr'><strong>ἐπὶ</strong></span> <span class='ocrx_word' id='word_1_75' title='bbox 904 993 997 1043; x_wconf 80' lang='grc' dir='ltr'>τῆς</span> <span class='ocrx_word' id='word_1_76' title='bbox 1018 993 1112 1054; x_wconf 82' lang='grc' dir='ltr'>γῆς</span> <span class='ocrx_word' id='word_1_77' title='bbox 1132 985 1359 1050; x_wconf 84' lang='grc' dir='ltr'>ἵστησιν,</span> <span class='ocrx_word' id='word_1_78' title='bbox 1390 981 1601 1056; x_wconf 76' lang='grc' dir='ltr'>ἄγγελον</span> <span class='ocrx_word' id='word_1_79' title='bbox 1629 981 1772 1038; x_wconf 77' lang='grc' dir='ltr'>ἄλλον</span> <span class='ocrx_word' id='word_1_80' title='bbox 1796 1006 2079 1058; x_wconf 71' lang='grc' dir='ltr'>προσκυνη-</span> 
     </span>
    </p>
   </div>
   <div class='ocr_carea' id='block_1_12' title="bbox 489 1073 2078 1149">
    <p class='ocr_par' dir='ltr' id='par_1_12' title="bbox 489 1073 2078 1149">
     <span class='ocr_line' id='line_1_12' title="bbox 489 1073 2078 1149; baseline -0.001 -18"><span class='ocrx_word' id='word_1_81' title='bbox 489 1085 579 1138; x_wconf 79' lang='grc' dir='ltr'>τὴν</span> <span class='ocrx_word' id='word_1_82' title='bbox 621 1078 816 1146; x_wconf 81' lang='grc' dir='ltr'>μικτόν,</span> <span class='ocrx_word' id='word_1_83' title='bbox 848 1076 1074 1132; x_wconf 81' lang='grc' dir='ltr'>έπόπτην</span> <span class='ocrx_word' id='word_1_84' title='bbox 1114 1084 1205 1134; x_wconf 76' lang='grc' dir='ltr'><strong>τῆς</strong></span> <span class='ocrx_word' id='word_1_85' title='bbox 1248 1073 1434 1149; x_wconf 78' lang='grc' dir='ltr'>ὁρατῆς</span> <span class='ocrx_word' id='word_1_86' title='bbox 1459 1077 1699 1139; x_wconf 79' lang='grc' dir='ltr'><strong>κτίσεως,</strong></span> <span class='ocrx_word' id='word_1_87' title='bbox 1740 1078 1937 1146; x_wconf 79' lang='grc' dir='ltr'><strong>μύστην</strong></span> <span class='ocrx_word' id='word_1_88' title='bbox 1984 1084 2078 1138; x_wconf 79' lang='grc' dir='ltr'>τῆς</span> 
     </span>
    </p>
   </div>
   <div class='ocr_carea' id='block_1_13' title="bbox 489 1164 2070 1239">
    <p class='ocr_par' dir='ltr' id='par_1_13' title="bbox 489 1164 2070 1239">
     <span class='ocr_line' id='line_1_13' title="bbox 489 1164 2070 1239; baseline -0.002 -17"><span class='ocrx_word' id='word_1_89' title='bbox 489 1170 773 1238; x_wconf 71' lang='grc' dir='ltr'>νοουμένης,</span> <span class='ocrx_word' id='word_1_90' title='bbox 801 1165 1019 1236; x_wconf 79' lang='grc' dir='ltr'><strong>βασιλέα</strong></span> <span class='ocrx_word' id='word_1_91' title='bbox 1047 1173 1144 1219; x_wconf 80' lang='grc' dir='ltr'>τῶν</span> <span class='ocrx_word' id='word_1_92' title='bbox 1163 1167 1247 1218; x_wconf 79' lang='grc' dir='ltr'><strong>ἐπὶ</strong></span> <span class='ocrx_word' id='word_1_93' title='bbox 1269 1174 1383 1238; x_wconf 79' lang='grc' dir='ltr'>γῆς.</span> <span class='ocrx_word' id='word_1_94' title='bbox 1410 1167 1806 1239; x_wconf 80' lang='grc' dir='ltr'>βασιλεύομενον</span> <span class='ocrx_word' id='word_1_95' title='bbox 1832 1164 2070 1222; x_wconf 77' lang='grc' dir='ltr'>ἄνωθεν.»</span> 
     </span>
    </p>
   </div>
   <div class='ocr_carea' id='block_1_14' title="bbox 489 1255 2077 1335">
    <p class='ocr_par' dir='ltr' id='par_1_14' title="bbox 489 1255 2077 1335">
     <span class='ocr_line' id='line_1_14' title="bbox 489 1255 2077 1335; baseline -0.002 -20"><span class='ocrx_word' id='word_1_96' title='bbox 489 1261 724 1335; x_wconf 80' lang='grc' dir='ltr'>ῐιρόσχες</span> <span class='ocrx_word' id='word_1_97' title='bbox 751 1260 934 1322; x_wconf 82' lang='grc' dir='ltr'><strong>τοίνυν,</strong></span> <span class='ocrx_word' id='word_1_98' title='bbox 984 1255 1061 1311; x_wconf 82' lang='grc' dir='ltr'>ὅτι</span> <span class='ocrx_word' id='word_1_99' title='bbox 1105 1256 1318 1329; x_wconf 83' lang='grc' dir='ltr'>λέγωνό</span> <span class='ocrx_word' id='word_1_100' title='bbox 1358 1264 1556 1330; x_wconf 69' lang='grc' dir='ltr'>πατὴρ,</span> <span class='ocrx_word' id='word_1_101' title='bbox 1603 1260 1662 1323; x_wconf 83' lang='grc' dir='ltr'><strong>ἐξ</strong></span> <span class='ocrx_word' id='word_1_102' title='bbox 1711 1261 2077 1334; x_wconf 74' lang='grc' dir='ltr'><strong>ἀμφοτέρων</strong></span> 
     </span>
    </p>
   </div>
   <div class='ocr_carea' id='block_1_15' title="bbox 487 1346 2076 1425">
    <p class='ocr_par' dir='ltr' id='par_1_15' title="bbox 487 1346 2076 1425">
     <span class='ocr_line' id='line_1_15' title="bbox 487 1346 2076 1425; baseline 0.001 -20"><span class='ocrx_word' id='word_1_103' title='bbox 487 1353 779 1408; x_wconf 68' lang='grc' dir='ltr'>ἐποίησεν</span> <span class='ocrx_word' id='word_1_104' title='bbox 812 1349 837 1402; x_wconf 85' lang='grc' dir='ltr'>ὁ</span> <span class='ocrx_word' id='word_1_105' title='bbox 865 1351 1019 1407; x_wconf 80' lang='grc' dir='ltr'>Θεὸς</span> <span class='ocrx_word' id='word_1_106' title='bbox 1056 1350 1163 1404; x_wconf 85' lang='grc' dir='ltr'>τὸν</span> <span class='ocrx_word' id='word_1_107' title='bbox 1192 1346 1543 1423; x_wconf 80' lang='grc' dir='ltr'>ἄνθρωπον,</span> <span class='ocrx_word' id='word_1_108' title='bbox 1567 1349 2076 1425; x_wconf 81' lang='grc' dir='ltr'>προσέθηκεν.ὄτιτὸ</span> 
     </span>
    </p>
   </div>
   <div class='ocr_carea' id='block_1_16' title="bbox 485 1437 2076 1515">
    <p class='ocr_par' dir='ltr' id='par_1_16' title="bbox 485 1437 2076 1515">
     <span class='ocr_line' id='line_1_16' title="bbox 485 1437 2076 1515; baseline 0.001 -21"><span class='ocrx_word' id='word_1_109' title='bbox 485 1444 575 1511; x_wconf 77' lang='grc' dir='ltr'><strong>μέν</strong></span> <span class='ocrx_word' id='word_1_110' title='bbox 595 1448 743 1509; x_wconf 86' lang='grc' dir='ltr'>σῶμα</span> <span class='ocrx_word' id='word_1_111' title='bbox 765 1440 814 1503; x_wconf 81' lang='grc' dir='ltr'><strong>ἐξ</strong></span> <span class='ocrx_word' id='word_1_112' title='bbox 844 1439 964 1498; x_wconf 72' lang='grc' dir='ltr'>ὕλης</span> <span class='ocrx_word' id='word_1_113' title='bbox 990 1437 1085 1497; x_wconf 63' lang='grc' dir='ltr'>ἤδη</span> <span class='ocrx_word' id='word_1_114' title='bbox 1117 1444 1528 1515; x_wconf 68' lang='grc' dir='ltr'>προῦποστάσης</span> <span class='ocrx_word' id='word_1_115' title='bbox 1559 1440 1733 1509; x_wconf 65' lang='grc' dir='ltr'>ἔλαϐε,</span> <span class='ocrx_word' id='word_1_116' title='bbox 1752 1448 1842 1501; x_wconf 80' lang='grc' dir='ltr'><strong>τήν</strong></span> <span class='ocrx_word' id='word_1_117' title='bbox 1879 1440 1933 1496; x_wconf 80' lang='grc' dir='ltr'><strong>δέ</strong></span> <span class='ocrx_word' id='word_1_118' title='bbox 1974 1441 2076 1513; x_wconf 66' lang='grc' dir='ltr'>ψυ-</span> 
     </span>
    </p>
   </div>
   <div class='ocr_carea' id='block_1_17' title="bbox 486 1527 2075 1609">
    <p class='ocr_par' dir='ltr' id='par_1_17' title="bbox 486 1527 2075 1609">
     <span class='ocr_line' id='line_1_17' title="bbox 486 1527 2075 1609; baseline 0.001 -23"><span class='ocrx_word' id='word_1_119' title='bbox 486 1538 590 1604; x_wconf 77' lang='grc' dir='ltr'><strong>χήν</strong></span> <span class='ocrx_word' id='word_1_120' title='bbox 611 1530 719 1586; x_wconf 74' lang='grc' dir='ltr'>οὐδὲ</span> <span class='ocrx_word' id='word_1_121' title='bbox 752 1533 1118 1604; x_wconf 67' lang='grc' dir='ltr'><strong>προϋπάρχειν</strong></span> <span class='ocrx_word' id='word_1_122' title='bbox 1141 1527 1296 1594; x_wconf 84' lang='grc' dir='ltr'>εἶπεν,</span> <span class='ocrx_word' id='word_1_123' title='bbox 1317 1531 1429 1586; x_wconf 69' lang='grc' dir='ltr'><strong>οὖδέ</strong></span> <span class='ocrx_word' id='word_1_124' title='bbox 1452 1531 1507 1587; x_wconf 76' lang='grc' dir='ltr'>ἔκ</span> <span class='ocrx_word' id='word_1_125' title='bbox 1536 1555 1662 1592; x_wconf 85' lang='grc' dir='ltr'>τινος</span> <span class='ocrx_word' id='word_1_126' title='bbox 1692 1534 2075 1609; x_wconf 67' lang='grc' dir='ltr'>προϋπαρχού-</span> 
     </span>
    </p>
   </div>
   <div class='ocr_carea' id='block_1_18' title="bbox 485 1623 2072 1700">
    <p class='ocr_par' dir='ltr' id='par_1_18' title="bbox 485 1623 2072 1700">
     <span class='ocr_line' id='line_1_18' title="bbox 485 1623 2072 1700; baseline 0 -19"><span class='ocrx_word' id='word_1_127' title='bbox 485 1648 581 1687; x_wconf 83' lang='grc' dir='ltr'><strong>σης</strong></span> <span class='ocrx_word' id='word_1_128' title='bbox 615 1626 797 1684; x_wconf 86' lang='grc' dir='ltr'>ούσίας</span> <span class='ocrx_word' id='word_1_129' title='bbox 821 1626 1144 1695; x_wconf 81' lang='grc' dir='ltr'>γεγενῆσθαι,</span> <span class='ocrx_word' id='word_1_130' title='bbox 1170 1625 1276 1679; x_wconf 78' lang='grc' dir='ltr'>ἀλλ’</span> <span class='ocrx_word' id='word_1_131' title='bbox 1305 1623 1381 1679; x_wconf 86' lang='grc' dir='ltr'>ὅτι</span> <span class='ocrx_word' id='word_1_132' title='bbox 1412 1627 1537 1700; x_wconf 73' lang='grc' dir='ltr'>παρ’</span> <span class='ocrx_word' id='word_1_133' title='bbox 1560 1627 1749 1681; x_wconf 82' lang='grc' dir='ltr'>ἑαυτοῦ</span> <span class='ocrx_word' id='word_1_134' title='bbox 1778 1626 1946 1688; x_wconf 75' lang='grc' dir='ltr'>ὁΘεὸς</span> <span class='ocrx_word' id='word_1_135' title='bbox 1966 1628 2072 1681; x_wconf 72' lang='grc' dir='ltr'>ἐνέ-</span> 
     </span>
    </p>
   </div>
   <div class='ocr_carea' id='block_1_19' title="bbox 483 1713 2073 1793">
    <p class='ocr_par' dir='ltr' id='par_1_19' title="bbox 483 1713 2073 1793">
     <span class='ocr_line' id='line_1_19' title="bbox 483 1713 2073 1793; baseline 0.001 -22"><span class='ocrx_word' id='word_1_136' title='bbox 483 1720 595 1776; x_wconf 81' lang='grc' dir='ltr'>θηκε</span> <span class='ocrx_word' id='word_1_137' title='bbox 616 1722 706 1775; x_wconf 76' lang='grc' dir='ltr'>τήν</span> <span class='ocrx_word' id='word_1_138' title='bbox 730 1721 882 1779; x_wconf 78' lang='grc' dir='ltr'>ζωήν,</span> <span class='ocrx_word' id='word_1_139' title='bbox 915 1713 942 1769; x_wconf 82' lang='grc' dir='ltr'><strong>ὃ</strong></span> <span class='ocrx_word' id='word_1_140' title='bbox 967 1714 1028 1774; x_wconf 78' lang='grc' dir='ltr'>δὴ</span> <span class='ocrx_word' id='word_1_141' title='bbox 1053 1716 1233 1788; x_wconf 66' lang='grc' dir='ltr'>ψυχήν</span> <span class='ocrx_word' id='word_1_142' title='bbox 1256 1720 1434 1793; x_wconf 81' lang='grc' dir='ltr'>νοεράν</span> <span class='ocrx_word' id='word_1_143' title='bbox 1464 1721 1553 1772; x_wconf 84' lang='grc' dir='ltr'><strong>καί</strong></span> <span class='ocrx_word' id='word_1_144' title='bbox 1580 1718 1746 1772; x_wconf 68' lang='grc' dir='ltr'>εἰκόνα</span> <span class='ocrx_word' id='word_1_145' title='bbox 1787 1724 1914 1771; x_wconf 89' lang='grc' dir='ltr'>Θεοῦ</span> <span class='ocrx_word' id='word_1_146' title='bbox 1944 1714 2073 1772; x_wconf 84' lang='grc' dir='ltr'>οἶδεν</span> 
     </span>
    </p>
   </div>
   <div class='ocr_carea' id='block_1_20' title="bbox 2184 513 3760 583">
    <p class='ocr_par' dir='ltr' id='par_1_20' title="bbox 2184 513 3760 583">
     <span class='ocr_line' id='line_1_20' title="bbox 2184 513 3760 583; baseline -0.011 0"><span class='ocrx_word' id='word_1_147' title='bbox 2184 529 2261 583; x_wconf 85' lang='lat' dir='ltr'><strong>sic</strong></span> <span class='ocrx_word' id='word_1_148' title='bbox 2290 526 2435 581; x_wconf 90' lang='lat' dir='ltr'><strong>enim</strong></span> <span class='ocrx_word' id='word_1_149' title='bbox 2463 525 2592 579; x_wconf 83' lang='lat' dir='ltr'>dicit</span> <span class='ocrx_word' id='word_1_150' title='bbox 2621 543 2632 577; x_wconf 93' lang='lat'><strong>:</strong></span> <span class='ocrx_word' id='word_1_151' title='bbox 2662 541 2681 574; x_wconf 83' lang='grc' dir='ltr'><strong>ι</strong></span> <span class='ocrx_word' id='word_1_152' title='bbox 2716 521 2850 577; x_wconf 89' lang='lat' dir='ltr'><strong>Cum</strong></span> <span class='ocrx_word' id='word_1_153' title='bbox 2880 523 3019 576; x_wconf 88' lang='lat' dir='ltr'><strong>hanc</strong></span> <span class='ocrx_word' id='word_1_154' title='bbox 3056 535 3168 575; x_wconf 85' lang='lat' dir='ltr'><strong>rem</strong></span> <span class='ocrx_word' id='word_1_155' title='bbox 3189 518 3424 574; x_wconf 75' lang='lat' dir='ltr'><strong>Verbum</strong></span> <span class='ocrx_word' id='word_1_156' title='bbox 3447 513 3643 570; x_wconf 80' lang='lat' dir='ltr'><strong>artifex</strong></span> <span class='ocrx_word' id='word_1_157' title='bbox 3669 514 3760 567; x_wconf 86' lang='lat' dir='ltr'><strong>de-</strong></span> 
     </span>
    </p>
   </div>
   <div class='ocr_carea' id='block_1_21' title="bbox 2187 606 3759 681">
    <p class='ocr_par' dir='ltr' id='par_1_21' title="bbox 2187 606 3759 681">
     <span class='ocr_line' id='line_1_21' title="bbox 2187 606 3759 681; baseline -0.01 -8"><span class='ocrx_word' id='word_1_158' title='bbox 2187 627 2489 673; x_wconf 88' lang='lat' dir='ltr'><strong>monstrare</strong></span> <span class='ocrx_word' id='word_1_159' title='bbox 2514 616 2694 681; x_wconf 77' lang='lat' dir='ltr'><strong>vellet,</strong></span> <span class='ocrx_word' id='word_1_160' title='bbox 2734 615 2899 671; x_wconf 88' lang='lat' dir='ltr'><strong>etiam</strong></span> <span class='ocrx_word' id='word_1_161' title='bbox 2925 612 3121 668; x_wconf 84' lang='lat' dir='ltr'><strong>animal</strong></span> <span class='ocrx_word' id='word_1_162' title='bbox 3167 626 3334 665; x_wconf 92' lang='lat' dir='ltr'><strong>unum</strong></span> <span class='ocrx_word' id='word_1_163' title='bbox 3383 625 3450 664; x_wconf 81' lang='lat' dir='ltr'><strong>ex</strong></span> <span class='ocrx_word' id='word_1_164' title='bbox 3479 606 3759 674; x_wconf 88' lang='lat' dir='ltr'><strong>utrisque,</strong></span> 
     </span>
    </p>
   </div>
   <div class='ocr_carea' id='block_1_22' title="bbox 2188 695 3764 774">
    <p class='ocr_par' dir='ltr' id='par_1_22' title="bbox 2188 695 3764 774">
     <span class='ocr_line' id='line_1_22' title="bbox 2188 695 3764 774; baseline -0.009 -11"><span class='ocrx_word' id='word_1_165' title='bbox 2188 716 2377 763; x_wconf 88' lang='lat' dir='ltr'><strong>natura</strong></span> <span class='ocrx_word' id='word_1_166' title='bbox 2408 707 2657 763; x_wconf 90' lang='lat' dir='ltr'><strong>videlicet</strong></span> <span class='ocrx_word' id='word_1_167' title='bbox 2680 705 2875 760; x_wconf 90' lang='lat' dir='ltr'><strong>visibili</strong></span> <span class='ocrx_word' id='word_1_168' title='bbox 2894 712 3055 774; x_wconf 89' lang='lat' dir='ltr'><strong>atque</strong></span> <span class='ocrx_word' id='word_1_169' title='bbox 3078 700 3349 766; x_wconf 86' lang='lat' dir='ltr'>invisibili,</span> <span class='ocrx_word' id='word_1_170' title='bbox 3379 697 3656 754; x_wconf 83' lang='lat' dir='ltr'><strong>hominem</strong></span> <span class='ocrx_word' id='word_1_171' title='bbox 3684 695 3764 749; x_wconf 78' lang='lat' dir='ltr'><strong>fa—</strong></span> 
     </span>
    </p>
   </div>
   <div class='ocr_carea' id='block_1_23' title="bbox 2188 782 3767 869">
    <p class='ocr_par' dir='ltr' id='par_1_23' title="bbox 2188 782 3767 869">
     <span class='ocr_line' id='line_1_23' title="bbox 2188 782 3767 869; baseline -0.009 -17"><span class='ocrx_word' id='word_1_172' title='bbox 2188 799 2460 865; x_wconf 84' lang='lat' dir='ltr'><strong>bricatur;</strong></span> <span class='ocrx_word' id='word_1_173' title='bbox 2478 805 2794 869; x_wconf 90' lang='lat' dir='ltr'><strong>sumptoque</strong></span> <span class='ocrx_word' id='word_1_174' title='bbox 2808 808 3035 864; x_wconf 91' lang='lat' dir='ltr'><strong>corpore</strong></span> <span class='ocrx_word' id='word_1_175' title='bbox 3053 808 3084 847; x_wconf 88' lang='lat' dir='ltr'><strong>e</strong></span> <span class='ocrx_word' id='word_1_176' title='bbox 3103 790 3330 847; x_wconf 88' lang='lat' dir='ltr'><strong>materia</strong></span> <span class='ocrx_word' id='word_1_177' title='bbox 3348 802 3467 859; x_wconf 65' lang='lat' dir='ltr'><strong>qua:</strong></span> <span class='ocrx_word' id='word_1_178' title='bbox 3494 796 3618 842; x_wconf 89' lang='lat' dir='ltr'><strong>ante</strong></span> <span class='ocrx_word' id='word_1_179' title='bbox 3640 782 3767 839; x_wconf 90' lang='lat' dir='ltr'><strong>sub-</strong></span> 
     </span>
    </p>
   </div>
   <div class='ocr_carea' id='block_1_24' title="bbox 2189 881 3769 959">
    <p class='ocr_par' dir='ltr' id='par_1_24' title="bbox 2189 881 3769 959">
     <span class='ocr_line' id='line_1_24' title="bbox 2189 881 3769 959; baseline -0.006 -15"><span class='ocrx_word' id='word_1_180' title='bbox 2189 891 2433 956; x_wconf 83' lang='lat' dir='ltr'><strong>sistebat,</strong></span> <span class='ocrx_word' id='word_1_181' title='bbox 2464 906 2524 945; x_wconf 92' lang='lat' dir='ltr'><strong>ac</strong></span> <span class='ocrx_word' id='word_1_182' title='bbox 2551 906 2582 944; x_wconf 89' lang='lat' dir='ltr'><strong>a</strong></span> <span class='ocrx_word' id='word_1_183' title='bbox 2609 890 2785 959; x_wconf 90' lang='lat' dir='ltr'><strong>seipso</strong></span> <span class='ocrx_word' id='word_1_184' title='bbox 2808 887 2977 942; x_wconf 88' lang='lat' dir='ltr'><strong>vitam</strong></span> <span class='ocrx_word' id='word_1_185' title='bbox 3004 887 3196 941; x_wconf 90' lang='lat' dir='ltr'><strong>indens</strong></span> <span class='ocrx_word' id='word_1_186' title='bbox 3218 884 3385 957; x_wconf 89' lang='lat' dir='ltr'><strong>(quod</strong></span> <span class='ocrx_word' id='word_1_187' title='bbox 3428 884 3617 951; x_wconf 84' lang='lat' dir='ltr'><strong>utique</strong></span> <span class='ocrx_word' id='word_1_188' title='bbox 3649 881 3769 936; x_wconf 78' lang='lat' dir='ltr'><strong>ani-</strong></span> 
     </span>
    </p>
   </div>
   <div class='ocr_carea' id='block_1_25' title="bbox 2182 974 3767 1050">
    <p class='ocr_par' dir='ltr' id='par_1_25' title="bbox 2182 974 3767 1050">
     <span class='ocr_line' id='line_1_25' title="bbox 2182 974 3767 1050; baseline -0.003 -17"><span class='ocrx_word' id='word_1_189' title='bbox 2182 992 2326 1033; x_wconf 85' lang='lat' dir='ltr'><strong>mam</strong></span> <span class='ocrx_word' id='word_1_190' title='bbox 2349 978 2737 1046; x_wconf 87' lang='lat' dir='ltr'><strong>intelligentem</strong></span> <span class='ocrx_word' id='word_1_191' title='bbox 2759 984 2815 1031; x_wconf 90' lang='lat' dir='ltr'><strong>et</strong></span> <span class='ocrx_word' id='word_1_192' title='bbox 2836 974 3121 1045; x_wconf 77' lang='lat' dir='ltr'><strong>imaginem</strong></span> <span class='ocrx_word' id='word_1_193' title='bbox 3143 974 3241 1031; x_wconf 86' lang='lat' dir='ltr'><strong>Dei</strong></span> <span class='ocrx_word' id='word_1_194' title='bbox 3261 989 3381 1030; x_wconf 88' lang='lat' dir='ltr'><strong>esse</strong></span> <span class='ocrx_word' id='word_1_195' title='bbox 3408 978 3547 1031; x_wconf 86' lang='lat' dir='ltr'><strong>ratio</strong></span> <span class='ocrx_word' id='word_1_196' title='bbox 3570 978 3767 1050; x_wconf 88' lang='lat' dir='ltr'><strong>novit),</strong></span> 
     </span>
    </p>
   </div>
   <div class='ocr_carea' id='block_1_26' title="bbox 2178 1066 3771 1138">
    <p class='ocr_par' dir='ltr' id='par_1_26' title="bbox 2178 1066 3771 1138">
     <span class='ocr_line' id='line_1_26' title="bbox 2178 1066 3771 1138; baseline -0.001 -14"><span class='ocrx_word' id='word_1_197' title='bbox 2178 1069 2345 1125; x_wconf 89' lang='lat' dir='ltr'><strong>veluti</strong></span> <span class='ocrx_word' id='word_1_198' title='bbox 2372 1068 2658 1137; x_wconf 90' lang='lat' dir='ltr'><strong>quemdam</strong></span> <span class='ocrx_word' id='word_1_199' title='bbox 2683 1067 2911 1122; x_wconf 87' lang='lat' dir='ltr'><strong>alterum</strong></span> <span class='ocrx_word' id='word_1_200' title='bbox 2938 1066 3219 1135; x_wconf 89' lang='lat' dir='ltr'><strong>mundum,</strong></span> <span class='ocrx_word' id='word_1_201' title='bbox 3240 1066 3295 1121; x_wconf 91' lang='lat' dir='ltr'><strong>in</strong></span> <span class='ocrx_word' id='word_1_202' title='bbox 3322 1080 3493 1136; x_wconf 83' lang='lat' dir='ltr'><strong>parvo</strong></span> <span class='ocrx_word' id='word_1_203' title='bbox 3517 1082 3771 1138; x_wconf 83' lang='lat' dir='ltr'><strong>magnum</strong></span> 
     </span>
    </p>
   </div>
   <div class='ocr_carea' id='block_1_27' title="bbox 2177 1156 3772 1227">
    <p class='ocr_par' dir='ltr' id='par_1_27' title="bbox 2177 1156 3772 1227">
     <span class='ocr_line' id='line_1_27' title="bbox 2177 1156 3772 1227; baseline -0.002 -12"><span class='ocrx_word' id='word_1_204' title='bbox 2177 1159 2460 1216; x_wconf 76' lang='lat' dir='ltr'><strong>constituit</strong></span> <span class='ocrx_word' id='word_1_205' title='bbox 2480 1160 2535 1213; x_wconf 93' lang='lat' dir='ltr'><strong>in</strong></span> <span class='ocrx_word' id='word_1_206' title='bbox 2562 1165 2729 1223; x_wconf 89' lang='lat' dir='ltr'><strong>terra,</strong></span> <span class='ocrx_word' id='word_1_207' title='bbox 2755 1158 2919 1212; x_wconf 89' lang='lat' dir='ltr'><strong>alium</strong></span> <span class='ocrx_word' id='word_1_208' title='bbox 2947 1156 3214 1226; x_wconf 86' lang='lat' dir='ltr'><strong>angelum,</strong></span> <span class='ocrx_word' id='word_1_209' title='bbox 3245 1157 3607 1227; x_wconf 90' lang='lat' dir='ltr'><strong>promiscuum</strong></span> <span class='ocrx_word' id='word_1_210' title='bbox 3635 1157 3772 1212; x_wconf 87' lang='lat' dir='ltr'><strong>ado-</strong></span> 
     </span>
    </p>
   </div>
   <div class='ocr_carea' id='block_1_28' title="bbox 2176 1249 3773 1320">
    <p class='ocr_par' dir='ltr' id='par_1_28' title="bbox 2176 1249 3773 1320">
     <span class='ocr_line' id='line_1_28' title="bbox 2176 1249 3773 1320; baseline -0.001 -15"><span class='ocrx_word' id='word_1_211' title='bbox 2176 1258 2434 1316; x_wconf 91' lang='lat' dir='ltr'><strong>ratorem,</strong></span> <span class='ocrx_word' id='word_1_212' title='bbox 2453 1249 2939 1320; x_wconf 83' lang='lat' dir='ltr'><strong>contemplatorem</strong></span> <span class='ocrx_word' id='word_1_213' title='bbox 2957 1249 3183 1303; x_wconf 82' lang='lat' dir='ltr'><strong>visibilis</strong></span> <span class='ocrx_word' id='word_1_214' title='bbox 3202 1257 3427 1315; x_wconf 63' lang='lat' dir='ltr'><strong>naturae,</strong></span> <span class='ocrx_word' id='word_1_215' title='bbox 3445 1250 3773 1305; x_wconf 85' lang='lat' dir='ltr'><strong>studiosum-</strong></span> 
     </span>
    </p>
   </div>
   <div class='ocr_carea' id='block_1_29' title="bbox 2176 1339 3772 1412">
    <p class='ocr_par' dir='ltr' id='par_1_29' title="bbox 2176 1339 3772 1412">
     <span class='ocr_line' id='line_1_29' title="bbox 2176 1339 3772 1412; baseline -0.001 -17"><span class='ocrx_word' id='word_1_216' title='bbox 2176 1356 2281 1411; x_wconf 89' lang='lat' dir='ltr'><strong>que</strong></span> <span class='ocrx_word' id='word_1_217' title='bbox 2301 1342 2417 1411; x_wconf 87' lang='lat' dir='ltr'><strong>ejus</strong></span> <span class='ocrx_word' id='word_1_218' title='bbox 2435 1356 2555 1412; x_wconf 74' lang='lat' dir='ltr'><strong>quze</strong></span> <span class='ocrx_word' id='word_1_219' title='bbox 2576 1342 2689 1396; x_wconf 88' lang='lat' dir='ltr'><strong>sola</strong></span> <span class='ocrx_word' id='word_1_220' title='bbox 2710 1348 2891 1395; x_wconf 87' lang='lat' dir='ltr'><strong>mente</strong></span> <span class='ocrx_word' id='word_1_221' title='bbox 2910 1339 3384 1410; x_wconf 89' lang='lat' dir='ltr'><strong>comprehenditur</strong></span> <span class='ocrx_word' id='word_1_222' title='bbox 3405 1358 3419 1394; x_wconf 93' lang='lat'><strong>:</strong></span> <span class='ocrx_word' id='word_1_223' title='bbox 3444 1355 3632 1395; x_wconf 87' lang='lat' dir='ltr'><strong>eorum</strong></span> <span class='ocrx_word' id='word_1_224' title='bbox 3653 1352 3772 1409; x_wconf 57' lang='lat' dir='ltr'><strong>quas</strong></span> 
     </span>
    </p>
   </div>
   <div class='ocr_carea' id='block_1_30' title="bbox 2176 1432 3771 1504">
    <p class='ocr_par' dir='ltr' id='par_1_30' title="bbox 2176 1432 3771 1504">
     <span class='ocr_line' id='line_1_30' title="bbox 2176 1432 3771 1504; baseline 0 -16"><span class='ocrx_word' id='word_1_225' title='bbox 2176 1434 2232 1488; x_wconf 92' lang='lat' dir='ltr'><strong>in</strong></span> <span class='ocrx_word' id='word_1_226' title='bbox 2261 1443 2404 1489; x_wconf 88' lang='lat' dir='ltr'><strong>terra</strong></span> <span class='ocrx_word' id='word_1_227' title='bbox 2431 1443 2587 1501; x_wconf 85' lang='lat' dir='ltr'><strong>sunt,</strong></span> <span class='ocrx_word' id='word_1_228' title='bbox 2614 1435 2997 1504; x_wconf 87' lang='lat' dir='ltr'><strong>imperatorem</strong></span> <span class='ocrx_word' id='word_1_229' title='bbox 3035 1448 3271 1502; x_wconf 89' lang='lat' dir='ltr'><strong>superno</strong></span> <span class='ocrx_word' id='word_1_230' title='bbox 3308 1432 3771 1503; x_wconf 88' lang='lat' dir='ltr'><strong>obtemperantem</strong></span> 
     </span>
    </p>
   </div>
   <div class='ocr_carea' id='block_1_31' title="bbox 2176 1522 3771 1595">
    <p class='ocr_par' dir='ltr' id='par_1_31' title="bbox 2176 1522 3771 1595">
     <span class='ocr_line' id='line_1_31' title="bbox 2176 1522 3771 1595; baseline 0.001 -16"><span class='ocrx_word' id='word_1_231' title='bbox 2176 1524 2426 1595; x_wconf 90' lang='lat' dir='ltr'><strong>imperio.</strong></span> <span class='ocrx_word' id='word_1_232' title='bbox 2467 1544 2486 1578; x_wconf 83' lang='grc'><strong>›</strong></span> <span class='ocrx_word' id='word_1_233' title='bbox 2542 1524 2721 1591; x_wconf 84' lang='lat' dir='ltr'><strong>Quare</strong></span> <span class='ocrx_word' id='word_1_234' title='bbox 2760 1524 3146 1579; x_wconf 87' lang='lat' dir='ltr'><strong>attendendum</strong></span> <span class='ocrx_word' id='word_1_235' title='bbox 3193 1531 3295 1592; x_wconf 91' lang='lat' dir='ltr'><strong>est,</strong></span> <span class='ocrx_word' id='word_1_236' title='bbox 3344 1522 3560 1579; x_wconf 85' lang='lat' dir='ltr'><strong>Patrem</strong></span> <span class='ocrx_word' id='word_1_237' title='bbox 3602 1526 3771 1595; x_wconf 90' lang='lat' dir='ltr'><strong>hunc,</strong></span> 
     </span>
    </p>
   </div>
   <div class='ocr_carea' id='block_1_32' title="bbox 2175 1615 3769 1687">
    <p class='ocr_par' dir='ltr' id='par_1_32' title="bbox 2175 1615 3769 1687">
     <span class='ocr_line' id='line_1_32' title="bbox 2175 1615 3769 1687; baseline 0.001 -16"><span class='ocrx_word' id='word_1_238' title='bbox 2175 1632 2297 1671; x_wconf 92' lang='lat' dir='ltr'><strong>cum</strong></span> <span class='ocrx_word' id='word_1_239' title='bbox 2326 1616 2532 1672; x_wconf 77' lang='lat' dir='ltr'><strong>diceret</strong></span> <span class='ocrx_word' id='word_1_240' title='bbox 2555 1616 2724 1672; x_wconf 92' lang='lat' dir='ltr'><strong>Deum</strong></span> <span class='ocrx_word' id='word_1_241' title='bbox 2754 1632 2823 1671; x_wconf 81' lang='lat' dir='ltr'><strong>ex</strong></span> <span class='ocrx_word' id='word_1_242' title='bbox 2849 1616 3093 1687; x_wconf 88' lang='lat' dir='ltr'><strong>utrisque</strong></span> <span class='ocrx_word' id='word_1_243' title='bbox 3120 1615 3313 1672; x_wconf 79' lang='lat' dir='ltr'><strong>fecisse</strong></span> <span class='ocrx_word' id='word_1_244' title='bbox 3342 1616 3640 1685; x_wconf 86' lang='lat' dir='ltr'><strong>hominem,</strong></span> <span class='ocrx_word' id='word_1_245' title='bbox 3672 1617 3769 1673; x_wconf 88' lang='lat' dir='ltr'><strong>ad-</strong></span> 
     </span>
    </p>
   </div>
   <div class='ocr_carea' id='block_1_33' title="bbox 2175 1709 3771 1781">
    <p class='ocr_par' dir='ltr' id='par_1_33' title="bbox 2175 1709 3771 1781">
     <span class='ocr_line' id='line_1_33' title="bbox 2175 1709 3771 1781; baseline 0.002 -17"><span class='ocrx_word' id='word_1_246' title='bbox 2175 1710 2374 1765; x_wconf 90' lang='lat' dir='ltr'><strong>didisse</strong></span> <span class='ocrx_word' id='word_1_247' title='bbox 2402 1725 2433 1765; x_wconf 90' lang='lat' dir='ltr'><strong>e</strong></span> <span class='ocrx_word' id='word_1_248' title='bbox 2454 1710 2605 1781; x_wconf 90' lang='lat' dir='ltr'><strong>prius</strong></span> <span class='ocrx_word' id='word_1_249' title='bbox 2625 1710 2949 1766; x_wconf 87' lang='lat' dir='ltr'><strong>subsistente</strong></span> <span class='ocrx_word' id='word_1_250' title='bbox 2979 1709 3204 1765; x_wconf 86' lang='lat' dir='ltr'><strong>materia</strong></span> <span class='ocrx_word' id='word_1_251' title='bbox 3225 1724 3422 1780; x_wconf 86' lang='lat' dir='ltr'><strong>corpus</strong></span> <span class='ocrx_word' id='word_1_252' title='bbox 3447 1718 3725 1781; x_wconf 87' lang='lat' dir='ltr'><strong>sumptum</strong></span> <span class='ocrx_word' id='word_1_253' title='bbox 3753 1728 3771 1767; x_wconf 85' lang='lat'><strong>:</strong></span> 
     </span>
    </p>
   </div>
   <div class='ocr_carea' id='block_1_34' title="bbox 483 1802 2060 1884">
    <p class='ocr_par' dir='ltr' id='par_1_34' title="bbox 483 1806 2060 1884">
     <span class='ocr_line' id='line_1_34' title="bbox 483 1806 2060 1884; baseline 0 -22"><span class='ocrx_word' id='word_1_254' title='bbox 483 1808 508 1862; x_wconf 87' lang='lat'><strong>6</strong></span> <span class='ocrx_word' id='word_1_255' title='bbox 535 1808 696 1879; x_wconf 78' lang='grc' dir='ltr'>λόγος.</span> <span class='ocrx_word' id='word_1_256' title='bbox 722 1809 811 1860; x_wconf 74' lang='grc' dir='ltr'><strong>Καὶ</strong></span> <span class='ocrx_word' id='word_1_257' title='bbox 840 1809 899 1861; x_wconf 85' lang='grc' dir='ltr'>τὸ</span> <span class='ocrx_word' id='word_1_258' title='bbox 922 1808 1078 1861; x_wconf 84' lang='grc' dir='ltr'>εἰπεῖν</span> <span class='ocrx_word' id='word_1_259' title='bbox 1104 1806 1157 1861; x_wconf 83' lang='grc' dir='ltr'>δὲ</span> <span class='ocrx_word' id='word_1_260' title='bbox 1176 1808 1261 1862; x_wconf 82' lang='grc' dir='ltr'>τὸν</span> <span class='ocrx_word' id='word_1_261' title='bbox 1282 1810 1505 1884; x_wconf 80' lang='grc' dir='ltr'><strong>πατέρα,</strong></span> <span class='ocrx_word' id='word_1_262' title='bbox 1533 1806 1608 1865; x_wconf 75' lang='grc' dir='ltr'>ὅτι</span> <span class='ocrx_word' id='word_1_263' title='bbox 1636 1809 1842 1881; x_wconf 79' lang='grc' dir='ltr'><strong>βασιλέα</strong></span> <span class='ocrx_word' id='word_1_264' title='bbox 1865 1810 1950 1864; x_wconf 73' lang='grc' dir='ltr'>ἐπί</span> <span class='ocrx_word' id='word_1_265' title='bbox 1977 1818 2060 1869; x_wconf 78' lang='grc' dir='ltr'><strong>τῆς</strong></span> 
     </span>
    </p>
   </div>
   <div class='ocr_carea' id='block_1_35' title="bbox 2167 1802 3769 1884">
    <p class='ocr_par' dir='ltr' id='par_1_35' title="bbox 2172 1802 3769 1875">
     <span class='ocr_line' id='line_1_35' title="bbox 2172 1802 3769 1875; baseline 0.002 -19"><span class='ocrx_word' id='word_1_266' title='bbox 2172 1818 2283 1857; x_wconf 87' lang='lat' dir='ltr'><strong>non</strong></span> <span class='ocrx_word' id='word_1_267' title='bbox 2311 1803 2509 1858; x_wconf 84' lang='lat' dir='ltr'><strong>dixisse</strong></span> <span class='ocrx_word' id='word_1_268' title='bbox 2528 1819 2659 1859; x_wconf 91' lang='lat' dir='ltr'><strong>vero</strong></span> <span class='ocrx_word' id='word_1_269' title='bbox 2687 1803 2834 1875; x_wconf 90' lang='lat' dir='ltr'><strong>prius</strong></span> <span class='ocrx_word' id='word_1_270' title='bbox 2854 1804 3125 1859; x_wconf 78' lang='lat' dir='ltr'><strong>exstitisse</strong></span> <span class='ocrx_word' id='word_1_271' title='bbox 3149 1802 3404 1869; x_wconf 89' lang='lat' dir='ltr'><strong>animam,</strong></span> <span class='ocrx_word' id='word_1_272' title='bbox 3435 1818 3533 1859; x_wconf 90' lang='lat' dir='ltr'><strong>nec</strong></span> <span class='ocrx_word' id='word_1_273' title='bbox 3563 1818 3629 1858; x_wconf 76' lang='lat' dir='ltr'><strong>ex</strong></span> <span class='ocrx_word' id='word_1_274' title='bbox 3662 1803 3769 1859; x_wconf 79' lang='lat' dir='ltr'><strong>ulla</strong></span> 
     </span>
    </p>
   </div>
   <div class='ocr_carea' id='block_1_36' title="bbox 482 1896 2067 1972">
    <p class='ocr_par' dir='ltr' id='par_1_36' title="bbox 482 1896 2067 1972">
     <span class='ocr_line' id='line_1_36' title="bbox 482 1896 2067 1972; baseline 0.005 -23"><span class='ocrx_word' id='word_1_275' title='bbox 482 1905 572 1970; x_wconf 77' lang='grc' dir='ltr'>γῆς</span> <span class='ocrx_word' id='word_1_276' title='bbox 604 1897 809 1954; x_wconf 77' lang='grc' dir='ltr'>ἐποίησε</span> <span class='ocrx_word' id='word_1_277' title='bbox 840 1899 924 1954; x_wconf 80' lang='grc' dir='ltr'>τὸν</span> <span class='ocrx_word' id='word_1_278' title='bbox 953 1896 1211 1972; x_wconf 77' lang='grc' dir='ltr'>ἄνθρωπον</span> <span class='ocrx_word' id='word_1_279' title='bbox 1241 1899 1266 1954; x_wconf 87' lang='lat'><strong>6</strong></span> <span class='ocrx_word' id='word_1_280' title='bbox 1297 1902 1422 1961; x_wconf 85' lang='grc' dir='ltr'>Θεὸς</span> <span class='ocrx_word' id='word_1_281' title='bbox 1451 1899 1841 1972; x_wconf 80' lang='grc' dir='ltr'>βασιλευόμενον</span> <span class='ocrx_word' id='word_1_282' title='bbox 1862 1900 2067 1967; x_wconf 78' lang='grc' dir='ltr'>ἄνωθεν,</span> 
     </span>
    </p>
   </div>
   <div class='ocr_carea' id='block_1_37' title="bbox 483 1990 2076 2065">
    <p class='ocr_par' dir='ltr' id='par_1_37' title="bbox 483 1990 2076 2065">
     <span class='ocr_line' id='line_1_37' title="bbox 483 1990 2076 2065; baseline 0.002 -20"><span class='ocrx_word' id='word_1_283' title='bbox 483 1993 680 2065; x_wconf 82' lang='grc' dir='ltr'>ἀναιρεῖ</span> <span class='ocrx_word' id='word_1_284' title='bbox 702 1990 759 2043; x_wconf 81' lang='grc' dir='ltr'>τὸ</span> <span class='ocrx_word' id='word_1_285' title='bbox 802 1991 959 2054; x_wconf 73' lang='grc' dir='ltr'>λέγειν</span> <span class='ocrx_word' id='word_1_286' title='bbox 1002 1993 1071 2051; x_wconf 82' lang='grc' dir='ltr'><strong>ὡς</strong></span> <span class='ocrx_word' id='word_1_287' title='bbox 1100 1990 1184 2046; x_wconf 83' lang='grc' dir='ltr'>διὰ</span> <span class='ocrx_word' id='word_1_288' title='bbox 1223 1992 1429 2047; x_wconf 82' lang='grc' dir='ltr'>κόλασιν</span> <span class='ocrx_word' id='word_1_289' title='bbox 1459 1993 1790 2051; x_wconf 56' lang='lat' dir='ltr'><strong>mamma»</strong></span> <span class='ocrx_word' id='word_1_290' title='bbox 1818 1994 1871 2047; x_wconf 81' lang='lat' dir='ltr'><strong>ai</strong></span> <span class='ocrx_word' id='word_1_291' title='bbox 1897 1992 2076 2064; x_wconf 66' lang='grc' dir='ltr'>ψυχαὶ</span> 
     </span>
    </p>
   </div>
   <div class='ocr_carea' id='block_1_38' title="bbox 480 2084 2073 2159">
    <p class='ocr_par' dir='ltr' id='par_1_38' title="bbox 480 2084 2073 2159">
     <span class='ocr_line' id='line_1_38' title="bbox 480 2084 2073 2159; baseline 0.003 -23"><span class='ocrx_word' id='word_1_292' title='bbox 480 2090 589 2143; x_wconf 83' lang='grc' dir='ltr'>τοῖς</span> <span class='ocrx_word' id='word_1_293' title='bbox 619 2085 848 2152; x_wconf 71' lang='grc' dir='ltr'>σώμασι*</span> <span class='ocrx_word' id='word_1_294' title='bbox 892 2086 951 2138; x_wconf 85' lang='lat'><strong>1&#39;6</strong></span> <span class='ocrx_word' id='word_1_295' title='bbox 986 2086 1084 2159; x_wconf 85' lang='grc' dir='ltr'>γὰρ</span> <span class='ocrx_word' id='word_1_296' title='bbox 1124 2084 1411 2155; x_wconf 71' lang='grc' dir='ltr'>βασιλεύειν</span> <span class='ocrx_word' id='word_1_297' title='bbox 1440 2085 1523 2138; x_wconf 78' lang='grc' dir='ltr'>ἐπί</span> <span class='ocrx_word' id='word_1_298' title='bbox 1560 2093 1648 2144; x_wconf 79' lang='grc' dir='ltr'>τῆς</span> <span class='ocrx_word' id='word_1_299' title='bbox 1683 2094 1812 2156; x_wconf 84' lang='grc' dir='ltr'>γῆς,</span> <span class='ocrx_word' id='word_1_300' title='bbox 1847 2088 1931 2138; x_wconf 86' lang='grc' dir='ltr'>καὶ</span> <span class='ocrx_word' id='word_1_301' title='bbox 1971 2087 2073 2141; x_wconf 87' lang='grc' dir='ltr'><strong>ύπό</strong></span> 
     </span>
    </p>
   </div>
   <div class='ocr_carea' id='block_1_39' title="bbox 484 2172 2072 2249">
    <p class='ocr_par' dir='ltr' id='par_1_39' title="bbox 484 2172 2072 2249">
     <span class='ocr_line' id='line_1_39' title="bbox 484 2172 2072 2249; baseline 0.003 -24"><span class='ocrx_word' id='word_1_302' title='bbox 484 2177 611 2225; x_wconf 87' lang='grc' dir='ltr'>Θεοῦ</span> <span class='ocrx_word' id='word_1_303' title='bbox 654 2172 805 2243; x_wconf 77' lang='grc' dir='ltr'>μόνου</span> <span class='ocrx_word' id='word_1_304' title='bbox 855 2172 1235 2243; x_wconf 69' lang='grc' dir='ltr'>βασιλεύεσθαι,</span> <span class='ocrx_word' id='word_1_305' title='bbox 1268 2176 1324 2229; x_wconf 88' lang='grc' dir='ltr'><strong>ού</strong></span> <span class='ocrx_word' id='word_1_306' title='bbox 1366 2178 1636 2249; x_wconf 78' lang='grc' dir='ltr'><strong>τιμωρίας,</strong></span> <span class='ocrx_word' id='word_1_307' title='bbox 1681 2175 1806 2232; x_wconf 80' lang='grc' dir='ltr'><strong>ἀλλά</strong></span> <span class='ocrx_word' id='word_1_308' title='bbox 1849 2178 2072 2248; x_wconf 80' lang='grc' dir='ltr'>μεγάλης</span> 
     </span>
    </p>
   </div>
   <div class='ocr_carea' id='block_1_40' title="bbox 480 2262 1241 2340">
    <p class='ocr_par' dir='ltr' id='par_1_40' title="bbox 480 2262 1241 2340">
     <span class='ocr_line' id='line_1_40' title="bbox 480 2262 1241 2340; baseline 0.008 -26"><span class='ocrx_word' id='word_1_309' title='bbox 480 2262 591 2316; x_wconf 69' lang='grc' dir='ltr'>ἐστὶ</span> <span class='ocrx_word' id='word_1_310' title='bbox 618 2270 708 2323; x_wconf 81' lang='grc' dir='ltr'>τῆς</span> <span class='ocrx_word' id='word_1_311' title='bbox 736 2270 830 2317; x_wconf 89' lang='grc' dir='ltr'><strong>τοῦ</strong></span> <span class='ocrx_word' id='word_1_312' title='bbox 865 2270 996 2320; x_wconf 87' lang='grc' dir='ltr'>Θεοῦ</span> <span class='ocrx_word' id='word_1_313' title='bbox 1024 2264 1241 2340; x_wconf 85' lang='grc' dir='ltr'>δωρεᾶς.</span> 
     </span>
    </p>
   </div>
   <div class='ocr_carea' id='block_1_41' title="bbox 2176 1901 3771 1975">
    <p class='ocr_par' dir='ltr' id='par_1_41' title="bbox 2176 1901 3771 1975">
     <span class='ocr_line' id='line_1_41' title="bbox 2176 1901 3771 1975; baseline -0.001 -16"><span class='ocrx_word' id='word_1_314' title='bbox 2176 1903 2471 1959; x_wconf 87' lang='lat' dir='ltr'><strong>substantia</strong></span> <span class='ocrx_word' id='word_1_315' title='bbox 2495 1913 2673 1959; x_wconf 86' lang='lat' dir='ltr'><strong>natam</strong></span> <span class='ocrx_word' id='word_1_316' title='bbox 2703 1920 2821 1975; x_wconf 76' lang='lat' dir='ltr'><strong>qua:</strong></span> <span class='ocrx_word' id='word_1_317' title='bbox 2850 1912 2977 1959; x_wconf 87' lang='lat' dir='ltr'><strong>ante</strong></span> <span class='ocrx_word' id='word_1_318' title='bbox 2996 1904 3295 1958; x_wconf 80' lang='lat' dir='ltr'><strong>existerent</strong></span> <span class='ocrx_word' id='word_1_319' title='bbox 3319 1921 3331 1955; x_wconf 87' lang='lat'><strong>:</strong></span> <span class='ocrx_word' id='word_1_320' title='bbox 3356 1901 3452 1957; x_wconf 88' lang='lat' dir='ltr'><strong>sed</strong></span> <span class='ocrx_word' id='word_1_321' title='bbox 3483 1902 3652 1957; x_wconf 89' lang='lat' dir='ltr'><strong>Deum</strong></span> <span class='ocrx_word' id='word_1_322' title='bbox 3679 1918 3771 1973; x_wconf 84' lang='lat' dir='ltr'><strong>per</strong></span> 
     </span>
    </p>
   </div>
   <div class='ocr_carea' id='block_1_42' title="bbox 2180 1995 3770 2065">
    <p class='ocr_par' dir='ltr' id='par_1_42' title="bbox 2180 1995 3770 2065">
     <span class='ocr_line' id='line_1_42' title="bbox 2180 1995 3770 2065; baseline 0.001 -16"><span class='ocrx_word' id='word_1_323' title='bbox 2180 1995 2415 2065; x_wconf 88' lang='lat' dir='ltr'><strong>seipsum</strong></span> <span class='ocrx_word' id='word_1_324' title='bbox 2444 1996 2611 2050; x_wconf 84' lang='lat' dir='ltr'><strong>vitam</strong></span> <span class='ocrx_word' id='word_1_325' title='bbox 2641 1997 2915 2062; x_wconf 88' lang='lat' dir='ltr'><strong>indidisse,</strong></span> <span class='ocrx_word' id='word_1_326' title='bbox 2957 1995 3101 2065; x_wconf 92' lang='lat' dir='ltr'><strong>quod</strong></span> <span class='ocrx_word' id='word_1_327' title='bbox 3144 1995 3378 2049; x_wconf 89' lang='lat' dir='ltr'><strong>animam</strong></span> <span class='ocrx_word' id='word_1_328' title='bbox 3423 2009 3542 2050; x_wconf 90' lang='lat' dir='ltr'><strong>esse</strong></span> <span class='ocrx_word' id='word_1_329' title='bbox 3572 1995 3770 2050; x_wconf 86' lang='lat' dir='ltr'><strong>intelli-</strong></span> 
     </span>
    </p>
   </div>
   <div class='ocr_carea' id='block_1_43' title="bbox 2181 2086 3770 2158">
    <p class='ocr_par' dir='ltr' id='par_1_43' title="bbox 2181 2086 3770 2158">
     <span class='ocr_line' id='line_1_43' title="bbox 2181 2086 3770 2158; baseline 0 -17"><span class='ocrx_word' id='word_1_330' title='bbox 2181 2095 2417 2158; x_wconf 84' lang='lat' dir='ltr'><strong>gentem,</strong></span> <span class='ocrx_word' id='word_1_331' title='bbox 2448 2096 2503 2142; x_wconf 93' lang='lat' dir='ltr'><strong>et</strong></span> <span class='ocrx_word' id='word_1_332' title='bbox 2542 2088 2637 2142; x_wconf 90' lang='lat' dir='ltr'><strong>Dei</strong></span> <span class='ocrx_word' id='word_1_333' title='bbox 2684 2087 2969 2156; x_wconf 81' lang='lat' dir='ltr'><strong>imaginem</strong></span> <span class='ocrx_word' id='word_1_334' title='bbox 2996 2128 3011 2153; x_wconf 93' lang='lat'><strong>,</strong></span> <span class='ocrx_word' id='word_1_335' title='bbox 3044 2086 3193 2142; x_wconf 88' lang='lat' dir='ltr'><strong>novit</strong></span> <span class='ocrx_word' id='word_1_336' title='bbox 3218 2086 3376 2141; x_wconf 86' lang='lat' dir='ltr'><strong>ratio.</strong></span> <span class='ocrx_word' id='word_1_337' title='bbox 3409 2086 3565 2152; x_wconf 80' lang='lat' dir='ltr'><strong>Quod</strong></span> <span class='ocrx_word' id='word_1_338' title='bbox 3591 2093 3770 2141; x_wconf 84' lang='lat' dir='ltr'><strong>autem</strong></span> 
     </span>
    </p>
   </div>
   <div class='ocr_carea' id='block_1_44' title="bbox 2179 2177 3770 2249">
    <p class='ocr_par' dir='ltr' id='par_1_44' title="bbox 2179 2177 3770 2249">
     <span class='ocr_line' id='line_1_44' title="bbox 2179 2177 3770 2249; baseline 0.003 -15"><span class='ocrx_word' id='word_1_339' title='bbox 2179 2178 2311 2234; x_wconf 92' lang='lat' dir='ltr'><strong>dicit</strong></span> <span class='ocrx_word' id='word_1_340' title='bbox 2338 2178 2498 2235; x_wconf 84' lang='lat' dir='ltr'><strong>Pater</strong></span> <span class='ocrx_word' id='word_1_341' title='bbox 2520 2221 2534 2247; x_wconf 92' lang='lat'><strong>,</strong></span> <span class='ocrx_word' id='word_1_342' title='bbox 2578 2179 2749 2235; x_wconf 91' lang='lat' dir='ltr'><strong>Deum</strong></span> <span class='ocrx_word' id='word_1_343' title='bbox 2785 2178 2976 2235; x_wconf 82' lang='lat' dir='ltr'><strong>fecisse</strong></span> <span class='ocrx_word' id='word_1_344' title='bbox 3004 2178 3277 2234; x_wconf 88' lang='lat' dir='ltr'><strong>hominem</strong></span> <span class='ocrx_word' id='word_1_345' title='bbox 3307 2177 3696 2249; x_wconf 87' lang='lat' dir='ltr'><strong>imperatorem</strong></span> <span class='ocrx_word' id='word_1_346' title='bbox 3720 2179 3770 2239; x_wconf 85' lang='lat' dir='ltr'><strong>in</strong></span> 
     </span>
    </p>
   </div>
   <div class='ocr_carea' id='block_1_45' title="bbox 2178 2269 3768 2343">
    <p class='ocr_par' dir='ltr' id='par_1_45' title="bbox 2178 2269 3768 2343">
     <span class='ocr_line' id='line_1_45' title="bbox 2178 2269 3768 2343; baseline 0.001 -17"><span class='ocrx_word' id='word_1_347' title='bbox 2178 2278 2324 2327; x_wconf 87' lang='lat' dir='ltr'><strong>terra</strong></span> <span class='ocrx_word' id='word_1_348' title='bbox 2348 2314 2363 2339; x_wconf 94' lang='lat'><strong>,</strong></span> <span class='ocrx_word' id='word_1_349' title='bbox 2407 2287 2643 2343; x_wconf 88' lang='lat' dir='ltr'><strong>superno</strong></span> <span class='ocrx_word' id='word_1_350' title='bbox 2670 2271 2990 2327; x_wconf 83' lang='lat' dir='ltr'><strong>obstrictum</strong></span> <span class='ocrx_word' id='word_1_351' title='bbox 3034 2270 3262 2341; x_wconf 87' lang='lat' dir='ltr'><strong>imperio</strong></span> <span class='ocrx_word' id='word_1_352' title='bbox 3287 2312 3302 2338; x_wconf 91' lang='lat'><strong>,</strong></span> <span class='ocrx_word' id='word_1_353' title='bbox 3344 2269 3539 2323; x_wconf 81' lang='lat' dir='ltr'><strong>evertit</strong></span> <span class='ocrx_word' id='word_1_354' title='bbox 3583 2284 3768 2327; x_wconf 87' lang='lat' dir='ltr'><strong>eorum</strong></span> 
     </span>
    </p>
   </div>
   <div class='ocr_carea' id='block_1_46' title="bbox 2177 2362 3769 2436">
    <p class='ocr_par' dir='ltr' id='par_1_46' title="bbox 2177 2362 3769 2436">
     <span class='ocr_line' id='line_1_46' title="bbox 2177 2362 3769 2436; baseline -0.001 -17"><span class='ocrx_word' id='word_1_355' title='bbox 2177 2366 2532 2421; x_wconf 86' lang='lat' dir='ltr'><strong>assertionem</strong></span> <span class='ocrx_word' id='word_1_356' title='bbox 2560 2365 2653 2435; x_wconf 88' lang='lat' dir='ltr'><strong>qui</strong></span> <span class='ocrx_word' id='word_1_357' title='bbox 2682 2365 2750 2420; x_wconf 88' lang='lat' dir='ltr'><strong>ad</strong></span> <span class='ocrx_word' id='word_1_358' title='bbox 2776 2379 2993 2436; x_wconf 86' lang='lat' dir='ltr'><strong>poenam</strong></span> <span class='ocrx_word' id='word_1_359' title='bbox 3021 2364 3229 2419; x_wconf 88' lang='lat' dir='ltr'><strong>animas</strong></span> <span class='ocrx_word' id='word_1_360' title='bbox 3263 2362 3531 2417; x_wconf 86' lang='lat' dir='ltr'><strong>immissas</strong></span> <span class='ocrx_word' id='word_1_361' title='bbox 3575 2377 3769 2434; x_wconf 79' lang='lat' dir='ltr'><strong>corpo-</strong></span> 
     </span>
    </p>
   </div>
   <div class='ocr_carea' id='block_1_47' title="bbox 478 2444 3769 2530">
    <p class='ocr_par' dir='ltr' id='par_1_47' title="bbox 478 2444 3769 2530">
     <span class='ocr_line' id='line_1_47' title="bbox 478 2444 3769 2530; baseline 0.003 -30"><span class='ocrx_word' id='word_1_362' title='bbox 478 2444 625 2501; x_wconf 87' lang='lat' dir='ltr'><strong>ribus</strong></span> <span class='ocrx_word' id='word_1_363' title='bbox 654 2447 858 2503; x_wconf 86' lang='lat' dir='ltr'><strong>dicunt.</strong></span> <span class='ocrx_word' id='word_1_364' title='bbox 906 2448 1039 2503; x_wconf 86' lang='lat' dir='ltr'><strong>Nam</strong></span> <span class='ocrx_word' id='word_1_365' title='bbox 1087 2449 1142 2506; x_wconf 92' lang='lat' dir='ltr'><strong>in</strong></span> <span class='ocrx_word' id='word_1_366' title='bbox 1191 2458 1336 2506; x_wconf 91' lang='lat' dir='ltr'><strong>terra</strong></span> <span class='ocrx_word' id='word_1_367' title='bbox 1381 2465 1647 2521; x_wconf 81' lang='lat' dir='ltr'><strong>regnare,</strong></span> <span class='ocrx_word' id='word_1_368' title='bbox 1674 2451 1948 2523; x_wconf 90' lang='lat' dir='ltr'><strong>soliusque</strong></span> <span class='ocrx_word' id='word_1_369' title='bbox 1975 2453 2069 2510; x_wconf 87' lang='lat' dir='ltr'><strong>Dei</strong></span> <span class='ocrx_word' id='word_1_370' title='bbox 2109 2458 2284 2513; x_wconf 86' lang='lat' dir='ltr'><strong>teneri</strong></span> <span class='ocrx_word' id='word_1_371' title='bbox 2324 2458 2573 2528; x_wconf 88' lang='lat' dir='ltr'><strong>imperio,</strong></span> <span class='ocrx_word' id='word_1_372' title='bbox 2624 2474 2733 2514; x_wconf 91' lang='lat' dir='ltr'><strong>non</strong></span> <span class='ocrx_word' id='word_1_373' title='bbox 2776 2458 2831 2513; x_wconf 93' lang='lat' dir='ltr'><strong>in</strong></span> <span class='ocrx_word' id='word_1_374' title='bbox 2877 2456 3125 2530; x_wconf 84' lang='lat' dir='ltr'><strong>supplicii</strong></span> <span class='ocrx_word' id='word_1_375' title='bbox 3159 2454 3282 2513; x_wconf 86' lang='lat' dir='ltr'><strong>loco</strong></span> <span class='ocrx_word' id='word_1_376' title='bbox 3323 2455 3627 2512; x_wconf 89' lang='lat' dir='ltr'><strong>ducendum</strong></span> <span class='ocrx_word' id='word_1_377' title='bbox 3668 2464 3769 2527; x_wconf 90' lang='lat' dir='ltr'><strong>est,</strong></span> 
     </span>
    </p>
   </div>
   <div class='ocr_carea' id='block_1_48' title="bbox 478 2537 1631 2610">
    <p class='ocr_par' dir='ltr' id='par_1_48' title="bbox 478 2537 1631 2610">
     <span class='ocr_line' id='line_1_48' title="bbox 478 2537 1631 2610; baseline 0.008 -17"><span class='ocrx_word' id='word_1_378' title='bbox 478 2537 573 2594; x_wconf 86' lang='lat' dir='ltr'><strong>sed</strong></span> <span class='ocrx_word' id='word_1_379' title='bbox 599 2538 652 2594; x_wconf 87' lang='lat' dir='ltr'><strong>in</strong></span> <span class='ocrx_word' id='word_1_380' title='bbox 677 2555 871 2610; x_wconf 88' lang='lat' dir='ltr'><strong>magno</strong></span> <span class='ocrx_word' id='word_1_381' title='bbox 899 2544 1163 2602; x_wconf 79' lang='lat' dir='ltr'><strong>beneﬁcio</strong></span> <span class='ocrx_word' id='word_1_382' title='bbox 1184 2562 1248 2603; x_wconf 89' lang='lat' dir='ltr'><strong>ac</strong></span> <span class='ocrx_word' id='word_1_383' title='bbox 1268 2562 1490 2604; x_wconf 88' lang='lat' dir='ltr'><strong>munere</strong></span> <span class='ocrx_word' id='word_1_384' title='bbox 1515 2549 1631 2606; x_wconf 89' lang='lat' dir='ltr'><strong>Dei.</strong></span> 
     </span>
    </p>
   </div>
   <div class='ocr_carea' id='block_1_49' title="bbox 552 2633 2072 2717">
    <p class='ocr_par' dir='ltr' id='par_1_49' title="bbox 552 2633 2072 2717">
     <span class='ocr_line' id='line_1_49' title="bbox 552 2633 2072 2717; baseline 0.011 -32"><span class='ocrx_word' id='word_1_385' title='bbox 552 2633 678 2703; x_wconf 82' lang='grc' dir='ltr'>Πρὸς</span> <span class='ocrx_word' id='word_1_386' title='bbox 719 2638 919 2699; x_wconf 82' lang='grc' dir='ltr'>τούτοις</span> <span class='ocrx_word' id='word_1_387' title='bbox 964 2638 1018 2694; x_wconf 84' lang='grc' dir='ltr'><strong>δέ</strong></span> <span class='ocrx_word' id='word_1_388' title='bbox 1059 2642 1263 2696; x_wconf 80' lang='grc' dir='ltr'>κάκεῖνο</span> <span class='ocrx_word' id='word_1_389' title='bbox 1312 2644 1468 2697; x_wconf 86' lang='grc' dir='ltr'>εἰπεῖν</span> <span class='ocrx_word' id='word_1_390' title='bbox 1504 2644 1781 2715; x_wconf 82' lang='grc' dir='ltr'>ἀναγκαῖον</span> <span class='ocrx_word' id='word_1_391' title='bbox 1812 2646 2072 2717; x_wconf 78' lang='grc' dir='ltr'><strong>ἡγούμεθα</strong></span> 
     </span>
    </p>
   </div>
   <div class='ocr_carea' id='block_1_50' title="bbox 476 2724 2071 2811">
    <p class='ocr_par' dir='ltr' id='par_1_50' title="bbox 476 2724 2071 2811">
     <span class='ocr_line' id='line_1_50' title="bbox 476 2724 2071 2811; baseline 0.009 -34"><span class='ocrx_word' id='word_1_392' title='bbox 476 2724 607 2798; x_wconf 86' lang='grc' dir='ltr'>πρὸς</span> <span class='ocrx_word' id='word_1_393' title='bbox 634 2728 756 2787; x_wconf 78' lang='grc' dir='ltr'>τούς</span> <span class='ocrx_word' id='word_1_394' title='bbox 784 2734 875 2788; x_wconf 77' lang='grc' dir='ltr'>τήν</span> <span class='ocrx_word' id='word_1_395' title='bbox 902 2731 1228 2808; x_wconf 76' lang='grc' dir='ltr'>προῦπαρξιν</span> <span class='ocrx_word' id='word_1_396' title='bbox 1253 2734 1513 2808; x_wconf 86' lang='grc' dir='ltr'>λέγοντας,</span> <span class='ocrx_word' id='word_1_397' title='bbox 1538 2732 1618 2791; x_wconf 81' lang='grc' dir='ltr'>ὅτι</span> <span class='ocrx_word' id='word_1_398' title='bbox 1639 2734 1781 2811; x_wconf 83' lang='grc' dir='ltr'>εἴπερ</span> <span class='ocrx_word' id='word_1_399' title='bbox 1812 2738 1988 2799; x_wconf 77' lang='grc' dir='ltr'>ἀληθές</span> <span class='ocrx_word' id='word_1_400' title='bbox 2013 2736 2071 2798; x_wconf 78' lang='grc' dir='ltr'>ἦν</span> 
     </span>
    </p>
   </div>
   <div class='ocr_carea' id='block_1_51' title="bbox 473 2816 2069 2901">
    <p class='ocr_par' dir='ltr' id='par_1_51' title="bbox 473 2816 2069 2901">
     <span class='ocr_line' id='line_1_51' title="bbox 473 2816 2069 2901; baseline 0.009 -32"><span class='ocrx_word' id='word_1_401' title='bbox 473 2816 535 2869; x_wconf 83' lang='grc' dir='ltr'>τὸ</span> <span class='ocrx_word' id='word_1_402' title='bbox 564 2820 927 2895; x_wconf 64' lang='grc' dir='ltr'>προϋπάρχειν</span> <span class='ocrx_word' id='word_1_403' title='bbox 954 2826 1048 2883; x_wconf 85' lang='grc' dir='ltr'><strong>τάς</strong></span> <span class='ocrx_word' id='word_1_404' title='bbox 1069 2823 1252 2895; x_wconf 62' lang='grc' dir='ltr'>ψυχάς</span> <span class='ocrx_word' id='word_1_405' title='bbox 1285 2832 1383 2881; x_wconf 84' lang='grc' dir='ltr'><strong>τῶν</strong></span> <span class='ocrx_word' id='word_1_406' title='bbox 1422 2828 1690 2899; x_wconf 85' lang='grc' dir='ltr'>σωμάτων,</span> <span class='ocrx_word' id='word_1_407' title='bbox 1715 2829 1977 2901; x_wconf 71' lang='grc' dir='ltr'><strong>ἐγίνωσκον</strong></span> <span class='ocrx_word' id='word_1_408' title='bbox 2009 2825 2069 2883; x_wconf 78' lang='grc' dir='ltr'><strong>ἂν</strong></span> 
     </span>
    </p>
   </div>
   <div class='ocr_carea' id='block_1_52' title="bbox 474 2909 2068 2993">
    <p class='ocr_par' dir='ltr' id='par_1_52' title="bbox 474 2909 2068 2993">
     <span class='ocr_line' id='line_1_52' title="bbox 474 2909 2068 2993; baseline 0.009 -33"><span class='ocrx_word' id='word_1_409' title='bbox 474 2909 563 2962; x_wconf 83' lang='grc' dir='ltr'><strong>καί</strong></span> <span class='ocrx_word' id='word_1_410' title='bbox 597 2910 873 2981; x_wconf 80' lang='grc' dir='ltr'>ἐμέμνηντο</span> <span class='ocrx_word' id='word_1_411' title='bbox 914 2912 944 2968; x_wconf 84' lang='grc' dir='ltr'>ὅ</span> <span class='ocrx_word' id='word_1_412' title='bbox 986 2937 1035 2970; x_wconf 92' lang='grc' dir='ltr'><strong>τι</strong></span> <span class='ocrx_word' id='word_1_413' title='bbox 1078 2914 1338 2990; x_wconf 73' lang='grc' dir='ltr'>ἔπραττον</span> <span class='ocrx_word' id='word_1_414' title='bbox 1387 2919 1470 2972; x_wconf 85' lang='grc' dir='ltr'><strong>καί</strong></span> <span class='ocrx_word' id='word_1_415' title='bbox 1501 2919 1604 2993; x_wconf 87' lang='grc' dir='ltr'>πρὸ</span> <span class='ocrx_word' id='word_1_416' title='bbox 1630 2925 1721 2975; x_wconf 90' lang='grc' dir='ltr'><strong>τοῦ</strong></span> <span class='ocrx_word' id='word_1_417' title='bbox 1754 2920 1988 2975; x_wconf 79' lang='grc' dir='ltr'>εἰσελθεῖν</span> <span class='ocrx_word' id='word_1_418' title='bbox 2017 2922 2068 2975; x_wconf 81' lang='grc' dir='ltr'><strong>έν</strong></span> 
     </span>
    </p>
   </div>
   <div class='ocr_carea' id='block_1_53' title="bbox 472 3006 2066 3086">
    <p class='ocr_par' dir='ltr' id='par_1_53' title="bbox 472 3006 2066 3086">
     <span class='ocr_line' id='line_1_53' title="bbox 472 3006 2066 3086; baseline 0.004 -25"><span class='ocrx_word' id='word_1_419' title='bbox 472 3008 588 3061; x_wconf 81' lang='grc' dir='ltr'>τοῖς</span> <span class='ocrx_word' id='word_1_420' title='bbox 617 3006 871 3075; x_wconf 74' lang='grc' dir='ltr'>σώμασιν,</span> <span class='ocrx_word' id='word_1_421' title='bbox 900 3008 1077 3086; x_wconf 84' lang='grc' dir='ltr'>ὥσπερ</span> <span class='ocrx_word' id='word_1_422' title='bbox 1103 3013 1184 3063; x_wconf 83' lang='grc' dir='ltr'><strong>καί</strong></span> <span class='ocrx_word' id='word_1_423' title='bbox 1228 3011 1359 3081; x_wconf 78' lang='grc' dir='ltr'>μετὰ</span> <span class='ocrx_word' id='word_1_424' title='bbox 1386 3015 1475 3069; x_wconf 70' lang='grc' dir='ltr'>τὴν</span> <span class='ocrx_word' id='word_1_425' title='bbox 1501 3012 1736 3072; x_wconf 72' lang='grc' dir='ltr'>τελευτὴν</span> <span class='ocrx_word' id='word_1_426' title='bbox 1769 3013 2066 3070; x_wconf 81' lang='grc' dir='ltr'>ἐπίστανται</span> 
     </span>
    </p>
   </div>
   <div class='ocr_carea' id='block_1_54' title="bbox 473 3095 2061 3177">
    <p class='ocr_par' dir='ltr' id='par_1_54' title="bbox 473 3095 2061 3177">
     <span class='ocr_line' id='line_1_54' title="bbox 473 3095 2061 3177; baseline 0.01 -32"><span class='ocrx_word' id='word_1_427' title='bbox 473 3095 557 3146; x_wconf 83' lang='grc' dir='ltr'><strong>καί</strong></span> <span class='ocrx_word' id='word_1_428' title='bbox 584 3098 891 3167; x_wconf 85' lang='grc' dir='ltr'>γινώσκουσι</span> <span class='ocrx_word' id='word_1_429' title='bbox 914 3102 981 3155; x_wconf 82' lang='grc' dir='ltr'><strong>τά</strong></span> <span class='ocrx_word' id='word_1_430' title='bbox 1020 3103 1322 3173; x_wconf 79' lang='grc' dir='ltr'><strong>πραχθέντα</strong></span> <span class='ocrx_word' id='word_1_431' title='bbox 1354 3104 1538 3164; x_wconf 77' lang='grc' dir='ltr'>αὐταῖς</span> <span class='ocrx_word' id='word_1_432' title='bbox 1564 3106 1618 3158; x_wconf 79' lang='grc' dir='ltr'>ἐν</span> <span class='ocrx_word' id='word_1_433' title='bbox 1658 3112 1771 3165; x_wconf 89' lang='grc' dir='ltr'>τοῖς</span> <span class='ocrx_word' id='word_1_434' title='bbox 1805 3110 2061 3177; x_wconf 75' lang='grc' dir='ltr'>σώμασιν.</span> 
     </span>
    </p>
   </div>
   <div class='ocr_carea' id='block_1_55' title="bbox 472 3184 2064 3267">
    <p class='ocr_par' dir='ltr' id='par_1_55' title="bbox 472 3184 2064 3267">
     <span class='ocr_line' id='line_1_55' title="bbox 472 3184 2064 3267; baseline 0.009 -29"><span class='ocrx_word' id='word_1_435' title='bbox 472 3184 819 3259; x_wconf 80' lang='grc' dir='ltr'>’Λποδείξομεν</span> <span class='ocrx_word' id='word_1_436' title='bbox 849 3187 901 3243; x_wconf 71' lang='grc' dir='ltr'><strong>δέ</strong></span> <span class='ocrx_word' id='word_1_437' title='bbox 927 3192 987 3245; x_wconf 86' lang='grc' dir='ltr'>τὸ</span> <span class='ocrx_word' id='word_1_438' title='bbox 1004 3196 1264 3263; x_wconf 84' lang='grc' dir='ltr'>γινώσκειν</span> <span class='ocrx_word' id='word_1_439' title='bbox 1288 3199 1379 3253; x_wconf 78' lang='grc' dir='ltr'>τὴν</span> <span class='ocrx_word' id='word_1_440' title='bbox 1404 3195 1586 3266; x_wconf 62' lang='grc' dir='ltr'>ψυχήν</span> <span class='ocrx_word' id='word_1_441' title='bbox 1618 3198 1750 3267; x_wconf 81' lang='grc' dir='ltr'>μετά</span> <span class='ocrx_word' id='word_1_442' title='bbox 1778 3203 1868 3257; x_wconf 79' lang='grc' dir='ltr'><strong>τήν</strong></span> <span class='ocrx_word' id='word_1_443' title='bbox 1897 3200 2064 3255; x_wconf 81' lang='grc' dir='ltr'>ἐντεῦ-</span> 
     </span>
    </p>
   </div>
   <div class='ocr_carea' id='block_1_56' title="bbox 2249 2640 3769 2701">
    <p class='ocr_par' dir='ltr' id='par_1_56' title="bbox 2249 2640 3769 2701">
     <span class='ocr_line' id='line_1_56' title="bbox 2249 2640 3769 2701; baseline -0.001 -3"><span class='ocrx_word' id='word_1_444' title='bbox 2249 2642 2329 2699; x_wconf 86' lang='lat' dir='ltr'><strong>Ad</strong></span> <span class='ocrx_word' id='word_1_445' title='bbox 2355 2644 2469 2700; x_wconf 62' lang='lat' dir='ltr'><strong>haec</strong></span> <span class='ocrx_word' id='word_1_446' title='bbox 2498 2644 2628 2700; x_wconf 90' lang='lat' dir='ltr'><strong>illud</strong></span> <span class='ocrx_word' id='word_1_447' title='bbox 2658 2646 2815 2701; x_wconf 91' lang='lat' dir='ltr'><strong>nobis</strong></span> <span class='ocrx_word' id='word_1_448' title='bbox 2839 2644 3145 2701; x_wconf 89' lang='lat' dir='ltr'><strong>necessario</strong></span> <span class='ocrx_word' id='word_1_449' title='bbox 3173 2642 3462 2700; x_wconf 85' lang='lat' dir='ltr'><strong>dicendum</strong></span> <span class='ocrx_word' id='word_1_450' title='bbox 3491 2640 3769 2697; x_wconf 79' lang='lat' dir='ltr'><strong>existima-</strong></span> 
     </span>
    </p>
   </div>
   <div class='ocr_carea' id='block_1_57' title="bbox 2177 2730 3766 2806">
    <p class='ocr_par' dir='ltr' id='par_1_57' title="bbox 2177 2730 3766 2806">
     <span class='ocr_line' id='line_1_57' title="bbox 2177 2730 3766 2806; baseline -0.001 -17"><span class='ocrx_word' id='word_1_451' title='bbox 2177 2749 2298 2789; x_wconf 89' lang='lat' dir='ltr'><strong>mus</strong></span> <span class='ocrx_word' id='word_1_452' title='bbox 2325 2735 2379 2788; x_wconf 88' lang='lat' dir='ltr'><strong>in</strong></span> <span class='ocrx_word' id='word_1_453' title='bbox 2406 2750 2503 2791; x_wconf 89' lang='lat' dir='ltr'><strong>eos</strong></span> <span class='ocrx_word' id='word_1_454' title='bbox 2541 2735 2633 2805; x_wconf 91' lang='lat' dir='ltr'><strong>qui</strong></span> <span class='ocrx_word' id='word_1_455' title='bbox 2680 2736 3132 2806; x_wconf 71' lang='lat' dir='ltr'><strong>prmexistentiam</strong></span> <span class='ocrx_word' id='word_1_456' title='bbox 3171 2730 3417 2790; x_wconf 87' lang='lat' dir='ltr'><strong>asserunt</strong></span> <span class='ocrx_word' id='word_1_457' title='bbox 3450 2750 3462 2786; x_wconf 93' lang='lat'>:</span> <span class='ocrx_word' id='word_1_458' title='bbox 3496 2731 3553 2788; x_wconf 92' lang='lat' dir='ltr'><strong>Si</strong></span> <span class='ocrx_word' id='word_1_459' title='bbox 3584 2747 3766 2787; x_wconf 61' lang='lat' dir='ltr'><strong>verum</strong></span> 
     </span>
    </p>
   </div>
   <div class='ocr_carea' id='block_1_58' title="bbox 2177 2824 3768 2894">
    <p class='ocr_par' dir='ltr' id='par_1_58' title="bbox 2177 2824 3768 2894">
     <span class='ocr_line' id='line_1_58' title="bbox 2177 2824 3768 2894; baseline 0 -16"><span class='ocrx_word' id='word_1_460' title='bbox 2177 2832 2342 2893; x_wconf 83' lang='lat' dir='ltr'><strong>esset,</strong></span> <span class='ocrx_word' id='word_1_461' title='bbox 2365 2824 2514 2894; x_wconf 89' lang='lat' dir='ltr'><strong>prius</strong></span> <span class='ocrx_word' id='word_1_462' title='bbox 2534 2840 2653 2880; x_wconf 86' lang='lat' dir='ltr'><strong>esse</strong></span> <span class='ocrx_word' id='word_1_463' title='bbox 2677 2825 2884 2880; x_wconf 83' lang='lat' dir='ltr'><strong>animas</strong></span> <span class='ocrx_word' id='word_1_464' title='bbox 2912 2839 3071 2894; x_wconf 90' lang='lat' dir='ltr'><strong>quam</strong></span> <span class='ocrx_word' id='word_1_465' title='bbox 3098 2838 3347 2894; x_wconf 84' lang='lat' dir='ltr'><strong>corpora,</strong></span> <span class='ocrx_word' id='word_1_466' title='bbox 3377 2830 3768 2891; x_wconf 83' lang='lat' dir='ltr'><strong>cognoscerent</strong></span> 
     </span>
    </p>
   </div>
   <div class='ocr_carea' id='block_1_59' title="bbox 2176 2922 3767 2997">
    <p class='ocr_par' dir='ltr' id='par_1_59' title="bbox 2176 2922 3767 2997">
     <span class='ocr_line' id='line_1_59' title="bbox 2176 2922 3767 2997; baseline -0.001 -17"><span class='ocrx_word' id='word_1_467' title='bbox 2176 2939 2241 2981; x_wconf 86' lang='lat' dir='ltr'><strong>ac</strong></span> <span class='ocrx_word' id='word_1_468' title='bbox 2265 2927 2681 2983; x_wconf 86' lang='lat' dir='ltr'><strong>recordarentur</strong></span> <span class='ocrx_word' id='word_1_469' title='bbox 2706 2941 2826 2997; x_wconf 72' lang='lat' dir='ltr'><strong>quae</strong></span> <span class='ocrx_word' id='word_1_470' title='bbox 2856 2935 2982 2980; x_wconf 90' lang='lat' dir='ltr'><strong>ante</strong></span> <span class='ocrx_word' id='word_1_471' title='bbox 3026 2925 3319 2994; x_wconf 80' lang='lat' dir='ltr'><strong>gessissent</strong></span> <span class='ocrx_word' id='word_1_472' title='bbox 3357 2939 3522 2994; x_wconf 89' lang='lat' dir='ltr'><strong>quam</strong></span> <span class='ocrx_word' id='word_1_473' title='bbox 3561 2922 3618 2978; x_wconf 91' lang='lat' dir='ltr'><strong>in</strong></span> <span class='ocrx_word' id='word_1_474' title='bbox 3649 2938 3767 2979; x_wconf 87' lang='lat' dir='ltr'><strong>cor-</strong></span> 
     </span>
    </p>
   </div>
   <div class='ocr_carea' id='block_1_60' title="bbox 2172 3016 3766 3090">
    <p class='ocr_par' dir='ltr' id='par_1_60' title="bbox 2172 3016 3766 3090">
     <span class='ocr_line' id='line_1_60' title="bbox 2172 3016 3766 3090; baseline -0.001 -18"><span class='ocrx_word' id='word_1_475' title='bbox 2172 3033 2306 3088; x_wconf 85' lang='lat' dir='ltr'><strong>pora</strong></span> <span class='ocrx_word' id='word_1_476' title='bbox 2332 3018 2610 3086; x_wconf 82' lang='lat' dir='ltr'><strong>venirent;</strong></span> <span class='ocrx_word' id='word_1_477' title='bbox 2641 3017 3093 3090; x_wconf 80' lang='lat' dir='ltr'><strong>quemadmodum</strong></span> <span class='ocrx_word' id='word_1_478' title='bbox 3121 3027 3244 3089; x_wconf 91' lang='lat' dir='ltr'><strong>post</strong></span> <span class='ocrx_word' id='word_1_479' title='bbox 3266 3017 3471 3074; x_wconf 89' lang='lat' dir='ltr'><strong>obitum</strong></span> <span class='ocrx_word' id='word_1_480' title='bbox 3501 3016 3685 3071; x_wconf 90' lang='lat' dir='ltr'><strong>sciunt</strong></span> <span class='ocrx_word' id='word_1_481' title='bbox 3707 3029 3766 3071; x_wconf 89' lang='lat' dir='ltr'><strong>ac</strong></span> 
     </span>
    </p>
   </div>
   <div class='ocr_carea' id='block_1_61' title="bbox 2172 3116 3767 3192">
    <p class='ocr_par' dir='ltr' id='par_1_61' title="bbox 2172 3116 3767 3192">
     <span class='ocr_line' id='line_1_61' title="bbox 2172 3116 3767 3192; baseline -0.001 -20"><span class='ocrx_word' id='word_1_482' title='bbox 2172 3128 2372 3175; x_wconf 89' lang='lat' dir='ltr'><strong>norunt</strong></span> <span class='ocrx_word' id='word_1_483' title='bbox 2416 3135 2536 3190; x_wconf 71' lang='lat' dir='ltr'><strong>qua:</strong></span> <span class='ocrx_word' id='word_1_484' title='bbox 2581 3121 2636 3175; x_wconf 89' lang='lat' dir='ltr'><strong>in</strong></span> <span class='ocrx_word' id='word_1_485' title='bbox 2680 3119 2997 3192; x_wconf 90' lang='lat' dir='ltr'><strong>corporibus</strong></span> <span class='ocrx_word' id='word_1_486' title='bbox 3037 3132 3216 3187; x_wconf 85' lang='lat' dir='ltr'><strong>egere.</strong></span> <span class='ocrx_word' id='word_1_487' title='bbox 3266 3116 3767 3171; x_wconf 76' lang='lat' dir='ltr'><strong>Demonstrabimus</strong></span> 
     </span>
    </p>
   </div>
   <div class='ocr_carea' id='block_1_62' title="bbox 2171 3218 3765 3289">
    <p class='ocr_par' dir='ltr' id='par_1_62' title="bbox 2171 3218 3765 3289">
     <span class='ocr_line' id='line_1_62' title="bbox 2171 3218 3765 3289; baseline -0.001 -17"><span class='ocrx_word' id='word_1_488' title='bbox 2171 3229 2352 3273; x_wconf 87' lang='lat' dir='ltr'><strong>autem</strong></span> <span class='ocrx_word' id='word_1_489' title='bbox 2381 3220 2615 3274; x_wconf 86' lang='lat' dir='ltr'><strong>animam</strong></span> <span class='ocrx_word' id='word_1_490' title='bbox 2636 3226 2761 3289; x_wconf 90' lang='lat' dir='ltr'><strong>post</strong></span> <span class='ocrx_word' id='word_1_491' title='bbox 2779 3218 3071 3275; x_wconf 79' lang='lat' dir='ltr'><strong>discessum</strong></span> <span class='ocrx_word' id='word_1_492' title='bbox 3100 3237 3131 3273; x_wconf 88' lang='lat' dir='ltr'><strong>e</strong></span> <span class='ocrx_word' id='word_1_493' title='bbox 3155 3226 3263 3273; x_wconf 71' lang='lat' dir='ltr'><strong>Vita</strong></span> <span class='ocrx_word' id='word_1_494' title='bbox 3294 3230 3625 3285; x_wconf 78' lang='lat' dir='ltr'><strong>cognoscere</strong></span> <span class='ocrx_word' id='word_1_495' title='bbox 3646 3232 3765 3287; x_wconf 81' lang='lat' dir='ltr'><strong>quae</strong></span> 
     </span>
    </p>
   </div>
   <div class='ocr_carea' id='block_1_63' title="bbox 471 3279 2060 3381">
    <p class='ocr_par' dir='ltr' id='par_1_63' title="bbox 471 3279 2059 3367">
     <span class='ocr_line' id='line_1_63' title="bbox 471 3279 2059 3367; baseline 0.013 -38"><span class='ocrx_word' id='word_1_496' title='bbox 471 3279 549 3330; x_wconf 82' lang='grc' dir='ltr'><strong>θεν</strong></span> <span class='ocrx_word' id='word_1_497' title='bbox 579 3281 862 3337; x_wconf 85' lang='grc' dir='ltr'>ἀποϐίωσιν</span> <span class='ocrx_word' id='word_1_498' title='bbox 897 3286 963 3339; x_wconf 85' lang='grc' dir='ltr'><strong>τά</strong></span> <span class='ocrx_word' id='word_1_499' title='bbox 992 3286 1148 3358; x_wconf 80' lang='grc' dir='ltr'>ἑαυτῇ</span> <span class='ocrx_word' id='word_1_500' title='bbox 1182 3290 1533 3367; x_wconf 84' lang='grc' dir='ltr'>πεπραγμένα,</span> <span class='ocrx_word' id='word_1_501' title='bbox 1567 3292 1618 3355; x_wconf 77' lang='grc' dir='ltr'><strong>ἐξ</strong></span> <span class='ocrx_word' id='word_1_502' title='bbox 1649 3293 1813 3346; x_wconf 76' lang='grc' dir='ltr'>αὐτῶν</span> <span class='ocrx_word' id='word_1_503' title='bbox 1848 3302 1949 3349; x_wconf 87' lang='grc' dir='ltr'><strong>τῶν</strong></span> <span class='ocrx_word' id='word_1_504' title='bbox 1969 3301 2059 3349; x_wconf 82' lang='grc' dir='ltr'><strong>τοῦ</strong></span> 
     </span>
    </p>
   </div>
   <div class='ocr_carea' id='block_1_64' title="bbox 2167 3279 3763 3381">
    <p class='ocr_par' dir='ltr' id='par_1_64' title="bbox 2167 3279 3763 3381">
     <span class='ocr_line' id='line_1_64' title="bbox 2167 3279 3763 3381; baseline 0.001 -16"><span class='ocrx_word' id='word_1_505' title='bbox 2167 3311 2350 3381; x_wconf 91' lang='lat' dir='ltr'><strong>gessit,</strong></span> <span class='ocrx_word' id='word_1_506' title='bbox 2380 3326 2448 3366; x_wconf 82' lang='lat' dir='ltr'><strong>ex</strong></span> <span class='ocrx_word' id='word_1_507' title='bbox 2476 3311 2605 3381; x_wconf 88' lang='lat' dir='ltr'><strong>ipsis</strong></span> <span class='ocrx_word' id='word_1_508' title='bbox 2633 3279 2913 3381; x_wconf 59' lang='lat' dir='ltr'><strong>Evangelii</strong></span> <span class='ocrx_word' id='word_1_509' title='bbox 2939 3310 3147 3377; x_wconf 85' lang='lat' dir='ltr'><strong>verbis;</strong></span> <span class='ocrx_word' id='word_1_510' title='bbox 3180 3310 3297 3366; x_wconf 78' lang='lat' dir='ltr'><strong>htec</strong></span> <span class='ocrx_word' id='word_1_511' title='bbox 3323 3279 3469 3365; x_wconf 75' lang='lat' dir='ltr'><strong>enim</strong></span> <span class='ocrx_word' id='word_1_512' title='bbox 3499 3309 3628 3364; x_wconf 89' lang='lat' dir='ltr'><strong>dicit</strong></span> <span class='ocrx_word' id='word_1_513' title='bbox 3649 3279 3763 3366; x_wconf 78' lang='lat' dir='ltr'><strong>Do-</strong></span> 
     </span>
    </p>
   </div>
   <div class='ocr_carea' id='block_1_65' title="bbox 470 3369 2062 3456">
    <p class='ocr_par' dir='ltr' id='par_1_65' title="bbox 470 3369 2062 3456">
     <span class='ocr_line' id='line_1_65' title="bbox 470 3369 2062 3456; baseline 0.013 -34"><span class='ocrx_word' id='word_1_514' title='bbox 470 3369 763 3443; x_wconf 83' lang='grc' dir='ltr'>εὖαγγελίου</span> <span class='ocrx_word' id='word_1_515' title='bbox 809 3375 1066 3451; x_wconf 60' lang='grc' dir='ltr'>ῥημάτων</span> <span class='ocrx_word' id='word_1_516' title='bbox 1095 3378 1227 3450; x_wconf 86' lang='grc' dir='ltr'>λέγει</span> <span class='ocrx_word' id='word_1_517' title='bbox 1269 3382 1371 3456; x_wconf 80' lang='grc' dir='ltr'><strong>γάρ</strong></span> <span class='ocrx_word' id='word_1_518' title='bbox 1420 3378 1447 3435; x_wconf 91' lang='lat'><strong>6</strong></span> <span class='ocrx_word' id='word_1_519' title='bbox 1497 3378 1750 3442; x_wconf 79' lang='grc' dir='ltr'>δεσπότης</span> <span class='ocrx_word' id='word_1_520' title='bbox 1798 3385 1937 3455; x_wconf 75' lang='grc' dir='ltr'>ἡμῶν</span> <span class='ocrx_word' id='word_1_521' title='bbox 1983 3390 2062 3442; x_wconf 85' lang='grc' dir='ltr'><strong>καί</strong></span> 
     </span>
    </p>
   </div>
   <div class='ocr_carea' id='block_1_66' title="bbox 473 3468 2061 3548">
    <p class='ocr_par' dir='ltr' id='par_1_66' title="bbox 473 3468 2061 3548">
     <span class='ocr_line' id='line_1_66' title="bbox 473 3468 2061 3548; baseline 0.011 -32"><span class='ocrx_word' id='word_1_522' title='bbox 473 3470 648 3535; x_wconf 81' lang='grc' dir='ltr'>σωτὴρ</span> <span class='ocrx_word' id='word_1_523' title='bbox 689 3468 908 3541; x_wconf 78' lang='grc' dir='ltr'>Χριστὸς</span> <span class='ocrx_word' id='word_1_524' title='bbox 938 3469 987 3521; x_wconf 78' lang='grc' dir='ltr'>ἐν</span> <span class='ocrx_word' id='word_1_525' title='bbox 1018 3476 1090 3539; x_wconf 84' lang='grc' dir='ltr'>τῷ</span> <span class='ocrx_word' id='word_1_526' title='bbox 1128 3473 1262 3527; x_wconf 82' lang='grc' dir='ltr'>κατά</span> <span class='ocrx_word' id='word_1_527' title='bbox 1304 3476 1508 3527; x_wconf 67' lang='grc' dir='ltr'>Λο-ικᾶν</span> <span class='ocrx_word' id='word_1_528' title='bbox 1543 3474 1813 3548; x_wconf 72' lang='grc' dir='ltr'>εὐαγγελίῳ</span> <span class='ocrx_word' id='word_1_529' title='bbox 1860 3479 1932 3538; x_wconf 82' lang='grc' dir='ltr'>εἰς</span> <span class='ocrx_word' id='word_1_530' title='bbox 1972 3483 2061 3538; x_wconf 73' lang='grc' dir='ltr'><strong>τήν</strong></span> 
     </span>
    </p>
   </div>
   <div class='ocr_carea' id='block_1_67' title="bbox 471 3561 2059 3637">
    <p class='ocr_par' dir='ltr' id='par_1_67' title="bbox 471 3561 2059 3637">
     <span class='ocr_line' id='line_1_67' title="bbox 471 3561 2059 3637; baseline 0.012 -29"><span class='ocrx_word' id='word_1_531' title='bbox 471 3561 727 3629; x_wconf 77' lang='grc' dir='ltr'>περιοχὴν</span> <span class='ocrx_word' id='word_1_532' title='bbox 761 3564 853 3614; x_wconf 89' lang='grc' dir='ltr'><strong>τοῦ</strong></span> <span class='ocrx_word' id='word_1_533' title='bbox 881 3563 1119 3637; x_wconf 78' lang='grc' dir='ltr'>Λαζάρου</span> <span class='ocrx_word' id='word_1_534' title='bbox 1146 3567 1232 3618; x_wconf 86' lang='grc' dir='ltr'><strong>καί</strong></span> <span class='ocrx_word' id='word_1_535' title='bbox 1259 3570 1346 3619; x_wconf 90' lang='grc' dir='ltr'><strong>τοῦ</strong></span> <span class='ocrx_word' id='word_1_536' title='bbox 1376 3566 1852 3632; x_wconf 87' lang='grc' dir='ltr'>πλουσίου,ταῦτα’</span> <span class='ocrx_word' id='word_1_537' title='bbox 1911 3570 2059 3627; x_wconf 60' lang='lat' dir='ltr'><strong>(&quot;Ar</strong></span> 
     </span>
    </p>
   </div>
   <div class='ocr_carea' id='block_1_68' title="bbox 469 3648 2061 3741">
    <p class='ocr_par' dir='ltr' id='par_1_68' title="bbox 469 3648 2061 3741">
     <span class='ocr_line' id='line_1_68' title="bbox 469 3648 2061 3741; baseline 0.015 -42"><span class='ocrx_word' id='word_1_538' title='bbox 469 3648 669 3741; x_wconf 67' lang='grc' dir='ltr'>θρωπός</span> <span class='ocrx_word' id='word_1_539' title='bbox 706 3672 784 3711; x_wconf 89' lang='grc' dir='ltr'><strong>τις</strong></span> <span class='ocrx_word' id='word_1_540' title='bbox 820 3650 878 3711; x_wconf 76' lang='grc' dir='ltr'>ἦν</span> <span class='ocrx_word' id='word_1_541' title='bbox 904 3654 1173 3723; x_wconf 89' lang='grc' dir='ltr'>πλούσιος,</span> <span class='ocrx_word' id='word_1_542' title='bbox 1198 3662 1284 3713; x_wconf 83' lang='grc' dir='ltr'>καί</span> <span class='ocrx_word' id='word_1_543' title='bbox 1309 3658 1653 3717; x_wconf 70' lang='grc' dir='ltr'>ἐνεδιδύσκετο</span> <span class='ocrx_word' id='word_1_544' title='bbox 1686 3668 1951 3741; x_wconf 72' lang='grc' dir='ltr'>πορφύραν</span> <span class='ocrx_word' id='word_1_545' title='bbox 1974 3670 2061 3723; x_wconf 82' lang='grc' dir='ltr'><strong>καί</strong></span> 
     </span>
    </p>
   </div>
   <div class='ocr_carea' id='block_1_69' title="bbox 474 3737 2059 3830">
    <p class='ocr_par' dir='ltr' id='par_1_69' title="bbox 474 3737 2059 3830">
     <span class='ocr_line' id='line_1_69' title="bbox 474 3737 2059 3830; baseline 0.015 -40"><span class='ocrx_word' id='word_1_546' title='bbox 474 3737 694 3830; x_wconf 83' lang='grc' dir='ltr'>βύσσον,</span> <span class='ocrx_word' id='word_1_547' title='bbox 722 3741 1104 3817; x_wconf 67' lang='grc' dir='ltr'>εὐφραινόμενος</span> <span class='ocrx_word' id='word_1_548' title='bbox 1132 3749 1236 3803; x_wconf 74' lang='grc' dir='ltr'>καθ’</span> <span class='ocrx_word' id='word_1_549' title='bbox 1265 3750 1457 3823; x_wconf 67' lang='grc' dir='ltr'>ἡμέραν</span> <span class='ocrx_word' id='word_1_550' title='bbox 1479 3737 1978 3830; x_wconf 35' lang='grc' dir='ltr'>λαμπρῶς-..Πτωχὸς</span> <span class='ocrx_word' id='word_1_551' title='bbox 2004 3758 2059 3814; x_wconf 79' lang='grc' dir='ltr'><strong>δέ</strong></span> 
     </span>
    </p>
   </div>
   <div class='ocr_carea' id='block_1_70' title="bbox 469 3829 2060 3912">
    <p class='ocr_par' dir='ltr' id='par_1_70' title="bbox 469 3829 2060 3912">
     <span class='ocr_line' id='line_1_70' title="bbox 469 3829 2060 3912; baseline 0.016 -29"><span class='ocrx_word' id='word_1_552' title='bbox 469 3852 547 3892; x_wconf 84' lang='grc' dir='ltr'><strong>τις</strong></span> <span class='ocrx_word' id='word_1_553' title='bbox 590 3829 646 3890; x_wconf 73' lang='grc' dir='ltr'>ἦν</span> <span class='ocrx_word' id='word_1_554' title='bbox 689 3834 896 3906; x_wconf 84' lang='grc' dir='ltr'>ὀνόματι</span> <span class='ocrx_word' id='word_1_555' title='bbox 925 3841 1180 3912; x_wconf 80' lang='grc' dir='ltr'>Λάζαρος,</span> <span class='ocrx_word' id='word_1_556' title='bbox 1213 3839 1268 3904; x_wconf 83' lang='grc' dir='ltr'>ὃς</span> <span class='ocrx_word' id='word_1_557' title='bbox 1312 3844 1555 3905; x_wconf 75' lang='grc' dir='ltr'>ἐϐέϐλητο</span> <span class='ocrx_word' id='word_1_558' title='bbox 1601 3851 1671 3908; x_wconf 84' lang='grc' dir='ltr'>εἰς</span> <span class='ocrx_word' id='word_1_559' title='bbox 1717 3851 1801 3904; x_wconf 81' lang='grc' dir='ltr'>τὸν</span> <span class='ocrx_word' id='word_1_560' title='bbox 1850 3852 2060 3909; x_wconf 81' lang='grc' dir='ltr'>πυλῶνα</span> 
     </span>
    </p>
   </div>
   <div class='ocr_carea' id='block_1_71' title="bbox 468 3926 2061 4011">
    <p class='ocr_par' dir='ltr' id='par_1_71' title="bbox 468 3926 2061 4011">
     <span class='ocr_line' id='line_1_71' title="bbox 468 3926 2061 4011; baseline 0.014 -34"><span class='ocrx_word' id='word_1_561' title='bbox 468 3926 622 3979; x_wconf 77' lang='grc' dir='ltr'>αὐτοῦ</span> <span class='ocrx_word' id='word_1_562' title='bbox 659 3927 956 4000; x_wconf 77' lang='grc' dir='ltr'>ἡλκωμένος,</span> <span class='ocrx_word' id='word_1_563' title='bbox 1003 3936 1090 3988; x_wconf 88' lang='grc' dir='ltr'><strong>καί</strong></span> <span class='ocrx_word' id='word_1_564' title='bbox 1133 3935 1389 4008; x_wconf 71' lang='grc' dir='ltr'>ἐπιθυμῶν</span> <span class='ocrx_word' id='word_1_565' title='bbox 1436 3943 1785 4011; x_wconf 74' lang='grc' dir='ltr'>χορτασθῆναι</span> <span class='ocrx_word' id='word_1_566' title='bbox 1828 3944 1931 3997; x_wconf 71' lang='grc' dir='ltr'><strong>ἀπὸ</strong></span> <span class='ocrx_word' id='word_1_567' title='bbox 1962 3952 2061 4000; x_wconf 86' lang='grc' dir='ltr'><strong>τῶν</strong></span> 
     </span>
    </p>
   </div>
   <div class='ocr_carea' id='block_1_72' title="bbox 468 4014 2055 4104">
    <p class='ocr_par' dir='ltr' id='par_1_72' title="bbox 468 4014 2055 4104">
     <span class='ocr_line' id='line_1_72' title="bbox 468 4014 2055 4104; baseline 0.017 -35"><span class='ocrx_word' id='word_1_568' title='bbox 468 4014 665 4087; x_wconf 69' lang='grc' dir='ltr'>ψιχίων</span> <span class='ocrx_word' id='word_1_569' title='bbox 692 4030 793 4074; x_wconf 64' lang='grc' dir='ltr'>τᾶν</span> <span class='ocrx_word' id='word_1_570' title='bbox 816 4021 1105 4081; x_wconf 82' lang='grc' dir='ltr'>πιπτόντων</span> <span class='ocrx_word' id='word_1_571' title='bbox 1133 4029 1236 4083; x_wconf 83' lang='grc' dir='ltr'><strong>άπὸ</strong></span> <span class='ocrx_word' id='word_1_572' title='bbox 1262 4038 1355 4090; x_wconf 80' lang='grc' dir='ltr'>τῆς</span> <span class='ocrx_word' id='word_1_573' title='bbox 1380 4032 1636 4104; x_wconf 77' lang='grc' dir='ltr'>τραπέζης</span> <span class='ocrx_word' id='word_1_574' title='bbox 1658 4039 1749 4086; x_wconf 78' lang='grc' dir='ltr'><strong>τοῦ</strong></span> <span class='ocrx_word' id='word_1_575' title='bbox 1778 4033 2025 4090; x_wconf 80' lang='grc' dir='ltr'>πλουσίου</span> <span class='ocrx_word' id='word_1_576' title='bbox 2041 4052 2055 4066; x_wconf 85' lang='grc'><strong><em>⁸</em></strong></span> 
     </span>
    </p>
   </div>
   <div class='ocr_carea' id='block_1_73' title="bbox 466 4110 2053 4198">
    <p class='ocr_par' dir='ltr' id='par_1_73' title="bbox 466 4110 2053 4198">
     <span class='ocr_line' id='line_1_73' title="bbox 466 4110 2053 4198; baseline 0.013 -36"><span class='ocrx_word' id='word_1_577' title='bbox 466 4110 591 4166; x_wconf 83' lang='grc' dir='ltr'>ά).λά</span> <span class='ocrx_word' id='word_1_578' title='bbox 624 4115 706 4167; x_wconf 85' lang='grc' dir='ltr'><strong>καί</strong></span> <span class='ocrx_word' id='word_1_579' title='bbox 749 4116 795 4168; x_wconf 83' lang='grc' dir='ltr'>οἱ</span> <span class='ocrx_word' id='word_1_580' title='bbox 836 4118 981 4179; x_wconf 81' lang='grc' dir='ltr'>κύνες</span> <span class='ocrx_word' id='word_1_581' title='bbox 1004 4120 1280 4193; x_wconf 82' lang='grc' dir='ltr'>ἀπέλειχον</span> <span class='ocrx_word' id='word_1_582' title='bbox 1321 4122 1593 4198; x_wconf 75' lang='grc' dir='ltr'>ἐρχόμενοι</span> <span class='ocrx_word' id='word_1_583' title='bbox 1617 4126 1683 4178; x_wconf 80' lang='grc' dir='ltr'><strong>τά</strong></span> <span class='ocrx_word' id='word_1_584' title='bbox 1715 4125 1832 4183; x_wconf 80' lang='grc' dir='ltr'>ἕλκη</span> <span class='ocrx_word' id='word_1_585' title='bbox 1875 4128 2053 4183; x_wconf 80' lang='grc' dir='ltr'>αὐτοῦ.</span> 
     </span>
    </p>
   </div>
   <div class='ocr_carea' id='block_1_74' title="bbox 465 4204 2056 4289">
    <p class='ocr_par' dir='ltr' id='par_1_74' title="bbox 465 4204 2056 4289">
     <span class='ocr_line' id='line_1_74' title="bbox 465 4204 2056 4289; baseline 0.013 -36"><span class='ocrx_word' id='word_1_586' title='bbox 465 4204 685 4274; x_wconf 83' lang='grc' dir='ltr'>Ἐγένετο</span> <span class='ocrx_word' id='word_1_587' title='bbox 709 4204 762 4261; x_wconf 77' lang='grc' dir='ltr'><strong>δέ</strong></span> <span class='ocrx_word' id='word_1_588' title='bbox 792 4208 1059 4266; x_wconf 79' lang='grc' dir='ltr'>ἀποθανεῖν</span> <span class='ocrx_word' id='word_1_589' title='bbox 1087 4214 1173 4267; x_wconf 78' lang='grc' dir='ltr'><strong>τὸν</strong></span> <span class='ocrx_word' id='word_1_590' title='bbox 1194 4215 1413 4283; x_wconf 83' lang='grc' dir='ltr'>πτωχόν</span> <span class='ocrx_word' id='word_1_591' title='bbox 1430 4258 1442 4279; x_wconf 89' lang='grc'><strong>,</strong></span> <span class='ocrx_word' id='word_1_592' title='bbox 1475 4219 1561 4268; x_wconf 84' lang='grc' dir='ltr'>καὶ</span> <span class='ocrx_word' id='word_1_593' title='bbox 1586 4217 1929 4289; x_wconf 79' lang='grc' dir='ltr'>ἀπενεχθῆναι</span> <span class='ocrx_word' id='word_1_594' title='bbox 1965 4221 2056 4273; x_wconf 85' lang='grc' dir='ltr'>αύ-</span> 
     </span>
    </p>
   </div>
   <div class='ocr_carea' id='block_1_75' title="bbox 464 4293 2055 4384">
    <p class='ocr_par' dir='ltr' id='par_1_75' title="bbox 464 4293 2055 4384">
     <span class='ocr_line' id='line_1_75' title="bbox 464 4293 2055 4384; baseline 0.013 -37"><span class='ocrx_word' id='word_1_595' title='bbox 464 4293 548 4348; x_wconf 83' lang='grc' dir='ltr'>τὸν</span> <span class='ocrx_word' id='word_1_596' title='bbox 576 4295 679 4350; x_wconf 85' lang='grc' dir='ltr'><strong>ύπὸ</strong></span> <span class='ocrx_word' id='word_1_597' title='bbox 719 4306 820 4353; x_wconf 81' lang='grc' dir='ltr'><strong>τῶν</strong></span> <span class='ocrx_word' id='word_1_598' title='bbox 849 4304 1068 4375; x_wconf 81' lang='grc' dir='ltr'>ἀγγέλων</span> <span class='ocrx_word' id='word_1_599' title='bbox 1105 4308 1177 4365; x_wconf 81' lang='grc' dir='ltr'><strong>είς</strong></span> <span class='ocrx_word' id='word_1_600' title='bbox 1206 4306 1291 4361; x_wconf 86' lang='grc' dir='ltr'>τὸν</span> <span class='ocrx_word' id='word_1_601' title='bbox 1330 4307 1513 4363; x_wconf 83' lang='grc' dir='ltr'>κόλπον</span> <span class='ocrx_word' id='word_1_602' title='bbox 1538 4308 1787 4384; x_wconf 81' lang='grc' dir='ltr'>Ἀϐραάμ.</span> <span class='ocrx_word' id='word_1_603' title='bbox 1822 4309 2055 4368; x_wconf 75' lang='grc' dir='ltr'>’Δπέθανε</span> 
     </span>
    </p>
   </div>
   <div class='ocr_carea' id='block_1_76' title="bbox 464 4382 2057 4479">
    <p class='ocr_par' dir='ltr' id='par_1_76' title="bbox 464 4382 2057 4479">
     <span class='ocr_line' id='line_1_76' title="bbox 464 4382 2057 4479; baseline 0.018 -41"><span class='ocrx_word' id='word_1_604' title='bbox 464 4382 519 4439; x_wconf 82' lang='grc' dir='ltr'><strong>δέ</strong></span> <span class='ocrx_word' id='word_1_605' title='bbox 547 4386 677 4441; x_wconf 85' lang='grc' dir='ltr'>καίὸ</span> <span class='ocrx_word' id='word_1_606' title='bbox 707 4389 968 4457; x_wconf 88' lang='grc' dir='ltr'>πλούσιος,</span> <span class='ocrx_word' id='word_1_607' title='bbox 996 4398 1083 4449; x_wconf 82' lang='grc' dir='ltr'><strong>καί</strong></span> <span class='ocrx_word' id='word_1_608' title='bbox 1101 4398 1275 4468; x_wconf 69' lang='grc' dir='ltr'>ἐτάφη.</span> <span class='ocrx_word' id='word_1_609' title='bbox 1299 4404 1401 4455; x_wconf 75' lang='grc' dir='ltr'><strong>Καὶ</strong></span> <span class='ocrx_word' id='word_1_610' title='bbox 1422 4403 1470 4455; x_wconf 80' lang='grc' dir='ltr'>ἐν</span> <span class='ocrx_word' id='word_1_611' title='bbox 1495 4412 1567 4473; x_wconf 85' lang='grc' dir='ltr'>τῷ</span> <span class='ocrx_word' id='word_1_612' title='bbox 1598 4402 1694 4476; x_wconf 76' lang='grc' dir='ltr'>ᾅδῃ</span> <span class='ocrx_word' id='word_1_613' title='bbox 1721 4404 1915 4479; x_wconf 82' lang='grc' dir='ltr'>ἐπάρας</span> <span class='ocrx_word' id='word_1_614' title='bbox 1935 4408 2057 4467; x_wconf 67' lang='grc' dir='ltr'>τοὺς</span> 
     </span>
    </p>
   </div>
   <div class='ocr_carea' id='block_1_77' title="bbox 463 4477 2055 4573">
    <p class='ocr_par' dir='ltr' id='par_1_77' title="bbox 463 4477 2055 4573">
     <span class='ocr_line' id='line_1_77' title="bbox 463 4477 2055 4573; baseline 0.016 -43"><span class='ocrx_word' id='word_1_615' title='bbox 463 4477 747 4550; x_wconf 73' lang='grc' dir='ltr'>ὀφθαλμούς</span> <span class='ocrx_word' id='word_1_616' title='bbox 767 4483 927 4537; x_wconf 76' lang='grc' dir='ltr'>αὐτοῦ</span> <span class='ocrx_word' id='word_1_617' title='bbox 948 4486 1208 4560; x_wconf 78' lang='grc' dir='ltr'>ὑπάρχων</span> <span class='ocrx_word' id='word_1_618' title='bbox 1235 4491 1284 4542; x_wconf 88' lang='grc' dir='ltr'>ἐν</span> <span class='ocrx_word' id='word_1_619' title='bbox 1305 4493 1572 4561; x_wconf 81' lang='grc' dir='ltr'>βασάνοις,</span> <span class='ocrx_word' id='word_1_620' title='bbox 1597 4494 1693 4567; x_wconf 81' lang='grc' dir='ltr'><strong>ὁρᾷ</strong></span> <span class='ocrx_word' id='word_1_621' title='bbox 1712 4499 1799 4552; x_wconf 85' lang='grc' dir='ltr'>τὸν</span> <span class='ocrx_word' id='word_1_622' title='bbox 1822 4496 2055 4573; x_wconf 77' lang='grc' dir='ltr'>’Λϐραάμ</span> 
     </span>
    </p>
   </div>
   <div class='ocr_carea' id='block_1_78' title="bbox 462 4571 2053 4653">
    <p class='ocr_par' dir='ltr' id='par_1_78' title="bbox 462 4571 2053 4653">
     <span class='ocr_line' id='line_1_78' title="bbox 462 4571 2053 4653; baseline 0.013 -29"><span class='ocrx_word' id='word_1_623' title='bbox 462 4571 564 4624; x_wconf 83' lang='grc' dir='ltr'><strong>ἀπὸ</strong></span> <span class='ocrx_word' id='word_1_624' title='bbox 585 4574 854 4647; x_wconf 87' lang='grc' dir='ltr'>μακρόθεν,</span> <span class='ocrx_word' id='word_1_625' title='bbox 888 4580 973 4631; x_wconf 83' lang='grc' dir='ltr'><strong>καί</strong></span> <span class='ocrx_word' id='word_1_626' title='bbox 1010 4579 1246 4653; x_wconf 85' lang='grc' dir='ltr'>Λάζαρον</span> <span class='ocrx_word' id='word_1_627' title='bbox 1279 4583 1330 4635; x_wconf 76' lang='grc' dir='ltr'>ἐν</span> <span class='ocrx_word' id='word_1_628' title='bbox 1368 4591 1477 4643; x_wconf 85' lang='grc' dir='ltr'>τοῖς</span> <span class='ocrx_word' id='word_1_629' title='bbox 1504 4585 1709 4645; x_wconf 82' lang='grc' dir='ltr'>κόλποις</span> <span class='ocrx_word' id='word_1_630' title='bbox 1747 4590 1936 4643; x_wconf 80' lang='grc' dir='ltr'>αὐτοῦ’</span> <span class='ocrx_word' id='word_1_631' title='bbox 1967 4595 2053 4644; x_wconf 81' lang='grc' dir='ltr'>καὶ</span> 
     </span>
    </p>
   </div>
   <div class='ocr_carea' id='block_1_79' title="bbox 462 4662 2129 4749">
    <p class='ocr_par' dir='ltr' id='par_1_79' title="bbox 462 4662 2129 4749">
     <span class='ocr_line' id='line_1_79' title="bbox 462 4662 2129 4749; baseline 0.012 -33"><span class='ocrx_word' id='word_1_632' title='bbox 462 4662 614 4723; x_wconf 78' lang='grc' dir='ltr'>αὐτὸς</span> <span class='ocrx_word' id='word_1_633' title='bbox 641 4669 875 4736; x_wconf 76' lang='grc' dir='ltr'>φωνήσας</span> <span class='ocrx_word' id='word_1_634' title='bbox 903 4663 1043 4723; x_wconf 79' lang='grc' dir='ltr'>εἷπε⁸</span> <span class='ocrx_word' id='word_1_635' title='bbox 1066 4674 1307 4749; x_wconf 84' lang='grc' dir='ltr'>-Πάτερ</span> <span class='ocrx_word' id='word_1_636' title='bbox 1335 4673 1586 4747; x_wconf 75' lang='grc' dir='ltr'>Ἁϐραάμ,</span> <span class='ocrx_word' id='word_1_637' title='bbox 1621 4677 1820 4735; x_wconf 79' lang='grc' dir='ltr'>ἐλέησόν</span> <span class='ocrx_word' id='word_1_638' title='bbox 1849 4700 1930 4747; x_wconf 84' lang='grc' dir='ltr'><strong>με,</strong></span> <span class='ocrx_word' id='word_1_639' title='bbox 1967 4686 2051 4738; x_wconf 78' lang='grc' dir='ltr'><strong>καί</strong></span> <span class='ocrx_word' id='word_1_640' title='bbox 2084 4676 2129 4736; x_wconf 87' lang='lat' dir='ltr'><strong>D</strong></span> 
     </span>
    </p>
   </div>
   <div class='ocr_carea' id='block_1_80' title="bbox 462 4756 2048 4842">
    <p class='ocr_par' dir='ltr' id='par_1_80' title="bbox 462 4756 2048 4842">
     <span class='ocr_line' id='line_1_80' title="bbox 462 4756 2048 4842; baseline 0.015 -34"><span class='ocrx_word' id='word_1_641' title='bbox 462 4756 659 4825; x_wconf 60' lang='lat' dir='ltr'><strong>nimbos</strong></span> <span class='ocrx_word' id='word_1_642' title='bbox 684 4759 933 4836; x_wconf 82' lang='grc' dir='ltr'>Λάζαρον,</span> <span class='ocrx_word' id='word_1_643' title='bbox 963 4762 1044 4817; x_wconf 82' lang='grc' dir='ltr'>ἶνα</span> <span class='ocrx_word' id='word_1_644' title='bbox 1065 4764 1213 4839; x_wconf 72' lang='grc' dir='ltr'><strong>βάψῃ</strong></span> <span class='ocrx_word' id='word_1_645' title='bbox 1240 4767 1300 4822; x_wconf 88' lang='lat'><strong>1&#39;6</strong></span> <span class='ocrx_word' id='word_1_646' title='bbox 1325 4763 1475 4842; x_wconf 80' lang='grc' dir='ltr'>ἄκρον</span> <span class='ocrx_word' id='word_1_647' title='bbox 1500 4775 1591 4823; x_wconf 84' lang='grc' dir='ltr'><strong>τοῦ</strong></span> <span class='ocrx_word' id='word_1_648' title='bbox 1620 4768 1864 4826; x_wconf 84' lang='grc' dir='ltr'>δακτύλου</span> <span class='ocrx_word' id='word_1_649' title='bbox 1894 4775 2048 4831; x_wconf 78' lang='grc' dir='ltr'>αὐτοῦ</span> 
     </span>
    </p>
   </div>
   <div class='ocr_carea' id='block_1_81' title="bbox 460 4846 2051 4939">
    <p class='ocr_par' dir='ltr' id='par_1_81' title="bbox 460 4846 2051 4939">
     <span class='ocr_line' id='line_1_81' title="bbox 460 4846 2051 4939; baseline 0.014 -37"><span class='ocrx_word' id='word_1_650' title='bbox 460 4846 667 4915; x_wconf 73' lang='grc' dir='ltr'>ὕδατος,</span> <span class='ocrx_word' id='word_1_651' title='bbox 692 4855 779 4906; x_wconf 77' lang='grc' dir='ltr'><strong>καί</strong></span> <span class='ocrx_word' id='word_1_652' title='bbox 805 4855 1072 4930; x_wconf 65' lang='grc' dir='ltr'>καταψύξῃ</span> <span class='ocrx_word' id='word_1_653' title='bbox 1093 4862 1183 4916; x_wconf 74' lang='grc' dir='ltr'>τὴν</span> <span class='ocrx_word' id='word_1_654' title='bbox 1212 4858 1449 4931; x_wconf 77' lang='grc' dir='ltr'>γλῶσσάν</span> <span class='ocrx_word' id='word_1_655' title='bbox 1472 4882 1571 4930; x_wconf 88' lang='grc' dir='ltr'><strong>μου</strong></span> <span class='ocrx_word' id='word_1_656' title='bbox 1581 4901 1594 4926; x_wconf 85' lang='grc'><strong>,</strong></span> <span class='ocrx_word' id='word_1_657' title='bbox 1614 4860 1693 4918; x_wconf 83' lang='grc' dir='ltr'>ὅτι</span> <span class='ocrx_word' id='word_1_658' title='bbox 1724 4861 1975 4939; x_wconf 80' lang='grc' dir='ltr'>ὀδυνῶμαι</span> <span class='ocrx_word' id='word_1_659' title='bbox 2000 4871 2051 4925; x_wconf 86' lang='grc' dir='ltr'>ἐν</span> 
     </span>
    </p>
   </div>
   <div class='ocr_carea' id='block_1_82' title="bbox 459 4941 2040 5032">
    <p class='ocr_par' dir='ltr' id='par_1_82' title="bbox 459 4941 2040 5032">
     <span class='ocr_line' id='line_1_82' title="bbox 459 4941 2040 5032; baseline 0.015 -38"><span class='ocrx_word' id='word_1_660' title='bbox 459 4948 519 5016; x_wconf 73' lang='grc' dir='ltr'>τῇ</span> <span class='ocrx_word' id='word_1_661' title='bbox 545 4941 687 5015; x_wconf 81' lang='grc' dir='ltr'>φλογί</span> <span class='ocrx_word' id='word_1_662' title='bbox 713 4944 1093 5021; x_wconf 78' lang='grc' dir='ltr'>ταύτῃ.-Εἷπε</span> <span class='ocrx_word' id='word_1_663' title='bbox 1125 4948 1179 5003; x_wconf 78' lang='grc' dir='ltr'>δὲ</span> <span class='ocrx_word' id='word_1_664' title='bbox 1210 4948 1535 5025; x_wconf 56' lang='grc' dir='ltr'>’Λϐραάιί-</span> <span class='ocrx_word' id='word_1_665' title='bbox 1550 4956 1825 5024; x_wconf 80' lang='grc' dir='ltr'>Μνήσθητι,</span> <span class='ocrx_word' id='word_1_666' title='bbox 1854 4962 2040 5032; x_wconf 87' lang='grc' dir='ltr'>τέκτον,</span> 
     </span>
    </p>
   </div>
   <div class='ocr_carea' id='block_1_83' title="bbox 456 5032 2036 5124">
    <p class='ocr_par' dir='ltr' id='par_1_83' title="bbox 456 5032 2036 5124">
     <span class='ocr_line' id='line_1_83' title="bbox 456 5032 2036 5124; baseline 0.015 -36"><span class='ocrx_word' id='word_1_667' title='bbox 456 5032 536 5092; x_wconf 82' lang='grc' dir='ltr'>ὅτι</span> <span class='ocrx_word' id='word_1_668' title='bbox 556 5038 807 5098; x_wconf 77' lang='grc' dir='ltr'>ἀπέλαϐες</span> <span class='ocrx_word' id='word_1_669' title='bbox 837 5042 903 5094; x_wconf 80' lang='grc' dir='ltr'>σὺ</span> <span class='ocrx_word' id='word_1_670' title='bbox 934 5042 998 5095; x_wconf 84' lang='grc' dir='ltr'><strong>τά</strong></span> <span class='ocrx_word' id='word_1_671' title='bbox 1040 5045 1205 5115; x_wconf 80' lang='grc' dir='ltr'>ἀγαθά</span> <span class='ocrx_word' id='word_1_672' title='bbox 1235 5059 1329 5098; x_wconf 86' lang='grc' dir='ltr'><strong>σου</strong></span> <span class='ocrx_word' id='word_1_673' title='bbox 1354 5046 1402 5098; x_wconf 87' lang='grc' dir='ltr'>ἐν</span> <span class='ocrx_word' id='word_1_674' title='bbox 1441 5055 1502 5119; x_wconf 75' lang='grc' dir='ltr'><strong>τῇ</strong></span> <span class='ocrx_word' id='word_1_675' title='bbox 1549 5052 1651 5124; x_wconf 82' lang='grc' dir='ltr'><strong>ζωῇ</strong></span> <span class='ocrx_word' id='word_1_676' title='bbox 1683 5072 1799 5116; x_wconf 89' lang='grc' dir='ltr'>σου,</span> <span class='ocrx_word' id='word_1_677' title='bbox 1828 5056 1911 5108; x_wconf 83' lang='grc' dir='ltr'><strong>καί</strong></span> <span class='ocrx_word' id='word_1_678' title='bbox 1940 5057 2036 5111; x_wconf 72' lang='grc' dir='ltr'><strong>Λάο</strong></span> 
     </span>
    </p>
   </div>
   <div class='ocr_carea' id='block_1_84' title="bbox 458 5128 2042 5216">
    <p class='ocr_par' dir='ltr' id='par_1_84' title="bbox 458 5128 2042 5216">
     <span class='ocr_line' id='line_1_84' title="bbox 458 5128 2042 5216; baseline 0.016 -38"><span class='ocrx_word' id='word_1_679' title='bbox 458 5131 606 5203; x_wconf 74' lang='grc' dir='ltr'>ζαρος</span> <span class='ocrx_word' id='word_1_680' title='bbox 627 5128 813 5202; x_wconf 83' lang='grc' dir='ltr'>ὁμοίως</span> <span class='ocrx_word' id='word_1_681' title='bbox 841 5134 908 5188; x_wconf 82' lang='grc' dir='ltr'>τὰ</span> <span class='ocrx_word' id='word_1_682' title='bbox 933 5136 1084 5189; x_wconf 83' lang='grc' dir='ltr'>κακά·</span> <span class='ocrx_word' id='word_1_683' title='bbox 1106 5142 1194 5190; x_wconf 83' lang='grc' dir='ltr'><strong>νῦν</strong></span> <span class='ocrx_word' id='word_1_684' title='bbox 1221 5134 1275 5191; x_wconf 81' lang='grc' dir='ltr'>δὲ</span> <span class='ocrx_word' id='word_1_685' title='bbox 1302 5139 1454 5199; x_wconf 78' lang='grc' dir='ltr'>αὐτὸς</span> <span class='ocrx_word' id='word_1_686' title='bbox 1474 5144 1871 5216; x_wconf 79' lang='grc' dir='ltr'>παρακαλεῖται,</span> <span class='ocrx_word' id='word_1_687' title='bbox 1899 5151 1962 5201; x_wconf 84' lang='grc' dir='ltr'><strong>σύ</strong></span> <span class='ocrx_word' id='word_1_688' title='bbox 1988 5148 2042 5203; x_wconf 82' lang='grc' dir='ltr'>δὲ</span> 
     </span>
    </p>
   </div>
   <div class='ocr_carea' id='block_1_85' title="bbox 456 5219 2039 5315">
    <p class='ocr_par' dir='ltr' id='par_1_85' title="bbox 456 5219 2039 5315">
     <span class='ocr_line' id='line_1_85' title="bbox 456 5219 2039 5315; baseline 0.014 -41"><span class='ocrx_word' id='word_1_689' title='bbox 456 5219 723 5280; x_wconf 78' lang='grc' dir='ltr'>ὀδυνᾶσαι.</span> <span class='ocrx_word' id='word_1_690' title='bbox 741 5228 840 5280; x_wconf 79' lang='grc' dir='ltr'><strong>Καὶ</strong></span> <span class='ocrx_word' id='word_1_691' title='bbox 858 5228 941 5281; x_wconf 86' lang='grc' dir='ltr'><strong>ἐπὶ</strong></span> <span class='ocrx_word' id='word_1_692' title='bbox 961 5234 1093 5284; x_wconf 79' lang='grc' dir='ltr'>πᾶσι</span> <span class='ocrx_word' id='word_1_693' title='bbox 1123 5231 1325 5292; x_wconf 82' lang='grc' dir='ltr'>τούτοις</span> <span class='ocrx_word' id='word_1_694' title='bbox 1356 5235 1546 5305; x_wconf 76' lang='grc' dir='ltr'>μεταξύ</span> <span class='ocrx_word' id='word_1_695' title='bbox 1566 5238 1704 5306; x_wconf 72' lang='grc' dir='ltr'>ἡμῶν</span> <span class='ocrx_word' id='word_1_696' title='bbox 1719 5260 1771 5295; x_wconf 85' lang='grc' dir='ltr'><strong>τε</strong></span> <span class='ocrx_word' id='word_1_697' title='bbox 1793 5244 1876 5296; x_wconf 88' lang='grc' dir='ltr'><strong>καί</strong></span> <span class='ocrx_word' id='word_1_698' title='bbox 1899 5242 1927 5295; x_wconf 90' lang='grc' dir='ltr'><strong>ύ</strong></span> <span class='ocrx_word' id='word_1_699' title='bbox 1934 5250 2039 5315; x_wconf 80' lang='grc' dir='ltr'>μῶν</span> 
     </span>
    </p>
   </div>
   <div class='ocr_carea' id='block_1_86' title="bbox 452 5314 2043 5399">
    <p class='ocr_par' dir='ltr' id='par_1_86' title="bbox 452 5314 2043 5399">
     <span class='ocr_line' id='line_1_86' title="bbox 452 5314 2043 5399; baseline 0.014 -32"><span class='ocrx_word' id='word_1_700' title='bbox 452 5314 585 5385; x_wconf 78' lang='grc' dir='ltr'>μέγα</span> <span class='ocrx_word' id='word_1_701' title='bbox 609 5318 804 5390; x_wconf 84' lang='grc' dir='ltr'>χάσμα</span> <span class='ocrx_word' id='word_1_702' title='bbox 825 5319 1296 5399; x_wconf 76' lang='grc' dir='ltr'>έστήρικται,ὅπως</span> <span class='ocrx_word' id='word_1_703' title='bbox 1317 5327 1364 5381; x_wconf 83' lang='lat' dir='ltr'><strong>oi</strong></span> <span class='ocrx_word' id='word_1_704' title='bbox 1380 5328 1601 5391; x_wconf 81' lang='grc' dir='ltr'>θέλοντες</span> <span class='ocrx_word' id='word_1_705' title='bbox 1625 5330 1857 5394; x_wconf 80' lang='grc' dir='ltr'>διαϐῆναι</span> <span class='ocrx_word' id='word_1_706' title='bbox 1878 5337 2043 5390; x_wconf 75' lang='grc' dir='ltr'>ἐντεῦ-</span> 
     </span>
    </p>
   </div>
   <div class='ocr_carea' id='block_1_87' title="bbox 451 5407 2040 5503">
    <p class='ocr_par' dir='ltr' id='par_1_87' title="bbox 451 5407 2040 5503">
     <span class='ocr_line' id='line_1_87' title="bbox 451 5407 2040 5503; baseline 0.016 -44"><span class='ocrx_word' id='word_1_707' title='bbox 451 5407 531 5461; x_wconf 86' lang='grc' dir='ltr'><strong>θεν</strong></span> <span class='ocrx_word' id='word_1_708' title='bbox 559 5412 690 5486; x_wconf 78' lang='grc' dir='ltr'>πρὸς</span> <span class='ocrx_word' id='word_1_709' title='bbox 717 5414 876 5487; x_wconf 82' lang='grc' dir='ltr'>ύμᾶς,</span> <span class='ocrx_word' id='word_1_710' title='bbox 909 5422 979 5490; x_wconf 76' lang='grc' dir='ltr'>μή</span> <span class='ocrx_word' id='word_1_711' title='bbox 1012 5415 1282 5488; x_wconf 85' lang='grc' dir='ltr'>δύνωνται,</span> <span class='ocrx_word' id='word_1_712' title='bbox 1311 5419 1437 5491; x_wconf 84' lang='grc' dir='ltr'>μηδέ</span> <span class='ocrx_word' id='word_1_713' title='bbox 1459 5424 1505 5477; x_wconf 81' lang='lat' dir='ltr'><strong>oi</strong></span> <span class='ocrx_word' id='word_1_714' title='bbox 1545 5426 1729 5481; x_wconf 77' lang='grc' dir='ltr'>ἐκεῖθεν</span> <span class='ocrx_word' id='word_1_715' title='bbox 1756 5428 1881 5503; x_wconf 85' lang='grc' dir='ltr'>πρὸς</span> <span class='ocrx_word' id='word_1_716' title='bbox 1904 5431 2040 5499; x_wconf 79' lang='grc' dir='ltr'>ἡμᾶς</span> 
     </span>
    </p>
   </div>
   <div class='ocr_carea' id='block_1_88' title="bbox 450 5500 2038 5598">
    <p class='ocr_par' dir='ltr' id='par_1_88' title="bbox 450 5500 2038 5598">
     <span class='ocr_line' id='line_1_88' title="bbox 450 5500 2038 5598; baseline 0.014 -41"><span class='ocrx_word' id='word_1_717' title='bbox 450 5500 978 5580; x_wconf 80' lang='grc' dir='ltr'>διαπερῶσιν.-Εἶπε</span> <span class='ocrx_word' id='word_1_718' title='bbox 1008 5512 1329 5592; x_wconf 74' lang='grc' dir='ltr'>δέ’-ἐρωτῶ</span> <span class='ocrx_word' id='word_1_719' title='bbox 1354 5513 1440 5573; x_wconf 73' lang='grc' dir='ltr'>οὖν</span> <span class='ocrx_word' id='word_1_720' title='bbox 1466 5541 1546 5587; x_wconf 86' lang='grc' dir='ltr'><strong>σε,</strong></span> <span class='ocrx_word' id='word_1_721' title='bbox 1578 5524 1762 5598; x_wconf 87' lang='grc' dir='ltr'>πάτερ,</span> <span class='ocrx_word' id='word_1_722' title='bbox 1790 5526 1874 5578; x_wconf 78' lang='grc' dir='ltr'>ἵνα</span> <span class='ocrx_word' id='word_1_723' title='bbox 1906 5526 2038 5596; x_wconf 86' lang='grc' dir='ltr'>πέμ·</span> 
     </span>
    </p>
   </div>
   <div class='ocr_carea' id='block_1_89' title="bbox 449 5592 2038 5690">
    <p class='ocr_par' dir='ltr' id='par_1_89' title="bbox 449 5592 2038 5690">
     <span class='ocr_line' id='line_1_89' title="bbox 449 5592 2038 5690; baseline 0.011 -37"><span class='ocrx_word' id='word_1_724' title='bbox 449 5592 551 5667; x_wconf 57' lang='grc' dir='ltr'><strong>φῇς</strong></span> <span class='ocrx_word' id='word_1_725' title='bbox 576 5597 726 5653; x_wconf 75' lang='grc' dir='ltr'>αὐτὸν</span> <span class='ocrx_word' id='word_1_726' title='bbox 752 5601 823 5661; x_wconf 86' lang='grc' dir='ltr'><strong>είς</strong></span> <span class='ocrx_word' id='word_1_727' title='bbox 849 5601 932 5655; x_wconf 84' lang='grc' dir='ltr'>τὸν</span> <span class='ocrx_word' id='word_1_728' title='bbox 955 5598 1079 5657; x_wconf 80' lang='grc' dir='ltr'>οἶκον</span> <span class='ocrx_word' id='word_1_729' title='bbox 1109 5614 1200 5661; x_wconf 87' lang='grc' dir='ltr'><strong>τοῦ</strong></span> <span class='ocrx_word' id='word_1_730' title='bbox 1225 5610 1421 5685; x_wconf 81' lang='grc' dir='ltr'>πατρὸς</span> <span class='ocrx_word' id='word_1_731' title='bbox 1443 5634 1542 5680; x_wconf 73' lang='grc' dir='ltr'><strong>μου</strong></span> <span class='ocrx_word' id='word_1_732' title='bbox 1569 5654 1584 5679; x_wconf 87' lang='grc'><strong>,</strong></span> <span class='ocrx_word' id='word_1_733' title='bbox 1618 5612 1729 5682; x_wconf 74' lang='grc' dir='ltr'>ἔχω</span> <span class='ocrx_word' id='word_1_734' title='bbox 1749 5617 1849 5690; x_wconf 85' lang='grc' dir='ltr'><strong>γάρ</strong></span> <span class='ocrx_word' id='word_1_735' title='bbox 1889 5617 2038 5671; x_wconf 86' lang='grc' dir='ltr'>πέντε</span> 
     </span>
    </p>
   </div>
   <div class='ocr_carea' id='block_1_90' title="bbox 449 5687 2037 5776">
    <p class='ocr_par' dir='ltr' id='par_1_90' title="bbox 449 5687 2037 5776">
     <span class='ocr_line' id='line_1_90' title="bbox 449 5687 2037 5776; baseline 0.005 -26"><span class='ocrx_word' id='word_1_736' title='bbox 449 5687 713 5759; x_wconf 64' lang='grc' dir='ltr'>ἀδελφοὺς,</span> <span class='ocrx_word' id='word_1_737' title='bbox 745 5690 886 5754; x_wconf 77' lang='grc' dir='ltr'>ὅπως</span> <span class='ocrx_word' id='word_1_738' title='bbox 915 5693 1323 5776; x_wconf 79' lang='grc' dir='ltr'>διαμαρτύρηται</span> <span class='ocrx_word' id='word_1_739' title='bbox 1355 5704 1546 5770; x_wconf 80' lang='grc' dir='ltr'>αὐτοῖς,</span> <span class='ocrx_word' id='word_1_740' title='bbox 1572 5704 1652 5757; x_wconf 85' lang='grc' dir='ltr'>ἵνα</span> <span class='ocrx_word' id='word_1_741' title='bbox 1678 5709 1749 5774; x_wconf 81' lang='grc' dir='ltr'><em>μή</em></span> <span class='ocrx_word' id='word_1_742' title='bbox 1778 5708 1864 5758; x_wconf 84' lang='grc' dir='ltr'>καὶ</span> <span class='ocrx_word' id='word_1_743' title='bbox 1890 5708 2037 5759; x_wconf 77' lang='grc' dir='ltr'>αὐτοὶ</span> 
     </span>
    </p>
   </div>
   <div class='ocr_carea' id='block_1_91' title="bbox 449 5782 2037 5865">
    <p class='ocr_par' dir='ltr' id='par_1_91' title="bbox 449 5782 2037 5865">
     <span class='ocr_line' id='line_1_91' title="bbox 449 5782 2037 5865; baseline 0.008 -30"><span class='ocrx_word' id='word_1_744' title='bbox 449 5782 731 5839; x_wconf 78' lang='grc' dir='ltr'>εἰσέλθωσιν</span> <span class='ocrx_word' id='word_1_745' title='bbox 751 5788 820 5848; x_wconf 75' lang='grc' dir='ltr'>εἷς</span> <span class='ocrx_word' id='word_1_746' title='bbox 843 5789 926 5843; x_wconf 73' lang='grc' dir='ltr'><strong>τόν</strong></span> <span class='ocrx_word' id='word_1_747' title='bbox 948 5788 1100 5846; x_wconf 84' lang='grc' dir='ltr'>τόπον</span> <span class='ocrx_word' id='word_1_748' title='bbox 1117 5798 1295 5849; x_wconf 87' lang='grc' dir='ltr'>τοῦτον</span> <span class='ocrx_word' id='word_1_749' title='bbox 1326 5803 1417 5853; x_wconf 81' lang='grc' dir='ltr'>τῆς</span> <span class='ocrx_word' id='word_1_750' title='bbox 1446 5795 1703 5865; x_wconf 82' lang='grc' dir='ltr'>βασάνου.</span> <span class='ocrx_word' id='word_1_751' title='bbox 1720 5798 2037 5865; x_wconf 76' lang='grc' dir='ltr'>»Αἰσχυνθή-</span> 
     </span>
    </p>
   </div>
   <div class='ocr_carea' id='block_1_92' title="bbox 446 5874 2035 5966">
    <p class='ocr_par' dir='ltr' id='par_1_92' title="bbox 446 5874 2035 5966">
     <span class='ocr_line' id='line_1_92' title="bbox 446 5874 2035 5966; baseline 0.009 -31"><span class='ocrx_word' id='word_1_752' title='bbox 446 5895 618 5936; x_wconf 83' lang='grc' dir='ltr'>τωσαν</span> <span class='ocrx_word' id='word_1_753' title='bbox 661 5874 747 5938; x_wconf 72' lang='grc' dir='ltr'>οὖν</span> <span class='ocrx_word' id='word_1_754' title='bbox 784 5883 831 5940; x_wconf 80' lang='grc' dir='ltr'><strong>οἱ</strong></span> <span class='ocrx_word' id='word_1_755' title='bbox 856 5886 1138 5966; x_wconf 77' lang='grc' dir='ltr'>Ὠριγένους</span> <span class='ocrx_word' id='word_1_756' title='bbox 1164 5889 1566 5962; x_wconf 82' lang='grc' dir='ltr'>ἀντιποιούμενοι</span> <span class='ocrx_word' id='word_1_757' title='bbox 1603 5890 1687 5946; x_wconf 85' lang='grc' dir='ltr'><strong>καί</strong></span> <span class='ocrx_word' id='word_1_758' title='bbox 1722 5889 1777 5947; x_wconf 74' lang='grc' dir='ltr'>ἐκ</span> <span class='ocrx_word' id='word_1_759' title='bbox 1818 5896 1917 5948; x_wconf 80' lang='grc' dir='ltr'>τῶν</span> <span class='ocrx_word' id='word_1_760' title='bbox 1948 5896 2035 5948; x_wconf 82' lang='grc' dir='ltr'><strong>τοῦ</strong></span> 
     </span>
    </p>
   </div>
   <div class='ocr_carea' id='block_1_93' title="bbox 2164 3401 3765 3472">
    <p class='ocr_par' dir='ltr' id='par_1_93' title="bbox 2164 3401 3765 3472">
     <span class='ocr_line' id='line_1_93' title="bbox 2164 3401 3765 3472; baseline -0.001 -15"><span class='ocrx_word' id='word_1_761' title='bbox 2164 3403 2342 3459; x_wconf 87' lang='lat' dir='ltr'><strong>minus</strong></span> <span class='ocrx_word' id='word_1_762' title='bbox 2366 3410 2551 3459; x_wconf 89' lang='lat' dir='ltr'><strong>noster</strong></span> <span class='ocrx_word' id='word_1_763' title='bbox 2570 3411 2624 3459; x_wconf 89' lang='lat' dir='ltr'><strong>et</strong></span> <span class='ocrx_word' id='word_1_764' title='bbox 2643 3402 2893 3459; x_wconf 89' lang='lat' dir='ltr'><strong>Salvator</strong></span> <span class='ocrx_word' id='word_1_765' title='bbox 2912 3403 3155 3459; x_wconf 80' lang='lat' dir='ltr'><strong>Christus</strong></span> <span class='ocrx_word' id='word_1_766' title='bbox 3178 3402 3231 3457; x_wconf 87' lang='lat' dir='ltr'><strong>in</strong></span> <span class='ocrx_word' id='word_1_767' title='bbox 3253 3401 3548 3472; x_wconf 85' lang='lat' dir='ltr'><strong>Evangelia</strong></span> <span class='ocrx_word' id='word_1_768' title='bbox 3571 3417 3765 3458; x_wconf 85' lang='lat' dir='ltr'><strong>secun-</strong></span> 
     </span>
    </p>
   </div>
   <div class='ocr_carea' id='block_1_94' title="bbox 2163 3492 3764 3566">
    <p class='ocr_par' dir='ltr' id='par_1_94' title="bbox 2163 3492 3764 3566">
     <span class='ocr_line' id='line_1_94' title="bbox 2163 3492 3764 3566; baseline -0.001 -17"><span class='ocrx_word' id='word_1_769' title='bbox 2163 3494 2293 3549; x_wconf 87' lang='lat' dir='ltr'><strong>dum</strong></span> <span class='ocrx_word' id='word_1_770' title='bbox 2322 3495 2521 3550; x_wconf 87' lang='lat' dir='ltr'><strong>Lucam</strong></span> <span class='ocrx_word' id='word_1_771' title='bbox 2552 3495 2605 3550; x_wconf 92' lang='lat' dir='ltr'><strong>in</strong></span> <span class='ocrx_word' id='word_1_772' title='bbox 2634 3494 2887 3566; x_wconf 88' lang='lat' dir='ltr'><strong>periocha</strong></span> <span class='ocrx_word' id='word_1_773' title='bbox 2919 3493 3104 3549; x_wconf 86' lang='lat' dir='ltr'><strong>Lazari</strong></span> <span class='ocrx_word' id='word_1_774' title='bbox 3134 3502 3189 3548; x_wconf 90' lang='lat' dir='ltr'><strong>et</strong></span> <span class='ocrx_word' id='word_1_775' title='bbox 3208 3493 3387 3549; x_wconf 85' lang='lat' dir='ltr'><strong>divitis</strong></span> <span class='ocrx_word' id='word_1_776' title='bbox 3419 3492 3570 3565; x_wconf 87' lang='lat' dir='ltr'><strong>(Luc.</strong></span> <span class='ocrx_word' id='word_1_777' title='bbox 3603 3494 3723 3565; x_wconf 70' lang='lat' dir='ltr'><strong>nx)</strong></span> <span class='ocrx_word' id='word_1_778' title='bbox 3748 3510 3764 3547; x_wconf 90' lang='lat'><strong>:</strong></span> 
     </span>
    </p>
   </div>
   <div class='ocr_carea' id='block_1_95' title="bbox 2163 3584 3765 3659">
    <p class='ocr_par' dir='ltr' id='par_1_95' title="bbox 2163 3584 3765 3659">
     <span class='ocr_line' id='line_1_95' title="bbox 2163 3584 3765 3659; baseline -0.001 -19"><span class='ocrx_word' id='word_1_779' title='bbox 2163 3584 2336 3642; x_wconf 83' lang='lat' dir='ltr'><strong>Homo</strong></span> <span class='ocrx_word' id='word_1_780' title='bbox 2381 3586 2590 3659; x_wconf 86' lang='lat' dir='ltr'><strong>quidam</strong></span> <span class='ocrx_word' id='word_1_781' title='bbox 2636 3596 2749 3641; x_wconf 86' lang='lat' dir='ltr'><strong>erat</strong></span> <span class='ocrx_word' id='word_1_782' title='bbox 2795 3587 2933 3641; x_wconf 80' lang='lat' dir='ltr'><strong>dives</strong></span> <span class='ocrx_word' id='word_1_783' title='bbox 2958 3626 2975 3653; x_wconf 95' lang='lat'><strong>,</strong></span> <span class='ocrx_word' id='word_1_784' title='bbox 3007 3596 3057 3641; x_wconf 90' lang='lat' dir='ltr'><strong>et</strong></span> <span class='ocrx_word' id='word_1_785' title='bbox 3085 3586 3394 3641; x_wconf 77' lang='lat' dir='ltr'><strong>induebatur</strong></span> <span class='ocrx_word' id='word_1_786' title='bbox 3438 3602 3678 3657; x_wconf 76' lang='lat' dir='ltr'><strong>purpura</strong></span> <span class='ocrx_word' id='word_1_787' title='bbox 3717 3593 3765 3640; x_wconf 87' lang='lat' dir='ltr'><strong>et</strong></span> 
     </span>
    </p>
   </div>
   <div class='ocr_carea' id='block_1_96' title="bbox 2164 3675 3765 3751">
    <p class='ocr_par' dir='ltr' id='par_1_96' title="bbox 2164 3675 3765 3751">
     <span class='ocr_line' id='line_1_96' title="bbox 2164 3675 3765 3751; baseline 0.001 -21"><span class='ocrx_word' id='word_1_788' title='bbox 2164 3677 2342 3750; x_wconf 64' lang='lat' dir='ltr'><strong>bysso,</strong></span> <span class='ocrx_word' id='word_1_789' title='bbox 2375 3688 2425 3732; x_wconf 83' lang='lat' dir='ltr'><strong>et</strong></span> <span class='ocrx_word' id='word_1_790' title='bbox 2449 3678 2754 3749; x_wconf 74' lang='lat' dir='ltr'><strong>epulabatur</strong></span> <span class='ocrx_word' id='word_1_791' title='bbox 2789 3679 3017 3751; x_wconf 79' lang='lat' dir='ltr'><strong>quotidie</strong></span> <span class='ocrx_word' id='word_1_792' title='bbox 3062 3677 3354 3750; x_wconf 81' lang='lat' dir='ltr'><strong>splendide.</strong></span> <span class='ocrx_word' id='word_1_793' title='bbox 3404 3675 3475 3731; x_wconf 86' lang='lat' dir='ltr'><strong>Et</strong></span> <span class='ocrx_word' id='word_1_794' title='bbox 3504 3687 3622 3732; x_wconf 84' lang='lat' dir='ltr'><strong>erat</strong></span> <span class='ocrx_word' id='word_1_795' title='bbox 3648 3679 3765 3751; x_wconf 72' lang='lat' dir='ltr'><strong>qui-</strong></span> 
     </span>
    </p>
   </div>
   <div class='ocr_carea' id='block_1_97' title="bbox 2162 3767 3764 3841">
    <p class='ocr_par' dir='ltr' id='par_1_97' title="bbox 2162 3767 3764 3841">
     <span class='ocr_line' id='line_1_97' title="bbox 2162 3767 3764 3841; baseline -0.001 -17"><span class='ocrx_word' id='word_1_796' title='bbox 2162 3770 2283 3824; x_wconf 74' lang='lat' dir='ltr'><strong>dam</strong></span> <span class='ocrx_word' id='word_1_797' title='bbox 2315 3770 2577 3824; x_wconf 87' lang='lat' dir='ltr'><strong>mendicus</strong></span> <span class='ocrx_word' id='word_1_798' title='bbox 2606 3772 2813 3825; x_wconf 82' lang='lat' dir='ltr'><strong>nomine</strong></span> <span class='ocrx_word' id='word_1_799' title='bbox 2834 3769 3090 3838; x_wconf 79' lang='lat' dir='ltr'><strong>Lazarus,</strong></span> <span class='ocrx_word' id='word_1_800' title='bbox 3113 3771 3198 3841; x_wconf 77' lang='lat' dir='ltr'><strong>qui</strong></span> <span class='ocrx_word' id='word_1_801' title='bbox 3220 3767 3431 3839; x_wconf 86' lang='lat' dir='ltr'><strong>jacebat</strong></span> <span class='ocrx_word' id='word_1_802' title='bbox 3454 3767 3527 3821; x_wconf 84' lang='lat' dir='ltr'><strong>ad</strong></span> <span class='ocrx_word' id='word_1_803' title='bbox 3539 3768 3764 3839; x_wconf 79' lang='lat' dir='ltr'><strong>januam</strong></span> 
     </span>
    </p>
   </div>
   <div class='ocr_carea' id='block_1_98' title="bbox 2160 3862 3763 3936">
    <p class='ocr_par' dir='ltr' id='par_1_98' title="bbox 2160 3862 3763 3936">
     <span class='ocr_line' id='line_1_98' title="bbox 2160 3862 3763 3936; baseline 0.001 -19"><span class='ocrx_word' id='word_1_804' title='bbox 2160 3864 2275 3935; x_wconf 91' lang='lat' dir='ltr'><strong>ejus</strong></span> <span class='ocrx_word' id='word_1_805' title='bbox 2298 3903 2314 3930; x_wconf 98' lang='lat'><strong>,</strong></span> <span class='ocrx_word' id='word_1_806' title='bbox 2345 3863 2603 3917; x_wconf 83' lang='lat' dir='ltr'><strong>ulceribus</strong></span> <span class='ocrx_word' id='word_1_807' title='bbox 2631 3864 2812 3932; x_wconf 88' lang='lat' dir='ltr'><strong>plenus</strong></span> <span class='ocrx_word' id='word_1_808' title='bbox 2838 3905 2853 3933; x_wconf 93' lang='lat'><strong>,</strong></span> <span class='ocrx_word' id='word_1_809' title='bbox 2895 3864 3107 3934; x_wconf 81' lang='lat' dir='ltr'><strong>cupiens</strong></span> <span class='ocrx_word' id='word_1_810' title='bbox 3144 3863 3331 3917; x_wconf 84' lang='lat' dir='ltr'><strong>satiari</strong></span> <span class='ocrx_word' id='word_1_811' title='bbox 3377 3863 3442 3917; x_wconf 84' lang='lat' dir='ltr'><strong>de</strong></span> <span class='ocrx_word' id='word_1_812' title='bbox 3467 3862 3620 3917; x_wconf 88' lang='lat' dir='ltr'><strong>micis</strong></span> <span class='ocrx_word' id='word_1_813' title='bbox 3648 3878 3763 3936; x_wconf 71' lang='lat' dir='ltr'><strong>quia</strong></span> 
     </span>
    </p>
   </div>
   <div class='ocr_carea' id='block_1_99' title="bbox 2162 3955 3763 4023">
    <p class='ocr_par' dir='ltr' id='par_1_99' title="bbox 2162 3955 3763 4023">
     <span class='ocr_line' id='line_1_99' title="bbox 2162 3955 3763 4023; baseline 0.002 -14"><span class='ocrx_word' id='word_1_814' title='bbox 2162 3955 2415 4009; x_wconf 85' lang='lat' dir='ltr'><strong>cadebant</strong></span> <span class='ocrx_word' id='word_1_815' title='bbox 2444 3957 2508 4008; x_wconf 89' lang='lat' dir='ltr'><strong>de</strong></span> <span class='ocrx_word' id='word_1_816' title='bbox 2533 3971 2712 4011; x_wconf 87' lang='lat' dir='ltr'><strong>mensa</strong></span> <span class='ocrx_word' id='word_1_817' title='bbox 2742 3957 2914 4011; x_wconf 77' lang='lat' dir='ltr'><strong>divitis</strong></span> <span class='ocrx_word' id='word_1_818' title='bbox 2944 3972 2962 4009; x_wconf 90' lang='lat'><strong><em>:</em></strong></span> <span class='ocrx_word' id='word_1_819' title='bbox 2995 3956 3086 4010; x_wconf 87' lang='lat' dir='ltr'><strong>sed</strong></span> <span class='ocrx_word' id='word_1_820' title='bbox 3119 3964 3169 4010; x_wconf 87' lang='lat' dir='ltr'><strong>et</strong></span> <span class='ocrx_word' id='word_1_821' title='bbox 3206 3972 3361 4010; x_wconf 87' lang='lat' dir='ltr'><strong>canes</strong></span> <span class='ocrx_word' id='word_1_822' title='bbox 3388 3956 3685 4023; x_wconf 76' lang='lat' dir='ltr'><strong>veniebant,</strong></span> <span class='ocrx_word' id='word_1_823' title='bbox 3717 3968 3763 4013; x_wconf 83' lang='lat' dir='ltr'><strong>et</strong></span> 
     </span>
    </p>
   </div>
   <div class='ocr_carea' id='block_1_100' title="bbox 2162 4046 3761 4121">
    <p class='ocr_par' dir='ltr' id='par_1_100' title="bbox 2162 4046 3761 4121">
     <span class='ocr_line' id='line_1_100' title="bbox 2162 4046 3761 4121; baseline -0.001 -18"><span class='ocrx_word' id='word_1_824' title='bbox 2162 4047 2423 4121; x_wconf 83' lang='lat' dir='ltr'><strong>lingebant</strong></span> <span class='ocrx_word' id='word_1_825' title='bbox 2450 4049 2627 4103; x_wconf 85' lang='lat' dir='ltr'><strong>ulcera</strong></span> <span class='ocrx_word' id='word_1_826' title='bbox 2656 4048 2788 4119; x_wconf 85' lang='lat' dir='ltr'><strong>ejus.</strong></span> <span class='ocrx_word' id='word_1_827' title='bbox 2836 4046 3060 4101; x_wconf 87' lang='lat' dir='ltr'><strong>Factum</strong></span> <span class='ocrx_word' id='word_1_828' title='bbox 3089 4055 3165 4101; x_wconf 86' lang='lat' dir='ltr'><strong>est</strong></span> <span class='ocrx_word' id='word_1_829' title='bbox 3195 4057 3367 4102; x_wconf 85' lang='lat' dir='ltr'><strong>autem</strong></span> <span class='ocrx_word' id='word_1_830' title='bbox 3391 4057 3448 4101; x_wconf 89' lang='lat' dir='ltr'><strong>ut</strong></span> <span class='ocrx_word' id='word_1_831' title='bbox 3473 4057 3761 4103; x_wconf 81' lang='lat' dir='ltr'><strong>moreretur</strong></span> 
     </span>
    </p>
   </div>
   <div class='ocr_carea' id='block_1_101' title="bbox 2159 4136 3761 4209">
    <p class='ocr_par' dir='ltr' id='par_1_101' title="bbox 2159 4136 3761 4209">
     <span class='ocr_line' id='line_1_101' title="bbox 2159 4136 3761 4209; baseline 0.001 -17"><span class='ocrx_word' id='word_1_832' title='bbox 2159 4140 2424 4192; x_wconf 86' lang='lat' dir='ltr'><strong>mendicus</strong></span> <span class='ocrx_word' id='word_1_833' title='bbox 2446 4181 2461 4207; x_wconf 88' lang='lat'><strong>,</strong></span> <span class='ocrx_word' id='word_1_834' title='bbox 2492 4146 2541 4192; x_wconf 83' lang='lat' dir='ltr'><strong>et</strong></span> <span class='ocrx_word' id='word_1_835' title='bbox 2569 4146 2863 4205; x_wconf 84' lang='lat' dir='ltr'><strong>portaretur</strong></span> <span class='ocrx_word' id='word_1_836' title='bbox 2893 4136 2957 4190; x_wconf 87' lang='lat' dir='ltr'><strong>ab</strong></span> <span class='ocrx_word' id='word_1_837' title='bbox 2988 4137 3189 4209; x_wconf 83' lang='lat' dir='ltr'><strong>angelis</strong></span> <span class='ocrx_word' id='word_1_838' title='bbox 3216 4138 3271 4191; x_wconf 87' lang='lat' dir='ltr'><strong>in</strong></span> <span class='ocrx_word' id='word_1_839' title='bbox 3310 4139 3479 4193; x_wconf 87' lang='lat' dir='ltr'><strong>sinum</strong></span> <span class='ocrx_word' id='word_1_840' title='bbox 3507 4137 3761 4194; x_wconf 67' lang='lat' dir='ltr'><strong>Abrahac.</strong></span> 
     </span>
    </p>
   </div>
   <div class='ocr_carea' id='block_1_102' title="bbox 2159 4229 3761 4302">
    <p class='ocr_par' dir='ltr' id='par_1_102' title="bbox 2159 4229 3761 4302">
     <span class='ocr_line' id='line_1_102' title="bbox 2159 4229 3761 4302; baseline 0.003 -19"><span class='ocrx_word' id='word_1_841' title='bbox 2159 4229 2398 4285; x_wconf 80' lang='lat' dir='ltr'><strong>Mortuus</strong></span> <span class='ocrx_word' id='word_1_842' title='bbox 2426 4242 2501 4285; x_wconf 88' lang='lat' dir='ltr'><strong>est</strong></span> <span class='ocrx_word' id='word_1_843' title='bbox 2530 4240 2701 4285; x_wconf 88' lang='lat' dir='ltr'><strong>autem</strong></span> <span class='ocrx_word' id='word_1_844' title='bbox 2731 4240 2781 4286; x_wconf 76' lang='lat' dir='ltr'><strong>et</strong></span> <span class='ocrx_word' id='word_1_845' title='bbox 2811 4231 2948 4286; x_wconf 87' lang='lat' dir='ltr'><strong>dives</strong></span> <span class='ocrx_word' id='word_1_846' title='bbox 2971 4274 2986 4300; x_wconf 94' lang='lat'><strong>,</strong></span> <span class='ocrx_word' id='word_1_847' title='bbox 3015 4240 3066 4286; x_wconf 88' lang='lat' dir='ltr'><strong>et</strong></span> <span class='ocrx_word' id='word_1_848' title='bbox 3092 4232 3323 4302; x_wconf 85' lang='lat' dir='ltr'><strong>sepultus</strong></span> <span class='ocrx_word' id='word_1_849' title='bbox 3359 4242 3456 4288; x_wconf 89' lang='lat' dir='ltr'><strong>est.</strong></span> <span class='ocrx_word' id='word_1_850' title='bbox 3496 4231 3567 4287; x_wconf 84' lang='lat' dir='ltr'><strong>Et</strong></span> <span class='ocrx_word' id='word_1_851' title='bbox 3590 4234 3646 4288; x_wconf 89' lang='lat' dir='ltr'><strong>iu</strong></span> <span class='ocrx_word' id='word_1_852' title='bbox 3670 4236 3761 4289; x_wconf 88' lang='lat' dir='ltr'><strong>in-</strong></span> 
     </span>
    </p>
   </div>
   <div class='ocr_carea' id='block_1_103' title="bbox 2160 4322 3760 4392">
    <p class='ocr_par' dir='ltr' id='par_1_103' title="bbox 2160 4322 3760 4392">
     <span class='ocr_line' id='line_1_103' title="bbox 2160 4322 3760 4392; baseline 0.004 -18"><span class='ocrx_word' id='word_1_853' title='bbox 2160 4323 2307 4392; x_wconf 80' lang='lat' dir='ltr'><strong>ferno</strong></span> <span class='ocrx_word' id='word_1_854' title='bbox 2334 4322 2537 4376; x_wconf 82' lang='lat' dir='ltr'><strong>elevans</strong></span> <span class='ocrx_word' id='word_1_855' title='bbox 2567 4323 2742 4378; x_wconf 83' lang='lat' dir='ltr'><strong>oculos</strong></span> <span class='ocrx_word' id='word_1_856' title='bbox 2768 4339 2890 4377; x_wconf 89' lang='lat' dir='ltr'><strong>suos</strong></span> <span class='ocrx_word' id='word_1_857' title='bbox 2916 4339 3032 4377; x_wconf 86' lang='lat' dir='ltr'><strong>cum</strong></span> <span class='ocrx_word' id='word_1_858' title='bbox 3058 4334 3189 4378; x_wconf 84' lang='lat' dir='ltr'><strong>esset</strong></span> <span class='ocrx_word' id='word_1_859' title='bbox 3217 4325 3271 4379; x_wconf 87' lang='lat' dir='ltr'><strong>in</strong></span> <span class='ocrx_word' id='word_1_860' title='bbox 3306 4326 3599 4392; x_wconf 79' lang='lat' dir='ltr'><strong>tormentis,</strong></span> <span class='ocrx_word' id='word_1_861' title='bbox 3632 4326 3760 4380; x_wconf 72' lang='lat' dir='ltr'><strong>vidit</strong></span> 
     </span>
    </p>
   </div>
   <div class='ocr_carea' id='block_1_104' title="bbox 2158 4411 3758 4487">
    <p class='ocr_par' dir='ltr' id='par_1_104' title="bbox 2158 4411 3758 4487">
     <span class='ocr_line' id='line_1_104' title="bbox 2158 4411 3758 4487; baseline 0.004 -23"><span class='ocrx_word' id='word_1_862' title='bbox 2158 4411 2420 4466; x_wconf 83' lang='lat' dir='ltr'><strong>Abraham</strong></span> <span class='ocrx_word' id='word_1_863' title='bbox 2443 4431 2473 4466; x_wconf 72' lang='grc' dir='ltr'>(ι</span> <span class='ocrx_word' id='word_1_864' title='bbox 2496 4414 2666 4484; x_wconf 84' lang='lat' dir='ltr'><strong>longe,</strong></span> <span class='ocrx_word' id='word_1_865' title='bbox 2693 4423 2741 4468; x_wconf 89' lang='lat' dir='ltr'><strong>et</strong></span> <span class='ocrx_word' id='word_1_866' title='bbox 2765 4416 2877 4485; x_wconf 88' lang='lat' dir='ltr'><strong>ipse</strong></span> <span class='ocrx_word' id='word_1_867' title='bbox 2899 4412 3158 4469; x_wconf 76' lang='lat' dir='ltr'><strong>Lazarum</strong></span> <span class='ocrx_word' id='word_1_868' title='bbox 3178 4416 3232 4469; x_wconf 87' lang='lat' dir='ltr'><strong>in</strong></span> <span class='ocrx_word' id='word_1_869' title='bbox 3255 4416 3370 4469; x_wconf 84' lang='lat' dir='ltr'><strong>sinu</strong></span> <span class='ocrx_word' id='word_1_870' title='bbox 3393 4416 3506 4485; x_wconf 89' lang='lat' dir='ltr'><strong>ejus</strong></span> <span class='ocrx_word' id='word_1_871' title='bbox 3529 4431 3549 4468; x_wconf 91' lang='lat'><strong><em>:</em></strong></span> <span class='ocrx_word' id='word_1_872' title='bbox 3571 4424 3623 4469; x_wconf 91' lang='lat' dir='ltr'><strong>et</strong></span> <span class='ocrx_word' id='word_1_873' title='bbox 3648 4417 3758 4487; x_wconf 85' lang='lat' dir='ltr'><strong>ipse</strong></span> 
     </span>
    </p>
   </div>
   <div class='ocr_carea' id='block_1_105' title="bbox 2155 4505 3758 4575">
    <p class='ocr_par' dir='ltr' id='par_1_105' title="bbox 2155 4505 3758 4575">
     <span class='ocr_line' id='line_1_105' title="bbox 2155 4505 3758 4575; baseline 0.004 -17"><span class='ocrx_word' id='word_1_874' title='bbox 2155 4506 2386 4560; x_wconf 85' lang='lat' dir='ltr'><strong>clamans</strong></span> <span class='ocrx_word' id='word_1_875' title='bbox 2413 4507 2546 4561; x_wconf 74' lang='lat' dir='ltr'><strong>dixit</strong></span> <span class='ocrx_word' id='word_1_876' title='bbox 2568 4523 2585 4560; x_wconf 89' lang='lat'><strong><em>:</em></strong></span> <span class='ocrx_word' id='word_1_877' title='bbox 2607 4505 2770 4561; x_wconf 86' lang='lat' dir='ltr'><strong>Pater</strong></span> <span class='ocrx_word' id='word_1_878' title='bbox 2796 4506 3079 4574; x_wconf 84' lang='lat' dir='ltr'><strong>Abraham,</strong></span> <span class='ocrx_word' id='word_1_879' title='bbox 3109 4510 3350 4563; x_wconf 85' lang='lat' dir='ltr'><strong>miserere</strong></span> <span class='ocrx_word' id='word_1_880' title='bbox 3376 4511 3500 4575; x_wconf 86' lang='lat' dir='ltr'><strong>mei,</strong></span> <span class='ocrx_word' id='word_1_881' title='bbox 3532 4520 3583 4563; x_wconf 91' lang='lat' dir='ltr'><strong>et</strong></span> <span class='ocrx_word' id='word_1_882' title='bbox 3612 4511 3758 4565; x_wconf 78' lang='lat' dir='ltr'><strong>mitte</strong></span> 
     </span>
    </p>
   </div>
   <div class='ocr_carea' id='block_1_106' title="bbox 2156 4596 3758 4671">
    <p class='ocr_par' dir='ltr' id='par_1_106' title="bbox 2156 4596 3758 4671">
     <span class='ocr_line' id='line_1_106' title="bbox 2156 4596 3758 4671; baseline 0.003 -21"><span class='ocrx_word' id='word_1_883' title='bbox 2156 4596 2437 4665; x_wconf 78' lang='lat' dir='ltr'><strong>Lazarum,</strong></span> <span class='ocrx_word' id='word_1_884' title='bbox 2461 4608 2517 4652; x_wconf 89' lang='lat' dir='ltr'><strong>ut</strong></span> <span class='ocrx_word' id='word_1_885' title='bbox 2546 4600 2771 4670; x_wconf 85' lang='lat' dir='ltr'><strong>intingat</strong></span> <span class='ocrx_word' id='word_1_886' title='bbox 2798 4607 3086 4654; x_wconf 79' lang='lat' dir='ltr'><strong>extremum</strong></span> <span class='ocrx_word' id='word_1_887' title='bbox 3115 4601 3263 4671; x_wconf 85' lang='lat' dir='ltr'><strong>digiti</strong></span> <span class='ocrx_word' id='word_1_888' title='bbox 3285 4602 3366 4655; x_wconf 90' lang='lat' dir='ltr'><strong>sui</strong></span> <span class='ocrx_word' id='word_1_889' title='bbox 3389 4603 3442 4655; x_wconf 86' lang='lat' dir='ltr'><strong>in</strong></span> <span class='ocrx_word' id='word_1_890' title='bbox 3467 4617 3683 4671; x_wconf 83' lang='lat' dir='ltr'><strong>aquam,</strong></span> <span class='ocrx_word' id='word_1_891' title='bbox 3710 4616 3758 4657; x_wconf 88' lang='lat' dir='ltr'><strong>et</strong></span> 
     </span>
    </p>
   </div>
   <div class='ocr_carea' id='block_1_107' title="bbox 2152 4702 3756 4777">
    <p class='ocr_par' dir='ltr' id='par_1_107' title="bbox 2152 4702 3756 4777">
     <span class='ocr_line' id='line_1_107' title="bbox 2152 4702 3756 4777; baseline 0.006 -23"><span class='ocrx_word' id='word_1_892' title='bbox 2152 4702 2420 4773; x_wconf 80' lang='lat' dir='ltr'><strong>refrigeret</strong></span> <span class='ocrx_word' id='word_1_893' title='bbox 2447 4705 2675 4773; x_wconf 78' lang='lat' dir='ltr'><strong>linguam</strong></span> <span class='ocrx_word' id='word_1_894' title='bbox 2703 4721 2890 4772; x_wconf 88' lang='lat' dir='ltr'><strong>meum,</strong></span> <span class='ocrx_word' id='word_1_895' title='bbox 2921 4705 3043 4777; x_wconf 86' lang='lat' dir='ltr'><strong>quia</strong></span> <span class='ocrx_word' id='word_1_896' title='bbox 3071 4705 3272 4759; x_wconf 83' lang='lat' dir='ltr'><strong>crucior</strong></span> <span class='ocrx_word' id='word_1_897' title='bbox 3298 4706 3354 4759; x_wconf 89' lang='lat' dir='ltr'><strong>in</strong></span> <span class='ocrx_word' id='word_1_898' title='bbox 3384 4706 3481 4759; x_wconf 87' lang='lat' dir='ltr'><strong>hac</strong></span> <span class='ocrx_word' id='word_1_899' title='bbox 3509 4707 3756 4777; x_wconf 81' lang='lat' dir='ltr'><strong>ﬂamma.</strong></span> 
     </span>
    </p>
   </div>
   <div class='ocr_carea' id='block_1_108' title="bbox 2154 4794 3757 4873">
    <p class='ocr_par' dir='ltr' id='par_1_108' title="bbox 2154 4794 3757 4873">
     <span class='ocr_line' id='line_1_108' title="bbox 2154 4794 3757 4873; baseline 0.004 -24"><span class='ocrx_word' id='word_1_900' title='bbox 2154 4794 2222 4849; x_wconf 86' lang='lat' dir='ltr'><strong>Et</strong></span> <span class='ocrx_word' id='word_1_901' title='bbox 2254 4796 2388 4849; x_wconf 68' lang='lat' dir='ltr'><strong>dixit</strong></span> <span class='ocrx_word' id='word_1_902' title='bbox 2416 4797 2495 4850; x_wconf 87' lang='lat' dir='ltr'><strong>illi</strong></span> <span class='ocrx_word' id='word_1_903' title='bbox 2531 4796 2797 4851; x_wconf 80' lang='lat' dir='ltr'><strong>Abraham</strong></span> <span class='ocrx_word' id='word_1_904' title='bbox 2828 4814 2846 4851; x_wconf 91' lang='lat'><strong><em>:</em></strong></span> <span class='ocrx_word' id='word_1_905' title='bbox 2876 4797 2986 4852; x_wconf 89' lang='lat' dir='ltr'><strong>Fili</strong></span> <span class='ocrx_word' id='word_1_906' title='bbox 3010 4841 3025 4867; x_wconf 85' lang='lat'><strong>,</strong></span> <span class='ocrx_word' id='word_1_907' title='bbox 3056 4798 3333 4853; x_wconf 84' lang='lat' dir='ltr'><strong>recordare</strong></span> <span class='ocrx_word' id='word_1_908' title='bbox 3360 4799 3484 4871; x_wconf 83' lang='lat' dir='ltr'><strong>quia</strong></span> <span class='ocrx_word' id='word_1_909' title='bbox 3513 4800 3757 4873; x_wconf 78' lang='lat' dir='ltr'><strong>recepisti</strong></span> 
     </span>
    </p>
   </div>
   <div class='ocr_carea' id='block_1_109' title="bbox 2154 4886 3753 4959">
    <p class='ocr_par' dir='ltr' id='par_1_109' title="bbox 2154 4886 3753 4959">
     <span class='ocr_line' id='line_1_109' title="bbox 2154 4886 3753 4959; baseline 0.004 -19"><span class='ocrx_word' id='word_1_910' title='bbox 2154 4893 2206 4940; x_wconf 88' lang='lat' dir='ltr'><strong>tu</strong></span> <span class='ocrx_word' id='word_1_911' title='bbox 2245 4886 2378 4941; x_wconf 88' lang='lat' dir='ltr'><strong>bona</strong></span> <span class='ocrx_word' id='word_1_912' title='bbox 2420 4896 2509 4940; x_wconf 89' lang='lat' dir='ltr'><strong>tua</strong></span> <span class='ocrx_word' id='word_1_913' title='bbox 2552 4888 2605 4941; x_wconf 87' lang='lat' dir='ltr'><strong>in</strong></span> <span class='ocrx_word' id='word_1_914' title='bbox 2635 4889 2737 4941; x_wconf 81' lang='lat' dir='ltr'><strong>vita</strong></span> <span class='ocrx_word' id='word_1_915' title='bbox 2776 4897 2865 4942; x_wconf 89' lang='lat' dir='ltr'><strong>tua</strong></span> <span class='ocrx_word' id='word_1_916' title='bbox 2890 4932 2906 4959; x_wconf 90' lang='lat'><strong>,</strong></span> <span class='ocrx_word' id='word_1_917' title='bbox 2944 4899 2994 4944; x_wconf 90' lang='lat' dir='ltr'><strong>et</strong></span> <span class='ocrx_word' id='word_1_918' title='bbox 3031 4888 3262 4944; x_wconf 79' lang='lat' dir='ltr'><strong>Lazarus</strong></span> <span class='ocrx_word' id='word_1_919' title='bbox 3291 4892 3535 4947; x_wconf 87' lang='lat' dir='ltr'><strong>similiter</strong></span> <span class='ocrx_word' id='word_1_920' title='bbox 3570 4894 3753 4958; x_wconf 87' lang='lat' dir='ltr'><strong>mala;</strong></span> 
     </span>
    </p>
   </div>
   <div class='ocr_carea' id='block_1_110' title="bbox 2150 4977 3755 5041">
    <p class='ocr_par' dir='ltr' id='par_1_110' title="bbox 2150 4977 3755 5041">
     <span class='ocr_line' id='line_1_110' title="bbox 2150 4977 3755 5041; baseline 0.004 -10"><span class='ocrx_word' id='word_1_921' title='bbox 2150 4993 2287 5031; x_wconf 86' lang='lat' dir='ltr'><strong>nunc</strong></span> <span class='ocrx_word' id='word_1_922' title='bbox 2310 4977 2585 5030; x_wconf 77' lang='lat' dir='ltr'><strong>autem/tie</strong></span> <span class='ocrx_word' id='word_1_923' title='bbox 2613 4980 2928 5041; x_wconf 88' lang='lat' dir='ltr'><strong>consolatur,</strong></span> <span class='ocrx_word' id='word_1_924' title='bbox 2958 4992 3009 5033; x_wconf 89' lang='lat' dir='ltr'><strong>tu</strong></span> <span class='ocrx_word' id='word_1_925' title='bbox 3038 4996 3153 5035; x_wconf 72' lang='lat' dir='ltr'><strong>vero</strong></span> <span class='ocrx_word' id='word_1_926' title='bbox 3181 4983 3454 5036; x_wconf 88' lang='lat' dir='ltr'><strong>cruciaris.</strong></span> <span class='ocrx_word' id='word_1_927' title='bbox 3490 4980 3559 5035; x_wconf 84' lang='lat' dir='ltr'><strong>Et</strong></span> <span class='ocrx_word' id='word_1_928' title='bbox 3585 4984 3641 5036; x_wconf 90' lang='lat' dir='ltr'><strong>in</strong></span> <span class='ocrx_word' id='word_1_929' title='bbox 3670 4983 3755 5037; x_wconf 84' lang='lat' dir='ltr'><strong>his</strong></span> 
     </span>
    </p>
   </div>
   <div class='ocr_carea' id='block_1_111' title="bbox 2151 5066 3751 5143">
    <p class='ocr_par' dir='ltr' id='par_1_111' title="bbox 2151 5066 3751 5143">
     <span class='ocr_line' id='line_1_111' title="bbox 2151 5066 3751 5143; baseline 0.004 -21"><span class='ocrx_word' id='word_1_930' title='bbox 2151 5066 2388 5122; x_wconf 88' lang='lat' dir='ltr'><strong>omnibus</strong></span> <span class='ocrx_word' id='word_1_931' title='bbox 2416 5068 2550 5121; x_wconf 85' lang='lat' dir='ltr'><strong>inter</strong></span> <span class='ocrx_word' id='word_1_932' title='bbox 2574 5085 2669 5123; x_wconf 89' lang='lat' dir='ltr'><strong>nos</strong></span> <span class='ocrx_word' id='word_1_933' title='bbox 2692 5077 2741 5123; x_wconf 88' lang='lat' dir='ltr'><strong>et</strong></span> <span class='ocrx_word' id='word_1_934' title='bbox 2770 5087 2856 5125; x_wconf 77' lang='lat' dir='ltr'><strong>vos</strong></span> <span class='ocrx_word' id='word_1_935' title='bbox 2887 5087 3133 5142; x_wconf 87' lang='lat' dir='ltr'><strong>magnum</strong></span> <span class='ocrx_word' id='word_1_936' title='bbox 3154 5072 3315 5126; x_wconf 86' lang='lat' dir='ltr'><strong>chaos</strong></span> <span class='ocrx_word' id='word_1_937' title='bbox 3331 5073 3602 5143; x_wconf 82' lang='lat' dir='ltr'><strong>ﬁrmatum</strong></span> <span class='ocrx_word' id='word_1_938' title='bbox 3626 5084 3708 5129; x_wconf 82' lang='lat' dir='ltr'><strong>est</strong></span> <span class='ocrx_word' id='word_1_939' title='bbox 3732 5091 3751 5129; x_wconf 91' lang='lat'><strong><em>:</em></strong></span> 
     </span>
    </p>
   </div>
   <div class='ocr_carea' id='block_1_112' title="bbox 2148 5160 3754 5240">
    <p class='ocr_par' dir='ltr' id='par_1_112' title="bbox 2148 5160 3754 5240">
     <span class='ocr_line' id='line_1_112' title="bbox 2148 5160 3754 5240; baseline 0.006 -26"><span class='ocrx_word' id='word_1_940' title='bbox 2148 5168 2204 5214; x_wconf 88' lang='lat' dir='ltr'><strong>ut</strong></span> <span class='ocrx_word' id='word_1_941' title='bbox 2234 5160 2287 5214; x_wconf 87' lang='lat' dir='ltr'><strong>hi</strong></span> <span class='ocrx_word' id='word_1_942' title='bbox 2316 5162 2401 5232; x_wconf 84' lang='lat' dir='ltr'><strong>qui</strong></span> <span class='ocrx_word' id='word_1_943' title='bbox 2432 5161 2586 5215; x_wconf 80' lang='lat' dir='ltr'><strong>velint</strong></span> <span class='ocrx_word' id='word_1_944' title='bbox 2618 5164 2837 5219; x_wconf 88' lang='lat' dir='ltr'><strong>transire</strong></span> <span class='ocrx_word' id='word_1_945' title='bbox 2879 5164 2949 5217; x_wconf 87' lang='lat' dir='ltr'><strong>ad</strong></span> <span class='ocrx_word' id='word_1_946' title='bbox 2994 5181 3083 5219; x_wconf 85' lang='lat' dir='ltr'><strong>vos</strong></span> <span class='ocrx_word' id='word_1_947' title='bbox 3105 5206 3121 5233; x_wconf 89' lang='lat'><strong>,</strong></span> <span class='ocrx_word' id='word_1_948' title='bbox 3171 5181 3274 5219; x_wconf 88' lang='lat' dir='ltr'><strong>non</strong></span> <span class='ocrx_word' id='word_1_949' title='bbox 3303 5168 3544 5236; x_wconf 87' lang='lat' dir='ltr'><strong>possint,</strong></span> <span class='ocrx_word' id='word_1_950' title='bbox 3583 5185 3754 5240; x_wconf 82' lang='lat' dir='ltr'><strong>neque</strong></span> 
     </span>
    </p>
   </div>
   <div class='ocr_carea' id='block_1_113' title="bbox 2143 5251 3747 5330">
    <p class='ocr_par' dir='ltr' id='par_1_113' title="bbox 2143 5251 3747 5330">
     <span class='ocr_line' id='line_1_113' title="bbox 2143 5251 3747 5330; baseline 0.007 -27"><span class='ocrx_word' id='word_1_951' title='bbox 2143 5251 2266 5304; x_wconf 86' lang='lat' dir='ltr'><strong>inde</strong></span> <span class='ocrx_word' id='word_1_952' title='bbox 2292 5252 2387 5305; x_wconf 87' lang='lat' dir='ltr'><strong>huc</strong></span> <span class='ocrx_word' id='word_1_953' title='bbox 2423 5262 2758 5308; x_wconf 85' lang='lat' dir='ltr'><strong>transmeare.</strong></span> <span class='ocrx_word' id='word_1_954' title='bbox 2803 5254 2872 5308; x_wconf 85' lang='lat' dir='ltr'><strong>Et</strong></span> <span class='ocrx_word' id='word_1_955' title='bbox 2900 5257 2974 5310; x_wconf 91' lang='lat' dir='ltr'><strong>ait</strong></span> <span class='ocrx_word' id='word_1_956' title='bbox 3004 5274 3022 5310; x_wconf 88' lang='lat'><strong><em>:</em></strong></span> <span class='ocrx_word' id='word_1_957' title='bbox 3054 5255 3202 5328; x_wconf 85' lang='lat' dir='ltr'><strong>Rogo</strong></span> <span class='ocrx_word' id='word_1_958' title='bbox 3229 5275 3349 5330; x_wconf 83' lang='lat' dir='ltr'><strong>ergo</strong></span> <span class='ocrx_word' id='word_1_959' title='bbox 3384 5269 3449 5327; x_wconf 81' lang='lat' dir='ltr'><strong>te,</strong></span> <span class='ocrx_word' id='word_1_960' title='bbox 3480 5270 3652 5329; x_wconf 87' lang='lat' dir='ltr'><strong>pater,</strong></span> <span class='ocrx_word' id='word_1_961' title='bbox 3684 5271 3747 5314; x_wconf 88' lang='lat' dir='ltr'><strong>ut</strong></span> 
     </span>
    </p>
   </div>
   <div class='ocr_carea' id='block_1_114' title="bbox 2147 5344 3749 5424">
    <p class='ocr_par' dir='ltr' id='par_1_114' title="bbox 2147 5344 3749 5424">
     <span class='ocr_line' id='line_1_114' title="bbox 2147 5344 3749 5424; baseline 0.006 -26"><span class='ocrx_word' id='word_1_962' title='bbox 2147 5345 2324 5398; x_wconf 85' lang='lat' dir='ltr'><strong>mittas</strong></span> <span class='ocrx_word' id='word_1_963' title='bbox 2347 5361 2460 5399; x_wconf 88' lang='lat' dir='ltr'><strong>eum</strong></span> <span class='ocrx_word' id='word_1_964' title='bbox 2485 5345 2536 5398; x_wconf 86' lang='lat' dir='ltr'><strong>in</strong></span> <span class='ocrx_word' id='word_1_965' title='bbox 2569 5344 2775 5400; x_wconf 89' lang='lat' dir='ltr'><strong>domum</strong></span> <span class='ocrx_word' id='word_1_966' title='bbox 2804 5349 2970 5417; x_wconf 84' lang='lat' dir='ltr'><strong>patris</strong></span> <span class='ocrx_word' id='word_1_967' title='bbox 2998 5348 3131 5412; x_wconf 87' lang='lat' dir='ltr'><strong>mei;</strong></span> <span class='ocrx_word' id='word_1_968' title='bbox 3161 5349 3325 5404; x_wconf 88' lang='lat' dir='ltr'><strong>habeo</strong></span> <span class='ocrx_word' id='word_1_969' title='bbox 3354 5352 3492 5405; x_wconf 83' lang='lat' dir='ltr'><strong>enim</strong></span> <span class='ocrx_word' id='word_1_970' title='bbox 3519 5352 3749 5424; x_wconf 78' lang='lat' dir='ltr'><strong>quinque</strong></span> 
     </span>
    </p>
   </div>
   <div class='ocr_carea' id='block_1_115' title="bbox 2145 5438 3747 5509">
    <p class='ocr_par' dir='ltr' id='par_1_115' title="bbox 2145 5438 3747 5509">
     <span class='ocr_line' id='line_1_115' title="bbox 2145 5438 3747 5509; baseline 0.008 -20"><span class='ocrx_word' id='word_1_971' title='bbox 2145 5438 2335 5508; x_wconf 80' lang='lat' dir='ltr'><strong>fratres</strong></span> <span class='ocrx_word' id='word_1_972' title='bbox 2366 5453 2383 5491; x_wconf 88' lang='lat'><strong><em>:</em></strong></span> <span class='ocrx_word' id='word_1_973' title='bbox 2410 5446 2465 5490; x_wconf 89' lang='lat' dir='ltr'><strong>ut</strong></span> <span class='ocrx_word' id='word_1_974' title='bbox 2488 5444 2699 5490; x_wconf 85' lang='lat' dir='ltr'><strong>testetur</strong></span> <span class='ocrx_word' id='word_1_975' title='bbox 2724 5438 2853 5507; x_wconf 87' lang='lat' dir='ltr'><strong>illis,</strong></span> <span class='ocrx_word' id='word_1_976' title='bbox 2884 5456 2948 5493; x_wconf 89' lang='lat' dir='ltr'><strong>ne</strong></span> <span class='ocrx_word' id='word_1_977' title='bbox 2975 5451 3024 5494; x_wconf 90' lang='lat' dir='ltr'><strong>et</strong></span> <span class='ocrx_word' id='word_1_978' title='bbox 3053 5441 3155 5509; x_wconf 88' lang='lat' dir='ltr'><strong>ipsi</strong></span> <span class='ocrx_word' id='word_1_979' title='bbox 3181 5444 3386 5496; x_wconf 73' lang='lat' dir='ltr'><strong>veniant</strong></span> <span class='ocrx_word' id='word_1_980' title='bbox 3416 5445 3468 5496; x_wconf 87' lang='lat' dir='ltr'><strong>in</strong></span> <span class='ocrx_word' id='word_1_981' title='bbox 3500 5446 3636 5499; x_wconf 84' lang='lat' dir='ltr'><strong>hunc</strong></span> <span class='ocrx_word' id='word_1_982' title='bbox 3661 5446 3747 5501; x_wconf 84' lang='lat' dir='ltr'><strong>lo-</strong></span> 
     </span>
    </p>
   </div>
   <div class='ocr_carea' id='block_1_116' title="bbox 2147 5528 3747 5603">
    <p class='ocr_par' dir='ltr' id='par_1_116' title="bbox 2147 5528 3747 5603">
     <span class='ocr_line' id='line_1_116' title="bbox 2147 5528 3747 5603; baseline 0.008 -24"><span class='ocrx_word' id='word_1_983' title='bbox 2147 5542 2262 5580; x_wconf 87' lang='lat' dir='ltr'><strong>cum</strong></span> <span class='ocrx_word' id='word_1_984' title='bbox 2294 5534 2682 5581; x_wconf 88' lang='lat' dir='ltr'><strong>tormentorum.</strong></span> <span class='ocrx_word' id='word_1_985' title='bbox 2716 5528 3074 5594; x_wconf 86' lang='lat' dir='ltr'><strong>Quamobrem</strong></span> <span class='ocrx_word' id='word_1_986' title='bbox 3105 5531 3305 5599; x_wconf 86' lang='lat' dir='ltr'><strong>pudeat</strong></span> <span class='ocrx_word' id='word_1_987' title='bbox 3332 5548 3429 5590; x_wconf 87' lang='lat' dir='ltr'><strong>cos</strong></span> <span class='ocrx_word' id='word_1_988' title='bbox 3456 5536 3548 5603; x_wconf 86' lang='lat' dir='ltr'><strong>qui</strong></span> <span class='ocrx_word' id='word_1_989' title='bbox 3578 5544 3747 5592; x_wconf 89' lang='lat' dir='ltr'><strong>tuen-</strong></span> 
     </span>
    </p>
   </div>
   <div class='ocr_carea' id='block_1_117' title="bbox 2145 5615 3743 5690">
    <p class='ocr_par' dir='ltr' id='par_1_117' title="bbox 2145 5615 3743 5690">
     <span class='ocr_line' id='line_1_117' title="bbox 2145 5615 3743 5690; baseline 0.008 -21"><span class='ocrx_word' id='word_1_990' title='bbox 2145 5623 2233 5670; x_wconf 87' lang='lat' dir='ltr'><strong>tur</strong></span> <span class='ocrx_word' id='word_1_991' title='bbox 2259 5615 2540 5685; x_wconf 82' lang='lat' dir='ltr'><strong>Origenem</strong></span> <span class='ocrx_word' id='word_1_992' title='bbox 2569 5618 2655 5672; x_wconf 90' lang='lat' dir='ltr'><strong>vel</strong></span> <span class='ocrx_word' id='word_1_993' title='bbox 2681 5634 2747 5673; x_wconf 80' lang='lat' dir='ltr'><strong>ex</strong></span> <span class='ocrx_word' id='word_1_994' title='bbox 2774 5621 2945 5674; x_wconf 89' lang='lat' dir='ltr'><strong>sancti</strong></span> <span class='ocrx_word' id='word_1_995' title='bbox 2976 5620 3247 5690; x_wconf 83' lang='lat' dir='ltr'><strong>Evangelii</strong></span> <span class='ocrx_word' id='word_1_996' title='bbox 3278 5623 3476 5679; x_wconf 87' lang='lat' dir='ltr'><strong>verbis.</strong></span> <span class='ocrx_word' id='word_1_997' title='bbox 3509 5626 3566 5679; x_wconf 88' lang='lat' dir='ltr'><strong>Si</strong></span> <span class='ocrx_word' id='word_1_998' title='bbox 3593 5627 3743 5681; x_wconf 86' lang='lat' dir='ltr'><strong>enim</strong></span> 
     </span>
    </p>
   </div>
   <div class='ocr_carea' id='block_1_118' title="bbox 2146 5710 3743 5781">
    <p class='ocr_par' dir='ltr' id='par_1_118' title="bbox 2146 5710 3743 5781">
     <span class='ocr_line' id='line_1_118' title="bbox 2146 5710 3743 5781; baseline 0.009 -20"><span class='ocrx_word' id='word_1_999' title='bbox 2146 5716 2271 5762; x_wconf 85' lang='lat' dir='ltr'><strong>ante</strong></span> <span class='ocrx_word' id='word_1_1000' title='bbox 2301 5710 2491 5763; x_wconf 74' lang='lat' dir='ltr'><strong>animze</strong></span> <span class='ocrx_word' id='word_1_1001' title='bbox 2520 5725 2679 5779; x_wconf 88' lang='lat' dir='ltr'><strong>quam</strong></span> <span class='ocrx_word' id='word_1_1002' title='bbox 2719 5727 2947 5781; x_wconf 90' lang='lat' dir='ltr'><strong>corpora</strong></span> <span class='ocrx_word' id='word_1_1003' title='bbox 2978 5712 3217 5780; x_wconf 81' lang='lat' dir='ltr'><strong>fuissent,</strong></span> <span class='ocrx_word' id='word_1_1004' title='bbox 3249 5731 3643 5781; x_wconf 71' lang='lat' dir='ltr'><strong>cognoscerent</strong></span> <span class='ocrx_word' id='word_1_1005' title='bbox 3669 5737 3743 5775; x_wconf 78' lang='lat' dir='ltr'><strong>ea</strong></span> 
     </span>
    </p>
   </div>
   <div class='ocr_carea' id='block_1_119' title="bbox 2144 5802 3738 5879">
    <p class='ocr_par' dir='ltr' id='par_1_119' title="bbox 2144 5802 3738 5879">
     <span class='ocr_line' id='line_1_119' title="bbox 2144 5802 3738 5879; baseline 0.009 -27"><span class='ocrx_word' id='word_1_1006' title='bbox 2144 5815 2264 5869; x_wconf 73' lang='lat' dir='ltr'><strong>qua:</strong></span> <span class='ocrx_word' id='word_1_1007' title='bbox 2294 5809 2416 5854; x_wconf 89' lang='lat' dir='ltr'><strong>ante</strong></span> <span class='ocrx_word' id='word_1_1008' title='bbox 2445 5816 2639 5870; x_wconf 86' lang='lat' dir='ltr'><strong>corpus</strong></span> <span class='ocrx_word' id='word_1_1009' title='bbox 2666 5802 2918 5858; x_wconf 82' lang='lat' dir='ltr'><strong>fecissent</strong></span> <span class='ocrx_word' id='word_1_1010' title='bbox 2941 5846 2955 5870; x_wconf 93' lang='lat'><strong>,</strong></span> <span class='ocrx_word' id='word_1_1011' title='bbox 2998 5808 3452 5875; x_wconf 84' lang='lat' dir='ltr'><strong>quemadmodum</strong></span> <span class='ocrx_word' id='word_1_1012' title='bbox 3482 5822 3605 5879; x_wconf 85' lang='lat' dir='ltr'><strong>post</strong></span> <span class='ocrx_word' id='word_1_1013' title='bbox 3632 5813 3738 5866; x_wconf 85' lang='lat' dir='ltr'><strong>mi-</strong></span> 
     </span>
    </p>
   </div>
   <div class='ocr_carea' id='block_1_120' title="bbox 2144 5891 3745 5979">
    <p class='ocr_par' dir='ltr' id='par_1_120' title="bbox 2144 5891 3745 5979">
     <span class='ocr_line' id='line_1_120' title="bbox 2144 5891 3745 5979; baseline 0.009 -33"><span class='ocrx_word' id='word_1_1014' title='bbox 2144 5891 2441 5969; x_wconf 81' lang='lat' dir='ltr'><strong>grationem</strong></span> <span class='ocrx_word' id='word_1_1015' title='bbox 2481 5905 2512 5949; x_wconf 76' lang='grc' dir='ltr'>θ</span> <span class='ocrx_word' id='word_1_1016' title='bbox 2555 5891 2666 5955; x_wconf 83' lang='lat' dir='ltr'><strong>vita</strong></span> <span class='ocrx_word' id='word_1_1017' title='bbox 2710 5895 3128 5971; x_wconf 78' lang='lat' dir='ltr'><strong>reminiscuntur</strong></span> <span class='ocrx_word' id='word_1_1018' title='bbox 3167 5913 3233 5963; x_wconf 81' lang='lat' dir='ltr'><strong>ca</strong></span> <span class='ocrx_word' id='word_1_1019' title='bbox 3269 5915 3391 5965; x_wconf 75' lang='lat' dir='ltr'><strong>nua:</strong></span> <span class='ocrx_word' id='word_1_1020' title='bbox 3417 5902 3474 5971; x_wconf 83' lang='lat' dir='ltr'><strong>in</strong></span> <span class='ocrx_word' id='word_1_1021' title='bbox 3502 5916 3745 5979; x_wconf 63' lang='lat' dir='ltr'><strong>corpora</strong></span> 
     </span>
    </p>
   </div>
  </div>
