3988 6346
1152 302 1526 364 ιυεΤιΝιΑΝι
1563 301 1693 358 LIB.
1734 300 1894 358 ADV.
1935 299 2311 358 OBlCENEM.

3265 297 3374 361 196

120 434 248 507 δ’τίω
283 424 580 502 ww”
617 421 874 500 ῥημάτων·
905 422 962 478 Ei
987 422 1089 499 γὰρ
1117 428 1465 498 προϋπῆρχον
1503 418 1556 474 αἱ
1585 416 1687 488 ψυ-
1715 417 1739 478 Δ

1852 422 2072 471 :sserunt
2099 430 2112 478 ;
2156 414 2261 470 hoc
2287 411 2432 469 enim
2452 425 2484 471 ε
2511 412 2692 471 verbis
2735 414 2908 474 sancti
2935 411 3214 487 Evangelii
3240 413 3380 472 didi:

137 525 224 598 καὶ
237 529 327 579 τῶν
352 519 626 588 σωμάτων,
655 519 926 591 έγίνωσκον
956 509 1018 570 ἂν
1046 515 1131 570 καί
1156 515 1224 569 τὰ
1247 515 1350 588 πρὸ
1378 517 1471 568 τοῦ
1505 513 1690 582 σώμα-

141 616 215 679 τος
235 617 394 676 αὐταῖς
417 611 728 686 πραχθέντα,
757 612 985 684 καθάπερ
1005 611 1093 665 καί
1125 610 1259 681 μετὰ
1290 613 1381 666 τήν
1409 605 1694 662 ἀποϐίωσιν

1796 507 1987 563 cimus.

143 711 390 783 μίμνηνται
437 711 534 760 τῶν
559 702 645 760 διὰ
679 706 775 760 τοῦ
816 702 1060 774 σώματος
1101 701 1284 762 αύταῖς
1336 698 1727 770 πεπραγμένων.
1763 697 1927 750 Τοῦτο
1973 693 2072 768 γὰρ
2120 691 2174 747 ἐκ
2204 698 2307 748 τῶν
2349 691 2545 766 ῥήσεων
2586 697 2677 749 τοῦ
2719 691 2867 765 ἁγίου
2891 693 3179 768 εὐαγγελίου
3221 691 3389 764 ἐδιδάτ

185 804 335 859 θημεν.

185 822 236 859 σο
271 822 335 854 εν.

146 822 301 946 ξ’ἔιιί
329 887 381 944 δέ
416 893 530 950 ταῖς
571 887 923 947 θεοπνεύστοις
959 891 1181 962 γραφαῖς
1222 881 1609 942 ἀκολουθοῦντες
1649 880 1696 935 οἱ

148 983 261 1060 ἅγιοι
284 983 492 1058 πατέρες
516 982 584 1038 τὰ
602 987 820 1038 τοιαῦτα
845 981 1140 1054 κατέκριναν
1166 976 1420 1052 δόγματα,
1447 980 1542 1033 σύν
1563 983 1698 1052 Ὦρι-

151 1081 256 1153 γίνει
278 1085 344 1148 τῷ
368 1081 534 1134 ταῦτα
559 1075 962 1148 μυθολογήσαντι
980 1115 994 1140 ,
1024 1073 1074 1139 ἓξ
1112 1074 1272 1129 αὐτῶν
1299 1080 1400 1128 τῶν
1429 1070 1699 1146 εἰρημένων

152 1180 239 1232 τοῖς
260 1170 410 1244 ἁγίοις
429 1170 662 1246 πατράσι
685 1170 770 1223 καί
794 1166 891 1228 ἤδη
919 1168 1007 1242 μὶν
1030 1173 1203 1240 σαφῶς
1232 1163 1586 1237 ἀπεδείξαμεν,
1619 1163 1704 1216 ού-

150 1263 214 1320 δὶν
237 1263 282 1320 δέ
318 1262 460 1326 ἦττον
503 1265 584 1318 καί
612 1259 695 1317 διὰ
734 1267 832 1317 τῶν
872 1261 1043 1332 έφεξῆς
1068 1266 1364 1336 μαρτυριῶν
1405 1264 1506 1314 τῶν
1553 1255 1709 1326 ἁγίων

150 1358 347 1431 πατίρων
371 1353 722 1426 ἀποδείξομεν,
760 1355 847 1408 καί
875 1360 1073 1430 πρῶτον
1107 1353 1193 1407 τόν
1222 1349 1363 1423 ἅγιον
1387 1350 1572 1425 Πέτρον
1597 1347 1709 1402 ἐπί-

151 1468 306 1504 σκοπον
328 1443 697 1521 Ἀλεξανδρείας
723 1443 987 1518 γενόμενον
1024 1445 1108 1498 καί
1133 1443 1378 1518 μάρτυρα
1409 1435 1710 1515 παραθησό-

152 1540 269 1609 μεθα,
289 1544 389 1598 τοῖς
416 1533 678 1596 τοιούτοις
707 1536 847 1604 ἡμῶν
875 1538 1240 1608 μαρτυροῦντα
1265 1531 1451 1604 λόγοις.

208 1635 296 1684 Τοῦ
326 1628 473 1703 ἁγίου
515 1628 704 1699 Πέτρου
734 1625 1020 1681 ἐπισκόπου
1045 1627 1131 1680 καί
1153 1626 1416 1700 μάρτυρος
1439 1629 1532 1683 τῆς
1557 1641 1716 1694 μεγα-

152 1717 365 1781 λοπολεως
384 1715 780 1791 Ἀλεξανδρείας,
814 1718 868 1770 ἐκ
905 1723 999 1772 τοῦ
1025 1719 1232 1792 πρώτου
1260 1715 1436 1789 λόγου,
1466 1717 1582 1793 περὶ
1622 1719 1715 1769 τοῦ

154 1809 255 1884 μηδέ
293 1811 659 1888 προϋπάρχειν
698 1815 789 1869 τήν
815 1808 998 1880 ψυχήν
1043 1807 1172 1880 μηδέ
1211 1807 1607 1881 ἁμαρτήσασαν,
1633 1803 1717 1861 διά

154 1913 282 1964 τοῦτο
306 1912 373 1970 είς
395 1915 556 1979 σῶμα
583 1906 844 1978 βληθῆναι·
881 1922 900 1958 ε
923 1905 1194 1980 Ἠγούμεθα
1217 1905 1286 1961 τά
1313 1905 1542 1978 περὶτοῦ
1573 1903 1720 1980 πρῶ-

154 2020 228 2055 τον
266 2000 315 2055 ἐκ
337 2006 425 2060 τῆς
449 2005 554 2071 γῆς
583 2003 765 2069 χοϊκοῦ
807 1995 1160 2070 γεγεννημένου
1192 1995 1459 2070 ἀνθρώπου
1503 1991 1723 2069 παραθέ-

156 2093 272 2157 σθαι,
298 2091 417 2168 πρὸς
435 2089 503 2147 τὸ
527 2087 688 2155 δεῖξαι
712 2089 797 2146 ἕνα
833 2090 922 2144 καί
943 2087 1027 2145 τόν
1054 2087 1202 2144 αὐτόν
1227 2087 1276 2140 ἐν
1301 2092 1375 2156 τῷ
1398 2086 1538 2155 αὐτῷ
1562 2091 1724 2159 καιρῷ

155 2182 405 2253 γενόμενον,
436 2176 536 2237 κᾶν
556 2188 776 2256 μερικῶς
818 2200 943 2237 ποτε
987 2177 1014 2235 ό
1041 2177 1145 2235 ἴσω
1177 2181 1261 2236 καί
1289 2176 1389 2243 ἔξω
1413 2177 1615 2252 λέγηται
1640 2174 1726 2232 ἄν·

157 2275 350 2348 θρωπος.
367 2275 422 2330 Ei
444 2274 552 2349 γὰρ
578 2275 666 2328 καί
691 2273 827 2328 κατά
860 2273 950 2328 τόν
983 2274 1237 2344 σωτήριον
1256 2269 1423 2348 λόγον,
1453 2267 1480 2323 ό
1505 2271 1728 2329 ποιήσας

159 2367 218 2422 τὰ
242 2364 428 2434 ἔσωθεν,
456 2368 552 2422 καί
576 2366 646 2423 τά
667 2363 850 2430 ἔξωθεν
875 2365 1134 2429 ἐποίησεν,
1165 2361 1272 2420 ἀλλ’
1305 2357 1397 2418 οὖν
1419 2382 1477 2435 γε
1507 2360 1725 2435 ἐφάπαξ,

160 2462 234 2514 καί
255 2461 300 2514 έν
333 2460 400 2514 ivi
424 2467 614 2535 καιρῷ,
658 2459 900 2515 τουτέστι
1029 2460 1161 2538 αὐτῇ
1187 2459 1372 2532 ἡμέρᾳ,
1408 2455 1493 2512 ὅτε
1536 2451 1675 2511 εἶπεν
1702 2453 1730 2510 ό

161 2551 652 2623 ϐὰν-Ποιήσωμεν
666 2547 927 2626 ἄνθρωπον
944 2549 1056 2606 κατ’
1071 2549 1234 2605 εἰκόνα
1254 2552 1336 2604 καί
1355 2547 1594 2619 ὁμοίωσιν
1609 2549 1731 2618 ἡμιε-

163 2642 308 2718 τέραν.
330 2673 397 2684 -
425 2654 516 2706 Ὠς
537 2645 592 2700 ἔκ
613 2643 797 2700 τούτου
826 2641 1032 2701 εὔδηλον
1060 2637 1207 2708 εἶναι,
1237 2639 1314 2696 ότι
1347 2641 1432 2694 ούκ
1456 2640 1559 2694 ἀπὸ
1581 2635 1734 2694 συνό-

163 2731 256 2800 δου,
272 2737 336 2796 ὡς
357 2735 606 2813 προόντος
629 2738 765 2796 τινὸς
788 2735 986 2812 έτέρου,
1001 2738 1089 2791 καί
1119 2735 1200 2807 ἀφ’
1231 2735 1404 2810 ἐτέρου
1429 2735 1590 2790 τόπου
1611 2753 1738 2788 συν·

164 2825 459 2895 ιληλυθότος,
513 2828 824 2900 γεγέννηται.
855 2828 910 2880 Εἰ
933 2827 1032 2904 γὰρ
1062 2824 1276 2888 σύνοδος
1297 2823 1378 2894 ἦν,
1410 2827 1543 2887 τίνος
1578 2825 1738 2879 ἕνεκεν

164 2919 232 2972 καί
254 2919 310 2974 τό
335 2921 675 2991 πεποιημένον
703 2919 989 2994 ἀνεγράφη;
1023 2936 1042 2970 ι
1077 2922 1166 2974 Καὶ
1190 2918 1298 2988 μεθ’
1321 2918 1492 2990 ἕτερου
1524 2935 1542 2968 ε
1575 2914 1738 2972 Ὠστε

164 3011 234 3063 ούκ
251 3010 520 3083 ἐνδέχεται
535 3015 636 3088 πρό
655 3013 910 3082 σωμάτων
936 3013 1132 3086 οὐρανῷ
1148 3009 1448 3085 ἁμαρτάνων
1465 3005 1558 3077 [Ε.
1577 3007 1745 3084 ἁμαρ·

164 3103 322 3173 τᾶνιινί
355 3105 570 3174 ψυχὰς,
599 3101 724 3175 μηδὶ
755 3101 876 3161 ὅλως
911 3101 1012 3176 πρὸ
1039 3106 1292 3174 σωμάτων
1321 3099 1649 3160 ύποστάσας.
1679 3101 1746 3154 Τό

164 3197 239 3270 γὰρ
260 3197 480 3269 μάθημα
505 3200 656 3249 τοῦτο
683 3200 776 3254 τῆς
803 3192 1082 3253 Ἑλληνικῆς
1110 3193 1224 3248 έστι
1267 3191 1582 3266 φιλοσοφίας,
1609 3191 1748 3255 ξένης

169 3292 232 3343 καὶ
255 3288 534 3364 ἀλλοτρίας
563 3285 725 3350 οὔσης
752 3293 854 3343 τῶν
901 3283 954 3340 ἕν
1004 3281 1208 3360 Χριστῷ
1236 3285 1464 3344 εύσεϐῶς
1505 3283 1744 3339 θελόντων

169 3382 256 3456 ζῇν.
289 3400 308 3434 .

225 3476 316 3525 Τοῦ
353 3470 520 3525 αύτοῦ
560 3468 614 3522 ἐκ
648 3475 740 3528 1n”:
764 3471 1156 3541 μυσταγωγίας,
1197 3465 1258 3529 ἧς
1289 3465 1572 3527 ἕποιήσατο
1620 3465 1750 3540 πρὸς

174 3562 246 3618 τάν
267 3561 549 3626 ίκκλησίαν,
578 3560 768 3632 μέλλων
805 3561 892 3617 τόν
919 3569 1010 3617 τοῦ
1040 3563 1328 3638 μαρτυρίου
1355 3563 1602 3636 στέφανον
1628 3563 1748 3616 ἀνα-

183 3645 423 3722 δίχισθαι⁴
446 3651 571 3706 «Διά
599 3657 753 3707 τοῦτο
780 3653 1081 3729 παρακαλῶ,
1108 3661 1427 3731 γρηγορεῖτε,
1459 3651 1537 3709 ὅτι
1557 3655 1628 3714 εἰς
1655 3653 1753 3708 θλί-

182 3739 252 3810 ψιν
287 3745 430 3801 πάλιν
472 3745 679 3817 μέλλετε
731 3747 989 3801 εἰσελθεῖν.
1025 3745 1205 3803 Οἴδατε
1254 3750 1452 3808 πόσους
1491 3744 1754 3808 κινδύνους

184 3832 415 3908 ὑπέμεινεν
456 3836 484 3893 ό
534 3837 830 3912 ἀναθρέψαι·
868 3859 932 3908 με
974 3843 1150 3914 πατήρ
1197 3860 1297 3910 μου
1347 3841 1428 3900 καὶ
1479 3839 1756 3900 ἐπίσκοπος

186 3931 345 3988 Θεονᾶς
372 3928 472 3984 ἀπό
497 3932 810 4000 μαινομένων
834 3929 908 3990 είς
932 3929 1000 3984 τά
1027 3925 1240 3983 εἶδωλα⁶
1277 3923 1337 3982 οὗ
1366 3929 1453 3981 καὶ
1480 3926 1566 3981 τὸν
1589 3927 1756 3999 θρόνον

188 4011 466 4092 δκδεξὰμην,
499 4018 600 4074 εἴθε
641 4017 696 4076 δέ
729 4022 813 4076 καί
853 4022 935 4076 τὸν
961 4021 1168 4097 τρόπον’
1198 4022 1268 4082 ὡς
1311 4017 1367 4075 δέ
1407 4023 1492 4076 καί
1531 4018 1558 4074 ό
1597 4020 1756 4094 μέγας

191 4113 414 4177 Διονύσιος
457 4115 941 4191 κατακρυπτόμενος
981 4117 1084 4171 ἀπὸ
1111 4115 1280 4171 τόπων
1307 4115 1379 4175 είς
1417 4113 1630 4177 τόπους,
1676 4115 1758 4168 καὶ

194 4199 298 4272 πρὸς
317 4202 474 4276 τούτῳ
522 4207 611 4260 καὶ
651 4205 918 4261 Σαϐελλίου
962 4205 1236 4268 θλίϐοντος.
1263 4206 1324 4260 Τί
1358 4203 1413 4261 δέ
1453 4203 1578 4260 εἴπω
1606 4203 1758 4280 Ἠρα-

195 4290 292 4346 κλᾶν
325 4300 403 4352 καί
427 4302 736 4373 Δημήτριον,
764 4301 884 4360 τούς
923 4299 1203 4376 μακαρίους
1248 4297 1584 4368 ὶπισκόπους,
1617 4299 1758 4361 οἵους

1875 878 2032 947 Quod
2057 886 2236 935 autem
2265 887 2320 934 et
2347 879 2517 935 sancti
2555 877 2764 948 Patres,
2793 887 3078 950 sequentes
3105 881 3394 952 inspiratas

1805 969 2060 1027 divinitus
2083 969 2408 1041 Scripturas,
2437 971 2599 1026 talem
2619 970 2918 1026 doctrinam
2945 971 3390 1040 condemnarunt,

1807 1077 1913 1118 una
1926 1077 2048 1118 cum
2069 1059 2320 1131 Origene,
2337 1063 2428 1132 qui
2445 1063 2561 1119 hmo
2581 1071 2916 1119 commentus
2935 1075 3035 1130 est,
3047 1063 3156 1134 jam
3177 1065 3396 1136 quidem

1809 1169 1880 1210 ex
1907 1153 1972 1209 iis
2000 1169 2120 1226 qua:
2163 1153 2240 1209 illi
2290 1153 2571 1222 dixerunt,
2604 1163 2791 1227 aperte
2819 1158 3152 1216 ostendimus
3179 1176 3192 1210 :
3219 1158 3389 1214 nihilo

1812 1250 1994 1300 tamen
2015 1245 2192 1300 secius
2221 1252 2276 1300 et
2303 1259 2372 1300 ex
2400 1245 2804 1316 insequentibus
2832 1243 3050 1302 Patrum
3080 1247 3400 1304 testimoniis

1811 1351 1997 1392 sumus
2020 1335 2458 1392 demonstraturi.
2510 1337 2589 1393 Ae
2631 1338 2863 1408 primum
2889 1349 3133 1396 sanctum
3162 1341 3398 1408 Petrum,

1812 1428 1904 1499 qui
1924 1427 2206 1499 episcopus
2227 1427 2560 1484 Alexandriae
2581 1438 2637 1485 et
2655 1439 2857 1504 martyr
2876 1431 2996 1500 fuit,
3017 1447 3402 1504 proponemus,

1817 1521 2186 1578 testimonium
2215 1523 2413 1578 nostris
2433 1522 2515 1579 his
2535 1527 2874 1583 sermonibus
2902 1530 3297 1599 perbibentem.

1891 1614 1948 1671 S.
1974 1614 2122 1671 Petri
2142 1617 2382 1688 episcopi
2403 1617 2740 1675 Alexandriae
2761 1629 2817 1676 et
2842 1625 3112 1696 martyris,
3136 1640 3206 1681 ex
3233 1625 3405 1696 primo

1749 1741 1798 1802 Β
1822 1721 2091 1773 sermone,
2123 1707 2268 1778 quod
2297 1723 2401 1764 nec
2425 1712 2746 1780 praeexstitit
2765 1713 2962 1782 anima,
2988 1731 3108 1784 nec,
3136 1733 3259 1773 cum
3285 1733 3406 1789 pee-

1826 1806 2021 1866 casset,
2037 1807 2327 1869 propterea
2347 1800 2400 1854 in
2421 1816 2618 1873 corpus
2640 1804 2802 1860 missa
2815 1813 2927 1862 est:
2950 1825 2969 1859 ι
2991 1805 3408 1879 Duximus'qum—

1829 1887 1954 1943 dam
1983 1888 2052 1944 de
2081 1889 2256 1960 primo
2284 1906 2316 1946 e
2344 1899 2489 1947 terra
2535 1901 2751 1952 terreno
2781 1896 2998 1953 homine
3041 1899 3410 1970 proponenda.

1829 1987 1889 2036 ut
1909 1980 2310 2038 demonstretur
2329 1999 2495 2039 unum
2522 1993 2578 2040 et
2602 1987 2850 2043 eumdem
2878 1990 3067 2046 eodem
3091 1991 3145 2046 in
3173 2000 3412 2063 tempore

1827 2088 1948 2130 esse
1976 2074 2173 2130 factum
2204 2093 2217 2129 :
2244 2077 2486 2146 quamvis
2508 2079 2904 2147 particulariter
2926 2097 3307 2152 nonnunquam
3336 2085 3411 2138 in-

1829 2165 2001 2220 terior
2027 2173 2084 2221 et
2109 2167 2348 2222 exterior
2370 2167 2534 2224 homo
2563 2167 2789 2226 dicatur.
2817 2170 2950 2226 Nam
2979 2173 3100 2238 etsi,
3126 2174 3414 2229 secundum

1831 2255 2125 2312 salutarem
2153 2271 2458 2314 sermonem
2483 2299 2498 2326 ,
2539 2260 2631 2331 qui
2659 2261 2917 2318 interiora
2943 2261 3070 2319 fecit
3091 2306 3108 2332 ,
3150 2265 3415 2322 exteriora

1834 2361 2055 2418 quoque
2082 2348 2248 2405 fecit:
2277 2357 2459 2406 tamen
2480 2351 2648 2408 semel
2677 2359 2732 2408 et
2757 2353 2947 2409 eodem
2974 2363 3234 2426 tempore,
3265 2355 3318 2411 id
3341 2361 3417 2412 est

1834 2449 2025 2505 eadem
2053 2449 2141 2505 die
2163 2491 2180 2516 ,
2223 2467 2344 2508 cum
2373 2451 2508 2508 dixit
2535 2453 2678 2510 Deus
2711 2471 2724 2508 :
2751 2452 3032 2511 Faciamus
3071 2457 3330 2513 hominem
3356 2475 3418 2512 αο

1835 2541 2119 2616 imaginem
2157 2555 2207 2600 et
2234 2545 2626 2602 similitudinem
2651 2558 2917 2616 nostram;
2967 2565 3037 2606 ex
3075 2565 3184 2620 quo
3221 2550 3418 2622 perspi-

1837 2650 1998 2691 cuum
2019 2644 2121 2702 est,
2145 2652 2254 2693 non
2275 2653 2344 2693 ex
2365 2652 2678 2709 congressu,
2700 2640 2854 2711 quasi
2877 2641 3079 2712 aliquid
3100 2641 3246 2696 aliud
3272 2650 3419 2698 ante-

1842 2737 2088 2803 cesserit,
2112 2745 2168 2793 et
2188 2753 2257 2794 ex
2277 2739 2385 2795 alio
2405 2739 2528 2795 loco
2550 2741 2885 2810 convenerit,
2905 2741 3101 2798 factum
3123 2757 3262 2798 esse.
3294 2741 3423 2796 Nam

1845 2830 1890 2885 si
1922 2843 2244 2898 congressus
2273 2831 2392 2899 fuit,
2417 2833 2772 2901 quamobrem
2810 2835 3140 2906 descriptum
3177 2844 3260 2892 est
3288 2835 3425 2907 quod

1839 2921 1952 2990 jam
1980 2919 2181 2975 factum
2211 2922 2419 2975 fuerat?
2447 2921 2517 2976 Et
2552 2931 2676 2992 post
2703 2925 2807 2978 alia
2839 2943 2852 2978 :
2883 2925 3070 2995 Itaque
3098 2941 3210 2984 non
3235 2927 3425 2998 reeipi-

1848 3019 1956 3076 tur,
1988 3019 2115 3065 ante
2140 3025 2370 3080 corpora
2397 3011 2451 3065 in
2473 3012 2612 3068 cmlo
2633 3028 2857 3084 peccare
2883 3015 3109 3081 animas,
3136 3031 3254 3086 qua:
3278 3032 3426 3086 pror-

1848 3116 1942 3156 sus
1967 3115 2035 3156 ne
2077 3109 2202 3156 ante
2230 3117 2459 3172 corpora
2489 3103 2705 3174 quidem
2735 3102 3121 3174 substiterunt;
3152 3107 3265 3162 haec
3293 3107 3431 3163 enim

1851 3193 2094 3249 doctrina
2115 3209 2145 3247 a
2168 3209 2500 3264 paganorum
2529 3195 2866 3268 philosophia
2890 3207 2992 3263 est,
3017 3214 3135 3270 quae
3158 3200 3431 3272 peregrina

1851 3293 1974 3351 est,
2025 3292 2080 3341 et
2129 3285 2198 3340 ab
2243 3286 2308 3341 iis
2355 3286 2568 3356 aliena,
2621 3288 2712 3358 qui
2756 3289 2845 3360 pie
2893 3290 2949 3346 in
2995 3289 3210 3347 Christo
3249 3293 3432 3348 volqu

1849 3377 2054 3433 vivere.

1927 3467 2178 3538 Ejusdem
2205 3484 2274 3526 ex
2312 3472 2646 3543 mystagogia
2683 3487 2843 3544 quam
2873 3473 3000 3531 fecit
3028 3475 3096 3531 ad
3125 3475 3436 3544 Ecclesiam,

1855 3577 1979 3618 eum
2009 3563 2254 3635 martyrii
2285 3578 2541 3620 coronam
2570 3575 2918 3637 suscepturus
2946 3577 3090 3625 esset
3122 3587 3133 3622 :
3173 3589 3191 3622 ι
3223 3568 3436 3642 Propte-

1857 3669 1952 3710 rea
1980 3654 2230 3721 obsecro,
2261 3656 2499 3726 vigilate.
2534 3656 2894 3715 Afﬂictionem
2923 3660 3064 3716 enim
3094 3678 3307 3718 rursum
3333 3664 3438 3719 adi-
3515 3695 3525 3710 ι

1860 3744 1969 3800 turi
1995 3745 2144 3800 estis.
2177 3745 2338 3813 Scitis
2366 3747 2512 3817 quod
2553 3747 2782 3804 subierit
2810 3751 3043 3820 pericula
3083 3752 3174 3821 qui
3203 3768 3289 3808 me
3315 3769 3438 3809 enu-

1857 3838 2010 3893 trivit
2032 3846 2188 3909 pater
2211 3853 2365 3895 meus
2391 3847 2447 3896 et
2474 3840 2760 3913 episcopus
2789 3842 3056 3911 Theonas,
3087 3844 3156 3899 ab
3182 3845 3248 3900 iis
3275 3845 3366 3915 qui
3394 3845 3440 3900 in

1857 3931 2001 3988 idola
2024 3931 2322 3990 insanirent
2345 3951 2359 3988 :
2383 3934 2438 3989 in
2462 3934 2614 4006 cujus
2634 3950 2734 4006 ego
2757 3937 2938 3993 sedem
2968 3933 3218 4002 successi,
3246 3938 3442 3992 utinam

1859 4021 2024 4078 etiam
2052 4021 2106 4076 in
2135 4023 2348 4080 mores!
2395 4023 2546 4079 scitis
2576 4033 2634 4079 ut
2660 4040 2882 4094 magnus
2913 4041 2971 4080 se
3000 4026 3225 4094 gesserit
3253 4025 3441 4096 Diony-

1857 4113 1992 4181 sius,
2028 4114 2120 4184 qui
2147 4130 2208 4171 se
2237 4130 2269 4171 e
2297 4115 2432 4172 locis
2457 4117 2511 4171 in
2541 4115 2661 4172 loca
2689 4117 2937 4182 abdebat,
2963 4131 3081 4170 cum
3109 4115 3325 4184 insuper
3353 4115 3444 4169 Sa-

1862 4203 2054 4260 bellius
2102 4203 2381 4277 aiiligeret.
2436 4206 2575 4272 Quid
2625 4221 2789 4276 porro
2836 4206 3011 4260 dicam
3058 4202 3340 4260 lleraelam
3392 4216 3447 4263 et

1864 4296 2195 4354 Demetrium
2252 4299 2442 4353 beatos
2497 4298 2825 4367 episcopos?
2885 4297 3070 4368 quales
3127 4297 3448 4356 tentatioues

199 4394 476 4463 πειρασμούς
503 4393 806 4452 ὑπέστησαν
833 4392 935 4478 ύπὸ
962 4399 1050 4448 τοῦ
1079 4394 1319 4464 μανίντος
1343 4393 1648 4468 Ὦριγένους,
1672 4414 1736 4445 κα

1861 4390 2232 4446 sustinuerunt
2257 4391 2326 4445 ab
2353 4391 2544 4444 insano
2571 4388 2822 4460 Origene,
2854 4405 2977 4445 cum
3007 4389 3121 4460 ipse
3149 4389 3367 4448 dissidia
3398 4393 3448 4446 in

199 4479 329 4534 αὐτοῦ
352 4489 626 4558 σχίσματα
653 4485 923 4560 βάλλοντος
957 4488 1004 4542 ἓν
1037 4494 1101 4562 τῇ
1131 4485 1393 4560 ίκκλησίᾳ,
1428 4487 1496 4539 τὰ
1535 4484 1632 4543 ἕως
1667 4487 1760 4541 σή-

202 4589 328 4647 μερον
351 4581 595 4654 ταραχὰς
765 4582 1060 4656 ἐγείραντα;
1084 4598 1102 4631 ι
1119 4587 1227 4640 Πῶς
1248 4581 1413 4634 τοίνυν
1440 4576 1655 4633 δύναταί
1681 4597 1760 4636 τις

201 4669 286 4716 τῶν
317 4661 366 4720 ὦ
388 4671 690 4746 φρονούντων
713 4674 1061 4730 ἐναντιοῦσθαι
1089 4679 1196 4734 τοῖς
1218 4673 1350 4727 κατά
1375 4671 1661 4747 Ὠριγίνους
1685 4670 1758 4724 εί-

204 4759 412 4828 ρημᾶνοις
448 4768 589 4841 παρὰ
615 4773 708 4824 τοῦ
739 4766 883 4842 ἁγίου
912 4767 1177 4842 μάρτυρος
1202 4767 1289 4821 καί
1316 4763 1597 4820 ἐπισκόπου
1626 4759 1758 4821 Ἀλε-

203 4842 434 4934 ξανδρείας
454 4857 678 4934 Πέτρου;
710 4855 770 4919 ὅς
807 4877 888 4919 τις
913 4857 1001 4914 τόν
1029 4856 1178 4912 καλὸν
1202 4855 1336 4931 ύπέρ
1371 4860 1594 4930 Χριστοῦ
1635 4855 1756 4910 ἀνα-

208 4927 440 5011 δεξάμενος
477 4927 654 5020 ἀγῷνα
671 4987 686 5012 ,
718 4948 777 5003 ού
823 4947 970 5019 μόνον
1013 4927 1331 5022 ἀπεκήρυξεν
1380 4927 1635 5022 ⁶ιίιριγένην
1676 4947 1764 5002 καί

211 5024 262 5078 τά
283 5037 475 5113 μυσαρὰ
505 5039 676 5094 αὐτοῦ
717 5037 971 5112 δόγματα,
1013 5037 1138 5094 ἀλλὰ
1176 5040 1263 5094 καί
1302 5045 1563 5114 μαρτυρεῖ
1607 5040 1676 5100 ὥς
1717 5037 1764 5092 θἱ

213 5120 295 5188 πρὸ
318 5125 462 5184 αὐτοῦ
494 5129 636 5202 ἅγιοι
660 5131 880 5208 πατέρες
903 5130 1121 5193 πολλούς
1148 5130 1419 5202 ύπίμειναν
1447 5130 1765 5202 πειρασμούς

215 5207 396 5300 amitis
417 5220 602 5279 ίκείνου
631 5207 1042 5300 φρενοϐλαϐείας.

271 5299 374 5362 Biar:
396 5307 447 5367 δέ
472 5317 555 5369 καί
580 5315 608 5370 ό
708 5313 871 5390 ἁγίοις
891 5315 1210 5379 ’Δθανὰσιος,
1243 5313 1527 5374 έπίσκοπος
1559 5313 1646 5369 καί
1671 5313 1766 5368 αύ-

218 5392 289 5454 τὸς
307 5396 662 5483 Ἀλεξανδρείας
687 5409 967 5482 γένομενος,
988 5410 1042 5463 έν
1073 5415 1148 5482 τῷ
1187 5407 1316 5480 λόγῳ
1340 5414 1415 5479 τῷ
1449 5409 1524 5469 είς
1545 5408 1632 5464 τόν
1659 5408 1768 5478 βίον

223 5493 299 5542 τοῦ
322 5503 562 5576 μακαρίου
583 5506 854 5570 ’Δντονίου,
873 5508 1060 5560 ταῦτα’
1086 5507 1220 5563 «Πῶς
1253 5499 1306 5557 δέ
1333 5502 1604 5573 χλευάζειν
1631 5504 1768 5574 ’δίιᾶῖ

223 5577 404 5671 Wa
425 5590 655 5664 λέγοντας
676 5597 754 5662 τό,
796 5596 1015 5671 Χριστόν
1040 5593 1304 5671 ἄνθρωπον
1346 5597 1730 5668 πεφανερῶσθαι
1747 5637 1765 5663 ,

226 5664 379 5767 ἄηται
404 5683 544 5758 ὑμεῖς
584 5692 640 5745 ἐκ
680 5697 772 5746 τοῦ
798 5697 888 5745 νοῦ
915 5695 1008 5751 τήν
1031 5691 1213 5764 ψυχήν
1253 5690 1524 5767 ὁρίζοντες.
1554 5693 1765 5762 φὰσκετε

226 5765 538 5836 πεπλανῆσθαι
562 5783 737 5851 αύτην,
765 5787 849 5838 καὶ
885 5785 1205 5841 πεπτωκέναι
1230 5783 1334 5840 ἀπὸ
1357 5791 1449 5843 τῆς
1473 5780 1654 5854 ἁψῖδος
1679 5791 1769 5839 τοῦ

229 5853 416 5934 ’ὕρΜῦ
443 5872 514 5934 εἰς
549 5881 730 5950 σῶμα;
766 5895 783 5928 ι
825 5883 910 5934 Δεῖ
933 5877 1216 5954 προσίχειν
1245 5878 1367 5940 τούς
1393 5877 1771 5954 ἀκροωμένους,

1861 4483 2107 4540 Ecclesia
2133 4491 2380 4554 sereret,
2417 4497 2538 4554 quae
2565 4485 2631 4540 ad
2660 4485 2801 4542 hanc
2824 4500 2994 4556 usque
3019 4483 3161 4542 diem
3191 4486 3241 4542 ei
3271 4486 3451 4543 turbas

1863 4575 2136 4630 excitant?
2173 4593 2191 4628 ι
2222 4574 2304 4631 An
2334 4576 2496 4647 igitur
2518 4585 2698 4648 potest
2725 4577 2916 4648 aliquis
2942 4578 3081 4634 bene
3108 4577 3451 4635 sentientium

1863 4664 1932 4721 iis
1973 4665 2288 4738 adversari,
2325 4684 2445 4740 qua:
2489 4670 2544 4725 in
2572 4667 2856 4738 Origenem
2883 4668 3025 4726 dicta
3053 4679 3180 4725 sunt
3205 4684 3238 4724 a
3265 4678 3453 4726 sancto

1866 4767 2104 4832 martyre
2125 4770 2180 4817 et
2203 4763 2460 4834 episeopo
2480 4762 2814 4819 Alexandriae
2836 4763 3035 4819 Petro?
3062 4764 3155 4834 qui
3180 4764 3453 4834 egregium

1865 4870 1966 4928 pro
1995 4853 2210 4912 Christo
2237 4867 2510 4913 certamen
2557 4858 2851 4928 suscipiens
2873 4898 2890 4925 ,
2929 4872 3037 4913 non
3065 4857 3238 4913 solum
3267 4856 3456 4927 Orige-

1867 4963 1993 5003 nem
2018 4989 2035 5015 ,
2072 4949 2500 5020 sceleratamque
2527 4949 2645 5020 ejus
2669 4949 2973 5006 doctrinam
3002 4949 3273 5006 abdicavit
3297 4991 3312 5016 ,
3355 4949 3454 5004 sed

1866 5039 2030 5094 etiam
2082 5039 2400 5094 testiﬁcatur
2447 5048 2670 5097 sanctos
2715 5041 2808 5110 qui
2859 5049 2985 5097 ante
3022 5041 3197 5112 ipsum
3243 5039 3456 5095 fuerant

1867 5129 2057 5187 Patres
2105 5130 2302 5187 nmltas
2344 5131 2662 5188 sustinuisse
2708 5133 3030 5190 tentationes
3072 5134 3140 5190 ab
3176 5132 3317 5190 illius
3362 5130 3457 5186 de-

1868 5223 2090 5278 ruentia.

1947 5313 2092 5371 Dixit
2114 5331 2331 5386 quoque
2357 5325 2576 5374 sanctus
2613 5319 2934 5376 Athanasius
2953 5359 2968 5385 ,
3000 5319 3170 5390 quiet
3199 5319 3311 5389 ipse
3339 5316 3459 5390 cpi.-

1875 5422 2071 5481 scopus
2101 5407 2200 5465 fuit
2227 5411 2585 5478 Alexandriae,
2616 5411 2673 5467 in
2699 5427 2950 5470 sermone
2973 5412 3041 5468 de
3066 5411 3209 5467 beati
3239 5410 3461 5466 Antonii

1874 5503 1986 5558 vita
2018 5519 2033 5556 :
2071 5521 2090 5556 ι
2117 5501 2399 5570 Quomodo
2436 5519 2536 5560 nos
2577 5504 2800 5561 irridere
2842 5503 3049 5560 audetis
3074 5547 3089 5572 ,
3117 5503 3208 5573 qui
3234 5501 3463 5560 dicimus

1875 5594 2149 5650 Christum
2191 5596 2464 5653 hominem
2503 5598 2906 5654 manifestatum
2937 5599 3092 5652 esse?
3129 5612 3252 5652 cum
3281 5605 3337 5653 et
3366 5614 3464 5652 vos

1878 5687 1947 5743 de
1958 5695 2139 5744 mente
2150 5688 2384 5744 animam
2401 5705 2522 5746 esse
2533 5690 2872 5756 deﬁnientes,
2886 5703 3006 5743 eam
3027 5703 3234 5747 errasse
3246 5689 3466 5755 dicatis,

1879 5796 1944 5838 ac
1991 5779 2060 5836 de
2107 5780 2290 5853 apside
2329 5782 2452 5839 casti
2481 5783 2534 5837 in
2563 5797 2762 5852 corpus
2790 5781 3084 5839 cecidisse?
3120 5803 3138 5836 ι
3174 5783 3465 5840 Attennant

1877 5874 1972 5945 qui
1999 5873 2263 5945 audiunt,
2303 5884 2548 5934 sanctum
2577 5872 2930 5936 Athanasium
2957 5874 3023 5935 iis
3051 5887 3236 5950 aperte
3265 5877 3454 5942 adven-

3452 461 3471 540 ἲ

3446 562 3476 650 is
