3988 6346
533 255 642 318 195
1912 245 2202 305 VlGlLlUS

527 375 616 438 ὅτι
641 372 668 430 δ
693 373 744 430 ἓν
778 368 940 441 ἀνίαις
976 365 1271 431 Ἀοατασιος
1315 377 1492 443 σαφῶς
1535 371 1852 426 ἐναντιοῦται
1901 374 2006 426 τοῖς
2048 367 2124 418 λέ·
2152 366 2201 424 Α

537 490 690 544 γουσι
731 465 1088 542 προϋπάρχειν
1115 469 1198 521 τὸν
1230 473 1363 531 νοῦν,
1405 472 1488 524 καὶ
1528 469 1579 522 ἐκ
1619 470 1803 524 τούτου
1825 470 2123 542 γεγενῆσθαι

537 571 626 626 τήν
655 565 834 635 ψυχὴν
861 562 1257 637 ἁμαρτήσασαν,
1289 564 1374 616 καί
1409 577 1735 618 πεπτωκυῖαν
1759 564 1861 618 ἀπὸ
1889 571 1979 624 τῆς
2002 561 2122 635 ἀψῖ-

534 659 619 719 ὃος
645 661 740 713 τοῦ
759 657 969 733 οὐρανοῦ
997 657 1068 716 εἰς
1097 662 1264 724 σῶμα.

605 779 708 828 Τοῦ
751 773 904 828 αὐτοῦ
944 770 1091 842 ἁγίου
1127 772 1411 826 ’Δθανασίου
1451 771 1506 824 ix
1547 776 1637 826 106
1689 773 1819 827 κατὰ
1862 771 2130 841 ’Λρειανῶιί

535 855 778 932 δευτέρου
807 856 986 931 λόγου·
1015 875 1032 910 ι
1059 863 1206 914 Πᾶσα
1227 861 1257 917 ἡ
1282 858 1542 930 φαινομένη
1581 857 1748 918 κτίσις
1778 855 1826 909 ἐν
1853 855 1904 920 ἓξ
1925 854 2135 927 ἡμέραις

536 948 726 1020 γέγονε·
755 951 840 1003 καί
867 957 928 1023 τῇ
953 951 1044 1020 μὲν
1067 952 1238 1025 πρώτῃ
1261 952 1318 1006 τὸ
1343 956 1468 1022 φῶς,
1499 945 1624 1024 ὅπερ
1654 948 1885 1002 ἐκάλεσεν
1909 948 2132 1022 ἡμέρανο

538 1047 604 1112 τῇ
629 1037 682 1093 δὲ
712 1038 922 1117 δευτέρᾳ
946 1043 1004 1096 τὸ
1035 1043 1325 1116 στερέωμα,
1360 1044 1444 1096 καί
1473 1049 1534 1115 τῇ
1565 1043 1711 1117 τρίτῃ
1742 1043 2046 1113 συναγαγὼν
2073 1040 2137 1094 τά

538 1129 723 1197 ὕδατα,
761 1131 916 1197 ἔδειξε
965 1139 1055 1194 τὴν
1092 1137 1272 1208 ξηρὰν,
1313 1137 1393 1188 καί
1433 1135 1554 1194 τοὺς
1604 1135 1652 1187 ἓν
1699 1134 1829 1206 αὐτῇ
1872 1134 2136 1193 ποικίλους

537 1228 798 1298 προήγαγε
839 1230 1091 1300 καρποὺς,
1121 1229 1209 1280 καί
1238 1233 1297 1299 τῇ
1337 1226 1558 1300 τετάρτῃ
1601 1226 1841 1282 πεποίηκε
1880 1225 1965 1278 τὸν
2000 1224 2135 1282 ἥλιον

539 1318 621 1369 καί
648 1321 736 1374 τὴν
771 1317 1000 1383 σελήνην,
1032 1321 1115 1372 καί
1143 1319 1312 1373 πάντα
1340 1317 1425 1371 τόν
1464 1323 1560 1372 τῶν
1596 1317 1824 1393 ἀστέρων
1857 1317 2041 1393 χορόν·
2074 1324 2136 1392 τῇ

540 1405 596 1462 3i
619 1411 834 1482 πέμπτῃ
858 1418 960 1465 τῶν
987 1411 1036 1464 ἐν
1162 1411 1382 1485 Θαλάττῃ
1413 1414 1574 1476 ζώων,
1601 1414 1688 1467 καί
1715 1418 1815 1467 τῶν
1845 1412 1892 1464 ἒν
1922 1419 1994 1481 τῷ
2025 1412 2138 1486 ἀέρι

539 1506 779 1554 πετεινῶν
807 1505 898 1559 τήν
931 1502 1126 1573 γένεσιν
1154 1499 1350 1556 ἔκτισε·
1381 1509 1443 1576 τῇ
1475 1500 1528 1555 δὲ
1559 1502 1673 1574 ἕκτῃ
1716 1499 2014 1577 τετράποδα
2054 1501 2138 1554 ἐπὶ

539 1598 630 1652 τῆς
659 1600 751 1664 γῆς
779 1597 1043 1656 πεποίηκε,
1069 1595 1152 1649 καί
1171 1594 1346 1648 λοιπὸν
1373 1594 1457 1649 τὸν
1479 1589 1742 1668 ἄνθρωπον
1761 1595 1845 1649 τὸν
1872 1593 1924 1647 ἐκ
1954 1593 2137 1664 ψυχῆς

537 1680 730 1752 λογικῆς
762 1687 843 1739 καί
863 1693 1122 1757 σώματος.
1150 1685 1310 1740 Τὰτε
1341 1685 1591 1764 ἀόρατα
1631 1687 1818 1740 αὐτοῦ
1860 1687 1985 1741 ἀπὸ
2014 1687 2138 1740 κτί-

2243 241 2415 294 ιιπεχ
3360 234 3364 236 ’
3702 234 3800 298 IN

2284 279 2390 294 ιο-.
2426 281 2438 294 α
3357 275 3364 283 ι

2229 358 2332 411 sari
2365 357 2454 425 qui
2478 365 2710 410 mentem
2735 358 3078 426 prrccxustere
3098 352 3303 423 dicunt,
3330 360 3387 410 et
3405 365 3476 409 ex
3495 366 3560 409 ea
3582 353 3800 409 animam

2233 457 2424 511 mimi,
2458 464 2574 514 qua:
2605 455 2830 518 peccato
2861 461 2919 502 se
2944 445 3358 514 contaminavit,
3390 461 3455 502 ac
3476 460 3510 502 e
3535 444 3658 504 celi
3685 461 3803 504 eet:-

2230 557 2370 596 vexo
2397 541 2450 596 in
2479 555 2676 610 corpus
2705 539 2990 596 decidisse.

2307 741 2560 814 Ejusdem
2589 743 2648 801 Ξ.
2681 742 2962 801 Athanasii
2990 758 3022 800 e
3069 758 3322 801 sermone
3367 755 3609 802 secundo
3636 755 3812 804 contra

2240 838 2466 891 Arianos
2494 855 2504 890 :
2543 853 2562 887 ι
2587 835 2774 893 Omnis
2800 845 3045 894 creatura
3072 837 3416 908 aSpectabilis
3444 839 3496 892 in
3519 855 3612 894 sex
3641 841 3815 897 diebus

2240 931 2379 986 facta
2405 941 2521 998 est;
2567 948 2630 987 ac
2656 931 2831 1003 primo
2867 933 3084 1002 quidem
3135 933 3223 988 die
3267 932 3359 987 lux
3383 975 3398 1000 ,
3429 949 3588 1002 quam
3617 935 3812 989 vocavit

2237 1023 2410 1088 diem;
2441 1023 2682 1077 secundo
2711 1032 2890 1078 autem
2917 1023 3347 1089 ﬁrmamentum;
3384 1026 3565 1092 tertio,
3588 1026 3818 1079 collectis

2240 1115 2393 1182 aquis
2423 1114 2660 1170 ostendit
2689 1114 2913 1180 aridam,
2945 1115 3231 1186 variosque
3260 1115 3314 1169 in
3343 1129 3405 1170 ea
3437 1116 3692 1187 produxit
3722 1115 3814 1169 fru-

2240 1214 2388 1271 ctus;
2421 1214 2635 1276 quarto,
2671 1205 2798 1261 fecit
2827 1206 2998 1262 solem
3028 1215 3085 1261 et
3110 1207 3312 1272 lunam,
3345 1221 3669 1276 omnemque
3701 1207 3818 1261 stel-

2239 1297 2409 1353 larum
2453 1300 2711 1366 chorum;
2762 1298 2968 1369 quinto,
3016 1299 3181 1353 maris
3217 1299 3547 1363 natatilium,
3587 1300 3820 1368 aerisque

2240 1389 2539 1446 volatilium
2559 1390 2962 1459 generationem
2983 1388 3251 1454 condidit;
3273 1397 3446 1454 sexto,
3471 1388 3592 1442 fecit
3616 1389 3669 1442 in
3693 1397 3820 1444 terra

2241 1482 2638 1554 quadrupedes,
2669 1497 2734 1536 ac
2756 1482 2971 1536 demum
3000 1481 3297 1549 hominem,
3319 1481 3410 1548 qui
3439 1495 3509 1534 ex
3537 1481 3718 1535 anima
3749 1497 3820 1536 ra-

2242 1575 2430 1629 tionali
2459 1582 2541 1629 est
2575 1583 2630 1628 et
2669 1588 2923 1642 corpore.
2970 1573 3045 1626 Ac
3088 1571 3369 1626 invisibilia
3399 1574 3512 1643 ejus
3540 1589 3572 1626 α
3600 1581 3823 1628 creatura

2239 1668 2448 1733 mundi,
2479 1682 2569 1735 per
2596 1681 2658 1718 ea
2686 1680 2801 1736 qua:
2827 1666 2969 1735 facta
3005 1670 3124 1718 sunt
3154 1663 3416 1716 intellecta
3451 1666 3816 1733 conspirinnttn

535 1793 696 1833 σιως
735 1774 978 1844 κόσμου
1005 1784 1143 1836 τοῖς
1168 1781 1485 1848 ποιήμασι
1520 1780 1841 1846 νοούμενα
1871 1778 2135 1852 καθορᾶ-

2246 1757 2417 1830 (Iiom.
2443 1758 2510 1831 1);
2543 1766 2598 1812 et
2627 1771 2802 1828 neque
2820 1757 2914 1812 lux
2941 1765 3026 1811 est
3053 1764 3113 1810 ut
3141 1771 3268 1822 nox,
3292 1771 3469 1826 neque
3494 1757 3577 1812 sol
3607 1766 3666 1811 ut
3692 1757 3822 1822 luna,

536 1884 610 1917 τα
627 1879 664 1918 ε·
682 1862 902 1920 καὶοῦτε
932 1868 990 1923 τὸ
1013 1875 1115 1939 φῶς
1148 1871 1215 1928 ὡς
1241 1870 1273 1926 ἠ
1301 1869 1412 1932 νὺξ,
1435 1866 1548 1924 οὔτε
1574 1867 1599 1923 ὁ
1631 1869 1765 1928 ἥλιος
1783 1870 1850 1929 ὡς
1879 1871 1910 1928 ἡ
1938 1871 2132 1932 σελήνη,

535 1952 656 2012 οὔτε
676 1958 740 2012 τὰ
767 1955 926 2032 ἄλογα
955 1962 1023 2022 ὡς
1053 1960 1294 2034 ὸλογικὸς
1318 1959 1580 2039 ἄνθρωπός
1609 1963 1766 2028 ἐστιν,
1796 1959 1910 2018 οὔτε
1937 1961 2138 2036 ἆγγλοι

537 2051 607 2110 ὡς
627 2051 672 2103 oi
700 2050 892 2126 θρόνοι,
924 2049 1039 2108 οὔτε
1080 2050 1224 2108 οὗτοι
1251 2057 1318 2115 ὡς
1346 2055 1397 2108 αἱ
1426 2057 1670 2119 ἐξουσίαι’
1703 2054 1824 2110 ἀλλὰ
1853 2057 2017 2112 πάντα
2046 2057 2137 2126 μέν

537 2143 652 2197 ἐστι
686 2144 962 2214 κτίσματα,
989 2145 1202 2200 ἕκαστον
1228 2144 1281 2202 δὲ
1306 2153 1406 2201 τῶν
1444 2150 1719 2220 γενομένων
1749 2150 1882 2202 κατά
1911 2150 2049 2219 γένος
2074 2158 2135 2218 τῇ

541 2232 648 2309 ἰδίᾳ
685 2237 840 2311 οὐσίᾳ
867 2240 934 2297 ὡς
962 2239 1179 2311 γέγονεν,
1207 2242 1320 2297 ίστι
1347 2244 1431 2295 καί
1455 2243 1642 2311 μένει.»
1671 2240 1796 2296 ’ἰδοὺ
1824 2244 1903 2296 γαί
1937 2239 1963 2296 ὸ
1994 2240 2137 2314 ἅγιος

539 2325 832 2386 Ἀθανὰσιος
875 2325 1260 2401 παραδίδωσιν,
1299 2329 1377 2386 ὄτι
1414 2333 1543 2403 μετὰ
1584 2331 1753 2386 πάντα
1782 2332 1846 2387 τὰ
1874 2333 2137 2404 κτίσματος

536 2416 776 2476 εποίησεν
804 2417 830 2474 ὸ
855 2421 982 2481 Θεὸς
1013 2423 1101 2476 τὸν
1129 2418 1416 2498 ἄνθρωπον,
1447 2426 1536 2478 τὸν
1563 2426 1618 2477 ἐκ
1649 2428 1887 2497 σώματος
1921 2428 2004 2479 καὶ
2033 2424 2136 2495 ψυ-

541 2515 646 2580 χῆς
681 2516 861 2588 νοερᾶς
907 2517 990 2569 καί
1025 2514 1248 2587 λογικῆς.
1283 2519 1356 2570 Οὐ
1397 2519 1499 2593 γὰρ
1554 2512 1662 2572 εἷπε
1709 2519 1768 2572 τὸ
1813 2525 1965 2588 σῶμα
2005 2520 2136 2587 μετά

541 2601 710 2658 πάντα
755 2605 1019 2676 γενέσθαι,
1061 2607 1150 2661 ἶνα
1192 2611 1624 2683 προϋπάρχουσα
1664 2611 1695 2668 ἡ
1730 2608 1883 2680 ψυχή
1938 2610 2134 2682 εἰσέλθῃ

537 2691 590 2746 iv
609 2693 764 2767 αὐτῷ’
792 2695 896 2749 ἀλλ’
917 2691 1024 2751 εἷπε
1051 2699 1180 2770 μιτά
1204 2701 1374 2756 πάντα
1395 2703 1462 2755 τὰ
1482 2704 1742 2773 κτίσματα
1763 2703 1845 2756 τὸν
1872 2699 2133 2774 ἄνθρωπον

537 2787 870 2860 γεγενῆσθαι,
900 2789 984 2842 τὸν
1011 2790 1066 2843 ix
1085 2788 1267 2860 ψυχῆς
1310 2790 1512 2864 λογικῆς
1535 2796 1621 2848 καί
1646 2796 1906 2863 σώματος·
1937 2791 2134 2855 δεικνὺς

537 2871 619 2932 ὅτι
642 2879 925 2955 ἀμφότερα,
954 2883 1190 2939 τουτέστι
1219 2885 1370 2955 σῶμά
1394 2903 1450 2941 τε
1475 2889 1562 2941 καί
1590 2885 1791 2958 ψυχήν,
1818 2885 1844 2942 ὸ
1867 2888 1990 2947 Θεὸς
2002 2890 2134 2945 κατά

537 2973 726 3030 ταυτὸν
753 2973 1170 3051 ἐδημιούργησεν.

604 3107 805 3171 Ἐπειδὴ
835 3110 889 3166 δὲ
914 3116 998 3168 καί
1025 3121 1181 3170 τοῦτο
1210 3117 1341 3186 μετά
1379 3121 1478 3171 τῶν
1509 3113 1668 3171 ἄλλων
1694 3119 1980 3192 Ὠριγένους
2003 3119 2128 3190 βλα·
2161 3150 2206 3212 C

537 3208 762 3273 σφημιῶν
785 3201 1003 3276 εἴρηται,
1029 3200 1108 3260 ὅτι
1130 3207 1160 3265 ἠ
1181 3213 1272 3261 τοῦ
1300 3209 1484 3283 Κυρίου
1514 3207 1666 3279 ψυχὴ
1690 3218 2022 3288 προϋπῆρχε,
2052 3214 2134 3266 καί

538 3295 700 3368 ταύτῃ
729 3293 754 3348 ὸ
779 3295 901 3357 Θεὸς
942 3295 1087 3368 λόγος
1136 3299 1297 3356 ἧνωτο
1326 3300 1425 3375 πρὸ
1460 3309 1550 3360 τῆς
1579 3301 1633 3354 ἐκ
1661 3302 1904 3378 παρθένου
1934 3306 2134 3380 σαρκὼ-

544 3401 697 3446 σεως⁶
746 3390 829 3440 καί
867 3392 958 3446 τήν
1007 3391 1245 3447 τοιαύτην
1289 3393 1498 3468 ἀναιρῶν
1545 3390 1790 3469 ληρῳδίκν
1830 3394 1984 3454 αὐτὸς
2022 3393 2045 3448 ό
2087 3395 2136 3449 ἐν

539 3474 702 3548 ἁγίοις
729 3479 1018 3540 Ἄθανὰσιος
1048 3479 1098 3534 ἓν
1131 3487 1193 3557 τῇ
1221 3484 1351 3556 πρὸς
1384 3485 1672 3541 Ἐπίκτητον
1717 3483 1978 3560 ἐπιστολῇ,
2008 3485 2137 3557 ii?“

540 3563 944 3632 τάδε-«Εἰκότως
973 3575 1386 3646 καταγνώσονται
1404 3571 1597 3630 ἑαυτῶν
1622 3576 1810 3636 πάντες
1837 3577 1882 3630 οἱ
1910 3580 2137 3647 νομίζον-

540 3679 624 3720 τες
651 3662 751 3736 πρὸ
778 3671 870 3734 τῆς
896 3667 1094 3739 Μαρίας
1124 3661 1250 3720 εἶναι
1296 3671 1385 3724 τήν
1427 3667 1476 3731 ἐξ
1515 3669 1670 3728 αὐτῆς
1705 3671 1899 3746 σάρκα,
1922 3673 2010 3724 καί
2039 3670 2136 3746 πρὸ

539 3751 732 3811 ταύτης
780 3751 1060 3824 ἐσχηκέναι
1095 3755 1275 3827 ψυχήν
1323 3757 1639 3834 ἀνθρωπίνην
1672 3761 1755 3814 τὸν
1798 3762 1918 3814 Θεὸν
1965 3760 2135 3834 λόγον,

537 3845 618 3898 καί
646 3845 696 3898 iv
718 3847 843 3922 αὐτῇ
873 3848 974 3924 πρὸ
995 3855 1088 3910 τῆς
1115 3849 1384 3921 ἐπιδημίας
1415 3853 1493 3906 ἀεὶ
1517 3853 1828 3926 γεγενῆσθαι.
1846 3874 1863 3905 ›
1886 3857 1943 3908 Ei
1970 3857 2138 3911 τοίνυν

539 3938 670 3992 κατὰ
701 3939 764 3992 τὰ
807 3941 1042 4014 εἰρημένα
1072 3948 1144 4016 τῷ
1189 3943 1239 3997 ἓν
1271 3941 1431 4017 ἁγίοις
1470 3942 1768 4017 Ἀθανασίῳ,
1803 3950 1832 4005 ἡ
1862 3947 2015 4020 ψυχὴ
2045 3957 2136 4005 τοῦ

539 4031 716 4106 κυρίου
741 4033 879 4105 ἡμῶν
905 4031 1072 4092 Ἰησοῦ
1095 4041 1325 4111 Χριστοῦ
1347 4042 1435 4091 τοῦ
1463 4039 1597 4094 κατά
1617 4037 1787 4096 πάντα
1815 4038 2140 4112 ὁμοιωθέντος·
2172 4083 2174 4088 -

540 4123 658 4193 ἡμῖν
686 4127 853 4202 χωρίς
877 4124 1156 4204 ἁμαρτίας,
1185 4129 1244 4182 οὐ
1270 4137 1584 4209 προϋπῆρχε
1611 4139 1702 4192 τῆς
1723 4133 1774 4185 ἐν
1795 4136 1950 4210 σαρκί
1978 4135 2140 4190 αὐτοῦ

539 4213 835 4288 ἐπιδημίας,
864 4221 1016 4281 ποίας
1042 4215 1101 4275 ἂν
1127 4219 1205 4281 εἴη
1233 4224 1420 4296 μανίας
1446 4224 1503 4278 τὸ
1531 4221 1708 4296 λέγειν,
1739 4226 1830 4285 τὰς
1857 4221 2013 4288 ἄλλας
2041 4234 2142 4282 τῶν

537 4307 810 4382 ἀνθρῶπων
836 4310 1023 4382 ψυχὰς
1046 4317 1413 4392 προϋπάρχειν
1439 4325 1540 4374 τῶν
1569 4317 1826 4391 σωμάτων
1839 4335 1860 4386 ;

612 4413 932 4494 ’Δκούσωμεν
951 4421 1006 4478 δέ
1026 4429 1156 4502 πρὸς
1177 4430 1380 4491 τούτοις
1404 4433 1488 4486 καὶ
1509 4437 1601 4487 τοῦ
1627 4431 1678 4487 iv
1697 4431 1860 4505 ἁγίοις
1883 4433 2138 4488 Βασιλείου

2243 1863 2420 1918 neque
2469 1848 2648 1918 angeli
2687 1848 2827 1902 sicut
2864 1847 3067 1915 throni,
3095 1861 3274 1918 neque
3304 1847 3361 1902 hi
3403 1859 3463 1902 ut
3497 1856 3822 1919 potestates;

2242 1940 2336 1996 sed
2366 1948 2626 1997 creaturae
2653 1940 2870 2010 quidem
2901 1954 3092 1996 omnes
3119 1947 3264 2005 sunt,
3299 1940 3724 2010 unumquodque
3748 1955 3824 1995 ar.-

2245 2041 2354 2088 tem
2384 2049 2570 2088 eorum
2600 2048 2718 2104 qua:
2747 2039 2866 2087 orta
2907 2041 3032 2087 sunt
3055 2073 3070 2100 ,
3103 2031 3400 2088 secundum
3430 2045 3600 2101 genus
3631 2033 3686 2086 in
3715 2049 3824 2104 pro-

2241 2128 2354 2194 pria
2379 2125 2707 2189 substantia,
2742 2133 2801 2179 ut
2829 2125 3032 2180 factum
3067 2131 3147 2178 est
3166 2161 3181 2188 ,
3212 2124 3454 2194 persistit
3481 2139 3543 2178 ac
3573 2136 3772 2180 manet.
3804 2144 3818 2177 ι

2238 2217 2374 2273 Ecce
2403 2223 2626 2272 sanctus
2671 2231 2889 2286 quoque
2919 2216 3244 2271 Athanasius
3273 2214 3455 2281 tradit,
3500 2225 3628 2285 post
3651 2231 3822 2272 onines

2238 2317 2512 2366 creaturas
2542 2307 2712 2362 Deum
2751 2305 2944 2362 iecisse
2974 2306 3245 2360 hominem
3277 2319 3345 2359 ex
3375 2319 3608 2374 corpore
3634 2315 3691 2360 et
3721 2305 3821 2360 ani-

2239 2420 2324 2460 ma
2348 2402 2682 2472 intelligente
2703 2417 2767 2457 ac
2787 2400 3062 2456 rationali.
3087 2399 3271 2469 Neque
3292 2397 3434 2453 enim
3457 2397 3614 2462 dixit,
3638 2409 3824 2466 corpus

2240 2504 2364 2568 post
2391 2496 2573 2551 omnia
2602 2493 2803 2550 factum
2832 2509 2986 2560 esse,
3018 2500 3078 2548 ut
3103 2491 3454 2562 prabexistens
3489 2490 3674 2544 anima
3703 2489 3754 2543 in
3779 2489 3824 2542 id

2238 2591 2608 2660 ingrederetur
2634 2607 2646 2642 :
2678 2588 2772 2644 sed
2801 2587 2954 2652 dixit,
2979 2593 3104 2656 post
3130 2599 3320 2640 omnes
3348 2589 3630 2638 creaturas
3661 2580 3823 2634 Immi-

2237 2698 2362 2738 nem
2404 2696 2523 2736 esse
2551 2681 2750 2737 factum
2775 2722 2791 2747 ,
2828 2680 2920 2750 qui
2945 2694 3013 2733 ex
3049 2678 3226 2732 anima
3255 2674 3507 2731 rationali
3538 2684 3627 2730 est
3648 2684 3708 2728 et
3727 2689 3825 2729 coro

2238 2788 2371 2845 pore
2398 2792 2412 2826 :
2446 2772 2738 2828 ostendens
2757 2813 2773 2841 ,
2804 2779 3061 2841 utraque,
3093 2768 3146 2824 id
3175 2777 3261 2826 est
3286 2782 3488 2840 corpus
3513 2772 3570 2823 et
3599 2766 3824 2822 mximam

2236 2866 2406 2922 Deum
2433 2865 2595 2922 simul
2618 2864 2935 2922 fabricatum
2965 2877 3107 2921 esse.

2309 3113 2574 3182 Quoniam
2606 3119 2787 3168 autem
2823 3110 3083 3179 Origenes
3113 3107 3182 3164 ad
3221 3113 3444 3164 caeteras
3470 3105 3830 3179 blasphemiae

2239 3205 2343 3261 hoc
2373 3205 2637 3274 adjunxit,
2673 3203 2887 3258 Domini
2915 3202 3151 3258 animam
3180 3201 3329 3273 prius
3357 3199 3652 3266 exstitisse,
3684 3201 3832 3271 eique

2241 3298 2410 3353 Deum
2440 3297 2677 3352 Verbum
2708 3311 2827 3352 esse
2855 3295 3064 3351 unitum
3103 3301 3392 3364 antequam
3428 3308 3460 3348 e
3496 3291 3722 3361 Virgine
3756 3294 3829 3348 in-

2239 3401 2556 3447 carnaretur
2589 3409 2602 3444 :
2632 3392 2738 3448 hoc
2767 3392 2928 3446 etiam
2980 3391 3394 3446 deliramentum
3431 3398 3688 3446 evertens
3729 3391 3835 3460 ipse

2240 3492 2456 3540 sanctus
2472 3484 2794 3540 Athanasius
2817 3484 2871 3538 in
2891 3482 3122 3553 epistola
3142 3482 3210 3538 ad
3231 3480 3551 3551 Epictetum,
3571 3482 3652 3537 sic
3675 3482 3829 3538 dicit:

2248 3596 2265 3627 ι
2294 3575 2486 3631 Merito
2514 3591 2637 3631 sese
2666 3575 3001 3630 damnabunt
3028 3589 3218 3630 omnes
3244 3574 3337 3644 qui
3375 3573 3694 3630 existimant
3720 3581 3837 3630 ante

2241 3665 2464 3720 Mariam
2493 3680 2611 3722 esse
2638 3680 2855 3721 carnem
2877 3704 2892 3730 ,
2931 3679 3052 3734 quae
3078 3679 3146 3719 ex
3176 3678 3242 3718 ea
3283 3671 3392 3729 est;
3441 3678 3506 3719 ac
3549 3671 3684 3719 ante
3726 3678 3836 3722 eam

2240 3759 2492 3815 habuisse
2539 3759 2774 3814 animam
2825 3759 3114 3812 humanam
3166 3755 3337 3810 Deum
3382 3753 3643 3821 Verbum,
3678 3772 3748 3813 ac
3789 3757 3839 3811 in

2242 3865 2306 3905 ea
2351 3858 2477 3906 ante
2528 3849 2816 3906 adventum
2887 3862 3106 3919 semper
3150 3847 3335 3904 fuisse.
3371 3867 3390 3901 ›
3445 3845 3628 3915 Quare
3675 3850 3724 3908 si
3778 3862 3838 3904 ex

2243 3943 2307 3998 iis
2335 3959 2454 4012 quae
2484 3959 2514 3997 a
2541 3954 2729 3998 sancto
2758 3940 3055 3997 Athanasio
3081 3940 3225 3997 dicta
3252 3949 3396 4007 sunt,
3424 3942 3604 3996 anima
3627 3940 3842 3998 Domini

2243 4034 2414 4090 nostri
2433 4033 2562 4088 Jesu
2588 4033 2806 4100 Christi,
2832 4034 2920 4105 qui
2944 4048 3042 4104 per
3063 4033 3243 4088 omnia
3269 4033 3426 4088 nobis
3454 4033 3650 4088 similis
3672 4035 3842 4090 factus

2245 4133 2327 4180 est
2354 4125 2558 4196 absque
2588 4134 2841 4196 peccato,
2875 4140 2983 4180 non
3021 4124 3124 4181 fuit
3165 4132 3291 4179 ante
3319 4124 3435 4194 ejus
3465 4124 3518 4178 in
3551 4139 3728 4182 carne
3754 4123 3844 4180 ad-

2242 4225 2463 4272 ventum
2498 4235 2510 4270 :
2543 4218 2716 4288 qualis
2759 4217 2982 4272 insaniae
3024 4225 3108 4273 est
3129 4256 3146 4284 ,
3183 4216 3366 4273 dicere
3393 4215 3528 4272 alias
3558 4216 3846 4274 hominum

2244 4310 2452 4364 mximas
2481 4318 2606 4365 ante
2635 4325 2864 4381 corpora
2899 4309 3056 4366 esse?

2314 4423 2606 4478 Audiamus
2631 4431 2890 4492 praeterea
2915 4422 2974 4476 S.
2999 4420 3254 4477 Basiliam
3273 4419 3329 4476 in
3347 4434 3604 4476 sermone
3630 4419 3692 4476 in
3715 4419 3844 4476 illud

537 4511 586 4621 iv
609 4518 684 4584 τῷ
710 4512 843 4588 λόγῳ
863 4518 936 4577 εἰς
959 4517 1034 4572 τό·
1061 4525 1151 4574 Ἐν
1180 4521 1356 4596 ἀρχῇ
1384 4520 1500 4581 ἧνὸ
1529 4524 1732 4596 λόγος,
1774 4529 1881 4580 καί
1905 4525 1931 4581 ὁ
1955 4527 2138 4600 λόγος

2248 4515 2431 4589 (Hom.
2465 4514 2575 4586 xvr)
2611 4533 2624 4568 :
2659 4514 2726 4569 In
2757 4514 3013 4586 principio
3042 4522 3156 4568 erat
3210 4512 3433 4568 Verbum
3456 4554 3472 4581 ,
3517 4522 3571 4567 et
3619 4513 3853 4570 Verbum

537 4602 602 4668 ὗν
637 4609 798 4686 πρὸς
826 4613 932 4668 τὸν
960 4613 1138 4679 Θεὸν,
1165 4614 1394 4688 λέγοντος
1424 4615 1606 4677 οὕτως·
1637 4614 1800 4694 εὈρα
1829 4623 1900 4689 μή
1921 4621 2048 4675 ποτέ
2079 4640 2138 4676 σε

539 4702 964 4780 παρακρούσηται
989 4705 1049 4759 τὸ
1071 4703 1333 4776 ὁμώνυμον
1358 4714 1450 4768 τῆς
1470 4715 1652 4779 φωνῆς·
1669 4716 1778 4771 πῶς·
1804 4710 1900 4784 ’γὰρ
1924 4711 1974 4764 έν
1994 4713 2139 4785 ἀρχῇ

539 4789 597 4854 ἧν
617 4790 643 4850 ὅ
663 4795 980 4869 ἀνθρώπινος
1005 4795 1170 4872 λόγος,
1192 4805 1286 4854 τοῦ
1309 4801 1573 4875 ἀνθρώπου
1596 4807 1732 4856 κάτω
1763 4823 1864 4856 που
1894 4802 2142 4865 λαϐόντος

538 4890 630 4945 τήν
654 4887 828 4964 ἀρχὴν
854 4896 948 4950 τῆς
982 4900 1259 4959 γενέσεως
1290 4893 1392 4968 πρὸ
1423 4893 1692 4967 ἀνθρώπου
1722 4896 1888 4963 (inpia,
1925 4896 2025 4969 πρὸ
2043 4897 2134 4950 ἀν-

542 4981 750 5055 θρώπου
793 4986 970 5050 κτήνη,
999 4987 1066 5040 τὰ
1094 4985 1308 5057 ἑρπετὰ,
1339 4984 1440 5042 ὅσα
1469 4995 1699 5063 χερσαῖα
1721 4993 1801 5044 καί
1830 4987 2040 5062 ἔνυδρα,
2072 4993 2138 5047 τὰ

539 5076 747 5130 πετεινὰ
791 5081 885 5131 τοῦ
935 5082 1172 5143 οὐρανοῦ.
1215 5082 1451 5155 ἀστέρες,
1486 5083 1652 5148 ἥλιος,
1683 5083 1882 5147 σελήνη,
1924 5083 2133 5154 βοτάνη,

540 5172 622 5238 γῆ,
648 5165 1184 5239 Θάλασσα,οὖρανὸς.ε
1219 5170 1348 5226 Ἰδοὺ
1378 5172 1402 5226 ὸ
1434 5181 1601 5248 Πατήρ
1632 5183 1802 5246 σαφῶς
1831 5177 1948 5247 ἡμῖν
1973 5197 2138 5248 προα-

543 5255 772 5332 γορεύει,
811 5264 882 5332 μὴ
925 5265 1331 5336 ωναπαχθῆναι
1371 5273 1476 5326 τοῖς
1508 5272 1597 5321 τοῦ
1646 5269 1936 5341 Ὠριγένους
1963 5269 2143 5338 μύθοις

539 5355 657 5426 περὶ
699 5357 791 5413 τῆς
839 5360 938 5408 τῶν
985 5357 1179 5427 ψυχῶν
1227 5361 1719 5434 προῦπὰρξεωςΑἊ)
1762 5358 1990 5417 διδάσκει
2041 5363 2141 5436 γὰρ

543 5447 679 5516 ἡμᾶς
703 5448 754 5500 iv
773 5449 919 5525 ἀρχῇ
943 5450 1029 5505 τὸν
1050 5452 1360 5526 ἀνθρώπινον
1381 5452 1541 5525 λόγον,
1568 5455 1799 5507 τουτέστι
1820 5460 1908 5512 τὴν
1932 5453 2136 5524 χήν,

539 5539 666 5596 ἀλλά
691 5537 970 5615 διαρρήδην
999 5545 1118 5616 βοᾷ,
1145 5543 1221 5600 ὅτι
1244 5550 1271 5604 ἡ
1296 5549 1563 5623 ἀνθρώπω
1586 5551 1782 5618 γένεσις
1809 5550 2004 5623 ὑστέρα
2032 5550 2142 5606 ἐστι

541 5635 745 5689 πάντων
786 5643 883 5690 τῶν
922 5646 1013 5693 τοῦ
1068 5646 1196 5695 Θεοῦ
1241 5643 1547 5712 κτισμάτων.
1604 5644 1658 5694 lii
1687 5647 1852 5694 τοίννν
1881 5645 2050 5699 πάντα
2079 5645 2144 5700 τὰ

540 5727 802 5796 κτίσματα
833 5731 934 5802 πρὸ
974 5738 1066 5786 τοῦ
1102 5733 1400 5809 ἀνθρώπων,
1441 5741 1550 5794 πῶς
1581 5741 1930 5807 προϋπῆρχον
1957 5736 2009 5789 αί
2041 5736 2141 5807 ψυ-

546 5823 674 5892 χαίς
700 5817 762 5874 ’0
786 5824 887 5897 γὰρ
921 5833 1092 5904 πατήρ
1123 5829 1180 5883 οὐ
1209 5828 1311 5903 πρὸ
1347 5834 1437 5884 τοῦ
1468 5830 1737 5904 σώματος,
1767 5827 1892 5906 ἀλλά
1920 5832 2024 5908 πρὸ
2051 5835 2142 5890 τοῦ

2247 4619 2360 4665 erat
2387 4609 2524 4680 apud
2555 4607 2719 4662 Deum
2745 4649 2760 4677 ,
2803 4607 2879 4662 ita
2911 4606 3216 4663 dicentem:
3245 4624 3264 4659 ι
3287 4605 3422 4662 Vide
3449 4621 3524 4663 ne
3547 4608 3782 4678 quando
3801 4615 3856 4661 te

2247 4702 2395 4758 vocis
2423 4701 2742 4770 ambiguitas
2765 4699 2945 4766 fallat;
2988 4699 3261 4770 quomodo
3302 4697 3447 4754 enim
3490 4697 3548 4753 in
3577 4697 3857 4770 principio

2249 4813 2368 4861 erat
2395 4804 2627 4859 humana
2656 4803 2794 4858 ratio
2812 4843 2826 4866 ,
2863 4817 2989 4858 cum
3017 4803 3180 4858 homo
3207 4809 3488 4872 postremo
3513 4800 3858 4873 principium

2250 4895 2615 4968 generationis
2645 4895 2954 4965 acceperit?
2983 4895 3122 4950 Ante
3145 4895 3420 4950 hominem
3449 4893 3606 4950 fuere
3638 4895 3860 4959 bestia,

2250 4995 2375 5042 ante
2404 4986 2675 5041 hominem
2701 4985 2976 5056 jumenta;
3008 4985 3242 5056 reptilia,
3264 4993 3376 5038 tum
3406 4985 3722 5050 terrestria,
3749 4994 3865 5038 tum

2245 5079 2529 5150 aquatilia;
2563 5078 2797 5134 volatilia
2828 5079 2953 5134 caeli
2977 5119 2992 5145 ,
3034 5079 3238 5146 stellae,
3268 5077 3351 5132 sol
3373 5116 3390 5141 ,
3425 5077 3590 5144 luna;
3643 5078 3865 5142 herba},

2252 5181 2422 5238 terra,
2454 5187 2637 5236 mare,
2670 5173 2888 5227 coelum.
2927 5191 2946 5224 ι
2987 5170 3130 5227 Ecce
3154 5169 3316 5227 Pater
3341 5179 3530 5241 aperte
3568 5171 3742 5227 nobis
3774 5172 3870 5227 dc—

2249 5266 2481 5331 nuntiat,
2509 5281 2576 5320 ne
2596 5263 2841 5334 Origenis
2862 5264 3055 5320 fabulis
3083 5265 3151 5320 de
3169 5265 3469 5320 animarum
3491 5268 3874 5335 praeexisten-

2252 5359 2324 5414 tia
2361 5359 2698 5414 inducanmr.
2739 5357 2911 5414 Docet
2949 5358 3094 5413 enim
3133 5372 3267 5424 nos,
3302 5357 3356 5413 in
3386 5357 3658 5428 principio
3692 5355 3877 5412 fuisse

2247 5451 2540 5506 humanam
2569 5450 2858 5520 rationem,
2885 5450 2939 5504 id
2966 5457 3052 5506 est
3079 5450 3314 5506 animam
3348 5467 3364 5503 :
3393 5448 3488 5504 sed
3517 5458 3722 5521 aperte
3756 5451 3878 5507 cia-

2251 5561 2380 5617 mat,
2413 5553 2661 5608 omnibus
2689 5554 2780 5607 Dei
2811 5555 3072 5609 creaturis
3101 5564 3277 5609 ortum
3311 5554 3618 5610 hominibus
3664 5567 3850 5626 poste

2250 5646 2449 5699 riorem
2479 5661 2617 5700 esse.
2653 5645 2707 5699 Si
2735 5662 2862 5713 ergo
2891 5657 3152 5702 creatura:
3179 5663 3368 5702 omnes
3390 5657 3516 5703 ante
3547 5649 3880 5714 hominem,

2250 5739 2526 5806 quomodo
2557 5739 2704 5808 prius
2733 5741 2923 5793 animae
2947 5739 3198 5795 fuerunt?
3227 5740 3388 5795 Pater
3415 5741 3559 5795 enim
3588 5757 3706 5796 non
3737 5753 3886 5798 ante

2251 5845 2468 5910 corpus,
2503 5832 2598 5890 sed
2625 5841 2751 5888 ante
2778 5831 3074 5904 hominem,
3103 5834 3195 5909 qui
3223 5842 3306 5892 est
3327 5836 3507 5892 anima
3538 5843 3596 5893 et
3623 5851 3886 5913 corpus,
