3988 6346
172 298 261 366 19⁸1

1209 295 1579 355 JUSTINIANI
1617 294 1746 355 LIB.
1785 295 1945 357 ADV.
1983 294 2356 357 ORIGENEM.

3318 308 3420 367 {98

172 421 437 501 ἀνθρώπου,
466 415 588 497 ὅπερ
619 416 732 476 ἔστι
756 417 910 492 ψυχή
936 437 993 475 τε
1021 416 1107 474 καί
1136 410 1309 494 σῶμα,
1340 413 1448 474 εἶπε
1477 419 1543 474 τά
1563 419 1728 474 πάντα

1849 414 1963 469 Iicit
1989 415 2171 472 omnia
2199 412 2392 486 fuisse;
2424 430 2495 475 ex
2518 431 2627 492 quo
2662 418 2996 495 ostenditur,
3021 419 3180 480 simul
3210 430 3422 481 utrum-

174 500 471 595 γεγενῆσθαι·
501 516 581 570 καί
616 516 672 571 ἐκ
708 515 893 572 τούτου
937 512 1195 571 δείκνυται
1228 511 1338 585 ἅμα
1382 513 1613 590 ἑκάτερον
1642 510 1733 575 δη-
1800 500 1807 505 ⁸

176 607 530 685 μιονργηθῆναι.

234 703 367 775 Λέγει
390 696 443 756 δὲ
470 702 552 757 καί
581 696 608 756 ό
634 699 687 755 ἓν
714 697 876 774 ἀγίοις
903 696 1177 778 Γρηγόριος
1205 696 1231 756 ό
1260 698 1478 761 Nucem;
1508 698 1557 753 ίν
1580 706 1644 774 τῇ
1664 699 1736 762 εἰς

176 792 246 853 τόν
268 791 513 870 ἄνθρωπον
539 794 890 869 πραγματείᾳ·
930 794 1119 867 ιΤάχα
1144 794 1245 870 γάρ
1266 793 1355 848 οὐκ
1380 789 1480 858 ἔξω
1500 800 1591 853 τῆς
1615 811 1739 869 προ·

179 888 376 961 κειμίνης
400 888 519 959 ἡμῖν
546 889 901 964 πραγμαιφίας
941 885 1074 953 ἐστὶ,
1104 887 1162 942 τὸ
1192 883 1476 950 διεξετάσαι
1498 884 1559 942 τὸ
1585 885 1737 958 ἀμφι·

180 979 443 1055 ϐαλλόμενον
466 984 582 1043 ταῖς
603 980 893 1042 ἕκκληοίαις
920 981 1039 1054 περί
1066 977 1249 1054 ψυχῆς
1276 1000 1333 1036 τε
1363 978 1447 1034 καί
1474 978 1731 1052 σώματος.

176 1076 271 1129 τισί
287 1075 370 1143 μίν
394 1072 495 1149 γάρ
518 1069 659 1128 δοκεῖ
679 1077 779 1127 τῶν
808 1072 911 1149 πρὸ
937 1073 1097 1145 ἡμῶν,
1129 1067 1203 1133 οἷς
1228 1069 1255 1127 ό
1283 1072 1403 1147 περί
1430 1079 1532 1127 τῶν
1557 1073 1739 1150 ἀρχῶν

176 1160 540 1241 ίπραγματεῦθη
577 1162 745 1238 λόγος,
772 1164 1002 1240 καθάπερ
1049 1163 1160 1221 τινά
1203 1158 1360 1238 δῆμον
1387 1162 1437 1219 ίν
1464 1161 1736 1235 ίδιαζούση

179 1254 295 1311 πόλει
333 1258 422 1316 τάς
463 1253 654 1328 ψυχὰς
694 1257 1067 1333 προῦφιστάναι
1110 1256 1295 1330 λέγειν·
1341 1256 1645 1334 προκεῖσθαι
1683 1252 1738 1312 δέ

178 1347 295 1405 κάκεῖ
317 1351 378 1406 τά
403 1354 501 1410 τῆς
530 1348 716 1411 κακίας
757 1352 840 1403 καί
880 1354 972 1409 τῆς
1015 1348 1200 1422 ἀρετ-ῆς
1239 1344 1624 1423 ὑποδείγματα*
1655 1348 1741 1402 καί

177 1439 537 1516 παραμένουσαν
579 1440 670 1511 μέν
709 1438 760 1493 ἕν
788 1446 861 1513 τῷ
889 1438 1023 1515 καλῷ
1057 1446 1152 1501 τήν
1180 1438 1360 1513 ψυχὴν
1398 1447 1490 1499 τῆς
1528 1434 1657 1514 πρὸς
1682 1438 1742 1494 τὸ

178 1538 304 1604 σῶμα
327 1532 624 1607 συμπλοκῆς
651 1532 815 1607 μένειν
854 1532 1167 1609 ἀπείραστον
1186 1551 1197 1563 '
1230 1537 1275 1589 εί
1300 1532 1352 1589 δὲ
1389 1532 1626 1607 ἀπορρυῇ
1648 1539 1742 1593 τῆς

176 1630 251 1680 τοῦ
273 1626 450 1700 ἀγαθοῦ
494 1626 802 1699 μετουσίας,
844 1628 975 1704 πρὸς
1013 1626 1099 1683 τόν
1138 1625 1255 1703 τῇδε
1285 1627 1392 1702 βίον
1419 1625 1741 1682 κατολισθαί-

176 1738 274 1786 νειν,
296 1723 368 1775 καί
409 1718 579 1783 οὕτως
613 1719 661 1774 ἐν
700 1716 899 1793 σώματι
944 1720 1197 1795 γίνεσθαι⁶
1228 1721 1394 1795 ἕτεροι
1418 1717 1471 1774 δέ
1499 1726 1562 1794 τῇ
1605 1718 1740 1775 κατά

176 1810 246 1866 τόν
266 1813 471 1867 Μωῦσέα
515 1809 656 1878 τάξει
681 1820 772 1874 τῆς
803 1820 1125 1873 κατασκευῆς
1160 1816 1247 1866 τοῦ
1281 1811 1548 1886 ἀνθρώπου
1577 1830 1744 1887 προσ-

177 1900 377 1973 ίχοντες,
406 1900 655 1982 δευτέραν
701 1897 827 1960 εἶναι
868 1906 960 1964 την
989 1902 1171 1976 ψυχὴν
1206 1908 1298 1959 τοῦ
1342 1905 1582 1974 σώματος
1611 1900 1741 1957 κατά

176 1995 244 2050 τόν
277 1993 457 2073 χρόνον
501 2000 676 2074 φασίν.
709 1990 913 2057 Ἐπειδὴ
946 2004 1150 2074 πρῶτον
1185 1996 1352 2052 λαϐὼν
1383 1993 1408 2050 ό
1438 1996 1562 2057 Θεὸς
1606 2002 1741 2068 χοῦν

176 2086 262 2143 ἀπὸ
283 2097 367 2150 τῆς
388 2096 481 2163 γῆς
515 2088 604 2144 τόν
629 2064 890 2165 ἀνθρωπον
914 2086 1152 2157 ἔπλασεν,
1183 2083 1270 2144 εἶθ’
1287 2088 1452 2151 οὕτως
1491 2087 1740 2160 mox...”

175 2174 246 2237 διὰ
268 2187 351 2237 τοῦ
375 2180 760 2257 ἔμφυσηματος.
779 2202 797 2235 ε
828 2186 915 2241 καί
942 2182 1056 2256 μετ’
1078 2182 1239 2257 ὀλίγα*
1273 2201 1291 2235 ε
1320 2182 1378 2237 Οἱ
1406 2189 1479 2255 τῷ
1507 2182 1742 2258 προτέρῳ

178 2276 520 2348 παριστάμενοι
547 2272 698 2351 λόγῳ,
728 2278 815 2331 καί
850 2275 1210 2353 πρεσϐυτέραν
1236 2283 1328 2339 τῆς
1357 2276 1407 2329 iv
1436 2276 1588 2351 σαρκί
1610 2278 1744 2339 ζωῆς

176 2368 255 2425 τήν
276 2367 521 2426 πολιτείαν
549 2376 651 2423 τῶν
674 2368 863 2440 φυλῶν
893 2358 1300 2444 δογματίζοντες,
1337 2365 1396 2423 οὗ
1420 2390 1505 2440 μοι
1532 2367 1744 2425 δοκοῦσι

176 2466 261 2515 τῶν
278 2461 558 2522 Ἑλληνικῶν
577 2461 871 2539 καθαρεύειν
896 2470 997 2519 τῶν
1026 2466 1144 2540 περὶ
1166 2471 1259 2524 τῆς
1280 2462 1747 2536 μετεμψυχῶσεως

173 2554 651 2630 μεμυθολογημένων.
693 2556 750 2611 Ei
790 2556 889 2634 γάρ
924 2576 1004 2617 τις
1041 2556 1264 2632 ἀκριϐῶς
1304 2556 1579 2622 ἐξετάσειε,
1612 2554 1746 2632 πρὸς

174 2652 303 2703 τοῦτο
331 2652 463 2709 κατά
494 2652 668 2706 πᾶσαν
690 2650 911 2722 ἀνάγκην
930 2651 1018 2706 τὸν
1046 2648 1187 2724 λόγον
1224 2650 1399 2711 αὐτοῖς
1426 2650 1633 2726 εὑρήσει
1653 2671 1746 2709 κα-

172 2738 514 2817 τασυρόμενον.
551 2743 681 2799 Φασί
704 2764 817 2799 τινα
842 2748 942 2798 τῶν
971 2741 1096 2818 παρ’
1112 2742 1318 2803 ἐκείνοις
1358 2749 1527 2817 σοφῶν
1550 2744 1747 2821 εἰρηκί·

172 2848 252 2892 ναι.
276 2829 356 2889 ὅτι
385 2836 472 2889 καί
498 2835 621 2911 ἀνὴρ
645 2835 847 2909 γέγονε,
881 2836 965 2891 καί
1004 2835 1235 2911 γυναικὸς
1274 2840 1425 2907 σῶμα
1464 2835 1747 2909 μιτημφιά·

171 2941 301 2989 σατο,
326 2926 415 2981 καί
459 2924 577 3000 μετ’
599 2927 777 3002 ὀρνέων
824 2927 1042 2987 ἀνέπτη,
1070 2928 1156 2981 καί
1200 2927 1403 2999 θάμνοις
1442 2928 1633 2999 ἐφοίτα,
1664 2931 1749 2983 καί

168 3013 238 3069 τὸν
265 3011 479 3092 ἔνυδρον
522 3013 688 3088 ἔλαχε
736 3015 867 3089 βίον.
904 3017 977 3069 οὐ
1015 3015 1191 3090 πόρῥω
1231 3024 1324 3075 τῆς
1362 3015 1591 3076 ἀληθείας
1622 3017 1751 3073 κατά

166 3110 239 3167 τόν
279 3109 410 3181 ἐμήν
454 3110 626 3185 κρίσιν
666 3107 933 3187 φερόμενος
952 3106 979 3162 ὁ
1006 3108 1126 3179 περί
1160 3107 1345 3163 ἑαυτοῦ
1373 3114 1539 3163 ταῦτα
1564 3107 1742 3181 λέγων.

1833 520 1940 577 que
1967 506 2284 566 fabricatum
2320 524 2460 568 esse.

1907 692 2046 750 Dicit
2072 695 2237 751 etiam
2264 703 2481 753 sanctus
2508 694 2803 768 Gregorius
2829 688 3111 773 episcopus
3138 698 3341 774 Nysam,
3365 696 3422 759 in

1835 782 2208 857 Disputatione
2257 787 2324 843 de
2362 788 2582 846 homine
2631 788 2801 863 (Cap.
2832 786 2942 861 28)
2977 807 2992 844 :
3027 809 3046 844 ι
3081 784 3159 847 Ac
3198 788 3425 848 fortasse

1837 876 2071 932 alienum
2100 892 2208 933 non
2237 889 2321 935 est
2348 894 2380 935 a
2408 879 2787 953 disputationis
2832 888 3029 938 nostra:
3063 882 3342 953 proposito
3376 882 3429 939 id

1838 970 2157 1043 expendere,
2194 973 2342 1043 quod
2390 966 2444 1029 in
2492 972 2746 1031 Ecclesiis
2773 972 2841 1031 de
2887 975 3065 1031 anima
3112 981 3169 1031 et
3195 988 3428 1045 corpore

1839 1071 2247 1121 controversum
2275 1074 2378 1123 est.
2425 1065 2707 1122 Nonnullis
2736 1066 2880 1122 enim
2908 1065 3002 1137 qui
3029 1071 3155 1122 ante
3183 1080 3283 1122 nos
3309 1063 3428 1120 fue-

1839 1165 1986 1228 runt,
2015 1157 2107 1229 qui
2133 1162 2423 1214 tractatum
2449 1158 2517 1214 de
2543 1157 2820 1230 principiis
2839 1156 3076 1227 edidere,
3107 1157 3286 1235 placet
3312 1157 3428 1213 ani-

1838 1262 1957 1306 mas
1985 1248 2147 1305 veluti
2173 1249 2461 1320 quemdam
2489 1250 2748 1321 populum
2794 1249 2849 1306 in
2896 1249 3111 1322 propria
3141 1250 3276 1306 urbe
3302 1257 3429 1307 ante

1838 1341 2147 1399 substitisse
2180 1359 2193 1395 :
2227 1349 2390 1412 atque
2419 1342 2489 1398 ibi
2528 1343 2809 1415 proposita
2856 1358 2977 1401 esse
3019 1342 3267 1416 exempla
3314 1352 3422 1401 tum

1840 1437 2073 1504 virtutis,
2108 1442 2221 1491 tum
2266 1435 2483 1491 malitia:
2514 1455 2528 1492 :
2558 1451 2787 1508 eamque
2814 1436 3065 1505 animam,
3098 1451 3216 1507 qua:
3241 1435 3295 1490 in
3320 1435 3432 1493 vir-

1841 1536 1958 1585 tute
1994 1538 2158 1601 atque
2201 1528 2488 1584 honestate
2533 1528 2930 1598 permanserit,
2980 1541 3327 1597 congressum
3375 1534 3433 1584 et

1842 1618 2301 1677 conﬂictationem
2341 1618 2585 1689 corporis
2612 1614 2832 1674 minime
2859 1618 3093 1690 experiri
3123 1637 3136 1673 :
3168 1618 3213 1674 si
3238 1632 3371 1674 vero
3398 1632 3430 1673 a

1840 1714 1971 1771 boni
2001 1712 2411 1786 participatione
2436 1710 2746 1779 deﬂuxerit,
2783 1711 2926 1768 hanc
2953 1713 3007 1767 in
3032 1712 3198 1769 vitam
3232 1710 3432 1778 delabi,

1773 1811 1821 1872 B
1847 1808 2031 1877 sicque
2061 1822 2181 1863 esse
2218 1805 2273 1860 in
2302 1820 2549 1876 corpore.
2603 1804 2708 1860 Alii
2750 1804 3090 1861 attendentes
3134 1818 3207 1861 ex
3251 1801 3435 1875 Moyse

1841 1896 2110 1954 condendi
2136 1896 2373 1952 hominis
2401 1894 2646 1955 ordinem
2672 1936 2688 1962 ,
2719 1894 2955 1951 animam
2994 1908 3225 1966 corpore
3252 1900 3436 1965 poste-

1840 1988 2042 2043 riorem
2072 1994 2318 2058 tempore
2346 1998 2466 2042 esse
2490 1984 2679 2042 dicunt
2707 2004 2721 2041 :
2748 1985 3182 2057 quandoquidem
3202 1984 3436 2058 primum

1842 2077 1985 2134 Deus
2006 2076 2191 2134 limum
2221 2088 2253 2133 e
2280 2084 2426 2132 terra
2452 2090 2692 2140 sumens,
2719 2076 2875 2133 tinxit
2899 2076 3197 2145 hominem,
3220 2088 3285 2134 ac
3309 2091 3435 2133 eum

1843 2168 2038 2224 deinde
2085 2168 2439 2240 inspiratione
2487 2168 2766 2225 animavit.
2814 2167 2895 2226 Ac
2935 2168 3100 2239 paulo
3136 2178 3304 2239 post:
3333 2166 3438 2236 Qui

1842 2259 2075 2330 primam
2102 2260 2372 2315 rationem
2403 2266 2640 2327 tuentur,
2672 2268 2729 2317 et
2755 2260 3056 2317 animarum
3086 2278 3099 2314 :
3129 2260 3284 2331 quasi
3305 2260 3438 2317 civi-

1845 2358 2016 2407 tatem
2046 2353 2405 2424 antiquiorem
2436 2353 2545 2409 vita
2575 2368 2840 2425 corporea
2870 2360 3138 2421 asserunt,
3166 2364 3278 2409 non
3305 2352 3438 2412 mihi

1814 2468 1820 2475 -
1842 2444 2100 2501 videntur
2126 2460 2312 2502 carere
2338 2458 2674 2518 paganorum
2727 2444 2941 2513 fabulis,
2985 2458 3106 2519 qum
3133 2446 3200 2503 de
3227 2447 3438 2505 anima-

1843 2552 1963 2594 rum
1992 2550 2060 2595 ex
2088 2538 2207 2595 aliis
2228 2539 2282 2594 in
2305 2539 2405 2594 alia
2439 2550 2669 2611 corpora
2688 2538 3011 2610 migratione
3036 2537 3265 2611 proditae
3290 2542 3437 2598 sunt.

1844 2631 1903 2689 Si
1931 2632 2052 2702 quis
2077 2632 2221 2688 enim
2270 2632 2539 2688 subtiliter
2566 2633 2862 2702 examinet,
2891 2632 3189 2704 comperiet
3212 2628 3319 2689 huc
3347 2644 3440 2689 ne-

1846 2723 2085 2780 cessario
2111 2725 2381 2780 rationem
2409 2722 2599 2782 eortim
2627 2725 2857 2782 devolvi.
2887 2723 3071 2792 Aiunt,
3093 2724 3383 2796 quemdam
3410 2737 3441 2781 e

1846 2823 2010 2870 sectae
2036 2828 2151 2869 suae
2183 2815 2518 2884 sapientibus
2546 2814 2774 2883 dixisse,
2805 2822 2859 2872 et
2884 2815 3058 2871 virum
3088 2814 3253 2871 fuisse
3279 2826 3361 2884 se,
3387 2820 3442 2872 et

1848 2905 2114 2963 muliebre
2125 2919 2326 2976 corpus
2337 2904 2665 2976 induisse,et
2682 2906 2995 2963 subvolasse
3016 2920 3139 2963 cum
3166 2906 3375 2976 avibus,
3388 2912 3443 2963 et

1847 2998 2017 3055 fuisse
2036 2998 2397 3063 arbusculam,
2426 3005 2483 3053 et
2509 2999 2800 3068 aquatilem
2828 2998 2992 3054 vitam
3016 2999 3290 3054 sortitum.
3324 2997 3443 3054 Non

1849 3090 2163 3159 longc,meo
2183 3089 2400 3161 quidem
2418 3088 2644 3161 judicio,
2661 3105 2693 3146 a
2706 3103 2845 3147 vero
2867 3088 3117 3157 discedit,
3132 3089 3226 3160 qui
3251 3088 3365 3146 haec
3380 3084 3446 3148 de

167 3178 344 3263 Ὅπως
367 3201 475 3277 γὰρ
488 3178 1023 3276 βατράχωντινῶνώ
1051 3178 1253 3255 κολοιῶν
1274 3200 1538 3279 φλυαρίας,
1570 3198 1601 3262 ἢ
1627 3178 1748 3258 ἀλο-

1852 3194 1913 3237 se
1937 3179 2187 3235 aﬂlrmat.
2212 3178 2355 3237 Vere
2381 3180 2524 3236 enim
2543 3223 2560 3253 ,
2584 3181 2672 3237 vel
2690 3194 2946 3238 ranarum
2974 3190 3069 3238 aut
3102 3181 3447 3253 graculorum

167 3295 261 3369 τίεις
301 3294 546 3367 ἰχθύων,
595 3292 626 3353 ἦ
668 3291 835 3370 δρυῶν
883 3293 1217 3355 ἀναισθησίας
1259 3290 1379 3360 ἄξια
1417 3295 1488 3351 τὰ
1533 3300 1750 3353 τοιαῦτα

170 3381 405 3460 δόγματα,
436 3382 500 3439 τὸ
526 3384 646 3457 μίαν
670 3382 856 3457 ψυχὴν
880 3383 1034 3458 λέγειν
1054 3381 1138 3439 διὰ
1162 3385 1423 3441 τοσούτων
1446 3384 1620 3441 ἐλθεῖν.
1645 3393 1748 3448 Τῆς

173 3473 217 3532 δί
242 3480 490 3540 τοιαύτης
516 3479 733 3538 ἀτοπίας
763 3476 895 3537 αὕτη
928 3477 1065 3532 ίστὶν
1091 3477 1122 3536 ἡ
1147 3478 1307 3545 αἰτία,
1338 3477 1397 3533 τὸ
1424 3480 1750 3554 προϋφιστά·

171 3590 241 3627 ναι
270 3575 363 3635 τάς
403 3570 595 3645 ψυχάς
633 3568 860 3627 attonat“
907 3566 972 3626 δι’
992 3569 1257 3627 ἀκολούθου
1420 3572 1450 3629 ἡ
1476 3571 1623 3646 ἀρχό
1656 3578 1749 3627 τοῦ

174 3667 379 3721 τοιούτου
406 3662 665 3738 δόγματος
690 3664 773 3717 ἐπὶ
796 3662 853 3719 τὸ
878 3663 1147 3738 προσεχές
1175 3682 1253 3727 τε,
1275 3665 1363 3718 καὶ
1382 3665 1753 3737 παρακείμενον

175 3757 246 3810 τόν
267 3755 410 3830 λόγον
434 3757 764 3834 προάγουσα,
789 3755 956 3830 μέχρι
984 3755 1166 3810 τούτου
1187 3756 1555 3833 τερατευομένη
1577 3753 1751 3822 διέξει-

177 3867 258 3902 σιν.
278 3854 333 3905 Εί
353 3852 451 3929 γάρ
480 3846 570 3905 διά
597 3869 732 3911 τινος
756 3849 931 3909 κακίας
969 3849 1361 3905 ἀποσπασθεῖσα
1383 3858 1475 3912 τῆς
1500 3848 1752 3922 ὑψηλοτῶ-

178 3941 477 4015 ραςήψυχή
526 3940 787 4002 πολιτείας
831 3936 1095 4016 ἄνθρωπος
1131 3944 1341 4016 γίνεται,
1379 3944 1751 4021 ἐμπαθέστερος

179 4024 221 4083 δέ
261 4034 455 4097 πάντως
497 4031 527 4090 ὁ
569 4034 620 4088 ἓν
663 4036 815 4110 σαρκί
845 4034 957 4105 βίος
1003 4033 1318 4108 ὡμολόγηται
1357 4039 1503 4111 παρὰ
1540 4036 1626 4092 τὸν
1653 4042 1753 4093 τῶν

180 4122 327 4180 ἀιδίων
359 4130 445 4183 καί
487 4128 801 4201 ἀσωμάτων,
828 4128 1018 4199 ἀνάγκη
1047 4132 1198 4185 πᾶσα
1227 4134 1317 4188 τήν
1345 4129 1395 4184 ἐν
1434 4138 1508 4201 τῷ
1536 4132 1752 4204 τοιούτῳ

179 4220 405 4293 γινομένην
442 4221 571 4300 βίῳ,
593 4222 643 4276 ἕν
668 4218 708 4296 ᾧ
744 4224 829 4276 καί
860 4221 1059 4285 πλείους
1103 4224 1156 4280 αἱ
1195 4224 1324 4300 πρὸς
1352 4226 1411 4279 τὸ
1441 4223 1751 4301 ἁμαρτάνειν

182 4308 284 4364 εἰσίν
320 4312 569 4392 ἀφορμαί,
600 4313 649 4368 ίν
678 4312 867 4370 πλείονί
910 4335 964 4371 τε
1006 4319 1152 4391 κακίᾳ
1189 4318 1429 4391 γίνεσθαι,
1461 4319 1543 4373 καί
1583 4317 1751 4390 ἐμπα-

183 4398 383 4477 θέστερον
405 4403 720 4464 διατεθῆναι·
750 4406 1065 4483 ἀνθρωπίνης
1093 4405 1146 4463 δὲ
1177 4407 1360 4480 ψυχῆς
1382 4410 1538 4471 πάθος
1562 4412 1592 4469 η
1620 4411 1752 4486 πρὸς

184 4492 233 4548 τό
256 4490 419 4569 ἄλογόν
444 4498 585 4557 ἔστιν
612 4496 871 4565 ὁμοίωσις·
894 4500 1059 4572 τούτῳ
1081 4499 1133 4555 δὲ
1154 4504 1634 4575 προοοικειωθείσαν
1669 4501 1755 4555 αὖ·

1851 3275 2069 3346 garrulo
2107 3273 2335 3346 strepitu
2364 3314 2380 3340 ,
2418 3272 2503 3329 vel
2540 3272 3015 3332 irrationabilitate
3056 3272 3323 3347 piscium,
3361 3275 3447 3333 vel

1850 3368 2104 3425 arborum
2122 3367 2537 3425 insensibilitate
2557 3366 2823 3439 ejusmodi
2842 3366 3124 3441 disciplina
3153 3368 3314 3440 digna
3342 3376 3448 3438 est,

1850 3474 1971 3534 qua:
2001 3466 2083 3518 tot
2122 3476 2214 3517 res
2256 3474 2538 3533 permeare
2578 3474 2740 3517 unam
2769 3462 3002 3517 animam
3050 3460 3215 3519 dicat.
3247 3459 3448 3518 Hartun

1850 3560 2033 3608 autem
2062 3552 2386 3624 ineptiarum
2436 3554 2553 3610 inec
2579 3566 2741 3610 causa
2769 3560 2853 3610 est
2873 3596 2889 3622 ,
2928 3552 3074 3625 (ιιιὸά
3104 3553 3448 3625 μεωειίεεθεο

1852 3644 2063 3700 animus
2091 3643 2466 3715 opinabantur.
2494 3644 2903 3715 Consequenter
2928 3644 3073 3701 enim
3096 3644 3220 3700 talis
3249 3644 3448 3701 doctri-

1851 3749 1935 3789 na:
1974 3734 2299 3807 principium
2345 3735 2415 3791 ad
2462 3719 2644 3791 aﬂi'nia
2685 3743 2742 3791 et
2779 3734 3033 3807 adjuncta
3070 3734 3446 3808 progrediens,

1857 3826 2137 3897 hucusque
2163 3833 2471 3883 commenta
2498 3842 2596 3885 sua
2624 3837 2908 3900 propagat.
2956 3827 3090 3883 Nam
3118 3828 3162 3884 si
3191 3842 3290 3899 per
3314 3826 3449 3884 vitia

1852 3920 2067 3976 animus
2095 3935 2127 3976 a
2155 3920 2456 3978 sublimiori
2493 3922 2603 3979 vita
2632 3921 2968 3989 abstrnctus,
3004 3918 3170 3978 homo
3198 3921 3277 3989 iit,
3312 3934 3377 3978 ac
3402 3919 3449 3978 si

1852 4013 1909 4069 in
1939 4012 2191 4070 confesso
2218 4022 2333 4081 est,
2362 4014 2531 4071 vitam
2562 4028 2880 4087 corpoream
2908 4013 3252 4085 passionibus
3278 4010 3450 4084 magis

1853 4105 2145 4163 obnoxiam
2174 4116 2296 4163 esse
2321 4150 2338 4178 ,
2378 4120 2538 4178 quam
2568 4114 2828 4163 aeternam
2858 4114 3020 4176 atque
3048 4105 3450 4176 incorpoream,

1852 4212 2075 4257 necesse
2125 4207 2212 4256 est
2258 4201 2493 4256 animam
2540 4201 2597 4256 in
2646 4202 2750 4255 hac
2774 4200 2885 4254 vita
2913 4197 3231 4269 degentem,
3260 4196 3316 4255 in
3344 4215 3450 4273 qua

1850 4291 2033 4363 plures
2060 4290 2346 4348 facultates
2376 4291 2447 4347 ad
2474 4289 2811 4362 peccandum
2839 4296 3155 4363 suppetunt,
3190 4291 3243 4347 in
3272 4290 3450 4365 pluri-

1852 4385 1953 4441 bus
1974 4385 2179 4441 vcrsari
2200 4385 2363 4453 vitiis,
2386 4384 2669 4455 magisque
2688 4384 3027 4455 passionibus
3049 4384 3214 4444 attici.
3245 4386 3453 4445 Animae

1856 4486 2041 4534 autem
2066 4479 2317 4534 humanae
2346 4479 2528 4550 passio
2554 4520 2570 4549 ,
2600 4477 2894 4536 similitudo
2935 4485 3018 4537 est
3058 4478 3128 4536 ad
3164 4480 3453 4539 irrationa-

184 4592 259 4645 τήν
283 4594 350 4652 είς
370 4590 600 4655 madida
636 4594 785 4666 φύσιν
813 4594 1178 4671 μταρῤυῆναυ
1205 4591 1344 4658 ἅπαξ
1374 4591 1428 4649 δὲ
1460 4590 1544 4647 διά
1570 4593 1748 4657 κακίας

1852 4571 2002 4627 bilia.
2058 4569 2194 4627 Huic
2244 4585 2374 4642 ergo
2410 4572 2536 4628 vita:
2565 4571 2816 4629 devincta
2843 4572 3041 4641 anima,
3072 4573 3129 4630 in
3156 4574 3453 4633 bestiarum

183 4675 469 4751 όδεὺουσαν,
514 4682 649 4759 μηδὲ
691 4685 741 4741 ίν
777 4685 943 4759 ἀλόγῳ
983 4687 1243 4757 γενομένην
1264 4693 1354 4744 τῆς
1382 4686 1468 4740 ἐπὶ
1494 4683 1553 4739 τὸ
1592 4687 1748 4742 κακὸν

187 4771 392 4847 προόδου
416 4777 571 4844 λήξειν
595 4780 742 4836 ποτέ.
774 4790 826 4835 Ἦ
847 4780 945 4855 γὰρ
965 4784 1057 4834 τοῦ
1087 4783 1241 4835 κακοῦ
1267 4778 1474 4844 στάσις,
1491 4780 1638 4854 ἀρχή
1656 4787 1749 4842 τῆς

186 4866 285 4923 κατ’
310 4870 499 4946 ἀρετήν,
524 4873 664 4929 ἐστιν
691 4870 871 4948 ὁρμῆς.
904 4866 1079 4947 ’Δρετή
1104 4868 1165 4942 δὲ,
1188 4870 1237 4925 ἕν
1263 4869 1458 4943 ἀλόγοις
1477 4870 1566 4925 οὐκ
1588 4867 1746 4926 ἔστιν.

189 4958 355 5015 Οὐκοῦν
390 4964 467 5020 ἀεί
488 4963 626 5042 πρὸς
662 4964 721 5021 τὸ
768 4969 943 5042 χεῖρον
971 4965 1022 5028 ἐξ
1051 4963 1271 5038 ἀνάγκης
1312 4962 1707 5022 ἀλλοιωθήσεται
1730 5003 1744 5029 ,

191 5052 373 5119 πάντοτε
414 5058 544 5134 πρὸς
579 5058 638 5114 τὸ
667 5062 845 5135 χεῖρον
873 5060 961 5112 καί
1004 5055 1300 5131 ἀτιμότερον
1342 5061 1630 5132 προϊοῦσα,
1665 5058 1752 5111 καί

1030 5110 1145 5129 νηί
1213 5110 1263 5131 ,ν
1348 5110 1395 5132 γ,
1544 5110 1630 5123 κ,
1722 5110 1725 5111 ,

177 5110 255 5201 ’ἀεί
277 5150 329 5205 τό
357 5110 530 5225 χεῖρον
558 5160 653 5214 τῆς
678 5152 725 5207 ίν
746 5110 779 5229 ἑ
798 5150 912 5208 ίστι
930 5151 1126 5224 φύσεως
1158 5150 1541 5226 ἐξευρίσκουσα⁶
1573 5149 1750 5226 ὥσπερ

191 5236 236 5294 δέ
255 5250 338 5299 τοῦ
377 5248 576 5322 λογικοῦ
620 5249 680 5305 τὸ
714 5248 948 5307 αἰσθητὸν
973 5245 1317 5313 ὑποϐέϐηκεν,
1360 5244 1494 5300 οὕτω
1530 5247 1612 5301 καί
1653 5247 1754 5301 ἀπὸ

191 5335 351 5393 τούτου
374 5341 456 5397 ίπί
478 5344 539 5399 τὸ
569 5342 864 5401 ἀναίσθητον
901 5341 1228 5413 μιτάπτωσις
1251 5341 1460 5412 γίνεται.
1494 5336 1639 5392 Ἀλλά
1661 5338 1755 5408 μί-

190 5440 269 5501 υε
290 5431 462 5488 τούτου
486 5435 680 5510 προϊὼν
707 5431 733 5488 ὁ
761 5430 907 5505 λόγος
932 5431 1106 5490 αὐτοῖς
1123 5468 1139 5493 .
1169 5431 1254 5484 καί
1275 5426 1378 5493 ἔξω
1406 5436 1498 5489 τῆς
1525 5426 1756 5487 ἀληθείας

191 5516 389 5590 νέμεται,
416 5523 542 5579 ἀλλά
560 5545 619 5600 γε
642 5521 727 5580 διά
753 5542 891 5584 τινος
923 5520 1217 5581 ἀκολουθίας
1240 5516 1430 5576 ἄτοπον
1472 5520 1521 5583 ἐξ
1561 5518 1758 5577 ἀτόπου

188 5611 561 5688 μεταλαμϐάνει.
613 5618 683 5671 Τὸ
730 5614 783 5672 δέ
832 5617 1054 5671 ἐντεῦθεν
1112 5612 1207 5673 ἤδη
1253 5611 1335 5667 διὰ
1385 5619 1485 5669 τῶν
1543 5613 1761 5685 ἀσυναρο

190 5704 331 5761 πότων
360 5710 528 5770 αὐτοῖς
554 5710 612 5766 τὸ
643 5707 811 5783 δόγμα
850 5710 1226 5779 μυθοποιεῐται.
1271 5716 1324 5761 ἰι
1374 5707 1464 5777 μέν
1506 5706 1764 5762 ἑκολουθία

192 5797 387 5858 παντελῆ
411 5795 674 5878 διαφθορὰν
691 5809 785 5862 τῆς
812 5799 994 5872 ψυχῆς
1012 5796 1386 5853 ὑποδείκνυσιν.
1418 5806 1470 5849 'li
1494 5797 1590 5871 γάρ
1623 5795 1762 5862 ἅπαξ

192 5891 271 5950 τίς
298 5891 489 5969 ὑψηλῆς
528 5894 784 5957 πολιτείας
826 5891 1250 5959 ἀπολισθήσασα,
1299 5892 1351 5947 ἐν
1389 5888 1551 5948 οὐδενὶ
1586 5891 1757 5981 μέτρῳ

1855 4669 2103 4718 naturam
2130 4661 2429 4730 delabatur,
2459 4678 2524 4720 ac
2551 4664 2719 4721 semel
2748 4663 2875 4720 vitia
2904 4664 3164 4736 ingressa,
3194 4665 3357 4739 inque
3379 4666 3455 4723 ir-

1854 4756 2278 4815 rationabilitate
2324 4772 2543 4815 versans
2566 4797 2582 4826 ,
2610 4756 2819 4814 nullum
2864 4755 3028 4815 finem
3073 4756 3144 4816 ad
3189 4760 3453 4819 malitiam

1850 4852 2233 4927 progrediendi
2296 4852 2476 4910 faciet.
2551 4850 2659 4909 Ubi
2729 4852 2873 4909 enim
2937 4853 3143 4910 malitia
3216 4854 3447 4927 sistitur,

1855 4945 2096 5004 succedit
2124 4944 2357 5016 impetus
2386 4944 2454 5000 ad
2492 4944 2781 5015 virtutem;
2830 4943 2982 5016 atqui
3011 4944 3182 5002 virtus
3230 4944 3286 5002 in
3316 4946 3453 5001 irra-

1854 5039 2199 5097 tionabilibus
2253 5037 2398 5094 nulla
2443 5044 2567 5106 est;
2616 5036 2673 5093 in
2734 5036 2975 5096 deterius
3027 5050 3159 5110 ergo
3208 5050 3456 5094 necessa-

1854 5133 1940 5189 rio
1987 5132 2318 5198 mutabitur,
2349 5130 2564 5188 assidue
2610 5130 2679 5187 ad
2706 5130 2894 5203 pejora
2942 5132 3295 5204 turpioraque
3332 5144 3457 5201 pro-

1854 5224 2144 5294 grediens,
2192 5221 2415 5294 ejusque
2456 5232 2700 5291 naturai,
2759 5224 2815 5280 in
2857 5238 2965 5296 qua
3024 5230 3126 5293 est,
3179 5222 3459 5281 deteriora

1858 5331 2087 5390 qumque
2112 5332 2329 5390 semper
2347 5318 2782 5376 comminiscens.
2807 5318 2978 5376 Porro
2998 5314 3453 5389 quemadmodum

1860 5410 2168 5468 rationabili
2196 5410 2450 5468 sensibile
2477 5411 2741 5482 subiacet,
2762 5412 2842 5469 sic
2868 5418 2927 5469 et
2952 5409 3023 5466 ab
3042 5408 3149 5465 hoc
3175 5404 3246 5463 ad
3274 5406 3452 5467 insen-

1862 5503 2018 5560 sibile
2068 5500 2128 5558 tit
2173 5503 2469 5574 prolapsio.
2518 5502 2881 5571 Quamobrem
2929 5502 3036 5557 huc
3079 5498 3219 5556 ratio
3258 5514 3451 5559 eorum

1864 5597 2122 5667 evadens,
2163 5613 2192 5652 a
2221 5598 2447 5654 veritate
2476 5597 2713 5667 aberrat,
2743 5604 2798 5652 et
2822 5611 2920 5668 per
2951 5594 3237 5667 quamdam
3256 5610 3453 5656 conse-

1864 5691 2140 5762 quentiam
2169 5705 2233 5746 ex
2263 5690 2508 5747 absurdis
2532 5690 2599 5746 ad
2624 5689 2852 5746 absurda
2893 5703 2953 5745 sc
2981 5684 3210 5746 confert.
3244 5688 3453 5749 Exinde

1864 5802 2053 5845 eorum
2076 5786 2321 5844 doctrina
2362 5802 2462 5858 per
2487 5800 2549 5841 ea
2577 5800 2698 5855 qua:
2726 5784 2865 5839 inter
2891 5798 2951 5841 se
2996 5800 3107 5843 non
3154 5786 3449 5855 cobazrent,

1864 5882 2107 5943 fabulose
2147 5881 2408 5961 procedit.
2453 5878 2855 5955 Consequentia
2883 5895 3014 5941 vero
3052 5880 3166 5955 ipsa
3210 5878 3450 5945 ostentm
