3988 6346
1559 284 1568 309 l

1558 320 1567 332 Ι

498 345 603 403 199

1874 321 2170 385 VIGILIUS
2207 321 2409 379 PAPA.

3678 312 3805 371 200

496 459 669 518 κακίας
688 462 868 514 στῆναι
890 456 1177 512 δυνήσεται·
1206 448 1331 505 ἀλλά
1351 446 1434 503 διά
1460 452 1551 506 τῆς
1574 444 1699 520 πρός
1716 443 1780 499 τά
1806 443 1937 500 πάθη
1964 462 2093 513 σχε-

2210 435 2564 495 )mmmodam
2595 433 2787 488 animae
2815 428 3201 501 corruptelam.
3232 425 3363 496 Qum
3391 425 3535 484 enim
3562 442 3749 487 semet
3776 447 3811 486 a

494 571 625 610 σεως
648 548 750 603 ἀπὸ
778 549 867 617 μέν
900 551 990 600 τοῦ
1018 544 1220 618 λογικοῦ
1244 544 1376 617 πρὸς
1405 540 1459 594 τὸ
1494 537 1675 611 ἄλογον
1709 535 2057 606 μεταϐήσεται
2076 577 2087 597 ,

495 640 597 697 ’ἀπ’
623 641 810 694 ἐκείνου
836 637 891 694 δέ
912 638 1041 713 πρὸς
1064 641 1155 695 τὴν
1179 642 1277 691 τῶν
1303 640 1470 707 φυτῶν
1508 631 1842 687 ἀναισθησίαν
1879 646 2095 698 μετατε-

493 734 725 799 θήσεται,
773 738 846 803 τῷ
877 728 931 785 δὲ
953 729 1241 799 ἀναισθήτῳ
1273 748 1381 786 πως
1408 727 1466 781 τὸ
1494 721 1706 794 ἄψυχον
1724 761 1737 785 ,
1765 723 1931 791 τούτῳ
1961 717 2014 774 δέ
2037 718 2096 773 τὸ

494 829 818 901 ἀνύπαρκτον
868 824 1069 879 ἕπεται.
1118 818 1274 876 Ὠστε
1320 818 1484 876 διόλου
1537 816 1623 872 διά
1669 823 1760 876 τῆς
1809 813 2096 873 ἀκολουθίας

496 920 624 993 πρὸς
652 920 710 974 τὸ
753 923 823 990 μὴ
865 913 922 971 ὂυ
972 919 1149 977 αὐτοῖς
1190 917 1220 973 ἡ
1268 914 1423 986 ψυχὴ
1472 915 1859 987 μεταχωρήσει.
1906 910 2097 963 Οὐκοῦν

497 1014 768 1083 ἀμήχανος
797 1011 922 1085 αὐτῇ
941 1009 1091 1064 πάλιν
1113 1007 1267 1064 ἔσται
1295 1008 1324 1065 ἡ
1349 1006 1476 1080 πρὸς
1504 1006 1562 1059 τὸ
1583 1011 1813 1077 κρεῖττον
1835 998 2095 1060 ἐπάνοδος.

498 1099 641 1157 Ἀλλά
664 1105 763 1172 μην
794 1102 849 1155 ἐκ
880 1102 1071 1171 θάμνου
1107 1100 1191 1153 ἐπὶ
1211 1099 1296 1151 τὸν
1330 1093 1591 1170 ἄνθρωπον
1621 1093 1710 1152 τήν
1738 1092 1918 1163 ψυχὴν
1946 1093 2098 1145 ἐπαν-

496 1199 731 1271 άγουσιν.
775 1197 967 1249 Ούκοῦν
1015 1193 1390 1269 προτιμοτέραν
1433 1194 1524 1247 την
1562 1191 1612 1243 ἐν
1636 1189 1804 1260 θάμνῳ
1834 1191 1964 1251 ζωήν
2009 1192 2101 1245 τῆς

497 1292 782 1361 ἀσωμάτου
805 1286 1055 1359 διαγωγῆς
1084 1286 1136 1337 ἐκ
1160 1285 1355 1341 τούτων
1378 1280 1815 1337 ἀποδεικνύουσιν.
1846 1278 2103 1334 Δέδεικται

502 1384 596 1459 γάρ
624 1381 703 1439 ὅτε
738 1381 865 1456 πρὸς
894 1380 953 1434 τὸ
981 1386 1159 1453 χεῖρον
1190 1377 1420 1449 γινομένη
1445 1376 1475 1431 ἡ
1511 1371 1730 1447 πρόοδος
1766 1380 1857 1431 τῆς
1882 1368 2098 1441 ψυχῆς,

502 1478 631 1554 πρὸς
663 1470 723 1530 τό
744 1475 935 1528 κατὼτε
941 1491 1026 1545 ρον
1045 1471 1176 1525 κατά
1193 1469 1249 1523 τὸ
1277 1468 1403 1527 εἰκὸς
1423 1466 1764 1523 ύποϐησεται.
1794 1462 2102 1520 Ὗποϐέϐηκε

505 1569 559 1625 δέ
582 1575 672 1628 την
703 1568 1002 1625 ἀναίσθητον
1023 1565 1171 1637 φύσιν
1195 1561 1253 1616 τὸ
1277 1557 1505 1632 ἄψυχον.
1525 1561 1596 1619 εἰς
1619 1555 1645 1613 ὃ
1666 1556 1730 1613 δι’
1755 1557 2045 1617 ἀκολουθίας
2073 1558 2104 1615 ἡ

504 1664 647 1740 ἀρχὴ
671 1666 762 1717 τοῦ
793 1659 1045 1732 δόγματος
1067 1659 1229 1713 αὐτῶν
1259 1661 1349 1714 τήν
1392 1654 1575 1725 ψυχήν
1622 1650 1755 1726 ἄγει.
1788 1649 1912 1705 Ἀλλ’
1935 1649 2104 1710 ἐπειδή

501 1763 655 1811 τοῦτο
684 1757 739 1808 οὐ
767 1754 1052 1828 βούλονται,
1087 1751 1116 1811 ἣ
1160 1757 1233 1823 τῷ
1274 1749 1560 1818 ἀναισθήτῳ
1599 1751 1689 1806 τήν
1719 1745 1903 1816 ψυχὴν
1951 1767 2108 1800 κατα·-

504 1850 749 1903 κλιίουσιν
774 1888 789 1913 ,
838 1847 868 1907 ἢ
908 1845 1048 1923 εἴπερ
1096 1845 1314 1900 ἐντεῦθεν
1358 1844 1440 1896 ἐπί
1479 1844 1562 1898 τὸν
1608 1842 1910 1917 ἀνθρώπινον
1950 1841 2104 1901 αὐτὴν

500 1942 797 2011 ἓπανάγοιεν
814 1941 945 2014 βίον,
972 1925 1362 2015 προτιμότερον,
1382 1938 1540 1996 καθὼς
1560 1935 1778 2010 εῗρηται,
1800 1934 1887 1989 τὸν
1908 1932 2102 1998 ξυλώδη

500 2035 607 2105 βίον
626 2043 718 2095 τῆς
745 2036 949 2113 πρώτης
981 2031 1307 2096 ἀποδείξουσι
1335 2024 1730 2087 καταστάσεως·
1765 2025 1908 2100 εἴπερ
1922 2028 2101 2080 ἐκεῖθεν

501 2128 593 2195 μὲν
632 2128 662 2183 ἡ
690 2127 822 2199 πρὸς
873 2126 1046 2180 κακίαν
1090 2124 1423 2182 κατάπτωσις
1478 2121 1700 2193 γέγονεν,
1743 2119 1966 2173 ξιτεῦοεν
1990 2115 2043 2171 δὲ
2073 2118 2104 2174 ἡ

501 2216 629 2290 πρὸς
652 2218 836 2290 ἀρετήν
862 2213 1098 2275 ἐπάνοδος
1120 2215 1329 2286 γίνεται.
1376 2214 1564 2266 Οὐκοῦν
1590 2210 1835 2283 duxi-59200.6;
1861 2231 1969 2275 τις,
2019 2210 2107 2263 καί

503 2308 684 2369 ἀτελὴς
723 2305 749 2362 ὁ
792 2314 1024 2367 τοιοῦτος
1052 2306 1373 2380 διελέγχεται
1414 2305 1590 2376 λόγος,
1623 2303 1649 2357 ὁ
1677 2305 1771 2363 τάς
1811 2301 1998 2373 ψυχάς
2036 2303 2107 2375 ἐφ’

503 2402 699 2457 ίαυτῶν
729 2400 831 2475 πρὸ
868 2408 960 2460 τῆς
988 2401 1040 2454 ἐν
1069 2403 1224 2473 σαρκὶ
1252 2404 1384 2463 ζωῆς
1414 2398 1659 2469 βιοτεύειν
1682 2396 2102 2464 κατασκευάζων,

504 2497 589 2549 καί
616 2493 701 2550 διά
721 2495 892 2549 κακίαν
912 2491 1193 2548 ἐνδεδέσθαι
1213 2501 1321 2552 τοῖς
1358 2495 1587 2562 σώμασι.
1614 2508 1633 2542 ε
1662 2488 1913 2562 Προδήλου
1938 2494 2106 2545 τοίνυν

504 2586 664 2649 οῦσης
692 2597 782 2650 τῆς
811 2594 902 2644 τοῦ
934 2589 1129 2662 πατρὸς
1158 2585 1505 2648 διδασκαλίας,
1534 2588 1620 2639 καί
1646 2584 2107 2659 ἀποκηρυττούσης

505 2680 563 2735 τὸ
584 2680 741 2753 λέγειν
770 2680 1134 2758 προϋπάρχειν
1162 2680 1255 2739 τάς
1282 2678 1465 2749 ψυχάς
1504 2684 1603 2732 τῶν
1644 2677 1892 2749 σωμάτων
1910 2720 1921 2741 ,
1957 2677 2106 2731 ἀκού-

506 2794 677 2844 σωμεν
705 2777 900 2829 καὶτοῦ
936 2776 987 2828 ὲν
1011 2773 1174 2846 ἀγίοις
1202 2773 1440 2844 Θεοφίλου
1463 2777 1552 2826 τοῦ
1580 2770 1858 2826 ἐπισκόπου
1885 2767 2108 2834 Ἀλεξαν-

506 2864 700 2941 δρείας,
716 2867 815 2922 ἀπὸ
839 2872 930 2923 τοῦ
946 2867 1093 2939 λόγου
1115 2872 1208 2923 τοῦ
1229 2867 1509 2940 γραφέντος
1527 2864 1658 2939 πρὸς
1684 2885 1824 2923 τινας
1845 2866 2109 2934 μοναχούς

506 2957 872 3034 τάὮριγὲνους
896 2962 1224 3035 φρονοῦντας,
1242 2956 1475 3027 λέγοντος
1504 2953 1645 3011 τάδε’
1670 2972 1689 3006 ε
1714 2956 1905 3009 Ούκοῦν
1930 2955 2105 3009 ἀναθε-

505 3057 806 3125 ματίζοντες
854 3055 939 3110 τὸν
970 3053 1227 3133 Ὠρεγένην
1270 3056 1355 3107 καὶ
1392 3053 1509 3112 τούς
1565 3048 1744 3110 ἄλλους
1788 3050 2103 3124 αἱρετικούς,

505 3148 682 3220 ὥσπερ
710 3149 877 3217 ἡμεῖς,
912 3150 993 3201 καί
1021 3145 1047 3201 ὁ
1085 3154 1178 3205 τῆς
1207 3144 1458 3215 Ῥωμαίων
1487 3143 1637 3214 ἁγίας
1666 3142 1931 3203 ἐκκλησίας
1960 3141 2107 3197 ἐπίσ-

505 3258 661 3297 κοπος
683 3243 1032 3304 ’Δναστάσιος,
1057 3239 1111 3290 ἐκ
1137 3236 1485 3309 παλαιοτέρων
1522 3230 1889 3306 ἀγωνισμάτων
1909 3229 2106 3297 ἔνδοξος
2134 3223 2180 3289 C

506 3331 792 3405 στρατηγὸς
815 3329 1070 3401 ἐπισήμου
1094 3328 1217 3383 λαοῦ
1241 3327 1609 3402 χειροτονηθείς
1633 3364 1647 3389 ,
1729 3325 1813 3377 καί
1837 3328 1987 3378 πᾶσα
2005 3330 2106 3378 τῶν

506 3424 766 3497 μακαρίων
796 3424 929 3478 κατά
966 3427 1055 3481 τήν
1100 3419 1246 3476 δύσιν
1288 3419 1586 3475 ἐπισκόπων
1632 3416 1812 3472 ἕπεται
1853 3412 2063 3476 σύνοδος
2087 3458 2105 3486 ,

506 3516 865 3589 ἀποδεχομένη
892 3523 984 3577 τῆς
1010 3522 1110 3570 τῶν
1138 3512 1501 3588 ’Δλεξανδρέων
1528 3510 1795 3572 ἐκκλησίας
1838 3514 1928 3578 τῂν
1974 3512 2106 3567 κατά

507 3614 596 3663 τοῦ
624 3609 845 3670 ἀσεϐοῦς
871 3607 1052 3681 ψῆφον.
1084 3625 1105 3659 ι

575 3896 679 3959 Τοῦ
720 3889 877 3945 αύτοῦ
904 3890 957 3945 ἐκ
983 3897 1075 3951 τῆς
1098 3888 1370 3949 ἐπιστολῆς
1400 3895 1492 3949 τῆς
1522 3887 1657 3959 πρὸς
1680 3887 1800 3946 τοὺς
1828 3886 1879 3940 ἐν
1904 3892 1968 3959 τῇ
1994 3886 2106 3941 Σκή-

508 3954 799 4057 τείάγίους,
825 3981 911 4039 διά
936 3986 1058 4045 τούς
1083 3983 1411 4056 ἐγκαλοῦντας
1435 3986 1526 4039 τὴν
1550 3987 1650 4036 τῶν
1678 3978 1946 4053 δογμάτων
1968 3976 2107 4053 Ὦρι-

506 4078 679 4151 γένους
706 4078 1013 4153 καθαίρεσιν’
1050 4094 1068 4127 ε
1093 4074 1399 4145 Ἐτόλμησάν
1427 4093 1560 4142 τινες
1600 4075 1760 4127 εἰπεῖν
1803 4069 2106 4126 διδάσκαλον

506 4168 629 4228 εἶναι
654 4184 746 4234 τῆς
775 4174 1043 4233 ἐκκλησίας
1064 4169 1338 4249 Ὠριγένην.
1359 4168 1493 4247 ’Λρα
1520 4168 1717 4240 πρέπον
1736 4173 1835 4222 τῶν
1862 4166 2106 4220 τοιούτων

507 4264 810 4334 ἀνέχεσθαι;
844 4268 888 4320 εἰ
926 4264 1235 4325 διδάσκαλός
1264 4264 1377 4319 ἐστι
1406 4270 1499 4323 τῆς
1529 4260 1795 4320 ἐκκλησίας
1825 4259 2103 4335 Ὧριγένης,

507 4356 961 4433 μεγαλοφρονοῦσιν
984 4358 1224 4431 ’Δρειανοί
1251 4377 1305 4411 τε
1328 4397 1343 4423 ,
1386 4358 1469 4410 καὶ
1514 4354 1838 4425 Εύνομιανοί,
1880 4354 1963 4405 καί
1987 4347 2107 4403 Ἔλ-

508 4446 667 4506 Miles"
699 4448 745 4501 οί
775 4450 867 4519 μὲν
894 4450 965 4509 εἰς
986 4452 1071 4504 τὸν
1098 4451 1207 4504 υἱὸν
1234 4452 1321 4503 καί
1340 4453 1414 4511 εἰς
1442 4448 1499 4504 τὸ
1527 4452 1728 4517 πνεῦμα
1750 4444 2105 4517 βλασφημοῦν-

509 4559 615 4602 τες,
656 4540 701 4592 oi
740 4537 793 4594 δὲ
822 4546 954 4611 μετὰ
995 4545 1085 4593 τοῦ
1124 4539 1402 4595 δυσσεϐεῐν
1442 4538 1626 4611 ὁμοίως
1664 4540 1830 4598 αὐτοῖς
1853 4576 1869 4600 ,
1902 4538 1988 4590 καί
2015 4538 2104 4593 την

509 4632 792 4687 ἀνάστασιν
820 4639 918 4686 τῶν
942 4640 1127 4709 νεκρῶν
1158 4632 1526 4702 χλευάζοντες.
1550 4634 1701 4702 Σαφές
1724 4634 1890 4685 τοίνυν
1921 4630 1974 4682 ἐκ
2002 4635 2102 4683 τῶν
2128 4621 2182 4681 Ῑ)
2207 4601 2415 4709 gemes'
2449 4619 2467 4652 ³
2526 4597 2608 4704 EF
2649 4597 2734 4653 his

508 4723 775 4798 εἰρημένων
812 4724 1103 4796 γεγένηται,
1152 4720 1234 4777 ὅτι
1281 4720 1436 4796 περὸ
1482 4728 1590 4779 τοῖς
1638 4719 1801 4791 ἁγίοις
1846 4720 2106 4795 πατράσιν

509 4815 787 4871 ἀκολουθῶν
810 4817 899 4871 ούκ
926 4813 1329 4890 ἀμφιϐάλλει,ὠς
1351 4814 1397 4868 οί
1424 4810 1789 4886 τάὨριγένους
1810 4818 2108 4885 φρονοῦντες

510 4917 571 4986 τῇ
600 4909 852 4985 Ἑλληνικῇ
878 4908 1061 4983 πλάνη,
1096 4910 1180 4961 καὶ
1206 4914 1479 4980 ’Δρειανικῇ
1510 4904 1841 4960 ἀκολουθοῦσι
1868 4905 2045 4977 μανίᾳ.

583 5004 729 5075 Λέγει
755 5000 809 5056 δέ
838 5004 919 5056 καί
955 5000 980 5054 ὁ
1009 5003 1059 5055 ἐν
1097 4999 1255 5073 άγίοις
1297 5000 1545 5075 Κύριλλος
1574 4998 1853 5056 ἐπίσκοπος
1879 4994 2100 5059 Ἀλεξαν-

511 5093 682 5171 δρείας
698 5094 749 5146 ἐκ
772 5100 863 5153 τῆς
889 5093 1154 5154 ἐπιστολῆς
1174 5100 1261 5154 τῆς
1292 5092 1417 5168 πρὸς
1447 5095 1568 5152 τούς
1589 5093 1638 5146 ἐν
1659 5095 1791 5162 Φουᾷ
1811 5089 2100 5161 μοναχούς,

510 5193 644 5247 κατὰ
681 5195 780 5243 τῶν
817 5189 1057 5263 λεγόντων
1093 5192 1162 5260 μή
1189 5183 1315 5243 εἶναι
1362 5189 1645 5244 ἀνάστασιν
1686 5193 1785 5241 τῶν
1829 5185 2100 5256 σωμάτων,

514 5278 659 5337 τάδε·
690 5298 708 5331 ε
746 5283 874 5335 Φασὶ
894 5283 1060 5336 τοίνυν
1082 5286 1181 5335 τῶν
1205 5283 1254 5334 ἐν
1281 5281 1405 5349 ύμῖν
1428 5301 1567 5341 τινας
1590 5279 1858 5355 ἀρνεῖσθαι
1881 5282 1979 5331 τῶν
2008 5278 2106 5330 ἀν-

506 5376 771 5451 Θρωπίνων
797 5374 1055 5450 σωμάτων
1084 5380 1173 5435 τὴν
1200 5376 1502 5440 ἀνάστασιν,
1538 5372 1665 5447 ὅπερ
1689 5375 1801 5428 ἐστὶ
1829 5373 1982 5446 μέρος
2017 5377 2110 5429 τῆς

509 5468 771 5544 ὁμολογίας
801 5472 964 5543 ἡμῶν,
1009 5467 1067 5531 ἧς
1093 5469 1375 5540 ποιούμεθα
1416 5467 1716 5541 προσιόντες
1756 5471 1830 5538 τῷ
1870 5464 2108 5537 σωτηρίῳ

508 5562 853 5635 βαπτίσματι.
879 5563 1265 5636 Ὀμολογοῦντες
1286 5563 1382 5636 γάρ
1399 5565 1487 5619 τήν
1509 5561 1702 5622 πίστιν,
1716 5558 2109 5629 προσεπάγομεν

512 5650 591 5708 ὅτι
618 5656 926 5725 πιστεύομεν
948 5657 1031 5709 καί
1048 5656 1117 5715 εἰς
1140 5654 1330 5727 σαρκὸς
1353 5652 1647 5707 ἀνάστασιν.
1668 5649 1723 5702 Ei
1740 5646 1783 5702 δ’
1804 5648 2103 5721 ἀναιροῦμεν

464 5786 478 5805 ,
511 5752 689 5812 τοῦτο,
736 5750 821 5801 καί
850 5750 907 5800 ού
938 5749 1248 5818 πιστεύομεν
1276 5742 1355 5801 ὅτι
1381 5744 1406 5799 ὁ
1440 5743 1659 5818 Χριστὸς
1696 5744 1747 5795 ἐκ
1774 5747 1960 5817 νεκρῶν
1989 5741 2103 5813 ἐγή-

513 5860 711 5922 γερται,
740 5840 822 5893 ἶνα
849 5840 981 5909 ἡμᾶς
1009 5842 1178 5913 ἑαυτῷ
1200 5840 1582 5910 συναναστήσῃ,
1614 5833 1955 5905 χωλεύουσαν
1979 5829 2104 5902 ἕχο-

515 5957 606 6011 μεν
634 5943 723 5997 τήν
754 5940 944 6002 πίστιν,
977 5940 1058 5992 καὶ
1094 5942 1182 5997 τὴν
1211 5937 1476 6007 βασιλικήν
1505 5936 1708 6007 ἀφέντες
1738 5930 1848 5988 ὁδόν
1868 5972 1881 5998 ,
1912 5928 2107 6003 βαδίζοτ

2200 530 2418 587 sublimi
2448 530 2556 584 vita
2585 524 2815 592 decidit,
2866 516 3071 579 nullum
3113 520 3332 577 modum
3359 521 3547 576 statuit
3571 522 3813 595 malitia

2199 636 2349 688 sum;
2400 619 2496 691 sed
2523 625 2747 690 propter
2786 614 3098 687 passionum
3138 612 3584 669 consuetudinem
3623 622 3814 685 atque

2200 714 2444 770 habitum
2475 727 2507 766 a
2534 707 2842 766 rationabili
2870 708 2938 763 ad
2957 706 3328 764 irrationabile
3348 707 3611 778 deveniet,
3634 709 3816 765 inde-

2200 820 2307 876 que
2332 805 2388 859 in
2415 803 2664 875 stirpium
2687 800 3155 858 insensibilitatem
3195 798 3531 867 mutabitur;
3559 799 3816 856 insensi-

2200 901 2295 958 bili
2315 908 2497 955 autem
2524 898 2820 953 inanimum
2841 903 2924 951 est
2948 910 3304 964 consequens,
3318 894 3554 950 inanimo
3570 893 3626 949 id
3647 895 3819 966 quod

2202 1010 2313 1051 non
2354 992 2615 1049 subsistit.
2658 990 2848 1059 Itaque
2890 988 3105 1059 penitus
3147 1002 3216 1043 ex
3244 989 3348 1043 hac
3387 986 3816 1056 consequentia,

2204 1086 2383 1141 anima
2405 1085 2535 1156 ipsis
2556 1083 2625 1137 ad
2651 1096 2761 1137 non
2788 1096 2886 1136 ens
2915 1079 3131 1135 tandem
3160 1079 3441 1135 concedet.
3472 1078 3561 1135 Sic
3588 1079 3817 1134 nullam

2203 1176 2515 1232 facultatem
2539 1174 2785 1229 habitura
2809 1180 2893 1228 est
2921 1171 2990 1226 ad
3019 1171 3243 1226 meliora
3273 1169 3550 1226 redeundi.
3596 1170 3816 1227 Verum

2205 1266 2349 1321 enim
2373 1280 2505 1321 vero
2536 1264 2602 1319 ad
2622 1263 2899 1319 hominem
2934 1276 2966 1317 e
2996 1259 3189 1316 frutice
3229 1261 3465 1316 animam
3492 1260 3815 1328 reducunt;

2206 1358 2367 1427 igitur
2392 1356 2824 1428 praestantiorem
2854 1353 3228 1409 demonstrant
3256 1367 3375 1409 esse
3403 1352 3567 1407 vitam
3599 1352 3656 1407 in
3680 1350 3817 1408 fru-

2207 1450 2335 1519 tice,
2381 1464 2544 1520 quam
2574 1449 2952 1519 incorpoream
2984 1446 3171 1502 vitam.
3204 1444 3324 1500 Jam
3354 1446 3499 1500 enim
3522 1452 3816 1501 ostensum

2207 1551 2310 1611 est,
2334 1554 2678 1613 progressum
2707 1522 2900 1593 animae
2931 1537 2987 1591 in
3008 1536 3303 1604 deteriora,
3333 1543 3495 1605 atque
3523 1535 3733 1591 idcirco
3762 1536 3816 1592 in

2207 1636 2463 1692 inferiora
2486 1648 2638 1699 esse;
2672 1630 2920 1702 subjacet
2942 1637 3126 1684 autem
3156 1627 3453 1683 insensibili
3483 1634 3688 1681 natura:
3722 1627 3816 1681 in-

2208 1726 2503 1782 animatum
2532 1743 2543 1777 :
2569 1738 2676 1794 quo
2689 1738 2786 1793 per
2800 1720 3242 1791 consequentiam
3258 1717 3580 1790 principium
3610 1733 3813 1774 eorum

2134 1844 2184 1905 B
2210 1819 2467 1875 doctrinm
2510 1817 2744 1871 animam
2773 1814 2987 1884 redigit.
3033 1812 3141 1869 Sed
3168 1814 3425 1882 quoniam
3447 1812 3555 1867 hoc
3582 1811 3808 1875 nolunt,

2208 1920 2303 1966 aut
2344 1908 2643 1966 insensibili
2672 1907 2911 1962 animam
2940 1904 3292 1969 concludunt,
3323 1911 3435 1970 aut,
3478 1904 3525 1959 si
3567 1903 3694 1959 inde
3743 1904 3812 1959 ad

2205 2005 2494 2059 humanam
2542 2002 2709 2057 vitam
2734 2014 2855 2057 eam
2901 1997 3205 2063 reducunt,
3256 2011 3375 2051 eam
3402 1995 3567 2050 vitam
3596 2010 3722 2066 qua:
3758 1996 3812 2050 in

2205 2095 2377 2164 stirpe
2406 2093 2652 2159 ducatur,
2686 2099 2745 2147 ut
2770 2091 2978 2147 dictum
3005 2096 3119 2155 est,
3153 2087 3445 2143 ostendunt
3473 2088 3811 2143 antecellere

2205 2187 2381 2257 primo
2410 2185 2712 2239 animarum
2750 2183 2919 2239 statui
2952 2200 2965 2236 :
2995 2180 3259 2252 siquidem
3296 2179 3422 2234 inde
3449 2179 3515 2233 ad
3544 2180 3810 2235 malitiam

2206 2277 2307 2332 fuit
2334 2276 2647 2348 prolapsio,
2697 2275 2824 2329 hinc
2866 2288 2998 2329 vero
3040 2273 3109 2328 ad
3150 2273 3408 2326 virtutem
3447 2278 3531 2325 est
3576 2270 3807 2325 reditus.

2207 2368 2568 2436 Quamobrem
2598 2367 2689 2421 illa
2716 2366 2855 2421 ratio
2895 2364 3232 2422 convincitur
3260 2376 3381 2417 esse
3426 2361 3545 2416 sine
3592 2361 3806 2431 capite,

2207 2471 2264 2518 et
2289 2462 2405 2517 sine
2427 2461 2553 2528 fine,
2577 2475 2697 2531 quae
2718 2460 2899 2515 vivere
2928 2457 3137 2513 animas
3156 2464 3431 2526 separatas
3462 2461 3591 2509 ante
3617 2469 3813 2524 corpo.

2207 2570 2358 2611 ream
2389 2554 2551 2609 vitam
2582 2560 2887 2617 asseverat,
2920 2565 2984 2606 ac
3017 2557 3239 2620 propter
3256 2546 3458 2617 ﬂagitia
3483 2546 3811 2616 corporibus

2211 2663 2331 2703 esse
2359 2646 2618 2701 devictas.
2656 2664 2675 2696 ι
2713 2642 2838 2698 Haec
2866 2641 3155 2714 Nyssenus.
3185 2638 3319 2695 Cum
3344 2637 3503 2707 igitur
3524 2646 3718 2707 aperta
3744 2637 3811 2691 sit

2209 2738 2385 2794 Patris
2407 2738 2566 2807 hujus
2586 2736 2852 2801 doctrina,
2877 2733 3203 2802 damnetque
3223 2746 3317 2787 eos
3342 2730 3435 2801 qui
3465 2729 3678 2793 dicant,
3704 2728 3811 2781 ani-

2208 2848 2327 2889 mas
2357 2839 2481 2886 ante
2511 2843 2742 2900 corpora
2769 2826 2933 2882 fuisse
2958 2844 2970 2879 :
2996 2823 3275 2881 audiamus
3294 2833 3350 2880 et
3367 2830 3623 2878 sanctum
3639 2821 3811 2878 Theo-

2208 2921 2413 2993 philum
2439 2920 2753 2990 episcopum
2782 2914 3145 2991 Alexandriae,
3188 2931 3221 2972 e
3259 2928 3513 2970 sermone
3541 2912 3613 2967 ad
3642 2927 3810 2980 quos-

2210 3012 2333 3067 dam
2362 3012 2657 3067 monachos
2685 3009 2918 3080 scripto,
2969 3006 3061 3075 qui
3099 3003 3316 3072 Origem
3357 3002 3762 3059 assentirentur
3795 3020 3807 3055 :

2208 3104 2289 3159 sic
2312 3105 2457 3159 enim
2486 3102 2617 3158 dicit
2652 3120 2663 3155 :
2698 3120 2716 3154 ι
2741 3100 2919 3168 Quare
2947 3095 3467 3153 anathematizantes
3491 3092 3812 3163 Origenem,

2210 3205 2545 3265 caeterosque
2572 3194 2884 3259 haereticos,
2914 3190 3165 3259 exemplo
3193 3195 3401 3256 nostro,
3452 3196 3509 3242 et
3538 3186 3814 3242 Anastasii

2209 3295 2407 3367 sancta:
2437 3287 2695 3343 Romanae
2732 3284 2989 3341 Ecclesiae
3016 3282 3287 3355 episcopi,
3315 3281 3407 3352 qui
3436 3295 3505 3335 ex
3533 3280 3816 3335 veteribus

2210 3379 2596 3435 certaminibus
2637 3378 2816 3434 clarus
2853 3375 3176 3431 nobilissimi
3203 3373 3389 3444 populi
3434 3372 3544 3427 dux
3592 3382 3816 3427 creatus

2210 3481 2323 3541 est,
2374 3487 2535 3543 quem
2578 3480 2635 3527 et
2659 3471 2913 3526 universa
2940 3469 3226 3524 beatorum
3250 3463 3561 3521 Occidentis
3592 3463 3807 3534 episco-

2208 3581 2401 3639 porum
2441 3566 2684 3636 sequitur
2728 3563 3000 3636 synodus,
3050 3574 3172 3632 qua:
3212 3558 3420 3628 accepit
3467 3573 3531 3612 ac
3562 3555 3816 3627 probavit

2209 3658 2699 3714 Alexandrinorum
2762 3654 3015 3712 Ecclesiae
3074 3652 3399 3708 sententiam
3454 3648 3510 3703 in
3579 3648 3814 3719 impium

2210 3750 2394 3805 latam.
2427 3770 2444 3802 ε

2280 3862 2534 3934 Ejusdem
2564 3861 2633 3917 de
2660 3860 2889 3932 epistola
2918 3858 2987 3914 ad
3012 3865 3233 3914 sanctos
3253 3855 3346 3925 qui
3372 3854 3426 3908 in
3452 3852 3603 3909 Secti
3626 3864 3811 3920 erant,

2207 3964 2433 4028 propter
2473 3969 2568 4009 eos
2614 3954 2707 4023 qui
2747 3954 3059 4009 incusarent
3105 3948 3508 4005 damnationem
3558 3944 3820 4015 Origenis

2209 4047 2509 4104 doctrinm:
2543 4066 2560 4097 ε
2590 4046 2783 4101 Dicere
2802 4042 3047 4099 nonnulli
3068 4041 3185 4097 ausi
3213 4046 3360 4107 sunt,
3382 4037 3679 4107 Origenem
3708 4036 3819 4093 Ec-

2207 4140 2386 4196 clesiae
2417 4154 2538 4195 esse
2569 4138 2868 4194 doctorem.
2902 4137 2983 4190 An
3013 4134 3092 4203 bi,
3124 4133 3369 4198 obsecro,
3403 4130 3617 4187 ferendi
3648 4131 3823 4187 sunt?

2208 4231 2266 4287 Si
2288 4231 2545 4289 Ecclesiae
2576 4230 2771 4286 doctor
2798 4236 2880 4285 est
2905 4227 3183 4295 Origenes,
3211 4236 3437 4292 magnos
3460 4222 3565 4277 sibi
3591 4223 3824 4292 spiritus

2208 4332 2427 4381 sumunt
2454 4322 2660 4386 Ariani,
2706 4329 2761 4377 et
2787 4318 3126 4384 Eunomiani,
3157 4325 3213 4373 et
3240 4315 3437 4388 pagani
3470 4333 3482 4368 :
3509 4314 3589 4369 illi
3620 4315 3680 4369 in
3723 4314 3819 4368 Fi-

2208 4416 2339 4472 lium
2364 4430 2428 4471 ac
2454 4414 2713 4485 Spiritum
2742 4413 3217 4483 blaSphemantes;
3246 4408 3301 4462 hi
3335 4407 3609 4470 similiter,
3643 4414 3816 4476 atque

2208 4506 2305 4573 illi,
2334 4506 2504 4577 impii,
2535 4520 2636 4560 nec
2675 4519 2783 4558 non
2806 4501 3261 4557 resurrectionem
3294 4505 3643 4553 mortuorum
3674 4496 3824 4551 deri-

2761 4596 3107 4667 perspicuum
3138 4601 3248 4659 est,
3304 4606 3427 4646 eum
3454 4590 3551 4659 qui
3594 4597 3825 4653 sanctos

2211 4693 2402 4749 Patres
2432 4693 2695 4762 sequitur,
2742 4705 2852 4747 non
2894 4688 3141 4745 dubitare
3169 4687 3301 4757 quin
3330 4685 3367 4740 ii
3396 4684 3489 4755 qui
3529 4699 3660 4739 cum
3696 4682 3823 4738 Ori-

2210 4799 2348 4855 gene
2392 4785 2653 4850 sentiunt,
2704 4796 3039 4854 paganorum
3090 4792 3331 4835 errorem
3380 4775 3826 4845 Arianorumqne

2210 4876 2479 4932 insaniam
2508 4884 2825 4946 sequantur.

2281 4989 2406 5045 Haec
2460 5004 2677 5061 quoque
2730 4997 2948 5045 sanctus
2997 4986 3227 5059 Cyrillus
3276 4983 3407 5039 dicit
3466 4980 3827 5037 Alexandriae

2210 5092 2514 5162 cpiscopus,
2557 5093 2611 5146 in
2652 5091 2878 5162 epistola
2916 5088 2988 5144 ad
3015 5087 3313 5144 monachos
3339 5084 3430 5155 qui
3461 5084 3518 5138 in
3544 5081 3735 5150 Pbua,
3765 5083 3827 5138 in

2211 5210 2307 5252 eos
2327 5196 2419 5267 qui
2441 5195 2713 5251 allirmant
2734 5207 3023 5263 corporum
3044 5188 3501 5247 resurrectionem
3520 5201 3637 5242 non
3665 5199 3825 5241 esse:

2219 5321 2237 5354 ε
2261 5301 2426 5355 Aiunt
2451 5298 2636 5368 igitur,
2669 5309 2790 5351 esse
2811 5293 2957 5365 apud
2985 5308 3083 5348 vos
3103 5291 3197 5362 qui
3219 5295 3420 5360 negent
3447 5289 3829 5343 humanorum

2212 5416 2502 5474 corporum
2552 5397 3009 5454 resurrectionem
3055 5414 3067 5449 :
3110 5409 3229 5464 qute
3274 5407 3401 5463 pars
3449 5388 3832 5445 confessionis

2211 5515 2410 5564 nostra:
2431 5512 2533 5572 est,
2550 5517 2708 5574 quam
2729 5500 2952 5557 fecimus
2973 5499 3207 5555 salutare
3228 5494 3490 5551 adeuntes
3513 5484 3825 5563 baptisma.

2214 5610 2396 5665 Fidem
2428 5606 2571 5663 enim
2597 5604 2937 5674 proﬁtentes,
2966 5599 3304 5671 adjungimus
3335 5594 3560 5652 credere
3608 5608 3716 5650 nos
3762 5602 3832 5649 et

2212 5710 2390 5768 carnis
2410 5706 2885 5765 resurrectionem.
2911 5702 2966 5757 Si
2990 5704 3094 5757 hoc
3117 5700 3373 5764 tollimus,
3407 5711 3508 5753 nec
3534 5694 3831 5753 credimus

2211 5812 2483 5868 Christum
2507 5808 2870 5865 resurrexisse
2900 5821 2931 5861 a
2960 5803 3218 5871 mortuis,
3251 5808 3311 5857 ut
3350 5815 3451 5857 nos
3477 5797 3584 5856 sibi
3612 5812 3829 5855 conre-

2214 5925 2516 5991 suscitarct,
2548 5920 2943 5979 claudicantem
2965 5916 3225 5974 habemus
3256 5914 3435 5984 ﬁdem,
3461 5926 3523 5969 ac
3552 5926 3585 5968 a
3608 5910 3699 5967 via
3725 5924 3822 5966 re—
