3970 6502
275 415 382 473 201

1329 409 1699 481 JUSTINIANI
1738 422 1867 481 Ll-B.
1905 422 2062 482 ADV.
2102 424 2473 485 ORIGENEM.

3425 429 3533 489 202

279 552 373 602 μιν
395 531 490 590 τιίν
513 526 925 607 διεστραμμίνην.
947 530 1095 591 ἐστι
1119 532 1174 591 δί
1196 533 1227 595 ἦ
1248 538 1459 597 τοιαυτη
1479 538 1743 605 κακοδοξία
1761 546 1850 601 τῆς

1954 541 2041 612 gia
2065 540 2441 611 deﬂectentes,
2473 550 2701 617 pravum
2726 541 2833 600 iter
2872 543 3167 614 sequimur.
3216 541 3535 615 liujusmodi

280 623 571 699 Ὠρισγένους
597 624 999 696 φρενοϐλαϐείας’
1030 624 1085 682 ὃν
1122 630 1205 683 καί
1243 628 1290 683 οἱ
1336 631 1551 709 πατέρες
1601 634 1740 704 ἐμῶν
1785 634 1856 695 ὡς

275 712 642 790 διαστρέφοντα
670 720 762 775 τὴν
791 715 1021 777 ἀλήθειαν
1045 719 1397 795 ἀπεκήρυξαν,
1438 722 1526 776 καί
1563 722 1853 794 ἀνεθεμάτι-

276 830 394 866 σαν.
435 812 505 865 Οὐ
526 810 625 885 γάρ
653 810 916 886 ἐφρόνησεν
944 813 1014 874 ὥς
1041 814 1371 889 Χριστιανὸς,
1401 813 1523 870 ἀλλά
1556 821 1666 876 ταῖς
1684 814 1857 875 Ἑλλη-

276 922 377 956 νων
403 901 744 964 ἀκολουθήσας
770 903 1036 978 φλυαρίαις
1063 905 1399 965 πεπλάνηται.
1426 917 1479 962 Ἦ
1505 904 1561 963 δὲ
1588 907 1736 982 ἀρχή
1763 913 1854 964 τοῦ

271 999 560 1067 νοσήματος
581 996 802 1051 ἐντεῦθεν
817 997 952 1069 αὐτῷ
966 997 1276 1070 συμϐέϐηκε.
1301 1001 1427 1057 Φησί
1443 999 1539 1074 ’γὰρ
1567 996 1646 1056 ὅτι
1661 1006 1856 1075 προϋπ-

273 1088 535 1164 άρχουσιν
568 1087 622 1142 αἱ
649 1088 827 1160 ψυχαί
871 1096 972 1145 τῶν
1020 1090 1301 1162 σωμάτων,
1339 1092 1420 1145 καί
1457 1090 1559 1147 ἀπὸ
1596 1088 1855 1163 ἁγιασμοῦ

272 1180 680 1253 παρηνέχθησαν
724 1181 798 1241 εἰς
834 1181 1103 1253 ἐπιθυμίας
1146 1181 1395 1259 πονηράς,
1435 1183 1516 1237 καί
1558 1182 1857 1241 ἀπέστησαν

273 1275 404 1324 Θεοῦ
424 1284 439 1300 ⁸
467 1272 550 1324 καί
593 1270 790 1333 ταύτης
829 1271 976 1327 ἕνεκα
1010 1280 1104 1332 τῆς
1130 1273 1296 1333 αἰτίας
1323 1269 1646 1328 κατεδίκασεν
1671 1274 1853 1340 αὐτὸς,

274 1365 362 1419 καί
381 1364 733 1436 ἑσωμάτωσεν,
762 1365 846 1421 καί
871 1366 995 1423 εἰσιν
1026 1367 1095 1428 ὦς
1120 1367 1170 1422 έν
1193 1363 1526 1444 δεσμωτηρίῳ
1562 1368 1612 1423 ἐν
1644 1372 1851 1439 σαρκί.»

349 1552 452 1601 Τοῦ
479 1547 639 1605 αὐτοῦ
668 1548 722 1605 ίκ
760 1557 853 1611 τῆς
886 1549 1157 1612 ἐπιστολῆς
1193 1560 1287 1612 sic
1311 1550 1446 1624 πρὸς
1475 1551 1597 1613 τοὺς
1631 1553 1685 1608 ἓν
1722 1558 1859 1625 Φουᾷ

273 1635 560 1709 μοναχοῦς·
599 1655 619 1690 ε
646 1636 703 1695 Ἠ
738 1637 794 1695 δί
831 1639 1067 1699 ίκκλησία
1110 1648 1228 1704 ταῖς
1260 1641 1615 1703 θεοπνεύστοις
1645 1642 1860 1716 ἑπομένη

271 1736 521 1805 γραφαῖς,
567 1731 659 1785 οὐκ
699 1726 803 1788 οἶδε
830 1738 930 1788 τῶν
972 1733 1225 1805 σωμάτων
1266 1734 1721 1812 προϋπάρχουσαν
1767 1740 1861 1797 τήν

271 1823 481 1895 ψυχήν,
511 1824 617 1880 ἀλλ’
643 1824 757 1882 οὐδὲ
782 1831 1260 1904 προαμαρτήσασαν
1277 1827 1380 1901 πρό
1410 1829 1593 1884 αὐτῶν·
1622 1835 1735 1891 πῶς
1757 1830 1860 1904 γάρ

1957 638 2135 687 autem
2170 632 2415 704 improba
2454 632 2638 704 opinio
2687 633 2757 690 ab
2799 631 3047 705 Origenis
3087 634 3358 693 dementia
3401 641 3534 693 est:

1956 737 2117 796 quem
2140 733 2197 782 et
2221 733 2404 797 patres
2443 726 2635 796 nostri,
2684 733 2747 783 ut
2769 727 2888 785 veri
2913 728 3348 799 depravatorem,
3376 729 3537 786 abdi-

1957 825 2215 874 caverunt
2240 823 2298 874 et
2323 817 2935 877 anathematizaverunt.
2964 818 3085 876 Non
3114 820 3258 875 enim
3281 822 3452 879 sensit
3477 828 3544 879 ut

1956 906 2310 978 Christianus,
2351 910 2447 966 sed
2474 923 2806 981 paganorum
2832 917 3049 969 secutus
3089 910 3322 981 ineptias
3349 919 3405 967 et
3431 927 3540 968 nu-

1957 1011 2073 1069 gas,
2094 999 2149 1055 in
2169 1014 2409 1058 errorem
2433 1001 2641 1058 incidit.
2667 1002 2804 1060 Hinc
2828 1010 3010 1060 autem
3033 1003 3085 1060 ei
3111 1003 3337 1074 contigit
3360 1005 3541 1061 morbi

1956 1089 2302 1161 principium.
2332 1091 2622 1149 Asseverat
2648 1094 2856 1151 animas
2892 1102 3019 1151 ante
3045 1109 3276 1167 corpora
3301 1110 3452 1165 esse,
3480 1104 3540 1153 et

1957 1197 1990 1238 a
2014 1184 2369 1242 sanctimonia
2397 1184 2655 1243 abductas
2689 1186 2853 1244 fuisse
2882 1188 2941 1244 in
2966 1187 3289 1259 cupiditates
3331 1203 3396 1245 ac
3439 1202 3542 1245 ne-

1957 1271 2203 1343 quitiam,
2228 1273 2623 1346 descivisseque
2649 1291 2683 1332 a
2708 1275 2843 1344 Deo,
2868 1291 2900 1333 a
2922 1292 3032 1349 quo
3057 1276 3198 1334 hanc
3225 1277 3295 1335 ob
3322 1292 3544 1334 causam

1958 1360 2223 1419 damnatae
2242 1372 2388 1433 sunt,
2409 1372 2469 1423 et
2489 1365 2707 1439 corpori
2726 1367 3020 1437 obstrictae,
3043 1377 3276 1441 suntque
3302 1369 3358 1427 in
3376 1382 3544 1426 carne

1958 1459 2219 1522 tanquam
2241 1452 2300 1510 in
2319 1469 2559 1513 carcere.
2586 1475 2607 1510 ε
2928 1476 2931 1479 ·
3345 1472 3348 1475 λ

2031 1540 2284 1613 Ejusdem
2310 1558 2380 1602 ex
2407 1546 2638 1618 epistola
2660 1548 2863 1621 scripta
2907 1549 2981 1607 ad
3027 1564 3123 1608 eos
3163 1551 3259 1623 qui
3297 1552 3356 1608 in
3391 1550 3545 1608 Phua

1959 1642 2146 1701 erant,
2174 1635 2472 1693 monachos
2514 1655 2529 1692 :
2565 1656 2586 1692 ι
2611 1636 2857 1699 Ecclesia
2877 1656 3010 1699 vero
3023 1681 3040 1709 ,
3063 1642 3359 1715 Scripturis
3383 1643 3546 1701 obse-

1960 1740 2133 1797 quens
2155 1740 2189 1781 a
2214 1724 2329 1783 Deo
2370 1728 2677 1801 inspiratis,
2706 1746 2808 1790 nec
2830 1733 3064 1789 animam
3090 1736 3242 1793 novit
3269 1742 3397 1791 ante
3421 1750 3547 1793 cor-

1960 1831 2097 1887 pora
2120 1815 2305 1885 fuisse,
2353 1832 2456 1876 nec
2498 1828 2630 1877 ante
2668 1835 2733 1877 ea
2771 1836 3050 1893 peccasse.
3085 1823 3368 1892 Quomodo
3396 1824 3547 1883 enim

269 1918 305 1975 ἦ
343 1921 416 1990 μη
446 1923 720 1992 ὑφεστῶσα
756 1923 840 1977 καί
874 1920 1127 1997 ἁμαρτεῖν
1165 1919 1413 1988 ἡδύνατος
1461 1922 1622 1995 φαμὲν
1656 1922 1740 1992 δέ,
1783 1924 1850 1982 ὅτε

1962 1922 2083 1980 qua:
2107 1922 2219 1964 non
2240 1908 2567 1966 subsistebat
2592 1925 2823 1987 peccare
2849 1914 3060 1985 potuit?
3084 1914 3156 1971 At
3181 1930 3281 1971 nos
3306 1913 3547 1972 afﬁrma-

270 2006 467 2064 ἔπλασε
508 2012 600 2081 μὲν
645 2008 803 2066 ὁτῶν
836 2008 962 2066 ὅλων
1006 2009 1315 2085 δημιουργὸς
1355 2011 1419 2070 τὸ
1440 2012 1603 2085 ’σῶμα
1640 2015 1694 2069 ἐκ
1740 2024 1857 2089 γῆς,

269 2097 529 2170 ὶψύχωσε
580 2098 636 2156 δί
666 2101 789 2157 αὐτὸ
814 2100 969 2176 ψυχῇ
1005 2107 1176 2178 νοερᾷ.
1206 2104 1296 2159 καί
1342 2103 1476 2165 αὕτη
1519 2105 1656 2161 ἐστίν
1691 2105 1724 2163 t6
1765 2113 1857 2163 τοῦ

269 2190 539 2265 ἀνθρώπου
568 2195 909 2250 κατασκευή.»
936 2196 1028 2248 Καὶ
1053 2194 1159 2264 μεθ’
1178 2194 1349 2269 ἕτερα·
1370 2191 1511 2251 (Ὀτι
1530 2196 1621 2250 οὐκ
1647 2196 1701 2251 έκ
1727 2217 1857 2271 προ·-

268 2290 603 2355 γενεστιρων,
631 2284 702 2344 ὧς
738 2304 916 2356 φασιν,
945 2282 1328 2356 ἁμαρτημάτων
1363 2284 1793 2345 καταδεδίκασται
1825 2290 1857 2347 ἦ

272 2379 367 2427 τοῦ
390 2373 654 2448 ἀνθρώπου
676 2371 856 2445 ψυχὴ,
884 2374 968 2429 καί
987 2376 1063 2435 είς
1094 2379 1271 2431 τοῦτον
1300 2377 1620 2449 κατεπέμφθη
1638 2378 1725 2434 τὸν
1746 2377 1858 2435 κόσ-

272 2484 391 2537 μον,
419 2468 735 2523 πιστώσεται
758 2467 962 2544 γράφων
990 2469 1075 2525 καί
1103 2464 1129 2522 6
1155 2468 1410 2542 πάνσοφος
1429 2469 1858 2535 Παῦλος,-Τοὺς

270 2560 377 2633 γὰρ
404 2560 594 2622 πάντας
623 2561 760 2631 ἡμᾶς
782 2559 863 2617 δεῖ
886 2562 1223 2636 φανερωθῆναι
1259 2558 1539 2639 ἔμπροσθεν
1577 2569 1668 2619 τοῦ

270 2668 367 2709 τος
410 2656 502 2704 τοῦ
537 2656 795 2728 Χριστοῦ,
835 2650 922 2706 ἵνα
956 2654 1227 2720 κομίσηται
1275 2651 1493 2714 ἕκαστος
1536 2652 1603 2709 τά
1644 2650 1729 2708 διὰ
1763 2660 1856 2710 τοῦ

272 2739 517 2807 σώματος
538 2740 671 2813 πρὸς
698 2738 733 2795 ά
751 2737 983 2817 ἴπραξεν,
1007 2738 1106 2796 εἴτε
1128 2741 1331 2814 ἀγαθὸν,
1348 2739 1448 2798 εἴτε
1471 2742 1749 2815 φαῦλον.-
1769 2743 1859 2800 Διά

271 2829 325 2883 τί
351 2829 446 2905 γάρ
470 2828 600 2901 μόνα
620 2831 687 2887 τά
716 2827 801 2887 διὰ
831 2836 922 2886 τοῦ
949 2834 1187 2902 σώματος
1227 2834 1656 2911 φανερωθήσεσθαί
1699 2855 1851 2907 φησι,

208 2942 209 2945 η
271 2923 360 2977 καί
387 2924 511 2995 οὐχί
529 2922 591 2984 δὴ
619 2924 806 3006 μᾶλλον
834 2928 918 2981 καί
942 2928 1011 2983 τά
1031 2928 1131 3002 πρὸ
1159 2933 1254 2983 τοῦ
1292 2929 1554 3000 σώματος,
1578 2926 1722 3006 εἴπερ
1748 2928 1857 3005 ᾔδει

270 3020 539 3086 προοῦσαν
565 3054 581 3080 ,
610 3018 694 3070 καί
734 3004 1217 3093 ἃροαμαρτήσασαν
1241 3022 1333 3078 την
1370 3019 1579 3091 ψυχήνς
1607 3022 1665 3075 Εἰ
1691 3004 1747 3075 δέ
1773 3020 1859 3075 ίπί

266 3106 447 3176 μόνοις
475 3107 741 3184 κρινόμεθα
760 3116 872 3171 τοῖς
890 3107 975 3164 διὰ
1014 3115 1109 3166 τοῦ
1132 3112 1367 3182 σώματος
1383 3152 1399 3179 ,
1422 3112 1508 3164 οὐκ
1535 3109 1734 3183 ἔχομεν
1768 3109 1859 3170 δη·

267 3198 445 3253 λονὸτι
495 3201 891 3273 προγενεστέραν
930 3205 1023 3256 τοῦ
1057 3202 1295 3272 σώματος
1323 3200 1598 3277 ἁμαρτίαν.
1640 3206 1713 3258 Οὐ
1756 3204 1859 3279 γὰρ

1966 2014 2113 2067 mus,
2160 1997 2524 2058 universitatis
2547 2001 2799 2072 opiﬁcem
2834 2018 3032 2075 corpus
3065 2018 3099 2060 e
3124 2012 3272 2061 terra
3300 2003 3541 2073 ﬁnxisse,

1960 2090 2126 2162 idque
2142 2092 2413 2149 animasse
2433 2092 2772 2165 intelligente
2796 2095 2996 2162 anima,
3035 2103 3095 2153 et
3117 2097 3235 2153 haec
3255 2105 3340 2153 est
3363 2097 3546 2155 homi-

1959 2184 2045 2243 nis
2063 2193 2353 2244 structura.
2368 2207 2387 2242 ι
2409 2187 2479 2243 Et
2491 2195 2616 2260 post
2630 2189 2733 2245 alia
2752 2206 2767 2243 :
2790 2207 2809 2242 ε
2826 2189 3074 2247 Animam
3094 2191 3329 2248 hominis
3349 2206 3453 2249 nec
3471 2193 3545 2249 ob

1960 2277 2251 2349 praeterita,
2268 2286 2329 2335 ut
2343 2278 2515 2345 aiunt,
2541 2278 2744 2351 ﬂagitia
2763 2287 2927 2350 atque
2948 2282 3153 2338 scelera
3175 2296 3295 2339 esse
3317 2282 3546 2339 damna-

1961 2379 2091 2437 tam,
2133 2387 2234 2428 nec
2254 2371 2312 2428 in
2336 2373 2481 2430 hunc
2503 2372 2789 2431 demissam
2808 2372 3089 2442 mundum,
3116 2375 3545 2446 sapientissimus

1958 2458 2155 2519 Paulus
2177 2461 2338 2519 ﬁdem
2357 2461 2504 2531 facit,
2526 2463 2603 2520 ita
2627 2465 2907 2543 scribens:
2939 2462 3133 2541 Omnes
3147 2468 3286 2522 enim
3303 2482 3401 2522 ιιοε
3425 2482 3544 2523 ma-

1957 2552 2200 2625 nifestari
2219 2560 2423 2626 oportet
2442 2564 2563 2611 ante
2584 2554 2808 2611 tribunal
2837 2555 3051 2624 Christi,
3079 2564 3138 2612 ut
3164 2559 3361 2629 referat
3378 2573 3544 2614 ιιιιιιε-

1958 2642 2167 2714 quisque
2192 2659 2256 2699 ea
2291 2659 2408 2716 quat
2439 2660 2531 2716 per
2558 2660 2743 2717 corpus
2760 2683 2776 2712 ,
2816 2654 2970 2719 prout
2994 2648 3175 2720 gessit,
3199 2648 3306 2703 sive
3328 2646 3543 2719 bonum,

1957 2735 2063 2790 sive
2088 2735 2281 2790 malum
2304 2734 2361 2807 (Ι
2385 2734 2509 2793 Cor.
2538 2736 2653 2809 xv).
2684 2736 2796 2793 Cur
2832 2750 2963 2808 ergo
2993 2745 3216 2809 propter
3247 2737 3365 2794 sola
3406 2751 3541 2809 pro-

1957 2828 2075 2899 pria
2096 2828 2341 2900 corporis
2358 2828 2694 2886 manifestari
2718 2844 2820 2887 nos
2842 2837 3099 2902 oportere
3119 2831 3215 2899 ait,
3238 2845 3341 2887 nec
3358 2830 3542 2902 potius

1957 2928 2183 2994 propter
2207 2934 2273 2976 ea
2297 2921 2463 2977 etiam
2490 2936 2611 2993 qum
2648 2930 2776 2978 ante
2802 2937 3020 2994 corpus,
3065 2923 3114 2979 si
3138 2923 3375 2978 animam
3412 2928 3540 2978 ante

1956 3012 2122 3069 fuisse
2158 3018 2345 3079 norat,
2396 3018 2454 3069 et
2478 3019 2608 3068 ante
2638 3026 2895 3084 peccasse
2913 3017 2940 3069 ἰ
2986 3012 3047 3069 Si
3072 3028 3198 3071 vero
3230 3013 3301 3069 ob
3326 3028 3393 3069 ea
3419 3011 3540 3069 sola

1957 3117 2076 3175 quae
2118 3102 2175 3158 in
2221 3116 2449 3175 corpore
2481 3102 2767 3173 gessimus,
2815 3102 3132 3160 adducimur
3169 3103 3226 3160 in
3254 3103 3536 3175 judicium,

1956 3210 2069 3252 non
2094 3194 2283 3267 utique
2316 3195 2578 3253 habemus
2612 3195 2889 3267 antiquius
2927 3211 3159 3268 corpore
3201 3204 3486 3268 peccatum
3516 3213 3534 3251 :

262 3289 551 3360 ὑφέστηκεν
581 3288 707 3352 ὅλως
725 3293 757 3351 ἡ
783 3297 876 3347 τοῦ
903 3293 1168 3369 ἀνθρώπου
1201 3294 1354 3365 ψυχὴ
1379 3294 1480 3369 πρὸ
1502 3296 1658 3351 αὐτοῦ
1674 3336 1691 3364 ,
1732 3296 1850 3357 πλη‹

1956 3299 2084 3340 nam
2113 3286 2336 3343 omnino
2361 3294 2490 3342 ante
2525 3286 2581 3343 id
2618 3301 2728 3343 non
2763 3288 3010 3344 constitit
3051 3288 3287 3346 hominis
3332 3289 3534 3344 anima.

264 3388 476 3459 ροφορεῖ
497 3379 552 3436 δὲ
575 3384 703 3459 πρὸς
732 3389 883 3439 τοῦτο
902 3386 1038 3456 ἡμᾶς
1056 3387 1140 3440 καὶ
1165 3387 1196 3445 ἦ
1222 3392 1314 3441 τοῦ
1333 3393 1535 3458 νομικοῦ
1557 3379 1855 3465 γράμματος

265 3472 504 3544 δύναμις.
534 3475 593 3530 Εἰ
631 3477 763 3549 γάρ,
804 3476 875 3538 ὥς
909 3498 1057 3551 φησιν
1086 3475 1114 3533 6
1147 3478 1526 3548 πεπλανημένος
1564 3480 1850 3556 Ὦριγῦνης,

265 3566 324 3619 ἐκ
349 3570 447 3619 τῶν
462 3567 871 3641 προγενεστέρων
890 3566 1292 3642 ἁμαρτημάτων,
1307 3568 1440 3643 λόγῳ
1465 3569 1721 3631 κολάσεως
1740 3570 1851 3629 ἤτοι

262 3656 511 3732 τιμωρίας
550 3654 751 3720 ἐδέξατο
793 3658 852 3713 τὸ
890 3664 1044 3729 σῶμα
1088 3659 1120 3717 ἦ
1162 3658 1350 3731 ψυχή,
1390 3656 1474 3716 διά
1511 3662 1658 3717 ποίαν
1685 3661 1851 3717 αἰτίαν

265 3748 511 3808 ἠπείλησε
555 3751 764 3806 θάνατον
786 3758 897 3812 τοῖς
939 3751 1352 3831 ἁμαρτάνουσινς
1396 3750 1500 3809 ἔδει
1536 3759 1635 3828 γὰρ
1666 3754 1851 3827 μᾶλλον

259 3844 384 3901 τοὺς
415 3838 640 3904 δικαίους
669 3842 1021 3907 ἀποθνήσκειν,
1060 3843 1145 3898 ἵνα
1170 3841 1588 3899 ἀπαλλάττωνται
1609 3849 1709 3899 τῶν
1738 3842 1851 3901 δεσ-

259 3942 393 4006 μῶν,
418 3937 613 4017 καὶτῆς
638 3938 918 4011 τιμωρίας,
949 3940 1036 4010 ζῇν
1072 3934 1128 3992 δί
1155 3937 1276 3998 τοὺς
1310 3936 1634 4017 ἀλιτηρίους,
1658 3939 1740 3995 ἶνα
1772 3959 1851 3994 κο-

256 4028 510 4092 λάζωνται
529 4012 1051 4101 μήθάπαλλαττόμενοι
1076 4036 1177 4086 τῶν
1208 4027 1427 4101 δεσμῶν.
1458 4012 1489 4082 τε

327 4127 410 4174 Ἐκ
457 4128 550 4181 τῆς
605 4120 887 4181 ἐκτεθείσης
945 4120 1052 4175 ὑπὸ
1090 4126 1191 4174 τῶν
1245 4118 1355 4177 κατ’
1405 4118 1661 4194 Αἴγυπτον
1686 4165 1702 4191 ,
1759 4124 1848 4178 καί

255 4208 620 4286 Ἀλεξάνδρειαν
663 4208 953 4267 ἐπισκόπων
994 4208 1264 4271 συνοδικῆς
1290 4209 1560 4270 ἐπιστολῆς
1585 4212 1721 4268 κατά
1745 4217 1847 4267 τῶν

254 4296 548 4375 Ὠριαγένους
570 4298 858 4374 δογμάτων
880 4317 900 4353 ε
919 4296 1081 4361 Οὗτος
1108 4301 1269 4356 τοίνυν
1295 4298 1322 4355 6
1360 4302 1683 4376 προκείμενος
1710 4299 1846 4379 Ὠρι-

255 4390 429 4459 σιένης,
458 4390 687 4467 καθάπερ
709 4391 770 4447 τὸ
787 4398 880 4451 τῆς
908 4391 1213 4466 ἐρημώσεως
1237 4388 1494 4462 βδέλυγμα
1516 4392 1566 4446 έν
1588 4392 1731 4465 μέσῳ
1754 4399 1847 4454 τῆς

256 4479 472 4541 ἀληθοῦς
500 4480 766 4543 ἐκκλησίας
792 4482 1077 4556 γεγένηται.
1105 4484 1207 4537 Καὶ
1227 4481 1578 4558 πρεσϐύτερος
1603 4501 1846 4557 χειροτο-

252 4572 415 4630 νηθείς
442 4570 545 4626 ὑπὸ
572 4580 665 4632 tu”:
694 4581 950 4633 κανονικῆς
973 4593 1059 4637 τε,
1091 4574 1176 4627 καί
1216 4577 1338 4643 μιᾶς
1367 4574 1544 4648 χειρὸς
1582 4573 1842 4637 ἀληθινῆς,

1954 3374 2073 3433 Ηοο
2088 3390 2256 3448 porro
2270 3377 2491 3450 planum
2508 3376 2640 3436 facit
2665 3386 2723 3435 et
2746 3378 2934 3451 legalis
2959 3380 3152 3437 litteras
3166 3382 3267 3438 vis.
3292 3379 3353 3437 Si
3366 3382 3536 3451 enim,

1953 3476 2015 3525 ut
2039 3468 2173 3525 dicit
2191 3469 2524 3527 errabundus
2548 3468 2827 3542 Origenes,
2851 3472 2923 3529 ob
2936 3473 3220 3545 superiora
3248 3473 3532 3531 commissa

1953 3556 2009 3614 in
2058 3559 2308 3630 supplicii
2350 3574 2418 3618 ac
2461 3575 2637 3632 poenae
2679 3562 2802 3620 loco
2847 3563 3027 3620 anima
3070 3579 3268 3637 corpus
3305 3566 3534 3637 accepit,

1951 3649 2305 3719 quamobrem
2330 3651 2611 3722 ﬂagitiosis
2647 3668 2715 3710 ac
2741 3654 3019 3712 sceleratis
3044 3666 3277 3713 mortem
3303 3655 3535 3713 commi-

1951 3746 2078 3794 nata
2100 3730 2235 3797 esti'
2266 3739 2438 3811 Magis
2464 3744 2610 3800 enim
2646 3753 2997 3817 Oportuerat,
3046 3747 3219 3805 bonos
3254 3762 3321 3805 ac
3356 3747 3535 3818 iustos

1950 3832 2098 3890 viros
2125 3840 2359 3891 mortem
2381 3844 2665 3908 oppetere,
2689 3846 2753 3894 ut
2774 3839 3003 3896 vinculis
3029 3848 3087 3896 et
3110 3839 3376 3912 supplicio
3405 3840 3534 3896 libe-

1950 3931 2203 3981 rarentur
2250 3943 2264 3981 :
2303 3926 2489 3984 vivere
2528 3937 2721 3986 contra
2759 3931 3021 3988 scelestos
3060 3947 3126 3988 ac
3152 3931 3387 3988 nefarios
3407 3971 3425 4000 ,
3471 3939 3534 3988 ut

1948 4029 2111 4088 pmna
2121 4015 2481 4090 afﬁcerentur,
2490 4035 2595 4079 nec
2603 4021 2709 4079 ulla
2722 4010 3058 4081 vinculorum
3070 4032 3214 4080 esset
3224 4023 3488 4079 liberatio.
3502 4041 3523 4076 ι

2020 4105 2102 4164 Ex
2147 4110 2486 4182 expositione
2537 4113 2809 4185 synodicae
2854 4114 3097 4185 epistola:
3149 4114 3529 4184 episcoporum

1949 4197 2171 4273 Egypti
2211 4210 2374 4273 atque
2410 4202 2746 4260 Alexandriae
2773 4203 3030 4259 adversus
3056 4201 3301 4272 Origenis
3328 4202 3529 4258 doctri-

1948 4306 2074 4347 nam
2108 4310 2122 4348 :
2149 4311 2167 4347 ι
2188 4291 2290 4350 Hic
2305 4307 2458 4364 ergo,
2482 4294 2550 4350 de
2576 4310 2685 4365 quo
2710 4294 2907 4364 agitur,
2929 4292 3186 4365 Origenes
3204 4293 3371 4350 veluti
3396 4293 3529 4350 abo-

1947 4384 2259 4441 minationis
2272 4385 2541 4441 desolatio
2561 4385 2617 4441 in
2634 4385 2813 4442 medio
2837 4401 2980 4443 verae
3002 4385 3257 4443 Ecclesia:
3284 4386 3524 4455 exstitit;

1948 4488 2012 4531 ac
2039 4474 2324 4546 presbyter
2351 4475 2630 4532 ordinatus
2656 4492 2688 4531 a
2715 4476 2975 4533 canonica
2998 4518 3037 4547 ,,
3062 4477 3131 4534 ab
3155 4492 3258 4533 una
3274 4518 3291 4546 ,
3337 4492 3368 4532 a
3394 4490 3526 4532 vera

1946 4582 2142 4636 manu,
2192 4566 2509 4638 dignitatem
2535 4568 2835 4642 presbyteri
2860 4569 3057 4625 nudam
3102 4585 3168 4626 ac
3208 4569 3379 4627 solam
3420 4569 3524 4625 ha-

253 4655 375 4730 εἶχε
391 4660 450 4715 τὸ
473 4660 673 4732 ἀξίωμα
698 4669 790 4718 τοῦ
809 4662 1164 4738 πρεσϐυτέρου
1193 4661 1388 4732 ψιλὸντε
1420 4664 1502 4716 καί
1528 4662 1696 4735 μόνον,
1726 4664 1843 4717 καθ-

1954 4658 2101 4725 buit,
2157 4659 2610 4729 quemadmodum
2655 4670 2712 4718 et
2749 4664 3083 4734 apostolatus
3120 4664 3308 4721 habuit
3351 4664 3527 4721 hono-

251 4753 387 4828 άπερ
431 4755 516 4808 καί
548 4754 609 4809 τὸ
635 4762 727 4815 τῆς
753 4753 1040 4814 ἀποστολῆς
1062 4748 1206 4824 εἶχεν
1229 4751 1255 4808 6
1276 4752 1521 4819 κλέπτης,
1542 4756 1629 4809 καὶ
1649 4752 1840 4831 προδό-

250 4866 349 4903 της
380 4842 593 4906 Ἰούδας.
623 4844 926 4921 ’Δρξαμένου
965 4849 1067 4920 γὰρ
1095 4846 1254 4901 αὐτοῦ
1282 4845 1611 4919 βλασφήμους
1644 4846 1841 4919 ὁμιλίας

251 4935 442 5008 ὁμιλεῖν
460 4979 475 5004 ,
512 4933 539 4991 6
571 4936 683 4992 κατ’
706 4938 865 4992 ἐκεῖνο
892 4938 1176 5013 μακαρίτης
1203 4937 1449 5012 Ἦρακλᾶς
1478 4936 1504 4992 6
1530 4939 1836 5009 ἐπίσκοπος,

252 5032 324 5091 ὥς
346 5032 553 5105 ἀροτὴρ,
580 5033 667 5087 καὶ
689 5030 1041 5108 ἀμπελουργὸς
1066 5030 1329 5105 φιλαλήθης
1349 5038 1441 5089 τοῦ
1463 5040 1553 5094 m‘c
1578 5034 1840 5095 ἐκκλησίας

251 5124 452 5194 χωρίου
483 5124 779 5194 τυγχάνων,
803 5124 856 5178 ίκ
877 5124 1031 5196 μέσου
1070 5129 1162 5180 τοῦ
1185 5123 1334 5179 καλοῦ
1363 5125 1508 5179 σίτου
1536 5130 1714 5181 τοῦτον
1739 5125 1841 5190 ίξέ-

251 5216 419 5283 τιλεν,
453 5219 520 5278 ὦς
547 5224 641 5276 τοῦ
669 5225 889 5297 πονηροῦ
926 5220 1141 5286 ζιζανίου
1167 5216 1286 5276 ὄντα
1323 5218 1567 5280 ἀληθῶς.»
1607 5220 1700 5274 Καὶ
1728 5217 1844 5292 μετ’

249 5306 708 5378 ὀλίγαοεἘκπεσών
722 5307 873 5372 οὗτος
893 5310 979 5366 ίπί
992 5315 1083 5370 τήν
1100 5319 1192 5384 γῆν
1212 5308 1475 5387 οὐρανόθεν
1495 5311 1565 5371 ὥς
1574 5311 1834 5388 ἀστραπή,

246 5400 480 5478 καθάπερ
509 5400 537 5457 6
560 5407 747 5460 τούτου
780 5406 952 5479 πατὴρ
980 5400 1007 5458 6
1038 5399 1271 5463 διάϐολος
1289 5443 1305 5470 ,
1346 5402 1506 5474 θυμοῦ
1534 5402 1693 5457 πνέων
1719 5399 1835 5455 πολ-

244 5488 338 5545 λοῦ
376 5494 457 5547 καί
494 5490 656 5550 δεινοῦ
691 5494 824 5551 κατά
861 5499 953 5555 τῆς
982 5492 1243 5557 ἀληθείας,
1282 5493 1367 5548 ἐπί
1400 5497 1491 5553 τήν
1522 5492 1833 5563 καλουμένην

246 5584 582 5645 Παλαιστίνην
618 5589 804 5663 χώραν
833 5585 1075 5643 ἔπλευσε·
1105 5587 1192 5642 καί
1218 5586 1427 5645 καθίσας
1462 5586 1515 5640 ίν
1540 5593 1603 5657 τῇ
1642 5598 1832 5659 natau-

248 5673 374 5728 οέων
414 5676 752 5751 μητροπόλει,
800 5679 1025 5751 κάκεῖθεν
1057 5678 1118 5733 τὸ
1152 5683 1475 5754 προσωπεῖον
1503 5674 1835 5748 ἀποκαλύψας

1944 4766 2063 4808 rem
2100 4751 2187 4808 fur
2232 4767 2297 4810 ac
2341 4753 2585 4825 proditor
2630 4751 2815 4811 Judas.
2863 4753 2915 4811 Is
2969 4756 3109 4812 enim
3159 4771 3280 4812 cum
3329 4757 3525 4827 ccepis-

1942 4855 2028 4903 set
2066 4846 2410 4918 blasphemas
2448 4848 2700 4905 homilias
2732 4848 2963 4915 habere,
3010 4849 3263 4906 Heraclas
3292 4858 3319 4888 ι
3348 4851 3522 4907 beate

1943 4939 2219 4995 memoriae
2244 4946 2358 4995 tum
2386 4939 2690 5012 episcopus,
2720 4948 2781 4995 ut
2808 4939 3079 4997 studiosus
3108 4942 3368 5009 veritatis,
3399 4956 3521 4997 ara-

1944 5040 2031 5091 tor
2056 5048 2120 5090 ac
2138 5033 2339 5090 vinitor
2354 5033 2704 5090 ecclesiastici
2725 5034 2859 5104 agri,
2877 5048 3001 5091 eum
3015 5048 3047 5090 e
3072 5034 3252 5091 medio
3280 5033 3518 5105 pulchrae

1941 5137 2008 5179 ac
2038 5123 2171 5179 laeta:
2198 5124 2394 5193 segetis
2422 5124 2638 5192 evulsit,
2682 5124 2828 5196 quod
2869 5139 3059 5181 revera
3086 5140 3118 5182 e
3141 5125 3283 5181 malo
3310 5124 3516 5180 zizanio

1941 5223 2103 5272 esset.
2125 5234 2145 5269 ι
2172 5214 2248 5271 Ac
2262 5215 2425 5287 paulo
2451 5223 2577 5287 post
2603 5234 2618 5271 :
2649 5235 2669 5270 ι
2688 5215 2864 5285 Quare
2889 5217 2980 5275 hic
3005 5233 3037 5275 e
3064 5218 3204 5276 coelo
3232 5218 3288 5273 in
3318 5226 3517 5272 terram

1940 5304 2216 5372 decidens,
2238 5313 2494 5379 tanquam
2516 5306 2710 5379 fulgur,
2748 5308 2890 5366 sicut
2916 5316 2973 5365 et
2998 5308 3114 5379 ejus
3140 5318 3297 5381 pater
3324 5307 3515 5364 diabo-

1941 5395 2058 5463 lus,
2108 5396 2291 5453 multa:
2336 5397 2644 5469 atrocisque
2686 5399 2975 5455 iracundiae
3002 5408 3191 5456 contra
3234 5398 3518 5457 veritatem

1941 5487 2173 5558 spirans,
2195 5488 2249 5542 in
2270 5486 2607 5545 Palaestinam
2630 5490 2906 5560 regionem
2931 5489 3230 5560 navigavit;
3254 5497 3517 5545 moratus-

1940 5594 2046 5650 que
2066 5579 2121 5634 in
2140 5579 2558 5637 Caesareensium
2578 5582 2881 5653 metropoli,
2901 5596 3024 5637 cum
3039 5595 3324 5652 personam
3347 5597 3515 5653 quam

1940 5670 2043 5727 sibi
2071 5670 2321 5727 induerat
2344 5670 2721 5742 deposuisset,
2766 5687 2931 5743 seque
2971 5671 3300 5743 aperuisset,
3346 5672 3513 5729 veluti

246 5761 362 5818 ὅλον
386 5765 437 5828 ἐξ
466 5763 580 5820 ὅλου
614 5774 707 5822 τοῦ
734 5767 1084 5841 καλύμματος,
1112 5768 1339 5842 καθάπερ
1368 5764 1395 5823 6
1435 5767 1585 5838 ἰχθὺς
1614 5768 1644 5826 ἡ
1672 5769 1838 5824 σηπία

1954 5764 2101 5833 piscis
2122 5763 2210 5834 qui
2238 5764 2387 5834 sepia
2408 5766 2549 5835 apud
2570 5766 2827 5836 quosdam
2857 5765 3173 5836 appellatur,
3206 5767 3512 5837 signiﬁcans

245 5855 397 5929 παρά
422 5878 532 5913 τισι
559 5859 855 5932 καλουμένη,
873 5860 998 5939 ὅπερ
1026 5862 1179 5917 αὐτοῦ
1211 5860 1320 5916 καθ’
1349 5857 1521 5919 ἡδονήν
1549 5861 1831 5931 ἐτύγχανε,

324 5958 352 5989 ⁸
382 5949 641 6010 Demetrii
669 5956 909 6026 episcopi
934 5955 1282 6014 Alexandrini
1302 5969 1605 6013 successor.

534 6046 805 6117 Panos.
849 6049 1048 6115 LXIX

1940 5856 2083 5928 quod
2104 5856 2205 5913 sibi
2225 5856 2488 5927 voluptati
2509 5866 2646 5926 erat,
2662 5872 2724 5914 ac
2746 5857 3141 5915 tenebricosum
3156 5866 3317 5930 atque
3334 5868 3511 5916 atrum

3034 6054 3071 6119 ’Ζ
