3988 6346
516 263 625 329 205

1886 254 2177 322 VIGILIUS
2213 259 2414 319 PAPA.

2518 176 2549 188 φη

3680 221 3810 306 tot“

518 389 778 453 σκοτεινόν
811 408 867 446 τε
908 387 995 445 καί
1046 385 1231 461 μέλανα
1255 387 1369 460 βίου
1394 385 1473 444 ἰόν
1511 381 1781 457 ίξεμίσας,
1815 384 1974 438 ἐκεῖσε
2015 383 2095 455 ἔγ-

2217 378 2323 433 vita:
2350 383 2620 433 venenum
2651 378 2928 434 evomens,
2979 360 3089 421 illic
3128 356 3344 433 scriptis
3370 352 3638 431 expressit
3663 400 3677 423 ,
3731 366 3787 415 et

517 484 1165 563 γράφωςηάπετυπὼσατρ.
1189 484 1272 555 καὶ
1311 482 1536 556 καθάπερ
1564 477 1840 541 ἰουδαῐκὸς
1874 476 2096 538 κάπηλος

518 580 858 655 προσχήματι
880 576 1067 653 ᾀγαθοῦ
1096 581 1262 651 τερψοῇ
1286 573 1440 648 γλυκὺ
1471 573 1722 645 κατέμιξε.
1752 574 1812 626 Τί
1838 571 1935 645 γάρ
1959 568 1987 623 ό
2016 590 2078 620 κα

517 676 837 743 κομηχανος,
865 673 951 731 καί
977 668 1223 743 Minidio;
1248 668 1379 741 λέγει
1396 666 1533 735 ;Ἧν,
1567 669 1710 741 φησὶ,
1730 665 1830 741 πρὸ
1860 666 2098 734 σώματος

516 767 548 823 ἡ
573 763 727 837 ψυχὴ
757 764 808 821 ἐν
835 764 1065 837 οὐρανοῖς
1089 766 1359 835 πρρρῦσαο
1387 762 1628 837 κᾴκεῖσε,
1658 760 1838 831 φησὶν,
1878 755 2101 830 ἁμαρτῆ·

515 878 686 935 ςασαν
714 857 762 911 ἐν
780 856 972 932 φυλακῇ
994 852 1567 929 mmmam“
1591 853 1641 908 έν
1664 858 1738 925 τῷ
1759 853 1962 922 σώματι
1985 868 2101 904 κατ-

516 950 763 1029 έπεμψεν,
802 951 874 1013 εἰς
920 949 1253 1023 καθαρισμὸν,
1282 950 1424 1021 φησί,
1452 949 1538 1003 καί
1558 943 1903 1022 σωφρονισμὸν
1930 947 2031 998 τῶν
2054 941 2101 993 ἐν

518 1046 747 1125 οὐρανοῖς
773 1044 905 1119 αὐτῇ
930 1042 1261 1116 γεγενημένων
1299 1040 1679 1115 ἁμαρτημάτων
1694 1052 1710 1068 ⁶
1739 1042 1941 1107 πρῶτον
1968 1031 2101 1087 ἔνθεν

517 1139 664 1200 εὐθὺς
686 1136 712 1192 ό
731 1136 1076 1207 ἀσεϐέστατος
1103 1135 1387 1208 μυθολογεῖ,
1413 1134 1498 1190 καί
1525 1130 1792 1204 μάχεσθαι
1809 1137 1873 1202 τῇ
1900 1128 2102 1201 ἀληθείᾳ

517 1231 696 1287 θέλει.»
723 1230 814 1286 Καί
837 1227 950 1301 μετ’
975 1227 1135 1301 ὀλίγα·
1158 1230 1247 1287 (Ei
1265 1225 1319 1285 δέ
1336 1235 1499 1304 προῆν
1524 1228 1554 1285 ἡ
1574 1225 1729 1297 ψυχὴ
1753 1223 1803 1280 έν
1818 1231 1928 1285 τοῖς
1951 1224 2102 1297 οὐρα·
2156 1264 2159 1269 .

516 1333 639 1391 ναῖς,
662 1327 746 1379 καὶ
771 1324 1158 1400 προημάρτηκεν
1178 1324 1365 1389 ἐκεῖσε,
1393 1323 1558 1381 καθὼς
1585 1320 1841 1396 Ὠριγένης
1861 1317 1887 1372 ὁ
1909 1318 2115 1389 μανιὼε

517 1414 609 1477 δης
636 1419 723 1471 καί
748 1417 1007 1487 θεομάχος
1036 1414 1223 1491 ἔφησεν
1244 1454 1260 1481 ,
1286 1412 1389 1470 ἔδει
1416 1418 1493 1486 μὴ
1527 1414 1686 1485 λέγειν
1708 1410 1794 1468 τόν
1819 1410 2100 1481 ἁγιώτατον

514 1512 873 1585 προφήτην,-
894 1508 1234 1569 καίπὶάσσων
1255 1506 1466 1577 πνεύμα
1487 1505 1755 1582 ἀνθρώπου
1780 1502 1828 1556 έν
1847 1502 2007 1564 αὐτῶ,
2031 1526 2102 1540 -

515 1600 643 1663 ἄλλά
687 1600 892 1674 μᾶλλον,
928 1600 1322 1675 καταγγίζων
1367 1604 1617 1670 πνεῦμα
1658 1596 1985 1670 ἀνθρώπου
2042 1593 2102 1646 έν

514 1697 705 1767 αὐτῷ,
731 1694 764 1756 ἢ
789 1697 940 1769 τάχα
964 1696 1411 1768 καταπέμπων.
1439 1697 1540 1750 Νῦν
1567 1689 1625 1747 δὲ
1653 1694 1725 1765 μή
1751 1695 1903 1746 τοῦτο
1928 1690 2100 1760 λέγων,

515 1789 643 1849 ἀλλά
684 1789 990 1853 πλάσσων
1017 1791 1080 1847 ἕν
1099 1789 1289 1862 αὐτῷ,
1315 1785 1543 1844 δείκνυσι
1579 1791 1759 1843 τοῦτον
1800 1784 1946 1839 λύκον
1981 1778 2104 1839 ὄντα
2130 1776 2183 1840 Β

509 1881 826 1957 βαρύτατον,
848 1880 1167 1955 ἐνδεδυμένον
1186 1878 1367 1947 ἔωθεν
1393 1881 1522 1953 πρὸς
1544 1878 1744 1935 ἀπάτην
1763 1874 2017 1935 ἀπωλείας
2038 1874 2107 1930 τά

515 1970 697 2029 κώδια.
726 1971 819 2035 Ὦς
859 1975 1121 2050 οὐρανόθεν
1160 1974 1261 2050 γὰρ
1287 1972 1315 2029 ὃ
1342 1973 1618 2032 ἇπίληπτος
1640 2010 1655 2035 ,
1688 1960 1778 2025 καί
1829 1970 1901 2024 τά
1947 1968 2103 2021 ἐκεῖσε

514 2064 941 2139 διατετυπωμένα
970 2069 1302 2139 ἐπιστάμενος
1345 2071 1635 2141 προφανῶς,
1661 2065 1717 2119 οὐ
1744 2062 1887 2135 μόνον
1916 2065 2107 2140 προοῦ·

516 2181 640 2226 σαν,
660 2160 786 2217 ἀλλά
810 2163 899 2216 καί
924 2162 1362 2237 προημαρτηκέναι
1388 2164 1478 2218 τὴν
1497 2157 1691 2229 ψυχὴν
1708 2157 1859 2229 λέγει.
1898 2170 1920 2207 ι
1950 2152 2106 2208 Ἀπο-

516 2253 763 2314 δέδιικται
788 2258 953 2311 τοίνυν
982 2254 1067 2312 διά
1087 2275 1142 2312 τε
1171 2263 1265 2317 τῆς
1286 2255 1425 2314 θείας
1449 2260 1647 2329 γραφῆς
1664 2292 1681 2320 ,
1711 2254 1794 2306 καί
1820 2255 1920 2305 τῶν
1951 2247 2106 2322 ἁγίων

515 2350 779 2427 πατέρων,
811 2347 890 2406 ὅτι
928 2346 1042 2405 οὐδὲ
1078 2354 1145 2424 τῇ
1170 2354 1270 2404 τῶν
1309 2351 1624 2422 Χριστιανῶν
1656 2342 1857 2417 ἀληθινῇ
1896 2340 2106 2407 πίστει,

517 2439 635 2497 οὐδὲ
661 2448 738 2516 τῷ
762 2443 891 2512 ὀρθῷ
913 2439 1047 2511 λόγῳ
1079 2438 1453 2510 συμϐαίνουσιν
1479 2436 1534 2495 αί
1567 2443 1668 2493 τῶν
1695 2436 1952 2511 αἶρετικῶν
1986 2431 2108 2507 περὶ

518 2531 895 2606 προϋπάρξεως
921 2528 1114 2602 ψυχῶν
1144 2528 1431 2602 φαντασίαι.

589 2623 693 2678 Καί
713 2627 867 2679 τοῦτο
885 2620 939 2677 δὲ
960 2622 1093 2697 πρὸς
1115 2627 1227 2683 τοῖς
1246 2617 1411 2681 ἄλλοις
1430 2624 1519 2680 τὴν
1543 2618 1833 2696 Ὠριγένους
1854 2620 2111 2693 παριστη·

521 2736 605 2771 σιν
632 2712 823 2780 ἄνοιαν,
851 2716 910 2770 τὸ
932 2714 1090 2787 λέγειν
1125 2714 1210 2770 τόν
1235 2713 1466 2788 οὐρανὸν,
1497 2716 1585 2767 καί
1606 2714 1693 2769 τὸν
1713 2712 1875 2780 ἥλιον,
1905 2713 1990 2769 καί
2019 2717 2111 2773 τήν

519 2808 759 2873 σελήνην,
781 2808 867 2863 καί
888 2808 1011 2866 τοὺς
1046 2806 1289 2881 ἀστέρας,
1319 2806 1404 2860 καί
1442 2804 1508 2861 τά
1532 2802 1700 2860 ὕδατα
1724 2805 1791 2860 τά
1819 2804 1989 2863 ἐπάνω
2010 2811 2113 2862 τῶν

518 2900 740 2975 οὐρανῶν
761 2897 1012 2971 ἔμψυχα,
1036 2902 1119 2956 καί
1136 2897 1343 2974 λογικάς
1361 2923 1500 2962 τινας
1519 2897 1646 2957 εἶναι
1661 2899 1917 2973 δυνάμεις.
1935 2907 2115 2958 Ταῦτα

521 2988 577 3046 δέ
601 2998 778 3063 σαφῶς
805 2988 1115 3065 ἀπαγορεύει
1155 2992 1241 3047 καί
1281 2989 1309 3047 ὃ
1353 2993 1404 3047 έν
1443 2991 1608 3066 ἁγίοις
1652 2993 1910 3054 Βασίλειος
1946 2991 1996 3047 έν
2038 2999 2114 3066 τῷ

518 3085 675 3157 τρίτῳ
700 3084 833 3158 λόγῳ
858 3091 950 3140 τοῦ
971 3084 1340 3158 ὑπομνήματος
1362 3092 1452 3146 τῆς
1484 3085 1781 3159 ἓξαημέρου,
1803 3086 1960 3157 λέγων
1982 3087 2115 3142 κατά

519 3182 620 3231 τῶν
643 3178 928 3249 Ὠριγένους
955 3175 1223 3248 δογμάτων
1254 3178 1434 3239 οὕτως·
1457 3178 1628 3249 (Ἡμῖν
1656 3177 1711 3234 δέ
1741 3181 1973 3255 καὶπρὸς
1993 3182 2118 3241 τούς
2148 3170 2194 3233 C

522 3267 626 3322 ἀπὸ
651 3275 743 3327 τῆς
777 3266 1045 3329 έκκλησίας
1084 3269 1197 3324 έστί
1218 3290 1300 3330 τις
1322 3268 1466 3342 λόγος
1492 3272 1609 3345 περὶ
1636 3276 1735 3324 τῶν
1764 3267 2114 3346 διακριθέντων

523 3356 755 3424 ὑδάτων,
806 3356 853 3413 oi
896 3360 1151 3434 προφάσει
1207 3362 1467 3434 ἀναγωγῆς
1534 3362 1617 3417 καί
1661 3362 1922 3434 νοημάτων
1971 3358 2114 3420 δῆθεν

523 3449 866 3527 ὑψηλοτέρων,
892 3453 964 3511 εἰς
987 3452 1281 3530 ἀλληγορίαν
1304 3454 1600 3526 κατέφυγον,
1624 3452 1867 3526 δυνάμεις
1888 3453 2116 3530 λέγοντες

523 3545 874 3613 πνευματικὰς
907 3546 995 3599 καί
1034 3546 1341 3615 ἀσωμάτους
1380 3536 1637 3618 τροπικῶς
1674 3548 1727 3600 ἐκ
1776 3554 1875 3603 τῶν
1912 3544 2115 3601 ὑδάτων

524 3639 861 3709 σημαίνεσθαι
878 3657 889 3668 ’
923 3641 1003 3696 καί
1025 3637 1126 3694 ἅνω
1150 3641 1241 3711 μέν
1277 3640 1363 3695 ἐπὶ
1398 3646 1491 3695 τοῦ
1519 3643 1873 3717 στερεώματος
1896 3664 2116 3717 μεμενη-

528 3730 667 3785 κέναι
690 3732 785 3792 τάς
812 3733 1091 3806 κρείττους,
1123 3730 1264 3787 κάτω
1294 3730 1349 3787 δέ
1375 3734 1425 3787 ἐν
1447 3739 1561 3795 τοῖς
1586 3738 1878 3812 περιγείοις,
1904 3738 1983 3788 καί
2011 3736 2119 3789 ὑλι-

527 3830 633 3884 κοῖς
659 3823 837 3885 τόποις
878 3833 1289 3899 προσαπομεῖναι
1324 3828 1421 3887 τὰς
1462 3829 1706 3902 πονηράς.
1750 3831 1841 3883 Διά
1881 3832 2032 3883 τοῦτο
2061 3824 2116 3882 δέ

527 3940 673 3990 φασι,
706 3922 784 3975 καί
806 3921 876 3975 τά
894 3920 1059 3977 ἐπάνω
1077 3925 1178 3974 τῶν
1203 3919 1426 3996 οὐρανῶν
1451 3910 1614 3975 ὐδατα
1637 3921 1787 3975 αἰνεῖν
1815 3920 1897 3977 τόν
1920 3921 2113 3999 κύριον,

526 4013 771 4069 τουτέστι
798 4013 891 4074 τάς
920 4012 1115 4085 ἀγαθάς
1138 4010 1375 4083 δυνάμεις
1392 4057 1404 4081 ,
1431 4013 1575 4076 ἀξίας
1599 4010 1757 4074 οὔσας
1787 4011 1871 4067 διά
1899 4009 2118 4090 καθαρό-

525 4125 660 4163 τητα
696 4110 789 4161 τοῦ
833 4105 1131 4176 ἡγεμονικοῦ
1156 4104 1243 4160 τὸν
1265 4105 1527 4180 πρέποντα
1554 4099 1689 4159 αἶνον
1719 4102 2016 4161 ἀποδιδόναι
2044 4112 2119 4176 τῷ

527 4199 785 4252 κτίσαντι⁸
811 4197 880 4252 τά
902 4194 957 4251 δέ
976 4197 1214 4252 ὑποκάτω
1235 4202 1335 4251 τῶν
1356 4198 1583 4270 οὐρανῶν
1604 4194 1773 4263 ὕδατα
1802 4198 2119 4266 πνευματικά

460 4318 463 4323 λ
531 4290 658 4351 εἶναι
683 4303 777 4356 τῆς
800 4299 1061 4375 πονηρίας,
1090 4295 1192 4352 ἀπὸ
1220 4299 1313 4351 τοῦ
1335 4297 1467 4351 κατά
1487 4296 1633 4367 φύσιν
1655 4293 1819 4365 ὕψους
1840 4296 1912 4355 εἰς
1937 4294 1995 4350 τὸ
2025 4303 2117 4354 τῆς

528 4389 706 4447 κακίας
728 4388 883 4457 βάθος
904 4388 1265 4444 καταπεσόντα
1285 4402 1299 4417 ⁸
1326 4386 1457 4466 ἅπερ
1484 4390 1550 4449 ὡς
1576 4387 1861 4468 ταραχώδη
1892 4384 2008 4443 ὄντα
2034 4391 2119 4442 καί

530 4483 873 4536 στασιαστικά
890 4522 905 4548 ,
934 4484 1018 4537 καί
1038 4489 1151 4542 τοῖς
1172 4482 1404 4556 θορύϐοις
1427 4490 1525 4537 τῶν
1550 4486 1719 4537 παθῶν
1751 4480 2116 4555 κυμαινόμενα,

529 4572 793 4634 θαλάσσας
818 4573 1174 4645 ὀνομάζεσθαι,
1208 4571 1292 4628 διά
1318 4574 1375 4629 τὸ
1404 4575 1770 4643 εὐμετάϐλητον
1788 4614 1801 4637 ,
1833 4578 1915 4629 καί
1954 4571 2120 4630 ἄστα-

530 4684 641 4731 τον,
671 4671 771 4720 τῶν
794 4664 929 4720 κατά
956 4665 1257 4739 προαίρεσιν
1282 4665 1586 4735 κινημάτων.
1619 4668 1745 4724 Τοὺς
1777 4665 1830 4720 δέ
1856 4670 2118 4729 τοιούτους

531 4759 708 4832 λόγους
758 4760 829 4821 ὧς
876 4758 1145 4834 ὀνειράτων
1189 4758 1481 4831 συγχύσεις
1520 4761 1601 4813 καὶ
1641 4756 1891 4833 γραώδεις
1931 4761 2123 4831 μύθους

532 4848 992 4923 ἀποπεμψάμενοι,
1023 4850 1080 4904 τὸ
1104 4847 1244 4925 ὕδωρ
1288 4852 1543 4920 νοήσωμεν
1580 4847 1720 4925 ὕδωρ
1738 4889 1751 4913 ,
1783 4851 1867 4905 καί
1895 4854 1983 4911 τὴν
2012 4849 2121 4907 διά·

532 4962 702 5019 κρισιν
729 4946 818 5002 τὴν
854 4942 955 4997 ὑπὸ
982 4946 1074 4997 τοῦ
1117 4943 1476 5018 στερεὼματος
1505 4942 1631 4997 κατά
1659 4946 1748 5001 τὴν
1788 4940 2119 4999 ἀποδοθεῖσαν

533 5038 703 5092 αἰτίαν
730 5034 1000 5107 δεξώμεθα,
1033 5029 1127 5107 κᾷν
1152 5039 1224 5096 εἰς
1252 5034 1536 5109 δοξολογίαν
1563 5040 1686 5091 ποτὲ
1714 5042 1803 5095 τοῦ
1825 5044 1989 5094 κοινοῦ
2015 5045 2115 5095 τῶν

535 5128 657 5183 ὅλων
680 5128 931 5185 δεσπότου
957 5129 1024 5184 τά
1044 5128 1279 5204 ὑπεράνω
1299 5134 1397 5184 τῶν
1418 5129 1633 5201 οὐρανῶν
1656 5130 2116 5206 παραλαμϐάνηται

534 5218 725 5287 ὕδατα,
756 5222 816 5279 υ)
840 5222 1041 5295 λογικήν
1059 5212 1361 5293 αὐτάφύσιν
1384 5223 1527 5298 παρὰ
1551 5228 1704 5277 τοῦτο
1722 5223 1970 5295 τιθέμεθα.
1985 5221 2115 5279 Οὔτε

533 5313 631 5387 γάρ
657 5314 703 5367 οἱ
730 5313 936 5386 οὐρανοί
958 5310 1201 5385 ἴμψυχοι
1222 5352 1237 5379 ,
1272 5312 1443 5375 ἐπειδὴ
1471 5313 1767 5388 διηγοῦνται
1790 5313 1935 5381 δόξαν
1963 5320 2116 5381 Θεοῦ,

535 5406 648 5464 οὗδέ
700 5409 758 5465 τὸ
805 5410 1073 5485 στερέωμα
1114 5412 1239 5474 ζῶον
1283 5408 1552 5473 αἰσθητὸν,
1614 5407 1785 5471 ἔπειδή
1830 5408 2120 5480 ἀναγγέλλει

534 5502 735 5561 ποίησιν
754 5510 854 5559 τῶν
881 5509 1068 5580 χειρῶν
1093 5503 1274 5559 αὐτοῦ.
1289 5510 1402 5558 »Δεῖ
1419 5500 1472 5558 δὲ
1486 5504 1768 5580 προσέχειν
1789 5504 1909 5562 τούς
1935 5504 2120 5578 ἀκροα-

536 5600 631 5661 τάς
649 5642 664 5667 ,
691 5599 769 5656 ὅτι
795 5608 867 5676 τῷ
901 5606 1057 5659 εἰπεῖν
1084 5604 1171 5661 τὸν
1195 5604 1420 5679 πατέρα,
1456 5622 1474 5656 ι
1494 5603 1622 5679 πρὸς
1643 5604 1762 5663 τούς
1784 5602 1885 5658 ἀπὸ
1912 5610 2003 5664 τῆς
2043 5604 2122 5658 ἐκ⁴

536 5701 745 5765 κλησίας
764 5705 875 5761 ἐστί
900 5728 977 5767 τις
998 5710 1112 5779 ἡμῖν
1127 5710 1297 5782 λόγος,
1311 5728 1330 5760 ›
1352 5711 1473 5782 περὶ
1496 5708 1783 5782 Ὠριγένους
1812 5703 2115 5777 διαλέγεται,

541 5806 631 5861 τῆς
656 5804 752 5855 (οὗ
789 5805 916 5855 Θεοῦ
955 5802 1175 5877 χάριτος
1212 5808 1296 5860 καί
1338 5811 1423 5864 τῆς
1453 5802 1601 5875 ἁγίας
1656 5807 1746 5858 τοῦ
1776 5807 1902 5856 Θεοῦ
1946 5790 2119 5857 ἐκκλη-

2200 470 2357 527 sicuti
2403 481 2575 537 caupo
2604 462 2885 527 Iudaicus,
2935 458 3065 517 boni
3093 454 3279 527 specie
3305 468 3372 509 ac
3415 450 3783 517 simulatione,

2199 561 2342 623 dulci
2371 572 2613 614 amarum
2639 554 2874 612 miscuit.
2896 549 3037 618 Quid
3065 548 3209 607 enim
3238 546 3344 602 iste
3369 556 3536 616 pme
3553 543 3788 599 moliens
3845 560 3859 606 ε

2201 663 2364 724 atque
2390 649 2662 706 insaniens
2690 646 2856 702 dicit?
2885 643 3034 711 Erat,
3068 640 3265 711 inquit,
3294 624 3477 695 anima
3501 644 3633 694 ante
3659 652 3786 693 eor-

2201 760 2324 817 pus,
2354 751 2411 799 et
2434 738 2811 813 praeeristebat
2835 736 2892 792 in
2915 734 3065 791 caelis
3091 751 3105 788 :
3134 745 3385 805 eamque,
3410 743 3537 786 cum
3563 727 3645 785 ibi
3667 741 3790 798 pec.

2203 841 2398 900 casset,
2421 833 2476 888 in
2490 830 2802 888 custodiam
2833 827 3101 887 immersit
3121 825 3284 891 Deus,
3316 822 3374 881 id
3396 828 3482 881 est
3505 821 3564 879 in
3588 833 3793 891 corpus

2203 925 2421 983 demisit
2469 942 2483 978 :
2534 923 2602 978 ad
2631 921 3033 994 purgationem,
3062 918 3266 989 inquit,
3296 924 3355 975 et
3379 914 3794 985 castigationem

2204 1018 2566 1074 admissorum
2586 1015 2641 1070 in
2661 1014 2813 1071 caelis
2840 1012 3142 1071 criminum.
3172 1009 3312 1067 Hinc
3329 1007 3566 1080 primum
3585 1004 3795 1075 impiis-

2202 1109 2374 1168 simus
2398 1106 2647 1181 protinus
2689 1104 2990 1170 fabulatur,
3034 1101 3430 1169 veritatemque
3467 1110 3790 1168 oppugnare

2204 1203 2436 1263 studet.)
2463 1201 2544 1256 Ac
2562 1198 2724 1270 paulo
2750 1204 2912 1269 post:
2943 1194 3031 1252 «Si
3058 1202 3186 1251 ante
3212 1191 3313 1249 fuit
3336 1190 3517 1248 anima
3535 1188 3592 1245 in
3615 1187 3792 1251 aclis,

2205 1297 2385 1368 ibique
2407 1294 2557 1366 prius
2583 1290 2824 1362 deliquit,
2857 1287 3244 1361 utbmalesanus
3281 1282 3538 1352 Origenes
3572 1279 3797 1347 Deoque

2204 1399 2511 1457 repugnans
2538 1381 2710 1447 dixit,
2755 1395 2864 1436 non
2902 1376 3147 1449 oportuit
3172 1374 3353 1429 dicere
3386 1370 3796 1427 sanctissimum

2203 1476 2529 1550 prophetam
2569 1490 2584 1527 :
2633 1470 2704 1527 Et
2752 1470 2957 1542 ﬁngens
3003 1467 3242 1537 spiritum
3288 1461 3511 1519 hominis
3563 1459 3621 1515 in
3682 1457 3797 1527 ipso

2208 1567 2398 1643 (Zach.
2426 1564 2524 1637 xu)
2558 1583 2571 1619 :
2603 1562 2701 1620 sed
2725 1561 2925 1634 potius,
2957 1558 3311 1629 Demergens,
3338 1551 3493 1624 quasi
3510 1552 3567 1607 in
3594 1556 3798 1616 utrem,

2205 1641 2453 1732 spiritum
2482 1657 2717 1715 hominis
2746 1655 2802 1711 in
2841 1652 3000 1724 ipso;
3050 1649 3138 1706 vel
3172 1648 3436 1711 fortasse,
3474 1641 3795 1705 Demittens.

2209 1750 2333 1809 Jam
2361 1765 2492 1808 vero
2518 1764 2640 1808 cum
2668 1749 2775 1805 hoc
2802 1760 2913 1802 non
2941 1743 3122 1809 dicat,
3169 1740 3267 1797 sed
3311 1736 3543 1808 Fingens
3574 1736 3630 1790 in
3662 1736 3798 1806 ipso,

2209 1844 2445 1919 ostendit
2471 1842 2617 1899 hunc
2643 1841 2830 1911 lupum
2855 1834 3230 1908 gravissimum
3256 1844 3398 1895 esse,
3421 1828 3677 1885 indutum
3708 1839 3798 1881 ex-

2211 1938 2478 1995 trinsecus
2500 1936 2617 1997 ovis
2636 1933 2778 2008 pelle
2791 1931 2859 1987 ad
2876 1929 3251 2000 deceptionem
3268 1922 3606 1997 perditionis.
3633 1920 3799 1988 Quasi

2212 2029 2357 2087 enim
2380 2028 2447 2085 de
2463 2027 2604 2084 creto
2627 2025 2866 2090 veniens,
2881 2021 3061 2092 ibique
3081 2017 3372 2077 constituta
3393 2021 3583 2086 aperte
3600 2012 3798 2080 sciens,

2211 2135 2324 2177 non
2350 2119 2526 2177 solum
2544 2129 2736 2173 vecors
2754 2112 3158 2186 prmexstitisse,
3181 2108 3276 2165 sed
3303 2107 3452 2179 prius
3478 2104 3647 2167 etiam
3677 2117 3801 2175 pec-

2214 2229 2373 2273 casse
2401 2213 2635 2269 animam
2664 2209 2813 2267 dicit.
2844 2227 2863 2262 ι
2917 2205 3096 2275 Quare
3124 2203 3554 2260 demonstratum
3577 2204 3666 2255 est
3694 2204 3800 2267 tum

2213 2325 2249 2368 e
2267 2309 2448 2366 divina
2472 2306 2775 2377 Scriptura,
2807 2311 2923 2359 tum
2950 2316 2981 2360 e
3008 2298 3209 2357 sanctis
3234 2296 3500 2362 Patribus,
3529 2308 3635 2350 nec
3654 2306 3799 2349 verre

2214 2399 2649 2459 Christianorum
2670 2395 2815 2462 fidei,
2842 2408 2943 2451 nec
2969 2397 3133 2449 rectae
3152 2387 3348 2446 rationi
3373 2384 3666 2443 convenire
3690 2383 3805 2440 har-

2214 2496 2509 2555 reticorum
2526 2490 2596 2547 de
2623 2488 2925 2545 animarum
2946 2482 3348 2557 praeeristentia
3367 2476 3799 2549 imaginationes.

2290 2585 2560 2642 Praeterea
2595 2581 2701 2636 hoc
2726 2590 2940 2648 quoque
2979 2572 3223 2643 Origenis
3258 2572 3592 2628 demonstrat
3620 2581 3806 2622 amen-

2216 2678 2350 2735 tiam
2370 2717 2385 2743 ,
2418 2672 2564 2744 quod
2593 2668 2832 2735 afﬁrmat
2858 2666 3052 2724 omium
3070 2705 3086 2733 ,
3116 2672 3173 2723 et
3199 2663 3388 2729 solem,
3420 2668 3477 2717 et
3516 2659 3727 2727 lunam,
3753 2664 3807 2713 et

2217 2769 2423 2834 stellas,
2445 2776 2499 2823 et
2522 2777 2689 2834 aquas
2711 2775 2831 2831 quae
2855 2772 3018 2830 super
3043 2756 3210 2815 caelos
3236 2762 3380 2819 sunt,
3403 2752 3641 2811 animata
3667 2765 3808 2821 esse,

2219 2869 2278 2919 et
2304 2857 2566 2930 quasdam
2594 2870 2717 2913 esse
2743 2854 2968 2909 virtutes
3007 2849 3220 2906 ratione
3247 2852 3481 2907 utentes.
3524 2843 3655 2901 Haec
3681 2858 3810 2901 vero

2220 2960 2411 3024 aperte
2470 2947 2667 3005 refellit
2712 2953 2933 3003 sanctus
2978 2942 3207 2999 Basilius
3250 2940 3305 2995 in
3350 2936 3513 2996 tertio
3558 2948 3811 2992 sermone

2221 3023 2739 3103 commentariorum
2776 3038 2836 3093 in
2876 3035 3279 3097 Hexaemeron,
3307 3030 3391 3087 sic
3414 3034 3607 3087 contra
3633 3023 3811 3096 Orige-

2223 3140 2309 3194 nis
2333 3137 2632 3195 doctrinam
2652 3132 2932 3203 disputans
2953 3128 3147 3200 (Prope
3164 3124 3346 3198 ﬁnem)
3372 3142 3387 3179 :
3417 3141 3436 3177 ι
3461 3121 3631 3180 Nobis
3646 3135 3811 3193 porro

2224 3231 2295 3286 de
2323 3226 2591 3299 separatis
2619 3223 2773 3293 aquis
2803 3220 3089 3279 dicendum
3135 3225 3219 3274 est
3267 3224 3324 3273 et
3367 3213 3437 3277 ad
3472 3228 3569 3271 eos
3608 3212 3707 3282 qui
3748 3212 3814 3267 ab

2224 3319 2473 3377 Ecclesia
2504 3315 2852 3381 exciderunt,
2880 3312 2974 3382 qui
3012 3309 3111 3367 sub
3140 3308 3366 3371 obtentu
3393 3319 3580 3363 sensus
3607 3316 3814 3373 anagn-

2221 3413 2330 3485 gici
2372 3419 2428 3468 et
2455 3407 2827 3466 sublimiorum
2856 3403 3108 3465 videlicet
3144 3399 3557 3466 sententiarum,
3582 3394 3652 3452 ad
3676 3395 3814 3451 alle-

2222 3504 2431 3575 goriam
2466 3498 2854 3568 confugerunt,
2886 3502 2943 3551 et
2981 3500 3231 3551 asserunt
3276 3490 3503 3547 virtutes
3546 3486 3813 3557 quasdam

2223 3594 2529 3668 spirituales
2549 3599 2606 3647 et
2625 3590 2971 3663 incorporeas
2993 3584 3202 3655 tropice
3225 3580 3293 3637 ab
3315 3576 3813 3650 aquissigniﬁcari;

2152 3707 2159 3715 ε
2224 3703 2291 3744 ac
2318 3700 2532 3765 sursum
2559 3681 2774 3753 quidem
2800 3679 2856 3735 in
2884 3677 3225 3732 ﬁrmamento
3246 3671 3511 3728 mansisse
3536 3668 3816 3735 meliores,

2223 3760 2489 3835 deorsum,
2523 3788 2654 3831 vero
2704 3773 2758 3827 in
2800 3768 3139 3826 terrestribus
3186 3762 3632 3832 silvestribusque
3683 3760 3817 3816 locis

2224 3870 2527 3928 deteriores
2555 3863 2858 3937 perstitisse
2884 3879 2901 3929 ;
2949 3875 3014 3917 ac
3038 3857 3241 3929 idcirco
3292 3855 3462 3922 aiunt,
3494 3865 3666 3922 aquas
3699 3863 3819 3920 qua:

2222 3977 2388 4033 supra
2427 3959 2595 4016 caelos
2631 3965 2759 4019 sunt
2780 3997 2796 4024 ,
2842 3952 3061 4009 laudare
3103 3944 3506 4019 Dominum,'id
3532 3952 3618 4000 est
3640 3943 3821 3999 bonas

2222 4053 2477 4115 virtutes,
2509 4064 2629 4122 quae
2658 4047 2831 4116 dignae
2858 4051 2982 4099 sunt
3010 4046 3231 4114 propter
3254 4036 3481 4110 potioris
3508 4033 3685 4105 partis
3714 4048 3820 4103 pu-

2222 4147 2459 4212 ritatem,
2491 4143 2771 4199 decentem
2798 4136 3011 4194 laudem
3040 4132 3268 4191 reddere
3304 4128 3590 4195 Creatori;
3638 4140 3817 4197 aquas

2223 4252 2381 4305 vero,
2410 4249 2531 4305 quae
2569 4233 2757 4297 subter
2782 4228 2950 4286 caelos
2986 4232 3131 4292 sunt,
3158 4220 3458 4295 spiritualia
3486 4232 3608 4277 esse
3629 4217 3823 4289 nequi-

2224 4331 2334 4396 tize,
2361 4343 2479 4398 quae
2498 4342 2530 4383 e
2548 4323 2782 4381 naturali
2808 4321 3137 4378 sublimitate
3164 4318 3221 4373 in
3246 4315 3465 4379 malitia:
3484 4311 3823 4385 profundum

2226 4421 2576 4485 deciderunt;
2606 4430 2777 4487 eaque
2802 4422 2864 4470 ut
2883 4412 3190 4469 turbulenta
3218 4416 3274 4479 et
3300 4407 3576 4471 seditiosa,
3605 4405 3823 4476 passio-

2224 4528 2461 4584 numque
2487 4510 2798 4567 tumultibus
2822 4505 3153 4570 fluctuantia,
3181 4502 3354 4559 maria
3382 4498 3669 4572 appellari,
3699 4513 3824 4569 pro-

2224 4612 2347 4678 pter
2374 4603 2585 4661 facilem
2609 4599 2966 4657 mutationem
2995 4603 3158 4666 atque
3182 4592 3589 4651 instabilitatem
3615 4588 3820 4645 volun-

2223 4696 2485 4753 tariorum
2513 4700 2778 4749 motuum.
2821 4689 2893 4745 At
2920 4702 3022 4744 nos
3045 4683 3357 4756 hujusmodi
3382 4681 3656 4748 rationes,
3695 4689 3821 4736 tan-

2223 4803 2387 4859 quam
2409 4786 2634 4843 confusa
2668 4782 2879 4841 somnia
2899 4788 2956 4837 et
2982 4779 3154 4857 aniles
3175 4776 3404 4841 fabulas.
3434 4773 3822 4845 repudiemus;

2224 4894 2420 4949 aquam
2461 4892 2581 4935 esse
2609 4876 2911 4945 cogitemus
2935 4874 2976 4942 ',
2999 4870 3507 4943 separationemque
3550 4882 3586 4923 a
3630 4866 3824 4925 ﬁrma—

2223 4976 2409 5026 mento
2436 4968 2631 5024 factam
2661 4966 2988 5036 accipiamus
3029 4960 3325 5020 secundum
3352 4959 3618 5019 redditam
3644 4962 3828 5017 ratio-

2225 5075 2370 5115 nem.
2424 5063 2503 5115 Ac
2538 5058 2583 5114 si
2623 5056 2838 5128 quando
2875 5055 2942 5111 ad
2969 5053 3270 5111 communis
3302 5052 3683 5111 universorum
3713 5050 3826 5110 Do-

2225 5149 2357 5205 mini
2404 5148 2850 5220 gloriticationem
2908 5163 3057 5219 aqua?
3119 5161 3233 5218 quas
3284 5160 3439 5216 super
3486 5142 3641 5199 catos
3698 5152 3828 5201 aut

2227 5240 2454 5313 (Psalm.
2486 5240 2703 5313 cxnvm)
2734 5246 3106 5306 assumuntur,
3138 5253 3248 5293 non
3274 5243 3562 5309 prepterea
3587 5248 3688 5293 eas
3714 5235 3826 5293 du-

2227 5346 2411 5389 camus
2434 5347 2553 5389 esse
2579 5338 2822 5387 naturam
2850 5330 3062 5387 ratione
3082 5334 3345 5387 utentem.
3374 5325 3487 5385 Nec
3511 5326 3661 5391 enim
3692 5325 3830 5383 celi

2226 5426 2429 5484 idcirco
2474 5426 2693 5483 animati
2741 5431 2901 5492 sunt,
2948 5422 3085 5496 quod
3130 5428 3379 5483 enarrant
3433 5418 3656 5492 gloriam
3716 5418 3829 5477 De!

2223 5520 2397 5592 (Psal.
2426 5518 2605 5589 xvm);
2642 5533 2744 5574 nec
2769 5517 3162 5573 ﬁrmamentum
3192 5512 3391 5571 animal
3416 5519 3503 5568 est
3526 5509 3828 5582 praditum

2221 5628 2404 5683 sensu,
2422 5612 2676 5684 quoniam
2699 5626 2862 5683 opera
2883 5624 3137 5667 manuum
3161 5606 3279 5678 ejus
3298 5606 3598 5662 annuntiat.
3626 5623 3649 5660 ι
3682 5603 3831 5662 Hac

2220 5702 2468 5761 Basilius.
2499 5703 2899 5760 Attendcndum
2920 5716 3083 5772 porro
3110 5707 3195 5761 est
3213 5696 3567 5761 auditoribus,
3592 5693 3831 5753 Patrem

2218 5794 2312 5852 illo
2342 5795 2502 5851 modo
2530 5794 2786 5867 loquendi
2812 5809 2986 5865 usum,
3015 5812 3036 5849 ι
3067 5790 3261 5851 Sermo
3301 5787 3522 5862 quidam
3544 5788 3709 5849 nobis
3729 5793 3833 5852 σει

611 5906 626 5924 ⁸
678 5890 1078 5950 ConSOnantius
1106 5894 1290 5951 Graeco
1320 5894 1589 5963 legeretur
1616 5909 1800 5971 aquam
1822 5908 1932 5947 esse
1960 5891 2236 5961 cegitemus
2262 5905 2471 5960 aquam.
2497 5886 2649 5945 Eutr.
