3988 6346
211 295 338 406 "eos

1263 321 1640 397 JUSTlNIANl
1664 335 1800 397 Lm.
1839 338 1998 396 ων.
2037 335 2409 400 ORIGENEM.

247 466 343 522 aia:
361 453 690 529 ἀπελαθίντος,
713 458 796 514 καί
819 461 919 514 τῶν
938 454 1220 534 όμοφρόνων
1239 459 1428 531 ἐκείνῳ’
1452 463 1509 515 οὐ
1533 461 1629 538 γὰρ
1652 455 1778 528 εἶπε,

1890 457 1959 512 ad
1985 471 2080 513 eos
2107 457 2200 528 qui
2225 466 2350 514 sunt
2377 459 2445 516 ab
2467 454 2729 526 Ecclesia,
2751 475 2770 512 ι
2787 457 2855 514 de
2878 453 3108 529 Origene
3125 459 3412 534 disserere,
3431 480 3466 524 ε

253 575 269 608 t
287 554 397 630 πρὸς
419 551 527 612 τούς
547 552 597 606 ἓν
632 557 694 624 τῇ
721 550 953 626 ἐκκλησίᾳ
969 594 982 617 ,
999 565 1017 601 ι
1048 547 1172 603 ἀλλά
1213 565 1232 600 t
1248 551 1378 624 πρὸς
1404 553 1526 612 τοὺς
1551 553 1653 606 ἀπὸ
1691 557 1781 610 τῆς

245 633 467 703 ίκκλησίας
500 641 614 714 ἡμῖν
642 643 752 696 ἐστί
777 663 856 702 τις
893 639 1062 714 λόγος’
1086 659 1104 693 ι
1131 643 1215 696 καί
1257 640 1340 698 διὰ
1378 647 1467 715 μὲν
1507 649 1596 699 τοῦ
1629 646 1784 699 εἰπεῖν

249 755 266 789 ι
292 739 406 806 ἡμῖν,
424 753 442 787 ι
469 735 584 795 τοὺς
609 740 700 794 τῆς
725 732 994 794 ἐκκλησίας
1036 731 1279 791 ἐδήλωσε·
1310 731 1394 789 διὰ
1420 732 1474 790 δέ
1502 741 1592 791 τοῦ
1631 736 1784 790 εἰπεῖν

250 847 266 880 ι
291 830 393 888 τούς
411 825 504 884 διπό
535 833 630 890 τῆς
658 824 952 892 ίκκλησίας,
985 843 1004 878 ι
1030 826 1153 888 τοὺς
1197 826 1391 888 ταύτης
1431 827 1783 888 ἅποπεσόντας

244 920 467 990 ἐσήμανεν.

293 1105 363 1172 Ἐν
396 1104 446 1174 δί
477 1107 565 1164 και
599 1105 748 1179 μόνον
782 1113 858 1180 τῷ
899 1104 1146 1164 δυσσεϐεῖ
1179 1107 1422 1182 Ὠριγένει
1461 1103 1783 1178 σπούδασμα

233 1202 400 1276 γέγονε.
427 1202 480 1257 τὸ
503 1205 596 1261 τὸν
621 1200 902 1261 Έλληνι-κήν
921 1201 1106 1260 πλάνην
1126 1207 1400 1276 κρατῦναι,
1431 1203 1516 1256 καί
1540 1206 1654 1262 ταῖς
1680 1206 1782 1255 τῶν

234 1295 510 1372 σαθροτίρων
534 1293 741 1368 ψυχαῖς
780 1295 978 1362 ζιζάνια
1008 1296 1434 1371 ἆγοιατασπεῖραι.
1472 1296 1555 1352 Διὸ
1593 1297 1785 1368 κᾴκεῖνο

228 1391 276 1444 τό
303 1392 508 1462 γέλωτος
665 1386 833 1456 ἄξιον,
873 1389 998 1464 παρ’
1028 1391 1189 1446 αὐτοῦ
1233 1385 1290 1444 δὲ
1323 1387 1460 1459 ὅμως
1497 1389 1779 1462 εἰρημένον,

227 1482 326 1554 περί
342 1485 424 1541 τῆς
448 1486 556 1536 τῶν
584 1481 858 1556 ἀνθρώπων
881 1482 937 1535 in
960 1487 1148 1558 νεκρῶν
1171 1481 1523 1544 ἀναστάσεως,
1550 1481 1784 1554 προσθεῖ-

223 1591 290 1628 ναι
305 1571 604 1645 συνείῶμεν.
629 1573 778 1647 Λέγει
793 1573 914 1650 γὰρ,
939 1572 1018 1630 ὅτι
1038 1574 1090 1630 ἐν
1112 1581 1178 1651 τῇ
1197 1573 1476 1631 ἀναστάσει
1492 1570 1782 1652 σφαιροειδῆ

223 1663 462 1738 ἡείρονταε
510 1666 584 1721 τὰ
631 1669 852 1737 σώματα
887 1673 988 1724 τῶν
1023 1667 1320 1746 ἀνθρώπων.
1347 1666 1418 1719 Ὢ.
1457 1675 1552 1729 τῆς
1585 1667 1780 1735 ἀνοίας,

219 1756 291 1808 καί
311 1756 550 1829 ἀμαθείας
569 1763 664 1814 τοῦ
691 1758 1066 1833 φρενοϐλαϐοῦς
1091 1760 1303 1824 τούτου,
1333 1762 1420 1815 καί
1447 1766 1548 1818 τῶν
1577 1759 1784 1820 Ἕλληνι-

1885 547 1981 605 Dei
2009 550 2178 622 gratia
2219 560 2275 607 et
2315 560 2502 608 sancta
2547 551 2648 608 Dei
2672 549 2908 609 Ecclesia
2936 552 3162 624 expulso
3184 593 3201 622 ,
3245 554 3470 627 ejusque
3531 567 3554 576 “

1884 643 2204 713 sequacibus
2225 661 2238 698 :
2259 659 2365 700 non
2395 643 2540 700 enim
2567 644 2723 712 dixit,
2744 664 2764 698 ι
2790 645 2859 702 ad
2886 661 2982 703 eos
3005 646 3098 718 qui
3123 654 3252 704 sunt
3275 647 3332 704 in
3359 647 3468 707 Ec-

1884 735 2101 804 clesia,»
2118 736 2232 804 sed,
2254 755 2274 790 ι
2292 735 2482 794 Sermo
2499 737 2718 808 quidam
2741 737 2900 795 nobis
2921 745 3004 796 est
3031 737 3098 794 ad
3114 740 3317 812 cosqui
3343 749 3472 799 sunt

1884 829 1952 886 ab
1979 827 2246 898 Ecclesia;
2280 848 2301 882 ι
2328 836 2384 886 et
2411 844 2508 902 per
2535 831 2668 887 illud
2695 831 2910 902 quidem
2939 833 3083 904 quod
3109 833 3276 903 dicit,
3313 853 3334 888 ε
3364 849 3468 892 no-

1884 920 1987 986 bis,
2009 941 2028 974 ›
2053 919 2310 978 Ecclesiae
2335 923 2580 980 homines
2607 923 2952 994 signiﬁcavit;
2982 939 3080 996 per
3106 925 3237 986 illud
3265 934 3469 996 autem,

1891 1031 1911 1066 ι
1933 1013 2023 1084 qui
2051 1022 2179 1071 sunt
2207 1015 2273 1070 ab
2301 1013 2539 1070 Ecclesia
2558 1053 2574 1081 ,
2615 1033 2636 1069 ›
2661 1015 2902 1085 dejectos
2929 1017 2998 1072 ab
3025 1018 3140 1088 ipsa
3167 1018 3465 1077 denotavit.

1956 1103 2131 1160 Unum
2159 1114 2338 1162 autem
2367 1121 2433 1162 ac
2459 1107 2633 1163 solum
2661 1106 2827 1180 impio
2846 1105 3062 1178 Origeni
3083 1108 3321 1164 studium
3345 1106 3464 1176 fuit,

1884 1209 2216 1269 paganorum
2263 1212 2503 1255 errorem
2552 1197 2876 1256 conﬁrmare
2897 1241 2914 1269 ,
2962 1207 3018 1256 et
3055 1199 3468 1257 imbecilliorum

1885 1290 2078 1346 animis
2103 1291 2307 1346 zizania
2327 1291 2582 1347 inserere.
2607 1291 2969 1360 Quamobrem
2989 1292 3095 1349 hoc
3120 1305 3336 1363 quoque
3355 1293 3468 1349 risu

1883 1397 2013 1440 sane
2042 1383 2260 1454 dignum
2285 1423 2302 1449 ,
2333 1385 2402 1440 ab
2425 1399 2492 1440 eo
2519 1392 2702 1442 tamen
2729 1384 2931 1444 dictum
2955 1427 2971 1454 ,
3001 1373 3070 1443 de
3096 1386 3374 1443 hominum
3400 1375 3470 1445 ex

1884 1477 2110 1532 mortuis
2138 1476 2556 1547 resurrectione,
2602 1477 2894 1548 adjungere
2920 1479 3276 1538 decrevimus.
3304 1479 3466 1537 Afﬁr-

1882 1570 2068 1636 mavit,
2101 1571 2155 1626 in
2183 1571 2580 1626 resurrectione
2607 1586 2836 1644 corpora
2863 1571 3144 1630 hominum
3169 1573 3469 1632 orbiculata

1883 1660 2153 1718 suscitari.
2199 1660 2244 1716 0
2268 1659 2593 1716 dementiam
2622 1669 2787 1733 atque
2813 1661 3082 1721 inscitiam
3108 1663 3344 1724 hominis
3381 1666 3468 1724 in-

1884 1750 2022 1820 sani,
2043 1757 2098 1807 et
2117 1765 2448 1822 paganorum
2466 1751 2759 1824 disciplinae
2777 1753 3148 1825 explicatoris!
3174 1757 3266 1829 qui
3285 1765 3468 1815 mente

217 1851 300 1898 τῶν
319 1843 579 1920 δογμάτων
606 1848 848 1924 ἐξηγητοῦ
865 1865 878 1880 ·
911 1847 968 1910 ὃς
989 1869 1070 1910 τις
1093 1849 1400 1921 τυφλώττων
1421 1854 1511 1910 τήν
1537 1849 1778 1918 διάνοιαν,

1886 1843 2175 1901 ctecutiens
2196 1883 2212 1910 ,
2259 1844 2588 1915 studensque
2633 1843 3062 1902 Christianorum
3089 1847 3216 1904 ﬁdei
3241 1849 3470 1908 miscere

215 1941 370 2016 εαὶτῇέ
388 1947 482 1997 τῶν
509 1949 831 2020 Χριστιανῶν
863 1944 1038 2000 πίστει
1070 1943 1263 2014 μύθους
1293 1943 1517 2015 ἐπιμίξαι
1547 1943 1781 2002 σπουδά-

213 2047 313 2096 σεις,
333 2033 484 2092 αὑτήν
505 2037 600 2093 τήν
626 2041 727 2090 τῶν
754 2040 1072 2112 Χριστιανῶν
1102 2032 1278 2091 ἐλπίδα
1302 2054 1357 2090 τε
1399 2037 1484 2091 καὶ
1505 2039 1778 2114 σωτηρίαν,

213 2127 421 2182 τουτέστι
449 2133 549 2188 τήν
580 2129 948 2202 ἐπηγγελμένην
980 2129 1098 2201 ἡμῖν
1125 2129 1429 2196 ἀνάστασιν,
1464 2128 1782 2186 ὶσπούδασεν

212 2218 474 2296 ίνυερίσαι,
505 2221 638 2295 μηδδ
657 2228 752 2283 τήν
777 2229 869 2280 τοῦ
894 2226 1066 2300 κυρίου
1085 2221 1372 2281 ἀνάστασιν
1397 2225 1776 2301 ἐντρεπόμενος.

213 2307 429 2387 Ἐγερθεὶς
453 2317 562 2389 γὰρ
592 2313 619 2370 ὃ
644 2316 820 2389 κύριος
847 2317 904 2371 ὲκ
943 2323 1130 2391 νεκρῶν
1148 2355 1162 2382 ,
1193 2317 1276 2372 καί
1306 2317 1529 2392 ἀπαρχὴ
1565 2323 1666 2372 τῶν
1698 2336 1781 2372 κε-

208 2406 492 2475 κοιμημένων
515 2407 811 2480 γενόμενος,
841 2414 954 2468 τοῖς
995 2411 1244 2479 μαθηταῖς
1284 2407 1444 2480 ὤφθη,
1479 2411 1565 2462 καί
1599 2405 1783 2474 ἔδειξεν

207 2491 358 2554 αὐτοῖς
387 2497 478 2552 καί
505 2497 606 2558 τὰς
632 2494 926 2574 διατρήσεις
952 2505 1054 2555 τῶν
1077 2505 1300 2574 χειρῶν,
1332 2501 1414 2554 καί
1451 2507 1553 2555 τῶν
1583 2502 1777 2568 ποδῶν,

202 2585 273 2637 καί
289 2590 374 2645 την
395 2588 593 2662 πληγὴν
616 2596 710 2650 τῆς
731 2589 960 2666 πλευρᾶς
975 2607 987 2621 ⁸
1018 2593 1106 2648 καί
1125 2589 1281 2664 ἔφαγε
1298 2593 1429 2662 μετά
1450 2597 1542 2652 τήν
1559 2592 1782 2649 ἀνάστα-

201 2694 290 2742 σιν,
313 2680 412 2752 οὖχ
436 2682 508 2744 ὡς
520 2689 710 2756 τροφῆς
735 2678 987 2756 δεόμενος,
1007 2682 1114 2740 ἀλλ’
1131 2684 1215 2740 ἵνα
1229 2689 1304 2759 τῷ
1317 2683 1491 2760 τρόπῳ
1507 2684 1676 2757 τούτῳ
1689 2690 1781 2746 τήν

195 2773 278 2822 τοῦ
303 2770 622 2836 ἀναστάντος
647 2776 888 2847 σῶματος
909 2776 1062 2850 φύσιν
1087 2777 1439 2836 πιστώσηται.
1463 2774 1652 2848 ’Δμέλει
1677 2795 1776 2842 τοι,

193 2863 265 2915 καί
283 2863 759 2940 ἆναλαμϐανομὲνου
782 2873 871 2925 τοῦ
893 2872 1094 2944 κυρίου,
1123 2869 1149 2925 ό
1170 2865 1382 2943 ἅγγελος
1403 2869 1530 2948 πρὸς
1549 2872 1671 2930 τοὺς
1689 2891 1782 2940 μα-

190 2952 331 3018 θητάς
359 2954 569 3030 ἴλεγενο
607 2977 627 3011 ε
655 2957 818 3021 οὗτος
856 2959 882 3014 ὁ
916 2965 1116 3021 Ἰησοῦς
1149 2959 1176 3016 ὃ
1205 2961 1500 3032 ἀναληφθεὶς
1529 2959 1611 3031 ἀφ’
1638 2959 1780 3030 ὐμῶν

188 3047 250 3109 εἰς
272 3050 359 3105 τὸν
388 3052 640 3126 οὐρανὸν,
683 3046 836 3112 οὗτος
873 3051 1157 3118 ἐλεύσεται,
1194 3049 1248 3106 ὃν
1281 3053 1472 3127 τρόπον
1507 3053 1780 3108 ἄθεάσασθε

183 3142 326 3199 αύτόν
365 3145 720 3218 πορευόμενον
748 3147 822 3205 είς
855 3147 942 3200 τὸν
963 3144 1223 3222 οὐρανὸν.)
1258 3148 1317 3200 El
1354 3143 1408 3201 δὲ
1447 3145 1612 3207 καθὼς
1648 3151 1782 3220 Ὠρι-

1883 1935 2110 2005 fabulas,
2141 1938 2312 2009 ipsam
2339 1936 2771 1995 Christianorum
2797 1950 2950 2012 spem
2993 1956 3059 1998 ac
3085 1941 3332 2010 salutem,
3364 1943 3470 2002 hoc

1883 2038 1986 2099 est,
2010 2029 2332 2102 promissam
2361 2031 2518 2086 nobis
2537 2033 3012 2102 resurrectionem,
3037 2033 3196 2091 nixus
3224 2041 3310 2091 est
3337 2049 3471 2091 con-

1881 2125 2105 2181 tumelia
2131 2123 2342 2180 violare
2363 2165 2381 2194 ,
2412 2137 2483 2179 ne
2510 2123 2962 2180 resurrectionem
3007 2125 3224 2196 quidem
3253 2126 3470 2184 Domini

1879 2217 2167 2274 reveritus.
2219 2217 2512 2288 Resurgens
2551 2218 2692 2272 enim
2731 2215 2989 2272 Dominus
3031 2233 3099 2273 ea:
3141 2220 3390 2286 mortuis,
3419 2227 3471 2274 et

1882 2309 2125 2380 primitias
2153 2306 2520 2363 dormientium
2548 2308 2716 2379 factus
2746 2305 3062 2380 (Joan.xx),
3089 2307 3364 2380 discipulis
3389 2309 3471 2366 vi-

1880 2415 1973 2458 sus
1996 2409 2098 2468 est,
2122 2400 2308 2472 eisque
2335 2399 2575 2457 ostendit
2591 2399 2855 2458 foramina
2874 2415 3130 2458 manuum
3157 2418 3224 2460 ac
3247 2403 3469 2476 pedum,

1881 2499 1938 2549 et
1965 2493 2177 2562 plagam
2221 2492 2406 2548 lateris
2438 2510 2452 2547 :
2484 2500 2689 2565 etpost
2714 2495 3170 2553 resurrectionem
3214 2499 3470 2568 comedit,

1879 2601 1998 2643 non
2017 2594 2080 2643 ut
2103 2587 2225 2643 cibo
2253 2586 2520 2656 indigens,
2541 2585 2639 2644 sed
2667 2595 2727 2643 ut
2753 2601 2821 2645 eo
2839 2589 3002 2646 modo
3026 2591 3331 2648 resuscitati
3348 2605 3472 2650 cor-

1878 2681 2030 2752 poris
2057 2687 2302 2735 naturam
2329 2679 2698 2738 confirmaret.
2727 2681 2794 2738 Et
2818 2681 3035 2752 quidem
3060 2699 3184 2742 cum
3213 2684 3470 2754 Dominus

1881 2772 2210 2828 ascenderet
2236 2813 2252 2841 ,
2289 2773 2512 2842 angelus
2545 2775 2614 2830 ad
2651 2775 2944 2848 discipulos
2971 2777 3109 2835 dixit
3138 2797 3154 2834 :
3185 2763 3291 2836 Hic
3315 2779 3471 2838 Iesus

1879 2863 1967 2936 qui
2006 2868 2298 2932 assumptus
2326 2871 2404 2917 est
2432 2879 2468 2918 ιι
2495 2863 2634 2919 vobis
2660 2866 2714 2919 in
2754 2866 2966 2935 coelum,
2997 2869 3072 2924 sic
3098 2871 3264 2926 ueniet
3289 2888 3466 2944 quem-

1881 2954 2161 3010 admodum
2181 2953 2381 3010 vidistis
2402 2970 2520 3010 eum
2544 2965 2748 3011 euntem
2769 2958 2823 3012 in
2847 2959 3030 3014 catum
3057 2961 3197 3032 (Aet.
3220 2961 3283 3033 ι).
3313 2962 3468 3038 Quod

1880 3047 1950 3115 si,
1979 3055 2039 3103 ut
2065 3046 2266 3103 insanit
2292 3046 2571 3117 Origenes,
2604 3047 2960 3107 orbiculatum
2989 3061 3108 3109 erat
3135 3070 3333 3128 corpus
3358 3055 3469 3113 Do-

1878 3142 2050 3212 mini,
2078 3143 2352 3213 quomodo
2378 3145 2555 3216 potuit
2581 3143 2955 3204 demonstrare
2993 3163 3245 3206 manuum
3273 3166 3338 3210 ac
3375 3168 3470 3224 pe-

184 3233 315 3302 γίνης
339 3235 607 3306 μαίνεται,
640 3233 953 3310 σφαιροειδίς
974 3231 1032 3294 ἧν
1049 3235 1106 3290 τὸ
1131 3241 1283 3308 σῶμα
1308 3239 1398 3291 τοῦ
1428 3237 1606 3312 κυρίου
1622 3279 1637 3306 ,
1668 3245 1778 3298 πῶς

1883 3233 2011 3292 dum
2039 3233 2324 3303 foramina,
2352 3243 2448 3290 aut
2470 3235 2656 3292 lateris
2682 3237 2935 3310 plagam?
2961 3247 3054 3296 aut
3078 3243 3348 3314 quomodo
3375 3261 3469 3302 co-

184 3320 283 3397 εἶχε
326 3325 504 3391 δεῖξαι
541 3328 636 3388 τὰς
689 3335 789 3382 τῶν
843 3334 1037 3405 χειρῶν
1089 3331 1178 3383 καί
1219 3326 1390 3385 ποδῶν
1449 3327 1772 3408 διατρήσεις,

185 3413 211 3473 ἦ
265 3424 356 3478 τήν
435 3418 636 3491 πληγήν
696 3427 790 3480 m";
856 3420 1114 3497 πλευρᾶς;
1171 3419 1204 3481 ἦ
1261 3426 1375 3482 πῶς
1427 3429 1600 3496 φαγεῖν
1657 3419 1778 3483 ἠδύ-

185 3526 310 3577 νατο,
340 3510 372 3571 ἢ
401 3509 540 3572 ὅλως
562 3511 664 3568 ὑπὸ
690 3519 792 3569 τῶν
813 3513 1048 3584 μαθητῶν
1073 3517 1436 3591 γνωρισθῆναι;
1468 3522 1580 3577 πῶς
1603 3513 1658 3572 δὲ
1683 3520 1776 3572 καί

187 3600 242 3654 τὰ
262 3609 359 3656 τῶν
389 3601 554 3678 ἁγίων
596 3606 810 3675 σώματα
845 3605 976 3676 μετά
1015 3609 1106 3666 τήν
1139 3611 1230 3662 τοῦ
1271 3608 1444 3683 κυρίου
1491 3606 1772 3663 ἀνάστασιν

187 3689 454 3768 ἔγερθέντα,
482 3696 569 3749 καί
602 3697 807 3770 ὀφθέντα
828 3697 876 3750 ἐν
893 3703 956 3773 τῇ
981 3696 1104 3774 ἆγίᾳ
1127 3698 1290 3767 πόλει,
1315 3696 1530 3756 δυνατὸν
1549 3695 1610 3761 ἦν
1629 3702 1776 3779 παρά

187 3791 274 3838 τῶν
297 3782 462 3842 ἄλλων
506 3790 818 3862 γνωσθῆναι,
844 3786 986 3862 εἴπερ
1022 3789 1074 3843 ἓν
1109 3786 1242 3862 ἄλλῳ
1272 3793 1514 3862 σχήματι
1541 3785 1623 3857 ἦν,
1649 3791 1775 3865 παρ’

190 3872 306 3953 ὅπερ
330 3882 627 3954 ἒτύγχανεν
663 3884 712 3936 ἐν
736 3889 798 3958 τῇ
827 3885 961 3956 Cati);
994 3883 1044 3937 ἓν
1071 3890 1134 3958 τῇ
1173 3884 1340 3958 πέτρᾳ
1377 3887 1542 3938 τοίνυν
1567 3889 1660 3943 τῆς
1684 3885 1776 3938 πί-

189 3987 336 4033 στεως
415 3975 781 4051 ἐστηριγμένος
805 3971 1040 4048 οὐδαμῶς
1068 3973 1090 4049 ]
1119 3977 1204 4031 ούκ
1237 3975 1624 4052 ἐστηριγμένος,
1656 3976 1777 4033 ἀλλά

189 4065 416 4126 τοιαύτας
445 4071 537 4122 καί
573 4067 768 4122 τούτων
795 4067 963 4142 πολλῷ
998 4067 1210 4144 χείρους
1237 4067 1561 4141 βλασφημίας
1595 4065 1622 4124 ό
1652 4067 1778 4126 δυσ-

189 4153 330 4214 σεϐὴς
360 4159 631 4232 Ὠριγένης
655 4159 926 4229 ἐνθέμενος,
959 4160 1159 4220 εἰκότως
1187 4159 1234 4214 iv
1255 4167 1326 4232 τῷ
1347 4169 1506 4238 καιρῷ
1529 4168 1621 4218 τοῦ
1644 4184 1776 4236 μαρυ

191 4245 352 4320 τυρίου
386 4249 477 4302 τόν
517 4250 616 4319 μὲν
651 4251 872 4325 Χριστόν
901 4252 1263 4326 ἀπηρνήσατο,
1295 4261 1358 4326 τῇ
1387 4252 1440 4308 δέ
1469 4253 1590 4330 παρ’
1623 4256 1776 4312 αὐτοῦ

193 4333 481 4414 εἰσαγομένῃ
522 4339 778 4415 Ἑλληνικῇ
817 4343 1052 4420 πολυθείᾳ
1085 4345 1456 4419 προσεκύνησε.
1488 4352 1578 4404 Καί
1623 4356 1777 4406 τοῦτο

193 4419 241 4478 δι
263 4432 390 4486 κατά
417 4439 552 4487 Θεοῦ
583 4434 750 4504 γέγονε
779 4433 1051 4510 πρόνοιαν,
1082 4438 1161 4492 ἵνα
1197 4444 1266 4509 μὴ
1308 4441 1420 4496 ἀντὶ
1443 4442 1703 4518 μάρτυρος
1733 4443 1780 4497 ἐν

191 4527 246 4596 τῇ
271 4522 511 4604 ἐκκλησίᾳ
542 4524 706 4603 δεχθῇ
724 4567 738 4590 ,
778 4531 861 4583 καί
887 4529 1112 4584 ἐντεῦθεν
1140 4535 1202 4606 τῇ
1227 4532 1411 4604 ποίμνῃ
1439 4537 1528 4586 τοῦ
1554 4541 1779 4608 Χριστοῦ

194 4609 347 4681 βλάϐη
375 4623 743 4691 προσγένηται.
772 4622 830 4676 Ei
853 4623 953 4695 γάρ
983 4624 1114 4682 τινές
1142 4625 1244 4677 εἰσι
1266 4625 1345 4677 καί
1371 4628 1456 4676 νῦν
1485 4622 1780 4696 ὁμολογοῦν-

1881 3323 2102 3381 medere
2129 3325 2333 3397 potuit,
2363 3333 2457 3381 aut
2493 3325 2713 3382 omnino
2743 3341 2775 3382 a
2799 3325 3072 3400 discipulis
3101 3334 3360 3402 agnosci?
3399 3333 3469 3404 Et

1881 3417 2140 3488 quoniam
2158 3416 2353 3474 ’modo
2381 3426 2691 3473 sanctorum
2715 3420 3084 3494 corporafqute
3109 3432 3234 3494 post
3254 3423 3468 3483 Domini

1879 3509 2335 3566 resurrectionem
2381 3516 2746 3572 surrexerunt.
2776 3509 3002 3582 (Matth.
3035 3516 3218 3589 xxvn)
3247 3555 3263 3582 ,
3313 3525 3367 3573 et
3414 3520 3469 3575 in

1877 3610 2064 3658 sancta
2096 3601 2317 3658 civitate
2344 3607 2749 3674 apparuerunt,
2796 3611 3028 3674 potuere
3055 3605 3124 3663 ab
3153 3607 3274 3666 aliis
3302 3624 3470 3681 agno-

1880 3693 1957 3750 sci
1980 3733 1996 3761 ,
2035 3693 2300 3763 siquidem
2341 3693 2398 3749 in
2426 3693 2532 3750 alia
2560 3701 2715 3750 erant
2740 3693 2908 3764 ﬁgura
2953 3705 3118 3768 atque
3172 3699 3385 3757 fuerant
3412 3703 3467 3760 in

1880 3783 2028 3838 vita?
2075 3781 2135 3838 ln
2169 3782 2294 3839 ﬁdei
2319 3795 2448 3852 ergo
2483 3790 2640 3854 petra
2685 3784 2834 3840 nullo
2863 3785 3024 3843 modo
3053 3789 3342 3862 stabilitus,
3372 3792 3469 3850 sed

1881 3875 2228 3949 huiusmodi,
2271 3882 2435 3946 atque
2463 3877 2548 3933 his
2575 3877 2748 3934 multo
2781 3879 3079 3936 atrociores
3103 3879 3468 3952 blasphemias

1881 3973 2080 4044 impius
2099 3969 2358 4042 Origenes
2375 3985 2496 4027 cum
2528 3970 2802 4039 edidisset,
2832 3972 2963 4027 nihil
2989 3971 3182 4027 mirum
3209 3981 3310 4044 est,
3342 3989 3466 4030 eum

1882 4066 1940 4122 in
1965 4066 2083 4138 ipso
2103 4064 2346 4138 martyrii
2365 4063 2590 4120 articulo
2611 4063 2880 4120 Christum
2902 4063 3215 4132 abnegasse,
3234 4066 3466 4121 cultam-

1884 4173 1990 4232 que
2016 4173 2047 4214 a
2077 4157 2302 4228 paganis
2339 4156 2562 4212 deorum
2603 4153 3020 4219 multitudinem,
3048 4167 3210 4224 quam
3237 4155 3355 4226 ipse
3383 4157 3468 4214 in-

1881 4249 2050 4320 ducit,
2074 4251 2348 4306 adorasse.
2369 4248 2548 4316 Atque
2574 4247 2631 4301 id
2659 4246 2754 4302 Dei
2775 4243 3111 4317 providentia
3135 4245 3331 4304 factum
3358 4258 3466 4324 est,

1881 4359 1954 4402 ne
1980 4343 2038 4400 in
2065 4341 2306 4399 Ecclesia
2332 4355 2432 4410 pro
2470 4346 2706 4410 martyre
2735 4338 3072 4411 acciperetur
3091 4380 3108 4408 ,
3149 4350 3311 4415 atque
3337 4344 3466 4403 inde

1883 4437 2032 4509 gregi
2058 4435 2259 4493 Christi
2307 4431 2596 4490 inferretur
2633 4433 2834 4505 aliquid
2877 4433 3204 4494 detrimenti.
3253 4437 3387 4495 Nam
3417 4441 3466 4497 si

1885 4530 2048 4589 etiam
2075 4543 2220 4584 nunc
2246 4534 2369 4584 sunt
2395 4525 2488 4596 qui
2507 4524 2576 4582 de
2602 4524 2719 4596 ejus
2745 4525 2963 4598 quidem
2991 4527 3146 4584 ruina
3174 4527 3468 4587 conﬁtean-

1885 4627 1994 4688 tur,
2019 4613 2316 4678 doctrinam
2343 4633 2474 4675 vero
2498 4625 2745 4674 asserant
2764 4659 2782 4687 ,
2821 4634 2891 4675 an
2921 4634 3029 4675 non
3057 4634 3177 4676 eam
3207 4627 3465 4692 tanquam

194 4721 278 4762 τις
301 4707 387 4775 μὲν
413 4711 468 4764 τὸ
492 4713 676 4766 ἐκείνου
709 4717 921 4782 πτῶμα,
959 4714 1359 4786 ἀντιποιούμενοι
1388 4711 1441 4769 δέ
1469 4721 1568 4770 τῶν
1597 4718 1776 4784 αὐτοῦ,

194 4801 266 4820 ..Β
283 4817 299 4820 _
344 4818 356 4820 -
375 4800 389 4818 ’
462 4801 484 4820 ι.
548 4804 598 4820 \\
741 4806 752 4820 I
832 4807 846 4820 ς
914 4810 938 4820 -
987 4806 1000 4820 ι
1123 4805 1134 4820 Ι
1433 4809 1444 4820 I
1628 4809 1640 4820 ι
1708 4811 1719 4820 ι

1884 4715 2136 4788 martyris
2153 4727 2218 4770 ac
2237 4711 2412 4769 Patris
2433 4718 2588 4768 erant
2607 4709 2893 4781 defensuri,
2916 4712 2962 4768 si
2982 4713 3294 4786 contigisset
3315 4730 3461 4782 eum,

191 4801 300 4858 πῶς
336 4800 423 4854 οὐκ
452 4801 661 4874 ἔμελλον
694 4806 762 4860 τὰ
788 4807 942 4861 αὐτοῦ
970 4806 1038 4866 ὡς
1069 4805 1330 4881 μάρτυρος
1364 4809 1446 4862 καί
1484 4809 1674 4883 πατρὸς
1700 4811 1783 4864 ἐκ·

189 4883 363 4960 δασὺ,
395 4894 544 4974 εἴπερ
578 4897 768 4968 συνέϐη
807 4899 962 4955 αὐτόν
989 4905 1058 4970 μὴ
1095 4903 1529 4978 προσκυνήσαντα
1564 4910 1676 4964 τοῖς
1707 4906 1779 4958 ti-

191 4975 359 5047 δῶλοις
382 4988 734 5056 τελειωθῆναι;
760 4987 919 5051 οὖδείς
943 4992 1042 5066 γὰρ
1065 4975 1156 5052 τῆξ
1183 4991 1413 5053 ἀληθείας
1442 4993 1778 5065 ἀντεχόμενος

189 5067 414 5133 imit-ms
444 5085 540 5136 τοῦ
567 5086 719 5148 Θεοῦ,
746 5079 776 5140 ἦ
808 5081 1301 5154 ἐγκαταλιμπάνεται
1328 5084 1417 5137 ὑπ’
1445 5085 1622 5149 αὐτοῦ,
1648 5087 1778 5142 κατά

178 5159 242 5222 ’τό
268 5173 532 5248 εἰρημένον
673 5176 782 5252 θείᾳ
811 5183 999 5250 γραφῇδ
1035 5191 1054 5228 ε
1089 5173 1398 5249 Ἐμϐλίψατε
1441 5179 1513 5238 είς
1550 5177 1778 5248 ἀρχαίας

187 5261 377 5328 γενεάς,
415 5268 500 5320 καί
529 5263 694 5334 ἴδετε,
717 5266 796 5328 τίς
825 5268 1097 5322 ἐπίστευσε
1125 5275 1198 5342 τῷ
1226 5270 1409 5343 κυρίῳ,
1443 5269 1530 5324 καί
1565 5268 1774 5342 ἐγκατε-

186 5347 378 5427 hister);
406 5358 438 5419 ἣ
464 5362 549 5421 τίς
576 5360 786 5421 ἤλπισεν
813 5363 886 5423 είς
911 5362 1066 5417 αὐτόν
1083 5403 1098 5429 ,
1141 5363 1229 5417 καί
1253 5359 1522 5436 ὑπερεῖδεν
1544 5362 1723 5428 aurea;
1750 5381 1768 5415 ι

187 5435 435 5522 Ὠριγίνης
468 5449 526 5508 δέ
560 5451 586 5507 ὁ
613 5449 870 5515 δυσσεϐὴς
897 5455 993 5516 τὰς
1021 5452 1208 5510 εαυτοῦ
1233 5435 1551 5526 βλασφημίας
1580 5455 1637 5507 ού
1681 5456 1774 5526 μέ·-

187 5559 304 5616 χρις
325 5543 528 5600 ἑαυτοῦ
550 5542 784 5612 ἔστησεν,
815 5545 940 5602 ἀλλά
965 5543 1048 5603 διὰ
1074 5551 1176 5602 τῶν
1204 5543 1340 5600 ἰδίων
1364 5547 1774 5622 συγγραμμάτων

184 5635 261 5690 παι
285 5636 360 5697 εἰς
396 5636 620 5699 πολλοὺς
647 5635 854 5714 ἑτέρους
880 5644 968 5698 τὴν
995 5641 1174 5693 οἰκείαν
1199 5637 1388 5698 πλάνην
1416 5636 1770 5714 παρέπεμψεν.

179 5715 339 5786 Ὠστε
366 5733 514 5786 πάνυ
539 5731 614 5788 ἐπ’
639 5733 776 5806 αὐτῷ
809 5729 1054 5810 ἀρμοδίαν
1083 5726 1208 5787 εἶναι
1235 5735 1324 5790 τήν
1346 5737 1436 5787 τοῦ
1465 5729 1608 5805 ἁγίου
1638 5731 1770 5786 ἀπο-

1884 4810 2028 4866 nulla
2056 4807 2214 4865 idolis
2243 4807 2483 4864 exhibita
2506 4806 2840 4873 adoratione,
2865 4807 3268 4865 consummari?
3294 4809 3465 4867 Nemo

1883 4905 2028 4961 enim
2052 4903 2302 4970 veritatis
2328 4901 2568 4956 retinens
2595 4898 2795 4956 excidit
2822 4914 2853 4954 a
2879 4898 2993 4957 Deo
3017 4943 3035 4971 ,
3075 4902 3144 4958 ab
3172 4917 3348 4972 eoque
3375 4903 3467 4959 dc-

1881 4997 2095 5064 seritur,
2116 4993 2270 5064 juxta
2298 4991 2444 5062 quod
2469 4990 2598 5046 dicit
2623 4990 2802 5046 divina
2829 4988 3108 5064 Scriptura
3139 5010 3153 5048 :
3181 4991 3461 5064 Respicite,

1879 5088 1976 5160 ﬁlii
1995 5129 2011 5155 ,
2040 5088 2278 5142 nationes
2303 5083 2598 5149 hominum,
2626 5090 2676 5136 et
2701 5081 2872 5138 scietis
2895 5083 3016 5157 quia
3042 5083 3214 5140 nullus
3239 5083 3464 5155 speravit

1877 5181 1934 5235 in
1962 5178 2215 5234 Domino.
2241 5184 2300 5232 ἐι
2349 5175 2594 5234 confusus
2630 5181 2727 5229 est.
2762 5171 2890 5239 Quis
2916 5177 3054 5231 enim
3089 5174 3372 5248 permansit
3401 5174 3457 5227 in

1874 5267 2140 5323 mandatis
2178 5267 2312 5339 ejus,
2352 5271 2400 5320 et
2441 5263 2716 5320 derelictus
2759 5265 2874 5320 est?
2910 5274 3001 5320 aut
3044 5265 3159 5338 quis
3204 5263 3461 5319 inuocauit

1873 5373 2022 5426 eum,
2070 5363 2126 5412 et.
2173 5353 2412 5424 despexit
2461 5353 2608 5410 illum
2665 5353 2832 5428 (Eccl.
2884 5354 2986 5426 n)?
3027 5353 3229 5427 Impius
3269 5361 3451 5410 autem

1874 5447 2134 5518 Origenes
2159 5443 2526 5516 blasphemias
2551 5460 2676 5504 suas
2713 5462 2823 5503 non
2849 5446 3029 5518 seipso
3058 5452 3212 5505 tenus
3241 5447 3451 5517 statuit,

1872 5537 1965 5594 sed
1994 5535 2228 5609 propriis
2253 5535 2468 5608 scriptis
2494 5535 2548 5592 in
2594 5536 2792 5592 multos
2840 5536 2976 5592 alios
3013 5550 3168 5593 suum
3209 5552 3450 5597 errorem

1875 5633 2194 5702 transmisit,
2215 5639 2277 5689 ut
2302 5632 2356 5688 in
2378 5647 2503 5688 eum
2531 5629 2688 5686 valde
2713 5629 2996 5686 conveniat
3020 5632 3193 5688 sancti
3222 5634 3438 5707 apostol

1876 5727 2026 5785 Pauli
2053 5745 2158 5786 vox
2174 5768 2190 5796 ,
2219 5743 2339 5800 quas
2362 5725 2492 5783 dicit
2523 5743 2537 5780 :
2572 5721 2926 5789 Quorumdam
2952 5723 3217 5784 hominum
3241 5735 3454 5802 peccata

181 5817 364 5879 πόλου
383 5823 593 5882 Παύλου
610 5829 771 5901 φωνην
789 5827 1052 5901 λέγουσαν,
1065 5841 1084 5876 ‹
1095 5823 1173 5880 ὅτι
1187 5832 1332 5882 τινῶν
1347 5827 1438 5896 μέν
1454 5825 1506 5878 αἱ
1525 5825 1771 5898 ἁμαρτίαι

1882 5821 2153 5894 manifesta
2181 5830 2335 5886 sunt,
2377 5815 2716 5889 prcrcedentia
2761 5816 2832 5872 ad
2863 5815 3159 5890 judicium;
3204 5817 3454 5896 quosdam

246 5909 284 5991 ξ
315 5912 498 5972 Certe
525 5911 804 5989 legendum
832 5931 1058 5990 quonam
1084 5914 1256 5983 modo,
1274 5922 1345 5971 ut
1373 5920 1585 5974 constet
1611 5926 1819 5972 sensus.
1843 5909 1996 5968 Entr-
2625 5909 2628 5913 ’
3143 5925 3146 5928 ’
3311 5913 3316 5916 ’
