3988 6346
1860 322 2153 388 VlGlLlUS
2189 318 2387 378 PAPA.
2641 343 2653 355 ο
2992 290 2995 311 ‘
3650 290 3757 350 eos

2175 444 2347 492 autem
2386 436 2434 484 et
2461 425 2833 497 subsequuntur
2863 418 2914 492 (1
2938 414 3074 476 Tim.
3104 413 3181 490 v).
3223 410 3357 471 Nam
3399 424 3514 483 ejus
3560 409 3764 465 erroris

2178 522 2447 585 successio
2490 519 2546 575 in
2594 514 2948 572 inﬁrmiorum
2991 512 3236 582 irrepens
3278 508 3507 573 animas,
3548 502 3681 559 facit
3707 509 3768 557 ut

491 356 599 415 207

495 468 739 549 πρόδηλοί
766 466 865 523 είσι
885 463 1210 541 προάγουσαι
1235 460 1306 521 εὶς
1341 458 1538 535 κρίσιν,
1566 453 1670 511 τισὶ
1694 449 1749 507 δὲ
1780 449 1865 505 καὶ
1882 449 2071 503 ἐπακο·
2099 446 2147 507 Α

496 547 810 626 λουθοῦσιν.»
832 575 883 619 Ἦ
897 565 999 637 γάρ
1023 560 1240 629 διαδοχή
1262 564 1352 617 τῆς
1375 554 1565 612 πλάνης
1591 551 1750 611 αὐτοῦ
1773 547 1822 601 έν
1845 552 1958 603 ταῖς
1977 548 2075 599 τῶν

497 662 818 738 σαθροτέρων
856 658 1089 730 ἕρπουσα
1116 652 1351 724 ψυχαῖς,
1391 645 1595 703 δίδωσιν
1630 642 1913 699 ἀκολουθεῖν
1941 637 2078 709 αὐτῷ

499 754 592 815 τὰς
620 754 669 817 ἐξ
708 736 882 828 ἀρχῆς
921 745 1011 802 ὐπ’
1051 747 1204 801 αὐτοῦ
1240 740 1509 816 γενομένας
1549 736 1825 809 ἁμαρτίας.

501 850 587 902 οὐκ
618 840 926 920 ἐξαρκούσης
962 847 1071 899 τοῖς
1104 839 1171 893 τὰ
1198 834 1485 911 Ὠριγένους
1524 828 1792 894 δοξάζουσι
1834 831 1925 884 τῆς
1964 822 2083 898 περὶ

501 914 867 1011 προϋπάρξεως
892 935 992 985 τῶν
1009 927 1200 999 ψυχῶν
1219 923 1482 985 ἀσεϐείας,
1510 921 1713 977 καὶτῶν
1735 914 1893 972 ἄλλων
1923 914 2085 969 αὐτοῦ

503 1007 867 1098 ματαιολογιῶν
886 1060 901 1086 ,
940 1022 1028 1075 καί
1057 1025 1155 1074 τῶν
1184 1020 1304 1093 περί
1330 1023 1422 1075 τῆς
1446 1014 1595 1087 ἁγίας
1622 1008 1824 1086 τριάδος
1859 1007 2088 1078 βλασφη-

506 1126 663 1190 μιῶν,
707 1119 795 1171 καί
830 1120 982 1171 τοῦτο
1025 1119 1087 1186 τῇ
1130 1113 1291 1184 οἰκείᾳ
1329 1106 1661 1182 προστιθέασι
1699 1102 1861 1173 π’λάνη
1896 1100 1951 1153 ἐκ
1989 1103 2088 1153 τῶν

507 1210 696 1267 ἐκείνου
727 1208 1134 1283 διεστραμμένων
1161 1202 1485 1275 ὁδηγούμενοι
1510 1198 1691 1272 λόγων,
1720 1197 1778 1251 τὸ
1799 1194 1976 1267 λέγειν,
2007 1187 2089 1246 ὅτι

507 1303 710 1359 πάντων
743 1299 943 1356 ἀσεϐῶν
975 1299 1273 1372 ἀνθρώπων,
1315 1294 1399 1347 καί
1437 1289 1569 1363 πρός
1594 1308 1649 1362 γε
1680 1284 1922 1355 δαιμόνων
1950 1284 1981 1340 ἡ
2006 1280 2092 1336 κό-

511 1393 664 1454 λασις
691 1394 853 1467 πέρας
888 1388 921 1446 ἕ
922 1411 1032 1462 χει.
1059 1389 1160 1442 Καὶ
1187 1382 1758 1440 ἀποκατασταθήσονται
1784 1374 1988 1434 ἀσεϐεῖς
2012 1392 2091 1439 τε,

514 1487 598 1541 καί
640 1484 870 1556 δαίμονες
911 1486 984 1543 εἰς
1020 1485 1109 1541 τήν
1137 1480 1385 1555 προτέραν
1414 1476 1577 1531 αὐτῶν
1619 1473 1777 1538 τάξιν.
1822 1473 2002 1525 Ταῦτα
2039 1464 2094 1522 δέ

514 1578 764 1652 λέγοντες,
792 1574 1052 1655 ῥᾳθύμους
1081 1574 1170 1643 μέν
1198 1575 1404 1627 ποιοῦσι
1428 1566 1549 1628 τούς
1577 1567 1873 1642 ἀνθρώπους
1896 1562 2017 1637 περὶ
2037 1560 2096 1617 τὸ

514 1670 737 1743 πληροῦν
763 1652 857 1727 τάς
878 1665 1076 1727 ἐντολάς
1104 1670 1196 1720 τοῦ
1222 1668 1370 1728 Θεοῦ,
1393 1670 1486 1721 τῆς
1521 1665 1699 1718 στενῆς
1721 1660 1806 1711 καὶ
1838 1652 2101 1724 τεθλιμμέ-

516 1782 603 1821 νης
630 1759 751 1815 ὁδοῦ
780 1760 963 1819 αὐτούς
1014 1758 1412 1834 ἀποτρέποντες,
1460 1752 1700 1829 καὶπρὸς
1732 1756 1823 1810 τήν
1857 1748 2100 1804 πλατεῖαν

2179 631 2305 675 eum
2332 618 2627 682 sequantur
2675 622 2795 679 quae
2840 621 2874 662 a
2909 602 3173 675 principio
3220 599 3510 659 commissa
3546 595 3618 651 ab
3647 594 3768 666 ipso

1860 728 1950 790 «Ως
1981 706 2080 802 ,γάῤ
2180 710 2405 777 peccata
2431 706 2577 756 sunt.

2254 843 2419 913 Quasi
2446 842 2592 899 enim
2611 840 2678 896 iis
2699 837 2793 908 qui
2815 834 3061 907 Origenis
3086 833 3287 906 placita
3312 836 3634 901 sequuntur,
3662 841 3775 883 non

2186 937 2317 996 satis
2343 936 2415 992 sit
2438 934 2509 990 de
2535 929 2939 1004 praeexistentia
2967 927 3270 983 animarum
3296 924 3578 996 impietas,
3610 929 3778 977 ante-

2186 1042 2356 1097 raque
2384 1025 2499 1097 ejus
2524 1020 2926 1093 vaniloquentia
2947 1058 2965 1086 ,
3005 1017 3464 1089 blasphemimque
3489 1014 3562 1071 de
3586 1020 3781 1071 sancta

2195 1119 2463 1176 Trinitate
2504 1134 2517 1171 :
2557 1116 2664 1172 hoc
2708 1128 2927 1185 quoque
2971 1111 3195 1183 preprio
3237 1107 3412 1166 errori
3458 1105 3781 1176 adiungunt,

2192 1212 2384 1269 ducem
2414 1216 2470 1265 et
2497 1214 2774 1263 auctorem
2821 1204 3087 1260 habentes
3121 1214 3431 1274 perversam
3471 1196 3593 1268 ejus
3621 1193 3789 1253 disci-

2190 1304 2422 1376 plinam,
2447 1307 2509 1356 ut
2533 1298 2751 1366 dicant,
2792 1295 3034 1353 omnium
3060 1292 3350 1364 impiorum
3372 1287 3693 1350 hominum,
3725 1294 3788 1336 ac

2193 1401 2459 1467 praeterea
2503 1389 2808 1445 daemonum
2851 1399 3071 1458 pmnam
3115 1380 3280 1437 ﬁnem
3305 1377 3617 1435 habituram
3645 1386 3787 1440 esse,

2196 1485 2616 1551 restitutumque
2635 1480 2703 1536 iri
2726 1488 2843 1536 tum
2868 1477 3067 1548 impios
3085 1474 3353 1542 homines,
3372 1477 3491 1527 tum
3510 1469 3791 1525 daemones

2199 1577 2257 1633 in
2276 1573 2565 1647 pristinum
2587 1571 2833 1629 ordinem
2853 1583 3029 1626 suum.
3052 1565 3180 1624 Haec
3193 1580 3318 1622 eum
3336 1562 3547 1631 dicunt,
3567 1558 3793 1630 ignavos

2200 1668 2448 1726 homines
2476 1664 2716 1723 efﬁciunt
2748 1663 2805 1719 in
2838 1662 2937 1718 Dei
2963 1658 3247 1732 praeceptis
3274 1651 3672 1726 exsequendis,
3701 1663 3795 1707 eos

2205 1768 2515 1819 avertentes
2541 1760 2610 1816 ab
2634 1764 2863 1826 angusta
2881 1762 2939 1811 et
2964 1760 3115 1810 arcta
3138 1751 3245 1818 via,
3265 1756 3321 1806 et
3341 1747 3397 1805 in
3421 1747 3546 1802 latae
3571 1759 3641 1801 ac
3670 1756 3795 1815 Spa-

517 1856 603 1908 καὶ
631 1854 930 1927 εὐρύχωρον
959 1848 1376 1907 ἀποπλανῶντες’
1407 1846 1746 1900 ἐναντιοῦνται
1782 1838 1837 1896 δέ
1871 1839 2101 1903 καθάπαξ

2229 1853 2357 1911 insae
2393 1866 2636 1909 errorem
2663 1848 3001 1905 inducentes.
3028 1842 3262 1900 Omnino
3289 1847 3472 1897 autem
3494 1837 3796 1894 adversan-

516 1947 597 2000 καί
633 1951 742 2005 τοῖς
782 1946 929 2019 παρά
973 1946 1062 1996 τοῦ
1107 1941 1328 2014 μεγάλου
1373 1941 1498 1993 Θεοῦ
1555 1937 1638 1991 καί
1691 1939 1921 2009 σωτῆρος
1964 1931 2102 2000 ἡμῶν

517 2035 684 2096 ἰησοῦ
710 2044 935 2113 Χριστοῦ
971 2037 1277 2109 λεγομένοις.
1311 2031 1469 2091 Αὐτὸς
1493 2032 1594 2105 γὰρ
1624 2031 1672 2083 ἐν
1700 2035 1774 2102 τῷ
1804 2026 1931 2101 ἀγίῳ
1959 2026 2105 2099 εὐαγ-

518 2132 665 2202 γελίῳ
693 2128 922 2184 διδάσκει
941 2168 955 2193 ,
994 2130 1063 2187 ὥς
1104 2126 1149 2179 οἱ
1180 2126 1268 2197 μὲν
1295 2123 1499 2181 ἀσεϐεῖς
1532 2116 1893 2176 ἀπελεύσονται
1921 2117 1993 2176 είς
2020 2116 2109 2170 κό-

519 2223 668 2277 λασιν
704 2224 927 2285 αἰώνιον,
960 2218 1005 2272 οἱ
1038 2214 1091 2271 δέ
1120 2214 1301 2271 δίκαιοι
1326 2217 1401 2274 εἷς
1428 2216 1559 2277 ζωήν
1584 2212 1802 2267 αἰώνιον.
1831 2209 1933 2262 Καὶ
1961 2206 2109 2262 πάλιν

522 2317 653 2388 λέγει
664 2322 771 2375 τοῖς
784 2316 877 2385 μέν
896 2315 947 2367 ἐκ
961 2310 1153 2376 δεξιῶν
1176 2314 1378 2376 (Δεῦτε,
1403 2307 1448 2362 oi
1472 2304 1781 2378 εὐλογημένοι
1800 2306 1892 2358 τοῦ
1915 2299 2111 2373 πατρὸς

524 2428 644 2477 μου,
660 2407 1068 2478 κληρονομήσατε
1093 2407 1184 2462 τήν
1204 2400 1573 2471 ἡτοιμασμένην
1595 2397 1712 2467 byiv
1735 2393 1989 2465 βασιλείαν
2009 2390 2113 2445 ἀπὸ

526 2499 810 2558 καταϐολῆς
838 2496 1031 2568 κόσμου
1052 2511 1066 2525 ’
1103 2511 1122 2546 ι
1154 2500 1261 2554 τοῖς
1289 2491 1343 2547 δὲ
1370 2492 1419 2556 ἐξ
1448 2490 1747 2558 εὐωνύμων’
1783 2502 1801 2536 ι
1838 2483 2113 2559 Πορεύεσθε

526 2591 618 2645 ἀπ’
640 2591 785 2660 ἐμοῦ,
812 2588 859 2643 oi
886 2586 1244 2661 κατηραμένοι,
1280 2585 1349 2644 εἰς
1368 2582 1426 2638 τὸ
1444 2587 1551 2657 πῦρ
1572 2581 1630 2634 τὸ
1655 2580 1870 2643 αἰώνιον,
1900 2576 1958 2630 τὸ
1979 2575 2115 2632 ήτοι·

528 2684 790 2754 μασμένον
817 2688 890 2753 τῷ
917 2678 1135 2751 διαϐόλῳ
1162 2679 1248 2733 καί
1281 2682 1385 2736 τοῖς
1426 2673 1653 2747 ἀγγέλοις
1681 2673 1862 2726 αὐτοῦ.
1892 2671 2118 2737 Φανερῶς

532 2771 620 2829 οῦν
646 2779 742 2830 τοῦ
770 2774 945 2847 κυρίου
973 2769 1059 2826 διά
1084 2776 1175 2827 τοῦ
1198 2768 1344 2842 ἀγίου
1366 2766 1659 2839 εὐαγγελίου
1680 2763 2004 2819 ἀτελεύτητον
2029 2762 2119 2817 τήν

532 2886 589 2922 τε
625 2866 829 2920 κόλασιν
861 2868 951 2923 τήν
991 2884 1047 2919 τε
1078 2861 1342 2934 βασιλείαν
1370 2856 1827 2932 ἐπαγγελλομένου,
1879 2840 2123 2927 πρόδηλοι

531 2962 899 3017 καθεστήκασιν
928 2952 1070 3011 οὗτοι
1095 2956 1216 3015 τούς
1243 2953 1532 3028 Ὠριγένους
1560 2946 1751 3021 μύθους
1776 2952 2123 3022 προτιμῶντες

532 3056 636 3105 τῶν
682 3054 770 3105 τοῦ
818 3049 1001 3123 κυρίου
1055 3044 1388 3118 ἀποφάσεων
1418 3039 1604 3115 ὄπουγε
1650 3039 1874 3112 κᾴκεῖθεν
1902 3037 2069 3091 αὐτῶν
2092 3034 2124 3092 ἡ

533 3138 681 3196 ἄνοια
707 3138 1046 3212 διελέγχεται.
1073 3140 1130 3191 Ei
1154 3136 1255 3210 γὸφ
1280 3148 1359 3194 τις
1386 3135 1520 3188 κατὰ
1557 3132 1677 3191 τοὺς
1720 3130 1902 3184 ἐκείνου
1937 3128 2127 3203 λήρους

2203 1953 2294 2001 tur
2312 1944 2495 2015 magni
2516 1942 2612 1999 Dei
2641 1947 2695 1997 et
2715 1938 2787 1996 Sa
2797 1937 3019 1994 lvatoris
3036 1933 3210 1992 nostri
3234 1931 3364 1991 Iesu
3381 1928 3582 1986 Christi
3601 1925 3797 1991 dictis;

2205 2037 2323 2108 ipse
2347 2036 2492 2091 enim
2519 2034 2577 2089 in
2608 2039 2797 2089 sancto
2822 2026 3112 2099 Evangelio
3136 2024 3335 2091 docet,
3365 2018 3560 2093 impios
3582 2016 3799 2087 quidem

2207 2125 2378 2181 ituros
2408 2125 2462 2179 in
2491 2131 2754 2179 aeternum
2798 2118 3118 2192 supplicium
3143 2158 3161 2187 ,
3183 2114 3360 2186 iustos
3391 2125 3521 2168 vero
3550 2111 3610 2166 in
3638 2116 3797 2165 aeter-

2211 2234 2343 2274 nam
2367 2217 2535 2273 vitam
2584 2213 2802 2287 (Matth.
2832 2210 3006 2278 xxv);
3054 2220 3352 2279 rursusque
3391 2202 3521 2260 dicit
3557 2200 3627 2258 iis
3653 2200 3800 2271 quia

2211 2311 2415 2368 dextris
2440 2317 2567 2366 sunt
2598 2326 2611 2362 :
2648 2307 2850 2372 Venite,
2889 2292 3147 2359 benedicti
3186 2299 3366 2355 Patris
3403 2296 3521 2360 mei,
3547 2292 3803 2366 possidete

2210 2413 2452 2476 paratum
2473 2401 2615 2457 vobis
2637 2414 2855 2472 regnum
2883 2414 2915 2451 a
2948 2392 3313 2449 constitutione
3338 2387 3552 2454 mundi;
3580 2386 3650 2440 iis
3675 2397 3806 2439 vero

2213 2496 2305 2565 qui
2335 2509 2367 2549 a
2394 2492 2651 2547 sinistris:
2672 2490 2754 2545 Ite
2775 2506 2807 2543 a
2827 2504 2928 2553 me,
2949 2483 3229 2549 maledicti,
3259 2481 3314 2535 in
3335 2481 3513 2553 ignem,
3528 2483 3803 2537 atterunt.

2216 2563 2305 2657 qui
2325 2592 2539 2655 paratus
2560 2590 2638 2637 est
2672 2578 2880 2635 diabolo
2908 2585 2959 2631 et
2997 2573 3192 2646 angelis
3228 2570 3341 2642 ejus
3368 2566 3645 2641 (Ibidem).
3680 2563 3809 2621 Cum

2220 2655 2383 2747 igitur
2408 2682 2598 2748 aperte
2626 2672 2886 2729 Dominus
2933 2668 2991 2724 in
3041 2673 3230 2723 sancto
3267 2660 3562 2732 Evangelio
3610 2655 3809 2714 indesio

2220 2786 2357 2827 nens
2375 2777 2432 2826 et
2455 2766 2779 2840 supplicium
2805 2770 2861 2818 et
2885 2774 3112 2830 regnum
3137 2754 3438 2823 denuntiet,
3465 2751 3811 2825 perspicuum

2222 2872 2304 2919 est
2331 2863 2432 2919 hos
2456 2859 2704 2930 Origenis
2749 2855 3125 2919 deliramenta,
3148 2848 3434 2909 sententiis
3480 2844 3702 2902 Domini
3726 2859 3812 2899 an-

2224 2955 2446 3012 teferre.
2474 2952 2556 3009 Ex
2581 2953 2686 3010 hoc
2714 2965 2932 3022 quoque
2953 2948 3169 3004 illorum
3188 2942 3426 3001 amentia
3452 2938 3814 3009 redarguitur.

2226 3048 2285 3104 Si
2311 3048 2434 3119 quis
2461 3046 2603 3102 enim
2626 3043 2784 3114 juxta
2812 3042 2958 3098 illius
2983 3052 3154 3109 nugas
3177 3042 3347 3108 ponat
3373 3030 3704 3104 supplicium
3730 3027 3817 3083 de-

2228 3139 2456 3195 siturum
2480 3180 2496 3206 ,
2538 3149 2761 3192 necesse
2803 3140 2889 3191 est
2934 3132 3081 3187 hunc
3128 3136 3184 3185 et
3210 3125 3490 3199 promissa:
3510 3120 3678 3194 ju‘stis
3702 3120 3820 3176 vita

537 3232 776 3287 ὑπόθοιτο
790 3232 953 3303 πέρας
976 3228 1126 3299 ἔχειν
1140 3232 1231 3286 τήν
1251 3224 1670 3297 κόλασιν,ἀνάγκη
1690 3223 1778 3277 τὸν
1794 3228 2019 3277 τοιοῦτον
2042 3223 2126 3274 καί

2229 3239 2445 3289 aeterna:
2472 3236 2716 3285 statuere
2743 3225 2906 3280 ﬁnem
2931 3241 2946 3277 :
2968 3236 3124 3293 aeque
3151 3219 3298 3276 enim
3325 3217 3382 3273 in
3406 3222 3643 3285 utroque
3666 3220 3821 3269 atter-

539 3334 603 3395 τῇ
631 3323 966 3395 έπηγγελμένῃ
992 3328 1101 3381 τοῖς
1128 3318 1341 3379 δικαίοις
1365 3319 1547 3387 αἰωνίῳ
1574 3321 1676 3390 ζωῇ
1701 3314 1840 3375 τέλος
1866 3314 2124 3368 ἐπιθεῖναι.

2233 3340 2363 3381 num
2409 3323 2647 3395 ponitur.
2697 3318 2757 3374 Si
2800 3325 2983 3374 autem
3024 3322 3082 3371 et
3121 3327 3283 3386 poena
3324 3317 3379 3368 et
3415 3308 3598 3365 fruitio
3637 3304 3825 3375 gloria!

2236 3394 2437 3470 habent
2465 3415 2648 3480 ﬁnem,
2680 3426 2779 3468 cur
2806 3406 3108 3465 incarnatio
3136 3404 3235 3460 fuit
3258 3400 3471 3459 Domini
3498 3396 3673 3454 nostri
3701 3394 3827 3452 Jesu

542 3509 703 3583 πέρας
752 3504 786 3561 ἔ
779 3527 870 3577 χει
896 3504 1101 3565 κόλασίς
1126 3525 1183 3560 τε
1208 3506 1291 3558 καί
1317 3502 1621 3564 ἀπόλαυσις,
1652 3498 1787 3554 διατί
1824 3501 1855 3558 ή
1893 3500 2126 3573 ἐνανθρὼ-

2235 3507 2469 3563 Christi?
2507 3522 2605 3562 cur
2628 3503 2940 3572 cruciﬁxio,
2969 3508 3027 3558 et
3052 3513 3222 3567 mors,
3250 3504 3308 3553 et
3331 3494 3629 3566 sepultura,
3663 3496 3722 3546 et
3745 3502 3828 3544 re-

539 3411 738 3480 Ἐξίσης
762 3417 862 3492 γὰρ
900 3413 976 3467 ἐπ’
1014 3412 1307 3484 ἀμφοτέρων
1340 3411 1400 3464 τὸ
1437 3410 1634 3463 αἰώνιον
1660 3415 1814 3460 κεῖται
1833 3420 1846 3433 ⁸
1876 3407 1961 3459 καί
1987 3402 2128 3482 εἴπερ

543 3624 705 3663 πησις
730 3606 821 3655 τοῦ
849 3602 1028 3673 κυρίου
1064 3600 1202 3669 ἡμῶν
1234 3595 1399 3655 Ἰησόῦ
1437 3600 1690 3672 Χριστοῦ;
1730 3592 1866 3649 διατί
1902 3591 1956 3647 δέ
1991 3596 2076 3647 καί
2101 3594 2132 3652 ή

548 3695 875 3765 σταύρωσις,
906 3694 990 3745 καὶ
1015 3690 1041 3745 ό
1067 3692 1293 3749 θάνατος.
1323 3692 1409 3744 καί
1434 3690 1465 3746 ή
1490 3692 1645 3760 ταφή,
1675 3689 1760 3741 καί
1786 3690 1816 3747 ή
1844 3687 2133 3746 ἀνάστασις

546 3791 642 3840 τοῦ
678 3788 889 3861 κυρίου;
927 3790 1069 3837 ποῖον
1095 3781 1147 3837 δέ
1187 3778 1359 3853 ὄφελος
1386 3788 1493 3840 τοῖς
1520 3780 1607 3835 τὸν
1633 3779 1777 3833 καλὸν
1805 3781 1976 3852 ἀγῶνα
2000 3780 2138 3851 ἀγω-

547 3878 856 3948 νισαμένοις,
886 3878 972 3930 καί
996 3875 1128 3949 ὑπὲρ
1155 3878 1380 3948 Χριστοῦ
1410 3876 1826 3947 μαρτυρήσασιν,
1856 3872 1898 3923 εί
1919 3870 2142 3937 μέλλοιεν

548 3969 781 4041 δαίμονές
806 3990 861 4025 τε
878 4010 893 4036 ,
922 3972 1006 4023 καί
1032 3968 1236 4027 ἀσεϐεῖς
1270 3972 1359 4027 τήν
1387 3968 1543 4025 αὐτὴν
1570 3974 1677 4024 τοῖς
1704 3965 1865 4038 ἀγίοις
1892 3962 2032 4028 τάξιν
2060 3963 2145 4019 διὰ

548 4070 641 4123 τῆς
693 4062 1161 4120 ἀποκαταστάσεως
1210 4059 1514 4131 λαμϐάνειν;
1550 4053 1695 4112 Ἀλλά
1744 4060 1828 4110 καί
1861 4062 2030 4110 ταῦτα
2056 4058 2148 4127 μέν

550 4154 635 4208 έπί
677 4156 774 4213 τὰς
818 4154 1010 4208 ἐκείνων
1056 4154 1274 4228 τραπείη
1320 4150 1540 4222 κεφαλὰς
1584 4156 1682 4204 τῶν
1730 4154 1895 4205 ταῦτα
1938 4148 2148 4218 μυθολο-

548 4243 793 4317 γούντων.
823 4246 881 4299 Oi
906 4249 1006 4320 γάρ
1033 4250 1123 4299 τοῦ
1148 4248 1374 4315 Χριστοῦ
1419 4242 1558 4314 λόγοι
1592 4239 1905 4312 διαμένουσιν
1932 4240 2150 4295 ἀσάλευ-

2237 3597 2500 3653 surrectio
2528 3590 2788 3651 Domini?
2836 3592 2984 3664 quod
3029 3588 3372 3648 commodum
3415 3585 3480 3641 iis
3507 3583 3602 3656 qui
3628 3583 3829 3639 bonum

2239 3696 2514 3744 certamen
2540 3692 2903 3753 certaverunt,
2925 3690 2980 3739 et
2998 3697 3098 3754 pro
3126 3678 3343 3736 Christo
3367 3674 3691 3746 martyrium
3710 3670 3831 3727 sub-

2242 3781 2455 3847 ierunt,
2504 3780 2550 3834 si
2587 3786 2645 3834 et
2689 3777 2960 3833 dzemones
3006 3781 3063 3830 et
3098 3770 3345 3826 homines
3379 3764 3528 3835 impii
3586 3761 3833 3820 eumdem

2244 3887 2405 3943 quem
2434 3871 2605 3927 sancti
2654 3868 2899 3926 ordinem
2925 3861 3385 3933 redintegratione
3412 3857 3653 3913 habituri
3682 3855 3835 3911 sunt?

2252 3962 2452 4019 Verum
2479 3964 2584 4019 hoc
2612 3963 2668 4017 in
2694 3975 2883 4017 eorum
2912 3957 3089 4028 capita
3115 3959 3376 4017 vertatur,
3419 3948 3510 4020 qui
3537 3948 3657 4002 haec
3684 3944 3838 4001 fabu-

2250 4055 2448 4110 lantur.
2478 4053 2615 4109 Nam
2642 4050 2842 4107 Christi
2876 4048 3044 4105 verba
3072 4046 3127 4101 in
3176 4042 3413 4098 ﬁdelium
3459 4037 3738 4095 mentibus
3767 4036 3838 4092 in~

2255 4159 2519 4202 concussa
2546 4150 2787 4210 manent,
2818 4148 2982 4209 atque
3008 4139 3065 4193 in
3091 4135 3209 4206 ipsa
3241 4145 3421 4189 rerum
3447 4128 3698 4185 veritate.

552 4360 627 4392 τοι
654 4340 705 4392 ἓν
737 4347 850 4398 ταῖς
887 4346 986 4395 τῶν
1035 4344 1233 4393 πιστῶν
1267 4336 1503 4407 ψυχαῖς,
1555 4337 1636 4389 καί
1687 4334 1738 4387 ἔν
1788 4334 1914 4407 αὐτῇ
1959 4338 2021 4404 τῇ
2046 4339 2146 4386 τῶν
2172 4332 2492 4405 πραγμάτων
2517 4329 2743 4401 ἀληθείᾳ.

629 4428 688 4480 Θί
715 4425 769 4481 δὲ
794 4432 882 4485 τήν
908 4429 1193 4504 Ὠριγένους
1222 4425 1531 4486 ἐκδικοῦντες
1552 4422 1856 4490 κακοδοξίαν,
1885 4422 2154 4497 φεύγοντες

555 4521 674 4577 τούς
702 4522 819 4591 περί
847 4519 1042 4572 τούτων
1067 4519 1307 4590 ἀρῤαγεῖς
1359 4519 1631 4589 ἐλέγχους,
1684 4520 1771 4572 καί
1810 4518 2154 4591 συγκρύπτειν

558 4613 649 4666 τήν
675 4608 869 4661 ἑαυτῶν
895 4608 1083 4664 πλάνην
1101 4606 1412 4679 βουλόμενοι,
1430 4610 1570 4666 τινὰς
1597 4609 1768 4680 ῥήσεις
1795 4610 1848 4661 ἐκ
1871 4616 1970 4663 τῶν
1996 4609 2153 4682 ἁγίων

560 4701 798 4775 πατέρων
822 4706 984 4758 κακῶς
1012 4699 1437 4770 ἐκλαμϐάνοντες,
1483 4702 1567 4752 καὶ
1602 4700 1732 4771 πρὸς
1760 4700 1846 4753 τὸν
1874 4697 2000 4753 ἴδιον
2043 4706 2157 4754 νοῦν

561 4794 1060 4867 παρερμηνεύοντες,
1092 4798 1155 4866 τῇ
1186 4792 1340 4865 οἰκεία
1367 4790 1799 4866 προσαρμόζουσι
1825 4790 1958 4862 νόσῳ
1976 4808 1986 4819 ’
2026 4790 2154 4866 ὅπερ

552 4890 776 4967 ¹ποιοῦσι
807 4886 890 4937 καί
928 4884 1013 4938 ἐπί
1039 4890 1139 4938 τῶν
1180 4883 1323 4937 θείων
1357 4890 1579 4957 γραφῶν.
1609 4881 1782 4955 Ἦμεῖς
1828 4880 1881 4937 δέ
1912 4884 1959 4946 ἐξ
1994 4885 2156 4939 αὐτῶν

565 4982 665 5031 τῶν
696 4974 850 5048 ἁγίων
879 4977 1111 5051 πατέρων
1145 4973 1467 5045 ἀποδείξομεν
1490 4977 1741 5046 ματαίους
1769 4970 1892 5030 εἶναι
1930 4978 2012 5029 καί
2037 4978 2157 5037 τούς

566 5070 843 5126 τοιούτους
873 5070 1038 5124 αὐτῶν
1062 5069 1261 5141 λόγους.
1287 5071 1434 5142 Λέγει
1460 5071 1625 5125 τοίνυν
1650 5068 1676 5124 ό
1699 5070 1747 5123 ἐν
1776 5068 1938 5141 ἁγίοις
1965 5069 2157 5145 Γρηγὸ-

566 5181 678 5236 (nos
704 5158 980 5232 ὀοεολόγος
1008 5160 1056 5212 ἓν
1083 5168 1155 5230 τῷ
1185 5161 1526 5233 ἀπολογητικῷ
1546 5162 1673 5233 λόγῳ
1698 5160 1849 5218 τάδε’
1885 5159 2052 5232 ιἸΙμῖν
2078 5161 2156 5229 δέ,

567 5250 641 5313 οἷς
671 5254 729 5307 τὸ
758 5251 1162 5324 κινδυνευόμενόν
1187 5253 1293 5309 ἐστι
1318 5256 1549 5329 σωτηρία
1577 5253 1758 5324 ψυχῆς
1785 5264 1875 5315 τῆς
1903 5257 2157 5330 μακαρίας

566 5369 623 5403 τε
656 5350 739 5404 καί
790 5344 1074 5416 ἀθανάτου,
1104 5351 1187 5401 καί
1211 5345 1436 5404 ἀθάνατα
1464 5348 1895 5419 κολασθησομένης
1933 5348 1963 5406 ἦ
2010 5347 2157 5403 ἐπαι-

567 5440 902 5511 νεθησομένης
928 5437 1009 5494 διά
1036 5440 1212 5492 κακίαν
1244 5438 1274 5498 ἦ
1307 5440 1511 5513 ἀρετήν,
1537 5438 1693 5493 πόσον
1720 5423 2014 5510 χρήδοκεῐν
2035 5433 2159 5493 εἶναι

567 5530 655 5583 τὸν
682 5530 877 5599 ἀγῶνα,
903 5530 990 5582 καί
1019 5525 1141 5588 ὅσης
1165 5526 1245 5582 δεῖ
1266 5535 1357 5587 τῆς
1382 5528 1693 5599 ἐπιστήμης;
1716 5531 1837 5583 »Καὶ
1864 5527 1974 5599 μετ’
1993 5528 2156 5602 ὀλίγοιο

576 5640 596 5674 ε
608 5625 696 5684 Τίς
720 5623 913 5695 ψευδής
935 5624 1206 5696 ἀπολογία;
1225 5624 1351 5677 ποία
1364 5617 1631 5682 πιθανότης
1656 5620 1934 5693 ἔντεχνος
1960 5625 2038 5681 τίς
2050 5623 2160 5679 ἐπί-

570 5734 681 5771 νοια
714 5717 845 5771 κατά
884 5726 978 5777 τῆς
1011 5716 1243 5777 ἀληθείας
1269 5714 1657 5788 παραλογιεῖται
1697 5714 1757 5770 τὸ
1803 5712 2158 5790 δικαστήριον,

572 5810 659 5864 καί
681 5806 854 5879 κλέψει
880 5813 968 5867 τήν
990 5809 1137 5883 ὀρθήν
1160 5809 1327 5883 κρίσιν
1353 5813 1460 5868 τοῖς
1485 5810 1617 5863 πᾶσι
1646 5801 1816 5863 πάντα
1839 5806 1887 5859 ἐν
1917 5810 2053 5877 ζυγῷ
2078 5828 2159 5861 τι·-

574 5903 774 5972 θιῖσαν,
802 5903 887 5958 καί
911 5901 1119 5972 πρᾶξιν,
1148 5902 1231 5960 καί
1247 5900 1414 5973 λόγον,
1443 5902 1526 5958 καί
1550 5896 1817 5969 διανόημα,
1847 5901 1930 5955 καί
1953 5900 2162 5957 ἀντιση·

2330 4421 2431 4487 Qui
2459 4433 2624 4491 porro
2657 4411 2913 4485 Origen'is
2930 4413 3233 4484 impronam
3260 4409 3574 4482 opinionem
3600 4412 3843 4471 tuentur,

2256 4515 2408 4570 ﬁrma
2435 4515 2551 4568 haec
2574 4515 2888 4580 argumenta
2914 4507 3180 4577 fugientes
3206 4546 3222 4573 ,
3269 4517 3533 4573 suumque
3582 4508 3846 4556 conantes

2263 4616 2445 4677 tegere
2494 4617 2733 4661 errorem
2760 4641 2775 4666 ,
2806 4599 3049 4671 quaedam
3096 4603 3405 4654 sanctorum
3448 4591 3678 4646 Patrum
3708 4590 3848 4645 dicta

2257 4700 2400 4755 male
2426 4695 2757 4765 excipientes
2780 4734 2795 4759 ,
2844 4704 3119 4762 pravoque
3153 4704 3223 4744 ex
3258 4685 3526 4743 sententia
3551 4698 3651 4739 sua
3684 4683 3849 4738 inter-

2259 4796 2551 4861 pretantes,
2581 4784 2803 4856 proprio
2827 4783 3019 4838 morbo
3040 4777 3451 4837 accommodant
3474 4794 3488 4830 :
3512 4774 3663 4845 quod
3685 4774 3851 4831 etiam

2258 4881 2314 4935 in
2362 4876 2558 4932 divinis
2595 4874 2800 4929 faciunt
2846 4871 3157 4943 Scripturis.
3205 4868 3315 4925 Nos
3361 4875 3542 4923 autem
3592 4880 3667 4922 ex
3720 4864 3850 4935 ipsis

2258 4968 2458 5027 sanctis
2487 4964 2738 5020 Patribus
2766 4962 3111 5021 ostendemus
3146 4961 3333 5016 inanes
3359 4973 3425 5014 ac
3449 4957 3632 5013 futiles
3659 4970 3853 5012 eorum

2257 5062 2497 5118 rationes
2544 5074 2684 5114 esse.
2734 5056 2862 5113 Ilrec
2908 5056 3071 5126 igitur
3097 5054 3284 5111 scribit
3308 5060 3527 5111 sanctus
3554 5048 3856 5119 Gregorius

2259 5153 2567 5222 Theologus
2614 5153 2670 5207 in
2711 5150 3051 5222 apologetica
3096 5148 3387 5203 oratione:
3426 5163 3446 5198 ι
3478 5143 3647 5200 Nobis
3696 5159 3857 5213 vero,

2258 5246 2453 5316 quibus
2479 5243 2819 5316 periclitatur
2843 5242 2988 5297 salus
3015 5240 3207 5296 animae
3233 5238 3405 5295 beata:
3433 5243 3599 5307 atque
3625 5237 3862 5294 immor-

2259 5339 2401 5406 talis,
2432 5352 2660 5409 quaeque
2694 5336 3077 5407 scmpiternam
3108 5332 3320 5388 aditura
3359 5339 3443 5387 est
3493 5330 3583 5386 vel
3629 5346 3864 5401 penam

2258 5432 2345 5487 vel
2374 5429 2588 5485 laudem
2612 5468 2629 5495 ,
2669 5436 2893 5500 propter
2920 5426 3181 5482 malitiam
3208 5433 3302 5480 aut
3335 5423 3589 5479 virtutem
3614 5463 3631 5491 ,
3663 5422 3865 5493 quanti

2259 5523 2563 5582 faciendum
2610 5530 2696 5579 est
2734 5522 2837 5577 hoc
2880 5528 3190 5588 certamen,
3237 5525 3331 5574 aut
3373 5523 3576 5588 quanta
3622 5515 3869 5571 scientia

2260 5634 2398 5691 opus
2427 5618 2546 5673 est?
2580 5634 2600 5668 ι
2644 5614 2711 5670 Et
2738 5622 2864 5687 post
2889 5629 3063 5685 pauca
3093 5631 3107 5669 :
3148 5632 3166 5666 ι
3202 5611 3318 5679 Qua
3347 5610 3479 5665 falsa
3508 5607 3863 5673 defensione,

2259 5725 2365 5780 qua
2395 5707 2743 5793 perspasione
2770 5706 3090 5773 artiﬁciosa,
3111 5719 3349 5777 quonam
3370 5709 3683 5760 commento
3711 5703 3871 5758 veri-

2260 5809 2429 5857 tatem
2478 5792 2822 5870 oppugnante
2867 5799 3317 5857 circumvenietur
3358 5794 3477 5865 jus,
3526 5807 3593 5849 ac
3632 5792 3872 5849 fallatur

2262 5901 2467 5951 rectum
2512 5890 2803 5965 iudicium,
2833 5893 2979 5965 quod
3024 5892 3273 5951 omnibus
3312 5888 3494 5947 omnia
3536 5886 3593 5946 in
3640 5894 3871 5950 statera
