3988 6346
180 366 268 424 209
1191 367 1560 428 JUSTINIANI
1599 367 1730 424 LIB.
1769 364 1928 423 ADV.
1966 357 2338 422 ORIGENEM.

3295 367 3406 426 210

147 540 158 552 ,
179 489 342 545 animm
359 492 470 547 τοῖς
495 491 728 562 πονηροῖς
754 488 820 542 τά
855 487 1084 558 βελτίονα
1100 528 1114 554 ,
1143 488 1226 546 ἵνα
1248 491 1306 544 τὸ
1333 491 1480 566 ῥέπον
1508 494 1717 565 νικήσῃ,

1841 483 1998 553 ponit,
2028 482 2190 551 facta,
2217 483 2382 548 dicta,
2411 481 2869 552 cogitationesque
2895 495 3104 552 omnes,
3131 499 3196 542 ac
3213 487 3405 558 nequi-

179 581 251 638 καὶ
281 579 396 651 μετά
436 583 525 633 τοῦ
563 578 788 639 πλείονος
833 580 864 637 ἦ
906 578 1068 652 ψῆφος
1114 581 1348 652 γένηται,
1397 582 1502 650 μεθ’
1539 581 1598 639 ἣν
1635 582 1722 634 οὐκ

179 673 347 748 ἔφεσις,
375 672 430 726 ού
453 674 622 744 κριτής
666 669 977 746 ὑψηλότερος
997 709 1014 736 ,
1055 673 1143 726 ούκ
1187 671 1435 745 ἀπολογία
1473 670 1538 726 δι’
1565 669 1724 746 ἔργων

182 765 422 840 Ιευτέρων,
450 762 540 816 οὐκ
572 758 742 817 ἔλαιον
788 763 934 839 παρά
958 769 1057 816 τῶν
1083 764 1332 837 φρονίμων
1377 763 1633 836 παρθένων
1651 802 1664 824 ,
1693 760 1724 820 ἦ

181 863 261 911 τῶν
291 853 573 909 πωλούντων
618 852 964 915 έκλιιπούσαις
1000 853 1290 924 λαμπάσιν,
1325 854 1388 908 ού
1430 853 1726 925 μεταμέλεια

181 947 387 1004 πλουσίου
421 943 560 1017 φλογί
596 945 871 1016 τηκομένου
906 945 989 1000 καί
1027 952 1134 1004 τοῖς
1159 946 1350 1004 οἰκείοις
1374 944 1727 1008 ἐπιζητοῦντος

181 1037 435 1111 διόρθωσιν,
465 1037 523 1090 ού
546 1037 836 1111 προθεσμία
863 1037 1248 1107 μεταποιήσεως
1266 1051 1281 1065 ⁸
1311 1033 1437 1092 ἀλλά
1475 1037 1559 1090 καί
1591 1034 1726 1106 μόνι-

180 1145 280 1198 por;
311 1129 385 1182 καὶ
409 1127 652 1202 φοϐερὸν,
679 1129 776 1183 .καί
809 1127 1097 1184 τελευταῖον
1121 1126 1180 1182 τὸ
1218 1130 1502 1202 κριτήριον,
1540 1127 1627 1180 καί
1653 1121 1730 1180 δί-

179 1240 294 1276 καιον
324 1219 459 1275 πλέον
499 1218 531 1278 ἣ
575 1218 693 1276 ὅσον
733 1221 1000 1294 ἐπίφοϐον,
1041 1220 1227 1293 μᾶλλον
1265 1218 1319 1275 δὲ
1360 1218 1444 1275 διὰ
1466 1225 1620 1274 τοῦτο
1644 1220 1728 1274 καί

179 1314 496 1389 φοϐερώτερον,
527 1310 606 1369 ότι
630 1311 818 1370 δίκαιον
835 1328 848 1346 ⁸
878 1316 1024 1374 ἡνίκα
1048 1315 1224 1388 θρόνοι
1248 1315 1491 1378 τίθενται,
1522 1315 1607 1366 καὶ
1630 1333 1731 1367 παο

180 1404 290 1464 λαιός
311 1406 503 1478 ἡμερῶν
546 1407 939 1482 προκαθέζεται,
982 1410 1070 1462 καί
1112 1406 1282 1478 βίϐλοι
1306 1406 1616 1479 ἀνοίγονται,
1646 1407 1731 1460 καί

178 1497 370 1566 ποταμός
393 1495 563 1571 πυρός
601 1497 814 1564 ἕλκεται,
856 1497 939 1554 καί
971 1499 1029 1553 τό
1069 1505 1173 1570 φῶς
1206 1496 1511 1572 ἔμπροσθεν,
1552 1499 1636 1565 καί
1673 1497 1732 1552 τό

177 1587 327 1649 σκότος
347 1589 708 1662 ἡτοιμασμένον
726 1607 739 1620 °
777 1591 864 1646 καί
896 1591 1202 1666 πορεύονται
1224 1591 1270 1644 oi
1295 1585 1364 1646 τά
1388 1590 1555 1663 ἀγαθά
1578 1592 1730 1648 ποιή-

176 1699 322 1740 σαντες
346 1682 413 1740 εἰς
437 1682 728 1736 ἀνάστασιν
763 1685 897 1746 ζωῆς
936 1691 1030 1743 τῆς
1072 1682 1124 1736 έν
1146 1689 1350 1760 Χριστῷ
1385 1687 1475 1736 νῦν
1499 1701 1731 1754 κρυπτο-

175 1771 326 1840 μένης.
369 1774 448 1826 καί
487 1771 708 1847 ὕστερον
753 1773 891 1848 αύτῷ
938 1775 1446 1848 συμφανερουμένης·
1489 1772 1538 1826 οἱ
1575 1770 1634 1827 δέ
1667 1769 1734 1829 τοὶ

1827 583 1911 630 ter
1935 574 2222 630 commissa
2271 574 2581 630 melioribus
2625 582 2896 644 repensat,
2948 584 3007 630 ut
3049 576 3232 634 vincat
3258 579 3408 649 quod

1825 665 2162 738 propendet,
2208 665 2586 734 sententiaque
2627 664 2925 721 secundum
2972 667 3126 736 plura
3172 667 3403 738 dicatur,

1826 775 1989 831 quam
2013 759 2160 815 nulla
2188 759 2423 830 excipiat
2448 757 2782 829 provocatio,
2813 773 2923 813 non
2948 759 3194 828 superior
3213 759 3402 830 judex,

1826 867 1938 908 non
1969 850 2210 914 defensio
2249 850 2480 910 aliorum
2512 847 2776 904 factorum
2803 892 2818 919 ,
2868 863 2978 904 non
3022 849 3201 905 oleum
3246 849 3332 904 vel
3373 865 3408 906 a

1827 941 2181 1012 prudentibus
2206 941 2498 1011 virginibus
2524 949 2793 1010 sumptum
2825 939 3038 1011 (Matth.
3061 941 3213 1012 xxv),
3233 941 3319 997 vel
3339 941 3408 998 ab

1827 1033 1895 1088 iis
1919 1033 2013 1103 qui
2038 1029 2418 1090 deﬁcientibus
2444 1030 2781 1102 lampadibus
2807 1031 3063 1100 vendant,
3103 1048 3211 1088 non
3237 1033 3412 1103 paeni-

1828 1125 1994 1180 tentia
2022 1121 2202 1179 divitis
2240 1123 2335 1192 qui
2381 1122 2599 1177 ﬂamma
2628 1120 2897 1177 crucietur
2954 1120 3108 1193 (Luc.
3140 1121 3250 1193 xvi)
3281 1136 3412 1178 suo-

1833 1228 2062 1285 rumque
2097 1213 2530 1270 necessariorum
2567 1221 2774 1283 quaerat
2810 1212 3272 1283 emendationem,
3302 1227 3413 1269 non

1830 1305 1900 1361 ad
1935 1304 2289 1360 mutationem
2332 1303 2595 1375 praeﬁnita
2645 1304 2762 1361 dies
2793 1321 2807 1358 :
2837 1303 2936 1360 sed
2973 1311 3180 1360 eertum
3209 1318 3274 1359 ac
3301 1311 3413 1360 sta-

1829 1395 1940 1455 bile
1962 1397 2052 1468 jus
2076 1436 2093 1464 ,
2128 1404 2186 1453 et
2227 1395 2636 1452 formidolosum
2656 1437 2676 1473 ,
2704 1403 2760 1453 et
2794 1397 3041 1452 ultimum
3064 1435 3081 1463 ,
3122 1404 3179 1453 et
3212 1401 3416 1467 aequius

1825 1489 2130 1561 justiusque
2152 1530 2169 1557 ,
2205 1497 2370 1558 quam
2396 1497 2629 1558 quantus
2653 1497 2736 1544 est
2763 1496 2940 1545 terror
2963 1531 2979 1558 ,
3020 1489 3259 1560 quinimo
3287 1504 3416 1562 pro-
3469 1495 3474 1501 '

1831 1588 1954 1651 pter
1977 1579 2241 1649 justitiam
2268 1577 2510 1634 terribile
2537 1593 2660 1634 cum
2688 1579 2868 1634 throni
2899 1587 3188 1649 ponuntur,
3220 1589 3274 1636 et
3303 1580 3416 1636 An-

1833 1668 2019 1738 tiquus
2048 1668 2258 1723 dierum
2285 1667 2474 1731 sedet,
2515 1674 2573 1721 et
2598 1665 2720 1722 libri
2748 1667 3060 1738 aperiuntur
3083 1712 3101 1738 ,
3143 1677 3199 1725 et
3225 1668 3418 1727 ﬂuvius

1834 1759 2027 1828 igneus
2055 1758 2286 1813 trahitur
2307 1797 2323 1824 ,
2361 1763 2416 1811 et
2440 1756 2535 1812 lux
2561 1764 2688 1812 ante
2714 1757 2888 1828 ipsum
2913 1799 2928 1827 ,
2970 1765 3027 1814 et
3055 1759 3292 1815 tenebrat
3316 1774 3417 1830 pa-

176 1862 308 1930 teﬁt:
331 1864 647 1938 πράξαντες,
690 1868 761 1927 εἰς
788 1864 1074 1924 ἀνάστασιν
1104 1869 1348 1944 κρίσεως,
1387 1867 1445 1924 ἣν
1469 1861 1564 1923 ἤδη
1589 1865 1736 1939 παρὰ

1841 1857 1968 1906 ratae
2002 1865 2016 1903 :
2048 1855 2105 1903 et
2131 1855 2262 1902 eunt
2305 1848 2398 1916 qui
2425 1848 2568 1903 bona
2598 1847 2842 1904 fecerunt
2869 1848 2924 1902 in
2965 1851 3419 1906 resurrectionem

176 1959 250 2010 τοῦ
273 1959 528 2031 κρίναντος
555 1959 738 2020 αύτούς
764 1959 931 2034 Λόγου
959 1960 1006 2014 οἱ
1031 1964 1102 2033 μή
1149 1960 1474 2018 πιστεύοντες
1498 1958 1733 2031 κατεκρί-

177 2044 330 2104 θησαν.
356 2051 444 2104 Καί
464 2052 594 2110 τοὺς
619 2051 710 2121 μέν
736 2054 796 2107 τό
823 2047 1082 2126 ἄφραστον
1109 2058 1211 2123 φῶς
1237 2047 1562 2120 διαδέχεταιν
1594 2050 1676 2102 καὶ
1701 2048 1732 2105 ἡ
1753 2125 1756 2128 .

174 2145 248 2198 τῆς
291 2138 428 2211 ἁγίας
469 2143 562 2195 καὶ
611 2141 879 2214 βασιλικῆς
918 2141 1128 2220 τριάδος
1174 2144 1336 2217 χάρις
1380 2139 1733 2212 ἐκλαμπούσης

174 2229 439 2303 τρανότερόν
461 2250 527 2286 τι
554 2233 640 2287 καί
687 2234 1056 2310 καθαρώτερον,
1083 2234 1170 2288 καί
1195 2230 1311 2294 ὅλης
1337 2228 1435 2301 όλῳ
1458 2228 1533 2284 νοῒ
1557 2248 1734 2300 μιγνυ-

175 2320 333 2388 μένην
358 2322 408 2380 ἢν
443 2321 511 2384 dri
559 2327 642 2380 καί
675 2325 824 2396 μόνην
850 2327 1077 2402 οὐρανῶν
1111 2325 1372 2396 βασιλείαν
1398 2323 1496 2394 έγώ
1530 2321 1731 2390 τίθημι⁶

175 2415 269 2470 τοῖς
296 2407 346 2464 δέ
380 2409 514 2482 μετᾶ
561 2421 663 2470 τῶν
708 2412 866 2471 ἄλλων
911 2415 1168 2482 βάσανος,
1197 2415 1382 2488 μᾶλλον
1417 2411 1472 2468 δέ
1506 2414 1608 2486 πρό
1633 2416 1736 2468 τῶν

176 2495 309 2554 ἄλλων
332 2503 389 2557 τὸ
416 2504 724 2582 ἀπερῥίφθαι
747 2513 897 2578 Θεοῦ,
921 2511 1005 2564 καί
1023 2509 1054 2568 τό
1074 2508 1124 2564 έν
1140 2515 1214 2582 τῷ
1239 2504 1491 2564 συνειδότι
1505 2506 1738 2576 αἰσχύνη

176 2593 311 2667 πέρας
335 2595 424 2651 οὐκ
446 2594 676 2668 ἔχουσα.
700 2614 721 2650 ι

1835 1938 1961 1995 vitae
1995 1936 2175 2006 (Joan.
2205 1936 2324 2005 tu),
2373 1951 2494 2006 qua:
2536 1952 2680 1992 nunc
2716 1937 2771 1992 in
2808 1936 3025 1994 Christo
3052 1939 3420 2008 absconditur,

1837 2029 2179 2103 postmodum
2224 2044 2356 2084 vero
2403 2044 2526 2084 cum
2554 2043 2622 2085 eo
2667 2037 2918 2100 apparet;
2967 2031 3060 2100 qui
3103 2047 3234 2088 vero
3277 2032 3420 2089 mala

1837 2128 2066 2191 egerunt
2111 2119 2168 2174 in
2215 2119 2665 2180 resurrectionem
2707 2119 2932 2190 judicii;
2981 2121 3126 2191 quod
3172 2123 3265 2190 qui
3312 2137 3422 2180 non

1839 2211 2105 2276 credunt,
2132 2209 2246 2280 jam
2283 2209 2574 2281 adjudicati
2606 2211 2950 2281 damnatique
2987 2220 3113 2268 sunt
3147 2228 3181 2267 a
3218 2213 3420 2279 Verbo,

1838 2303 1987 2374 quod
2013 2317 2110 2359 eos
2134 2301 2435 2371 judicavit;
2483 2316 2547 2358 ac
2581 2301 2716 2358 alios
2759 2302 2977 2372 quidem
3008 2302 3105 2358 lux
3141 2302 3423 2360 ineﬂ'abilis

1841 2394 2045 2465 excipit
2066 2436 2082 2462 ,
2131 2402 2189 2450 et
2228 2383 2432 2449 sancta!
2478 2393 2859 2465 regnantisque
2904 2393 3182 2451 Trinitatis
3228 2396 3422 2466 gratia,

1843 2484 2085 2557 apertius
2107 2483 2400 2555 puriusque
2418 2483 2739 2553 eﬂulgentis,
2765 2499 2828 2540 ac
2853 2491 3026 2541 totam
3048 2499 3109 2542 se
3133 2485 3235 2541 toti
3254 2487 3425 2542 menti

1842 2577 2132 2638 inserentis
2155 2595 2169 2630 :
2193 2576 2339 2647 quod
2366 2576 2551 2649 utique
2575 2577 2751 2633 solum
2781 2591 3007 2648 regnum
3027 2577 3286 2635 catlorum
3305 2593 3424 2636 esse

1835 2669 1977 2726 duco
2006 2686 2020 2724 :
2053 2668 2187 2723 alios
2213 2683 2344 2723 vero
2364 2682 2472 2724 una
2499 2682 2622 2724 cum
2650 2667 2768 2725 aliis
2791 2668 2947 2725 malis
2967 2675 3314 2738 tormentum,
3337 2677 3425 2732 vel

174 2755 326 2825 potius
351 2768 479 2818 ante
499 2760 604 2820 alia
627 2761 928 2842 projectum
953 2776 1074 2821 esse
1095 2777 1128 2820 a
1147 2763 1284 2837 Deo,
1311 2774 1367 2823 et
1389 2766 1732 2825 conscientia:
1765 2761 2044 2832 turpitudo
2071 2775 2136 2815 ac
2160 2759 2486 2816 verecundia
2513 2760 2715 2816 nullum
2745 2759 2907 2842 linem
2933 2761 3157 2819 habens.
3193 2782 3213 2816 ε

228 2850 476 2907 Βασιλείου
514 2851 792 2910 ἐπισκόπου
819 2859 1122 2929 Καισαρείας
1141 2857 1522 2927 Καππαδοκίας,
1555 2859 1609 2914 έκ
1640 2863 1729 2914 τοῦ

173 2948 408 2996 κανονικοῦ
450 2944 607 3000 αὐτοῦ
634 2946 856 3018 βιϐλίου.
884 2947 1184 3026 Ἐρώτησις·
1212 2955 1273 3005 Εἰ
1295 2949 1423 3007 ὅπου
1463 2954 1554 3022 μέν
1586 2952 1739 3025 λέγει,

173 3028 480 3105 (δαρήσεται
501 3035 682 3101 πολλὰ,
706 3053 727 3088 ε
763 3035 896 3090 ὅπου
925 3036 978 3092 δὲ
1007 3055 1027 3088 ι
1046 3039 1208 3112 ὀλίγα,
1229 3057 1248 3090 ι
1271 3047 1381 3101 πῶς
1397 3041 1601 3112 λέγουσί
1615 3062 1744 3102 τινες

170 3126 220 3189 μὴ
236 3119 358 3179 εἶναι
377 3125 529 3185 τέλος
541 3133 633 3184 τῆς
649 3124 904 3188 κολάσεως
913 3134 1019 3187 τοῖς
1033 3127 1376 3199 κολαζομένοις
1389 3143 1406 3194 ;
1429 3127 1740 3205 ’Δπόκρισιςο

1906 2849 2090 2920 Basilii
2111 2849 2349 2918 episcopi
2369 2848 2627 2906 Cresarea:
2652 2841 3024 2922 Cappadociae,
3055 2869 3124 2910 ex
3147 2855 3266 2924 ejus
3289 2856 3425 2912 libro

1844 2939 2194 3008 Regularum.
2239 2937 2590 3010 Interrogatio
2615 2956 2634 2994 :
2665 2940 2723 2996 Si
2748 2947 2878 3012 itum
2922 2943 3073 3008 dicit,
3142 2945 3426 3016 Vapulabit

1842 3031 2038 3096 multis,
2070 3038 2182 3086 tum
2207 3031 2386 3101 paucis
2415 3029 2568 3100 (Luc.
2593 3029 2689 3103 xu)
2722 3049 2736 3087 :
2769 3048 2878 3104 quo
2905 3043 3066 3103 pacto
3093 3035 3310 3104 quidam
3337 3037 3424 3092 di-

1844 3130 1976 3178 cunt
1998 3161 2016 3188 ,
2060 3121 2265 3177 nullum
2283 3109 2456 3177 ﬁnem
2493 3122 2743 3193 supplicii
2770 3121 2888 3180 fore
2914 3123 2982 3180 iis
3009 3125 3100 3195 qui
3124 3141 3284 3196 paena
3311 3125 3427 3182 aﬂi-

169 3217 223 3268 τά
242 3213 532 3287 διμοφίϐολα,
557 3217 644 3269 καί
665 3216 1131 3289 έπεκεκαλυμμένως
1157 3221 1386 3294 εἰρῆσθαι
1416 3218 1656 3277 δοκοῦντα
1683 3220 1740 3276 ἕν

1844 3212 2102 3268 ciuntur?
2131 3209 2417 3282 Responsio
2443 3227 2462 3266 :
2489 3211 2618 3278 Quae
2642 3212 2890 3284 ambigua
2924 3222 3068 3281 sunt,
3095 3231 3159 3272 ac
3177 3217 3427 3274 videntur

170 3323 253 3359 τισι
275 3304 464 3366 τόποις
489 3312 582 3365 τῆς
606 3307 941 3362 θεοπνεύστου
968 3319 1182 3382 γραφῆς,
1225 3313 1326 3368 ύπὸ
1365 3319 1464 3368 τῶν
1492 3310 1652 3368 ἄλλων
1685 3316 1736 3368 ἐν

172 3391 312 3459 ίλλοις
339 3396 752 3474 ὁμολογουμένων
782 3402 1124 3474 σαφηνίζεται.
1157 3409 1260 3458 Τοῦ
1284 3399 1370 3459 οὖν
1399 3408 1576 3480 κυρίου
1605 3409 1735 3464 ἁπο-

174 3489 456 3559 γοναμένου,
487 3487 566 3545 ὅτι
591 3491 963 3548 ἀπελεύσονται
996 3488 1135 3548 οὗτοι
1168 3497 1241 3555 εἰς
1267 3497 1468 3552 κόλασιν
1494 3499 1697 3554 αἰώνιον
1714 3538 1733 3568 ,

176 3575 210 3626 εἰ
227 3574 275 3630 δέ
300 3577 487 3642 δίκαιοι
527 3581 599 3643 εἰς
619 3585 749 3645 ζωὴν
775 3584 988 3638 αἰώνιον⁸
1020 3587 1144 3639 ποτέ
1166 3583 1220 3640 δέ
1245 3586 1582 3660 ἐκπέμποντος
1604 3592 1740 3660 ἡμᾶς

178 3669 236 3727 εἰς
257 3670 310 3725 τό
337 3677 448 3748 πῦρ
481 3673 545 3728 τὸ
589 3674 783 3730 αἰώνιον
805 3675 864 3729 τό
895 3678 1262 3749 ἡτοιμασμένον
1291 3687 1363 3752 τῷ
1392 3679 1611 3752 διαϐόλῳ
1653 3685 1739 3738 καί

179 3767 270 3821 τοῖς
307 3763 537 3838 ἀγγέλοις
574 3765 768 3821 αὐτοῦ’
813 3770 897 3822 καί
949 3765 1122 3824 ἄλλοτε
1173 3771 1499 3844 ὀνομάζοντος
1538 3773 1739 3843 γέενναν

181 3852 336 3928 πυρός,
366 3856 454 3908 καί
481 3855 833 3932 έπιφέροντος,
875 3875 895 3909 ι
925 3856 1055 3913 ὅπου
1078 3858 1105 3914 ό
1139 3861 1334 3927 σκώληξ
1359 3862 1528 3919 αὐτῶν
1573 3865 1629 3918 ού
1665 3884 1741 3919 τε·

182 3938 332 4014 λευτᾷ,
359 3949 446 4001 καί
472 3947 534 4002 τὸ
563 3953 668 4022 πῦρ
691 3950 747 4002 οὐ
775 3949 1066 4008 σϐέννυται·
1092 3969 1112 4003 ι
1146 3957 1228 4010 καί
1257 3951 1338 4010 ἔτι
1359 3955 1516 4011 πάλαι
1544 3955 1628 4012 διὰ
1649 3962 1738 4013 τοῦ

184 4039 413 4107 προφήτου
443 4039 573 4114 περί
593 4057 735 4094 τινων
755 4041 1134 4117 προειρηκότος,
1164 4061 1183 4094 ι
1209 4042 1288 4100 ὅτι
1308 4045 1335 4100 ό
1360 4047 1553 4112 σκώληξ
1577 4050 1741 4104 αὐτῶν

185 4124 228 4174 οὐ
253 4125 534 4187 τελευτήσει
551 4167 567 4194 ,
592 4131 754 4186 καὶτὸ
781 4136 887 4206 πῦρ
918 4132 978 4186 ού
1001 4133 1360 4193 σϐεσοήσεται·
1383 4155 1402 4188 ι
1435 4136 1634 4195 τούτων
1663 4142 1742 4194 καί

187 4227 392 4283 τοιούτων
408 4229 654 4291 πολλάκις
683 4230 735 4285 ἐκ
756 4238 848 4292 τῆς
871 4231 1206 4289 θεοπνεύστου
1225 4245 1416 4310 γραφῆς
1444 4237 1738 4311 λεγομένων,

188 4313 228 4368 ἓν
251 4323 496 4379 καὶτοῦτο
542 4329 638 4383 τῆς
665 4321 923 4394 μεθοδείας
950 4333 1041 4382 τοῦ
1078 4325 1334 4396 διαϐόλου,
1365 4330 1424 4386 τό
1460 4334 1577 4393 τούς
1621 4333 1742 4390 πολ·

188 4414 283 4480 λοῦς
305 4431 398 4478 τῶν
417 4427 716 4502 ἀνθρώπων,
743 4428 920 4503 ὥσπερ
950 4428 1329 4500 ἐπιλαθομένους
1354 4440 1456 4486 τῶν
1498 4435 1742 4489 τοιούτων

189 4513 260 4564 καί
281 4517 525 4572 τοσούτων
573 4523 662 4572 τοῦ
701 4518 878 4590 κυρίου
918 4519 1233 4592 ἀποφάσεων,
1260 4522 1399 4583 τέλος
1427 4524 1740 4594 κατατολμᾷν

192 4603 409 4662 κολάσεων
444 4617 539 4672 τῆς
583 4607 832 4687 ἁμαρτίας
863 4614 934 4672 εἰς
974 4613 1031 4665 τό
1067 4613 1238 4682 μέλλον
1266 4615 1468 4678 ἑαυτοῖς
1511 4616 1741 4693 ύπογρά·
1765 4598 1822 4660 Ῐ)

190 4700 368 4761 grumi-3i
384 4701 476 4770 γάρ
501 4707 600 4761 τῆς
623 4702 825 4756 αἰωνίου
855 4701 1111 4764 κολάσεως
1130 4702 1280 4761 ἔσται
1305 4707 1429 4762 ποτέ
1454 4708 1614 4776 τέλος,
1645 4711 1744 4775 ἕξει

193 4794 377 4859 πάντως
396 4805 472 4858 καί
489 4804 520 4862 ἡ
549 4806 747 4864 αἰώνιος
773 4807 877 4869 ζωή
900 4803 1038 4864 τέλος
1055 4819 1069 4834 ’
1108 4806 1150 4858 εἰ
1177 4803 1230 4861 δέ
1258 4808 1344 4863 ἐπὶ
1363 4817 1453 4870 τῆς
1481 4814 1612 4876 ζωῆς
1638 4812 1744 4884 οὐχ

194 4887 336 4954 οὕτως
371 4902 541 4954 νοῆσαι
567 4897 627 4952 τό
655 4895 802 4974 ῥητόν
830 4894 1224 4970 καταδεχόμεθα
1244 4939 1260 4964 ,
1291 4908 1432 4956 ποῖον
1463 4900 1580 4974 ἔχει
1603 4903 1746 4978 λόγον

197 4991 248 5057 τῇ
279 4989 464 5048 κολάσει
500 5001 568 5070 τῇ
602 4995 787 5064 αἰωνίῳ
827 4993 968 5055 τέλος
991 4993 1213 5062 διδόναις
1241 4997 1271 5055 ἡ
1294 4998 1393 5074 γάρ
1425 5003 1516 5053 τοῦ
1545 5001 1744 5055 αἰωνίου

195 5082 420 5153 προσθήκη
436 5084 504 5157 ἐφ’
520 5083 770 5161 έκατέρων
785 5085 963 5148 έπίσης
977 5094 1154 5143 κεῖται⁶
1184 5106 1203 5139 ε
1224 5087 1607 5146 ’Δπελεύσονται
1623 5093 1746 5166 γάρ,

198 5174 337 5237 φησὶν,
359 5173 499 5232 οὗτοι
540 5179 612 5239 εἰς
648 5178 850 5242 κόλασιν
873 5182 1087 5250 αἰώνιον,
1121 5181 1168 5236 οἱ
1206 5179 1259 5237 δέ
1301 5180 1481 5238 δίκαιοι
1519 5186 1592 5245 εἰς
1621 5189 1750 5249 ζωήν

197 5261 381 5322 αἰώνιον.
396 5286 414 5320 ι
422 5299 492 5310 -
502 5278 604 5327 Τοῦ
617 5274 771 5330 αὐτοῦ
783 5273 838 5328 ἐκ
847 5279 939 5330 τοῦ
949 5280 1316 5352 προτρεπτικοῦ
1327 5277 1398 5336 είς
1410 5277 1468 5332 τό
1482 5278 1751 5350 βάπτισμα

198 5348 323 5426 λόγου
344 5375 359 5390 ⁸
387 5364 476 5419 Διὰ
508 5365 821 5441 πρόσκαιρον
849 5348 1102 5442 ἁμαρτίας
1125 5365 1303 5427 ἡδονὴν
1331 5368 1556 5425 ἀθάνατοι
1583 5348 1752 5441 βασα-

199 5447 399 5519 νίζομαι’
443 5455 527 5512 διὰ
565 5456 742 5518 ἡδονὴν
770 5460 961 5533 σαρκὸς
985 5468 1058 5534 τῷ
1097 5463 1280 5532 αἰωνίῳ
1308 5465 1436 5536 πυρί
1471 5460 1752 5537 παραδίδο-

200 5556 297 5606 μαι.
308 5553 484 5602 -Τοῦ
507 5550 555 5602 έν
568 5549 725 5624 ἁγίοις
742 5550 931 5624 [ἁγίου]
950 5552 1172 5608 Ἰωάννου
1189 5555 1466 5612 έπεσκοπου
1483 5564 1754 5612 Κώνσταν-

200 5646 510 5708 τινουπόλεως
534 5652 585 5704 ἐκ
611 5661 701 5711 τῆς
724 5652 851 5728 πρὸς
890 5653 1141 5727 Θεόδωρον
1167 5655 1252 5710 τόν
1278 5658 1507 5727 μοναχὸν
1548 5660 1754 5734 πρώτης

203 5731 447 5806 ἷκε-στολῆς
467 5758 482 5773 ⁹
513 5750 688 5803 Ταῦτα
728 5747 881 5803 έννόει
923 5746 1110 5817 διόλου,
1152 5755 1237 5806 καί
1279 5751 1364 5808 τόν
1394 5754 1618 5825 ποταμόν
1662 5759 1754 5810 τοῦ

389 5849 407 5883 ι
425 5839 651 5908 ποταμός
678 5841 777 5916 γάρ
793 5827 957 5916 πυρὸς
972 5839 1093 5898 εἷλκε
1111 5844 1209 5920 πρό
1229 5849 1505 5922 προσώπου
1533 5848 1706 5903 αύτοῦ.
1731 5865 1749 5899 ι

205 5917 294 5970 Οὐκ
317 5919 451 5981 ἔστιν
481 5927 641 6000 ἐκείνῳ
670 5929 1016 6008 παραδοθέντα
1042 5942 1114 6011 τῷ
1143 5939 1268 6008 πυρί
1293 5936 1642 6016 προσδοκῆσαι
1675 5963 1759 5999 nos

1841 3305 2070 3361 obscure
2095 3317 2214 3359 esse
2239 3302 2384 3358 dicta
2407 3303 2462 3358 in
2481 3303 2804 3372 quibusdam
2822 3304 2956 3362 locis
2981 3305 3234 3364 divinitus
3256 3309 3424 3382 inspi-

1838 3404 1971 3452 rata:
1997 3395 2307 3467 Scriptum,
2339 3397 2465 3454 alibi
2495 3398 2564 3454 ab
2593 3398 2712 3456 aliis
2738 3415 2857 3470 quae
2884 3401 3131 3460 confessa
3157 3413 3215 3460 et
3241 3414 3430 3476 apem

1839 3495 1984 3552 sunt,
2013 3487 2374 3544 declarantur.
2406 3487 2540 3544 Cum
2569 3503 2699 3560 ergo
2725 3489 2986 3549 Dominus
3012 3495 3376 3564 pronuntiarit
3405 3514 3424 3553 :

1841 3579 2001 3635 Ibunt
2027 3581 2084 3634 lti
2109 3582 2167 3635 in
2195 3581 2502 3652 supplicium
2529 3590 2773 3638 wternum
2791 3623 2806 3651 ,
2835 3585 2968 3656 justi
2992 3595 3162 3642 autem
3189 3589 3243 3642 in
3271 3590 3428 3645 vitam

1841 3680 2094 3727 wternam
2125 3671 2336 3744 (Matth.
2362 3673 2527 3745 xxv);
2558 3680 2613 3729 et
2633 3674 2830 3732 alicubi
2852 3677 3032 3732 mittat
3056 3694 3156 3735 nos
3174 3680 3230 3736 in
3250 3679 3428 3752 ignem

1840 3771 2100 3818 aeternum
2127 3803 2143 3828 ,
2192 3763 2285 3833 qui
2331 3771 2552 3834 paratus
2579 3773 2663 3820 est
2705 3765 2922 3824 diabolo
2951 3775 3006 3824 et
3033 3770 3242 3840 angelis
3269 3771 3384 3841 ejus
3409 3789 3426 3838 ;

1844 3863 2008 3923 atque
2043 3853 2176 3909 alias
2215 3854 2456 3910 nominet
2491 3856 2792 3926 gehennam
2826 3859 2991 3927 ignis,
3030 3867 3086 3916 et
3120 3860 3375 3930 adjungat
3410 3879 3424 3914 :

1845 3943 1947 4000 Ubi
1973 3947 2156 4000 vermis
2186 3961 2361 4000 eorum
2389 3962 2494 4002 non
2513 3950 2751 4016 moritur,
2777 3959 2826 4003 ct
2852 3950 2989 4020 ignis
3016 3965 3119 4005 non
3145 3951 3429 4021 exstingui-

1843 4043 1926 4088 tur
1955 4033 2151 4106 (Marc.
2182 4035 2260 4104 1x)
2295 4053 2309 4088 :
2341 4049 2407 4090 ac
2431 4052 2617 4092 rursus
2643 4053 2746 4107 per
2771 4040 3091 4109 pmphetam
3118 4041 3186 4095 de
3209 4041 3429 4109 quibus-

1841 4127 1964 4182 dam
1988 4126 2297 4198 praedixerit
2329 4145 2342 4180 :
2377 4127 2576 4184 Vermis
2601 4146 2778 4184 eorum
2808 4146 2911 4184 non
2936 4131 3203 4195 morietur,
3225 4138 3275 4186 et
3293 4131 3430 4200 ignis

1841 4233 1947 4271 non
1975 4217 2329 4289 exstinguetur
2371 4215 2507 4288 (lsa.
2539 4217 2686 4284 LxVI)
2722 4236 2735 4270 :
2768 4232 2891 4272 cum
2916 4217 3031 4273 hate
3058 4226 3218 4289 atque
3245 4217 3430 4289 hujus-

1840 4307 1988 4363 modi
2015 4321 2160 4378 saepe
2188 4322 2219 4360 a
2245 4307 2500 4361 divinitus
2527 4307 2790 4377 inspirata
2815 4305 3091 4378 Scriptura
3119 4324 3429 4381 proponan-

1846 4405 1969 4460 tur,
2001 4409 2170 4449 unum
2198 4395 2305 4450 hoc
2331 4409 2547 4464 quoque
2587 4402 2675 4451 est
2711 4395 2911 4454 diaboli
2946 4399 3076 4456 artis
3114 4411 3171 4456 et
3196 4413 3428 4468 astutiae,

1843 4491 1906 4538 ut
1941 4483 2094 4537 multi
2129 4482 2414 4550 homines,
2445 4483 2611 4540 veluti
2649 4484 2800 4542 obliti
2838 4487 3024 4544 talium
3054 4497 3434 4564 tantarumque

1846 4571 2060 4626 Domini
2087 4573 2474 4629 sententiarum
2497 4615 2513 4642 ,
2556 4574 2717 4632 ﬂnem
2762 4577 2863 4634 sibi
2889 4580 3126 4638 audeant
3150 4599 3433 4654 poenarum

1846 4662 2056 4736 peccati
2083 4663 2138 4718 in
2175 4672 2450 4735 posterum
2478 4666 2822 4725 adumbrare.
2853 4671 2987 4728 Nam
3019 4673 3066 4729 si
3092 4677 3279 4731 aeterni
3302 4694 3433 4749 sup-

1843 4754 1993 4828 plicii
2028 4757 2349 4829 quandoque
2390 4756 2510 4817 ﬁnis
2543 4769 2627 4817 est
2666 4760 2878 4819 futurus
2903 4806 2921 4833 ,
2959 4766 3178 4824 omnino
3214 4767 3435 4825 habebit

1847 4857 1905 4905 et
1931 4849 2042 4904 vita
2090 4857 2292 4906 aeterna
2338 4853 2532 4920 linem;
2573 4853 2622 4908 si
2662 4853 2720 4909 in
2748 4855 2860 4910 vita
2895 4872 3004 4914 non
3033 4859 3111 4915 sic
3138 4862 3433 4930 evangelici

1847 4937 1976 4994 dicti
2021 4953 2239 4995 sensum
2295 4941 2624 5010 accipimus,
2669 4955 2790 5014 quae
2833 4945 2974 5003 ratio
3033 4955 3117 5004 est
3169 4950 3432 5020 supplicio

1847 5037 2050 5086 aeterno
2079 5029 2239 5086 linem
2266 5034 2543 5087 statuere?
2571 5032 2783 5089 literni
2810 5036 2954 5092 enim
2983 5038 3256 5110 adjunctio
3285 5043 3432 5110 pari-

1847 5125 1932 5174 ter
1959 5119 2014 5173 in
2042 5125 2269 5188 utroque
2292 5119 2529 5189 ponitur.
2558 5119 2718 5176 Ibunt
2742 5127 2899 5191 enim,
2932 5126 3124 5197 inquit,
3146 5126 3201 5182 lii
3229 5128 3282 5181 in
3308 5144 3434 5196 sup-

1849 5209 2063 5280 plicium
2121 5217 2370 5264 (sternunt
2394 5251 2411 5278 ,
2462 5210 2596 5281 justi
2656 5223 2826 5268 autem
2881 5217 2938 5271 in
2983 5218 3136 5270 vitam
3185 5224 3436 5272 retentam

1852 5298 2069 5372 (Matth.
2113 5299 2262 5371 xxv).
2311 5298 2562 5370 Ejusdem
2598 5316 2632 5357 e
2670 5318 2922 5362 sermone
2959 5303 3328 5360 adhortatorio
3365 5305 3436 5359 ad

1851 5399 2095 5448 sanctum
2132 5391 2398 5460 baptisma
2431 5410 2443 5446 :
2481 5412 2501 5446 (
2540 5393 2771 5466 Propter
2810 5397 3029 5452 brevem
3065 5412 3128 5450 ac
3160 5403 3436 5466 tempora-

1851 5482 1986 5538 riam
1999 5483 2203 5553 peccati
2217 5483 2542 5557 voluptatem
2553 5489 2882 5559 sempiterna
2895 5487 3107 5544 crucior
3118 5503 3276 5558 poena
3291 5507 3303 5542 :
3317 5505 3440 5561 pro-

1850 5583 1973 5647 pter
2000 5576 2327 5648 voluptatem
2355 5580 2549 5646 carnis,
2572 5587 2775 5637 aeterno
2800 5581 2905 5651 igni
2942 5579 3178 5636 addicor.
3205 5601 3223 5634 ι
3253 5582 3439 5640 Sancti

1853 5667 2073 5724 Joannis
2093 5670 2331 5743 episcopi
2351 5671 2892 5742 Constantinopoleos
2921 5685 2951 5726 c
2977 5673 3147 5740 prima
3166 5673 3229 5728 ad
3259 5673 3442 5735 Theo-
3523 5739 3532 5748 ,

1857 5761 2050 5818 dorum
2079 5765 2401 5820 monachum
2427 5765 2656 5835 epistola
2699 5782 2712 5818 :
2751 5783 2770 5814 ι
2800 5762 2925 5821 Haec
2953 5764 3006 5818 in
3035 5775 3214 5822 mente
3238 5765 3441 5836 jugilﬂ

1855 5852 2053 5909 habeas
2072 5894 2085 5920 ,
2119 5863 2175 5910 ct
2214 5852 2429 5910 ﬂuvium
2459 5855 2597 5924 ignis
2631 5872 2644 5908 ε
2676 5854 2890 5912 Fluvius
2919 5857 3056 5912 enim
3085 5860 3264 5930 igneus
3292 5857 3442 5930 rapi-

1859 5944 2047 6016 dasque
2075 5947 2427 6017 egrediebatur
2453 5965 2484 6002 a
2515 5949 2650 6018 facie
2675 5949 2787 6021 ejus
2820 5947 2984 6024 (Dan.
3011 5947 3161 6021 xvn).
3210 5949 3328 6010 Non
3353 5953 3441 6007 est
