3988 6346
509 392 612 457 Ili

1858 356 2175 456 -VlGlLlUS
2211 393 2410 451 ΡΑΡΑ.
2476 350 2477 353 ό

3662 384 3776 442 ﬁli

507 520 703 582 λάᾶεως
733 514 891 583 τέλος.
920 519 1041 578 Ἀλλ’
1065 520 1119 578 αἱ
1143 520 1233 593 μέν
1274 510 1456 579 ἄτοποι
1488 522 1579 576 τοῦ
1624 519 1738 593 βίου
1778 515 1951 577 ἡδοναὶ
1989 523 2089 573 τῶν

2198 510 2342 583 quod
2380 510 2660 581 quisquam
2700 508 2752 566 ei
2787 505 2995 564 deditus
3028 505 3174 577 igni,
3214 502 3459 576 supplicii
3493 499 3655 558 tinem
3681 517 3779 593 er-

509 620 663 670 σκιῶν
709 615 792 672 καί
831 614 1096 691 ὀνειράτων
1125 611 1451 691 διαφέρουσιν
1478 610 1619 669 οὐδέν
1643 626 1659 642 ⁸
1688 614 1841 688 πρινη
1867 610 1967 682 γὰρ
2013 628 2091 663 τε·

507 705 738 768 ὴσθῆναι
764 708 831 763 τά
852 714 943 768 τῆς
969 705 1247 781 ἁμαρτίας,
1289 707 1558 763 σϐέννυται
1586 704 1653 760 τὰ
1679 711 1770 764 τῆς
1798 700 1975 761 ἡδονῆς
1999 716 2010 730 ⁸
2037 698 2091 754 αἰ

508 797 563 855 δέ
587 800 718 876 ὑπέρ
739 799 933 855 τούτων
949 798 1174 860 κολάσεις
1186 800 1348 877 πέρας
1370 797 1457 852 οὐκ
1480 795 1716 869 ἔχουσιν.
1743 824 1809 833 -
1823 800 1920 847 Τοῦ
1936 790 2087 848 αὐτοῦ

510 894 565 947 ἐκ
603 898 694 949 τοῦ
724 892 1079 964 ὑπομνήματος
1129 900 1221 953 τῆς
1248 891 1376 968 πρὸς
1404 890 1693 965 Κορινθίους
1732 889 1941 963 πρώτης
1979 887 2090 940 ἐπι-

510 983 714 1046 στολῆς·
746 985 816 1039 Οὐ
842 984 1016 1062 μικρὸν
1044 985 1161 1057 ἡμῖν
1190 983 1247 1040 τὸ
1267 987 1585 1056 προκείμενον
1620 983 1818 1050 ζήτημα
1843 979 2088 1048 ἐντεῦθεν,

509 1064 633 1132 ἀλλά
654 1078 737 1132 καί
760 1079 880 1152 περὶ
901 1084 1002 1133 τῶν
1028 1074 1220 1155 σφόδρα
1249 1060 1527 1146 ἀναγκαίων
1553 1088 1567 1104 ⁸
1596 1070 1817 1132 ἅπαντες
1857 1075 2092 1135 ζητοῦσιν

510 1164 785 1246 ἅνθρωποι,
808 1169 851 1222 εί
873 1168 1010 1230 τέλος
1030 1166 1147 1240 ἔχει
1169 1166 1226 1224 τὸ
1252 1175 1345 1230 τῆς
1368 1168 1562 1243 γεέννης
1592 1172 1721 1241 πῦρ’
1757 1162 1839 1221 ὅτι
1874 1166 1965 1236 μέν
1991 1164 2091 1240 γάρ

510 1263 599 1319 οὐκ
622 1260 758 1334 ἔχει,
781 1260 807 1318 ὃ
833 1263 1047 1339 Χριστὸς
1076 1264 1356 1335 ἀπεφήνατο
1380 1263 1550 1327 εἰπὼν,
1590 1276 1610 1312 ε
1627 1259 1693 1315 Τὸ
1706 1264 1813 1335 πῦρ
1840 1258 2008 1313 αὐτῶν
2035 1257 2094 1313 ού

512 1355 866 1423 σϐεσθήσεται,
891 1356 979 1410 καί
1004 1351 1029 1409 ὅ
1060 1354 1255 1418 σκώληξ
1274 1354 1439 1410 αὐτῶν
1467 1352 1522 1406 ού
1544 1350 1835 1409 τελευτήσει
1854 1368 1868 1383 ο
1890 1367 1909 1401 ι
1945 1350 2031 1404 καί
2064 1347 2092 1403 ὅ

510 1447 705 1508 Παῦλος
733 1445 786 1502 δέ
808 1444 998 1509 δεικνύς
1030 1446 1177 1505 αὐτὸν
1213 1434 1456 1501 ἀθάνατον
1477 1483 1492 1509 ,
1524 1444 1691 1516 φησίν,
1732 1459 1751 1494 ε
1772 1442 1831 1495 OE
1859 1439 2092 1517 ἁμαρτά-

513 1559 674 1598 νοντες
699 1535 836 1596 δίκην
854 1538 1084 1592 τίσουσιν
1105 1535 1319 1613 ὀλέθριον
1337 1536 1549 1591 αἰώνιον.
1564 1539 1763 1595 ι-Τῆς
1777 1533 1938 1588 τοίνυν
1958 1532 2094 1594 θείας

515 1639 710 1709 γραφῆς
759 1632 970 1686 καὶτῶν
999 1628 1155 1702 ἀγίων
1185 1628 1420 1704 πατερων
1466 1633 1640 1701 σαφῶς
1681 1628 1816 1699 ἡμᾶς
1856 1622 2090 1681 ἐκδιδασο

513 1724 700 1780 κόντων
727 1728 796 1797 μὴ
814 1719 942 1780 εἶναι
965 1724 1104 1784 τέλος
1123 1722 1377 1783 κολάσεως
1401 1727 1499 1777 τῶν
1527 1721 1747 1785 ἀσεϐῶν,
1773 1722 1858 1775 καί
1879 1726 1978 1777 τῶν
2004 1717 2095 1775 ὑπ’

512 1818 707 1871 ἂκείνων
739 1816 1145 1894 θεραπευομένων
1182 1812 1468 1886 δαιμόνων,
1500 1814 1650 1868 ποίαν
1676 1811 2096 1868 ἀποκατάστασιν

2194 611 2423 676 spectet.
2455 604 2658 659 Verum
2697 600 2956 672 improbae
2982 596 3162 654 saeculi
3188 596 3347 667 hujus
3374 594 3679 665 voluptates
3705 592 3776 649 ab

2195 696 2397 753 umbris
2424 696 2752 765 somniisque
2778 690 2911 748 nihil
2952 688 3231 758 differunt;
3278 684 3590 760 priusquam
3632 684 3775 741 enim

2195 796 2479 860 peccatum
2502 786 2570 842 ad
2593 786 2753 841 linem
2774 782 3096 857 pervenerit,
3121 778 3476 849 exstinguitur
3494 768 3774 848 voluptas;

2194 880 2579 952 suppliciorum
2626 892 2783 945 vero,
2826 890 2945 947 quae
2989 889 3088 947 pro
3137 866 3348 942 ﬂagitiis
3394 867 3771 939 suscipiuntur,

2194 970 2373 1027 nullus
2413 979 2495 1028 est
2525 969 2664 1025 linis.
2703 988 2723 1022 ›
2771 966 3025 1043 Ejusdem
3052 981 3121 1022 ex
3156 960 3557 1020 commentariis
3586 958 3641 1014 in
3668 956 3775 1030 pri-

2196 1078 2339 1118 mam
2362 1060 2429 1117 ad
2447 1060 2756 1117 Corinthios
2769 1057 3099 1131 Epistolam:
3131 1075 3152 1110 (
3178 1054 3295 1111 Non
3316 1052 3449 1109 levis
3474 1049 3632 1107 nobis
3656 1048 3776 1105 hinc

2196 1151 2473 1225 proposita
2502 1150 2726 1222 quaestio
2740 1155 2845 1219 est,
2862 1147 2957 1203 sed
2982 1146 3050 1203 de
3076 1146 3239 1202 rebus
3253 1142 3411 1199 valde
3436 1139 3771 1197 necessariis.

2197 1245 2455 1313 Qummnt
2480 1259 2665 1301 omnes
2691 1243 2938 1301 homines
2954 1284 2970 1311 ,
3007 1236 3143 1314 ignis
3168 1241 3425 1311 gehennae
3451 1238 3593 1296 sitne
3621 1234 3778 1292 linem

2196 1336 2477 1393 habiturus
2523 1354 2535 1390 :
2576 1350 2686 1392 non
2734 1333 3042 1390 habiturum
3088 1328 3457 1404 pronuntiavit
3499 1327 3775 1394 Dominus,

2197 1442 2322 1483 cum
2351 1425 2558 1482 diceret
2583 1443 2596 1479 :
2623 1423 2771 1498 Ignis
2798 1441 2975 1481 eorum
3002 1440 3106 1480 non
3126 1422 3495 1495 exstinguetur,
3526 1427 3579 1475 et
3601 1422 3779 1475 vermis

2198 1536 2376 1576 eorum
2399 1536 2505 1577 non
2527 1520 2775 1575 morietur
2808 1515 3000 1591 (Marc.
3025 1514 3122 1589 xx).
3157 1514 3353 1571 Paulus
3376 1528 3507 1569 vero
3534 1528 3661 1569 eum
3687 1528 3781 1583 pe-

2198 1625 2424 1666 rennem
2468 1609 2760 1667 ostendens
2800 1609 2874 1664 ait
2903 1627 2917 1663 :
2949 1606 3257 1663 Peccatores
3299 1604 3475 1679 poenas
3506 1605 3700 1660 dabunt
3728 1606 3779 1659 in

2196 1702 2409 1757 interitu
2435 1711 2653 1758 wternas
2686 1701 2772 1774 (11
2799 1699 2977 1777 Thess.
3003 1699 3065 1773 ι).
3095 1718 3114 1752 ›
3146 1698 3324 1765 Quare
3343 1712 3463 1753 cum
3486 1694 3665 1752 divina
3686 1711 3783 1755 nos

2199 1791 2479 1865 Scriptura
2520 1794 2801 1864 sanctique
2838 1791 3028 1849 Patres
3070 1791 3363 1865 edoceant,
3391 1789 3596 1845 nullum
3623 1789 3779 1845 ﬁnem

512 1906 558 1962 οἱ
588 1908 654 1963 τά
682 1905 969 1980 Ὠριγένους
997 1910 1292 1982 φρονοῦντες
1315 1905 1664 1977 φαντάζονται,
1707 1905 1757 1957 έν
1850 1903 2011 1977 πέρας
2040 1901 2090 1956 αί

2203 1904 2321 1945 esse
2358 1889 2644 1961 impiorum
2685 1887 2970 1960 supplicii,
3008 1886 3417 1955 daemonumque
3454 1884 3546 1957 qui
3584 1882 3652 1938 ab
3682 1883 3781 1939 illis

510 2002 745 2075 τιμωρίαι
772 2002 860 2056 οὐκ
882 1998 1121 2073 ἔχουσινς
1152 2009 1204 2054 Ἦ
1231 2000 1330 2073 γὰρ
1352 1997 1472 2071 ἁγία
1492 2002 1585 2052 τοῦ
1610 2002 1831 2072 Χριστοῦ
1859 1996 2092 2056 ἐκκλησία

511 2095 686 2169 ὥσπερ
713 2100 821 2155 τοῖς
859 2090 1069 2152 δικαίοις
1109 2090 1436 2148 ἀτελεύτητον
1481 2090 1738 2163 κηρύσσει
1772 2093 1863 2146 τήν
1893 2090 2091 2143 αίώνιον

512 2189 662 2251 ζωήν,
693 2184 827 2239 οὕτω
859 2186 1076 2245 καὶτοῖς
1116 2183 1353 2239 ἀσεϐέσιν
1396 2181 1722 2240 ἀτελεύτητον
1766 2183 1855 2239 την
1893 2179 2092 2236 κόλασιν

512 2274 853 2354 παραδίδωσι.
894 2278 980 2332 καί
1024 2282 1195 2333 ταῦτα
1222 2278 1311 2347 μὲν
1334 2275 1380 2328 έν
1426 2274 1647 2335 τούτοις.
1675 2281 1838 2345 Ἡμεῖς
1869 2272 1922 2328 δέ
1952 2274 2095 2347 ὀλίγα

512 2370 603 2440 μέν
621 2369 677 2423 ἐκ
700 2367 894 2422 πολλῶν
920 2373 983 2441 τῇ
1008 2387 1063 2423 τε
1093 2368 1204 2444 θείᾳ
1228 2360 1416 2442 γραφῇ,
1446 2372 1554 2426 τοῖς
1577 2384 1632 2420 τε
1659 2364 1817 2438 ἁγίοις
1838 2366 2094 2439 πατράσιν

512 2458 775 2538 εἰρημένων
807 2464 1125 2533 παραγαγεῖν
1168 2456 1479 2529 συνείδομεν,
1509 2456 1637 2531 πρὸς
1678 2456 1737 2513 τὸ
1782 2456 1971 2529 ἐλέγξαι
2004 2460 2094 2516 την

514 2561 615 2613 τῶν
636 2553 987 2633 Ὠριγενιστῶν
1016 2556 1337 2616 δυσσέϐειαν.

582 2856 876 2937 Βουλόμενοι
900 2861 956 2919 δέ
976 2868 1083 2921 πᾶν
1111 2860 1391 2921 σκάνδαλον
1412 2870 1506 2925 τῆς
1524 2860 1809 2938 ἁγιωτάτης
1834 2858 2098 2919 ἐκκλησίας

510 2954 784 3022 ἀπελάσαι,
814 2958 943 3032 πρὸς
968 2958 1026 3015 τὸ
1055 2956 1243 3031 μηδένα
1264 2960 1424 3037 ῥύπον
1453 2959 1503 3014 ἐν
1531 2959 1659 3033 αὐτῇ
1688 2955 2092 3027 καταλειφθῆναι,

511 3050 595 3104 καί
614 3051 998 3115 ἀκολουθοῦντες
1017 3060 1133 3115 ταῖς
1153 3055 1308 3115 θείαις
1327 3060 1573 3130 γραφαῖς,
1596 3058 1704 3111 τοῖς
1729 3071 1781 3105 τε
1806 3047 1967 3122 ἁγίοις
1995 3069 2095 3103 πα-

509 3144 666 3221 τράσι
701 3152 809 3206 τοῖς
854 3145 942 3199 τὸν
972 3147 1123 3201 αὐτὸν
1152 3151 1405 3219 Ὧριγὲνην
1435 3147 1520 3199 καί
1545 3144 1612 3200 τά
1639 3148 1854 3199 τοιαῦτα
1884 3139 2097 3215 μυσαρά

508 3238 589 3294 καί
612 3237 775 3296 ἀσεϐῆ
805 3237 959 3292 αὐτοῦ
987 3234 1222 3310 δόγματα
1246 3238 1516 3292 ἔκϐαλοῦσί
1540 3256 1617 3299 τε,
1639 3236 1723 3289 καί
1747 3232 1955 3293 δικαίως
1978 3234 2094 3286 ἀνα-

513 3330 687 3401 θέματι
716 3327 1055 3391 ύποϐαλοῦσι,
1087 3332 1175 3386 τήν
1202 3333 1468 3404 παροῦσαν
1496 3328 1633 3398 ἡμῶν
1665 3324 1934 3383 ἐπιστολήν
1963 3345 1994 3378 τι
2002 3324 2091 3399 ρός

508 3426 597 3483 τὴν
616 3425 712 3481 σήν
733 3420 1015 3491 ποιούμεθα
1041 3418 1411 3492 μακαριότητα,
1428 3416 1507 3471 δι’
1537 3416 1597 3478 ἧς
1624 3417 1976 3493 προτρέπομεν
2002 3416 2091 3469 αύ-

508 3520 600 3575 τήν
629 3519 937 3588 συναγαγεῖν
967 3511 1203 3571 ἅπαντας
1230 3513 1351 3572 τούς
1377 3507 1707 3582 ἐνδημοῦντας
1735 3512 1863 3565 κατά
1899 3511 2088 3569 ταύτην

508 3612 598 3668 τὴν
620 3606 866 3679 βασιλίδα
887 3604 1029 3663 πόλιν
1049 3604 1368 3667 ὁσιωτάτους
1386 3604 1718 3670 ἐπισκόπους,
1740 3608 1819 3661 καὶ
1838 3607 1957 3667 τοὺς
1983 3606 2091 3659 θεο-

510 3702 844 3774 φιλεστάτους
868 3708 967 3755 τῶν
1011 3701 1221 3754 ἐνθαῦθα
1256 3701 1449 3773 εὐαγῶν
1486 3703 1834 3772 μοναστηρίων
1872 3700 2091 3771 ἡγουμέ-

510 3810 658 3857 νους⁶
696 3797 780 3849 καί
819 3795 1220 3872 παρασκευάσαι
1242 3795 1437 3856 πάντας
1466 3794 1726 3869 ἐγγράφως
1764 3793 1850 3849 τὸν
1888 3795 2088 3869 εἷρημέ·

510 3905 589 3941 νον
631 3884 863 3943 δυσσεϐῆ
890 3904 944 3941 τε
963 3928 975 3951 ,
1012 3886 1095 3939 καί
1140 3887 1392 3957 θεομάχον
1421 3887 1699 3960 ⁸Ωριγένην,
1724 3886 1808 3942 τὸν
1837 3888 1919 3938 καὶ
1941 3884 2088 3941 Ἀδα-

510 3978 737 4049 μάντιον,
766 3977 1119 4051 πρεσϐύτερον
1150 3979 1412 4051 γενόμενον
1447 3986 1540 4038 τῆς
1567 3978 1698 4032 κατά
1725 3974 2090 4054 Ἀλεξάνδρειαν

510 4068 797 4142 ἁγιωτάτης
821 4068 1117 4133 ἐκκλησίας,
1140 4072 1223 4125 καί
1256 4071 1327 4126 τά
1366 4071 1521 4126 αὐτοῦ
1569 4070 1780 4143 μυσαρά
1809 4072 1890 4125 καὶ
1926 4071 2089 4129 ἀσεϐῆ

511 4156 769 4234 δόγματα,
785 4165 872 4218 καί
890 4164 953 4219 τὰ
972 4165 1360 4236 ὑποτεταγμένα
1378 4163 1544 4218 πάντα
1567 4161 1804 4234 κεφάλαια
1818 4166 1950 4217 πᾶσι
1970 4162 2090 4237 τρό-

513 4272 628 4314 ποις
660 4252 1048 4326 ἀναθεματίσαι’
1083 4254 1336 4328 ἐκπέμψαι
1369 4252 1422 4310 δέ
1465 4255 1548 4309 καὶ
1579 4255 1644 4309 τά
1678 4249 1770 4310 ἴσα
1811 4262 1909 4308 τῶν
1946 4256 2091 4328 παρὰ

512 4350 605 4407 τῆς
628 4352 725 4408 σῆς
753 4348 1123 4423 μακαριότητος
1147 4349 1341 4410 ταύτης
1367 4348 1513 4403 ἕνεκα
1543 4353 1637 4408 τῆς
1662 4349 1828 4407 αἰτίας
1868 4366 2089 4420 πραττο-

512 4442 690 4527 μένων,
720 4449 801 4500 καῖ
834 4447 961 4522 πρὸς
1002 4448 1124 4508 τοὺς
1162 4444 1343 4510 ἄλλους
1376 4446 1609 4509 ἅπαντας
1636 4446 1951 4522 ἀγιωτάτους
1980 4444 2090 4503 έπι-

511 4536 763 4604 σκόπους,
800 4539 882 4592 καί
919 4544 1016 4592 τῶν
1055 4540 1247 4612 εύαγῶν
1274 4544 1621 4617 μοναστηρίων
1646 4542 1984 4621 ᾗγουμένους*
2018 4539 2090 4611 ἐφ’

2199 1981 2451 2038 coluntur
2485 1999 2497 2035 :
2528 1996 2688 2052 quam
2715 1980 3112 2038 restitutionem
3140 1974 3520 2047 imaginantur,
3540 1974 3634 2047 qui
3662 1990 3782 2031 cum

2198 2070 2431 2143 Origene
2460 2073 2718 2141 sentiunt,
2744 2070 2837 2126 ubi
2864 2069 3249 2142 suppliciorum
3269 2066 3447 2122 nullus
3471 2074 3555 2123 est
3575 2066 3784 2122 exitus?

2196 2163 2394 2219 Sancta
2422 2162 2566 2219 enim
2610 2161 2810 2217 Christi
2848 2159 3089 2217 Ecclesia
3109 2201 3124 2228 ,
3154 2156 3605 2229 quemadmodum
3627 2155 3784 2226 justis

2198 2256 2592 2313 indesinentem
2640 2254 2894 2327 praedicat
2944 2255 3110 2309 vitam
3156 2261 3412 2307 aeternam
3438 2292 3456 2319 ,
3484 2250 3559 2305 ita
3591 2249 3782 2321 impios

2196 2355 2459 2420 perpetuo
2477 2346 2497 2368 ‘
2523 2345 2781 2418 supplicia
2806 2359 3024 2401 manere
3048 2342 3227 2399 tradit.
3243 2341 3417 2413 Atque
3442 2341 3558 2397 bzec
3569 2340 3781 2411 quidem

2198 2440 2256 2496 in
2282 2438 2385 2494 his.
2431 2437 2541 2493 Nos
2568 2453 2731 2508 porro
2760 2435 2945 2509 paucis
2974 2450 3006 2491 e
3043 2434 3240 2489 multas
3267 2432 3457 2488 divina:
3495 2430 3782 2503 Scriptura)

2198 2540 2615 2601 sanctorumque
2642 2528 2862 2586 Patrum
2891 2528 3297 2585 auctoritatibus
3324 2525 3628 2582 afferendas
3668 2540 3781 2584 esse
3834 2600 3835 2603 η

2198 2625 2571 2698 perspeximus
2589 2666 2605 2695 ,
2634 2624 2703 2680 ad
2730 2622 3111 2681 confutandam
3141 2622 3564 2693 Origenistarum
3593 2622 3779 2693 impie-

2200 2724 2388 2773 tatem.

2268 2810 2404 2867 Cum
2448 2816 2631 2865 autem
2681 2807 2907 2866 velimus
2936 2820 3095 2863 omne
3126 2805 3432 2877 scandalum
3460 2822 3493 2861 a
3540 2806 3770 2864 sanctis-

2198 2900 2335 2956 sima
2382 2898 2620 2965 Ecclesia
2648 2897 2987 2969 propulsare,
3018 2905 3079 2952 ut
3106 2896 3253 2953 nulla
3280 2896 3336 2952 in
3364 2911 3429 2952 ea
3453 2896 3671 2952 macula
3694 2910 3779 2952 re-

2199 2993 2502 3064 linquatur;
2530 2990 2894 3061 obsequentes
2930 2988 3124 3045 divinis
3152 2986 3445 3059 Scripturis
3470 2986 3777 3058 sanctisque

2133 3108 2141 3121 ν
2200 3084 2448 3141 Patribus
2476 3083 2569 3154 qui
2597 3083 2777 3155 ipsum
2801 3075 3089 3153 Origenem
3118 3096 3182 3137 ac
3201 3080 3513 3151 hujusmodi
3541 3079 3779 3137 scelera-

2198 3184 2306 3232 tam
2327 3177 2654 3247 impiamque
2690 3175 2806 3246 ejus
2836 3174 3139 3231 doctrinam
3170 3172 3544 3245 proﬂigarunt,
3576 3187 3643 3228 ac
3664 3170 3780 3242 jura

2120 3291 2168 3356 ε
2201 3270 2530 3326 anathemati
2557 3270 2923 3339 subjecerunt,
2940 3268 3079 3323 hanc
3098 3266 3380 3339 epistolam
3404 3266 3477 3322 ad
3496 3274 3646 3321 tuam
3664 3264 3778 3322 bea-

2199 3361 2485 3417 titudinem
2533 3358 2797 3425 dedimus,
2824 3372 2931 3428 qua
2977 3373 3098 3414 eam
3145 3358 3427 3414 hortamur
3450 3365 3515 3412 ut
3541 3357 3779 3413 omnium

2196 3452 2288 3523 qui
2335 3452 2388 3506 in
2426 3451 2528 3506 hac
2569 3449 2717 3518 regia
2742 3449 2877 3504 urbe
2902 3463 3046 3504 nunc
3072 3447 3293 3518 degunt,
3318 3445 3779 3504 sanctissimorum

2195 3543 2572 3617 episcoporum
2597 3548 2923 3598 conventum
2949 3540 3176 3607 habeat,
3215 3554 3280 3596 ac
3307 3538 3418 3595 Deo
3453 3538 3781 3595 amabilissi-

2194 3643 2407 3690 morum
2434 3633 2811 3705 prmfectorum
2835 3632 3059 3702 sanctis,
3080 3647 3199 3702 quae
3222 3632 3311 3688 hic
3338 3639 3482 3698 sunt,
3511 3637 3781 3688 monaste—

2196 3728 2313 3793 riis,
2345 3726 2614 3796 faciatque
2634 3734 2695 3781 ut
2713 3740 2900 3781 omnes
2921 3724 2976 3780 in
3003 3725 3218 3797 scriptis
3245 3722 3529 3796 praefatum
3558 3723 3781 3795 impium

2196 3836 2260 3878 ac
2285 3820 2397 3876 Deo
2426 3827 2814 3891 repugnantem
2857 3816 3141 3887 Origenem
3160 3858 3178 3887 ,
3201 3818 3293 3887 qui
3320 3824 3377 3873 et
3402 3815 3776 3880 Adamantius,

2195 3911 2287 3980 qui
2340 3911 2621 3983 presbyter
2675 3908 2774 3965 fuit
2833 3908 3180 3970 sanetissimaa
3240 3906 3497 3963 Ecclesiae
3549 3907 3781 3963 Alexan-

2197 4000 2350 4071 driae,
2381 4017 2445 4058 ac
2475 4001 2592 4071 ejus
2618 3998 2825 4056 nefaria
2846 3999 3116 4071 impiaque
3144 3998 3412 4067 dogmata,
3436 3997 3779 4067 capitulaque

2197 4093 2377 4149 omnia
2399 4107 2518 4162 qua:
2539 4090 2761 4148 inferius
2793 4101 3088 4163 ponuntur,
3112 4090 3433 4147 omnimodis
3463 4090 3780 4146 anathema-

2197 4185 2367 4240 tizent
2397 4202 2409 4238 :
2441 4184 2795 4255 exemplaque
2832 4184 3069 4240 dimittas
3117 4199 3304 4241 eorum
3332 4198 3454 4253 qua:
3479 4198 3512 4238 a
3540 4183 3777 4240 beatitu-

2200 4274 2327 4331 dine
2356 4282 2448 4329 tua
2476 4274 2545 4331 ob
2574 4274 2715 4329 hanc
2737 4289 2952 4331 causam
2981 4283 3133 4344 gesta
3160 4274 3378 4339 fuerint,
3404 4274 3473 4330 ad
3494 4274 3636 4330 alios
3662 4288 3778 4329 om-

2196 4381 2296 4422 nes
2340 4365 2707 4422 sanctissimos
2761 4366 3044 4438 episcopos
3087 4366 3477 4438 praefectosque
3497 4364 3779 4423 venerabi-

2199 4458 2330 4513 lium
2358 4459 2851 4514 monasteriorum:
2885 4466 2945 4513 ut
2972 4466 3028 4513 et
3078 4458 3178 4529 ipsi
3228 4459 3630 4533 subscriptione
3656 4474 3779 4531 pro-

2197 4547 2315 4621 pria
2383 4549 2835 4605 anathematizent
2897 4546 3180 4618 Origeuem
3246 4548 3589 4619 scelestaque
3670 4549 3780 4618 ejus

513 4623 609 4703 ᾧτε
640 4631 721 4683 καί
740 4628 927 4689 αύτούς
951 4626 1014 4683 δι’
1035 4630 1219 4690 οἰκείας
1243 4629 1537 4703 ὑπογραφῆς
1566 4631 1929 4702 ἀναθεματίσαι
1955 4629 2090 4705 Ὦρι·

2200 4639 2469 4709 dogmata,
2496 4655 2619 4695 cum
2640 4639 2887 4696 omnibus
2905 4640 2997 4709 qui
3022 4639 3458 4708 declarabuntur,
3490 4640 3777 4696 haereticis.

512 4721 675 4790 γένην,
700 4721 782 4775 καί
802 4719 866 4775 τά
906 4722 1120 4796 μυσαρά
1146 4721 1305 4776 αὐτοῦ
1332 4719 1579 4794 δόγματα,
1615 4722 1743 4791 μετά
1772 4721 1972 4776 πάντων
1990 4729 2090 4778 τῶν

512 4810 933 4883 δηλωθησομὲνων
958 4812 1238 4889 αἷρετικῶν·
1265 4819 1358 4869 τοῦ
1392 4814 1571 4868 λοιποῦ
1608 4812 1658 4869 δέ
1687 4820 1757 4885 μή
1787 4811 1945 4875 ἄλλως
1983 4816 2092 4872 έπε-

511 4902 736 4964 σκόπους
772 4902 1197 4977 χειροτονεῖσθαι,
1238 4903 1269 4964 ἢ
1308 4906 1660 4981 μοναστηρίων
1699 4908 2024 4981 ἡγουμένους,
2049 4912 2093 4964 εἰ

512 4997 709 5063 μήποτε
733 4994 975 5073 πρότερον
999 4995 1130 5067 μετά
1156 5002 1255 5051 τῶν
1275 4992 1431 5051 ἄλλων
1452 4996 1686 5053 ἀπάντων
1710 4999 1970 5073 αίρετικῶν
1992 5008 2091 5056 τῶν

513 5087 565 5150 έξ
596 5083 743 5146 ἴθους
782 5086 832 5141 ἐν
868 5093 980 5146 τοῖς
1006 5089 1289 5159 γενομένοις
1311 5088 1549 5151 λιϐέλλοις
1574 5092 2087 5163 άναθεματιζομένων,

510 5177 749 5232 τουτέστι
792 5174 1087 5257 Σαϐελλίου,
1114 5176 1326 5255 Ἀρείου,
1354 5176 1745 5257 ’Δπολλιναρίου,
1789 5188 2089 5258 Νεστορίου,

509 5266 799 5339 Εὖτυχοῦς,
823 5266 1117 5345 Διοσκόρου,
1140 5271 1380 5341 Τιμοθέου
1398 5278 1489 5329 τοῦ
1510 5272 1774 5349 Δίλούρου,
1799 5276 1880 5329 καὶ
1899 5276 2092 5350 Πέτρου

511 5365 601 5414 τοῦ
630 5364 850 5432 δῖογγοῦ,
880 5362 965 5416 καί
985 5360 1212 5436 ’Δνθίμου
1240 5369 1621 5440 Τραπεζοῦντος
1640 5406 1655 5433 ,
1687 5365 1959 5423 Θεοδοσίου
1996 5374 2088 5425 τοῦ

510 5448 891 5526 ’Δλεξανδρέως,
915 5453 1104 5529 Πέτρου
1129 5458 1220 5507 τοῦ
1248 5458 1423 5529 πρώην
1436 5454 1770 5529 ’Δντιοχείας,
1802 5460 1885 5513 καὶ
1904 5459 2089 5531 Πέτρου

507 5547 601 5597 τοῦ
628 5540 933 5616 ’Λπαμείας,
978 5548 1064 5600 καὶ
1090 5546 1305 5623 Σεϐήρου
1346 5554 1437 5604 τοῦ
1464 5570 1590 5606 ποτε
1627 5546 1967 5620 Ἀντιοχείας,
1999 5552 2085 5604 καί

506 5632 876 5719 τὸνὶείρημένον
917 5638 1165 5710 Ὧριγένην
1203 5643 1291 5697 τὸν
1335 5646 1422 5702 τήν
1450 5640 1723 5700 Ἑλληνικὴν
1762 5644 1842 5698 καί
1890 5639 2082 5718 ’Δρεια-

506 5726 642 5785 ναὸν
682 5728 862 5799 μανίαν
890 5734 1189 5801 νοσήσαντα,
1216 5736 1347 5805 μετά
1386 5742 1486 5791 τῶν
1513 5736 1668 5791 αὐτοῦ
1707 5741 1955 5808 μυσαρῶν
2003 5738 2083 5791 καί

2195 4732 2255 4787 In
2299 4739 2574 4804 posterum
2606 4739 2807 4799 autem,
2863 4746 2933 4785 ne
2960 4730 3117 4787 aliter
3144 4728 3465 4786 ordinentur
3515 4730 3780 4802 episcopi,

2196 4830 2289 4879 aut
2313 4821 2761 4877 monasteriorum
2791 4822 3047 4893 praefecti,
3072 4821 3174 4877 nisi
3195 4821 3341 4892 prius
3368 4836 3492 4877 cum
3515 4821 3638 4878 aliis
3663 4836 3781 4878 om-

2194 4916 2352 4971 nibus
2380 4915 2668 4985 lizereticis,
2697 4915 2789 4985 qui
2817 4914 2885 4971 de
2914 4931 3065 4972 more
3114 4917 3168 4971 in
3210 4914 3367 4971 editis
3410 4916 3612 4973 libellis
3658 4930 3783 4972 ana-

2195 5006 2628 5073 thematizantur,
2660 5005 2713 5061 id
2754 5015 2857 5075 est,
2908 5005 3162 5073 Sabellio,
3210 5007 3359 5072 Ario,
3405 5008 3780 5079 Apollinario,

2194 5098 2461 5163 Nestorio,
2492 5095 2751 5170 Eutyche,
2783 5097 3074 5163 Dioscoro,
3126 5098 3413 5155 Timotheo
3468 5097 3701 5166 ιιυτο,
3733 5107 3784 5153 et

2192 5189 2355 5246 Petro
2405 5190 2614 5259 Moggo,
2664 5198 2718 5246 et
2761 5188 3015 5245 Anthimo
3063 5188 3436 5260 Trapezuntis,
3468 5190 3785 5247 Theodosio

2194 5280 2550 5345 Alexandriae,
2584 5279 2745 5335 Petro
2776 5279 2868 5349 qni
2912 5277 3016 5333 fuit
3054 5278 3369 5347 Antiochim,
3400 5288 3457 5336 et
3486 5279 3658 5337 Petro
3692 5279 3783 5351 qui

2194 5372 2483 5442 Apameae,
2544 5378 2599 5427 et
2646 5368 2848 5426 Severo
2895 5368 3026 5425 olim
3072 5368 3402 5438 Antiochiae,
3455 5372 3782 5441 prmdictum

2193 5461 2355 5516 etiam
2381 5460 2685 5531 Origenem,
2718 5460 2809 5530 qui
2846 5473 3179 5530 paganorum
3226 5460 3669 5533 Arianorumque
3698 5463 3781 5517 in-

2191 5554 2340 5610 sania
2368 5555 2658 5624 laboravit,
2698 5568 2804 5610 una
2848 5567 2968 5607 cum
3017 5550 3438 5611 exsecrabilibus
3487 5556 3780 5627 impiisque

2190 5644 2308 5713 ejus
2327 5645 2666 5714 dogmatibus
2687 5643 3161 5701 anathematizent.
3185 5641 3447 5699 Omnibus
3468 5647 3619 5701 enim
3639 5660 3778 5718 ρηο-

2188 5733 2472 5790 dicendum
2521 5744 2622 5805 est,
2651 5750 2721 5793 ne
2766 5734 2988 5793 omnino
3032 5735 3316 5807 quisquam
3363 5735 3565 5794 audeat
3611 5734 3775 5796 talem

576 5900 601 5962 ἒ
639 5901 715 5965 Ut
738 5905 946 5983 legatur
968 5920 1217 5985 perpetua
1245 5913 1501 6003 syntaxis
1516 5921 1571 5971 et
1597 5913 1815 5974 Graecus
1835 5920 2015 5973 textus
2037 5911 2334 5986 postulant.
2362 5907 2519 5971 Em.
