3988 6346
219 334 307 390 215

1220 329 1590 389 JUSTINIANI
1625 320 1755 389 LIB.
1783 323 1958 391 ~AIW.
1998 324 2369 393 ORIGENEM.

3322 335 3431 404 21ίᾶ

219 446 385 507 ἀσεϐῶν
403 438 657 518 δογμάτων
683 436 1091 517 ἀναθεματίσωσι
1111 458 1126 474 ⁸
1155 441 1235 500 δεῖ
1254 443 1548 537 γάρηάπασε
1584 466 1748 523 προα-

1862 446 2188 517 haereticum,
2214 455 2306 505 aut
2332 449 2449 519 ejus
2469 438 2835 521 expositiones
2872 453 3178 524 defendere,
3208 455 3307 512 sed
3334 470 3435 515 eas
3462 472 3465 477 '

219 548 428 619 γοριῦσαι
448 545 536 596 τοῦ
559 537 748 611 μηδένα
766 540 955 613 τολμᾷν
982 539 1234 601 παντελῶς
1259 540 1621 597 ἀντιποιεῖσθαι
1652 547 1746 598 τοῦ

219 634 416 691 τοιούτου
436 632 711 707 αἱρετικσῦ,
741 630 771 691 ἧ
799 637 897 687 τῶν
921 631 1078 686 αὐτοῦ
1106 632 1368 695 ἐκθέσεων,
1408 632 1528 687 ἀλλά
1551 627 1746 693 ταῦτας

219 727 394 783 ἕκαστον
415 723 464 779 ἐκ
497 724 669 785 πάσης
690 722 897 796 ψυχῆς,
927 725 1007 780 καὶ
1037 724 1209 785 πάσης
1249 722 1467 801 διανοίας
1494 730 1656 792 μισεῖν
1687 744 1744 780 τε

218 819 283 872 καί
299 816 702 892 ἀποστρέφεσθαι,
734 816 818 871 και
844 817 1236 887 ἀναθεματίζειν,
1271 811 1353 872 οἷα
1378 823 1473 878 τῆς
1498 826 1746 892 Χριστια-

219 917 329 970 imi;
347 906 669 986 παραδόσεως
696 909 960 986 ἀλλοτρίας
996 911 1343 977 καθεστώσας,
1382 910 1466 967 καὶ
1500 917 1611 971 ταῖς
1645 914 1748 967 τῶν
1796 976 1797 979 η

217 998 532 1075 ἁπλουστέρων
559 998 765 1073 ψυχαῖς
795 999 1012 1074 μεγάλην
1029 998 1366 1075 έργαζομένας
1387 999 1567 1072 λύμην.

166 1101 173 1167 ε
272 1070 505 1148 Ταῦτα-δέ
538 1070 677 1148 αῦτά
696 1070 1076 1168 γεγραιρήκαμεν
1095 1070 1161 1149 οὗ
1185 1070 1335 1165 μόνον
1371 1070 1501 1170 πρδς
1527 1096 1618 1152 τήν
1651 1094 1748 1152 σήν
1792 1070 1793 1073 Ἴ

1792 1256 1793 1259 η
1850 1181 2064 1240 titatem
2092 1192 2260 1253 tuam,
2289 1187 2385 1244 sed
2404 1189 2569 1246 etiam
2596 1190 2665 1248 ad
2683 1188 3079 1249 sanctissimum
3104 1196 3161 1247 et
3176 1187 3429 1248 beatissi-

214 1184 476 1256 ἁγιωσύνην,
512 1184 643 1241 ἀλλὰ
669 1189 753 1241 καί
778 1186 911 1262 πρὸς
944 1187 1031 1242 τὸν
1069 1184 1366 1259 ἁγιώτατον,
1390 1184 1472 1239 καί
1494 1184 1749 1259 μακαριώ-

212 1295 336 1331 τατον
363 1275 536 1332 nm
559 1283 653 1338 τῆς
674 1275 1035 1355 πρεσϐυτέρας
1062 1278 1281 1347 Ῥώμης,
1307 1277 1390 1332 καὶ
1414 1274 1749 1350 πατριάρχην

212 1367 401 1437 Βιγίλιον,
428 1371 506 1423 καὶ
533 1370 652 1431 τοὺς
693 1369 898 1430 λοιποὺς
929 1368 1156 1438 ἅπαντας
1184 1368 1506 1444 ἆγιωτάτους
1541 1368 1747 1425 ἑπισκό-
1784 1434 1789 1441 λ

209 1479 314 1520 πους
330 1461 407 1515 καὶ
421 1463 788 1537 πατριάρχας,
817 1464 1078 1519 τουτέστιν
1104 1460 1492 1539 Ἀλεξανδρείας,
1525 1462 1750 1519 Θεουπὸ-

206 1547 324 1616 λεως,
346 1551 421 1605 καὶ
456 1547 838 1629 Ἰεροσολῦμων,
891 1554 1025 1609 ὥστε
1064 1555 1145 1609 καὶ
1183 1554 1375 1614 αὐτοῦς
1402 1551 1639 1629 πρόνοιαν
1668 1554 1748 1607 θέ-

208 1642 301 1694 σθαι
322 1648 386 1711 τῷ
422 1639 584 1717 ἔργῳ,
616 1646 703 1698 καὶ
741 1644 929 1721 πέρατι
967 1649 1133 1701 ταῦτα
1163 1642 1531 1719 παραδοθῆναι.
1572 1643 1751 1699 Βουλό-

204 1751 317 1801 μενοι
339 1729 388 1789 δέ
411 1735 615 1798 πάντας
639 1738 759 1798 τοὺς
777 1739 1113 1814 Χριστιανοὺς
1138 1744 1344 1811 γνῶναι,
1372 1739 1441 1799 ὥς
1468 1740 1536 1794 τά
1564 1737 1752 1811 Ὠριγέ-

1853 539 2221 611 unusquisque
2248 555 2313 597 ex
2332 547 2450 599 toto
2477 540 2656 597 animo
2684 548 2741 597 et
2763 549 2875 600 tota
2894 546 3221 615 cogitatione
3248 545 3431 606 oderit

1852 641 1909 690 et
1937 642 2234 703 aversetur,
2263 642 2320 692 et
2349 636 2784 705 anathematizet,
2814 644 2876 695 ut
2919 654 2952 695 a
2976 637 3283 699 Christiana
3319 653 3430 703 Ira-

1851 726 2058 795 ditione
2085 728 2310 799 alienas,
2356 737 2412 785 et
2451 729 2839 813 simpliciomm
2881 731 3165 793 animabus
3207 747 3432 806 gravem
3518 725 3535 747 ”

1851 814 2138 876 afferentes
2162 818 2307 876 luem
2336 833 2400 877 ac
2425 827 2654 892 pestem.
2735 885 2741 891 δ

1864 1085 1873 1089 ’
1920 1089 2048 1151 Haec
2066 1105 2232 1165 porro
2258 1095 2450 1153 eadem
2475 1082 2788 1172 scripsimus
2808 1090 2939 1157 'non
2964 1098 3141 1158 solum
3180 1099 3248 1155 ad
3274 1112 3434 1158 sanc-

1850 1288 2000 1329 mum
2018 1289 2215 1346 papam
2239 1278 2464 1335 senioris
2492 1270 2679 1337 ROmaa
2699 1288 2756 1337 et
2776 1279 3139 1352 patriarcham
3156 1277 3430 1351 Vigilium,
3470 1350 3471 1353 η

1851 1371 1910 1421 et
1933 1365 2001 1421 ad
2025 1374 2254 1426 caeteros
2281 1386 2471 1428 omnes
2507 1374 2876 1431 sanctissimos
2917 1374 3202 1445 episcopos
3229 1378 3287 1428 et
3332 1386 3431 1443 pa-

1851 1458 2137 1531 triarchas,
2168 1461 2223 1518 id
2252 1471 2358 1534 est,
2386 1451 2743 1534 Alexandriae,
2769 1466 3129 1537 Theopoleos,
3157 1473 3214 1520 et
3242 1462 3432 1519 Hiero-

1850 1549 2206 1622 solymorum,
2235 1562 2297 1609 ut
2319 1562 2373 1611 et
2400 1556 2457 1610 hi
2483 1556 2612 1612 huic
2638 1557 2718 1612 rei
2743 1554 3094 1627 prospiciam,
3117 1562 3174 1611 et
3214 1555 3331 1610 haec
3362 1553 3430 1607 ﬁ-

1851 1655 1977 1697 nem
2000 1632 2384 1714 adipiscantur.
2414 1646 2549 1703 Cum
2578 1663 2713 1705 vero
2739 1648 3041 1719 cupiamus,
3070 1660 3259 1703 omnes
3278 1645 3432 1702 Chri-

1851 1733 2059 1791 stianos
2079 1750 2411 1807 cognoscere
2456 1740 2655 1812 scripta
2706 1740 2949 1812 Origenis
2992 1755 3211 1813 prorsus
3244 1755 3275 1795 a
3300 1754 3429 1799 vera

202 1843 296 1887 νονς
312 1830 732 1903 συγγεγραμμένα
757 1831 1011 1893 παντελῶς
1031 1831 1273 1907 ἀλλότρια
1296 1839 1388 1893 τῆς
1412 1832 1623 1892 ἀληθοῦς
1649 1839 1749 1888 τῶν

1862 1822 2282 1883 Christianorum
2311 1828 2416 1886 ﬁde
2444 1829 2619 1887 aliena
2641 1847 2779 1900 esse,
2812 1847 2881 1888 ex
2905 1831 3086 1887 multis
3119 1830 3427 1886 immensis-

199 1920 471 1991 Χριστιανῶν
509 1923 771 1993 τυγχάνει
808 1924 1056 1991 πίστεως,
1086 1921 1378 1994 συνείδομεν
1414 1920 1469 1977 έκ
1508 1930 1606 1978 τῶν
1627 1923 1747 1979 πολ-

198 2003 276 2061 λῶν
290 2009 429 2064 αὐτοῦ
452 2013 550 2066 καὶ
573 2013 798 2090 ἀμέτρων
821 2014 1153 2086 βλασφημιῶν
1191 2014 1358 2087 ὀλίγας
1395 2013 1475 2069 ἐπ’
1501 2015 1656 2076 αὐτῆς
1676 2015 1749 2070 λέ-

197 2096 299 2160 ξεως
313 2101 629 2177 παραθεῖναι.
650 2097 873 2173 Ἐχουσι
896 2098 952 2158 δέ
972 2102 1160 2165 οὕτως.

196 2206 297 2269 Ὀτι
317 2214 467 2294 ᾄττων
488 2216 655 2294 ὁυίρς
675 2222 767 2294 τοῦ
793 2218 1011 2294 πατρὸς,
1035 2219 1121 2275 καί
1150 2217 1217 2294 Ατᾷ
1245 2223 1571 2294 πνεῦμαμτοῦ
1609 2218 1745 2287 υἱοῦ,

317 2285 365 2339 έκ
388 2293 471 2342 τοῦ
508 2289 725 2365 πρώτου
754 2285 1014 2360 λόγον’τοῦ
1042 2292 1162 2365 περὶ
1184 2285 1603 2365 ἀρχῶνβιϐλίου.

252 2393 353 2453 Ὀτι
376 2396 402 2454 ὁ
422 2401 514 2471 μέν
544 2401 668 2462 Θεὸς
706 2404 795 2458 καί
819 2406 994 2477 πατὴρ
1016 2403 1252 2474 συνέχων
1288 2404 1357 2459 τά
1389 2404 1557 2459 πάντα
1582 2404 1751 2475 φθάνει

193 2486 251 2548 εἷς
268 2487 468 2548 ἕκαστον
489 2498 595 2548 τῶν
621 2489 797 2560 ὄντοιν,
822 2491 1123 2565 μεταδιδοὺς
1148 2494 1346 2566 ἑκάστῳ
1374 2495 1478 2551 ἀπὸ
1506 2501 1596 2551 τοῦ
1617 2493 1746 2550 ἰδίου

192 2579 238 2634 τὸ
253 2574 385 2637 εἶναι.
404 2580 472 2654 ’ῼ
490 2586 595 2658 γάρ
626 2586 763 2642 ἐστιν
792 2584 1033 2643 ἔλαττον
1074 2589 1142 2648 ὡς
1167 2585 1221 2642 δέ
1246 2589 1390 2664 παρά
1424 2586 1520 2659 [ἴσ.
1555 2585 1620 2641 ὢν
1648 2590 1747 2663 γάρ

190 2673 329 2731 ἔστιν·
355 2677 577 2735 ἐλάττων
617 2677 672 2735 δέ
698 2677 863 2756 παρά]
908 2681 994 2736 τὸν
1036 2682 1239 2755 πατέρα
1266 2680 1292 2735 ὁ
1314 2680 1424 2741 υίὸς
1445 2681 1632 2752 φθάνων
1667 2681 1751 2735 ἐπί

188 2765 293 2836 μόνα
321 2770 387 2826 τά
412 2769 605 2843 λογικά,
647 2768 883 2847 δεύτερος
915 2772 1016 2847 γάρ
1046 2770 1158 2830 ἔστι
1198 2779 1291 2830 τοῦ
1332 2772 1530 2843 πατρὸς
1548 2788 1561 2802 ⁸
1594 2771 1671 2827 ἔτι
1695 2770 1749 2827 δέ

186 2853 309 2917 Error
339 2861 400 2916 τὸ
432 2868 635 2933 πνεῦμα
662 2864 720 2918 τὸ
758 2862 901 2937 ἅγιον
931 2865 1017 2919 έπὶ
1053 2865 1239 2936 μόνους
1279 2865 1400 2925 τοὺς
1423 2863 1601 2934 ἁγίους
1630 2866 1753 2923 διῖκ-

182 2949 415 3020 νούμενον.
441 2948 603 3007 Ὠστε
645 2953 776 3008 κατά
811 2961 965 3008 τοῦτο
996 2955 1178 3023 μείζων
1204 2956 1235 3011 ἦ
1273 2953 1487 3026 δύναμις
1527 2961 1620 3009 τοῦ
1658 2974 1754 3009 πα·

182 3041 281 3112 τρὸς
304 3044 456 3115 παρὰ
479 3044 571 3096 τὸν
595 3043 725 3105 υίὸν,
754 3046 841 3097 καί
877 3044 937 3096 τὸ
964 3050 1168 3112 πνεῦμα
1200 3045 1258 3097 τὸ
1286 3041 1448 3115 ἅγιονο
1478 3044 1660 3098 πλείων
1700 3042 1755 3099 δέ

1863 1931 1972 1987 que
1993 1918 2108 1989 ejus
2130 1920 2480 1993 hlasphemiis
2518 1940 2716 1996 paucas
2746 1925 2817 1981 ad
2839 1926 3062 1983 verbum
3089 1921 3433 2007 apponendas

1852 2022 1975 2067 esse
1993 2012 2316 2072 censuimus.
2346 2012 2439 2071 Sic
2464 2022 2646 2073 autem
2673 2015 2891 2073 habent.

1951 2207 2106 2276 Quod
2129 2210 2300 2266 minor
2323 2212 2390 2284 sit
2418 2211 2591 2284 Filius
2612 2210 2864 2284 Patre,et
2890 2210 3118 2284 Spiritus
3144 2209 3315 2280 Filio,

2244 2298 2275 2336 e
2301 2283 2469 2353 primo
2512 2281 2644 2338 libro
2684 2281 3028 2337 Periure/ian.

1921 2393 2077 2462 Quod
2101 2394 2243 2452 Deus
2269 2386 2486 2467 quidem
2534 2402 2590 2451 et
2617 2394 2778 2451 Pater
2805 2394 2988 2453 omnia
3031 2394 3334 2459 continens,
3364 2393 3433 2451 ad

1850 2488 2269 2559 unumquodque
2317 2489 2521 2544 entium
2550 2488 2827 2560 pervenit,
2868 2502 2989 2545 esse
3014 2488 3302 2559 unicuique
3328 2489 3431 2543 im-

1848 2582 2089 2653 pertiens
2109 2582 2176 2638 de
2203 2597 2333 2650 suo;
2357 2591 2384 2622 ⁸
2413 2597 2531 2639 esse
2555 2583 2700 2639 enim
2722 2590 2807 2639 est
2826 2583 3045 2641 minus:
3073 2584 3220 2655 quod
3245 2598 3433 2641 verum

1851 2670 2068 2728 Patrem
2087 2671 2253 2728 Filius
2280 2673 2349 2728 ad
2372 2673 2487 2729 sola
2510 2673 2852 2730 rationabilia
2875 2672 3151 2747 pervenit;
3182 2680 3266 2729 est
3286 2672 3432 2729 enim

1850 2760 2119 2818 secundus
2145 2776 2176 2816 a
2209 2759 2405 2818 Patre:
2438 2763 2612 2819 adhuc
2639 2763 2805 2821 etiam
2854 2764 3034 2822 minor
3078 2772 3161 2821 est
3204 2763 3437 2836 Spiritus

1851 2861 2093 2919 sanctus,
2120 2851 2188 2907 ad
2217 2852 2364 2909 solos
2390 2864 2608 2911 sanctos
2632 2857 2972 2926 perveniens.
2993 2856 3075 2912 ita
3099 2872 3165 2913 ex
3186 2858 3292 2914 hoc
3318 2871 3436 2912 ina-

1849 2942 1939 3012 jor
1959 2951 2043 2998 est
2064 2950 2306 3012 potestas
2352 2941 2529 3000 Patris
2566 2959 2677 3015 prae
2703 2944 2815 3000 ﬁlio
2843 2953 2901 3000 et
2944 2945 3148 3016 Spiritu
3195 2954 3383 3001 sancto
3415 2963 3431 3000 :

1857 3033 2195 3103 ampliorque
2218 3032 2338 3089 Filii
2357 3048 2470 3106 pra:
2494 3034 2698 3105 Spiritu
2722 3040 2931 3103 sancto,
2959 3049 3026 3091 ac
3051 3050 3269 3093 rursum
3295 3051 3435 3107 prae—

182 3132 309 3189 ιῆτοῦ
338 3131 459 3184 υἱοῦ
500 3131 643 3206 παρά
668 3133 726 3188 τὸ
769 3137 969 3204 πνεῦμα
995 3131 1053 3186 τὸ
1076 3129 1237 3204 ἅγιον·
1262 3133 1347 3187 καί
1389 3131 1537 3189 πάλιν
1574 3130 1754 3207 διαφέ-

1862 3124 2086 3181 stantior
2119 3125 2291 3182 sancti
2326 3123 2556 3198 Spiritus
2595 3134 2837 3199 potestas
2887 3140 2999 3201 prae
3049 3126 3170 3185 aliis
3218 3128 3435 3215 eminus

183 3237 331 3291 ρουσα
369 3202 679 3291 μᾶλλον-τοῦ
707 3218 852 3292 ἁγίου
886 3202 1176 3291 πνεύματος
1215 3222 1246 3280 ἡ
1286 3219 1498 3292 δύναμις
1526 3202 1754 3298 παρὰ-τά
1781 3202 1831 3271 C
1859 3216 2079 3272 sanctis.

183 3306 290 3368 ἄλλα
316 3310 465 3386 ἅγια.

187 3418 279 3482 ὀτι
298 3424 667 3499 πεπερασμένη
692 3424 833 3499 έστὶν
843 3426 892 3499 μή.
906 3430 1000 3479 τοῦ
1023 3433 1149 3481 Θεοῦ
1188 3427 1275 3481 καί
1302 3426 1501 3499 πατρὸς
1518 3424 1751 3499 δύναμις,

378 3493 449 3551 bi
460 3493 558 3552 τοῦ
579 3493 815 3572 δευτέρω
843 3494 990 3567 λόγου
1021 3504 1113 3552 τοῦ
1144 3499 1304 3553 αὑτοῦ
1329 3493 1546 3569 βιϐλίου.

243 3610 628 3687 Πεπερασμένην
649 3612 750 3684 γάρ
777 3606 903 3666 εἶναι
927 3612 1013 3665 καὶ
1032 3614 1123 3669 τὴν
1147 3609 1358 3682 δύναμιν
1378 3616 1469 3667 τοῦ
1498 3617 1622 3667 Θεοῦ
1646 3611 1755 3665 λεκ-

188 3698 301 3769 τέον,
338 3704 423 3756 καὶ
459 3702 522 3756 οὐ
562 3702 813 3775 προφάσει
849 3702 1087 3773 εὐφημίας
1125 3706 1214 3760 τήν
1252 3705 1564 3779 περιγραφὴν
1599 3702 1756 3761 αὐῶς

191 3792 535 3868 περιαιρετέον.
564 3794 685 3847 Καὶ
709 3787 847 3863 μετ’
873 3790 1081 3864 ὁλίγα’
1110 3793 1348 3850 Πεποίηκε
1393 3792 1493 3866 γάρ
1522 3798 1756 3849 τοσαῦτα

190 3876 404 3954 [τοίνυν]
451 3881 592 3940 ὅσων
637 3881 856 3943 ἠδύνατο
906 3880 1323 3960 περιδράξασθαι,
1356 3887 1442 3939 καὶ
1486 3883 1629 3955 ἔχειν
1653 3887 1753 3941 ὑπό

192 3980 354 4042 χεῖρα,
384 3977 468 4032 καί
496 3982 819 4052 συγκρατείν
855 3976 959 4031 ὑπὸ
986 3980 1075 4034 τήν
1118 3975 1298 4031 ἑαυτοῦ
1341 3976 1603 4053 πρόνοιαν·
1651 3981 1756 4034 ὧσ-

194 4083 274 4140 περ
300 4068 383 4124 καί
405 4066 673 4127 τοσαύτην
695 4067 815 4127 ὕλην
836 4068 1229 4139 κατεσκεύασεν,
1255 4066 1378 4129 ὅσην
1404 4067 1622 4130 ἠδύνατο
1646 4068 1757 4127 δια-

194 4170 450 4233 νοσξῶσσεο

244 4278 334 4327 τοῦ
356 4276 518 4334 αὑτοῦ
540 4274 596 4330 έκ
616 4280 710 4333 τοῦ
736 4279 983 4357 τετάρτου
1010 4277 1160 4356 λόγου
1184 4286 1272 4337 τοῦ
1302 4281 1457 4337 αὐτοῦ
1486 4280 1701 4354 βιϐλίου.

253 4384 423 4452 Μηδεὶς
449 4387 505 4446 δέ
534 4392 903 4465 προσκοπτέτω
935 4401 1007 4465 τῷ
1034 4393 1187 4466 λόγῳ,
1220 4394 1263 4448 εἰ
1290 4394 1450 4467 μέτρα
1479 4393 1754 4463 ἔπετίθεμεν

197 4476 343 4553 καὶτῇ
360 4484 447 4534 τοῦ
474 4486 606 4537 Θεοῦ
636 4478 863 4554 δυνάμει.
890 4480 1105 4563 ’Δπειρα
1131 4487 1230 4558 γὰρ
1258 4484 1546 4560 περιλαϐεῖν
1565 4489 1626 4557 τῇ
1655 4482 1757 4554 φύ-

1860 3414 2011 3483 Ωκοά
2037 3416 2189 3488 finita
2208 3425 2286 3475 est
2309 3418 2484 3494 Deiet
2507 3418 2687 3494 Patris
2711 3428 2972 3494 potestas.
2996 3439 3026 3479 e
3052 3422 3276 3479 secundo
3300 3422 3437 3479 libro

2374 3492 2605 3563 ejusdem
2636 3492 2928 3549 voluminis.

1927 3603 2161 3661 Finitam
2188 3605 2332 3661 enim
2362 3620 2480 3661 esse
2525 3613 2580 3661 et
2605 3613 2929 3677 potestatem
2977 3606 3075 3664 Dei
3102 3605 3388 3664 dicendmn
3419 3623 3436 3660 :

1857 3711 1979 3766 nec,
2006 3704 2265 3767 praetextu
2317 3696 2520 3765 laudis,
2552 3697 2976 3770 circumscriptio
3030 3698 3148 3770 ejus
3200 3696 3438 3755 tollenda

1857 3799 1959 3848 est.
1992 3791 2063 3847 Et
2083 3792 2239 3864 paulo
2258 3799 2413 3864 post:
2444 3791 2616 3848 Tanta
2643 3793 2785 3849 enim
2807 3792 2955 3861 fecit,
2980 3799 3180 3865 quanta
3200 3793 3299 3849 sub
3320 3806 3438 3847 ma-

1856 3898 1989 3940 num
2008 3883 2471 3955 comprehendere
2497 3890 2552 3940 et
2579 3885 2780 3942 habere
2811 3891 3044 3956 poterat,
3074 3893 3131 3941 et
3158 3884 3437 3940 continere

1856 3975 1956 4033 sub
1984 3974 2318 4053 providentia
2352 3988 2450 4031 sua
2473 3991 2488 4028 :
2514 3974 2966 4046 quemadmodum
2991 3983 3045 4032 et
3072 3981 3281 4030 tantam
3306 3988 3438 4029 con-

1856 4067 2053 4124 struxit
2087 4069 2389 4138 materiam,
2412 4076 2671 4139 quantam
2688 4068 3065 4125 administrare
3091 4076 3147 4123 et
3168 4078 3437 4123 exornare

1855 4169 2089 4234 poterat.

1996 4292 2251 4364 Ejusdem
2272 4308 2336 4347 ea:
2362 4298 2546 4364 quarto
2574 4291 2704 4348 libro
2732 4290 2965 4363 ejusdem
2998 4290 3289 4349 voluminis.

1926 4401 2097 4457 Nemo
2125 4406 2307 4456 autem
2328 4413 2580 4456 sermone
2601 4399 2923 4472 offendatur,
2943 4403 2991 4460 si
3012 4400 3232 4460 modum
3251 4401 3438 4459 statui-

1855 4507 1977 4548 mus
2020 4488 2119 4547 Dei
2162 4490 2324 4546 etiam
2373 4491 2648 4562 potestati.
2676 4491 2888 4549 Inﬁnita
2941 4494 3083 4551 enim
3127 4493 3435 4566 complecti,

198 4585 268 4619 σει
285 4565 517 4627 ἀδύνατον
560 4576 827 4647 τυγχάνει.
848 4572 1009 4639 Ἀπαξ
1051 4573 1104 4629 δὲ
1144 4574 1540 4648 πεπερασμένων
1579 4568 1752 4637 ὅντων,

1862 4590 2050 4641 natura
2095 4582 2423 4655 impossibile
2465 4591 2568 4654 est,
2596 4601 2722 4644 nam
2751 4601 2875 4643 cum
2918 4588 3087 4646 semel
3136 4565 3286 4643 ﬁnita
3329 4585 3441 4643 sint

203 4654 263 4709 ὧν
286 4661 662 4737 περιδράττεται
691 4668 840 4728 αὐτὸς
872 4666 896 4721 ὁ
918 4667 1061 4732 Θεὸς,
1090 4666 1275 4740 ἀνάγκη
1308 4662 1423 4739 ὅρον
1450 4659 1576 4719 εἶναι
1599 4664 1755 4737 μέχρι

1863 4691 1983 4749 quae
2010 4676 2151 4733 Deus
2174 4654 2295 4747 ipse
2318 4678 2745 4749 comprehendit,
2773 4694 2995 4738 necesse
3036 4686 3121 4738 est
3134 4678 3438 4755 terminum

200 4749 359 4806 πόσων
379 4760 766 4836 πεπερασμένων
795 4757 1012 4834 διαρκεῖ.

199 4861 298 4924 cOtt
320 4874 525 4945 κτίσμα,
561 4877 645 4929 καὶ
670 4874 875 4951 γενητὸς
899 4873 925 4930 ὁ
955 4874 1081 4942 υίὸς,
1125 4877 1181 4930 έκ
1210 4881 1307 4937 τοῦ,
1328 4877 1484 4933 αὐτοῦ
1513 4872 1556 4933 δ’
1584 4874 1755 4947 λόγου.

261 4981 410 5047 Οὗτος
432 4986 483 5042 δὲ
501 4987 528 5042 ὁ
550 4988 657 5049 υἱὸς
669 4989 724 5042 ἐκ
748 4988 1017 5062 θελήματος
1034 4995 1125 5045 τοῦ
1146 4990 1340 5067 πατρὸς
1364 4991 1634 5063 γεννηθεὶς,
1655 5006 1674 5042 ι
1696 4987 1760 5051 ὅς

200 5074 319 5129 ἐστιν
348 5079 489 5135 εἰκών
514 5084 609 5135 τοῦ
637 5085 761 5135 Θεοῦ
791 5086 882 5136 τοῦ
919 5081 1165 5157 ἀοράτου,
1192 5084 1279 5136 καὶ
1307 5084 1631 5155 ἀπαύγασμα
1667 5088 1759 5143 τῆς

203 5159 327 5229 δόξης
351 5170 524 5237 αὑτοῦ,
554 5175 821 5249 χαρακτήρ
852 5193 907 5228 τε
936 5181 1028 5236 τῆς
1055 5174 1397 5235 ὑποστάσεως
1422 5176 1594 5238 αὐτοῦ’
1616 5194 1759 5250 πρίν

201 5255 383 5321 τότοκος
394 5264 570 5324 πάσης
590 5265 825 5330 κτίσεως,
842 5269 1055 5339 κτίσμα,
1072 5268 1244 5339 σοφία.
1263 5284 1284 5318 ε
1300 5268 1431 5329 Ain-ri
1443 5268 1540 5342 γάρ
1561 5268 1591 5325 ἡ
1609 5268 1771 5338 σοφίας

204 5351 353 5418 amatr
390 5368 410 5405 ε
442 5364 499 5409 ‘0
529 5355 653 5418 Θεὸς
693 5352 868 5412 ἕκτισέ
898 5376 960 5427 με
989 5358 1160 5431 ἀρχὴν
1188 5355 1313 5413 ὁδῶν
1341 5359 1500 5414 αὐτοῦ
1533 5358 1607 5419 εἰς
1635 5355 1760 5433 ἔργα

203 5447 370 5498 αὑτοῦ.
398 5459 421 5498 ε

241 5648 294 5720 ,ι
320 5642 623 5720 Legendum
645 5652 745 5714 est,
769 5645 1001 5720 omnibus
1024 5660 1092 5720 es
1116 5644 1260 5720 lib._1
1279 5643 1611 5720 Periarchon
1632 5661 1681 5703 c.
1703 5645 1758 5702 ὅ.

205 5706 285 5766 Sic
306 5706 509 5785 reliqua
538 5732 655 5787 quae
683 5706 750 5772 ei
772 5716 1000 5784 Origene
1025 5716 1112 5771 hic
1151 5715 1467 5787 atteruntur,
1493 5717 1544 5771 in
1573 5716 1761 5774 Graeco

204 5794 429 5857 quoque,
446 5787 533 5855 qui
548 5786 615 5844 ex
639 5786 1130 5857 Latinoexpressus
1153 5796 1255 5855 est,
1282 5795 1405 5842 sunt
1424 5787 1758 5857 corrigenda.

204 5848 515 5914 mximas.
538 5890 608 5903 -
623 5857 797 5917 Locus
820 5848 1097 5927 obscurus,
1123 5865 1179 5915 et
1201 5848 1482 5931 corruptus
1508 5848 1672 5918 etiam
1696 5859 1751 5918 in

1863 4782 1984 4827 esse
2010 4767 2079 4826 ad
2105 4777 2240 4841 quot
2260 4783 2430 4840 usque
2457 4767 2608 4826 ﬁnita
2634 4768 2748 4842 ipse
2771 4770 3018 4828 sufﬁciat.

1936 4882 2087 4949 Quod
2105 4893 2346 4940 creatura
2363 4892 2413 4939 et
2432 4885 2601 4957 factus
2619 4884 2790 4941 Filius
2815 4896 2913 4954 est,
2929 4902 2995 4943 ea:
3015 4887 3194 4943 eodem
3215 4885 3364 4943 libro.

1937 4995 2036 5054 Hic
2058 4997 2223 5053 Filius
2267 4995 2336 5052 de
2378 4996 2658 5054 voluntate
2700 4996 2877 5056 Patris
2903 5000 3211 5068 generatus,
3242 4997 3327 5069 qui
3361 5002 3440 5051 est

1861 5092 2036 5163 imago
2065 5090 2159 5145 Dei
2178 5087 2469 5156 invisibilis,
2501 5097 2549 5143 et
2569 5090 2814 5162 splendor
2839 5091 3022 5163 gloria:
3040 5090 3170 5161 ejus,
3199 5097 3249 5144 et
3267 5088 3438 5158 ﬁgura

1865 5181 2169 5237 substantiw
2202 5182 2334 5251 ejus,
2362 5181 2731 5253 primogenitus
2776 5182 2945 5238 omnis
2984 5187 3253 5245 creaturis,
3285 5191 3435 5231 crea-

1868 5281 1982 5327 tura
2003 5309 2021 5338 ,
2066 5272 2323 5342 sapientia
2351 5273 2584 5343 (Coloss.
2614 5290 2666 5340 ις
2701 5272 2935 5342 Heinr;
2965 5270 2999 5329 1
3034 5269 3156 5328 Cor.
3195 5268 3288 5339 v).
3315 5266 3437 5337 Ipsa

1864 5362 2009 5417 enim
2047 5361 2327 5433 Sapientia
2354 5364 2526 5421 dicit:
2558 5365 2813 5422 Dominus
2858 5363 3050 5420 ereavit
3100 5376 3184 5417 me
3224 5358 3435 5417 initium

1862 5452 2065 5509 viarum
2090 5470 2300 5511 suarum
2321 5457 2378 5512 in
2396 5474 2555 5529 opera
2580 5458 2745 5529 ipsius
2772 5454 2950 5523 (Prov.
2978 5450 3082 5527 ιι).

1864 5649 2088 5719 Graeco;
2129 5656 2269 5711 forte
2314 5655 2393 5712 sic
2440 5652 2803 5725 restituendus
2832 5668 2851 5705 ε
2878 5650 3003 5725 Ipse
3049 5653 3190 5710 enim
3231 5659 3309 5708 est
3349 5649 3442 5725 qui

1865 5732 1977 5805 est;
1994 5724 2163 5781 minor
2207 5742 2323 5782 vero
2351 5725 2511 5781 Patre
2537 5723 2708 5779 Filius
2735 5722 2804 5777 ad
2829 5722 2941 5781 sola
2967 5725 3296 5787 rationabilia
3315 5722 3438 5796 ρξε-

1864 5808 2087 5851 vemens.
