3988 6346
230 334 325 394 217

702 437 785 496 Ἐκ
814 440 909 496 τοῦ
935 436 1089 494 αὑτοῦ
1117 433 1286 508 λόγου.

292 562 441 620 Πάντα
462 555 524 613 τὰ
549 554 668 631 γένη
689 556 775 610 καί
796 553 866 609 τοὶ
887 549 994 611 εἴδη
1023 551 1100 608 ἀεὶ
1124 547 1183 610 ἦν
1201 565 1217 580 ⁸
1248 546 1374 620 [ἀλλ’
1395 548 1455 604 οὑ
1483 544 1545 606 δή
1571 540 1672 616 τις]
1696 541 1787 600 ἅλ-

230 658 301 717 λος
340 652 389 709 δέ
427 672 504 712 τις
530 648 635 727 ἕρεῖ
656 649 742 703 καί
772 647 831 704 τό
861 645 973 702 καθ’
1002 643 1051 699 ἓν
1084 644 1298 719 ἀριθμοῦ
1324 656 1340 672 ⁶
1370 641 1501 701 πλήν
1536 638 1788 713 ἑκατέρως

184 727 188 735 ’
231 738 487 820 [δηλοῦται]
514 740 794 808 δηλοῦνται,
824 738 904 797 ὅτι
930 739 1022 795 οὑκ
1044 737 1229 817 ἤρξατο
1252 732 1280 792 ὁ
1306 735 1432 798 Θεὸς
1458 730 1784 807 δημιουργεῖν

229 839 435 912 ἀργήσας
456 834 600 891 ποτέ.

223 1040 321 1117 Περὶ
341 1046 428 1102 τῆς
447 1037 828 1117 προϋπάρξεως-
843 1044 946 1117 τῶν
966 1038 1193 1117 ψυχῶν,
1206 1036 1259 1092 ἐκ
1281 1040 1371 1093 τοῦ
1397 1037 1607 1113 πρώτου
1627 1034 1776 1108 λόγου

709 1114 831 1187 περὶ
856 1109 1277 1186 ἁρχῶνίβιϐλίου.

276 1229 344 1295 ἐξ
366 1227 490 1291 ἰδίας
534 1229 704 1291 αἰτίας
736 1234 837 1284 τῶν
872 1232 944 1300 μή
977 1226 1340 1302 προσεχόντων
1375 1226 1582 1288 ἑαυτοῖς
1615 1225 1780 1303 ἀγρὺ-

219 1346 334 1387 πνως
367 1324 589 1399 γίνονται
622 1320 812 1394 τάχιον
850 1321 881 1382 ἢ
918 1319 1129 1397 βράδιον
1166 1317 1570 1396 [μεταπτώσεις]
1621 1341 1779 1391 μετα-

218 1416 495 1486 πιπτούσης,
533 1420 617 1473 καί
640 1419 725 1475 ἐπὶ
760 1420 932 1475 πλεῖον
966 1418 996 1478 ἣ
1024 1418 1104 1476 ἐπ’
1139 1418 1376 1475 ἔλαττον·
1408 1420 1478 1480 ὡς
1511 1418 1613 1475 ἀπὸ
1656 1418 1783 1475 ταὺ-

215 1533 293 1573 της
334 1519 417 1574 τῆς
466 1510 645 1572 αἰτίας
709 1510 874 1587 κρίσει
933 1510 1044 1588 θείᾳ
1105 1513 1622 1589 συμπαραμετροὺσῃ
1672 1519 1783 1573 τοῖς

214 1602 411 1661 ἑκάστου
436 1605 718 1675 βελτίοσιν,
746 1602 776 1664 ἧ
804 1603 1015 1681 χείροσι
1040 1609 1275 1677 κινήμασι
1300 1607 1384 1661 καί
1400 1607 1461 1662 τὸ
1480 1603 1589 1663 κατ’
1615 1603 1781 1671 ἁξίαν⁶

212 1695 236 1753 ὁ
256 1698 336 1767 μέν
360 1718 433 1759 τις
458 1697 566 1762 ἕξει
593 1698 642 1751 ἐν
665 1706 730 1773 τῇ
757 1698 971 1771 ἐσομένῃ
998 1696 1331 1768 διακοσμήσει
1344 1694 1485 1764 τάξιν
1500 1697 1782 1771 ἀγγελικῆν,

212 1789 237 1847 ἦ
258 1788 454 1861 δυνάμιν
479 1792 739 1866 ἀρχικήν,
779 1790 811 1851 ἢ
848 1792 1082 1856 ἐξουσίαν
1106 1796 1196 1852 τὴν
1222 1790 1305 1847 έπί
1328 1812 1477 1848 τινων
1494 1830 1510 1858 ,
1548 1790 1579 1851 ἦ
1613 1791 1787 1866 θρόνον

211 1888 294 1936 τῶν
314 1882 829 1953 ἐπιϐασιλευομένων,
880 1881 911 1942 ἣ
949 1880 1157 1958 κυρείαν
1192 1885 1283 1941 τὴν
1309 1876 1442 1939 κατά
1478 1879 1691 1938 δοὺλων.
1720 1882 1780 1937 Οί

209 1969 255 2028 δέ
278 1974 327 2026 οὑ
351 1971 479 2029 πάνυ
510 1996 567 2030 τι
594 1971 923 2045 ἐκπεσόντες,
959 1980 1050 2034 τήν
1087 1976 1175 2031 ἐπὶ
1210 1983 1321 2038 τοῖς
1346 1975 1624 2051 εἰρημένοις
1649 1980 1782 2033 οἰκο-

211 2066 361 2137 νομίαν
385 2086 437 2123 τε
465 2068 559 2121 καί
593 2066 827 2139 βοήθειαν
852 2067 1045 2132 ἕξουσι.
1083 2068 1186 2125 Καὶ
1221 2066 1391 2128 οὕτως
1427 2064 1558 2125 καετά
1599 2070 1691 2139 μέν
1722 2072 1784 2128 τὸ

210 2154 419 2211 πλεῖστον
445 2158 553 2212 ἀπὸ
579 2163 677 2213 τῶν
693 2157 793 2213 ὑπὸ
816 2155 913 2221 τὰς
938 2156 1137 2233 ἀρχὰς,
1167 2159 1254 2214 καὶ
1276 2158 1528 2226 ἐξουσίας,
1557 2162 1640 2217 καὶ
1663 2161 1783 2221 τοὺς
1854 2200 1869 2205 -

213 2246 418 2320 θρόνους,
442 2250 532 2305 καὶ
556 2243 652 2311 τοὶς
678 2249 1016 2319 κυριότητας,
1050 2247 1202 2320 τοὶχα
1225 2245 1282 2303 δέ
1317 2247 1423 2303 ἐσθ’
1456 2246 1540 2305 ὅτε
1565 2251 1649 2305 καί
1671 2248 1783 2307 ἀντ’

210 2341 361 2396 αὑτῶν
383 2346 705 2402 συστήσεται
746 2342 806 2399 τὸ
842 2348 942 2400 τῶν
992 2342 1269 2419 ἀνθρώπων
1303 2341 1448 2414 γένος
1478 2341 1532 2399 έν
1564 2348 1639 2413 τῷ
1679 2342 1784 2402 καθ’

210 2431 285 2490 ἕνα
309 2434 499 2508 κόσμῳ.

207 2627 397 2699 Ἐπ’τῄ
418 2623 583 2699 αὑτοῦ
606 2621 782 2695 λόγου,
810 2619 891 2699 ᾇτι
917 2622 961 2699 εἰ
980 2621 1337 2699 μεταϐάλλων
1356 2622 1449 2699 ini
1560 2632 1786 2699 κρεῖττον

298 2692 343 2747 oi
369 2690 636 2765 δαίμονες,
666 2690 1110 2769 συμπληρώσουσί
1134 2714 1260 2751 ποτε
1291 2690 1675 2769 ὢνθρωπότητα.

262 2801 418 2877 Οἶμαι
443 2804 500 2863 δὲ
528 2804 771 2865 δύνασθαι
806 2808 910 2867 ἀπὸ
933 2814 1037 2866 τῶν
1064 2811 1485 2882 ὑποτεταγμένων
1510 2816 1623 2873 τοῖς
1664 2815 1787 2883 χεί-

201 2915 331 2971 ροσιν
353 2938 370 2965 ,
420 2898 623 2971 ἀρχαῖς
650 2900 734 2954 καί
774 2899 1030 2963 ἐξουσίαις
1050 2939 1066 2964 ,
1107 2901 1191 2955 καί
1228 2901 1642 2977 κοσμοκράτορσι
1680 2900 1789 2956 καθ’

198 2988 399 3046 ίκαστον
430 2989 637 3061 κόσμον,
654 2991 687 3049 ἦ
711 2988 807 3060 [ἷσ.
832 2992 969 3051 τίνος
995 2992 1192 3061 κόσμου
1213 2990 1380 3060 νόους]
1400 2992 1539 3052 τινας
1562 2987 1792 3064 κόσμους

198 3078 352 3142 ένίους
380 3081 577 3151 τάχιον
616 3082 1102 3157 εὑεργετουμένους,
1146 3084 1232 3137 καί
1277 3082 1689 3155 βουλησομένους
1740 3084 1792 3148 ἐξ

198 3174 359 3232 αὐτῶν
383 3174 716 3247 μεταϐαλεῖν,
745 3176 1141 3249 συμπληρώσειν
1163 3178 1287 3234 ποτὲ
1315 3176 1701 3251 ἀνθρωπότητα.

395 3384 521 3462 Περί
542 3391 635 3447 τῆς
657 3390 757 3440 τῶν
784 3381 967 3440 ἄνωθεν
990 3386 1061 3447 είς
1079 3391 1235 3457 σῶμα
1259 3394 1581 3461 καταγωγῆς.

265 3496 415 3555 Οὕτω
438 3496 506 3557 δή
531 3498 900 3556 ποικιλωτάτου
922 3498 1112 3572 κόσμου
1139 3503 1520 3575 τυγχάνοντος,
1547 3502 1632 3559 καί
1662 3521 1789 3559 τοσ-

208 3595 331 3648 αῦτα
369 3589 592 3663 διάφορα
621 3591 801 3665 λογικὰ
839 3592 1197 3667 περιέχοντος,
1233 3598 1285 3649 τί
1318 3591 1438 3649 ἄλλο
1478 3598 1588 3668 χρή
1632 3594 1791 3669 λέγειν

208 3680 355 3738 αἴτιον
374 3680 643 3757 ἓγεγονέναι
670 3689 762 3738 τοῦ
792 3683 1080 3742 ὑποστῆναι
1104 3683 1280 3752 αὑτὸν,
1306 3684 1336 3745 ἣ
1374 3686 1433 3742 τὸ
1456 3686 1675 3741 ποικίλον
1699 3693 1792 3747 τῆς

211 3775 558 3839 ἀποπτώσεως
585 3784 685 3833 τῶν
713 3779 817 3849 οὑχ
840 3776 1026 3849 ὁμοίως
1066 3786 1160 3840 τῆς
1185 3778 1357 3842 ἐνάδος
1399 3779 1790 3853 ἀπορρεόντων;

213 3871 288 3926 καί
305 3871 385 3929 τὸν
409 3868 617 3949 ἔνυδρον
645 3870 751 3929 ἔσθ’
777 3870 859 3931 ὅτε
885 3874 1100 3951 αἱρεῖται
1130 3877 1237 3951 βίον
1268 3879 1297 3937 ἡ
1322 3877 1501 3949 ψυχή.

307 4080 386 4139 Ἐκ
413 4089 511 4141 τοῦ
543 4081 785 4157 δευτέρου
810 4084 959 4159 λόγου
985 4095 1077 4145 τοῦ
1107 4091 1228 4163 περί
1252 4090 1436 4165 ἀρχῶν
1465 4088 1682 4159 βιϐλίου.

277 4192 329 4250 Ἠ
353 4195 510 4269 ψυχὴ
539 4195 871 4275 ἀπορρέουσα
892 4205 984 4255 τοῦ
1011 4199 1198 4268 καλοῦ,
1242 4202 1329 4259 καὶ
1364 4210 1428 4275 τῇ
1457 4202 1609 4276 κακίᾳ
1641 4220 1797 4277 προσ-

216 4285 467 4359 κλιναμένῆ
490 4327 509 4354 ,
545 4290 629 4343 καί
653 4288 737 4344 έπί
753 4290 924 4347 πλεῖον
952 4292 1005 4346 έν
1028 4292 1192 4365 ταύτῃ
1222 4295 1479 4365 γινομένη,
1503 4295 1548 4349 εί
1573 4297 1642 4366 μὴ
1665 4294 1795 4350 ὑπο-

219 4379 427 4453 στρέφοι,
452 4381 565 4437 ὑπὸ
587 4388 679 4442 τῆς
705 4382 876 4445 ἀνοίας
903 4384 1280 4445 ἀποκτηνοῦται
1297 4424 1312 4448 ,
1342 4387 1425 4441 καί
1454 4385 1557 4441 ὑπὸ
1581 4394 1675 4445 τῆς
1704 4405 1797 4440 πο-

219 4475 377 4548 νηρίας
395 4474 783 4551 ἀποθηριοῦται.
804 4478 914 4532 Καὶ
940 4478 1068 4548 μετ’
1090 4478 1292 4550 ὀλίγα·
1317 4481 1411 4535 καί
1429 4479 1647 4554 αἱρεῖται
1671 4476 1800 4552 πρὸς

220 4562 274 4616 τὸ
297 4563 605 4638 ἀλογωθῇιαι
627 4603 646 4630 ,
697 4569 781 4624 καί
815 4567 902 4623 τόν
930 4566 1167 4644 ἔνυδρον,
1207 4568 1271 4623 ἶν’
1301 4569 1465 4629 οὕτως
1487 4564 1634 4632 εἴπω,
1669 4568 1796 4638 βίου’

226 4654 307 4706 καί
325 4656 462 4726 τὰχα
486 4655 604 4713 κατ’
622 4657 765 4722 ἀξίαν
785 4666 876 4719 τῆς
891 4659 977 4714 έπί
1000 4658 1164 4714 πλεῖον
1184 4661 1433 4719 πτώσεως
1447 4657 1798 4731 [ἐκπτώσεως]

227 4752 314 4806 τῆς
353 4754 520 4815 κακίας
564 4749 793 4807 ἐνδύεται
819 4752 1038 4823 σώματα
1063 4748 1257 4823 [σῶμα]
1283 4755 1337 4807 οὗ
1366 4749 1452 4809 δεῆ
1487 4747 1585 4822 [ἢ.
1615 4748 1799 4827 ὑδαρῆ]

225 4837 403 4896 τοιοῦδε
428 4845 565 4907 ζὼου
592 4842 801 4916 ἀλόγου.

225 4945 297 5004 Ἐκ
320 4960 405 5008 τοῦ
433 4957 599 5012 αὑτοῦ
624 4951 803 5027 λόγου,
844 4952 923 5011 ὅτι
961 4953 1110 5028 ἔσται
1143 4953 1309 5010 τελεία
1349 4956 1379 5013 ἠ
1412 4962 1513 5010 τῶν
1550 4956 1801 5028 σωμάτων

875 5025 1113 5087 ἀπόθεσις
1122 5063 1136 5079 .

289 5115 339 5167 El
365 5112 416 5169 δὲ
439 5112 510 5173 τοὶ
537 5115 900 5191 [ὑποταγέντα]
926 5119 1312 5191 ὑποτεταγμένα
1337 5127 1411 5193 τῷ
1435 5128 1638 5193 Χριστῷ
1676 5123 1805 5177 ὑπο-

229 5211 494 5279 ταγήσεται
524 5212 611 5265 ἐπί
632 5211 761 5266 τέλει
793 5213 878 5265 καὶ
903 5218 975 5285 τῷ
1001 5218 1134 5285 Θεῷ,
1161 5211 1351 5273 πάντες
1378 5214 1715 5271 ἀποθήσονται
1742 5211 1809 5271 τὰ

232 5299 439 5366 σώματα
456 5318 470 5331 ⁸
501 5304 590 5357 καί
614 5297 754 5373 οἶμαι
781 5301 858 5359 ὅτι
881 5303 993 5359 τότε
1022 5304 1091 5363 είς
1117 5304 1176 5360 τὸ
1203 5308 1271 5375 μή
1293 5299 1343 5359 ὃν
1370 5303 1515 5361 ἔσται
1540 5302 1805 5373 ἀνάλυσις,

232 5396 313 5451 τίς
337 5400 435 5449 τῶν
460 5391 715 5466 σωμάτων
743 5396 942 5466 φύσεως
970 5395 1395 5467 ὑποστησομένης
1421 5394 1659 5470 δεύτερον
1680 5438 1695 5466 ,
1726 5394 1810 5453 ἐὰν

233 5482 370 5549 πᾲλιν
394 5484 568 5557 λογικὰ
594 5487 918 5547 ὑποκαταϐἠ.

330 5598 410 5655 Ἐκ
434 5609 524 5657 τοῦ
552 5604 729 5677 τρίτου
751 5602 894 5674 λόγου
923 5608 1012 5687 τοῦ
1042 5603 1199 5656 αὑτοῦ
1227 5601 1447 5671 βιϐλίου,
1480 5607 1597 5674 περί
1625 5609 1711 5657 τοῦ

932 5693 1112 5728 αντου.

301 5767 575 5837 Δεγομένου
602 5774 691 5823 τοῦ
721 5772 848 5823 Θεοῦ
876 5766 1046 5821 πάντα
1074 5768 1301 5839 γενέσθαι
1337 5767 1386 5821 ἐν
1416 5774 1599 5831 πᾶσιν,
1632 5769 1805 5841 ὥσπερ

1232 315 1612 380 JUSTINIANI
1645 314 1781 374 LIB.
1814 312 1978 374 ADV.
2016 310 2396 373 ORIGENEM.

1828 550 1833 551 ί
1878 548 1895 590 ε
1947 544 2161 601 Genera
2199 544 2380 601 omnia
2408 551 2464 600 et
2488 544 2713 615 species
2731 558 2946 616 semper
2965 550 3147 603 "erant
3174 564 3189 603 :
3220 554 3348 607 non'
3380 551 3459 609 ita

3355 314 3462 374 318

2425 426 2514 484 Ea;
2552 428 2732 515 eodem
2758 429 2912 485 libro.

1877 636 1948 693 de
1973 635 2332 707 singularibus
2380 635 2750 693 differentibus
2794 651 3022 693 numero
3064 639 3259 704 dixerit
3310 643 3458 713 quis-

1878 727 2043 801 piam.
2100 727 2486 784 Verumtamen
2545 728 2799 799 utrinque
2852 728 3195 788 declarantur
3215 774 3233 801 ,
3288 733 3462 793 Deum

1879 835 1990 877 non
2009 818 2205 879 fecisse
2234 820 2450 877 creandi
2484 819 2716 888 initium,
2747 833 2872 876 cum
2900 820 3189 891 aliquando
3218 824 3381 885 fuerit
3402 826 3462 886 in

1879 912 1994 970 otio
2022 921 2069 966 ει.

2024 1026 2105 1083 De
2140 1028 2433 1113 animarum
2461 1028 2878 1155 prgeuisteftia,
2903 1044 2968 1084 ex
2996 1031 3162 1100 primo
3190 1029 3322 1085 ltbro

2564 1116 2853 1155 emarcum.

2564 1116 2853 1157 enare/ten.

1854 1234 1863 1244 ε
1952 1199 2277 1285 Ex'proprta
2305 1214 2463 1286 culpa
2484 1194 2830 1272 minimemibi
2859 1217 3146 1287 vigilanter
3184 1215 3468 1273 attenden-

1883 1301 2019 1359 tium
2042 1300 2179 1359 ﬁunt
2204 1302 2363 1361 citius
2386 1312 2481 1361 aut
2505 1306 2677 1363 serius
2703 1306 3066 1378 delapsiones,
3097 1308 3259 1378 idque
3285 1308 3376 1364 vel
3399 1308 3469 1365 ad

1884 1396 2129 1468 longiora
2156 1405 2437 1469 tempora,
2465 1401 2554 1456 vel
2603 1402 2671 1457 ad
2717 1402 2998 1470 breviora;
3040 1402 3183 1474 quod
3206 1402 3468 1473 judicium

1884 1486 2135 1544 diurnum
2158 1499 2381 1561 propter
2409 1490 2549 1547 hanc
2577 1507 2795 1549 causam
2818 1494 2975 1552 bonis
3000 1501 3091 1551 aut
3111 1494 3269 1551 malis
3286 1496 3471 1551 unius-

1886 1579 2148 1652 cujusque
2192 1581 2524 1657 motionibus
2568 1582 2784 1652 dignam
2812 1592 3210 1642 commensuret
3237 1587 3471 1643 retribu-

1888 1672 2115 1728 tionem.
2144 1671 2243 1730 Hic
2269 1674 2487 1744 quidem
2513 1674 2569 1729 in
2596 1675 2773 1732 futura
2801 1676 2985 1731 mundi
3003 1676 3356 1747 dispositione
3382 1678 3475 1733 hac

1888 1759 2039 1817 bebit
2067 1761 2312 1819 ordinem
2340 1764 2659 1847 angelicum,
2692 1773 2786 1821 aut
2834 1766 3087 1823 virtutem
3116 1768 3469 1839 principatus,

1814 1832 1867 1900 Β
1891 1859 1987 1908 aut
2005 1859 2334 1923 petestatem
2363 1832 2433 1910 inv
2445 1832 2674 1926 aliquos,
2703 1865 2797 1913 aut
2824 1857 3081 1915 thronum
3102 1832 3271 1928 regno
3290 1832 3475 1916 subdi;-

1889 1952 2090 2013 torum,
2118 1954 2215 2002 aut
2265 1946 2685 2005 dominationem
2736 1948 2791 2004 in
2818 1964 3027 2007 servos.
3055 1950 3159 2018 Qui
3186 1966 3316 2007 vero
3364 1966 3475 2008 non

1889 2037 2119 2094 multum
2143 2037 2480 2108 exciderunt,
2521 2039 2817 2109 habebunt,
2846 2058 3009 2114 quam
3040 2043 3295 2111 diximus,
3326 2058 3475 2101 (nco-

1886 2128 2146 2199 nomiam,
2175 2139 2232 2188 et
2250 2130 2635 2202 adiumentum.
2672 2133 2849 2203 Atque
2875 2133 2950 2190 ita
3002 2142 3062 2190 ut
3089 2134 3379 2205 plurimum
3405 2151 3476 2193 ex

1887 2224 1957 2282 iis
2002 2224 2094 2297 qui
2140 2232 2267 2284 sunt
2310 2226 2409 2282 sub
2455 2225 2866 2298 principatibus,
2909 2234 2967 2283 et
3009 2227 3389 2297 potestatibus,
3419 2237 3477 2285 et

1888 2318 2099 2376 tbronis
2146 2327 2203 2376 et
2245 2319 2700 2378 dominationibus
2719 2363 2736 2393 ,
2780 2322 2922 2377 forte
2975 2320 3140 2378 etiam
3185 2320 3476 2391 aliquando

1886 2412 2013 2470 loco
2048 2413 2292 2485 ipsorum
2325 2414 2687 2474 constituetur
2730 2427 2903 2503 genus
2928 2412 3224 2472 humanum
3270 2426 3380 2469 uno
3418 2412 3475 2470 in

1886 2506 2113 2563 mundo.

1888 2616 1977 2676 Ea:
1993 2620 2173 2677 eodem
2194 2619 2327 2676 libro
2347 2636 2366 2676 :
2385 2618 2538 2686 Quod
2557 2621 2605 2677 si
2622 2621 2881 2679 damon“
2899 2627 3163 2677 mutentur
3188 2620 3245 2676 in
3266 2618 3472 2688 melius,

2067 2698 2313 2747 naturam
2335 2691 2618 2763 aliquando
2638 2691 2962 2762 complebunt
2991 2692 3291 2747 humanam.
3479 2769 3489 2782 ⁸

1902 2789 1916 2797 ’
1963 2800 2105 2858 Puto
2127 2809 2308 2859 autem
2328 2817 2490 2873 posse
2512 2818 2580 2859 ex
2605 2804 2670 2860 iis
2689 2803 2782 2874 qui
2810 2804 3009 2861 subditi
3029 2811 3158 2861 sunt
3176 2802 3474 2875 peioribus,

1890 2893 2283 2967 principatibus
2320 2903 2380 2949 et
2426 2896 2809 2965 potestatibus,
2851 2896 3148 2966 mundique
3174 2896 3478 2953 rectoribus

1890 3000 1992 3058 per
2013 2985 2254 3056 singulos
2281 2984 2534 3054 mundos,
2567 2994 2661 3040 aut
2685 2993 2895 3041 mentes
2932 2986 3162 3055 alicujus
3190 2984 3374 3041 mundi
3401 2985 3477 3040 ci-

1892 3077 2002 3135 tius
2024 3076 2348 3135 beneﬁcium
2371 3077 2716 3149 accipientes,
2738 3077 3092 3155 volentesque
3118 3077 3174 3133 in
3200 3084 3477 3148 posterum

1893 3167 1964 3226 ab
2002 3168 2137 3241 ipsis
2176 3170 2408 3241 mutari,
2455 3168 2729 3243 complere
2766 3156 3055 3242 aliquando
3081 3184 3253 3242 genus
3281 3169 3476 3227 huma-

1816 3225 1864 3291 C
1892 3225 2043 3319 nam:

1998 3372 2079 3431 De
2099 3391 2159 3431 eo
2183 3375 2271 3447 qui
2297 3374 2516 3445 desuper
2543 3380 2711 3446 factus
2738 3383 2816 3432 est
2841 3376 2899 3431 in
2927 3392 3111 3446 corpus
3131 3377 3368 3449 delapsa.

1961 3492 2046 3549 Ita
2072 3506 2198 3550 cum
2225 3492 2458 3550 mundus
2487 3507 2557 3550 ex
2584 3507 2797 3550 summa
2816 3501 3031 3551 constet
3056 3494 3340 3563 varietate,
3358 3501 3479 3553 tan-

1893 3594 2114 3657 tamque
2129 3585 2341 3643 ratione
2360 3588 2625 3643 utentium
2643 3587 2923 3644 contineat
2948 3585 3327 3658 differentiam,
3350 3588 3481 3659 quid

1895 3666 2042 3735 aliud
2067 3677 2353 3735 dicendum
2373 3685 2458 3735 est
2483 3678 2650 3735 fuisse
2688 3693 2867 3736 causae
2894 3687 2955 3735 ut
2980 3679 3271 3746 subsistat,
3319 3693 3481 3751 quam

1897 3770 2078 3828 varios
2105 3770 2391 3827 delabendi
2419 3771 2614 3828 modos
2639 3786 2831 3828 eorum
2859 3772 2952 3843 qui
2980 3788 3090 3829 non
3109 3772 3361 3829 similiter
3387 3771 3483 3829 de-

1897 3860 2073 3919 ﬂuunt
2090 3862 2159 3919 ab
2188 3862 2440 3921 unitate?
2467 3862 2533 3920 Et
2558 3863 2863 3936 aquaticam
2891 3879 3279 3937 nonnunquam
3302 3864 3482 3920 anima

1900 3954 2051 4025 eligit
2077 3954 2267 4013 vitam.

2259 4067 2345 4122 Ex
2374 4067 2596 4123 secundo
2625 4065 2952 4123 Periure/ton
2979 4067 3132 4121 libro.

1972 4178 2165 4233 Anima
2207 4177 2449 4234 deﬂuens
2471 4193 2504 4233 a
2530 4177 2697 4244 bono,
2728 4185 2785 4232 et
2810 4189 3040 4245 vergens
3066 4175 3136 4231 ad
3163 4174 3483 4245 nequitiam,

1898 4269 2208 4341 diutiusque
2250 4270 2423 4341 ipsam
2451 4269 2805 4338 amplectens,
2853 4266 2958 4323 nisi
2977 4282 3037 4324 se
3064 4267 3132 4322 ab
3177 4266 3486 4337 insipientia

1900 4358 2145 4426 reducat,
2176 4359 2370 4414 transit
2416 4357 2486 4413 ad
2522 4357 2767 4428 jumenta
2790 4395 2805 4423 ,
2854 4365 3017 4429 atque
3059 4359 3129 4415 ob
3158 4358 3488 4431 pravitatem

1902 4448 2178 4507 eﬂ'eratur.
2196 4449 2441 4522 Etjpaulo
2458 4456 2575 4521 post
2597 4448 2903 4522 :Eligitque
2922 4457 2981 4507 ut
3001 4451 3299 4519 brutescat,
3322 4452 3488 4507 vitam

1903 4545 2089 4610 etiam,
2118 4550 2179 4598 ut
2205 4543 2281 4600 ita
2307 4542 2502 4611 dicam,
2548 4544 2862 4615 aquatilem.
2909 4543 2975 4600 Et
3001 4544 3142 4602 forte
3165 4562 3266 4618 pro
3292 4548 3488 4606 merito

1824 4610 1881 4672 D
1905 4636 2129 4708 majoris
2171 4637 2242 4694 ad
2284 4610 2636 4697 vitiositatem
2665 4641 3027 4713 prolapsionis
3051 4610 3223 4699 induit
3258 4644 3490 4715 corpora

1906 4732 2156 4803 aquatica
2184 4731 2308 4789 talis
2337 4732 2481 4789 bruti
2503 4732 2775 4790 animalis.

1909 4947 1994 5005 Eat
2012 4949 2190 5005 eodem
2218 4946 2349 5001 libro
2390 4961 2407 4999 :
2454 4943 2606 5011 Quod
2637 4947 2735 5030 erit
2763 4946 2995 5018 perfecta
3030 4963 3302 5018 corporum
3332 4954 3490 5017 a‘epo-
3524 4910 3552 5030 ξ

2625 5028 2767 5073 διιιο.

1986 5110 2147 5180 Quod
2187 5110 2235 5166 si
2276 5109 2517 5179 subjecta
2556 5107 2770 5165 Christo
2799 5110 3016 5165 tandem
3045 5109 3400 5179 subjicientur
3440 5114 3495 5163 ct

1916 5205 2050 5272 Deo,
2082 5218 2310 5275 corpora
2340 5202 2680 5274 deponentur
2726 5203 2795 5259 ab
2838 5201 3089 5258 omnibus
3118 5200 3174 5271 (Ι
3202 5199 3323 5254 Cor.
3357 5199 3450 5269 xv)
3478 5218 3490 5254 :

1917 5297 2257 5369 arbitrorque
2286 5296 2518 5353 futuram
2543 5303 2673 5353 tunc
2701 5295 2757 5351 in
2785 5311 2895 5352 non
2931 5309 3029 5351 ens
3062 5293 3448 5350 resolutionem
3480 5311 3494 5361 ;

1920 5399 2109 5449 natura
2146 5405 2433 5463 corporum
2475 5405 2661 5446 rursus
2687 5404 2808 5446 esse
2850 5389 3166 5457 iuccptura,
3218 5384 3263 5440 si
3292 5385 3499 5442 ratione

1919 5486 2127 5542 utentia
2161 5486 2357 5541 iterum
2385 5483 2731 5539 descendant.

2062 5597 2144 5653 Ea:
2173 5599 2322 5653 tertio
2344 5596 2571 5668 ejusdem
2604 5602 2851 5649 tractatus
2883 5591 3035 5653 libro,
3063 5590 3127 5642 de
3155 5590 3351 5643 eodem.

1988 5764 2120 5820 Cum
2139 5764 2279 5821 Deus
2299 5765 2508 5821 dicatur
2528 5761 2642 5817 ﬁeri
2668 5757 2850 5817 omnia
2871 5757 2927 5815 in
2945 5756 3193 5816 omnibus
3209 5750 3496 5829 (Ibidem);

304 5905 332 5937 ⁸
364 5894 523 5962 θααδί
554 5898 830 5971 aliquando
878 5898 1030 5967 fuerit
1056 5898 1245 5957 otiosus
1274 5897 1409 5956 Vide
1437 5896 1635 5966 Pagan.
1659 5895 2014 5991 Gaudentium
2038 5910 2154 5965 cap.
2189 5893 2277 5949 25.
