3988 6346
1262 363 1635 424 ΠΙΒΤΙΝΙΔΝῙ
1672 363 1804 422 LIB.
1839 362 2000 423 λων.
2038 360 2412 422 ORJGENEM.

3365 360 3476 428 2!!

235 481 539 547 πεπονθέναι,
580 476 716 535 οῦτοι
739 480 887 555 κάκεῖ
926 476 986 535 τό
1027 478 1385 552 παραπλήσιον
1437 474 1663 539 διδόντες
1707 479 1791 550 γί-

1933 483 2007 543 st;
2036 476 2111 532 ita
2136 475 2210 532 ibi
2231 490 2449 547 quoque
2468 477 2645 535 simile
2662 478 2781 537 ﬁeri
2808 482 3479 555 concedentes.etreliqnl

238 577 390 635 νεσθαι
407 576 491 630 καί
509 572 573 629 τά
596 573 707 638 έξῆς
734 572 831 633 ἕως
858 572 875 603 ³
895 579 987 632 τῆς
1014 574 1307 635 συντελείας
1333 577 1426 628 τοῦ
1452 569 1644 632 παντὸς·
1671 572 1798 626 αἰῶ-

237 689 329 734 νος,
355 666 408 720 οὐ
425 664 821 738 φοϐηθησόμεθα.

718 782 800 830 Ἕκ
823 774 915 831 τοῦ
942 774 1100 831 αὐτοῦ
1123 772 1293 848 λόγου.

298 893 375 953 Τίς
391 896 501 947 νοῦν
525 888 665 962 ἔχων
683 887 914 966 όρίσεται
931 878 1138 967 πρώτην
1156 892 1241 946 καί
1259 886 1499 967 δευτέραν
1519 891 1605 947 καί
1624 890 1801 967 τρίτην

247 985 439 1059 ἧμέραν,
468 982 691 1054 ἑσπέραν
719 1002 773 1039 τε
802 983 895 1041 παί
920 983 1119 1061 πρωίαν
1142 985 1311 1061 χωρίς
1339 982 1478 1043 ἡλίου
1516 985 1799 1060 γεγονέναι,

247 1080 316 1134 καὶ
336 1075 564 1142 σελήνης,
592 1076 677 1133 καί
701 1076 952 1153 ἀστέρων.

298 1172 488 1229 Τούτων
518 1172 683 1229 τοίνυν
708 1172 871 1236 οὕτως
894 1172 1150 1246 ἐχόντων,
1180 1176 1270 1231 καὶ
1306 1179 1442 1233 πᾶσι
1482 1172 1642 1235 δήλων
1662 1194 1801 1249 γενο-

236 1265 373 1336 μένων
383 1270 478 1321 τῶν
492 1265 642 1343 παρά
654 1266 940 1342 Ὠριγένους
957 1262 1224 1343 εἰρημένων
1238 1252 1587 1343 βλασφημιῶν,
1602 1272 1802 1345 προσή-

234 1377 298 1414 κει
317 1357 394 1414 τόν
412 1355 493 1413 ἐπ’
524 1357 663 1429 αὐτῷ
686 1358 1095 1432 ἀναθεματισμόν
1119 1359 1283 1423 οὕτως
1309 1361 1557 1435 γίνεσθαι.

288 1534 431 1603 εἷ’τις
456 1538 597 1615 λέγει
634 1538 665 1605 ἦ
692 1539 845 1615 ἔχει,
875 1544 1237 1618 προϋπάρχειν
1265 1546 1358 1608 τὰς
1395 1551 1493 1601 τῶν
1525 1544 1802 1618 ἀνθρώπων

232 1635 417 1708 ψυχάς,
441 1633 531 1693 οἷα
556 1640 732 1714 πρώην
748 1637 869 1701 νόας
894 1634 1059 1699 οὔσας
1080 1642 1161 1695 καί
1188 1638 1334 1712 ἁγίας
1365 1637 1630 1713 δυνάμεις,
1660 1641 1802 1719 κόρον

229 1724 279 1783 δέ
302 1727 556 1792 λαϐούσας
578 1736 670 1790 τῆς
693 1728 831 1791 θείας
856 1730 1088 1808 Θεωρίας,
1115 1733 1201 1787 καί
1228 1732 1359 1806 πρὸς
1383 1731 1440 1786 τό
1469 1739 1654 1806 χεῖρον
1680 1752 1803 1809 τρα-

1899 582 2071 715 ἓίἷιιο
2098 568 2168 624 ad
2191 569 2357 628 totius
2382 572 2562 629 saeculi
2583 572 3103 635 consummationem
3129 576 3267 637 nihil
3286 575 3480 637 formi~

2011 674 2172 715 imus.

2011 674 2172 717 imus.

2452 775 2543 834 Ea:
2563 772 2921 867 edife‘mllibro.

1969 895 2100 965 Quis
2124 910 2255 953 sana
2280 903 2461 954 mente
2487 903 2691 955 statuat
2716 888 2974 970 primum,
3004 901 3059 953 et
3086 894 3403 966 secundum,
3424 903 3483 955 et

1897 990 2121 1047 tertium
2166 989 2330 1062 diem,
2358 1005 2694 1064 vespereque
2732 999 2788 1048 et
2813 1006 2973 1050 mane
2998 990 3167 1049 fuisse
3194 989 3315 1048 sine
3337 989 3480 1057 sole,

1898 1084 2048 1155 luna,
2078 1091 2133 1141 et
2152 1082 2356 1141 stellis?

1970 1176 2067 1236 liis
2110 1177 2271 1248 igitur
2314 1178 2388 1234 ita
2431 1192 2491 1235 se
2521 1176 2883 1249 habentibus,
2929 1174 3192 1248 factisque
3232 1173 3487 1232 omnibus

1899 1270 2080 1344 palam
2132 1268 2376 1341 Origenis
2428 1268 2777 1341 blasphemiis
2799 1311 2816 1340 ,
2870 1267 3381 1327 anathematismum
3424 1262 3488 1325 in

1900 1363 2078 1436 ipsum
2104 1358 2182 1419 sic
2213 1360 2328 1419 fieri
2357 1358 2629 1421 convenit.

1972 1450 2015 1511 Ι.
2048 1454 2107 1513 Si
2144 1455 2265 1527 quis
2310 1455 2441 1511 dicit
2489 1465 2583 1511 aut
2611 1456 2774 1512 sentit
2814 1455 3161 1528 praeexistere
3205 1451 3487 1509 hominum

1902 1548 2131 1618 animas,
2162 1557 2220 1605 ut
2247 1556 2377 1621 pote
2403 1563 2523 1620 quae
2549 1557 2707 1606 antea
2736 1557 2944 1605 mentes
2973 1547 3173 1604 fuerint
3199 1553 3254 1602 et
3284 1551 3486 1601 sanctae

1902 1634 2152 1710 virtutes,
2184 1640 2599 1712 satietatemque
2621 1640 2830 1711 cepisse
2858 1639 3049 1696 divinae
3072 1635 3489 1709 contemplatio-

1904 1732 2021 1801 nis,
2060 1740 2117 1788 et
2143 1732 2199 1788 in
2228 1733 2465 1788 deterius
2494 1748 2784 1790 conversas
2805 1748 2952 1801 esse,
2985 1740 3146 1802 atque
3169 1730 3368 1786 idcirco
3396 1742 3489 1784 rc-

229 1822 431 1887 πείσας,
457 1821 554 1877 και
588 1817 674 1876 διά
710 1827 861 1878 τοῦτο
899 1821 1255 1895 ἀποψυγείσας
1282 1824 1373 1893 μὲν
1415 1831 1508 1885 τῆς
1545 1829 1639 1879 τοῦ
1674 1828 1803 1880 Θεοῦ

240 1911 252 1927 .
301 1911 310 1925 .
469 1908 481 1922 ο
583 1911 639 1927 ,η
722 1909 769 1927 ι.
817 1910 829 1927 .
940 1914 950 1927 .
1026 1912 1041 1927 .
1216 1914 1239 1927 λ
1274 1917 1281 1927 .
1517 1914 1528 1927 .
1729 1918 1737 1927 ,

1933 1826 2119 1883 rixisse
2138 1842 2171 1882 a
2192 1826 2288 1881 Dei
2316 1824 2600 1894 charitate,
2631 1834 2687 1881 et
2723 1824 2850 1882 inde
2878 1825 3063 1898 ψυχάς
3088 1820 3295 1888 Graece,
3325 1818 3379 1875 id
3406 1825 3490 1875 est

229 1911 433 1981 ἀγάπης,
458 1908 693 1967 ἐντεῦθεν
718 1909 772 1967 δέ
800 1910 990 1984 ψυχάς
1020 1912 1417 1984 ὀνομασθείσας,
1444 1914 1531 1968 καί
1557 1918 1806 1991 τιμωρίας

1933 1918 2117 1974 mimas
2139 1932 2259 1973 esse
2278 1925 2633 1988 nuncupatas,
2656 1917 3022 1989 demissasque
3042 1930 3161 1973 esse
3182 1913 3238 1970 in
3260 1924 3491 1984 corpora

230 1999 371 2079 χάριν
393 2005 463 2064 είς
489 2004 718 2073 σώματα
738 2004 1216 2076 καταπεμφθείσας,
1238 2005 1484 2077 ἀνάθεμα.

289 2090 447 2156 Et“:
469 2094 609 2165 λέγει
636 2090 667 2153 ἢ
697 2091 728 2149 ἕ
728 2113 822 2165 χει
858 2097 950 2154 τὴν
989 2101 1079 2150 τοῦ
1110 2095 1286 2169 κυρίου
1318 2093 1499 2165 ψυχήν
1528 2095 1806 2170 προϋπάρ-

231 2204 361 2257 χειν,
383 2188 467 2243 καί
497 2187 751 2258 ἡνωμένην
787 2189 1085 2262 γεγενῆσθαι
1110 2195 1185 2258 τῷ
1208 2194 1319 2260 Θεῷ
1344 2188 1475 2260 λόγῳ
1508 2189 1610 2259 πρὸ
1634 2194 1725 2248 τῆς
1753 2187 1808 2242 ἐκ

232 2276 457 2352 παρθένου
484 2279 804 2354 σαρκὼεώς
829 2298 885 2333 τε
902 2318 916 2343 ,
947 2280 1033 2335 καί
1056 2283 1364 2354 γεννήσεως,
1390 2280 1619 2349 ἀνάθεμα
1647 2277 1803 2335 ἔστω.

291 2363 432 2429 Εἵτις
460 2367 601 2444 λέγει
634 2368 662 2428 ἧ
718 2367 749 2424 ἔ
750 2390 862 2442 χει,
892 2377 1095 2447 πρῶτον
1121 2372 1413 2430 πεπλάσθαι
1444 2373 1502 2428 τὸ
1529 2379 1678 2446 σῶμα
1713 2376 1807 2429 τοῦ

226 2462 385 2536 κυρίου
408 2465 554 2537 ἡμῶν
571 2470 730 2524 Ἰησοῦ
756 2474 982 2543 Χριστοῦ
1009 2470 1062 2524 ἰν
1089 2476 1151 2545 τῇ
1178 2473 1348 2545 μήτρᾳ
1371 2478 1463 2532 τῆς
1492 2470 1640 2543 ἀγίας
1666 2493 1808 2547 παρ·

223 2558 376 2624 θίνου,
401 2563 489 2615 καὶ
515 2562 647 2634 μετά
674 2568 840 2620 ταῦτα
863 2563 1104 2626 ένωθῆναι
1126 2568 1267 2637 αὐτῷ
1288 2567 1375 2623 τὸν
1395 2570 1517 2623 Θεὸν
1541 2568 1705 2642 λόγον,
1722 2570 1811 2625 καί

224 2652 307 2707 τήν
334 2647 518 2723 ψυχὴν
539 2654 609 2715 ὡς
639 2656 1079 2732 προϋπάρξασαν,
1109 2659 1335 2732 ἀνάθεμα
1361 2656 1391 2713 ἴ
1393 2678 1521 2715 στω.

284 2738 347 2794 Εἴ
382 2764 465 2804 τις
506 2742 639 2819 λέγει
660 2744 690 2806 ἢ
722 2744 753 2801 ἒ
755 2767 866 2818 χει,
908 2752 1039 2804 πᾶσι
1063 2758 1170 2812 τοῖς
1195 2751 1515 2826 ἒπουρανίοις
1559 2752 1813 2824 τάγμασιν

222 2832 570 2905 ίξομοιωθῆναι
592 2838 676 2894 τόν
691 2844 781 2894 τοῦ
805 2845 932 2896 Θεοῦ
952 2839 1118 2914 λόγον,
1140 2842 1405 2914 γενόμενον
1424 2849 1537 2903 τοῖς
1552 2843 1815 2919 Χερουϐὶμ

218 2925 509 3002 Χερουϐὶμ,
564 2931 650 2985 καὶ
709 2937 816 2992 τοῖς
874 2934 1090 3007 Σεροφίμ
1140 2935 1403 3007 Σεραφίμ,
1471 2936 1559 2989 καὶ
1616 2934 1816 2995 πάσαις

213 3009 386 3079 ἅπλῶς
412 3024 535 3079 ταῖς
563 3015 668 3073 ἅνω
693 3017 971 3090 δυνάμεσιν
996 3021 1371 3093 έξομοιωθέντα,
1400 3023 1627 3093 ἀνάθεμα
1650 3021 1682 3078 ἕ
1683 3044 1814 3079 στω.

1908 2009 2160 2081 supplicii
2187 2002 2352 2065 causa
2387 2026 2400 2063 :
2433 2009 2721 2065 anathema
2750 2010 2838 2067 sit.

1981 2102 2045 2158 ll.
2075 2102 2132 2158 Si
2155 2102 2278 2173 quis
2305 2100 2436 2158 dicit
2474 2109 2567 2157 aut
2593 2102 2760 2158 sentit
2801 2101 3016 2157 Domini
3062 2100 3298 2155 animam
3341 2095 3494 2170 prius

1910 2197 2201 2265 exstitisse,
2232 2205 2395 2267 atque
2414 2197 2621 2253 unitam
2649 2197 2811 2252 fuisse
2839 2195 2952 2251 Deo
2973 2194 3155 2250 Verbo
3176 2201 3300 2249 ante
3320 2191 3497 2257 incar.

1910 2290 2185 2346 nationem
2207 2295 2265 2345 et
2289 2287 2693 2356 generationem
2716 2302 2784 2342 ex
2804 2285 3023 2355 Virgine
3050 2303 3063 2339 :
3091 2283 3378 2340 anathema
3401 2270 3493 2338 sit'.

1980 2378 2066 2435 Ill.
2101 2379 2159 2436 Si
2187 2379 2308 2452 quis
2346 2377 2479 2435 dicit
2516 2384 2609 2434 aut
2634 2378 2800 2435 sentit
2824 2376 3061 2449 primum
3098 2373 3497 2432 conformatum

1910 2488 2030 2531 esse
2050 2488 2248 2545 corpus
2266 2471 2481 2529 Domini
2502 2471 2673 2529 nostri
2692 2469 2822 2527 Jesu
2835 2468 3032 2525 Christi
3060 2468 3115 2523 in
3143 2475 3298 2524 utero
3326 2465 3497 2521 beatas

1910 2566 2145 2637 Virginis
2166 2608 2185 2636 ,
2236 2581 2299 2622 ac
2326 2573 2517 2638 postea
2555 2566 2764 2622 unitum
2800 2563 2853 2620 ei
2892 2576 3013 2619 esse
3041 2561 3210 2616 Deum
3236 2557 3499 2627 Verbum,

1910 2665 1968 2715 et
1994 2658 2250 2727 animam,
2280 2666 2340 2714 ut
2365 2665 2495 2730 pote
2520 2670 2641 2728 quae
2665 2666 2792 2714 ante
2820 2654 3013 2712 fuisset
3039 2670 3053 2709 :
3087 2651 3374 2708 anathema
3403 2647 3497 2706 sit.

1981 2749 2074 2805 IV.
2102 2748 2159 2805 Si
2188 2749 2309 2820 quis
2335 2749 2468 2807 dicit
2490 2757 2583 2806 aut
2602 2749 2770 2807 sentit
2796 2748 3046 2807 omnibus
3072 2744 3382 2803 cmlestibus
3409 2756 3501 2799 or-

1915 2839 2133 2896 dinibus
2157 2839 2513 2896 assimilatum
2542 2855 2663 2897 esse
2688 2841 2858 2896 Deum
2906 2837 3167 2903 Verbum,
3197 2831 3500 2892 cherubim-

1914 2947 2021 3005 que
2048 2930 2248 2988 factum
2284 2946 2405 2990 esse
2433 2931 2562 3002 ipsis
2599 2930 2912 2997 cherubim,
2958 2936 3019 2985 et
3057 2925 3330 2998 scraphim
3372 2923 3503 2996 ipsis

1916 3025 2211 3097 seraphim,
2236 3039 2301 3080 ac
2323 3022 2571 3081 omnibus
2589 3022 2751 3095 plane
2774 3019 3024 3093 supernis
3040 3018 3329 3075 virtutibus
3354 3013 3502 3074 simi-

1916 3114 2026 3171 lem
2056 3130 2175 3174 esse
2202 3115 2401 3171 factum
2428 3131 2441 3170 :
2466 3114 2750 3171 anathema
2769 3114 2860 3172 sit.

277 3198 473 3306 877::
494 3198 641 3306 ⁹λέγει
689 3199 720 3262 ἦ
751 3201 784 3257 ἕ
785 3222 898 3273 χει,
927 3202 981 3258 ἕν
1019 3209 1083 3279 τῇ
1119 3204 1403 3262 ἀναστάσει
1435 3205 1725 3283 σφαιροειδῆ
1749 3208 1807 3264 τά

1991 3208 2060 3265 V.
2082 3206 2140 3265 Si
2166 3208 2285 3279 quis
2310 3207 2440 3277 dicit
2467 3212 2561 3263 aut
2585 3206 2769 3272 sentit,
2784 3205 2845 3262 in
2864 3202 3261 3263 resurrectione
3274 3213 3502 3275 corpora

212 3295 309 3346 τῶν
340 3290 627 3365 ἀνθρώπων
656 3292 938 3369 ἐγείρεσθαι
963 3296 1181 3364 σώματα
1196 3333 1213 3361 ,
1239 3299 1327 3351 καί
1344 3297 1450 3368 οὐχ
1478 3296 1712 3368 ὁμολογεῖ
1728 3298 1817 3372 ὀρ-

215 3378 351 3443 θίους
378 3382 523 3454 ἡμᾶς
546 3382 851 3456 ἐγείρεσθαι,
883 3385 1109 3456 ἀνάθεμα
1135 3383 1290 3443 ἔστω.

284 3469 347 3526 ιζῖ
365 3492 449 3533 τις
467 3472 602 3546 λέγει
628 3474 833 3550 οὐρανόν
864 3477 951 3531 καί
979 3476 1115 3535 ἥλιον
1134 3478 1220 3533 καί
1241 3477 1465 3547 σελήνην,
1487 3481 1571 3534 καί
1590 3481 1817 3557 ἀστέρας

222 3567 303 3620 καὶ
329 3563 505 3623 ὕδατα
531 3567 598 3621 τά
629 3566 868 3644 ὑπεράνω
901 3574 1003 3623 τῶν
1040 3568 1264 3646 οὐρανῶν
1296 3569 1571 3645 ἓμψύχους
1592 3576 1677 3630 καί
1704 3572 1815 3646 [λο-

220 3655 393 3725 γικᾶς,
444 3662 506 3711 ιιι
550 3655 691 3713 bene
739 3656 1046 3713 observavit
1091 3658 1393 3729 Paganinus
1443 3662 1817 3737 Gaudentius]

224 3743 391 3809 ὖλικάς
417 3743 548 3802 εἶναί
569 3770 711 3827 τινας
741 3746 1001 3822 δυνάμεις,
1034 3748 1266 3823 ἀνάθεμα
1288 3749 1445 3809 ἴστω.

289 3835 352 3891 ε’
517 3838 571 3893 λέ
708 3839 725 3857 ⁴
778 3838 802 3859 ³
968 3838 990 3856 '
1082 3840 1095 3859 '
1276 3842 1285 3861 '
1580 3844 1592 3861 ‘
1785 3855 1809 3868 “

330 3862 345 3891 ι
390 3860 474 3901 τις
552 3861 651 3912 ιγει
700 3864 730 3899 η
771 3862 928 3912 εχει,
960 3862 1039 3896 οτι
1074 3864 1100 3897 ο
1130 3840 1385 3906 δεσποτης
1409 3854 1628 3917 Χριστος
1666 3848 1714 3901 ἐν
1741 3870 1817 3924 τῳ

228 3926 443 3998 μέλλοντι
468 3930 613 3985 αἰῶνι
640 3932 1065 4007 σταυρωθήσεται
1088 3931 1221 4008 ὑπέρ
1256 3931 1528 4005 δαιμόνων,
1561 3939 1693 3994 καθά
1730 3942 1818 3996 καί

224 4016 348 4094 ὗπέρ
374 4023 677 4097 ἀνθρώπων,
703 4023 924 4095 ἀνάθεμα
942 4020 1097 4080 ἴστω.

292 4111 353 4167 Εἴ
392 4136 474 4176 τις
512 4115 648 4189 λέγει
674 4114 705 4175 ἢ
735 4113 879 4186 ἔχει,
928 4114 959 4175 ἣ
998 4117 1390 4191 πεπερασμένην
1429 4112 1557 4175 εἶναι
1592 4124 1684 4181 τήν
1721 4127 1815 4178 τοῦ

226 4209 346 4260 Θεοῦ
376 4206 620 4279 δύναμιν,
646 4212 733 4265 καὶ
756 4209 885 4280 [leg.
908 4207 961 4280 ἦ]
989 4216 1223 4268 τοσαῦτα
1246 4213 1397 4270 αὐτόν
1422 4211 1812 4289 δημιουργῆσαι,

223 4293 333 4353 ὅσον
359 4299 787 4377 περιδράξασθαι,
823 4302 1046 4375 ἀνάθεμα
1076 4301 1108 4359 ἕ
1110 4325 1235 4359 στω.

286 4385 346 4443 Εἴ
365 4414 443 4453 τις
470 4392 613 4465 λέγει
646 4388 679 4451 ἦ
706 4389 738 4447 ἴ
740 4414 858 4465 χει,
882 4392 1196 4472 πρόσκαιρον
1226 4391 1353 4455 εἶναι
1377 4402 1469 4458 τήν
1507 4404 1607 4454 τῶν
1635 4396 1814 4474 δαιμό-

227 4501 312 4535 νων
356 4486 438 4539 καί
464 4484 674 4541 ἀσεϐῶν
702 4485 977 4559 ἀνθρώπων
1005 4486 1231 4554 κόλασιν,
1264 4491 1348 4544 καί
1374 4489 1517 4551 τέλος
1541 4491 1675 4547 κατά
1702 4513 1815 4547 τινα

229 4571 397 4644 χρόνον
424 4575 590 4633 αὐτὴν
617 4574 762 4642 ἕξειν,
800 4578 955 4650 ἤγουν
991 4578 1414 4636 ἀποκατάστασιν
1439 4580 1669 4651 γενέσθαι
1697 4578 1811 4638 δαι-

234 4662 401 4731 μόνων,
425 4667 454 4727 ἦ
481 4668 693 4724 ἀσεϐῶν
724 4670 1024 4747 ἀνθρώπων,
1047 4671 1270 4744 ἀνάθεμα
1292 4669 1450 4728 ἴστω.

291 4842 540 4924 ’Ᾱνάθεμα
568 4854 652 4907 καὶ
672 4849 918 4928 Ὠριγένει
945 4861 1019 4928 τῷ
1060 4857 1148 4912 καί
1167 4851 1505 4931 ’Δδαμαντίνῳ
1533 4869 1606 4936 τῷ
1645 4870 1806 4923 ταῦτα

228 4936 449 5014 ίκθιμένῳ
484 4946 625 5017 μετά
670 4952 773 5000 τῶν
812 4953 1064 5023 μυσαρῶν
1108 4949 1260 5005 αὐτοῦ
1309 4953 1391 5006 καὶ
1430 4951 1809 5031 ἐπικαταράτων

226 5027 449 5117 Ws
472 5033 760 5109 δογμάτων,
778 5039 866 5094 καί
887 5040 1039 5117 παντὶ
1060 5042 1322 5115 προσώπῳ
1345 5050 1599 5116 φρονοῦντι
1618 5054 1804 5113 ταῦτα,

227 5115 253 5176 ἦ
277 5119 577 5189 έκδυιοῦντι,
605 5125 635 5186 ἦ
662 5125 817 5198 [κατά
848 5150 962 5185 τινα
992 5126 1204 5204 τρόπον]
1233 5132 1364 5189 κατά
1387 5154 1439 5190 τι
1465 5135 1723 5200 παντελῶς
1752 5140 1803 5193 έν

226 5208 488 5284 οἷφδῆποτε
509 5218 688 5294 χρόνῳ
713 5221 907 5276 τούτων
932 5222 1299 5279 ἀντιποιεῖσθαι
1324 5224 1597 5298 τολμῶντι.

459 5367 555 5415 τοῦ
581 5360 830 5434 βασιλέως
856 5358 1209 5420 ’1ουστινιανοῦ
1236 5365 1367 5440 πρὸς
1397 5371 1483 5426 τήν
1502 5367 1652 5441 ἁγίαν
1677 5371 1803 5426 σύν-

455 5435 578 5484 περὶ
605 5434 916 5484 καθημένους.
946 5438 1028 5484 καί.
1051 5443 1150 5484 τῶν
1178 5434 1468 5484 (inmanium
1494 5443 1676 5484 αὐταῦ-

455 5435 578 5509 περί
605 5434 916 5508 Ὠριγένους,
946 5438 1028 5491 καί
1051 5443 1150 5492 τῶν
1178 5434 1468 5515 ὁμοᾷρόνων
1494 5434 1677 5497 αὗτοῦ.

282 5570 473 5661 ξπουδή
501 5573 698 5649 γέγονεν
739 5576 856 5648 ἡμῖν
900 5598 979 5631 και
1023 5573 1184 5644 ἔστιν,
1227 5581 1501 5655 ἀτάραχον
1527 5586 1617 5646 τὴν
1655 5584 1802 5661 ἀγίαν

1918 3302 2197 3359 hominum
2240 3300 2542 3358 orbiculata
2585 3299 2870 3371 suscitari,
2916 3313 3018 3358 nec
3060 3295 3351 3357 conﬁtetur
3395 3306 3500 3355 nos

1918 3395 2167 3453 suscitari
2195 3401 2374 3451 rectos
2400 3411 2414 3449 :
2439 3392 2728 3449 anathema
2755 3392 2844 3449 sit.

1990 3486 2081 3542 VI.
2114 3485 2172 3542 Si
2212 3487 2332 3557 quis
2373 3483 2504 3540 dicit
2537 3483 2757 3552 coelum,
2800 3490 2857 3540 et
2893 3482 3082 3551 solem,
3112 3488 3170 3539 et
3199 3480 3404 3548 lunam,
3444 3484 3505 3541 et

1915 3577 2124 3645 stellas,
2152 3584 2209 3634 et
2244 3590 2411 3647 aquas
2438 3589 2558 3645 quae
2595 3590 2759 3647 super
2787 3575 2956 3632 caelos
2982 3582 3125 3642 sunt,
3157 3573 3421 3630 animatas
3448 3577 3504 3633 et

1916 3667 2225 3727 materiales
2254 3667 2487 3744 [ratione
2507 3662 2781 3740 praeditas]
2807 3682 2927 3725 esse
2953 3665 3212 3740 quasdam
3230 3666 3456 3722 virtutes
3483 3678 3499 3719 ι

1917 3760 2206 3817 anathema
2227 3759 2313 3817 sit.

1987 3850 2099 3907 νυ.
2129 3850 2187 3908 Si
2215 3852 2334 3924 quis
2362 3851 2494 3910 dicit
2516 3860 2610 3910 aut
2636 3850 2802 3909 sentit
2828 3849 3115 3907 Dominum
3143 3846 3415 3904 Christum
3442 3842 3501 3904 in

1914 3943 2095 4002 futuro
2114 3944 2312 4002 saeculo
2335 3943 2649 4001 cruciﬁxum
2671 3944 2735 4001 iri
2759 3958 2858 4016 pro
2881 3940 3231 4008 daemonibus,
3257 3938 3417 3998 sicuti
3438 3943 3498 3997 et

1916 4052 2014 4109 pro
2037 4037 2344 4094 hominibus
2375 4056 2389 4093 :
2422 4036 2710 4095 anathema
2738 4034 2827 4090 sit.

1988 4123 2119 4182 Vlll.
2148 4126 2206 4183 Si
2236 4127 2357 4198 quis
2380 4126 2510 4183 dicit
2537 4134 2631 4180 aut
2657 4123 2842 4193 sentit,
2890 4118 2976 4175 vel
3012 4117 3216 4172 finitam
3255 4128 3377 4171 esse
3397 4115 3497 4173 Dei

1913 4205 2268 4288 potestatem,
2297 4217 2382 4273 vel
2410 4230 2532 4272 eum
2564 4220 2714 4269 tanta
2741 4209 2969 4277 fecisse,
3017 4213 3219 4278 quanta
3247 4218 3497 4278 compre-

1913 4308 2152 4365 hendere
2181 4306 2359 4378 potuit
2386 4323 2398 4358 :
2425 4303 2715 4360 anathema
2736 4301 2825 4357 sit.
2966 4362 2971 4367 ,

1984 4396 2075 4451 IX.
2108 4393 2165 4451 Si
2187 4394 2308 4467 quis
2337 4392 2472 4449 dicit
2495 4398 2588 4447 aut
2607 4390 2791 4456 sentit,
2822 4388 2891 4446 ad
2919 4396 3130 4463 tempus
3152 4402 3271 4446 esse
3298 4385 3502 4447 daemo-

1915 4501 2042 4543 num
2064 4493 2120 4542 et
2142 4484 2430 4558 impiorum
2442 4481 2719 4540 hominum
2740 4480 3080 4554 supplicium,
3105 4479 3500 4551 cjusquefinem

1915 4579 2202 4652 aliquando
2216 4578 2591 4647 futurum,sive
2602 4575 2996 4634 restitutionem
3012 4581 3067 4631 et
3084 4573 3503 4645 redintegratio-

1914 4686 2041 4729 nem
2070 4670 2187 4728 fore
2214 4670 2519 4728 daemonum
2555 4676 2649 4725 aut
2686 4667 2975 4740 impiorum
3014 4665 3290 4722 hominum
3323 4683 3335 4719 :
3368 4681 3503 4720 anan

1917 4766 2101 4823 thema
2128 4767 2217 4825 sit.

1989 4857 2287 4916 Anathema
2315 4864 2373 4914 et
2398 4854 2637 4929 Origeni,
2666 4853 2755 4926 qui
2784 4860 2841 4911 et
2862 4851 3233 4919 Adamantius,
3266 4850 3356 4923 qui
3386 4849 3501 4905 haec

1913 4953 2165 5026 exposuit
2193 4966 2299 5009 una
2327 4965 2451 5007 cum
2479 4949 2683 5007 nefaria
2713 4954 2876 5018 atque
2902 4945 3221 5003 exsecrabili
3242 4942 3497 4999 scelesta-

1913 5058 2019 5115 que
2045 5042 2163 5114 ejus
2190 5041 2469 5109 doctrina,
2501 5048 2556 5097 et
2580 5038 2752 5097 cuivis
2790 5039 2884 5109 qui
2911 5051 2976 5095 ea
3005 5036 3236 5102 sentiat,
3282 5038 3374 5086 aut
3401 5029 3537 5103 (ιο-ο

1912 5136 2100 5195 tendat
2120 5177 2137 5204 ,
2182 5142 2276 5191 aut
2304 5134 2416 5192 ullo
2449 5131 2616 5190 modo
2644 5145 2866 5205 prorsus
2902 5139 3226 5201 quocunque
3254 5130 3501 5192 tempore

1914 5230 2055 5289 tueri
2082 5235 2390 5301 praesumat.

1913 5380 1939 5416 ⁸
1973 5372 2183 5430 Littera
2215 5372 2501 5429 Iustiniani
2534 5369 2866 5443 imperatoris
2889 5366 3218 5443 ad‘sanctqm
3245 5354 3503 5431 synodum

2153 5443 2289 5501 C.P.
2321 5443 2386 5501 de
2413 5432 2640 5517 Origene
2662 5448 2716 5499 et
2743 5434 3079 5497 sectatoribus
3107 5432 3240 5503 ejus.

1984 5585 2237 5645 Studium
2266 5596 2512 5645 nostrum
2541 5586 2644 5642 fuit
2669 5590 2726 5641 et
2752 5587 2856 5643 est,
2888 5582 3131 5633 sanctam
3157 5572 3256 5632 Dei
3280 5580 3339 5631 et
3361 5587 3498 5646 apo-

221 5657 303 5711 sui
324 5665 452 5716 Θεοῦ
492 5666 574 5720 καί
604 5666 939 5725 ἀποπολικήν
970 5666 1225 5727 έιοιλησίαν
1249 5657 1706 5746 διαφυλάττεσθαι,
1724 5680 1795 5741 ὡς

1936 5683 2151 5740 tolicam
2172 5681 2463 5741 Ecclesiam
2486 5696 2519 5737 a
2547 5676 2719 5736 turbis
2745 5683 2993 5732 securam
3013 5666 3308 5739 custodire,
3335 5673 3499 5741 prout

286 5890 587 5975 ίβιιιὶῑ-(ιιιίΔ
608 5897 699 5955 hic
725 5897 831 5975 l_e_gi
854 5896 1051 5965 velint,
1082 5901 1169 5957 ίπί
1196 5907 1291 5964 τῆς
1316 5902 1609 5971 συντελείας
1639 5918 1654 5962 :
1686 5901 1783 5963 sed

200 5957 347 6020 'Ilihil
372 5957 706 6028 mutandum.
737 5957 1062 6027 Rhamnus.

1704 6081 1787 6124 κδ

1974 5915 1997 5943 η
2027 5904 2305 5984 Pertincnt
2330 5905 2636 5984 [inlitterata
2664 5903 2734 5965 ad
2760 5901 3031 5984 synodum
3065 5911 3097 5955 a
3125 5894 3324 5955 lenne
3344 5887 3498 5952 αιδ-

1893 5976 2110 6036 bratam
2132 5977 2342 6053 cir.-an.
2375 5975 2473 6037 Ch.
2499 5975 2663 6034 δῶν

2701 6085 2771 6137 ἢ,
2976 6100 3008 6108 .-
