3988 6346
431 370 541 431 res
1332 392 1345 411 ι
1501 366 1873 425 JUSTINIANI
1910 367 2037 426 LIB.
2067 365 2226 426 ADV.
2264 366 2634 428 carcerum.
3038 360 3039 363 ‘
3094 336 3099 343 ’
3592 371 3694 430 ast

428 484 647 555 δίκαιον,
676 486 757 542 καί
780 484 842 542 τά
871 483 1108 541 ὁπωσοῦν
1131 481 1451 556 ἀναφυόμενα
1475 488 1538 555 τῇ
1565 480 1811 554 ὸρθοδόξῳ
1838 482 2011 538 πίστει

2128 496 2214 551 par
2252 489 2335 536 est
2377 489 2433 535 et
2469 496 2533 537 ea
2569 495 2689 551 quae
2726 493 3051 554 quocunque
3092 481 3256 539 modo
3281 488 3472 540 contra
3500 483 3695 543 ortho-

431 578 626 635 ἕναντία
648 578 1052 649 κατακρίνεσθαι.

499 669 633 726 Ἐπεί
647 673 812 725 τοίνυν
833 668 1138 739 διέγνωσται
1158 670 1295 739 ἡμῖν,
1324 669 1394 729 ὥς
1420 688 1550 729 τινες
1571 671 1621 723 ἐν
1645 668 2014 744 Ἰεροσολύμοις

432 762 530 816 εἰσί
574 764 799 832 μοναχοί
845 757 1118 825 δήπουθεν,
1166 759 1464 834 Πυθαγόρᾳ,
1506 762 1588 815 καί
1627 762 1881 823 Πλάτωνι,
1931 758 2016 815 καὶ

430 858 672 930 Ὠριγένει
699 862 774 927 τῷ
796 852 1137 924 Ἄδαμαντίῳ,
1181 856 1264 910 καί
1388 854 1580 909 τούτων
1612 852 1889 928 δυσσεϐείξι
1934 855 2016 910 καί

433 948 590 1020 πλάνῃ
614 947 1109 1012 κατακολουθοῦντες,
1142 949 1227 1000 καί
1270 944 1618 1007 διδάσκοντες·
1649 945 1754 1000 δεῖν
1792 948 2017 1021 ᾠήθημεν

433 1038 671 1115 φροντίδα
718 1042 803 1094 καί
830 1042 1035 1104 ζήτησιν
1073 1041 1382 1099 ποιήσασθαι
1419 1043 1539 1116 περὶ
1575 1037 1807 1115 τούτων,
1836 1041 1919 1098 ἶνα
1947 1047 2016 1112 μὴ

435 1133 594 1187 τέλεον
622 1130 706 1187 διά
749 1140 841 1193 τῆς
870 1133 1145 1193 Ἑλληνικῆς
1174 1135 1260 1187 καί
1284 1142 1602 1205 Μανιχαῐκῆς
1631 1135 1828 1195 ἀπάτης
1853 1136 2018 1190 αὐτῶν

434 1226 649 1287 πολλοὺς
695 1227 1010 1283 ἀπολέσωσι.
1051 1228 1272 1299 Λέγουσι
1311 1231 1443 1302 γάρ,
1482 1230 1566 1283 ἵνα
1596 1229 1648 1283 ἐκ
1689 1237 1786 1285 τῶν
1826 1230 2019 1285 πολλῶν

436 1317 576 1391 ὀλίγα
597 1320 1045 1391 μνημονεύσωμεν,
1070 1319 1149 1375 ὅτι
1172 1321 1278 1382 νόες
1296 1318 1428 1380 ἦσαν
1449 1318 1580 1392 δίχα
1601 1321 1785 1382 παντὸς
1802 1322 2017 1395 ἀριθμοῦ

436 1429 491 1464 τε
521 1411 605 1464 καί
630 1410 903 1482 ὀνόματος,
936 1413 1005 1471 ὡς
1034 1410 1184 1467 ἑνάδα
1209 1412 1410 1467 πάντων
1437 1407 1561 1467 εἶναι
1591 1417 1691 1468 τῶν
1727 1412 1933 1486 λογικῶν
1956 1420 2019 1488 τῇ

437 1505 713 1564 ταυτότητι
749 1513 840 1567 τῆς
870 1508 1049 1566 οὐσίας
1076 1509 1159 1560 καί
1188 1504 1458 1581 ἐνεργείας,
1489 1507 1575 1560 καί
1600 1513 1664 1581 τῇ
1706 1504 1913 1578 δυνάμει
1958 1514 2019 1580 τῇ

437 1597 569 1667 πρὸς
596 1596 678 1653 τὸν
699 1598 818 1652 Θεὸν
845 1597 988 1669 λόγον
1025 1597 1202 1653 ἑνώσει
1236 1617 1292 1652 τε
1327 1600 1411 1652 καί
1432 1599 1634 1671 γνώσει.
1664 1600 1755 1652 Καὶ
1782 1600 1850 1659 ὡς
1876 1598 2022 1672 κόρον

440 1690 607 1744 αὐτῶν
632 1689 981 1761 λαμϐανόντων
1015 1698 1107 1749 τῆς
1141 1691 1274 1750 θείας
1306 1690 1512 1764 ἀγάπης
1551 1692 1635 1745 καί
1660 1692 1869 1765 θεωρίας
1895 1690 2022 1746 κατά

439 1784 735 1855 ἀναλογίαν,
768 1785 852 1838 ἐπί
883 1783 941 1837 τὸ
972 1789 1152 1857 χεῖρον
1178 1791 1269 1844 τῆς
1296 1782 1517 1838 ἑκάστου
1554 1790 1746 1861 τροπῆς
1772 1783 2023 1855 λεπτομε-

2114 573 2311 630 doxam
2331 573 2492 629 tidem
2518 581 2865 641 enascuntur,
2892 574 3277 631 condemnare.

2186 665 2318 721 Cum
2340 678 2469 734 ergo
2483 672 2821 736 compertum
2840 665 3157 736 habeamus,
3171 681 3290 723 esse
3307 665 3697 739 Hierosolymis

2115 755 2378 825 quosdam
2415 756 2668 811 nimirum
2697 758 2991 814 monachos
3019 758 3129 829 qui.
3140 756 3477 829 Pythagorae,
3509 758 3697 816 Plato-

2116 847 2200 903 nis
2225 846 2578 917 Origenisque
2607 846 2911 904 Adamantii
2950 847 3146 920 impios
3175 863 3391 906 errores
3422 855 3699 907 sectentur

2119 953 2184 995 ac
2200 938 2458 1006 doceant;
2482 937 2901 996 existimavimus
2923 955 3109 996 curam
3131 947 3187 996 et
3207 940 3614 1011 inquisitionem
3632 941 3700 998 de

2118 1029 2186 1085 iis
2213 1029 2593 1098 adhibendam,
2618 1044 2687 1085 ne
2711 1030 2749 1085 ii
2777 1030 2995 1087 tandem
3021 1031 3296 1102 paganicis
3318 1038 3373 1087 et
3404 1030 3702 1088 Manichai-

2120 1121 2198 1178 cis
2215 1121 2326 1178 suis
2355 1122 2666 1193 imposturis
2690 1122 2890 1179 multos
2916 1124 3162 1194 perdant.
3193 1122 3391 1180 Dicunt
3419 1124 3565 1178 enim
3603 1123 3702 1195 (ut

2120 1209 2189 1267 de
2212 1211 2395 1268 multis
2414 1226 2582 1283 pauca
2604 1213 3111 1284 oommemoremus)
3136 1221 3345 1271 mentes
3358 1214 3524 1269 fuisse
3547 1227 3704 1284 pror-

2119 1318 2213 1361 sus
2235 1311 2293 1360 et
2315 1306 2527 1360 numeri
2556 1312 2611 1360 et
2630 1305 2864 1362 nominis
2889 1312 3142 1377 expertes
3164 1322 3179 1372 ;
3228 1305 3517 1375 omniaque
3536 1304 3704 1360 ratio-

2122 1394 2267 1450 nalia
2288 1410 2453 1449 unum
2478 1409 2599 1452 esse
2623 1395 2908 1452 identitate
2933 1396 3246 1453 substantiae
3272 1404 3329 1453 et
3347 1395 3699 1467 operationis,

2121 1495 2179 1543 et
2200 1487 2399 1543 virtute
2425 1487 2568 1559 apud
2591 1488 2762 1544 Deum
2789 1487 3027 1545 Verbum
3063 1503 3162 1561 per
3188 1489 3486 1545 unitionem
3512 1495 3572 1545 et
3608 1503 3703 1545 co-

2123 1578 2436 1649 gnitionem.
2487 1578 2595 1637 llas
2619 1593 2751 1636 vero
2778 1584 3023 1650 mentes,
3053 1580 3147 1637 ubi
3173 1581 3510 1650 susceperint
3550 1580 3704 1650 juxta

2125 1671 2546 1741 uniuscujusque
2586 1679 2805 1743 captum
2833 1673 3138 1729 satietatem
3165 1672 3365 1729 divina:
3404 1671 3706 1729 dilectionis

2125 1769 2182 1818 et
2209 1762 2703 1833 contemplationis,
2734 1778 2834 1834 per
2856 1765 3210 1821 mutationem
3253 1766 3490 1835 ipsarum
3528 1765 3584 1820 in
3610 1764 3706 1820 de-

440 1876 679 1951 ρέστερα,
707 1876 736 1934 ἦ
757 1880 839 1930 καὶ
863 1878 1145 1949 παχύτερα
1174 1878 1393 1947 σώματα
1417 1876 1778 1948 ἀμφιάσασθαι,
1808 1878 1891 1930 καί
1920 1877 2023 1930 ὀνό-

2128 1853 2315 1921 terius,
2340 1852 2428 1909 vel
2457 1853 2749 1919 crassiora,
2773 1853 2861 1909 vel
2880 1854 3129 1910 tenuiora
3154 1870 3385 1925 corpora
3413 1855 3638 1910 induere
3656 1866 3709 1911 et

439 1988 581 2037 ματα
620 1967 994 2041 κληρώσασθαι,
1044 1966 1307 2037 κάντεῦθεν
1345 1967 1441 2025 τάς
1478 1965 1742 2040 οὐρανίους
1794 1966 1880 2019 καί
1924 1964 2023 2018 λεια

440 2058 709 2131 τουργικάς
742 2057 1026 2115 ὑποστῆναι
1052 2054 1308 2127 δυνάμεις.
1338 2055 1478 2113 Ἀλλά
1503 2059 1598 2125 μὴν
1627 2057 1712 2111 καί
1738 2054 1903 2120 ἥλιον,
1944 2057 2027 2109 καί

441 2149 671 2212 σελήνην,
700 2152 786 2202 καί
808 2151 929 2209 τοὺς
957 2150 1183 2225 ἀστέρας
1201 2190 1215 2215 ,
1244 2152 1331 2204 καί
1360 2148 1493 2205 αὐτὰ
1514 2156 1605 2208 τῆς
1632 2150 1790 2208 αὐτῆς
1813 2154 1911 2202 τῶν
1937 2148 2023 2202 λο-

442 2247 597 2313 γικῶν
627 2237 799 2300 ἔνάδος
828 2235 980 2305 ὄντα,
1022 2239 1075 2292 ἐκ
1112 2248 1205 2299 τῆς
1242 2240 1329 2293 ἐπὶ
1354 2240 1421 2293 τά
1450 2240 1611 2314 χείρω
1639 2246 1834 2314 τροπῆς
1873 2244 2027 2294 τοῦτο

442 2331 717 2403 γεγονέναι,
750 2328 874 2401 ὅπερ
905 2330 1021 2384 εἰσί.
1053 2330 1127 2384 Τά
1156 2328 1209 2384 δὲ
1237 2331 1323 2385 ἐπὶ
1361 2330 1525 2385 πλεῖον
1548 2338 1639 2391 τῆς
1668 2329 1804 2391 θείας
1825 2332 2029 2402 ἀγάπης

441 2423 773 2495 άποψυγέντα
811 2423 1015 2495 λογικά,
1055 2422 1239 2495 ψυχὰς
1278 2424 1642 2496 ὀνομασθῆναι,
1691 2427 1775 2479 καί
1821 2426 2028 2494 σώμασι

442 2518 767 2591 παχυτέροις
805 2524 914 2577 τοῖς
952 2516 1061 2572 καθ’
1110 2519 1245 2588 ἡμᾶς
1273 2516 1591 2588 ἐμϐληθῆναι.
1623 2518 1700 2572 Τά
1742 2515 1796 2571 δέ
1844 2519 1929 2571 ἐπὶ
1966 2518 2029 2572 τὸ

443 2604 599 2681 ἄκρον
628 2616 719 2668 τῆς
758 2612 936 2669 κακίας
965 2607 1263 2677 ἐληλακότα,
1304 2608 1533 2686 ψυχροῖς
1562 2612 1647 2663 καὶ
1682 2612 1912 2684 ζοφεροῖς
1947 2610 2028 2664 ἐν·

443 2699 642 2760 δεθῆναι
668 2703 893 2771 σώμασι,
922 2703 1003 2755 καί
1030 2698 1267 2770 δαίμονας
1293 2701 1628 2770 ὀνομασθῆναι
1653 2699 1908 2773 γενόμενα.
1940 2704 2030 2756 Καὶ

442 2791 523 2849 ὅτι
548 2794 598 2858 ἐξ
629 2794 894 2866 ἀγγελικῆς
928 2795 1018 2863 μὲν
1057 2793 1424 2853 καταστάσεως
1466 2792 1671 2863 ψυχικὴ
1700 2794 1893 2866 γίνεται
1940 2813 2029 2847 κα-

444 2886 715 2951 τάστασις,
747 2884 799 2938 ἐκ
826 2882 879 2940 δὲ
904 2892 995 2945 τῆς
1020 2884 1249 2956 ψυχικῆς
1278 2881 1611 2956 δαιμονιώδης
1638 2904 1693 2939 τε
1717 2884 1802 2937 καί
1839 2883 2030 2956 ἀνθρω-

444 2981 581 3038 πίνη.
607 2977 729 3035 Ἐνα
759 2978 812 3035 δὲ
833 2979 979 3051 μόνον
1006 2985 1121 3033 νοῦν
1152 2980 1203 3033 ἐκ
1234 2979 1406 3039 πάσης
1446 2985 1537 3039 τῆς
1565 2975 1741 3037 ἑνάδος
1768 2983 1868 3033 τῶν
1895 2975 2031 3046 λογι-

445 3078 543 3125 κῶν
572 3071 835 3127 ἀκλόνητον
875 3078 1035 3141 μεῖναι
1063 3073 1151 3125 καί
1180 3072 1408 3128 ἀκίνητον
1435 3076 1525 3128 τῆς
1554 3069 1692 3129 θείας
1719 3069 1923 3139 ἀγάπης
1952 3068 2031 3121 καί

444 3166 650 3238 θεωρίας
670 3202 684 3229 ,
717 3160 772 3225 ὃς
808 3165 891 3218 καί
916 3164 1136 3238 Χριστὸς
1164 3162 1405 3234 βασιλεὺς
1458 3160 1581 3219 Θεὸς
1620 3162 1700 3213 καί
1735 3155 2028 3234 ἅνθρωπος,

2128 1945 2348 1999 nomina
2372 1944 2577 2013 sortiri,
2616 1960 2681 2001 ac
2704 1944 2831 2001 inde
2857 1945 3107 2002 cmlestes
3133 1953 3189 2001 et
3212 1944 3557 2003 administras
3584 1946 3708 2000 sub-

2126 2038 2329 2093 stitisse
2347 2038 2592 2094 virtutes.
2614 2037 2730 2094 Imo
2751 2044 2807 2094 et
2825 2037 3017 2107 solem,
3040 2046 3095 2094 et
3112 2037 3315 2107 lunam,
3344 2044 3400 2094 et
3423 2038 3629 2102 stellas,
3655 2046 3712 2092 ut

2127 2137 2257 2200 pote
2292 2143 2410 2198 quae
2452 2136 2509 2184 et
2550 2128 2667 2199 ipsa
2707 2128 2763 2184 in
2793 2128 3192 2186 rationabilium
3220 2129 3427 2185 unitate
3455 2128 3598 2194 sint,
3647 2144 3712 2184 ex

2127 2219 2426 2275 mutatione
2462 2219 2519 2273 in
2557 2219 2797 2276 deterius
2821 2220 2963 2276 facta
2980 2259 2995 2287 ,
3025 2220 3132 2276 hoc
3158 2234 3278 2277 esse
3304 2221 3535 2290 cmpisse
3562 2218 3710 2288 quod

2128 2318 2273 2367 sunt.
2301 2309 2380 2366 Ea
2401 2325 2533 2367 vero
2552 2310 2914 2379 rationabilia,
2948 2311 3005 2367 in
3029 2312 3223 2382 quibus
3244 2312 3416 2382 magis
3444 2309 3542 2366 Dei
3563 2324 3713 2365 amor

2128 2401 2435 2469 refrixerit,
2498 2403 2716 2474 ψυχάς,
2761 2403 2866 2458 hoc
2907 2411 2994 2458 est
3030 2403 3239 2459 animas
3281 2402 3612 2474 nuncupari,
3659 2411 3714 2458 et

2131 2494 2516 2562 crassioribus,
2554 2494 2737 2566 qualia
2774 2504 2959 2551 nostra
2986 2502 3113 2551 sunt
3159 2509 3389 2566 corpora
3411 2535 3428 2562 ,
3479 2491 3713 2549 immitti.

2132 2584 2262 2653 Quae
2288 2596 2469 2642 autem
2489 2586 2559 2641 ad
2594 2594 2895 2643 extremum
2923 2587 3295 2657 perversitatis
3319 2585 3571 2641 venerint
3591 2626 3608 2654 ,
3650 2598 3717 2642 ca

2130 2678 2337 2749 frigidis
2365 2693 2430 2736 ac
2460 2678 2770 2749 caliginosis
2796 2678 2963 2735 inseri
2990 2678 3336 2750 corporibus,
3368 2685 3424 2733 et
3447 2677 3721 2735 daemones

2130 2769 2250 2825 ﬁeri
2276 2778 2335 2825 et
2360 2769 2694 2840 nuncupari;
2746 2783 2811 2824 ac
2850 2767 3080 2839 proinde
3115 2783 3185 2824 ex
3226 2767 3469 2838 angelico
3499 2766 3718 2836 quidem

2131 2867 2275 2917 statu
2304 2858 2421 2915 ﬁeri
2458 2859 2745 2914 animalem
2764 2900 2782 2928 ,
2812 2874 2882 2915 ex
2919 2860 3139 2915 animali
3165 2874 3298 2915 vero
3323 2858 3718 2915 daemoniacum

2131 2959 2189 3008 et
2206 2953 2523 3008 humanum.
2546 2951 2717 3009 Unam
2740 2959 2921 3008 autem
2945 2952 3210 3008 duntaxat
3228 2958 3488 3020 mentem,
3516 2966 3588 3007 ex
3605 2958 3718 3007 tota

2133 3044 2341 3100 unitate
2386 3043 2764 3110 rationalium,
2810 3043 3255 3115 imperturbatam
3291 3042 3623 3115 perstitisse,
3666 3048 3721 3098 et

2134 3136 2415 3193 immotam
2435 3151 2467 3192 a
2489 3136 2781 3193 dilectione
2794 3137 2973 3193 divina
2994 3145 3050 3193 et
3073 3136 3554 3207 contemplatione,
3575 3151 3718 3191 cam-

445 3258 718 3328 γεγονέναι.
741 3257 835 3309 Καὶ
853 3252 931 3309 ὅτι
952 3254 1200 3312 παντελής
1221 3254 1335 3307 ἐστι
1353 3258 1453 3307 τῶν
1472 3248 1726 3321 σωμάτων
1746 3250 2025 3325 ἀναίρεσις,

2135 3241 2241 3297 que
2265 3228 2429 3285 fuisse
2449 3227 2722 3284 Christum
2747 3242 2953 3299 regem,
2974 3228 3145 3285 Deum
3165 3235 3221 3284 et
3242 3228 3538 3284 hominem.
3558 3224 3720 3281 Afﬁr-

445 3346 604 3401 αὖτοῦ
640 3352 728 3400 τοῦ
768 3347 944 3419 κυρίου
974 3348 1178 3420 πρώτου
1208 3345 1569 3414 ἀποτιθεμένου
1606 3343 1664 3397 τὸ
1690 3339 1815 3395 ἴδιον
1841 3347 1992 3411 σῶμα
2011 3380 2026 3406 ,

445 3439 654 3492 καὶτῶν
691 3436 876 3491 λοιπῶν
907 3434 1170 3491 ἁπάντων
1214 3438 1297 3491 καί
1332 3434 1411 3491 ὅτι
1454 3434 1835 3503 ἀνακομίζονται
1878 3433 2029 3489 πάλιν

445 3525 670 3587 ἅπαντες
698 3530 770 3601 είς
811 3531 900 3585 τήν
938 3528 1095 3585 αὐτὴν
1136 3523 1320 3591 ἐνάδα,
1351 3528 1431 3581 καὶ
1471 3527 1689 3597 γίνονται
1725 3525 1855 3589 νόες,
1899 3526 2031 3583 καθά

446 3622 529 3673 καί
555 3618 603 3671 ἐν
687 3619 1003 3693 προϋπάρξει
1030 3619 1333 3691 ἑτύγχανον⁹
1353 3619 1825 3689 ἀποκαθισταμένου
1856 3616 2030 3677 δηλον-

446 3709 521 3764 ότι
556 3712 638 3763 καὶ
673 3710 827 3764 αὐτοῦ
853 3716 943 3765 τοῦ
976 3708 1215 3765 διαϐόλου
1242 3713 1325 3765 καί
1352 3718 1452 3765 τῶν
1482 3709 1665 3766 λοιπῶν
1689 3708 1934 3777 δαιμόνων
1958 3712 2031 3772 εἰς

445 3803 534 3858 τήν
560 3800 713 3858 αὐτην
754 3798 935 3867 ἑνάδα,
973 3803 1059 3854 καὶ
1097 3806 1197 3855 τῶν
1226 3802 1425 3855 ἀσεϐῶν
1453 3804 1538 3856 καὶ
1564 3802 1720 3857 ἀθέων
1753 3803 2028 3880 ἀνθρώπων

446 3893 577 3961 μετά
604 3897 702 3946 τῶν
728 3894 869 3945 θείων
906 3893 988 3946 καί
1013 3893 1257 3965 θεοφὸρων
1282 3890 1473 3967 ἀνδρῶν
1490 3930 1503 3956 ,
1534 3894 1617 3945 καί
1641 3898 1740 3946 τῶν
1783 3893 2031 3966 οὐρανίων

446 3979 705 4052 δυνάμεων
723 4020 739 4048 ,
771 3983 857 4036 καί
882 3985 974 4040 τόν
996 3982 1150 4039 αὐτὴν
1178 3981 1387 4045 ἐξόντων
1416 3982 1596 4036 ἕνωσιν
1628 3983 1755 4057 πρὸς
1777 3982 1862 4037 τὸν
1884 3983 2027 4049 Θεὸν,

445 4068 622 4127 ὁποίαν
647 4071 763 4142 ἔχει
788 4075 868 4126 καί
892 4070 919 4125 ὁ
946 4072 1167 4147 Χριστὸς
1184 4112 1200 4139 ,
1239 4073 1403 4131 καθώς
1433 4074 1516 4128 καί
1554 4080 1898 4147 προϋπῆρχον
1918 4115 1931 4138 ,
1962 4077 2030 4135 ὡς

444 4160 691 4232 μηδεμίαν
712 4156 836 4217 εἶναι
855 4161 1093 4237 διαφορὰν
1112 4170 1186 4238 τῷ
1205 4169 1412 4238 Χριστῷ
1436 4162 1564 4239 πρὸς
1590 4165 1655 4217 τά
1674 4163 1826 4217 λοιπὰ
1862 4163 2030 4235 λογικά

444 4252 722 4317 παντελῶς,
756 4251 873 4309 οὔτε
900 4262 963 4324 τῇ
991 4255 1158 4328 οὐσίᾳ,
1191 4252 1302 4309 οὔτε
1323 4262 1384 4328 τῇ
1406 4256 1611 4329 γνώσει,
1641 4252 1757 4313 οὔτε
1876 4254 2026 4311 δυνά-

444 4363 546 4415 μει,
574 4342 692 4400 οὔτε
718 4354 780 4416 τῇ
805 4348 1046 4421 ἐνεργείᾳ.
1078 4346 1137 4402 Ὀ
1165 4350 1264 4423 γάρ
1290 4370 1369 4404 τοι
1399 4349 1691 4424 Πυθαγόρας
1733 4351 1903 4425 ἀρχὴν
1930 4356 2029 4404 τῶν

444 4434 650 4491 πάντων
692 4434 872 4507 ἔφησεν
908 4433 1034 4492 εἶναι
1060 4444 1149 4497 τήν
1172 4437 1388 4507 μονάδα.
1417 4442 1519 4495 Καί
1552 4438 1701 4495 πάλιν
1734 4441 2029 4515 Πυθαγόρας

445 4530 528 4584 καὶ
550 4527 750 4584 Πλάτων
779 4526 935 4597 δῆμόν
971 4551 1083 4583 τινα
1119 4530 1307 4600 ψυχῶν
1338 4532 1629 4602 ἀσωμάτων
1661 4533 1916 4599 εἰπόντες,
1949 4535 2029 4588 καί

2132 3325 2284 3372 mant
2310 3318 2495 3385 etiam,
2526 3333 2757 3389 corpora
2779 3318 2992 3389 penitus
3016 3319 3240 3375 interire
3284 3336 3299 3373 :
3341 3320 3464 3390 ipso
3490 3317 3724 3374 Domino

2130 3411 2361 3483 primum
2378 3454 2395 3481 ,
2421 3409 2619 3467 deinde
2646 3410 2868 3482 reliquis
2896 3412 3145 3469 omnibus
3170 3427 3326 3469 suum
3353 3426 3554 3483 corpus
3574 3408 3722 3479 abji-

2130 3512 2393 3569 cientibus
2417 3528 2429 3564 :
2452 3518 2509 3567 et
2525 3509 2669 3580 quod
2689 3526 2904 3567 rursum
2924 3526 3114 3568 omnes
3140 3510 3426 3567 redeuntes
3445 3508 3511 3565 ad
3535 3509 3711 3580 ipsam

2130 3613 2442 3678 veritatem,
2486 3619 2697 3667 mentes
2744 3610 2880 3667 ﬁunt
2914 3611 3070 3682 juxta
3098 3610 3229 3667 illud
3249 3626 3369 3667 esse
3393 3609 3542 3682 quod
3568 3611 3724 3681 prius

2130 3713 2404 3769 habebant
2435 3730 2448 3767 :
2477 3726 2541 3769 ac
2569 3710 2824 3767 videlicet
2852 3711 3029 3781 ipsum
3068 3711 3231 3767 etiam
3252 3710 3526 3767 diabolum
3555 3713 3722 3767 resti-

2130 3804 2388 3861 tuendum
2417 3819 2571 3873 esse,
2604 3812 2661 3859 et
2687 3804 2926 3875 reliquos
2966 3803 3238 3860 daemones
3261 3803 3317 3858 in
3339 3804 3509 3875 ipsam
3538 3807 3725 3861 unita-

2131 3903 2241 3952 tem
2258 3936 2273 3963 ,
2306 3904 2469 3965 atque
2489 3895 2686 3965 impios
2713 3905 2769 3950 et
2796 3893 3035 3953 nefarios
3063 3895 3310 3952 homines
3336 3910 3444 3952 una
3473 3912 3595 3953 cum
3637 3897 3726 3953 di-

2129 3989 2269 4043 vinis
2311 4003 2375 4043 ac
2405 3988 2517 4043 Deo
2548 3987 2722 4059 plenis
2749 3986 2905 4053 viris,
2938 3985 3357 4055 caelestibusque
3381 3986 3676 4043 virtutibus
3707 4007 3723 4056 ;

2129 4078 2431 4150 eodemque
2475 4076 2680 4143 modo,
2732 4093 2841 4149 quo
2882 4086 2939 4133 et
2983 4077 3264 4143 Christus,
3307 4093 3431 4133 cum
3458 4078 3574 4134 Deo
3599 4095 3727 4137 esse

2130 4173 2413 4239 uniendos,
2437 4172 2596 4227 sicuti
2618 4178 2673 4226 ct
2692 4171 2839 4241 prius
2863 4168 3001 4225 uniti
3021 4176 3194 4235 erant,
3228 4177 3391 4240 atque
3412 4168 3550 4225 adeo
3571 4169 3726 4225 Chri-

2128 4273 2271 4322 stum
2299 4264 2461 4335 plane
2488 4264 2620 4319 nihil
2648 4278 2681 4320 a
2709 4264 2932 4335 reliquis
2957 4265 3169 4320 ratione
3195 4264 3434 4336 praeditis
3480 4264 3722 4336 differre,

2131 4372 2309 4429 neque
2336 4357 2669 4421 substantia,
2698 4372 2875 4427 neque
2903 4357 3243 4427 cognitione,
3287 4371 3463 4427 neque
3492 4357 3725 4424 virtute,

2130 4465 2309 4523 neque
2367 4449 2706 4520 operatione.
2760 4447 3094 4521 Pythagoras
3144 4448 3345 4505 etenim
3392 4448 3725 4521 principium

2130 4546 2370 4601 omnium
2391 4558 2593 4610 rerum,
2611 4542 2872 4597 unitatem
2894 4556 3016 4598 esse
3035 4542 3189 4609 dixit,
3214 4550 3270 4597 et
3290 4556 3503 4597 rursum
3524 4540 3727 4614 Pytha-

444 4622 539 4681 τὰς
568 4618 827 4697 ἁμαρτάδι
866 4643 962 4677 τινι
1000 4623 1416 4696 περιπεσούσας,
1468 4625 1714 4701 τιμωρίας
1760 4624 1919 4699 χάριν
1955 4628 2025 4686 είς

2129 4650 2289 4706 goras
2316 4643 2371 4690 ct
2383 4632 2539 4690 Plato
2569 4632 2968 4689 multitudinem
2996 4632 3283 4701 quamdam
3311 4632 3612 4688 animarum
3638 4632 3727 4688 in-

442 4718 660 4785 σώματα
674 4716 1102 4786 καταπέμπεσθαι
1119 4715 1373 4787 λέγουσιν.
1389 4714 1534 4770 Ὀθεν
1558 4715 1583 4771 ὸ
1608 4717 1809 4771 Πλάτων
1836 4716 1866 4772 δ
1879 4720 1947 4789 ἐμ
1957 4744 1989 4773 α
2001 4742 2027 4781 ς

441 4804 501 4861 τὸ
526 4813 704 4879 σῶμα,
746 4807 830 4859 καί
869 4813 1040 4876 σῆμα
1068 4804 1339 4872 ἐκάλεσεν,
1379 4808 1445 4866 ὡς
1486 4807 1629 4860 οἱονεὶ
1660 4814 1750 4867 τῆς
1772 4806 1955 4878 ψυχῆς
1978 4806 2028 4862 ἔν

440 4898 606 4968 τούτῳ
644 4894 908 4967 δεδεμένης
946 4900 1026 4950 καί
1063 4896 1397 4967 τεθαμμένης.
1427 4894 1549 4953 Εἶτα
1583 4901 1701 4972 περί
1730 4906 1820 4959 τῆς
1849 4900 2028 4971 ἐσομέ-

440 5008 530 5049 νης
556 4991 775 5065 κρίσεως
805 4992 889 5042 καί
915 4986 1299 5050 ἀνταποδόσεως
1333 4998 1434 5046 τῶν
1463 4990 1653 5062 ψυχῶν
1691 4988 1831 5054 αὖθις
1857 4996 2025 5065 φησίν

424 5077 532 5133 Q'H
546 5082 634 5148 μὲν
654 5077 1188 5157 παιδεραστήσαντος,
1208 5083 1289 5136 καί
1306 5080 1543 5155 [ἀδόλως]
1557 5092 1721 5144 κακῶς
1746 5085 2028 5155 βιώσαντος

442 5175 572 5244 μετά
593 5174 883 5248 φιλοσοφίας
912 5174 1066 5247 ψυχὴ
1096 5178 1241 5250 τρίτῃ
1282 5176 1503 5252 περιόδῳ
1540 5186 1602 5251 τῇ
1646 5178 1864 5248 χιλιετεῑ
1886 5180 2027 5235 ἐᾶται

440 5267 772 5336 κολασθῆναι,
808 5272 891 5322 καί
919 5270 1052 5326 οὕτω
1080 5272 1400 5345 πτερωθεῑσα
1426 5279 1498 5344 τῷ
1525 5274 1899 5348 τρισχιλιοστῷ
1926 5272 2028 5329 ἔτει

442 5360 734 5418 δκϐάλλεται
758 5364 844 5416 καί
870 5363 1179 5436 ἀπέρχεται.
1207 5363 1263 5418 Δί
1292 5360 1346 5417 δὲ
1371 5361 1512 5419 ἄλλαι
1540 5363 1730 5421 ὁπόταν
1760 5365 1901 5422 τόνδε
1944 5368 2027 5422 τὸν

440 5456 549 5525 βίον
575 5456 875 5520 τελέσωσιν,
908 5457 961 5510 αἱ
990 5459 1079 5525 μὲν
1120 5459 1189 5516 είς
1219 5458 1281 5510 τά
1322 5458 1421 5511 ὑπὸ
1447 5466 1541 5528 γῆς
1580 5458 1904 5534 δικαιωτήρια
1946 5461 2025 5514 ἐλ-

441 5547 617 5599 θοῦσαι
647 5544 786 5603 δίκην
813 5545 920 5616 ἅμα
956 5550 1038 5599 καί
1063 5547 1204 5617 λόγον
1243 5548 1489 5608 τίσουσιν,
1521 5548 1572 5601 αἱ
1608 5546 1660 5601 δὲ
1690 5553 1759 5608 εἰς
1795 5551 2023 5623 οὐράνιόν

441 5660 555 5696 τινα
586 5639 735 5692 τόπον
764 5641 1117 5711 κουφισθεῖσαι
1150 5640 1250 5692 ὑπὸ
1276 5647 1362 5698 τῆς
1393 5636 1531 5697 δίκης
1560 5638 1818 5702 διάξουσιν
1844 5644 2020 5708 ἀξίως,

444 5733 607 5784 καθώς
638 5732 871 5786 ἐϐίωσαν.
910 5751 924 5781 3
964 5728 1032 5785 Οὗ
1058 5737 1146 5791 τὴν
1175 5733 1388 5786 ἀτοπίαν
1428 5738 1515 5784 τοῦ
1541 5731 1687 5800 λόγου
1719 5736 2021 5804 καταμαθεῖν

573 5956 724 6014 Plato
753 5947 821 6016 ίιί
836 5955 1081 6025 Phaedro,
1112 5968 1225 6027 post
1259 5967 1355 6011 ma
1378 5972 1628 6014 annorum
1660 5956 1831 6017 millia.

2128 4728 2516 4799 corporearum
2545 4741 2666 4782 esse
2704 4725 2969 4794 dicentes,
2999 4724 3184 4782 dicunt
3208 4724 3391 4793 etiam,
3423 4723 3573 4794 quod
3595 4724 3642 4779 si
3666 4725 3725 4781 in

2126 4828 2410 4892 peccatum
2439 4818 2657 4887 aliquod
2687 4816 3008 4886 inciderint,
3035 4816 3091 4872 in
3120 4831 3337 4887 poenam
3360 4815 3726 4873 demittuntur

2128 4914 2185 4969 in
2213 4927 2462 4983 corpora.
2500 4909 2766 4978 Quocirca
2805 4910 2961 4968 Plato
3002 4926 3200 4981 corpus
3237 4909 3531 4982 appellavit
3558 4909 3726 4981 δέμας

2128 5003 2257 5074 (hoc
2281 5010 2365 5057 est
2388 5000 2703 5069 vinculum),
2735 5007 2791 5055 et
2818 5009 2960 5072 σῆμα
2989 5000 3119 5071 (hoc
3146 5008 3229 5056 est
3248 4997 3607 5070 sepulcrum),
3640 5014 3714 5054 eo

2130 5093 2273 5166 quod
2298 5092 2473 5148 anima
2500 5093 2555 5147 in
2581 5093 2699 5163 ipso
2722 5106 2952 5162 corpore
2983 5090 3138 5163 quasi
3179 5092 3358 5147 vincta
3401 5100 3458 5147 et
3503 5090 3725 5161 sepulta

2131 5183 2242 5251 sit;
2273 5184 2467 5241 deinde
2495 5184 2563 5240 de
2586 5184 2763 5240 futuro
2788 5184 2992 5253 judicio
3022 5192 3079 5239 et
3105 5182 3459 5239 retributione
3501 5180 3723 5236 anima-

2130 5292 2251 5332 rum
2279 5293 2463 5333 rursus
2491 5277 2663 5347 inquit
2688 5294 2701 5329 :
2726 5276 2919 5331 Anima
2946 5276 3086 5332 illius
3109 5277 3202 5346 qui
3230 5290 3337 5331 una
3360 5289 3483 5334 cum
3501 5273 3725 5344 sapien-

2131 5370 2219 5425 tiae
2246 5370 2423 5427 studio
2462 5383 2753 5441 puerorum
2781 5383 2966 5424 amore
2992 5374 3048 5423 et
3076 5364 3339 5439 ﬂagitiosa
3367 5365 3479 5420 vita
3507 5380 3569 5421 se
3598 5365 3722 5434 pol-

2131 5462 2248 5530 luit,
2296 5477 2393 5532 per
2434 5469 2543 5517 tres
2582 5460 2911 5516 millenarias
2959 5459 3303 5515 circuitioncs
3328 5472 3518 5528 pcenas
3548 5457 3663 5511 luet
3701 5474 3717 5509 :

2130 5562 2184 5607 ct
2210 5552 2289 5608 sic
2316 5552 2647 5623 recuperatis
2692 5552 2791 5607 alis
2826 5558 2949 5622 post
2980 5564 3243 5606 annorum
3273 5548 3437 5605 millia
3467 5558 3492 5586 ιι
3523 5547 3717 5602 educi-

2130 5653 2215 5698 tur
2247 5651 2298 5697 ct
2329 5644 2437 5698 abit
2474 5662 2486 5696 :
2528 5644 2748 5713 reliquae
2772 5657 2903 5700 vero
2934 5657 3056 5698 cum
3087 5657 3154 5698 cx
3182 5642 3283 5697 hac
3309 5641 3419 5696 vita
3444 5639 3718 5697 discesse—

2129 5737 2256 5803 rint,
2308 5735 2424 5791 alize
2453 5736 2667 5807 quidem
2712 5736 2811 5793 sub
2839 5744 2984 5793 terra
3014 5736 3070 5792 in
3093 5732 3279 5807 judicii
3311 5732 3489 5792 locum
3518 5731 3718 5788 delata:
