3988 6346
495 372 601 443 2”

1865 366 2151 433 VlGILlUS
2187 368 2383 431 PAPA.

499 504 646 576 φύσιν
672 498 755 556 καί
778 496 951 553 οὖσίαν
978 497 1063 554 καί
1090 493 1303 570 δύναμιν
1327 496 1413 551 καί
1438 496 1667 561 ἐξουσίαν
1687 494 1737 550 ἐν
1760 497 1926 570 τρισίν
1944 496 2073 551 ὐπο-

2180 507 2341 547 unam
2368 488 2644 557 deitatem,
2676 485 2792 547 sive
2817 492 3063 545 naturam
3086 492 3143 545 et
3169 488 3524 546 substantiam
3549 499 3607 555 et
3642 495 3761 548 vir-

500 592 765 656 στάσεσιν,
808 590 917 651 ἦτοι
945 588 1243 667 προσώποις
1270 586 1586 655 δοξάζοντες,
1627 589 1698 649 εἰς
1725 586 1759 643 ἃ
1786 588 2075 663 βεϐαπτίσ-

503 682 649 755 μεθα.
681 685 754 743 είς
791 681 824 737 ά
851 682 1297 751 πεπιστεύκαμεν,
1329 682 1415 734 καί
1447 674 1521 739 οἷς
1550 679 1945 752 συντετάγμεθα,
1986 679 2079 740 τάς

499 776 590 848 μὲν
616 774 873 836 ἰδιότητας
903 776 1235 847 χωρίζοντες,
1263 771 1485 833 ἕνοῦντες
1513 769 1569 827 δὸ
1591 775 1682 831 τὴν
1703 772 1933 830 θεότητα.
1969 777 2081 826 Mo-

496 863 626 921 νάδα
652 867 748 945 γάρ
776 868 827 920 ἐν
850 864 1041 942 τριάδι,
1071 869 1153 920 καί
1181 862 1363 942 τριάδα
1395 864 1447 919 δν
1468 858 1644 936 μονάδι
1670 871 2076 939 προσκυνοῦμεν,

496 955 787 1034 παράδοξον
806 957 1035 1028 ἔχουσαν
1059 962 1151 1017 τήν
1176 955 1418 1035 διαίρεσιν
1442 957 1525 1011 καί
1540 960 1629 1014 τὴν
1658 954 1833 1010 ἕνωσιν
1848 971 1860 983 '
1892 952 2082 1027 μονάδα

499 1051 593 1121 μίν
615 1051 748 1105 κατά
772 1048 860 1104 τὸν
883 1056 975 1110 τῆς
995 1051 1171 1110 οὐσίας
1197 1049 1351 1121 ἤγουν
1369 1049 1600 1109 θεότητος
1779 1062 1793 1079 ⁸
1821 1044 2003 1120 τριάδα
2026 1044 2080 1101 δὲ

499 1142 634 1197 κατά
667 1143 764 1204 τάς
788 1140 1047 1202 ἰδιότητας
1080 1140 1238 1214 ἤγουν
1279 1140 1629 1204 ὑποστάσεις,
1663 1140 1774 1197 ἤτοι
1806 1137 2079 1212 πρόσωπα*

498 1230 775 1310 διαιρεῖται
803 1235 901 1309 γάρ
931 1232 1259 1310 άδιαιρὲτως,
1282 1232 1343 1286 ἶν’
1366 1231 1530 1291 οὕτως
1567 1228 1816 1302 ἥπωμεν,
1839 1231 1926 1283 καί
1955 1249 2082 1284 συν-

498 1324 717 1381 άπτεται
753 1322 1096 1402 διῃρημένως,
1128 1324 1178 1379 ἓν
1206 1325 1303 1398 γάρ
1330 1325 1379 1378 ίν
1402 1323 1570 1397 τρισίν
1610 1322 1642 1379 ἡ
1675 1321 1877 1387 θεότης,
1904 1322 1991 1373 καί
2016 1321 2084 1375 τά

497 1417 617 1490 τρία
639 1412 709 1479 εν,
742 1415 791 1469 δν
817 1411 890 1476 οἷς
917 1418 947 1474 ἡ
974 1415 1172 1477 θεότης·
1202 1414 1232 1474 ἦ
1259 1415 1375 1487 τόγε
1403 1413 1756 1484 ἀκριϐέστερον
1788 1415 1964 1475 εἰπεῖν,
1991 1408 2025 1465 ἃ
2052 1412 2083 1470 ἦ

498 1506 693 1573 θεότης,
719 1508 843 1563 Θεὸν
882 1508 1121 1575 ἕκαστον,
1149 1503 1207 1562 ἂν
1230 1509 1473 1584 θεωρῆται
1499 1507 1646 1577 μόνον
1671 1510 1766 1561 τοῦ
1801 1510 1889 1559 νοῦ
1919 1507 2085 1580 χωρί-

498 1600 665 1662 ζον-τος
688 1600 756 1656 τᾶ
780 1601 1076 1674 ἀχώριστά.
1099 1600 1224 1655 Θεὸν
1246 1600 1312 1655 τά
1331 1600 1453 1673 τρία
1473 1597 1583 1668 μετ’
1603 1595 1824 1655 ἀλλήλων
1840 1597 2084 1666 νοούμενα

496 1696 573 1762 τῷ
591 1694 766 1760 ταυτῷ
794 1699 887 1752 τῆς
914 1691 1011 1766 [ἶσ.
1044 1688 1323 1765 δυνάμεως]
1350 1694 1591 1751 κινήσεως
1618 1693 1704 1744 καί
1730 1696 1824 1751 τῆς
1842 1690 2044 1761 φύσεως
2064 1702 2080 1719 ⁸

496 1775 672 1839 ἕπειδῆ
701 1785 811 1856 χρή
852 1776 937 1837 καί
959 1782 1046 1838 τὸν
1084 1782 1169 1839 ἕνα
1213 1782 1332 1839 Θεὸν
1370 1780 1655 1856 ὁμολογεῖν,
1694 1784 1781 1838 καί
1818 1783 1911 1843 τάς
1945 1789 2084 1857 τρεῖς

2175 591 2350 639 tutem
2376 591 2434 639 et
2458 590 2782 654 potestatem
2820 583 2877 638 in
2902 582 3074 638 tribus
3109 582 3468 640 subsistentiis
3491 584 3608 642 sive
3635 600 3768 657 per-

2178 673 2326 730 sonis
2347 673 2656 738 adorantes,
2686 674 2740 729 in
2767 674 2961 745 quibus
3002 674 3264 751 baptizati
3302 690 3504 745 sumus,
3539 677 3595 733 in
3625 692 3768 751 qua

2179 765 2467 832 credimus,
2496 767 2553 822 in
2577 767 2774 839 quibus
2799 750 3202 825 confessionem.
3220 768 3483 837 dedimus,
3511 772 3769 845 proprie-

2180 866 2319 916 tates
2346 859 2564 931 quidem
2600 868 2941 931 separantes,
2989 860 3243 917 deitatem
3274 870 3455 919 autem
3484 863 3765 923 unientes.

2182 949 2454 1009 Unitatem
2479 953 2625 1009 enim
2652 953 2707 1007 in
2733 951 3012 1021 Trinitate,
3044 962 3100 1009 et
3128 951 3447 1011 Trinitatem
3472 955 3528 1011 in
3552 956 3773 1015 unitate

2183 1046 2489 1114 adoramus,
2516 1046 2817 1103 mirabilem
2838 1047 3126 1103 habentem
3149 1055 3206 1103 et
3232 1047 3552 1104 divisionem
3572 1057 3632 1105 et
3655 1050 3775 1106 uni-

2185 1138 2424 1205 tionem;
2454 1138 2718 1193 unitatem
2744 1137 2986 1207 quidem,
3015 1136 3308 1193 secundum
3335 1139 3604 1195 rationem
3634 1138 3773 1195 sub-

2182 1230 2395 1287 stantia:
2419 1244 2517 1285 seu
2544 1228 2800 1296 deitatis;
2850 1227 3168 1284 Trinitatem
3214 1236 3414 1296 autem,
3462 1229 3774 1285 secundum
3834 1280 3837 1283 .

2184 1320 2564 1392 proprietates,
2606 1320 2693 1377 vel
2719 1318 3117 1388 subsistentias,
3163 1320 3277 1376 sive
3303 1335 3585 1392 personas.
3617 1321 3773 1377 Divi-

2183 1410 2328 1467 ditur
2355 1412 2499 1468 enim
2526 1412 2645 1471 sine
2669 1412 2933 1469 divisione
2961 1412 3041 1484 (ut
3060 1410 3138 1468 sie
3160 1411 3424 1483 dicamus)
3454 1422 3511 1469 ct
3540 1412 3775 1483 conjun-

2184 1503 2329 1573 gitur
2354 1503 2547 1560 divise.
2579 1502 2754 1560 Unum
2779 1505 2923 1561 enim
2953 1512 3037 1561 est
3063 1504 3237 1560 deitas
3261 1504 3317 1560 in
3342 1505 3548 1573 tribus,
3580 1514 3641 1561 et
3670 1507 3776 1561 tria
3838 1506 3849 1515 '

2185 1608 2351 1649 unum
2372 1635 2388 1662 ,
2436 1596 2492 1651 in
2520 1596 2714 1667 quibus
2740 1596 2916 1653 deitas
2944 1604 3028 1653 est
3059 1614 3072 1650 :
3105 1603 3200 1652 aut
3228 1597 3319 1669 (ut
3347 1596 3597 1657 subtilius
3619 1598 3777 1654 dica-

2185 1685 2337 1757 mus)
2360 1686 2475 1758 ipsa
2505 1686 2608 1742 tria
2635 1695 2717 1743 est
2740 1688 2929 1755 deitas,
2960 1701 3079 1758 quas
3098 1688 3211 1753 tria
3239 1688 3381 1745 Deus
3409 1687 3597 1759 Pater,
3629 1688 3779 1747 Deus

2186 1774 2374 1845 Filius,
2404 1776 2545 1835 Deus
2570 1777 2804 1849 Spiritus
2831 1786 3070 1845 sanctus,
3118 1794 3241 1835 cum
3280 1792 3621 1851 unaquaeque
3653 1795 3778 1851 per-

498 1871 818 1935 ὗποστάσεις
842 1876 1127 1952 κηρύττειν,
1152 1876 1306 1947 ἤγουν
1323 1877 1444 1953 τρία
1467 1876 1743 1951 πρόσωπα,
1767 1878 1850 1932 καί
1869 1874 2075 1934 εκάστην

2186 1882 2320 1925 sona
2340 1867 2515 1925 solum
2530 1866 2864 1939 intelligitur,
2874 1877 3058 1925 mente
3068 1877 3351 1941 separante
3366 1870 3775 1941 inseparabilia,

495 1966 628 2035 μετά
644 1972 738 2028 τῆς
755 1964 1023 2029 ἰδιότητος.
1037 1971 1127 2026 καί
1142 1966 1257 2024 οὔτε
1278 1972 1369 2028 τὴν
1386 1969 1562 2024 ἕνωσιν
1583 1967 1681 2040 [ἵσ·
1707 1962 2084 2040 ὁμολογοῦντες]

494 2056 762 2130 σύγχυσιν
783 2061 1093 2134 ἔργαζόμεθα
1113 2061 1240 2116 κατὰ
1262 2059 1539 2125 Σαϐἐλλιον,
1565 2056 1618 2113 ἓν
1637 2058 1914 2127 πρόσωπον
1934 2059 2087 2134 τριώ-

494 2142 653 2224 νυμον
680 2152 888 2223 λέγοντα
913 2158 1006 2213 τήν
1031 2151 1246 2228 τριάδα,
1274 2153 1359 2209 τὸν
1388 2154 1535 2209 αὐτὸν
1562 2154 1790 2229 πατέρα,
1830 2154 1917 2207 καί
1938 2150 2078 2217 υίόν,

495 2242 576 2295 ειαί
601 2238 746 2314 ἅγιον
770 2250 1004 2317 πνεῦμα,
1035 2241 1155 2300 οὔτε
1198 2241 1510 2319 διαιροῦντες
1545 2242 1642 2315 [ἴσ.
1671 2245 1763 2304 τάς
1802 2238 2081 2312 ἰδιότητας]

496 2328 855 2408 ἀλλοτριοῦμεν
877 2342 969 2395 τῆς
994 2339 1086 2391 τοῦ
1125 2341 1252 2391 Θεοῦ
1274 2335 1468 2411 πατρὸς
1503 2335 1678 2395 οὐσίας
1714 2334 1798 2389 τὸν
1826 2334 1963 2399 υἱὸν,
1998 2334 2083 2387 καί

498 2426 560 2483 τὸ
583 2435 783 2503 πνεῦμα
811 2432 871 2486 τὸ
896 2429 1067 2505 ἅγιον,
1103 2431 1233 2487 κατά
1258 2436 1349 2490 τήν
1374 2430 1562 2505 ’Δρείου
1596 2432 1799 2504 μανίαν,
1831 2431 1903 2490 εἰς
1938 2435 2081 2503 τρεῖς

498 2514 766 2597 διαφόρους
790 2523 968 2584 οὐσίας
1005 2522 1388 2596 κατατέμνοντες
1422 2529 1512 2583 τήν
1544 2523 1775 2582 θεότητα.
1810 2519 1894 2584 Εἷς
1916 2523 2082 2578 τοίνυν

498 2609 625 2671 Θεὸς
662 2609 688 2665 ὸ
719 2617 910 2687 πατήρ,
942 2615 993 2680 ἐξ
1026 2612 1087 2669 οὖ
1116 2616 1183 2672 τά
1210 2615 1403 2672 πάντα·
1436 2618 1523 2670 καί
1548 2610 1620 2675 εἷς
1647 2614 1753 2675 υίὸς
1786 2618 2074 2685 μονογενὴς,

497 2695 563 2756 δι’
584 2697 646 2757 οὗ
668 2704 736 2761 τά
758 2706 953 2762 πάντα⁶
985 2707 1069 2763 καί
1093 2704 1145 2761 ἓν
1166 2712 1368 2779 πνεῦμα
1392 2705 1554 2780 ἅγιον,
1586 2705 1637 2760 ἐν
1664 2700 1703 2779 ᾧ
1725 2704 1790 2761 τά
1814 2708 2001 2759 πάντα.

2187 1966 2243 2016 et
2264 1958 2368 2015 tria
2396 1975 2536 2019 unus
2562 1959 2740 2030 Deus,
2786 1975 2908 2016 cum
2951 1961 3110 2016 simul
3154 1960 3523 2032 intelliguntur
3544 1970 3778 2034 propter

2187 2054 2433 2110 eamdem
2474 2055 2726 2111 virtutem
2769 2055 3124 2126 eamdemque
3152 2063 3400 2111 naturam
3446 2073 3461 2110 :
3511 2058 3779 2129 quoniam

2189 2155 2404 2219 oportet
2447 2155 2504 2203 et
2533 2163 2695 2203 unum
2724 2147 2896 2204 Deum
2923 2144 3199 2215 conﬁteri,
3245 2157 3301 2205 et
3327 2157 3439 2205 tres
3466 2148 3777 2206 subsisten-

2188 2238 2292 2294 tias
2320 2236 2636 2310 praedicare,
2663 2252 2761 2294 seu
2786 2247 2899 2295 tres
2927 2253 3188 2310 personas
3205 2280 3221 2307 ,
3252 2248 3308 2296 et
3334 2254 3778 2312 unamquamque

2188 2344 2311 2386 cum
2339 2345 2433 2386 sua
2461 2330 2815 2401 proprietate.
2848 2328 2918 2387 Et
2940 2331 3202 2388 unitatem
3231 2331 3587 2401 conﬁtentes,
3638 2348 3778 2389 con-

2187 2420 2453 2480 lusionem
2480 2439 2591 2481 non
2632 2424 2864 2482 facimus
2889 2424 3188 2483 secundum
3215 2424 3527 2493 Sabellium,
3578 2426 3778 2484 dicen-

2187 2523 2296 2573 tem
2323 2559 2337 2585 ,
2384 2516 2704 2575 Trinitatem
2751 2533 2915 2576 unam
2961 2534 3082 2577 esse
3126 2535 3412 2591 personam
3452 2520 3779 2576 trinominm

2189 2610 2598 2685 [trinonymum]
2625 2612 2880 2670 eumdem
2904 2612 3139 2679 Patrem,
3171 2620 3225 2669 et
3252 2612 3468 2679 Filium,
3498 2621 3557 2669 et
3594 2612 3779 2684 Spiri-

2185 2709 2301 2758 tum
2322 2712 2569 2761 sanctum
2592 2721 2607 2760 :
2633 2719 2735 2762 nec
2754 2704 3056 2762 dividentes
3075 2704 3453 2776 proprietates,
3469 2704 3780 2761 alienamus

2184 2809 2217 2850 a
2242 2793 2341 2850 Dei
2367 2795 2543 2852 Patris
2569 2796 2872 2855 substantia
2894 2795 3090 2853 Filium
3117 2804 3174 2853 et
3207 2796 3469 2868 Spiritum
3493 2804 3776 2864 sanctum,

494 2883 787 2943 secundum
812 2886 926 2943 Arii
961 2885 1221 2954 furorem,
1253 2887 1309 2944 in
1367 2894 1479 2944 tres
1527 2886 1768 2943 diversas
1804 2886 2038 2958 [naturas
2065 2884 2364 2943 incidentes
2408 2886 2684 2943 deitatem.
2722 2886 2872 2963 Unus
2920 2889 3083 2959 igitur
3132 2889 3273 2977 Deus
3310 2888 3498 2957 Pater,
3546 2904 3620 2947 ex
3667 2903 3780 2961 quo

496 2976 675 3051 omnia
701 2993 715 3031 :
747 2985 803 3053 et
829 2993 968 3051 unus
995 2978 1306 3053 unigenitus
1324 2977 1511 3053 Filius,
1535 2992 1638 3051 per
1661 2992 1824 3049 quem
1847 2976 2029 3034 omnia
2055 2994 2069 3031 :
2110 2983 2168 3033 et
2194 2992 2331 3032 unus
2356 2977 2589 3049 Spiritus
2616 2986 2856 3047 sanctus,
2888 2980 2945 3036 in
2969 2996 3077 3052 quo
3106 2976 3308 3037 omnia.

563 3121 931 3194 Ὀμολογοῦμεν
968 3118 1024 3177 δί
1056 3120 1206 3176 αὐτὸν
1238 3118 1326 3174 τὸν
1361 3125 1599 3192 μονογενῆ
1637 3117 1750 3174 υίὸν
1776 3122 1869 3174 τοῦ
1913 3124 2071 3187 Θεοῦ,

2249 3114 2586 3199 Conﬁtemur
2612 3125 2797 3197 autem
2822 3118 3001 3189 ipsum
3029 3119 3363 3188 unigenitum
3401 3118 3600 3177 Filium
3648 3120 3779 3192 Dei,

493 3217 617 3272 Θεὸν
638 3216 806 3289 λόγον,
846 3216 932 3273 τὸν
964 3216 1066 3290 πρὸ
1092 3215 1279 3269 αἰώνων
1306 3216 1391 3269 καί
1415 3214 1655 3289 άχρόνως
1682 3214 1738 3268 ίκ
1761 3219 1854 3270 τοῦ
1885 3215 2077 3293 πατρὸς

494 3310 801 3382 γεννηθέντα,
829 3309 888 3362 οὗ
913 3308 1184 3366 ποιηθέντα
1204 3344 1221 3371 ,
1246 3304 1328 3362 ἐπ’
1368 3305 1611 3375 ἐσχάτων
1652 3312 1751 3361 τῶν
1789 3305 1984 3383 ἡμερῶν
2012 3303 2079 3359 δι’

496 3404 652 3470 ἡμᾶς,
678 3400 765 3453 καί
793 3397 876 3454 διὰ
897 3404 989 3458 τὴν
1013 3401 1258 3477 ἡμετέραν
1294 3404 1551 3476 σωτηρίαν
1578 3400 1874 3457 κατελθόντα
1901 3401 1953 3453 ἐκ
1979 3408 2078 3456 τῶν

495 3491 741 3562 οὐρανῶν,
771 3494 855 3545 καί
879 3491 1199 3567 σαρκωθίντα
1236 3492 1290 3546 ἐκ
1326 3492 1613 3562 πνεύματος
1643 3490 1820 3565 ἁγίου,
1860 3493 1948 3546 καί
1987 3496 2078 3551 τῆς

495 3580 645 3653 ἁγίας
691 3579 888 3646 ἐνδόξου
932 3582 1193 3648 θιοτόκου,
1237 3584 1321 3637 καί
1347 3582 1681 3656 ἆειπαρθὲνου
1722 3583 1950 3658 Μαρίας,
1994 3582 2079 3637 καί

496 3674 785 3749 γεννηθέντα
814 3674 864 3740 ἔξ
892 3675 1077 3739 αὐτῆς,
1115 3671 1168 3736 ὃς
1203 3675 1311 3729 ἐστι
1338 3674 1511 3750 κύριος
1536 3678 1732 3735 Ἰησοῦς
1758 3673 1978 3748 Χριστὸς
2007 3668 2078 3733 εἷς

492 3774 587 3827 τῆς
610 3764 760 3838 ἁγίας
778 3762 1005 3841 τριάδος,
1032 3764 1300 3837 ὸμοούσιος
1320 3774 1394 3840 τῷ
1419 3767 1515 3839 θεῷ
1540 3769 1623 3825 καί
1648 3768 1810 3843 πατρί
1836 3767 1967 3822 κατά
1985 3770 2077 3825 τήν

490 3853 728 3927 οεὸτητα,
760 3860 847 3914 καί
874 3856 1141 3930 ὸμοούσιος
1167 3859 1284 3929 ἡμῖν
1311 3857 1341 3913 ὸ
1361 3860 1519 3920 αὐτὸς
1544 3859 1677 3915 κατά
1706 3863 1799 3918 τήν
1823 3857 2078 3935 ἀνθρωπό-

495 3966 646 4015 τητα,
673 3951 897 4017 παθητὸς
925 3953 1092 4028 σαρκί,
1126 3952 1323 4013 ἀπαθὴς
1348 3949 1375 4009 ὃ
1400 3953 1548 4014 αὐτὸς
1576 3951 1791 4011 θεότητι.
1824 3951 1953 4007 Οὔτε
1973 3953 2075 4027 γάρ

494 4041 667 4119 ἵτερός
692 4046 772 4105 τίς
808 4045 919 4101 ἐστι
947 4047 1088 4119 παρά
1112 4036 1201 4101 τόνζ
1224 4045 1344 4100 Θεὸν
1362 4043 1506 4119 λόγον
1530 4043 1556 4101 ὸ
1584 4045 1643 4099 τὸ
1669 4046 1826 4106 πάθος
1861 4048 1945 4099 καί
1992 4045 2077 4101 τὸν

494 4135 703 4193 θάνατον
741 4135 1153 4212 άναδεδεγμίνος’
1191 4136 1297 4193 ἀλλ’
1324 4137 1480 4198 αὐτὸς
1518 4138 1543 4191 ὀ
1582 4138 1778 4198 ἀπαθής
1805 4140 1888 4192 καὶ
1916 4135 2076 4200 ἀίδιος

462 4290 475 4299 ν
493 4232 585 4281 τοῦ
614 4232 741 4283 Θεοῦ
764 4226 908 4300 λόγος
927 4231 1201 4301 γεννήσεως
1224 4226 1414 4306 σαρκὸς
1432 4228 1744 4303 ἀνθρωπίνης
1772 4225 2073 4300 ἀνασχόμε-

492 4336 599 4382 νος,
632 4318 700 4373 τά
721 4319 889 4375 πάντα
916 4320 1233 4393 πεπλήρωκε.
1262 4320 1343 4375 Διὸ
1381 4321 1467 4375 οὐκ
1505 4316 1653 4375 ἄλλον
1678 4320 1764 4376 τὸν
1787 4321 1910 4376 Θεὸν
1932 4320 2075 4392 λόγον

492 4409 578 4464 τὸν
614 4409 1163 4487 θαυματουργήσαντα,
1199 4414 1280 4466 καί
1321 4406 1461 4467 ἄλλον
1489 4412 1573 4467 τὸν
1611 4412 1830 4487 Χριστὸν
1852 4413 1938 4467 τὸν
1968 4432 2073 4469 πα·

2182 3207 2350 3264 Deum
2380 3208 2635 3277 Verbum,
2660 3219 2787 3266 ante
2805 3211 3001 3267 saecula
3025 3219 3083 3268 et
3107 3212 3225 3268 sine
3252 3221 3497 3284 tempore
3515 3228 3588 3270 ex
3607 3213 3782 3273 Patre

2182 3308 2386 3370 natum,
2416 3317 2526 3358 non
2552 3301 2751 3359 factum
2768 3343 2786 3371 ,
2815 3304 2873 3360 in
2898 3305 3103 3362 ultimis
3127 3306 3318 3363 diebus
3343 3314 3569 3378 propter
3589 3324 3699 3365 nos
3723 3316 3781 3367 et

2181 3400 2404 3463 propter
2425 3399 2664 3449 nostram
2693 3394 2923 3451 salutem
2945 3396 3288 3455 descendisse
3312 3397 3380 3455 de
3402 3399 3576 3465 oculis,
3595 3409 3658 3456 et
3688 3401 3780 3457 in-

2180 3494 2458 3542 carnatum
2488 3501 2610 3543 esse
2650 3502 2717 3543 ex
2755 3487 2958 3560 Spiritu
2987 3498 3201 3559 sancto,
3233 3500 3289 3547 et
3313 3493 3779 3563 sancta-gloriosa

2180 3580 2276 3637 Dei
2297 3580 2575 3640 Genitrice
2594 3598 2808 3655 semper
2824 3585 3035 3656 virgine
3045 3586 3234 3653 Maria,
3251 3596 3309 3647 et
3332 3597 3518 3646 natum
3539 3605 3610 3647 ex
3626 3592 3780 3663 ipsa,

2178 3673 2271 3744 qui
2301 3681 2386 3730 est
2411 3673 2672 3732 Dominus
2698 3674 2854 3733 Jesus
2871 3675 3138 3745 Christus,
3168 3694 3309 3736 unus
3330 3679 3400 3737 de
3424 3689 3617 3739 sancta
3646 3682 3781 3741 Tri-

2178 3765 2381 3835 nitate,
2428 3768 2896 3827 consubstantialis
2942 3769 3053 3827 Deo
3094 3768 3240 3827 Patri
3262 3774 3557 3830 secundum
3592 3772 3783 3833 θείω.

2178 3866 2289 3917 tem
2308 3901 2326 3929 ,
2368 3869 2425 3917 et
2449 3862 2920 3922 consubstantialis
2945 3864 3102 3922 nobis
3140 3865 3283 3923 idem
3323 3867 3439 3939 ipse
3466 3870 3782 3927 secundum

2178 3950 2589 4018 humanitatem,
2613 3953 2883 4024 passibilis
2901 3969 3084 4023 carne,
3109 3955 3455 4028 impassibilis
3483 3956 3636 4014 idem
3657 3960 3783 4031 ipse

2179 4043 2399 4102 deitate.
2448 4046 2568 4102 Non
2615 4048 2760 4103 enim
2789 4047 2925 4105 alius
2964 4048 3181 4118 quidam
3221 4058 3304 4107 est
3347 4057 3548 4123 praeter
3597 4050 3784 4110 Deum

2177 4133 2413 4191 Verbum
2436 4178 2451 4204 ,
2500 4137 2593 4208 qui
2627 4138 2938 4208 passionem
2977 4147 3033 4196 et
3072 4148 3306 4197 mortem
3348 4142 3593 4213 suscepit
3627 4161 3643 4196 :
3682 4142 3786 4202 sed

2177 4224 2293 4297 ipse
2322 4226 2665 4297 impassibilis
2693 4237 2749 4285 et
2776 4229 3137 4301 sempiternus
3162 4229 3304 4288 Deus
3332 4231 3572 4289 Verbum
3601 4248 3786 4304 gene-

2175 4319 2440 4375 rationem
2464 4320 2643 4376 carnis
2664 4322 2913 4379 humana:
2938 4323 3206 4380 sustinere
3227 4324 3493 4395 dignatus,
3521 4326 3786 4398 implevit

2177 4412 2377 4468 omnia.
2405 4410 2534 4469 Ideo
2562 4428 2671 4469 non
2695 4413 2859 4469 alium
2879 4413 3049 4471 Deum
3062 4415 3298 4472 Verbum
3327 4431 3446 4473 esse
3470 4419 3565 4487 qui
3594 4420 3781 4476 mira-

492 4498 641 4556 Θὸντα
678 4500 1019 4571 ἐπιστάμεθα’
1058 4501 1161 4557 ἀλλ’
1186 4501 1276 4558 ἵνα
1313 4508 1395 4558 καί
1433 4505 1519 4560 τὸν
1547 4507 1692 4560 αὗτόν
1727 4507 1894 4582 κύριον
1929 4507 2069 4577 ἡμῶν

2180 4512 2290 4569 cuia
2319 4519 2575 4583 operatus
2603 4521 2703 4581 est,
2734 4521 2791 4569 et
2818 4513 2981 4569 alium
3010 4513 3288 4571 Christum
3316 4516 3408 4587 qui
3432 4531 3629 4588 passus
3667 4529 3783 4588 est,

491 4599 686 4654 Ἰησοῦν
728 4594 945 4669 Χριστὸν
984 4594 1069 4650 τὸν
1114 4600 1205 4650 τοῦ
1245 4600 1371 4649 Θεοῦ
1412 4595 1554 4667 λόγον
1596 4599 1943 4671 σαρκωθίντα,
1991 4600 2074 4653 καί

496 4684 974 4763 ἕνανθρωπήσαντα,
1006 4688 1085 4740 καί
1126 4691 1215 4741 τοῦ
1245 4686 1399 4741 αὐτοῦ
1439 4685 1557 4756 τάγε
1598 4687 1861 4757 θαύματα,
1900 4691 1985 4744 καί
2009 4689 2074 4746 τά

495 4778 651 4841 πάθη,
685 4775 817 4854 άπερ
844 4776 1083 4836 ἑκουσίως
1109 4778 1339 4850 ὑπέμεινε
1368 4781 1540 4852 σαρκί,
1572 4776 1927 4850 ὁμολογοῦμεν
1956 4778 2074 4837 οὔτε

489 4871 586 4949 γάρ
608 4866 872 4943 ἅνθρωπός
898 4890 977 4933 τις
1005 4870 1137 4947 ὑπὲρ
1160 4872 1299 4941 ἡμῶν
1328 4869 1504 4925 ἑαυτὸν
1525 4866 1759 4938 δέδωκεν,
1793 4871 1896 4926 ἀλλ’
1924 4873 2076 4937 αὐτὸς

492 4946 518 5019 ὸ
541 4946 663 5027 Θεὸς
699 4961 845 5037 λόγος
874 4963 933 5019 τὸ
958 4961 1084 5021 ἴδιον
1108 4946 1275 5035 σῶμα
1302 4962 1511 5020 δέδωκεν
1539 4965 1671 5039 ὑπὲρ
1695 4966 1835 5036 ἡμῶν
1854 5005 1869 5034 ,
1898 4965 1978 5023 ἵνα
2006 4971 2075 5039 μὴ

418 5072 451 5109 ο
491 5058 560 5117 εἷς
591 5048 848 5133 ἄνθρωπον
870 5057 903 5115 ἦ
922 5060 1098 5118 πίστις
1118 5059 1200 5112 καί
1220 5059 1250 5116 ἡ
1278 5057 1416 5119 ἐλπίς
1445 5058 1582 5129 ἡμῶν
1608 5054 1661 5135 ᾖ,
1689 5056 1796 5113 ἀλλ’
1822 5058 1894 5121 είς
1922 5059 2075 5115 αὐτὸν

489 5148 574 5205 τὸν
612 5149 732 5205 Θεὸν
769 5149 915 5222 λόγον
955 5154 1044 5209 τήν
1070 5151 1319 5224 ἡμετέραν
1352 5155 1527 5207 πίστιν
1566 5149 1793 5225 ἔχωμεν.
1822 5155 1910 5208 Kal
1950 5154 2074 5210 Θεὸν

487 5245 651 5299 τοίνυν
684 5243 834 5300 αὐτὸν
875 5243 1233 5318 ὁμολογοῦντες
1260 5245 1345 5299 οὐκ
1374 5245 1647 5315 ἀθετοῦμεν
1676 5247 1733 5301 τὸ
1764 5241 1889 5301 εἶναι
1923 5248 2072 5304 αὐτὸν

486 5340 570 5391 καί
598 5332 890 5414 ἄνθρωπον·
923 5339 1006 5393 καί
1034 5324 1297 5413 ἄνθρωπον
1322 5338 1543 5413 λέγοντες
1569 5338 1743 5404 αὑτὸν,
1775 5341 1865 5395 οὐκ
1886 5342 2072 5415 ἀρνού-

486 5434 611 5502 μεθα
637 5432 696 5488 τὸ
725 5428 850 5487 εἶναι
877 5433 1026 5490 αὑτὸν
1054 5436 1135 5488 καί
1162 5433 1303 5489 Θεόν.
1322 5435 1378 5488 Εἰ
1405 5434 1502 5508 γάρ
1528 5436 1653 5495 Θεὸς
1679 5434 1826 5507 μόνον
1849 5433 1932 5502 ἦν,
1955 5445 2067 5498 πῶς

484 5521 723 5595 ἴπασχες
784 5532 896 5588 πῶς
947 5527 1266 5600 ἕσταυροῧτο
1314 5529 1397 5582 καί
1442 5527 1778 5591 anteum»;
1827 5529 2070 5602 ἀλλότρια

482 5618 581 5693 γάρ
609 5624 775 5672 ταῦτα
800 5624 947 5673 Θεοῦ.
978 5623 1040 5671 El
1063 5617 1117 5675 δέ
1146 5614 1404 5697 ἄνθρωπος
1431 5619 1602 5692 μόνον,
1620 5626 1729 5681 πῶς
1747 5617 1832 5676 διὰ
1856 5628 1945 5677 τοῦ
1971 5623 2071 5677 πά-

481 5707 600 5770 θους
629 5710 789 5775 itaista;
816 5717 925 5771 πῶς
954 5707 1142 5778 (suits;
1170 5716 1281 5772 πῶς
1307 5711 1594 5776 ὸζωοποίει;
1628 5718 1795 5768 ταῦτα
1817 5714 1917 5787 γάρ
1939 5713 2068 5791 ὑπὲρ

480 5797 734 5879 ἄνθρωπον
757 5797 838 5860 ἦν.
871 5808 969 5859 Νῦν
988 5800 1044 5859 δέ
1078 5801 1103 5859 ὸ
1127 5802 1278 5864 αὐτὸς
1302 5805 1539 5876 πάσχει,
1568 5805 1652 5860 καί
1678 5806 1853 5873 σώζει,
1883 5808 1965 5861 καί
1988 5804 2072 5861 διά

482 5902 571 5955 τοῦ
600 5894 789 5957 πάθους
818 5894 989 5967 νικᾷ,ό
1011 5896 1162 5958 αὐτὸς
1182 5896 1325 5959 Θεὸς.
1350 5894 1376 5952 ό
1400 5896 1559 5959 αὐτὸς
1588 5893 1850 5971 ἅνθρωπος
1873 5897 1932 5953 τὸ
1957 5919 2071 5955 συν·

2176 4607 2549 4678 cognoscimus
2582 4625 2594 4662 :
2627 4607 2724 4663 sed
2763 4623 2928 4663 unum
2957 4608 3317 4679 eumdemque
3350 4608 3643 4665 Dominum
3675 4628 3787 4670 no-

2178 4706 2350 4754 strum
2376 4697 2559 4755 Jesum
2590 4699 2884 4765 Christum,
2909 4699 3003 4754 Dei
3030 4699 3265 4756 Verbum
3296 4700 3648 4758 incarnatum
3671 4744 3692 4771 ,
3724 4714 3787 4762 et

2176 4790 2451 4846 hominem
2478 4790 2698 4859 factum,
2728 4799 2783 4848 et
2810 4791 3049 4861 ejusdem
3071 4792 3237 4864 ipsius
3264 4793 3529 4849 miracula
3551 4802 3611 4851 et
3644 4812 3787 4868 pas-

2177 4880 2379 4947 siones,
2419 4896 2555 4952 quas
2592 4897 2757 4939 carne
2786 4883 3089 4940 voluntarie
3110 4885 3389 4951 sustinuit,
3417 4884 3785 4946 conﬁtemur.

2177 4969 2296 5027 Non
2325 4972 2469 5027 enim
2487 4971 2653 5028 homo
2681 4973 2875 5042 aliquis
2901 4990 3001 5045 pro
3029 4975 3187 5032 nobis
3210 4974 3559 5047 semetipsum
3590 4977 3781 5047 dedit,

2177 5061 2273 5120 sed
2302 5063 2416 5134 ipse
2437 5063 2579 5119 Deus
2607 5062 2841 5121 Verbum
2871 5080 3028 5121 suum
3057 5082 3257 5138 corpus
3277 5083 3375 5138 pro
3405 5068 3562 5124 nobis
3589 5068 3780 5137 dedit,

2175 5167 2246 5208 ne
2270 5153 2325 5209 in
2354 5153 2629 5209 hominem
2650 5153 2781 5211 ﬁdes
2802 5162 2857 5211 et
2880 5171 3004 5227 spes
3029 5165 3215 5213 nostra
3244 5158 3347 5226 sit,
3381 5158 3477 5214 sed
3497 5159 3552 5213 in
3582 5160 3780 5230 ipsum

2176 5244 2347 5301 Deum
2389 5244 2625 5302 Verbum
2653 5253 2895 5302 nostram
2922 5245 3079 5303 ﬁdem
3110 5248 3424 5305 habeamus.
3474 5248 3539 5305 Et
3587 5250 3784 5309 Deum

2175 5335 2337 5409 igitur
2365 5354 2489 5395 eum
2528 5336 2883 5407 conﬁtentes,
2931 5354 3042 5396 non
3069 5340 3401 5413 abnegamus
3426 5341 3605 5414 ipsum
3640 5360 3788 5403 esse

2177 5439 2234 5488 et
2260 5432 2534 5488 hominem
2568 5449 2584 5487 :
2615 5442 2670 5488 et
2689 5432 2963 5488 hominem
2989 5432 3230 5489 dicentes
3252 5449 3396 5502 eum,
3447 5449 3557 5490 non
3587 5436 3785 5494 abne-

2176 5541 2366 5599 gamns
2392 5528 2566 5599 ipsum
2593 5536 2788 5585 esseet
2816 5528 3003 5586 Deum.
3046 5526 3105 5584 Si
3147 5528 3294 5584 enim
3329 5528 3473 5586 Deus
3512 5534 3785 5587 tantum-

2176 5618 2339 5673 modo
2357 5626 2523 5688 esset,
2540 5620 2810 5692 quomodo
2825 5619 3166 5690 patiebatur?
3184 5618 3459 5689 quomodo
3478 5620 3787 5692 cruciﬁge-

2172 5698 2336 5767 batur
2364 5719 2419 5766 et
2447 5712 2811 5768 moriebatur?
2836 5711 3025 5767 Aliena
3055 5710 3195 5768 enim
3227 5711 3329 5767 ista
3358 5719 3484 5767 sunt
3503 5709 3640 5767 Deo.
3668 5712 3785 5770 Sin

2180 5811 2360 5860 autem
2383 5803 2547 5861 homo
2569 5804 2764 5874 solum,
2801 5804 3074 5875 quomodo
3102 5818 3203 5876 per
3231 5803 3540 5877 passionem
3570 5803 3782 5861 vince-

2174 5895 2308 5952 bat?
2331 5894 2607 5965 quomodo
2628 5897 2805 5954 salvos
2829 5888 3092 5954 faciebat?
3107 5896 3393 5965 Quomodo
3415 5894 3785 5960 viviﬁcabat?
