3988 6346
267 305 370 387 299

1362 317 1733 415 susurnam
1768 318 1899 417 un,
1938 323 2099 403 εον.
2138 326 2511 392 omanem.

3418 338 3528 423 βο

266 442 571 509 αμψοτερον,
612 423 846 505 gis-eicis
879 429 1143 508 ἑκάτερον,
1166 435 1243 497 ’ὡς
1277 436 1440 512 μόνον.
1467 438 1615 505 Ὀθεν
1641 441 1691 509 ἐξ
1726 439 1823 517 ἕκατ

1942 439 2069 509 Haec
2087 443 2233 498 enim
2250 459 2412 519 supra
2432 444 2931 539 hominisnaturam
2957 457 3134 539 erant.
3161 449 3315 527 Nunc
3336 410 3519 527 autem

266 520 412 590 τέρας
438 518 655 590 φύσεως,
682 525 941 581 τουτέστιν
966 525 1016 579 ἐκ
1044 523 1277 592 θεότητος
1316 533 1399 609 καί
1428 532 1842 607 ἀνθρωπότητος,

262 609 349 667 ἕνα
370 612 586 685 Χριστὸν
615 611 852 672 σύνθετον
889 619 1137 694 λέγοντες,
1169 621 1517 703 σύγχυσιντῇ
1544 626 1725 695 ἕνώσει
1751 628 1843 682 οὑκ

261 701 612 777 ἔπεισάγομεν.
641 709 735 777 Καὶ
756 709 805 764 ἐν
827 708 1039 792 ἑκατέρᾳ
1062 711 1116 768 δὲ
1154 716 1331 789 φύσει,
1372 719 1637 775 τουτέστιν
1657 719 1707 791 ἐν
1736 717 1846 773 θεό-

260 815 367 852 τητι
414 798 497 852 καί
549 798 927 872 ἀνθρωπότητι,
981 806 1066 860 τὸν
1114 808 1201 865 ἕνα
1246 808 1412 888 κύριον
1473 813 1611 883 ἡμῶν
1653 808 1843 871 Ἰησοῦν

256 890 469 962 Χριστόν
495 890 579 947 τὸν
605 900 694 949 τοῦ
720 902 847 951 Θεοῦ
877 895 1016 974 λόγον
1045 904 1392 979 σαρκωθέντα,
1419 908 1503 961 καί
1529 905 1843 982 ἐνανθρωπή·

255 1000 418 1041 σαντα
444 985 800 1055 γινώσκοντες,
847 985 1095 1067 διαίρεσιν
1132 994 1221 1065 μέν
1253 1016 1365 1059 τινα
1406 992 1497 1067 [ἵσ.
1545 995 1638 1053 ἀνά
1666 995 1841 1071 μέρος]

251 1069 506 1148 impegi
527 1080 686 1147 τομήν
705 1078 790 1133 οὑκ
809 1078 1108 1157 ἐπιφέρομεν
1134 1092 1197 1160 τῇ
1227 1091 1321 1158 μιᾷ.
1340 1088 1495 1143 αὑτοῦ
1523 1088 1808 1145 ὑποστάσει
1821 1102 1838 1120 ⁶

249 1166 336 1221 τήν
357 1159 411 1218 δέ
435 1159 674 1241 διαφοράν
703 1174 801 1224 τῶν
827 1168 1043 1240 φύσεων,
1074 1173 1126 1240 ἐξ
1152 1170 1217 1227 ὧν
1238 1178 1325 1230 καί
1353 1176 1623 1243 συνετέθη,
1652 1177 1842 1250 σημαί-

247 1275 414 1327 νομεν,
462 1257 550 1311 οὑκ
592 1259 901 1336 ἀνῃρημένην
942 1261 1141 1325 διάτὴν
1169 1265 1383 1336 ἕνωσιν,
1426 1267 1599 1330 ἐπειδὴ
1625 1269 1840 1344 ἑκατέρα

244 1348 397 1427 φύσις
423 1349 563 1405 ἐστὶν
592 1352 642 1404 ἐν
671 1352 829 1424 αύτῷ.
860 1355 1144 1420 Συνθέσεως
1170 1360 1267 1436 γάρ
1293 1358 1714 1434 ὁμολογουμένας,
1751 1361 1839 1417 καί

243 1438 307 1492 τά
329 1440 464 1515 μέρη
488 1439 534 1494 ἐν
558 1447 629 1511 τῷ
656 1434 753 1517 ὅλῳ
780 1444 1042 1521 ὑπάρχει,
1074 1450 1164 1504 καὶ
1194 1453 1254 1505 τὸ
1295 1450 1409 1506 ὅλον
1434 1452 1483 1506 ἐν
1509 1459 1614 1515 τοῖς
1656 1450 1837 1526 μέρεσι

243 1530 569 1602 γινώσκεται.
601 1530 730 1589 Οὔτε
766 1534 867 1614 γάρ
910 1538 941 1597 ἡ
980 1538 1089 1593 θεία
1117 1541 1271 1611 φύσις
1309 1543 1381 1603 είς
1405 1546 1493 1602 τήν
1526 1542 1839 1619 ἀνθρωπίνην

242 1621 560 1691 μετεϐλήθη,
601 1622 718 1681 οὔτε
763 1622 817 1682 δέ
858 1629 889 1685 ἦ
934 1630 1218 1709 ἀνθρωπίνη
1257 1633 1406 1704 φύσις
1448 1635 1520 1695 είς
1567 1638 1657 1693 τήν
1705 1634 1840 1689 θείαν

240 1709 472 1788 ἕτράπη*
500 1716 765 1787 νοουμένης
795 1715 848 1774 6t
878 1721 1087 1791 μᾶλλον,
1116 1725 1200 1799 καί
1226 1724 1575 1801 ὑπαρχούσης
1596 1723 1837 1800 ἑκατέρας

1892 538 1895 539 ⁷
1947 530 2092 605 idem
2119 533 2234 606 ipse
2259 536 2487 623 patitur,
2517 545 2576 594 et
2598 537 2777 596 salvos
2804 530 2968 619 facit,
2994 530 3051 617 et
3077 534 3176 623 per
3212 547 3521 629 passionem

1944 625 2129 697 vincit,
2156 620 2299 684 idem
2322 628 2438 701 ipse
2457 628 2631 701 Deus,
2664 630 2780 704 ipse
2806 633 2998 702 homo,
3030 620 3521 711 utrumsiue‘ﬂtan-

1944 731 2103 790 quam
2132 735 2297 776 unum
2320 759 2338 788 ,
2384 729 2669 793 utrumque
2713 732 2968 796 tanquam
3012 728 3208 786 solum.
3263 714 3416 793 Unde
3449 745 3522 791 ex

1943 802 2173 880 utraque
2193 817 2406 882 natura,
2425 810 2477 868 id
2502 820 2583 869 est
2609 829 2675 877 ea
2688 814 2888 872 deitate
2908 817 3329 891 ethumanitate,
3353 840 3519 881 unum

1942 898 2212 960 Christum
2232 905 2587 978 compositum
2608 906 2870 978 dicentes,
2892 911 3265 991 confusionem
3292 918 3521 979 unitioui

1941 1009 2051 1051 non
2070 995 2472 1056 introducimus.
2500 998 2567 1053 Et
2588 1001 2642 1057 in
2666 1008 2892 1073 utraque
2919 1012 3099 1062 autem
3120 1017 3334 1077 natura,
3363 1010 3417 1069 id
3437 1021 3523 1070 est

1939 1084 1994 1144 in
2020 1087 2299 1148 divinitate
2317 1098 2373 1148 et
2400 1092 2752 1163 humanitate,
2776 1112 2940 1152 unum
2960 1097 3246 1157 Dominum
3274 1110 3516 1161 nostrum

1937 1175 2123 1243 Jesum
2141 1178 2413 1239 Christum
2429 1182 2772 1241 DeiVerbum
2788 1186 3143 1257 incarnatum,
3166 1202 3222 1249 et
3241 1192 3516 1251 hominem

1936 1269 2138 1331 factum
2162 1285 2569 1345 cognoscentes,
2600 1278 2920 1337 divisionem
2947 1281 3162 1353 quidem
3190 1298 3290 1356 per
3314 1293 3518 1358 partes,

1937 1365 2025 1423 vel
2051 1366 2370 1426 incisionem
2409 1386 2518 1427 non
2543 1369 2821 1435 inferimus
2851 1376 2945 1449 uni
2969 1376 3085 1448 ejus
3109 1377 3467 1437 subsistentia:
3499 1397 3514 1435 :

1937 1456 2292 1519 differentiam
2318 1471 2496 1533 autem
2518 1473 2852 1543 naturarum,
2880 1486 2950 1529 ex
2973 1472 3166 1543 quibus
3184 1477 3517 1546 compo‘situs

1936 1558 2038 1617 est,
2068 1550 2450 1623 signiﬁcamus,
2473 1571 2585 1614 non
2605 1546 2984 1635 interemptam
3005 1571 3229 1635 propter
3253 1566 3516 1625 unitatem

1938 1639 2280 1719 [unitionem]
2302 1684 2318 1713 ,
2362 1648 2618 1723 quoniam
2664 1656 2895 1721 utraque
2939 1661 3131 1712 natura
3169 1655 3228 1712 in
3265 1656 3384 1729 ipso
3410 1664 3512 1715 est.

1936 1732 2071 1791 Cum
2098 1736 2243 1803 enim
2269 1739 2719 1810 compositionem
2749 1741 3012 1813 dicamus,
3035 1760 3258 1805 necesse
3279 1756 3365 1806 est
3385 1763 3518 1806 con-

238 1801 289 1857 ίν
318 1812 398 1879 τῷ
431 1814 526 1867 τῆς
574 1805 706 1885 ἰδίοις
746 1809 949 1883 φύσεως
980 1811 1082 1891 ὅρῳ
1123 1836 1180 1872 τε
1229 1820 1314 1873 καί
1350 1817 1483 1890 λόγῳ
1526 1820 1823 1894 πεπρᾶχθαι

1936 1824 2077 1884 ﬁteri
2098 1835 2153 1885 et
2179 1801 2363 1901 partes
2386 1801 2443 1889 in
2471 1838 2587 1890 toto
2607 1848 2749 1902 esse,
2778 1841 2834 1889 et
2856 1801 3027 1893 totum
3064 1838 3120 1895 in
3144 1841 3511 1913 partibus.eo-

238 1918 404 1972 ταμεν
429 1904 521 1959 τὴν
543 1899 723 1958 ἕνωσιν
749 1903 855 1960 καθ’
886 1905 1202 1965 ὑπόστασιν.
1242 1920 1296 1968 Ἦ
1322 1907 1377 1966 δέ
1412 1909 1519 1967 καθ’
1546 1911 1823 1969 ὑπόστασιν

1932 1917 2140 1989 gnosci.
2171 1899 2283 1978 Nec
2310 1921 2456 1979 enim
2491 1922 2671 1980 divina
2698 1931 2893 1980 natura
2922 1926 2977 1984 in
3014 1928 3307 1987 humanam
3333 1909 3498 2003 trans-

233 1987 420 2052 ἕνωσις
446 1989 604 2060 δηλοῖ,
636 1990 713 2050 ὅτι
743 1994 767 2050 ό
799 1997 922 2060 Θεὸς
944 1998 1087 2072 λόγος
1104 2039 1121 2067 ,
1146 2002 1413 2060 τουτέστιν
1437 2004 1467 2062 ἡ
1490 2006 1584 2075 μία
1604 2004 1833 2062 ὑπόστα-

238 2102 320 2144 σις
356 2084 411 2137 ἐκ
454 2092 555 2139 τῶν
583 2094 734 2162 τριῶν
774 2099 862 2152 τῆς
901 2093 1135 2157 θεότητος
1176 2095 1544 2167 ὑποστάσεων,
1583 2099 1638 2154 οὑ
1670 2107 1831 2173 προϋ-

236 2172 495 2229 ποστάντι
521 2174 767 2252 ἀνθρώπῳ
807 2180 991 2249 ἡνώθη,
1023 2184 1125 2240 ἀλλ’
1160 2186 1211 2240 ἐν
1245 2194 1306 2262 τῇ
1332 2190 1520 2263 γαστρί
1544 2197 1635 2251 τῆς

152 2290 167 2303 ο
238 2262 490 2337 παρθένου
521 2261 916 2343 ἐδημιούργησεν
940 2271 1105 2344 ἑαυτῷ
1135 2274 1187 2340 ἐξ
1218 2261 1372 2339 αὑτῆς
1400 2273 1450 2333 ἓν
1472 2285 1535 2354 τῇ
1566 2276 1670 2357 ἰδίᾳ
1696 2281 1828 2337 ὑπο-

232 2356 429 2409 στάσει
457 2357 627 2432 σάρκα
646 2358 987 2433 ἐψυχωμένην
1014 2364 1168 2440 ψυχῇ
1194 2366 1361 2445 λογικῇ
1390 2371 1477 2427 καί
1502 2356 1671 2447 νοερᾷ,
1701 2369 1826 2451 ὅπερ

227 2441 345 2501 ἔστί
382 2449 535 2519 φύσις
577 2451 889 2528 ἀνθρωπίνη·
942 2460 1136 2519 ταύτην
1182 2454 1235 2515 δὲ
1267 2465 1357 2521 τήν
1392 2462 1498 2518 καθ’
1538 2463 1827 2522 ὑπόστασιν

221 2544 316 2593 τοῦ
369 2546 501 2595 Θεοῦ
528 2541 673 2614 λόγου
713 2549 845 2622 πρὸς
875 2553 966 2609 την
992 2551 1161 2626 σάρκα
1205 2553 1385 2611 ἕνωσιν
1413 2554 1662 2613 διδάσκων
1690 2560 1827 2631 ἡμᾶς

220 2634 301 2686 καὶ
322 2630 353 2686 ό
370 2640 515 2697 Θεῖος
532 2630 836 2709 ἀπόστολος,
862 2641 1142 2714 λέγειμὋς
1170 2648 1218 2701 ἐν
1234 2658 1400 2725 μορφῇ
1414 2657 1542 2707 Θεοῦ
1564 2650 1825 2728 ὑπάρχων

216 2722 320 2795 οὐχ
358 2723 633 2803 ἁρπαγμὸν
676 2731 903 2805 ἡγήσατο
944 2737 1001 2791 τὸ
1028 2732 1154 2793 εἶναι
1187 2734 1281 2798 ἶσα
1319 2750 1458 2816 Θεῷ,
1497 2743 1603 2801 ἀλλ’
1643 2745 1825 2803 ἑαυτὸν

214 2810 469 2885 ἕκένωσε,
499 2825 694 2896 μορφήν
724 2818 903 2880 δούλου
928 2826 1154 2883 λαϐὼν.»
1180 2833 1269 2887 Διά
1287 2810 1508 2912 γάρντοῦ
1533 2838 1729 2904 εἰπεῖν,
1761 2834 1826 2900 ὃς

210 2904 272 2961 ἔν
301 2918 529 2987 μορφῇ
563 2921 714 2968 Θεοῦ
751 2915 1094 2992 ὑπάρχων,
1124 2926 1214 2983 τήν
1239 2930 1329 2979 τοῦ
1358 2925 1508 2998 λόγου
1532 2928 1825 2986 ὑπόστασιν

207 2996 580 3074 ὑπάρχουσαν
597 3001 778 3071 ἔδειξεν
796 3008 846 3062 ίν
868 3011 1020 3084 οὑσίᾳ
1039 3018 1187 3067 Θεοῦ.
1208 3017 1297 3070 Διά
1317 3015 1369 3070 δὲ
1385 3024 1477 3074 τοῦ
1501 3020 1678 3086 εἰπεῖν,
1691 3042 1827 3097 μορ-

203 3093 325 3159 φήν
353 3087 593 3145 δούλου
618 3091 867 3161 ἔλαϐεν,
892 3100 1040 3176 ούσίᾳ
1058 3103 1343 3175 ἀνθρώπου,
1370 3111 1578 3182 καὶούχ
1597 3110 1826 3171 ὑποστά-

1928 2018 2135 2071 mutata
2162 2019 2274 2078 est,
2303 2028 2407 2072 nec
2430 2014 2668 2075 humana
2695 2029 2889 2093 natura
2910 2021 2967 2079 in
2993 2020 3227 2093 divinam
3247 2037 3508 2081 conversa

1929 2111 2030 2162 est.
2054 2102 2221 2175 Magis
2237 2116 2417 2163 autem
2438 2108 2773 2181 intelligitur,
2788 2114 2933 2185 quod
2949 2121 3176 2187 utraque
3191 2114 3245 2170 in
3266 2115 3512 2187 proprie—

1929 2201 2039 2253 tate
2065 2201 2121 2250 et
2148 2196 2358 2253 ratione
2384 2211 2496 2253 suae
2516 2207 2721 2265 naturae
2742 2211 2996 2260 manente
3009 2244 3026 2272 ,
3056 2202 3199 2259 facta
3218 2211 3302 2259 est
3328 2203 3507 2267 unitas

1928 2285 2143 2361 [unitio]
2164 2289 2456 2347 secundum
2476 2292 2899 2357 subsistentiam.
2919 2293 3107 2351 Unitas
3122 2300 3303 2353 autem
3317 2309 3506 2367 secun-

1926 2378 2053 2433 dum
2076 2379 2475 2438 subsistentiam
2504 2382 2787 2456 signiﬁcat,
2808 2386 2956 2457 quod
2984 2385 3127 2443 Deus
3162 2386 3423 2455 Verbum,
3448 2386 3506 2459 id

1926 2474 2010 2522 est
2025 2483 2127 2523 una
2146 2470 2489 2529 subsistentia
2501 2476 2753 2534 extribus
2764 2475 2978 2535 deitatis
2994 2477 3375 2548 subsistentiis,
3386 2492 3497 2536 non

1925 2567 2052 2616 ante
2073 2561 2335 2633 plasmato
2360 2563 2564 2622 homini
2585 2567 2767 2625 unitus
2794 2577 2899 2637 est,
2926 2568 3022 2627 sed
3042 2570 3097 2626 in
3125 2577 3282 2627 utero
3301 2578 3503 2629 sanctze

1931 2651 2160 2722 Virginis
2188 2656 2395 2713 creavit
2422 2658 2525 2716 sibi
2552 2674 2623 2716 ex
2652 2660 2769 2739 ipsa
2796 2661 2853 2718 in
2881 2678 2978 2720 sua
3006 2662 3354 2721 subsistentia
3381 2678 3505 2721 car-

1925 2758 2050 2800 nem
2079 2745 2371 2802 animatam
2394 2748 2574 2805 anima
2598 2751 2850 2808 rationali
2878 2760 2933 2811 et
2959 2753 3331 2824 intellectuali,
3357 2754 3505 2826 quod

1926 2845 2011 2890 est
2034 2843 2225 2892 natura
2247 2836 2503 2895 humana.
2522 2839 2675 2900 Hanc
2693 2852 2874 2901 autem
2892 2846 3187 2909 secundm
3207 2848 3504 2909 subsisten-

1927 2929 2055 2985 tiam
2085 2930 2347 2986 unitatem
2373 2932 2713 3006 [unitionem]
2754 2936 2852 2993 Dei
2874 2934 3037 2995 Verbi
3063 2939 3132 2994 ad
3156 2954 3374 3011 carnem
3401 2941 3502 2998 do-

1926 3033 2054 3075 cens
2074 3035 2173 3075 nos
2191 3028 2249 3077 et
2266 3021 2478 3078 divinus
2487 3023 2777 3095 Apostolus
2797 3025 2929 3082 dicit
2952 3045 2965 3080 :
2994 3025 3095 3092 Qui
3122 3043 3238 3083 cum
3255 3022 3312 3097 in
3336 3031 3505 3101 [arma

1926 3109 2029 3168 Dei
2060 3123 2212 3183 esset,
2254 3130 2359 3171 non
2387 3118 2629 3187 rapinam
2666 3117 2947 3174 arbitratus
2984 3127 3060 3175 est
3107 3119 3353 3191 aqualem
3394 3134 3505 3177 seu

202 3201 292 3236 σει
303 3222 321 3249 ,
341 3179 466 3240 ἦτοι
486 3186 746 3259 προσώπῳ
763 3186 1001 3250 ἐνωθῆναι
1020 3194 1103 3250 τὸν
1120 3194 1238 3250 Θεὸν
1253 3196 1395 3269 λόγον
1409 3197 1676 3273 ἐσήμανεν.
1690 3203 1821 3263 Οὔτε

250 3275 263 3283 .
359 3266 394 3283 ο-
538 3274 549 3283 -
619 3275 632 3283 ι
928 3280 942 3283 λ
1054 3272 1074 3283 ⁸

1924 3222 2037 3263 esse
2054 3204 2187 3277 Deo,
2207 3207 2299 3263 sed
2323 3210 2656 3281 semetipsum
2680 3210 2988 3279 exinanivit,
3014 3212 3238 3283 {anisum
3258 3212 3389 3267 servi
3416 3227 3505 3277 oc-

204 3275 310 3351 γὰρ
326 3266 591 3339 εἶπε,τὸν
610 3275 670 3330 ἐν
692 3288 897 3357 μορφῂ⁹
921 3272 1151 3355 δούλου
1171 3266 1553 3363 ὑπάρχοντα
1574 3292 1815 3365 ἔλαϐεν,

206 3365 294 3422 ἵνα
324 3368 413 3439 μή
440 3371 832 3441 προϋποστάντι
859 3378 1105 3456 ἀνθρώπῳ
1126 3379 1357 3442 ἐνωθῆναι
1386 3384 1523 3460 δείξῃ
1547 3389 1632 3445 τὸν
1653 3390 1816 3464 λόγον,

208 3460 387 3527 καθὼς
433 3456 694 3537 Θεόδωρος
731 3467 814 3520 καί
855 3466 1121 3547 Νεστόριος
1162 3473 1462 3540 ἀσεϐοῦντες
1495 3456 1820 3556 ίϐλοιο-φτίριηζ

210 3569 357 3617 σαν,
396 3559 647 3622 σχετικόν
676 3560 766 3616 τήν
803 3558 983 3617 ἕνωσιν
1028 3562 1271 3635 λέγοντες.
1305 3577 1468 3640 Ἧμεῖς
1506 3569 1560 3627 δὲ
1602 3583 1665 3648 τῇ
1712 3578 1820 3653 θείᾳ

212 3650 400 3716 γραφῇ
417 3682 435 3710 ,
469 3648 552 3702 καί
591 3655 695 3710 τοῖς
724 3648 886 3724 ἁγίοις
914 3657 1173 3731 πατράσιν
1200 3658 1435 3732 ἑπόμενοι
1462 3648 1814 3742 ὁμολογοῦμεν,

213 3734 299 3794 ὅτι
324 3739 355 3794 ὁ
388 3740 516 3805 Θεὸς
534 3740 681 3814 λόγος
702 3746 834 3823 σάρξ
858 3748 1077 3819 ίγένετο,
1115 3750 1241 3829 ὅπερ
1264 3756 1379 3812 ὶστί
1398 3734 1503 3814 καθζ
1529 3734 1817 3818 ὑπόστασιν

214 3829 399 3902 εαυτῷ
429 3832 617 3892 ίνῶσαι
653 3837 1168 3927 φύσινξώρωπίνην.
1198 3846 1279 3901 Διὸ
1311 3851 1394 3905 καί
1434 3846 1505 3912 εἷς
1528 3850 1763 3925 ὑπάρχει
1789 3853 1817 3910 ό

214 3923 408 3999 κύριος
432 3926 573 3991 ἡμῶν
604 3923 798 3991 Ἰησοῦς
825 3923 1078 4005 ipim-6c,
1107 3936 1160 3991 ἂν
1188 3935 1353 4012 ἑαυτῷ
1380 3938 1529 4011 ἔχων
1550 3944 1611 3998 τὸ
1633 3923 1819 4000 τίλειον

216 4022 313 4077 τῆς
336 4018 510 4078 θεῑκῆς
528 4015 751 4091 φύσεως,
772 4024 856 4079 καί
872 4024 931 4079 τὸ
950 4025 1131 4081 τέλειον
1147 4035 1239 4089 τῆς
1257 4031 1571 4106 ἀνθρωπίνης
1592 4032 1814 4108 φύσεως-⁸

216 4108 306 4161 καί
334 4103 457 4162 ἔστι
484 4114 872 4183 μονογενήςιμὶν
897 4117 981 4170 καί
1004 4115 1153 4189 λόγος
1177 4120 1245 4181 ὡς
1268 4121 1323 4175 ix
1341 4103 1467 4177 Θεοῦ
1490 4103 1685 4199 πατρὸς
1705 4148 1811 4201 γεν-

218 4203 420 4273 νηθείς,
442 4207 540 4259 καὶ
566 4206 884 4280 πρωτότοκος
915 4206 985 4265 δελ
1012 4208 1061 4264 ἐν
1089 4210 1293 4275 πολλοῖς
1317 4210 1550 4290 ἀδελφοῖς
1584 4216 1611 4273 ό
1634 4220 1812 4287 αὑτὸς,

220 4288 305 4350 ὅτε
331 4297 539 4369 γέγονεν
564 4292 859 4374 ἄνθρωποςτ
897 4300 924 4356 ό
950 4303 1052 4375 γάρ
1076 4302 1183 4366 υίὸς
1209 4309 1298 4360 τοῦ
1326 4288 1454 4364 Θεοῦ
1492 4310 1602 4370 υίὸς
1622 4312 1815 4386 ἀνθρώ-

219 4405 327 4440 που
374 4389 574 4460 γέγονε.
602 4394 694 4446 Καὶ
714 4395 884 4463 μείνας
904 4392 1031 4473 ὅπερ
1054 4394 1130 4465 ἦν,
1160 4399 1219 4453 οὑ
1251 4402 1523 4469 μετέϐαλεν
1551 4400 1676 4478 ὅπερ
1718 4407 1814 4476 γί-

221 4495 393 4548 γονεν.
409 4476 558 4535 Ὀθεν
569 4483 654 4537 καί
674 4480 766 4539 δύο
792 4490 1051 4557 γεννήσεις
1070 4494 1162 4543 τοῦ
1185 4492 1342 4545 αὑτοῦ
1362 4476 1661 4566 μονογενοῦς
1682 4501 1811 4551 Θεοῦ

1920 3297 2115 3367 sipiens
2159 3298 2431 3372 (Philipp.
2457 3300 2549 3371 ιι).
2591 3299 2699 3357 Per
2721 3300 2829 3359 hoc
2851 3301 2991 3367 enim
3022 3301 3167 3375 quod
3194 3301 3352 3370 dixit,
3402 3298 3504 3379 Qui

1918 3405 2035 3445 cum
2060 3393 2116 3447 in
2144 3393 2316 3464 forma
2326 3391 2425 3449 Dei
2451 3402 2604 3461 esset,
2622 3394 2775 3455 Verbi
2810 3395 3210 3454 subsistentiam
3238 3394 3293 3452 in
3312 3403 3504 3465 natura

1918 3480 2017 3543 Dei
2042 3498 2165 3541 esse
2192 3484 2430 3542 ostendit
2460 3503 2474 3542 :
2504 3500 2604 3557 per
2629 3485 2736 3544 hoc
2758 3495 2940 3544 autem
2975 3487 3122 3559 quod
3151 3488 3308 3555 dixit,
3357 3487 3501 3553 Eor-

1920 3589 2059 3629 mam
2087 3575 2220 3629 servi
2246 3576 2464 3646 accepit,
2487 3583 2694 3649 naturae
2717 3576 2971 3646 hominis,
2997 3586 3054 3637 et
3081 3594 3192 3635 non
3208 3578 3503 3639 subsistet»

1920 3664 2009 3720 tiae
2036 3665 2151 3723 sive
2176 3679 2451 3736 personae,
2492 3666 2701 3723 unitum
2727 3682 2848 3725 esse
2875 3667 3048 3737 Deum
3069 3667 3308 3727 Verbum
3330 3664 3502 3739 signi-

1919 3754 2120 3813 ﬁcavit.
2150 3754 2433 3825 Necpenim
2463 3755 2619 3825 dixit,
2648 3758 2796 3829 quod
2815 3773 2941 3817 eum
2966 3759 3060 3831 qui
3082 3759 3138 3816 in
3161 3758 3332 3835 forma
3360 3757 3502 3817 servi

1919 3855 2057 3917 erat,
2088 3848 2330 3920 accepit,
2361 3864 2430 3905 ne
2458 3856 2585 3906 ante
2612 3849 2882 3921 plasmata
2912 3851 3123 3909 homini
3148 3852 3358 3909 unitum
3381 3865 3502 3909 esse

1920 3936 2088 3995 Deum
2112 3936 2341 3996 Verbum
2364 3938 2695 4009 ostenderet,
2725 3942 2865 3999 sicut
2892 3939 3209 3999 Theodorus
3234 3945 3292 3997 et’
3311 3938 3498 3997 Nesto-

1917 4029 2030 4087 rius
2077 4029 2227 4101 impii
2270 4030 2782 4101 blasphemaverunt
2805 4072 2823 4100 ,
2878 4030 3217 4091 aﬂ'ectualem
3261 4031 3503 4086 dicentes

1918 4120 2204 4183 unitatem.
2228 4119 2338 4177 Nos
2367 4130 2551 4177 autem
2568 4131 2861 4191 sequentes
2886 4119 3095 4179 divinas
3121 4118 3425 4189 Scripturas
3444 4124 3501 4175 et

1915 4220 2134 4271 sanctos
2163 4211 2379 4280 Patres,
2411 4211 2732 4269 conﬁtemur
2766 4209 2915 4281 quod
2940 4209 3083 4267 Deus
3106 4208 3346 4267 Verbum
3371 4223 3502 4267 caro

1914 4305 2088 4363 factus
2102 4312 2205 4370 est,
2218 4304 2362 4376 quod
2381 4311 2465 4361 est
2479 4303 2776 4360 secundum
2793 4302 3194 4377 subsistentiam
3213 4302 3319 4361 sibi
3339 4303 3505 4362 unire'

1917 4403 2164 4452 naturam
2186 4394 2475 4450 humanam
2504 4410 2518 4447 :
2542 4392 2665 4449 ideo
2686 4401 2742 4452 et
2758 4409 2898 4451 unus
2917 4401 3001 4452 est
3024 4394 3283 4461 Dominus
3311 4402 3499 4454 noster

1914 4484 2069 4545 Jesus
2095 4483 2342 4542 Christus
2364 4526 2383 4556 ,
2434 4484 2640 4543 habens
2677 4486 2735 4543 in
2776 4489 3068 4562 semetipso
3105 4490 3495 4562 perfectionem

221 4564 378 4640 λόγου
418 4568 777 4645 ὁμολογοῦμεν
818 4581 908 4636 την
942 4578 1033 4648 μὲν
1068 4581 1168 4657 πρὸ
1198 4581 1387 4635 αἰώνων
1424 4564 1593 4639 ἕκήτοῦ
1621 4587 1815 4662 πατρὸς

1924 4576 2110 4635 divina:
2137 4584 2376 4648 naturas,
2404 4585 2462 4637 et
2484 4576 2872 4650 perfectionem
2897 4587 3105 4637 natura:
3132 4581 3399 4657 humanae.
3430 4578 3499 4639 Et

223 4659 542 4732 ἀσωμάτως,
574 4669 665 4725 τήν
694 4664 749 4721 δὲ
773 4666 854 4743 ἐπ’
887 4669 1129 4739 ἐσχάτων
1165 4678 1264 4727 τῶν
1292 4674 1490 4750 ἡμερῶν
1527 4682 1618 4733 τοῦ
1653 4680 1812 4736 αὑτοῦ

225 4751 290 4805 ἐκ
316 4759 408 4813 τῆς
434 4753 579 4828 ἁγίοις
608 4754 802 4824 ἐνδόξου
841 4762 1104 4831 θεοτόκου,
1134 4766 1216 4820 καί
1251 4765 1581 4842 άειπαρθένου
1609 4774 1817 4848 Μαρίας

224 4847 602 4941 σαρωθέντος,
634 4851 720 4941 καὶ
751 4852 1251 4930 ἐνανθρωπήσαντος.
1293 4869 1347 4913 Ὁ
1383 4854 1480 4937 γὰρ
1521 4862 1576 4917 ἐκ
1612 4847 1810 4941 πατρὸς

222 4934 495 5029 ἐκλάμψας
518 4940 648 5021 ὑπὲρ
673 4939 853 5015 ἔννοιαν
867 4984 884 5011 ,
916 4943 972 5002 ἐκ
993 4950 1189 5025 μητρὸς
1223 4934 1460 5008 ἀνέτειλεν
1487 4952 1617 5028 ὑπὲρ
1641 4934 1807 5029 λόγον.

226 5031 323 5083 Καὶ
343 5028 413 5085 ών
441 5033 567 5096 Θεὸς
588 5036 765 5101 ἀληθής
791 5035 1050 5116 ἄνθρωπος
1072 5043 1269 5115 γέγονεν
1301 5043 1515 5109 άληθῶς.
1544 5050 1636 5106 Διά
1658 5028 1810 5108 τοῦτο

444 5128 534 5181 καί
571 5130 702 5187 κατά
725 5131 953 5192 ἀλήθειαν
990 5135 1212 5193 θεοτόκον
1254 5142 1346 5199 τήν
1387 5138 1557 5214 ἁγίαν,
1596 5139 1810 5212 ἔνδοξον,

226 5213 317 5269 καί
342 5216 673 5293 άειπάρθενον
703 5228 897 5303 Μαρίου
920 5223 1278 5301 ὁμολογοῦμεν.
1308 5213 1436 5303 Οὐχί
1460 5234 1530 5294 ὡς
1553 5239 1643 5290 τοῦ
1682 5242 1811 5293 Θεοῦ

223 5303 377 5380 λὸνω
400 5315 493 5375 τήν
513 5312 688 5388 ἀρχὴν
708 5315 759 5381 ἐξ
780 5318 941 5381 αὐτῆς
959 5319 1213 5391 λαϐόντος,
1236 5323 1339 5382 ἀλλ’
1360 5322 1439 5382 ότι
1461 5327 1544 5383 in"
1571 5330 1812 5401 ἐσχάτων

221 5405 329 5467 τῶν
370 5404 574 5481 ἦμερῶν
615 5404 642 5463 ό
669 5410 771 5486 πρὸ
811 5418 912 5468 τῶν
950 5416 1144 5481 αἰώνων
1190 5426 1458 5495 μονογενής
1501 5408 1624 5487 Θεὸς
1664 5425 1810 5500 λόγος

219 5495 507 5594 σαρκωθεὶς
609 5498 769 5561 αὑτῆς
796 5502 1045 5594 ἀτρίπτος
1070 5504 1420 5584 ίνηνθρώπησε
1440 5528 1454 5543 ⁸
1481 5515 1565 5572 καί
1590 5495 1813 5594 ἀόρατος

222 5579 375 5665 ὦνηλίν
401 5593 514 5649 τοῖς
554 5588 772 5660 ἑαυτοῦ,
804 5591 988 5667 ὁρατός
1025 5598 1221 5673 γίγονεν
1262 5600 1315 5657 ἐν
1353 5610 1465 5667 τοῖς
1486 5606 1611 5683 παρέ
1655 5610 1809 5681 ἡμῖν’

220 5677 319 5730 καί
344 5679 545 5742 ἀπαθής
572 5680 641 5738 ὢν
667 5683 791 5748 Θεὸς
817 5687 910 5744 οὑκ
932 5689 1187 5756 ἀπηξίωσε
1214 5694 1434 5758 παθητὸς
1458 5677 1583 5757 εἶναι
1612 5698 1808 5779 ἄνθρω-

296 5892 335 5943 νι
354 5885 529 5948 Simul
554 5893 862 5964 utrumque,
891 5890 966 5951 ita
990 5908 1154 5952 unum
1190 5904 1474 5971 utrumque
1510 5910 1567 5961 ut
1591 5905 1799 5970 unicus.

1921 4679 2006 4728 est
2030 4671 2332 4742 unigenitus
2357 4673 2574 4745 quidem
2594 4673 2852 4744 Verbum,
2869 4683 2930 4733 ut
2955 4684 3085 4749 pote
3107 4692 3178 4736 ex
3196 4676 3309 4747 Deo
3335 4676 3497 4749 Patre

1920 4781 2079 4830 natus
2101 4814 2119 4843 ,
2161 4781 2219 4831 et
2257 4775 2647 4848 primogenitus
2684 4785 2865 4849 autem
2894 4778 2952 4834 in
2979 4779 3164 4839 multis
3189 4777 3494 4839 fratribus:

1919 4872 2062 4931 idem
2076 4874 2192 4945 ipse
2209 4888 2335 4932 cum
2355 4874 2528 4933 factus
2547 4884 2631 4934 est
2658 4876 2826 4934 homo
2851 4877 3041 4949 (Filius
3059 4879 3205 4938 enim
3220 4879 3336 4950 Dei,
3354 4881 3493 4937 titius

1920 4964 2156 5024 hominis
2175 4964 2349 5026 factus
2369 4965 2497 5040 est),
2520 4974 2575 5025 et
2597 4983 2823 5027 manens
2843 4971 2989 5041 quod
3014 4979 3152 5042 erat,
3177 4988 3287 5030 non
3312 4982 3491 5029 tI-ans-

1914 5058 2142 5113 mutavit
2185 5058 2331 5128 quod
2373 5059 2546 5116 factus
2584 5067 2687 5117 est.
2735 5059 2890 5119 Unde
2917 5071 2973 5120 et
3012 5064 3146 5122 duas
3180 5065 3493 5120 nativitates

1913 5146 2154 5218 ejusdem
2180 5150 2349 5219 ipsius
2374 5151 2633 5224 unigeniti
2663 5152 2761 5210 Dei
2784 5152 2947 5212 Verbi
2973 5154 3335 5213 conﬁtemur:
3364 5164 3493 5214 ante

1914 5242 2110 5300 saecula
2135 5243 2352 5314 quidem
2380 5259 2448 5302 ex
2473 5244 2637 5305 Patre
2662 5246 3079 5321 incorporaliter
3110 5248 3256 5317 nati,
3282 5248 3340 5307 in
3363 5248 3491 5307 tuti-

1914 5337 2018 5395 mis
2042 5343 2223 5394 euntem
2249 5338 2438 5397 diebus
2479 5339 2723 5411 ejusdem
2760 5342 2929 5414 ipsim
2969 5341 3233 5400 inest-nati
3274 5348 3335 5400 et
3378 5342 3493 5400 nati

1918 5428 2214 5503 [humanati
2234 5428 2429 5504 Grca]
2456 5430 2524 5489 de
2549 5441 2734 5491 sancta
2762 5434 2996 5505 gloriosa
3022 5433 3118 5490 Dei
3138 5431 3413 5493 Genitriee
3436 5443 3494 5492 et

1915 5536 2129 5593 semper
2148 5522 2364 5593 Virgine
2390 5523 2580 5581 Maria.
2612 5524 2715 5594 Qui
2748 5526 2891 5583 enim
2922 5525 2995 5583 de
3020 5525 3184 5584 Patre
3221 5526 3493 5600 splendid:

1913 5630 2075 5688 supra
2094 5616 2445 5687 intellectum,
2471 5634 2540 5675 ex
2562 5627 2736 5679 matre
2754 5627 2906 5677 ortus
2930 5626 3017 5678 est
3037 5634 3201 5693 supra
3220 5621 3490 5681 rationem

1913 5707 2281 5785 [orationem].
2303 5708 2511 5769 Etcum
2533 5711 2674 5771 Deus
2699 5725 2859 5769 verus
2878 5720 3043 5785 esset,
3066 5713 3242 5777 factus
3258 5722 3488 5776 ssst
