3988 6346
558 348 658 415 251

1928 350 2218 414 VIGILIUS
2256 355 2460 415 PAPA.

3708 345 3802 415 232

553 497 668 542 πος,
699 476 782 530 καί
810 471 836 527 6
862 470 1121 538 ἀθάνατος,
1152 470 1319 544 νόμοις
1346 470 1638 531 ὑποκεῖσθαι
1668 474 1901 531 Θανάτου.
1943 480 2129 530 Τοῦτον

2234 472 2421 530 homo.
2444 471 2574 529 Ideo
2600 471 2823 544 proprie
2850 477 2906 528 et
2932 482 3059 526 vere
3084 464 3183 527 Dei
3221 465 3549 525 Genitricem
3567 479 3799 529 sanetam

552 566 637 623 τὸν
679 566 727 618 ἐν
771 565 986 637 Βηθλεέμ
1022 566 1313 639 γεννηθέντα
1358 567 1413 619 ἐκ
1461 567 1760 641 σπέρματος
1812 562 1966 621 Δαυίδ
2006 564 2138 621 κατά

552 660 719 735 σάρκα
742 699 757 725 ,
791 657 1094 729 ὁμοιωθέντα
1138 661 1445 734 ἀνθρώποις,
1477 660 1564 713 καὶ
1604 660 1961 734 σταυρωθέντα
2004 658 2136 733 ὑπέρ

550 752 689 823 ἡμῶν
728 756 826 805 τῶν
855 750 1130 825 ἀνθρώπων
1176 750 1259 805 ἐπὶ
1284 752 1489 805 Ποντίου
1535 749 1768 813 Πιλάτου,
1813 749 2053 825 ἐκήρυξαν
2089 747 2136 801 oi

552 842 686 915 ἅγιοι
707 844 977 899 ἀπόστολοι
999 842 1149 898 αὐτὸν
1173 838 1297 897 εἶναι
1327 844 1471 906 Θεὸν,
1503 842 1653 896 αὐτὸν
1682 839 1959 913 ἄνθρωπον,
1988 841 2136 896 αὐτὸν

549 934 659 988 υἱὸν
686 935 948 1007 ἀνθρώπου
966 974 982 999 ,
1007 933 1155 988 αὑτὸν
1187 933 1237 997 ἐξ
1275 934 1490 1008 οὐρανοῦ
1509 973 1523 997 ,
1552 934 1698 987 αὐτὸν
1720 933 1821 988 άπὸ
1842 941 1956 1004 γῆς,
1985 933 2135 987 αὐτόν

550 1028 739 1093 ἀπαθῆ,
770 1029 920 1083 αὐτὸν
960 1026 1193 1085 παθητόν.
1224 1024 1288 1079 Ὀ
1322 1028 1423 1100 γάρ
1451 1026 1696 1097 γεννηθείς
1735 1022 1916 1080 ἄνωθεν
1956 1026 2007 1078 ἐκ
2044 1028 2133 1080 τοῦ

553 1118 743 1194 πατρὸς
767 1118 911 1189 λόγος
932 1117 1185 1190 άρῤήτως,
1210 1117 1509 1192 ἀφράστως,
1540 1114 1933 1180 ἀκαταλήπτως,
1959 1111 2136 1175 ἀιδίως

550 1210 705 1268 αὐτὸς
744 1208 793 1261 ἐν
827 1206 1002 1281 χρόνῳ
1040 1210 1269 1279 γεννᾶται
1297 1207 1512 1261 κάτωθεν
1542 1207 1596 1261 ἐκ
1628 1206 1879 1279 παρθένου
1911 1204 2131 1277 Μαρίας,

548 1300 633 1356 ἵνα
658 1299 703 1352 oi
731 1297 950 1353 κάτωθεν
978 1297 1224 1374 πρότερον
1247 1297 1581 1370 γεννηθέντες,
1612 1292 1793 1350 ἄνωθεν
1815 1296 1870 1349 ἐκ
1892 1293 2133 1371 δευτέρου

548 1391 849 1464 risv-meabat,
879 1391 1144 1446 τουτέστιν
1172 1389 1224 1443 ἐκ
1256 1394 1404 1445 Θεοῦ.
1444 1389 1605 1451 Αὐτὸς
1633 1383 1720 1443 οῦν
1749 1388 1946 1459 μητέρα
1988 1385 2133 1456 μόνον

548 1482 583 1537 ἕ
579 1503 667 1553 χει
696 1484 782 1537 έπί
809 1489 901 1543 τῆς
927 1489 1040 1556 γῆς,
1066 1483 1153 1537 καί
1181 1483 1329 1553 ἡμεῖς
1348 1482 1550 1558 πατέρα
1588 1481 1737 1553 μόνον
1759 1478 1955 1551 ἔχομεν
1978 1480 2028 1533 ἐν
2050 1480 2134 1534 οὐ-

550 1582 708 1650 ρανῷ.
739 1576 919 1630 Λαϐὼν
946 1577 1047 1650 γάρ
1071 1576 1158 1632 τὸν
1190 1574 1359 1634 Θνητὸν
1387 1576 1584 1646 πατέρα
1612 1580 1710 1630 τῶν
1744 1574 2019 1649 ἀνθρώπων
2046 1573 2134 1628 τόν

548 1664 704 1738 ’Δδάμ
721 1708 735 1733 ,
769 1662 929 1720 ἔδωκε
958 1673 1061 1726 τοῖς
1089 1666 1373 1740 ἀνθρώποις
1396 1665 1481 1721 τὸν
1511 1664 1697 1719 ἑαυτοῦ
1724 1665 1927 1737 πατέρα
1953 1664 2135 1719 ἀθάνα-

548 1778 636 1814 τον
671 1759 802 1814 κατὰ
839 1759 897 1814 τὸ
935 1757 1218 1829 λεγόμενον,
1243 1774 1262 1809 ι
1286 1755 1501 1813 Δέδωκεν
1525 1757 1700 1817 αὐτοῖς
1728 1758 1959 1821 ἐξουσίαν
1988 1757 2135 1813 τέκνα

2238 567 2527 636 gloriosam
2558 573 2613 622 et
2639 580 2856 636 semper
2882 562 3143 633 virginem
3183 562 3409 618 Mariam
3450 562 3795 621 conﬁtemur:

2239 676 2349 717 non
2385 660 2512 731 quia
2550 660 2695 716 Deus
2722 658 2959 715 Verbum
2986 656 3195 712 initium
3225 670 3293 711 ex
3320 655 3436 724 ipsa
3462 656 3686 727 accepit,
3713 656 3799 715 sed

2237 753 2382 822 quod
2405 751 2463 806 in
2486 749 2689 806 ultimis
2711 749 2900 805 diebus
2926 748 3234 817 unigenitus
3260 746 3405 804 Deus
3424 746 3656 802 Verbum
3673 789 3689 816 ,
3717 749 3799 820 qui

2238 852 2366 900 ante
2402 842 2594 899 saacula
2624 848 2771 910 erat,
2812 841 3124 898 incarnatus
3150 853 3220 895 ex
3248 838 3383 909 ipsa,
3411 839 3800 895 immutabiliter

2237 937 2400 991 homo
2426 935 2603 991 factus
2631 942 2716 989 est
2747 950 2760 988 :
2789 940 2846 989 et
2873 947 2997 989 cum
3024 930 3307 987 invisibilis
3334 930 3390 987 in
3417 931 3528 987 suis
3551 938 3710 998 esset,
3731 931 3800 987 vi-

2236 1026 2405 1082 sibilis
2427 1025 2598 1081 l‘actus
2626 1033 2709 1081 est
2735 1025 2792 1080 in
2820 1024 3021 1080 nostris
3047 1041 3059 1076 :
3085 1030 3281 1079 etcum
3311 1022 3654 1094 impassibilis
3673 1023 3799 1079 Deus

2237 1126 2399 1185 esset,
2430 1134 2539 1175 non
2580 1118 2898 1187 dedignatus
2924 1124 3009 1173 est
3046 1115 3317 1189 passibilis
3345 1131 3465 1172 esse
3501 1116 3703 1183 homo;
3753 1125 3800 1172 et

2237 1210 2577 1278 immortalis,
2607 1209 2799 1265 mortis
2825 1208 3032 1279 legibus
3072 1208 3369 1277 subjacere.
3399 1205 3600 1272 Istum,
3641 1206 3729 1276 qui
3752 1206 3800 1262 in

2236 1301 2552 1358 Bethlehem
2568 1303 2636 1358 de
2658 1302 2867 1358 semine
2893 1301 3061 1358 David
3083 1311 3244 1358 natus
3270 1309 3354 1358 est
3378 1301 3671 1357 secundum
3696 1315 3799 1356 car-

2235 1406 2380 1458 nem,
2410 1399 2469 1447 et
2496 1392 2685 1448 similis
2730 1390 2905 1446 factus
2947 1391 3279 1458 hominibus,
3324 1396 3381 1446 et
3422 1386 3708 1445 cruciﬁxus
3728 1394 3799 1444 est

2235 1495 2335 1552 pro
2380 1481 2686 1538 hominibus
2728 1481 2829 1536 sub
2875 1480 3070 1538 Pontio
3117 1480 3293 1536 Pilato
3316 1519 3333 1547 ,
3389 1479 3800 1551 praedicaverunt

2234 1575 2410 1632 sancti
2446 1574 2678 1645 apostoli
2704 1575 2882 1644 ipsum
2920 1588 3042 1641 esse
3065 1572 3266 1641 Deum,
3299 1572 3477 1643 ipsum
3501 1571 3795 1636 hominem;

2237 1666 2412 1737 ipsum
2450 1664 2643 1722 Filium
2684 1666 2800 1736 Dei,
2831 1667 3007 1736 ipsum
3034 1664 3203 1720 tilium
3231 1664 3505 1730 hominis;
3547 1664 3717 1735 ipsum
3741 1662 3797 1718 de

2237 1756 2397 1824 caelo,
2426 1755 2599 1826 ipsum
2637 1755 2707 1812 de
2747 1764 2928 1823 terra;
2978 1755 3154 1826 ipsum
3194 1753 3613 1825 impassibilem,
3643 1753 3796 1824 ipsum

548 1858 676 1906 Θεοῦ
706 1851 984 1924 γενέσθαι.)
1007 1848 1154 1905 Ὀθεν
1184 1852 1267 1907 καὶ
1289 1851 1501 1906 θανάτου
1530 1851 1664 1905 κατά
1690 1850 1855 1923 σάρκα
1872 1852 2076 1921 γεύεται
2103 1847 2129 1905 6

2234 1849 2565 1921 passibilem.
2592 1848 2733 1906 Deus
2761 1848 2905 1906 enim
2931 1847 3189 1915 Verbum,
3221 1848 3315 1917 qui
3343 1854 3501 1902 natus
3527 1853 3615 1901 est
3633 1844 3796 1900 desur-

547 1943 656 2005 υίὸς
693 1948 785 1999 τοῦ
813 1948 944 1999 Θεοῦ
984 1940 1070 1997 διά
1095 1942 1179 1999 τόν
1221 1942 1458 2014 σαρκικὸν
1500 1941 1655 1997 αὐτοῦ
1695 1940 1929 2016 πατέρα,
1969 1941 2053 1998 ἵνα
2085 1940 2130 1995 οἱ

546 2035 649 2089 υἱοὶ
684 2040 777 2091 τοῦ
805 2035 1068 2112 ἀνθρώπου
1096 2041 1187 2094 τῆς
1217 2037 1351 2098 ζωῆς
1391 2034 1549 2087 αὐτοῦ
1587 2031 1912 2103 μεταλάϐωσι
1938 2029 2021 2086 διὰ
2044 2032 2130 2086 τόν

546 2129 676 2182 κατά
699 2133 901 2197 πνεῦμα
928 2127 1089 2180 αὐτῶν
1130 2124 1326 2200 πατέρα
1359 2123 1443 2179 τὸν
1483 2121 1620 2178 Θεόν.
1674 2123 1829 2184 Δῦτὸς
1874 2117 1963 2177 οὖν
2004 2123 2130 2177 κατά

546 2217 694 2288 φύσιν
720 2217 830 2277 υίός
856 2218 963 2271 ἔστι
985 2223 1077 2270 τοῦ
1112 2221 1260 2281 Θεοῦ,
1304 2217 1453 2288 ἡμεῖς
1481 2215 1614 2268 κατά
1643 2215 1821 2288 χάριν.
1860 2215 1957 2268 Καί
1980 2213 2132 2268 πάλιν

547 2310 701 2370 αὐτὸς
720 2310 829 2365 κατ’
857 2311 1134 2381 οἰκονομίαν
1160 2310 1245 2363 καί
1267 2306 1330 2365 δι’
1355 2310 1490 2375 ἡμᾶς
1514 2307 1623 2368 υίὸς
1647 2309 1817 2381 γέγονε
1842 2314 1933 2364 τοῦ
1953 2305 2128 2379 Ἀδάμ,

546 2400 691 2470 ἡμεῖς
722 2398 775 2455 δὲ
805 2401 936 2456 κατά
977 2402 1126 2474 φύσιν
1155 2397 1307 2471 ἐσμέν
1344 2400 1446 2453 υἱοί
1472 2405 1563 2455 τοῦ
1592 2397 1774 2469 ’Δδάμ.
1819 2404 1989 2474 Πατὴρ
2028 2402 2129 2475 γάρ

544 2494 700 2550 αὐτοῦ
746 2495 882 2549 ἐστὶν
919 2491 1099 2554 ὁΘεός
1141 2496 1276 2549 κατά
1316 2498 1487 2566 φύσιν,
1529 2496 1666 2564 ἡμῶν
1694 2492 1747 2549 δὲ
1789 2495 1919 2550 κατά
1947 2497 2125 2570 χάριν.

546 2587 639 2640 Καὶ
659 2584 779 2645 Θεὸς
806 2585 961 2639 αὐτοῦ
1005 2586 1170 2658 γέγονε
1210 2583 1322 2639 κατ’
1349 2588 1655 2655 οἰκονομίαν,
1686 2582 1814 2640 διότι
1842 2583 2126 2660 ἄνθρωπος,

546 2677 684 2746 ἡμῶν
721 2674 773 2731 δὲ
808 2677 935 2731 κατά
982 2680 1128 2749 φύσιν
1174 2674 1425 2739 δεσπότης
1467 2678 1580 2732 ἐστὶ
1627 2680 1708 2732 καὶ
1752 2679 1895 2740 Θεὸς·
1929 2683 2017 2735 καὶ
2045 2678 2131 2737 διὰ

545 2774 695 2825 τοῦτο
724 2767 749 2823 6
778 2767 949 2841 λόγος,
986 2767 1044 2830 ὅς
1082 2770 1215 2825 ἐστιν
1254 2770 1363 2829 υίὸς
1386 2776 1475 2825 τοῦ
1504 2775 1630 2825 Θεοῦ
1674 2772 1888 2846 πατρὸς,
1934 2772 2130 2834 ἑνωθείς

544 2860 698 2935 σαρκί
741 2860 905 2932 γέγονε
936 2862 1096 2937 σάρξ,
1122 2862 1205 2915 ἵνα
1243 2859 1289 2915 οἱ
1314 2857 1564 2935 ἅνθρωποι
1591 2859 1845 2921 ἔνωθέντες
1877 2868 1950 2931 τῷ
1978 2863 2130 2918 πνεύ-

546 2971 689 3021 ματι.
722 2951 957 3026 γένωνται
983 2949 1032 3004 ἓν
1059 2958 1277 3023 πνεῦμα.
1309 2953 1460 3012 Αὐτὸς
1486 2946 1571 3006 οὖν
1604 2951 1630 3006 ό
1655 2952 1876 3013 ἀληθινός
1902 2954 2011 3014 υίὸς
2036 2960 2128 3010 τοῦ

546 3046 675 3097 Θεοῦ
704 3044 822 3102 τοὺς
842 3042 1036 3104 πάντας
1059 3044 1194 3114 ἡμᾶς
1219 3051 1376 3121 φορεῖ,
1405 3043 1487 3099 ἶνα
1514 3042 1560 3098 οἱ
1587 3044 1773 3104 πάντες
1797 3044 1882 3099 ἕνα
1909 3046 2131 3120 φορέσω-

544 3154 634 3205 μεν
670 3136 821 3190 Θεὸν·
854 3139 941 3189 καί
965 3133 1075 3190 ἔστι
1116 3138 1199 3190 καί
1245 3138 1375 3208 μετά
1401 3141 1490 3193 τήν
1538 3137 1907 3213 ἐνανθρὼπησιν
1941 3136 2009 3199 εἷς
2037 3149 2123 3200 τῆς

2231 1955 2350 1998 sum
2373 1956 2443 1997 ex
2461 1940 2622 1997 Patre
2647 1939 3012 2007 ineﬂ‘abiliter,
3036 1938 3489 2003 inenarrabiliter,
3513 1937 3795 2007 incompre-

2230 2031 2567 2088 hensibiliter
2588 2070 2604 2097 ,
2653 2031 3014 2102 sempiterne,
3056 2030 3256 2102 ipsein
3299 2037 3542 2099 tempore
3581 2027 3794 2083 nascitur

2231 2121 2487 2179 deorsum
2514 2121 2583 2178 de
2608 2120 2829 2190 Virgine
2851 2119 3045 2188 Maria,
3078 2128 3140 2175 ut
3161 2119 3237 2175 illi
3264 2118 3357 2190 qui
3378 2118 3632 2174 deorsum
3661 2117 3788 2186 prius

2231 2213 2346 2269 nati
2371 2219 2519 2281 sunt,
2546 2209 2829 2267 desursum
2851 2209 3147 2268 secundum
3165 2216 3539 2275 nascerentur,
3562 2208 3616 2261 id
3642 2213 3789 2261 estex

2231 2302 2365 2358 Deo.
2408 2300 2529 2373 Ipse
2573 2301 2735 2372 igitur
2761 2308 2994 2356 matrem
3036 2298 3411 2355 tantummodo
3441 2298 3611 2352 habet
3651 2310 3792 2365 super

2230 2402 2453 2462 terram,
2477 2403 2531 2452 et
2554 2410 2654 2451 nos
2674 2393 3045 2451 tantummodo
3065 2400 3274 2466 patrem
3294 2392 3563 2448 habemus
3585 2391 3636 2445 in
3651 2388 3789 2446 cmlo.

2230 2486 2366 2543 Cum
2412 2489 2553 2543 enim
2598 2489 2895 2559 accepisset
2940 2488 3227 2543 mortalem
3275 2496 3488 2557 patrem
3534 2483 3791 2540 hominum

2232 2579 2423 2646 Adam,
2466 2579 2613 2635 dedit
2649 2579 2959 2635 hominibus
2985 2593 3143 2635 suum
3172 2576 3390 2633 Patrem
3429 2575 3790 2637 immortalem,

2231 2670 2524 2727 secundum
2564 2671 2668 2727 hoc
2716 2670 2862 2741 quod
2907 2671 3105 2727 dicitur
3135 2687 3149 2725 :
3184 2669 3344 2726 Dedit
3388 2671 3463 2724 eis
3510 2676 3791 2739 potestatem

2230 2761 2371 2832 ﬁlios
2392 2758 2491 2815 Dei
2516 2761 2633 2831 ﬁeri
2665 2761 2845 2831 (Joan.
2876 2762 2942 2832 ι).
2993 2760 3146 2818 Unde
3171 2770 3226 2818 et
3252 2770 3487 2820 mortem
3516 2760 3790 2818 secundum

2231 2868 2449 2910 carnem
2480 2861 2661 2925 gustat
2689 2854 2855 2911 Filius
2888 2856 3015 2923 Dei,
3061 2864 3287 2927 propter
3331 2855 3610 2912 carnalem
3656 2867 3790 2909 suum

2231 2955 2469 3019 patrem,
2501 2955 2561 3002 ut
2588 2945 2683 3002 ﬁlii
2708 2947 2941 3004 hominis
2964 2949 3090 3003 vita:
3118 2947 3235 3017 ejus
3264 2947 3558 3018 participes
3602 2943 3789 3006 ﬁerent,

2230 3057 2451 3119 propter
2477 3062 2633 3104 suum
2656 3047 2949 3103 secundum
2971 3047 3219 3118 spiritum
3242 3046 3457 3102 Patrem
3481 3045 3669 3100 Deum.
3692 3042 3791 3111 Ipse

2232 3140 2395 3209 igitur
2421 3140 2718 3195 secundum
2742 3147 2992 3194 naturam
3019 3137 3186 3194 Filius
3223 3145 3308 3194 est
3334 3136 3453 3202 Dei,
3503 3151 3608 3190 nos
3634 3140 3792 3188 autem

543 3224 693 3298 ἆγίας
717 3223 922 3299 τριάδος
952 3224 978 3280 ό
1008 3230 1271 3298 μονογενὴς
1300 3226 1409 3285 υίὸς
1445 3233 1538 3281 τοῦ
1565 3234 1692 3281 Θεοῦ
1737 3226 1958 3299 όκύριος
1990 3232 2129 3300 ἡμῶν

2232 3230 2523 3287 secundum
2551 3229 2807 3300 gratiam;
2849 3237 2906 3284 et
2926 3228 3119 3284 iterum
3141 3230 3256 3299 ipse
3282 3226 3583 3285 secundum
3604 3224 3792 3293 dispen-

545 3305 736 3375 Ἰἡσοῦς
762 3315 999 3389 Χριστός,
1034 3317 1271 3375 σύνθετος
1299 3317 1349 3379 ἐξ
1378 3316 1622 3392 ἑκατέρας
1650 3319 1870 3389 φύσεως.
1898 3321 2128 3375 Σύνθετον

544 3399 601 3457 δέ
621 3403 709 3459 τὸν
727 3404 945 3474 Χριστὸν
972 3402 1305 3477 ὁμολογοῦμεν
1332 3413 1396 3478 τῇ
1423 3413 1522 3461 τῶν
1563 3406 1718 3478 ἁγίων
1744 3411 1974 3484 πατέρων
2004 3413 2128 3467 ἀκο-

542 3493 832 3554 λουθοῦντες
858 3493 1178 3577 διδασκαλίᾳ.
1200 3495 1308 3551 Ἐπί
1326 3497 1423 3572 γάρ
1443 3503 1536 3552 τοῦ
1555 3501 1684 3555 κατὰ
1702 3501 1919 3577 Χριστὸν
1931 3524 2130 3572 μυστη-

541 3589 654 3658 ρίου
684 3588 714 3645 ri
742 3587 872 3642 κατά
906 3573 1137 3642 σύνθεσιν
1162 3588 1341 3649 ἕνωσις
1366 3593 1455 3647 τήν
1487 3590 1750 3661 σύγχυσιν
1775 3595 1855 3647 καί
1883 3590 2128 3663 διαίρεσιν

542 3678 909 3735 ἆποϐάλλεται·
940 3683 1022 3735 καὶ
1042 3680 1278 3751 φυλάττει
1300 3683 1388 3752 μέν
1410 3687 1499 3741 τήν
1520 3683 1765 3760 ἑκατέρας
1785 3687 1982 3757 φύσεως
2005 3686 2127 3743 ἰδιό-

541 3794 689 3837 τητα,
724 3776 842 3842 μίαν
866 3771 919 3827 δέ
947 3773 1252 3840 ὑπόστασιν,
1280 3774 1393 3833 ἤτοι
1412 3775 1687 3850 πρόσωπον
1713 3783 1805 3833 τοῦ
1826 3785 1954 3833 Θεοῦ
1980 3780 2125 3854 λόγου

541 3865 622 3917 καί
641 3860 772 3935 μετά
797 3872 889 3924 τῆς
928 3866 1120 3941 σαρκὸς
1160 3862 1378 3921 δείκνυσι
1396 3905 1413 3933 ,
1445 3867 1530 3920 καί
1556 3865 1698 3922 ἔστιν
1729 3866 1800 3930 εἷς
1819 3874 1900 3925 καὶ
1923 3870 1949 3925 6
1975 3874 2129 3934 αὐτὸς

541 3955 725 4015 τέλειος
753 3955 801 4008 ἐν
829 3954 1055 4019 θεότητι,
1099 3958 1179 4011 καί
1207 3956 1396 4016 τέλειος
1425 3956 1473 4009 ἐν
1510 3957 1887 4031 ἀνθρωπότητι,
1930 3963 2029 4032 οὐχ
2060 3966 2129 4025 ὡς

540 4041 684 4099 δυσὶν
721 4045 1068 4102 ὑποστάσεσιν
1104 4044 1216 4105 ἤτοι
1252 4046 1584 4122 προσώποις,
1617 4048 1719 4103 ἀλλ’
1745 4051 1795 4103 ἐν
1837 4051 1944 4125 θείᾳ
1982 4054 2129 4123 φύσει

538 4141 617 4192 καί
640 4138 924 4211 ἀνθρωπίνῃ
951 4138 1345 4214 γνωριζόμενος⁶
1376 4139 1460 4192 ’ἱνα
1484 4136 1555 4199 εἷς
1639 4140 1745 4195 καθ’
1773 4142 2017 4218 ἑκάτερα,
2045 4148 2127 4199 τέ-

539 4227 665 4290 λειος
685 4230 835 4296 Θεὸς,
868 4233 954 4285 καί
987 4231 1170 4291 τέλειος
1194 4227 1481 4309 ἅνθρωπος,
1513 4229 1538 4285 6
1564 4232 1715 4294 αὐτὸς
1743 4231 1769 4288 6
1798 4235 1970 4307 κύριος
1990 4236 2128 4306 ἡμῶν

539 4317 731 4381 ⁹ινλσοῦς
756 4324 996 4397 Χριστὸς,
1028 4322 1054 4379 ό
1084 4320 1153 4386 εἷς
1179 4332 1272 4385 τῆς
1300 4323 1451 4395 ἁγίας
1477 4322 1680 4401 τριάδος
1710 4323 2129 4398 συνδοξαζόμενος

539 4419 609 4480 τῷ
630 4414 791 4484 πατρί
810 4417 982 4487 καὶτῷ
1005 4414 1129 4487 ἁγίῳ
1144 4417 1413 4486 πνεύματι.
1429 4414 1557 4473 Οὔτε
1582 4418 1677 4495 γάρ
1702 4419 1947 4494 τετάρτου
1971 4441 2128 4497 προσο

540 4504 682 4555 ὠπου
709 4503 999 4575 προσθήκην
1036 4503 1302 4568 ἐπεδέξατο
1332 4508 1362 4563 ἡ
1405 4506 1524 4578 ἁγία
1553 4511 1699 4582 τριάς
1724 4512 1807 4564 καί
1850 4514 2123 4586 σαρκωθίν-

2229 3321 2498 3377 sationem
2529 3327 2585 3376 et
2608 3328 2831 3392 propter
2852 3336 2952 3377 nos
2980 3319 3120 3376 ﬁlius
3146 3319 3247 3375 fuit
3272 3318 3441 3375 Adam
3457 3359 3474 3384 ,
3504 3332 3608 3374 nos
3634 3322 3794 3370 autem

2229 3412 2525 3469 secundum
2548 3419 2795 3467 naturam
2825 3426 3008 3468 sumus
3034 3411 3129 3467 ﬁlii
3148 3408 3340 3467 Adam.
3365 3409 3531 3465 Pater
3558 3408 3697 3464 enim
3722 3410 3794 3458 est

2231 3503 2349 3573 ejus
2372 3502 2516 3559 Deus
2543 3502 2838 3559 secundum
2866 3510 3145 3570 naturam,
3180 3509 3366 3558 noster
3407 3507 3595 3555 autem
3624 3511 3794 3555 secun-

2229 3592 2356 3649 dum
2382 3594 2631 3663 gratiam.
2663 3592 2730 3648 Et
2757 3593 2900 3650 Deus
2928 3594 2978 3649 ei
3006 3592 3106 3649 fuit
3132 3590 3430 3649 secundum
3456 3586 3794 3660 dispensatio-

2228 3698 2375 3750 nem,
2406 3698 2474 3740 eo
2495 3683 2639 3755 quod
2662 3685 2827 3740 homo
2855 3684 3028 3740 {actus
3057 3690 3170 3751 est;
3202 3688 3390 3738 noster
3417 3687 3604 3736 autem
3624 3691 3795 3736 secun-

2230 3776 2356 3831 dum
2400 3782 2648 3829 naturam
2693 3772 2951 3830 Dominus
2992 3781 3078 3830 est
3113 3780 3169 3830 et
3216 3772 3379 3829 Deus.
3411 3770 3478 3826 Et
3505 3770 3633 3826 ideo
3672 3770 3796 3824 Deus

2229 3864 2483 3931 Verbum,
2509 3864 2603 3935 qui
2628 3862 2887 3920 estFilius
2910 3863 3009 3919 Dei
3025 3863 3220 3930 Patris,
3236 3862 3423 3918 unicus
3444 3861 3620 3926 carni,
3643 3858 3797 3914 factus

2229 3964 2311 4013 est
2341 3973 2488 4024 caro,
2518 3965 2579 4013 ut
2605 3958 2855 4013 homines
2877 3958 3013 4014 uniti
3042 3958 3274 4029 spiritui,
3307 3957 3501 4013 tierent
3540 3971 3682 4011 unus
3700 3953 3797 4023 spi-

2228 4048 2386 4104 ritus.
2409 4047 2528 4118 Ipse
2551 4048 2714 4117 igitur
2741 4064 2901 4105 verus
2927 4048 3094 4105 Filius
3121 4049 3217 4105 Dei
3246 4062 3436 4105 omnes
3465 4062 3567 4103 nos
3601 4046 3798 4102 indutus

2229 4148 2339 4207 est,
2374 4147 2433 4195 ut
2472 4154 2661 4195 omnes
2703 4139 2989 4195 induamur
3026 4156 3193 4196 unum
3222 4140 3415 4195 Deum.
3441 4139 3510 4193 Et
3536 4147 3626 4195 est
3653 4138 3798 4194 etiam

2229 4241 2354 4303 post
2376 4232 2801 4288 incarnationem
2829 4247 2968 4288 unus
2995 4233 3064 4288 de
3092 4241 3279 4289 sancta
3302 4231 3598 4302 Trinitate,
3628 4231 3799 4297 unige-

2229 4324 2371 4379 nitus
2390 4322 2553 4378 Filius
2574 4323 2671 4378 Dei
2692 4323 2949 4379 Dominus
2971 4331 3157 4380 noster
3174 4322 3330 4380 Jesus
3351 4322 3630 4392 Christus,
3662 4334 3800 4377 com-

2227 4417 2434 4486 positus
2456 4428 2522 4469 ex
2548 4420 2778 4484 utraque
2805 4422 3013 4469 natura.
3041 4413 3412 4486 Compositum
3432 4421 3622 4469 autem
3652 4409 3797 4467 Chri-

2228 4515 2371 4563 stum
2395 4507 2734 4578 coniitemur,
2781 4517 3092 4565 sanctorum
3132 4510 3352 4565 Patrum
3389 4508 3695 4565 doctrinam
3721 4522 3801 4563 se-

540 4615 627 4655 τος
655 4600 746 4648 τοῦ
777 4594 882 4655 ἑνός
915 4602 1005 4654 τῆς
1036 4593 1183 4667 ἁγίας
1222 4595 1432 4665 τριάδος
1464 4605 1588 4652 Θεοῦ
1612 4599 1779 4670 λόγου.
1812 4604 2009 4662 Ταύτην
2037 4609 2126 4663 τήν

2232 4616 2473 4679 quentes.
2514 4607 2574 4662 In
2602 4610 2861 4680 mysterio
2889 4608 3031 4663 enim
3062 4607 3259 4663 Christi
3301 4608 3480 4663 unitas
3508 4606 3800 4664 secundum

539 4688 691 4747 καλήν
716 4689 1143 4763 παρακαταθήκην
1158 4727 1175 4755 ,
1197 4688 1253 4746 ἣν
1275 4691 1418 4760 παρά
1440 4696 1540 4745 τῶν
1563 4689 1716 4762 άγίων
1735 4695 1966 4770 πατέρων
1992 4699 2120 4757 είλὴ-

538 4798 725 4851 φαμεν,
754 4778 1082 4848 φυλάττομεν,
1111 4778 1160 4831 ἐν
1241 4782 1402 4849 ζῶμεν
1427 4782 1509 4834 καί
1544 4781 1926 4853 πολιτευόμεθα,
1956 4791 2039 4843 καί
2063 4790 2120 4849 ἢν

537 4869 844 4942 συνέκδημον
864 4870 1119 4943 λάϐοιμεν,
1150 4872 1221 4932 εἰς
1261 4874 1488 4948 πατέρα,
1518 4877 1598 4929 καί
1640 4876 1858 4951 Χριστὸν
1897 4881 1985 4935 τόν
2008 4880 2119 4937 υἱὸν

537 4966 628 5018 τοῦ
654 4966 779 5017 Θεοῦ
807 4966 897 5016 τοῦ
928 4964 1131 5030 ζῶντος,
1160 4964 1247 5017 καί
1272 4960 1413 5035 ἅγιον
1437 4970 1639 5037 πνεῦμα
1658 4964 1936 5040 ὁμολογίαν.

2227 4700 2704 4771 compositionem,
2751 4698 3123 4755 confusionem
3161 4706 3219 4755 et
3255 4698 3583 4754 divisionem
3614 4696 3801 4766 rejicit,

2226 4798 2283 4847 et
2324 4797 2505 4845 servat
2550 4788 2768 4858 quidem
2808 4790 3092 4858 utriusque
3139 4795 3345 4844 naturae
3371 4787 3802 4859 proprietatem;

2225 4895 2388 4937 unam
2418 4887 2597 4935 autem
2625 4879 3025 4935 subsistentiam
3063 4895 3159 4937 seu
3186 4894 3475 4951 personam
3502 4876 3609 4935 Dei
3649 4872 3803 4934 Verbi

2226 4981 2423 5029 etcum
2445 4985 2607 5026 carne
2634 4971 2885 5039 ostendit,
2910 4980 2965 5028 et
2992 4979 3075 5028 est
3096 4988 3235 5028 unus
3255 4972 3505 5043 idemque
3532 4970 3802 5042 perfectus

2232 5062 2289 5117 in
2316 5061 2535 5129 deitate,
2566 5068 2623 5117 et
2647 5060 2915 5132 perfectus
2941 5063 2994 5118 in
3022 5062 3373 5130 humanitate,
3404 5078 3514 5119 non
3548 5071 3802 5132 tanquam

537 5145 592 5199 in
614 5126 819 5199 duabus
840 5142 1195 5201 subsistentiis
1220 5146 1334 5203 sive
1360 5148 1603 5219 personis
1626 5191 1643 5219 ,
1692 5152 1786 5207 sed
1825 5152 1880 5207 in
1926 5151 2107 5209 divina
2142 5162 2332 5210 natura
2378 5162 2432 5210 et
2471 5126 2703 5209 humana
2746 5153 3151 5223 cognoscendus
3174 5194 3190 5223 ,
3238 5162 3300 5209 ut
3326 5126 3465 5209 unus
3487 5153 3560 5208 sit
3582 5151 3640 5207 in
3663 5126 3803 5207 utra-

536 5255 671 5315 que,
709 5241 978 5312 perfectus
1005 5239 1150 5299 Deus
1195 5250 1252 5298 et
1301 5243 1569 5314 perfectus
1611 5246 1806 5313 homo;
1876 5246 2018 5303 idem
2061 5248 2179 5319 ipse
2215 5246 2666 5310 DominusIJesus
2702 5245 2975 5313 Christus,
3004 5260 3162 5317 .unus
3197 5245 3266 5301 de
3310 5254 3497 5303 sancta
3541 5243 3805 5300 Trinitate

534 5331 1021 5403 conglorilicandus
1048 5331 1195 5387 Patri
1237 5340 1293 5388 et
1332 5342 1519 5391 sancto
1547 5335 1793 5407 Spiritui.
1857 5335 1968 5395 Nec
2006 5339 2151 5395 enim
2186 5347 2394 5409 quartae
2398 5352 2676 5409 Apersonae
2721 5337 3075 5408 adiectionem
3096 5339 3332 5408 suscepit
3358 5347 3545 5394 sancta
3569 5336 3805 5393 Trinitas

536 5434 593 5482 et
638 5426 915 5482 incarnato
960 5440 1069 5481 uno
1114 5423 1183 5480 de
1228 5433 1415 5481 sancta
1460 5426 1723 5484 Trinitate
1768 5428 1881 5484 Deo
1908 5428 2109 5487 Verbo.
2165 5428 2328 5485 Istam
2375 5423 2538 5499 igitur
2585 5428 2783 5485 bonam
2831 5429 3189 5496 traditionem,
3219 5445 3381 5500 quam
3407 5446 3438 5485 a
3468 5431 3675 5487 sanctis
3703 5429 3803 5485 Pa-

536 5518 705 5573 tribus
742 5519 1069 5590 accepimus,
1111 5516 1460 5588 custodimus,
1506 5518 1559 5574 in
1603 5534 1707 5588 qua
1734 5519 1965 5576 vivimus
2001 5528 2056 5575 et
2106 5533 2517 5587 conversamur,
2576 5527 2631 5575 et
2680 5533 2880 5588 quam,
2940 5522 3007 5577 ab
3064 5519 3167 5575 hac
3214 5520 3325 5574 vita
3371 5519 3801 5591 proﬁciscentes,

534 5622 751 5664 oramus
796 5609 1077 5666 nobiscum
1116 5608 1316 5665 habere
1337 5646 1356 5675 ,
1400 5623 1520 5680 qua:
1565 5615 1651 5667 est
1689 5609 1743 5665 in
1783 5607 1998 5666 Patrem
2045 5618 2102 5666 et
2138 5610 2430 5683 Christum}
2456 5610 2650 5665 Filium
2695 5610 2793 5665 Dei
2833 5610 2965 5679 vivi,
3014 5617 3069 5665 et
3114 5599 3367 5667 sanctum
3384 5609 3643 5683 Spiritum
3674 5624 3805 5667 con-

533 5697 733 5756 fessio.‘

2298 5818 2423 5874 “me
2468 5817 2540 5871 ita
2578 5814 2893 5872 confitentes
2939 5830 3102 5887 super
3137 5816 3272 5872 alias
3320 5816 3494 5874 sancti
3522 5814 3712 5889 Cyrilli
3738 5811 3806 5867 de

2220 5910 2323 5968 ﬁde
2345 5917 2490 5967 recta
2520 5908 2808 5977 doctrinas,
2838 5916 2892 5964 ct
2919 5908 3021 5965 hoc
3043 5909 3186 5982 quod
3214 5910 3416 5966 dictum
3450 5918 3529 5968 est
3556 5908 3625 5963 ab
3660 5907 3802 5981 ipso,

608 5824 782 5876 Ταῦτα
815 5821 977 5884 οὕτως
1013 5821 1363 5899 ὁμολογοῦντες
1396 5822 1527 5900 πρὸς
1571 5822 1686 5884 ταὶς
1728 5821 1899 5885 ἄλλαις
1940 5829 2029 5879 τοῦ
2070 5825 2121 5878 ἐν

528 5911 698 5989 ¹εςγιοις
732 5915 967 5988 Κυρὶλλου
992 5919 1123 5989 περιέ
1148 5925 1238 5977 τῆς
1263 5916 1411 5989 ὀρθῆς
1442 5920 1665 5976 πίστεως
1689 5912 2002 5985 διδακα).ίας“,
2028 5917 2111 5973 καί

3865 5688 3876 5716 ι

3868 5722 3883 5751 ι
