3988 6346
207 352 296 410 235

1222 353 1592 414 resumam
1631 357 1760 416 Lm.
1800 322 1975 416 aov.’
2001 357 2370 417 emensum.

3309 367 3414 425 εδδ

208 471 255 526 τὸ
292 464 516 541 εἰρημένον
564 465 689 543 παρ’
728 469 912 537 αὑτοῦ,
944 470 1062 542 μίαν
1104 474 1252 545 φύσιν
1296 480 1389 531 τοῦ
1431 482 1560 530 Θεοῦ
1588 476 1738 547 λόγου

1851 490 2003 530 unam
2043 484 2287 530 naturam
2318 475 2415 530 Dei
2445 477 2589 533 verbi
2634 478 2988 547 incarnatam,
3042 483 3416 557 suscipientes,

208 557 571 633 σεσαρκωμίνπν,
602 557 869 631 δεχόμενοι
896 561 1232 636 ὁμολογοῦμεν
1252 604 1265 628 ,
1294 562 1372 620 ὅτι
1411 566 1461 619 εκ
1487 573 1577 626 τῆς
1606 567 1743 626 θείας

208 653 402 723 φύσεως,
438 650 518 704 καὶ
556 657 648 711 τῆς
681 654 995 729 ἀνθρωπίνης
1037 651 1108 716 εἷς
1148 656 1368 731 Χριστὸς
1407 657 1740 724 ἀπετελέσθη,

208 744 273 797 ενοι
295 743 441 812 οὖμῶ
471 743 649 813 φύσις.
677 747 835 806 καθώς
866 766 997 809 τινες
1025 754 1191 808 κακῶς
1218 752 1308 806 τήν
1332 747 1461 811 λέξιν
1489 749 1741 819 ἐκλαμϐά-

206 852 341 893 νοντες
359 832 507 905 λέγειν
528 832 899 911 ἐπιχειροῦσιν.
924 833 1115 906 ’Λμέλει
1128 858 1208 893 τοι
1228 838 1478 899 miniter};
1499 836 1524 891 6
1548 843 1740 913 πατὴρ,

204 924 349 986 ὁσάκις
385 926 497 996 μίαν
540 925 691 997 φύσιν
733 922 841 983 εἷπε
871 933 962 982 τοῦ
1004 928 1155 1001 λόγου
1195 931 1614 1006 σεσαρκωμένην.
1660 932 1744 984 ἐπὶ

203 1018 355 1074 τούτου
376 1025 443 1091 τῷ
465 1025 560 1079 τῆς
586 1020 783 1092 φύσεως
818 1018 1028 1092 ὀνόματι
1060 1022 1171 1076 ἂντί
1208 1021 1545 1083 ὑποστάσεως
1586 1024 1747 1101 ἐχρή-

204 1128 326 1164 σατο.
361 1110 445 1163 Καὶ
477 1108 529 1162 ἐν
568 1105 642 1169 οἷς
667 1109 834 1181 λόγοις
858 1106 966 1165 εἷπε
1008 1111 1197 1170 ταύτην
1236 1117 1326 1171 τήν
1367 1112 1525 1178 λέξιν,
1557 1113 1606 1166 ἒν
1633 1121 1745 1174 τοῖς

201 1197 341 1269 ὶγιξῆς
363 1199 426 1257 ὦς
451 1198 539 1253 ἐπὶ
566 1199 654 1254 τὸν
676 1201 910 1257 πλεῖστον
929 1205 1168 1275 ιπήγαγε,
1204 1204 1328 1257 ποτὲ
1352 1206 1442 1274 μὲν
1462 1204 1594 1267 υἱὸν,
1620 1209 1746 1261 ποτὶ

202 1283 245 1340 δί
267 1285 386 1359 λόγον
408 1286 438 1346 ἢ
462 1298 727 1363 μονογενῆ⁶
766 1290 899 1367 ἅπερ
929 1292 985 1347 οὑ
1018 1293 1243 1364 φύσεως,
1279 1294 1384 1348 ἀλλ’
1412 1296 1747 1359 ὑποστάσεως

200 1374 285 1433 ἦτοι
307 1380 579 1451 προσώπου
608 1381 721 1435 ἔστί
760 1380 1021 1441 δηλωτικά.
1059 1381 1112 1439 Ἦ
1144 1388 1310 1440 τοίνυν
1336 1386 1626 1449 ὑπόστασις
1654 1395 1747 1444 τοῦ

200 1467 319 1539 λόγου
341 1473 653 1545 σαρκωθιῖσα
680 1474 736 1527 οὑ
762 1476 880 1544 μίαν
900 1476 1069 1547 φύσιν,
1100 1475 1209 1531 ἀλλ’
1227 1476 1314 1530 ἕνα
1338 1480 1556 1548 Χριστὸν
1581 1480 1749 1535 σύνθε-

196 1578 264 1613 τον
284 1560 540 1616 ἀπετέλεσε
566 1562 650 1618 τὸν
680 1565 825 1619 αὑτὸν
850 1566 974 1621 Θεόν
1002 1587 1057 1621 τε
1088 1568 1173 1622 καὶ
1211 1564 1502 1643 ἄνθρωπον
1533 1573 1655 1626 Θεὸν
1694 1570 1748 1627 δέ

196 1653 262 1705 τιαέ
280 1649 526 1729 ἄνθρωπον
551 1655 634 1711 τὸν
661 1659 880 1731 Χριστὸν
906 1657 1292 1733 ὁμολογοῦντας,
1322 1663 1441 1735 μίαν
1468 1664 1616 1737 φύσιν
1640 1664 1751 1739 ἡίὀι

193 1743 336 1798 οὐσίαν
358 1746 433 1800 ἐπ’
455 1749 598 1817 αὑτῷ
622 1749 779 1823 λέγειν
806 1751 989 1812 ἀσεϐές
1008 1767 1022 1784 '
1053 1749 1298 1807 άδὺνατον
1325 1754 1426 1830 γάρ
1466 1756 1553 1809 τὸν
1580 1758 1748 1828 κύριον

1843 566 2161 622 conlitemur
2197 566 2339 635 quod
2385 582 2451 621 ex
2479 568 2653 623 divina
2696 579 2885 627 natura
2929 581 2983 626 et
3018 573 3248 629 humana
3282 592 3419 631 unus

1844 651 2089 711 Christus
2127 653 2350 711 effectus
2398 666 2500 721 est,
2544 666 2732 713 etnon
2776 659 2828 713 in
2860 676 2962 715 una
2994 672 3203 734 natura,
3254 677 3415 736 prout

1843 742 2058 812 quidam
2087 743 2228 800 male
2257 746 2615 816 intelligentes
2638 748 2949 811 dictionem,
2982 762 3248 808 conantur
3275 755 3417 810 dice-

1845 847 1923 888 re.
1972 832 2124 889 Unde
2154 844 2209 890 et
2236 835 2351 905 ipse
2380 835 2558 905 Pater,
2608 839 2821 908 quoties
2849 854 3009 894 unam
3041 851 3287 899 naturam
3334 822 3434 901 di-'

1850 924 1928 979 xit
1956 924 2121 980 Verbi
2163 926 2514 992 incarnatam,
2563 928 2619 983 in
2667 927 2773 983 hoc
2819 937 3022 986 naturae
3070 934 3287 990 nomine
3315 951 3413 1006 pro

1844 1016 2189 1074 subsistentia
2220 1035 2347 1075 usus
2371 1028 2471 1074 est.
2515 1017 2581 1073 Et
2609 1020 2661 1075 in
2689 1021 2886 1091 quibus
2930 1024 3077 1079 libris
3119 1025 3254 1080 dixit
3283 1027 3419 1083 hanc

1845 1108 2160 1179 dictionem,
2191 1112 2244 1166 in
2275 1113 2623 1182 sequentibus
2650 1116 2844 1185 smpius
2873 1116 3066 1183 intulit,
3094 1120 3106 1149 '
3133 1131 3187 1174 et
3206 1118 3433 1189 quandoj

1846 1199 2058 1268 Filium,
2111 1211 2167 1257 et
2193 1206 2407 1273 quando
2434 1206 2690 1271 Verbum,
2748 1217 2840 1263 aut
2888 1206 3251 1277 Unigcnitum,
3302 1220 3420 1275 qum

1848 1307 1954 1348 non
1984 1303 2250 1363 naturam,
2281 1296 2378 1351 sed
2400 1296 2800 1352 subsistentiam
2825 1313 2922 1354 seu
2950 1310 3235 1368 personam
3266 1297 3425 1366 signi.

1848 1382 2031 1439 ticant.
2072 1382 2428 1441 Subsistentia
2456 1386 2617 1453 igitur
2645 1386 2803 1441 Verbi
2828 1387 3100 1443 incarnata
3128 1403 3233 1443 non
3260 1402 3418 1442 unam

1849 1483 2114 1542 naturam,
2163 1474 2259 1530 sed
2299 1490 2463 1530 unum
2508 1474 2780 1531 Christum
2826 1478 3181 1547 compositum
3222 1474 3419 1542 effecit,

1850 1562 2095 1619 eumdem
2137 1564 2311 1636 ipsum
2340 1564 2509 1620 Deum
2550 1574 2607 1621 et
2650 1566 2941 1621 hominem.
2982 1565 3087 1622 Eos
3123 1574 3302 1622 autem
3329 1566 3420 1635 qui

1850 1651 2121 1709 Christum
2148 1654 2318 1711 Deum
2340 1664 2397 1711 et
2423 1657 2694 1711 hominem
2720 1656 3061 1724 conﬁtentur,
3086 1673 3243 1712 unam
3266 1664 3423 1711 natu-

1852 1761 1968 1801 ram
2012 1747 2127 1801 sive
2173 1747 2525 1802 substantiam
2577 1749 2744 1819 ipsius
2789 1749 3001 1815 dicere,
3050 1750 3267 1820 impium
3317 1758 3417 1803 est.

192 1836 502 1905 ἧμῶι’ῐησοῠν
528 1843 745 1918 Χριστὸν
774 1845 906 1898 κατὰ
925 1848 1044 1914 μίαν
1064 1847 1147 1900 καὶ
1176 1849 1267 1903 τήν
1292 1847 1445 1905 αὐτὴν
1464 1846 1749 1920 φύσιν,ἥτοι

1852 1836 2184 1906 Impossibile
2206 1839 2348 1892 enim
2379 1845 2462 1893 est
2488 1839 2770 1894 Dominum
2796 1849 3039 1895 nostrum
3066 1838 3249 1895 Jesum
3276 1838 3425 1893 Chri-

190 1925 357 1997 οὐσίαν,
384 1935 464 1987 καὶ
483 1934 589 2007 πρὸ
608 1934 797 1989 αἰώνων
817 1931 941 1993 εἶναι
961 1940 1045 1991 καὶ
1078 1939 1125 1992 ἐν
1147 1938 1339 2013 χρόνῳ,
1385 1937 1415 1998 ἦ
1444 1940 1612 1998 άπαθῆ
1665 1941 1749 1995 και

189 2023 399 2083 παθητὸν,
426 2021 556 2097 ὅπερ
578 2026 660 2079 ἐπὶ
672 2033 765 2085 τῆς
787 2032 909 2097 μιᾶς
933 2029 1093 2082 αὑτοῦ
1112 2029 1445 2090 ὑποστάσεως
1464 2030 1573 2089 ἦτοι
1593 2049 1749 2105 προσ-

188 2111 309 2166 εἶιπου
345 2113 501 2188 ὀρθῶς
555 2112 903 2188 ὁμολογοῦμεν.
944 2116 1019 2182 Ἐξ
1061 2120 1226 2173 αὐτῶν
1258 2116 1313 2174 δέ
1351 2126 1450 2174 τῶν
1483 2121 1748 2193 εἰρημένων

186 2206 263 2254 τοῦ
286 2204 431 2258 αὑτοῦ
458 2206 513 2258 ἐν
544 2204 706 2277 ἁγίοις
749 2206 985 2282 ιυρίλλου
1015 2206 1342 2280 άποδειξομεν
1370 2213 1461 2269 τήν
1499 2212 1619 2284 περὶ
1654 2219 1747 2270 τῆς

187 2293 418 2366 εἰρημὲνης
441 2296 628 2362 λέξεως
660 2301 977 2370 σαφεστάτην
1004 2301 1158 2356 αὑτοῦ
1187 2299 1541 2357 διδασκαλίαν’
1569 2304 1621 2357 ἐν
1651 2304 1746 2378 γάρ

185 2390 239 2454 τῇ
260 2387 422 2458 πρώτῃ
441 2388 576 2461 πρὸς
597 2389 863 2443 Σοὺκενσον
884 2390 1125 2466 επιστολῇ
1151 2393 1307 2446 εἰπὼν
1333 2392 1452 2464 μίαν
1476 2393 1628 2465 φύσιν
1653 2399 1744 2449 τοῦ

184 2471 317 2545 λόγου
344 2480 726 2555 σεσαρκωμίνην
742 2518 757 2543 ,
782 2481 921 2541 εὑθὺς
941 2482 1224 2555 ἱπήγαγεν·
1262 2498 1282 2533 ε
1307 2483 1496 2537 Οὐκοῦν
1522 2480 1636 2537 ὅσον
1658 2486 1748 2553 μὶν

182 2560 280 2623 ἧκεν
306 2568 376 2628 τίς
412 2566 645 2634 ἔννοιαν,
688 2568 764 2630 εἷς
785 2591 841 2642 γε
880 2572 1028 2643 μόνον
1062 2572 1119 2629 τὸ
1144 2572 1266 2649 ὁρᾷν
1291 2580 1401 2634 τοῖς
1438 2583 1530 2635 τῆς
1564 2574 1747 2645 ψυχῆς

182 2652 386 2727 ὄμμασι,
416 2665 537 2716 τίνα
560 2662 748 2732 τρόπον
776 2663 1142 2739 ἔνηνθρώπηκεν
1170 2664 1195 2719 6
1220 2670 1506 2738 μονογενής,
1536 2664 1627 2722 δύο
1653 2669 1748 2728 τὰς

180 2749 336 2819 Ιφύσεις
360 2746 491 2807 εἶναί
509 2773 668 2825 φαμεν
688 2753 781 2813 τὰς
802 2754 1091 2818 ἑνωθείσας,
1116 2756 1202 2811 ἕνα
1224 2754 1277 2811 δέ
1301 2757 1410 2810 υἱὸν
1430 2758 1511 2811 καὶ
1531 2760 1749 2833 Χριστᾶν

180 2843 250 2893 καὶ
286 2844 454 2920 κύριον
484 2844 568 2900 τὸν
598 2850 689 2900 τοῦ
713 2852 840 2901 Θεοῦ
865 2846 1061 2922 πατρὸς
1088 2846 1232 2919 λόγον
1273 2848 1747 2919 ἕνανθρωπήσαντα,

180 2933 251 2984 καί
273 2939 685 3010 σεσαρκωμὲνον.
716 2955 735 2989 ε
770 2940 859 2993 Διά
884 2940 1076 2993 τούτων
1111 2936 1165 2993 δὲ
1192 2937 1219 2992 ὁ
1245 2943 1415 3015 πατὴρ
1452 2940 1539 2995 τὸν
1566 2939 1752 3015 τρόπον

174 3029 251 3080 τῆς
298 3025 742 3099 ἕνανθρωπήσεως
792 3032 1131 3097 παραστῆσαι
1177 3025 1505 3096 βουλόμενος,
1562 3030 1647 3081 καὶ
1696 3028 1754 3083 τὸ

174 3110 457 3190 ἄδιαίρετον
493 3117 578 3169 καὶ
625 3116 928 3187 άσὺγχυτον
954 3116 1253 3189 φυλάττων,
1300 3118 1385 3170 καί
1416 3115 1501 3171 τὸν
1544 3118 1754 3192 ἀριθμὸν

1850 1935 1990 1983 stum
2020 1928 2311 1984 secundum
2341 1943 2500 1983 unam
2531 1930 2884 2000 eamdemque
2906 1940 3152 1985 naturam
3174 1945 3267 1987 seu
3295 1929 3420 1984 sub-

1850 2020 2100 2075 stantiam
2122 2029 2177 2075 et
2204 2027 2328 2075 ante
2351 2021 2547 2077 saecula
2576 2036 2714 2086 esse,
2746 2031 2799 2078 et
2828 2023 2882 2077 in
2914 2032 3178 2094 tempore,
3209 2031 3301 2077 aut
3319 2022 3423 2076 im-

1849 2108 2158 2179 passibilem
2188 2117 2246 2164 et
2273 2110 2581 2180 passibilem
2610 2128 2623 2164 :
2673 2110 2817 2180 quod
2849 2111 2902 2165 in
2948 2127 3054 2166 una
3082 2111 3424 2167 subsistentia

1848 2199 1964 2256 sive
1992 2215 2220 2270 persona
2267 2199 2382 2269 ejus
2409 2209 2556 2257 recte
2599 2202 2939 2258 conﬁtemur.
2984 2201 3065 2257 Ex
3096 2202 3227 2273 ipsis
3247 2210 3425 2257 autem

1852 2292 2013 2349 dictis
2040 2292 2281 2364 ejusdem
2311 2293 2484 2351 sancti
2528 2293 2710 2367 Cyrilli
2741 2296 3087 2351 ostendemus
3127 2294 3195 2350 de
3221 2307 3428 2348 memo-

1848 2394 1966 2441 rata
1989 2386 2225 2441 dictione
2254 2384 2591 2441 manifestam
2620 2386 2788 2457 ipsius
2815 2385 3138 2441 doctrinam.
3169 2383 3228 2439 In
3253 2384 3421 2454 prima

1849 2479 1994 2534 enim
2019 2478 2088 2533 ad
2125 2477 2447 2535 Successum
2498 2478 2752 2549 epistola,
2802 2493 2924 2534 cum
2973 2476 3213 2543 dixisset,
3262 2490 3422 2531 unam

1848 2579 2095 2626 naturam
2124 2569 2219 2626 Dei
2243 2568 2407 2626 Verbi
2435 2570 2786 2636 incarnatam,
2816 2570 2998 2625 statim
3020 2568 3201 2624 intulit
3225 2585 3238 2621 :
3278 2585 3298 2621 ε
3329 2565 3426 2620 Er-

1850 2673 1920 2732 go
1948 2670 2209 2733 quantum
2255 2661 2470 2732 quidem
2507 2660 2574 2716 ad
2616 2661 2948 2717 intellectum
2976 2658 3232 2730 pertinet,
3278 2664 3335 2712 et
3360 2655 3426 2711 ad

1853 2752 2138 2808 videndum
2162 2751 2532 2808 tantummodo
2553 2751 2722 2809 oculis
2743 2752 2951 2817 animm,
2977 2748 3426 2821 quemadmodum

1853 2846 2167 2901 incarnatus
2195 2851 2279 2898 est
2307 2841 2643 2912 Unigenitus,
2694 2844 2828 2899 duas
2855 2852 3076 2899 naturas
3105 2843 3284 2898 unitas
3311 2854 3432 2896 esse

1855 2934 2098 3001 dicimus,
2131 2949 2296 2989 unum
2324 2941 2504 2988 autem
2529 2934 2741 3001 Filium,
2773 2943 2830 2990 et
2852 2934 3146 3004 Christum,
3168 2942 3227 2989 et
3244 2933 3431 2988 Domi-

1855 3041 2005 3092 num,
2054 3025 2151 3081 Dei
2194 3025 2368 3081 Patris
2393 3025 2630 3081 Verbum
2671 3027 3026 3091 incarnatum,
3079 3033 3134 3080 et
3159 3024 3431 3079 hominem

1854 3115 2077 3170 factum.
2100 3133 2120 3167 ι
2155 3113 2259 3169 Per
2286 3114 2385 3171 ista
2413 3123 2594 3170 autem
2624 3115 2783 3169 Pater
2808 3114 3025 3170 modum
3049 3111 3437 3169 incarnationis

175 3212 253 3259 τῶν
283 3206 644 3262 συνελθουσῶν
673 3208 871 3279 φὺσεων
912 3204 1103 3272 ἔδειξε,
1150 3208 1233 3261 καὶ
1272 3207 1359 3262 ἕνα
1404 3209 1622 3282 Χριστὸν
1649 3209 1749 3269 ἐκή-

1855 3204 2046 3261 volens
2087 3203 2452 3273 manifestare,
2491 3212 2548 3261 et
2573 3205 2852 3261 indivisam
2892 3213 2949 3260 et
2980 3204 3313 3260 inconfusam
3338 3219 3436 3259 cu-

175 3300 333 3373 ρυξεν,
368 3298 483 3354 ἀλλ’
519 3300 641 3370 οὐχι
665 3302 781 3370 μεαν
809 3303 957 3373 φύσιν
982 3300 1212 3358 θεότητος
1249 3300 1332 3353 καὶ
1350 3301 1561 3376 σαρκὸς.
1588 3303 1677 3355 Καὶ
1701 3301 1751 3355 ἐν

174 3395 227 3461 τῇ
247 3386 471 3462 δευτέρᾳ
493 3390 623 3463 πρὸς
650 3389 739 3444 τὸν
757 3390 911 3444 αὑτὸν
937 3389 1204 3443 Σοὺκενσον
1229 3389 1466 3464 ἐπιστολῇ
1493 3392 1559 3445 τά
1580 3410 1749 3464 παρα-

177 3480 352 3539 πλήσια
381 3478 639 3537 διδάσκων
666 3480 831 3555 [λέγει]
858 3482 1039 3557 γράφει
1067 3481 1251 3543 οὕτως’
1287 3499 1307 3533 ε
1326 3484 1382 3536 El
1509 3485 1610 3559 γάρ
1630 3486 1750 3555 μίαν

180 3574 387 3635 tiamne:
434 3578 527 3632 τήν
565 3580 657 3629 τοῦ
683 3572 831 3648 λόγου
856 3576 1003 3648 φύσιν
1044 3578 1412 3646 σεσωήκαμεν,
1438 3577 1527 3630 οὑκ
1552 3577 1751 3649 ἐπενεγ-

180 3663 328 3725 κόντες
343 3667 427 3730 τὸ,
455 3686 523 3721 σε
538 3668 965 3741 σαρκωμὲνην,
989 3665 1092 3721 ἀλλ’
1115 3663 1216 3721 οἷον
1233 3665 1333 3730 ἔξω
1348 3667 1756 3727 θίντεςτὴνοὸιο-

180 3759 371 3825 νομίαν,
421 3755 487 3816 ἦν
514 3759 686 3817 αὐτοῖς
722 3758 872 3827 τάχα
899 3777 996 3812 πσυ
1039 3759 1122 3811 καὶ
1147 3758 1235 3811 οὐκ
1258 3758 1501 3820 ἀπίθανος
1542 3757 1570 3812 ὁ
1608 3758 1753 3830 λόγος

180 3850 621 3919 προσποιουμένοις
646 3850 860 3922 ἐρωτᾷν,
887 3853 990 3902 ποῦ
1016 3849 1076 3905 τὸ
1102 3848 1287 3904 τέλειον
1306 3848 1355 3902 ὒν
1381 3848 1750 3922 άνθρωπότητε.

179 3935 204 3995 ἦ
226 3940 299 3998 τὸ.
324 3948 437 4002 πῶς
463 3941 741 4013 ὑφέστηκεν
762 3942 793 3998 ἠ
811 3940 921 3995 καθ’
951 3942 1083 4011 ἡμᾶς
1103 3942 1273 4005 οὐσίας
1304 3939 1506 4001 Ἐπειδὴ
1535 3941 1586 3996 δέ
1616 3945 1695 3996 καὶ
1723 3945 1754 4002 ἡ

181 4028 222 4080 ἄν
243 4032 599 4106 ἁνθρωπὸτητι
637 4031 921 4097 τελειότης,
961 4036 1047 4087 καὶ
1081 4040 1173 4094 τῆς
1211 4033 1321 4088 καθ’
1358 4036 1493 4104 ἡμᾶς
1521 4034 1696 4097 οὐσίας
1723 4035 1755 4093 ἦ

180 4115 374 4183 δηλωσις
400 4123 786 4194 εἰσ-κεκόμισται
806 4121 888 4178 διὰ
913 4129 1003 4176 τοῦ
1030 4123 1209 4195 λέγειν,
1240 4143 1307 4178 σε
1324 4144 1405 4179 σα
1414 4125 1752 4196 ρκωμένην,

181 4214 561 4268 παυσάσθωσαν
601 4213 869 4285 καλαμίνην
896 4211 1079 4291 ῥάϐδον
1117 4214 1320 4277 εαυτοῖς
1347 4219 1751 4276 ὑποστήσαντες.

180 4307 266 4355 τοῦ
286 4306 381 4378 γὰρ
403 4304 738 4366 ἐπιϐάλλοντος
764 4309 855 4364 τήν
883 4307 1176 4377 οἰκονομίαν,
1209 4309 1294 4361 καὶ
1331 4307 1636 4383 ἀρνουμένου
1664 4315 1755 4370 τήν

184 4393 435 4466 σάρκωσιν.
490 4393 548 4455 ἧν
575 4396 632 4452 τὸ
677 4390 994 4467 ἐγκαλεῖσθαι
1036 4395 1240 4457 δικαίως
1274 4398 1635 4475 ἀφαιρουμένου
1668 4402 1756 4455 τὸν

182 4484 272 4539 υἱὸν
310 4497 400 4550 τῆς
428 4488 628 4550 τελείας
663 4490 1068 4563 άνθρωπότητος.
1095 4489 1151 4542 Εἰ
1187 4486 1275 4552 δε,
1307 4490 1377 4549 ὡς
1414 4487 1566 4559 ἔφην,
1605 4487 1655 4544 ἓν
1682 4499 1755 4559 τῷ

1853 3297 2099 3357 stodiens
2138 3296 2483 3365 'unitionem,
2532 3304 2589 3352 et
2631 3311 2914 3353 numerum
2957 3304 3265 3351 naturarum
3312 3308 3435 3364 qum

1852 3396 2225 3445 convenerunt
2262 3387 2670 3454 demonstravit,
2719 3396 2773 3444 et
2801 3403 2966 3444 unum
2993 3387 3265 3444 Christum
3294 3402 3436 3458 pra:-

1853 3478 2078 3544 dieavit,
2113 3486 2169 3535 et
2195 3493 2305 3535 non
2333 3495 2497 3537 unam
2524 3487 2770 3536 naturam
2801 3479 3015 3536 deitatis
3046 3489 3102 3536 et
3128 3480 3326 3536 carnis.
3367 3479 3438 3534 Et

1857 3569 1915 3624 in
1941 3570 2181 3626 secunda
2226 3569 2294 3625 ad
2321 3571 2571 3627 eumdem
2610 3569 2927 3627 Successum
2974 3571 3199 3643 epistola
3241 3571 3434 3628 similia

1853 3662 2078 3729 docens,
2121 3662 2195 3716 ita
2222 3660 2443 3718 scribit:
2482 3680 2502 3715 ι
2528 3661 2661 3717 Nam
2690 3663 2950 3732 siquidem
2990 3679 3150 3718 unam
3194 3662 3436 3720 dicentes

1854 3750 2019 3807 Verbi
2067 3760 2311 3808 naturam
2342 3754 2718 3824 tacuissemus,
2769 3770 2877 3811 non
2906 3754 3218 3818 inferentes,
3248 3754 3431 3809 lucar-

1857 3849 2063 3905 natam,
2114 3842 2209 3897 sed
2254 3842 2409 3913 quasi
2449 3853 2602 3900 extra
2631 3853 2898 3916 ponentes
2922 3844 3431 3916 dispensationem;

1858 3940 1978 3987 erat
2023 3932 2127 3989 illis
2153 3931 2378 3989 forsitan
2424 3944 2480 3991 et
2505 3935 2810 3992 verisimilis
2838 3936 2980 3991 ratio
3007 3933 3434 4003 contingentibus

1856 4022 2215 4093 interrogare,
2270 4025 2363 4080 ubi
2408 4025 2665 4097 perfectio
2693 4028 2749 4083 in
2778 4026 3131 4089 humanitate,
3173 4025 3258 4079 vel
3287 4039 3426 4092 quo-

1853 4114 2019 4171 modo
2040 4116 2282 4172 subsistit
2311 4116 2592 4190 [substitit]
2622 4118 2852 4172 humana
2880 4123 3065 4170 nostra
3091 4112 3433 4168 substantia?

1859 4206 2128 4272 Quoniam
2169 4214 2351 4262 autem
2390 4215 2447 4262 et
2488 4205 2749 4277 perfectio
2778 4205 2833 4260 in
2860 4204 3215 4268 humanitate,
3246 4210 3303 4258 et
3330 4217 3434 4256 no-

1854 4306 1980 4353 stra»
2000 4296 2311 4351 substantiae
2330 4296 2717 4353 demonstratio
2732 4294 3037 4352 introducta
3059 4302 3161 4361 est,
3184 4294 3431 4362 dicendo,

1855 4387 2242 4452 lncarnatum;
2273 4394 2486 4442 cessent
2523 4386 2874 4442 arundineam
2923 4387 3127 4455 virgam
3156 4386 3256 4443 sibi
3301 4402 3432 4458 sup-

1855 4484 2141 4549 ponentes.
2180 4474 2496 4545 Ejicientem
2546 4477 2692 4533 enim
2721 4477 3198 4550 dispensationem,
3251 4488 3308 4535 et
3334 4481 3431 4536 ab-

187 4581 533 4653 σισαρκῶσθαι
558 4579 715 4653 λᾶγειν
751 4580 929 4644 αὑτὸν,
961 4581 1127 4649 σαφής
1154 4578 1265 4635 ἔστι
1306 4582 1392 4633 καὶ
1419 4580 1749 4651 ἀναμφίϐολος

1856 4579 2144 4644 negantem
2194 4572 2638 4644 incarnationem,
2686 4577 2970 4649 oportebat
2996 4576 3143 4647 juste
3168 4578 3429 4641 accusari,

186 4665 396 4744 ὁμολογία
430 4678 555 4736 τοῦ,
604 4669 685 4728 ὅτε
729 4674 927 4744 γέγονεν
970 4668 1263 4744 ἅνθρωπος,
1305 4668 1448 4725 οὐδὲν
1475 4669 1551 4727 ἔτι
1577 4672 1754 4730 κωλύει

185 4768 311 4824 νοεῖν,
338 4766 406 4824 ὡς
431 4760 507 4824 εἷς
531 4761 793 4836 ὑπάρχων
819 4764 905 4816 καὶ
924 4760 1072 4833 μόνος
1099 4761 1212 4821 υἱὸς
1234 4758 1261 4815 6
1282 4762 1519 4839 Χριστὸς,
1543 4761 1569 4817 6
1598 4764 1753 4825 αὐτὸς

188 4848 289 4909 Θεὸς
312 4853 422 4909 ἔστι
451 4854 542 4907 καὶ
570 4849 853 4927 ἅνθρωπος,
877 4853 1052 4926 ὥσπερ
1073 4850 1121 4904 δν
1147 4850 1341 4910 θεότητι
1375 4852 1555 4909 τέλειος
1573 4893 1587 4917 ,
1617 4852 1752 4909 οὑτω

187 4944 256 4991 καὶ
273 4942 319 4994 ἐν
334 4943 570 5018 ἀνθρωπό
578 4964 686 5001 me
704 4943 908 5002 τέλειον
940 4942 1185 5015 ὀρθότατα
1205 4940 1258 4997 δὲ
1277 4946 1358 4997 καὶ
1377 4943 1506 4997 πάνυ
1529 4951 1753 5005 συνετῶς

188 5027 212 5083 ἦ
237 5037 297 5090 σή
320 5031 577 5095 τελειότης
606 5035 692 5090 τὸν
713 5036 833 5109 περὶ
863 5039 954 5087 τοῦ
981 5034 1237 5097 σωτηρίου
1265 5034 1456 5095 πάθους
1483 5035 1754 5092 ἐκτξθειται

188 5120 331 5194 λόγον,
361 5127 451 5178 οὑει
469 5125 620 5179 αὑτὸν
640 5125 727 5179 τὸν
749 5132 986 5195 μονογενῆ
1015 5124 1119 5177 υἱὸν
1141 5130 1231 5177 τοῦ
1259 5130 1408 5187 Θεοῦ,
1431 5126 1554 5179 καθὸ
1572 5134 1753 5181 νοεῖται

188 5216 257 5264 καὶ
278 5212 387 5270 ἔστι
408 5215 561 5281 Θεὸς,
594 5215 769 5269 παθεῖν
789 5218 862 5274 εἰς
889 5212 1019 5269 ἰδίαν
1039 5216 1186 5286 φύσιν
1213 5215 1277 5269 τὰ
1304 5218 1561 5283 σώματος,
1594 5220 1755 5286 ἰσχυ-

154 5316 157 5317 ⁷
187 5306 421 5373 ριζομὲνη,
446 5308 623 5361 παθεῖν
651 5304 706 5360 δὲ
726 5305 910 5374 μᾶλλον
1020 5312 1171 5378 χοϊκῇ
1186 5307 1356 5377 φύσει.
1381 5314 1467 5360 Δεῖ
1479 5309 1579 5381 γάρ
1602 5307 1755 5378 ἀναγ-

188 5396 321 5455 καίως
348 5398 611 5471 ἀμφότερα
639 5396 891 5459 σώζεσθαι
918 5402 990 5464 τῷ
1018 5395 1089 5449 ἑνὶ
1115 5400 1193 5449 καὶ
1232 5397 1354 5450 κατὰ
1382 5396 1609 5455 ἀλήθειαν
1637 5398 1749 5470 υ”ῷ,

188 5485 236 5536 τὸ
262 5491 341 5541 καὶ
367 5496 438 5558 μὴ
460 5490 688 5559 πάσχειν
715 5488 906 5549 θεῖκῶς,
941 5489 1020 5539 ναὶ
1037 5486 1096 5540 τὸ
1123 5486 1350 5557 λέγεσθαι
1370 5490 1546 5542 παθεῖν
1563 5492 1751 5563 ἀνθρω-

187 5578 347 5637 πίνως.
379 5589 433 5632 Ἦ
456 5583 614 5635 αὑτοῦ
633 5580 733 5652 γάρ
756 5578 970 5633 πέπονθε
992 5578 1142 5653 σάρξ.
1176 5595 1196 5628 ι
1224 5580 1315 5631 Καὶ
1352 5580 1402 5631 ἐν
1429 5587 1502 5650 τῷ
1524 5603 1754 5655 τρισκαι·

187 5663 363 5740 δεγάτῳ
397 5668 453 5725 δὲ
477 5671 727 5743 κεφαλαίῳ
752 5678 850 5725 τῶν
882 5669 1107 5739 σχολίων
1136 5668 1161 5722 6
1189 5669 1337 5729 αὐτὸς
1372 5669 1419 5723 ἐν
1452 5670 1610 5744 ἁγίοις
1642 5675 1749 5728 K6-

1858 4669 2187 4726 auferentem
2210 4688 2242 4728 a
2270 4672 2406 4731 Filio
2436 4677 2735 4747 perfectam
2761 4678 3173 4734 humanitatem.
3210 4678 3305 4734 Sin
3335 4695 3431 4733 au-

1858 4772 1969 4820 tem
2001 4764 2084 4834 (ut
2105 4763 2241 4837 dixi)
2268 4767 2602 4824 incarnatum
2630 4782 2749 4824 esse
2775 4768 3004 4824 dicendo
3032 4769 3226 4839 ipsum,
3262 4771 3434 4826 mani-

1820 4919 1828 4928 .
1858 4854 1997 4910 festa
2018 4861 2101 4909 est
2129 4864 2186 4910 et
2223 4855 2589 4913 indubitabilis
2632 4857 2922 4925 confessio,
2969 4858 3113 4929 quod
3152 4858 3325 4915 factus
3346 4870 3431 4917 est

1857 4947 2023 5004 homo
2051 4963 2066 5012 ;
2098 4947 2229 5003 nihil
2252 4948 2365 5018 jam
2392 4950 2642 5020 prohibet
2660 4950 2979 5019 intelligere,
3008 4951 3130 5022 quia
3151 4966 3273 5007 cum
3295 4966 3433 5005 unus

1857 5040 1930 5095 sit
1971 5048 2029 5096 et
2071 5042 2218 5097 solus
2264 5040 2404 5095 ﬁlius
2452 5040 2714 5107 Christus,
2767 5043 2906 5097 idem
2953 5043 3067 5112 ipse
3095 5041 3236 5097 Deus
3263 5046 3431 5095 estet

1858 5132 2046 5196 homo.
2073 5134 2215 5188 sicut
2240 5133 2292 5188 in
2322 5132 2522 5188 deitate
2552 5134 2841 5202 perfectus,
2868 5134 2941 5189 ita
2970 5144 3027 5188 et
3052 5134 3105 5189 in
3136 5132 3432 5188 humanita-

1858 5231 1914 5277 te
1942 5224 2232 5293 perfectus.
2276 5223 2592 5278 Rectissime
2639 5233 2817 5279 autem
2849 5234 2905 5279 et
2946 5225 3102 5279 nimis
3140 5221 3431 5292 prudenter

1859 5325 1949 5371 tua
1981 5318 2240 5387 perfectio
2265 5319 2333 5372 de
2361 5318 2579 5373 salutari
2611 5321 2860 5388 passione
2888 5320 3150 5375 rationem
3181 5316 3429 5385 exponit,

1860 5424 1965 5461 nun
2014 5408 2186 5476 ipsum
2216 5409 2543 5474 unigenitum
2581 5410 2770 5463 Filium
2798 5408 2912 5473 Dei,
2962 5406 3254 5461 secundum
3284 5406 3427 5474 quod

1860 5499 2175 5567 intelligitur
2220 5507 2274 5553 et
2303 5508 2384 5554 est
2415 5499 2571 5563 Deus,
2619 5515 2833 5570 passum
2864 5513 2982 5554 esse
3024 5497 3076 5550 in
3105 5512 3201 5551 sua
3240 5508 3427 5554 natura

1860 5607 1979 5660 qum
2006 5598 2129 5646 sunt
2159 5592 2402 5661 corporis
2430 5592 2722 5655 allirmans,
2772 5590 2941 5657 magis
2986 5596 3165 5643 autem
3213 5606 3426 5661 passum

1860 5696 1980 5736 esse
2023 5691 2232 5736 terrena
2262 5689 2470 5736 natura.
2512 5680 2737 5750 Oportet
2764 5680 2906 5732 enim
2937 5681 3241 5737 necessario
3281 5689 3425 5736 utra-
3454 5666 3460 5709 ³

256 5880 259 5887 ι
294 5848 597 5921 Aliquando
625 5847 841 5919 quidem
877 5848 1070 5904 Filium
1090 5889 1108 5920 ,
1135 5848 1426 5921 aliquando
1463 5863 1598 5906 vero
1630 5851 1885 5922 Verbum,
1920 5863 2001 5910 est
2030 5856 2245 5927 quando
2274 5856 2483 5919 Filium,
2514 5862 2596 5909 est
2615 5853 2828 5931 quando
2856 5854 3109 5915 Verbum.

459 5945 725 6013 PATROL.
775 5944 1004 6005 LXIX.

2983 5954 3022 6021 8
3092 6032 3095 6033 ,

2576 6084 2633 6094 ω
