3988 6346
516 317 623 374 235

1902 304 2190 369 VIGILIUS
2228 306 2424 364 PAPA.

3665 305 3773 362 256

516 439 672 512 ριλλος
702 435 878 507 ὁμοίως
920 436 1315 507 ἀποϐαλλόμενος
1348 435 1464 495 τοὺς
1486 453 1540 491 τε
1569 430 1661 488 δύο
1696 430 1836 493 υὲοὑς
1860 432 2092 504 εἰσάγον-

2216 443 2298 499 [ue
2327 427 2529 482 servari
2560 427 2650 483 uni
2689 431 2744 481 et
2767 440 2896 482 vero
2922 424 3081 494 Filio,
3110 433 3170 482 et
3193 438 3301 481 non
3330 423 3445 496 pati
3472 424 3772 483 secundum

518 552 626 593 τας,
654 526 769 587 τοὺς
789 549 843 584 τε
866 532 983 598 μίαν
1011 530 1157 602 φύσιν
1177 528 1411 599 λέγοντας
1432 527 1661 584 θεότητος
1684 528 1767 579 καὶ
1786 531 1877 584 τῆς
1903 522 2093 593 σαρκὸς

514 626 601 675 τοῦ
628 626 841 683 Χριστοῦ
858 658 871 685 ,
903 618 1081 694 γράφει
1106 618 1287 680 οὕτως’
1323 635 1341 667 ε
1363 619 1433 671 Οὑ
1460 615 1735 692 διοριστέον
1773 609 1855 668 οὖν
1880 609 1980 685 ἆρα
2008 611 2093 668 τόν

511 714 599 766 ἕνα
627 714 797 787 κύριον
822 717 1009 769 Ἰησοῦν
1032 710 1247 783 Χριστὸν
1274 710 1345 769 εἰς
1372 705 1632 785 ἄνθρωπον
1673 705 1868 772 ὶδικῶς,
1901 706 1987 761 καὶ
2024 706 2095 765 εἰς

513 802 635 857 Θεὸν
662 800 865 868 ίδικῶς,
894 799 1001 855 ἀλλ’
1025 801 1109 855 ἕνα
1144 803 1229 855 καὶ
1251 803 1336 855 τόν
1361 802 1513 855 αὑτὸν
1542 796 1740 860 Ἰησοῦν
1762 798 1980 872 Χριστὸν
2013 796 2098 850 κὺ-

514 896 618 970 ριόν
641 915 820 967 φαμεν,
853 900 943 953 τήν
971 900 1070 949 τῶν
1095 895 1289 966 φύσεων
1313 891 1501 953 εἰδότες
1523 890 1792 966 διαφορὰν,
1823 891 1906 946 ναὶ
1931 890 2096 961 ἀσυγ-

517 989 697 1057 χὺτως
726 987 955 1047 ἀλλήλαις
983 990 1250 1061 τηροῦντες
1284 985 1463 1045 αὑτάς.
1486 1002 1504 1035 ι
1539 984 1594 1036 Εἰ
1613 986 1805 1046 τοίνυν,
1832 981 1992 1040 καθὼς
2023 978 2098 1036 δι-

518 1078 694 1135 δάσκει
737 1078 838 1132 όέν
882 1078 1038 1150 ἁγίοις
1079 1077 1345 1153 Κέριλλος,
1389 1071 1459 1135 εἷς
1508 1076 1643 1129 ἐστιν
1691 1071 1716 1126 ὁ
1764 1072 1931 1149 κὺριος
1961 1072 2098 1141 ἡμῶν

513 1169 704 1229 Ἰησοῦς
728 1171 965 1246 Χριστός,
989 1168 1173 1229 τέλειος
1200 1170 1245 1221 ἐν
1268 1167 1480 1231 θεότητι,
1513 1169 1596 1219 καὶ
1615 1163 1796 1224 τέλειος
1826 1162 1851 1217 ὁ
1878 1163 2031 1222 αὑτός
2052 1162 2102 1214 ἐν

516 1258 897 1336 ἀνθρωπότητι,
934 1262 1018 1312 καὶ
1062 1261 1147 1313 οὑκ
1192 1256 1343 1313 ἔπαθε
1388 1264 1449 1331 τῇ
1494 1258 1601 1330 θείᾳ
1637 1257 1818 1329 φύσει,
1868 1253 2001 1309 ἀλλάι
2037 1259 2100 1326 τῇ

517 1359 666 1426 χοϊκῇ
696 1348 839 1424 φύσει
860 1390 875 1416 ,
918 1346 1015 1405 οἶδε
1046 1347 1100 1404 δέ
1142 1351 1225 1403 καὶ
1251 1354 1339 1406 τὴν
1366 1354 1464 1402 τῶν
1493 1348 1690 1417 φύσεων
1716 1336 1987 1423 διαφοραὶν,
2017 1344 2104 1398 καὶ

515 1445 576 1499 τὸ
599 1444 940 1516 ἀσυγχύτους
967 1443 1129 1503 αὑτὰς
1152 1441 1379 1501 ἀλλήλαις
1409 1440 1456 1494 ἐν
1484 1443 1578 1511 μιᾷ
1604 1436 1896 1495 ὑποστάσει
1915 1435 2101 1510 φυλάτ-

516 1537 713 1601 τεσθαι,
744 1533 889 1593 δῆλον
915 1531 994 1590 ὅτι
1024 1534 1105 1588 τὸν
1137 1531 1282 1586 αὑτὸν
1310 1533 1359 1585 ἐν
1382 1538 1443 1607 τῇ
1490 1532 1600 1605 θείᾳ
1628 1531 1778 1603 φύσει
1809 1531 1890 1584 καὶ
1922 1535 1985 1603 τῇ
2024 1529 2105 1583 ἀν·-

517 1628 737 1702 θρωπίνῃ
767 1625 897 1697 λέγει
925 1622 950 1679 ό
986 1626 1152 1697 πατὴρ
1182 1622 1538 1695 γνωρίζεσθαι,
1569 1621 1655 1675 καί
1681 1619 1925 1694 ἑκατέραν
1958 1618 2106 1690 φύσιν

516 1719 565 1771 ἐν
591 1718 730 1790 αὑτῷ
759 1711 904 1781 εἶναι,
937 1716 986 1778 ἐξ
1023 1711 1086 1767 ὧν
1118 1715 1199 1767 καί
1238 1712 1494 1771 συνετέθη.
1525 1713 1617 1767 Καὶ
1653 1711 1741 1769 οὑκ
1768 1705 1827 1763 ἂν
1868 1729 1947 1770 τις
1972 1707 2106 1762 οὕτω

2197 520 2471 586 deitatem,
2504 528 2560 575 et
2586 518 2695 575 dici
2722 534 2940 593 passum
2969 534 3086 577 esse
3107 519 3355 577 eumdem
3384 519 3557 592 ipsum
3575 535 3771 576 secun-

2197 613 2324 668 dum
2368 612 2752 668 humanitatem
2786 632 2801 671 ;
2832 613 2997 684 ipsius
3039 614 3180 667 enim
3227 626 3385 682 passa
3433 619 3518 669 est
3565 627 3717 668 caro.
3744 629 3765 666 ν
3802 683 3809 693 η

2198 706 2267 761 Et
2314 707 2370 762 in
2416 704 2784 763 tertiodecimo
2832 705 3009 776 capite
3053 704 3379 764 scboliorum
3406 705 3550 763 idem
3580 703 3638 761 S.
3670 705 3776 778 Cy-

2200 799 2353 855 rillus
2384 799 2634 855 similiter
2673 798 2919 867 rejiciens
2945 814 3040 857 eos
3076 799 3165 868 qui
3193 796 3328 855 duos
3357 795 3495 854 ﬁlios
3523 796 3774 855 introdu-

2200 898 2348 957 cunt,
2399 898 2452 945 et
2496 904 2590 946 eos
2620 888 2712 959 qui
2738 905 2901 944 unam
2941 889 3127 946 dicunt
3163 892 3410 944 naturam
3457 887 3677 947 deitatis
3722 894 3780 947 α

2201 980 2380 1036 carnis
2397 977 2615 1048 Christi,
2638 980 2710 1034 ita
2730 979 2916 1035 scribit
2942 998 2953 1033 :
2995 999 3013 1030 ‹
3034 980 3149 1035 Non
3170 978 3584 1037 discernendum
3612 996 3777 1037 unum

2201 1070 2487 1127 Dominum
2508 1070 2687 1125 Iesum
2721 1070 2993 1126 Christum
3042 1071 3093 1127 in
3140 1071 3411 1127 hominem
3458 1074 3777 1143 separatim,

2202 1170 2258 1218 et
2285 1163 2339 1217 in
2369 1163 2536 1218 Deum
2562 1163 2893 1233 separatim;
2939 1163 3036 1220 sed
3073 1178 3238 1218 unum
3286 1162 3651 1233 eumdemque
3680 1163 3781 1221 Do-

2202 1254 2406 1311 minum
2435 1256 2616 1311 Jesnm
2645 1254 2914 1311 Christum
2936 1256 3181 1324 dicimus,
3205 1263 3517 1313 naturarum
3544 1258 3791 1316 scientes

2204 1343 2584 1412 diﬂerentiam,
2614 1353 2670 1401 et
2712 1347 3019 1405 inconiusas
3059 1362 3151 1405 eas
3176 1347 3281 1404 sibi
3304 1348 3534 1405 invicem
3562 1363 3782 1405 conser-

2203 1448 2412 1498 vantes.
2444 1460 2462 1494 ι
2496 1440 2553 1498 Si
2583 1441 2743 1511 igitur
2772 1442 2956 1514 (prout
2974 1442 3133 1499 docet
3160 1456 3258 1499 nos
3284 1448 3501 1499 sanctus
3528 1442 3781 1515 Cyr-illus)

2206 1550 2344 1593 unus
2382 1543 2467 1591 est
2496 1534 2753 1593 Dominus
2778 1545 2966 1595 noster
3005 1536 3166 1595 Iesus
3192 1537 3455 1604 Christus,
3510 1536 3785 1609 perfectus

2207 1626 2264 1681 in
2290 1625 2493 1685 deitate
2511 1666 2527 1694 ,
2565 1634 2619 1683 et
2648 1628 2918 1699 perfectus
2940 1629 3079 1689 idem
3108 1629 3229 1700 ipse
3262 1630 3317 1686 in
3340 1630 3699 1695 humanitate,
3728 1640 3785 1688 et

2208 1730 2317 1774 non
2340 1726 2424 1775 est
2440 1733 2630 1790 passus
2658 1718 2835 1776 divina
2862 1730 3074 1787 natura,
3103 1720 3199 1778 sed
3228 1728 3458 1788 terrena,
3481 1723 3587 1778 scit
3605 1732 3785 1779 autem

515 1812 723 1881 μανείη,
770 1811 839 1871 ὡς
881 1810 1040 1883 ὀρθῶς
1082 1809 1290 1877 νομίσαι
1326 1812 1518 1881 φρονεῖν
1553 1806 1672 1864 τοὺς
1710 1803 1946 1876 λέγοντας
1984 1803 2105 1871 μίαν

2216 1814 2263 1862 et
2290 1815 2605 1867 naturarum
2643 1808 3029 1877 diﬂerentiam,
3068 1817 3127 1866 et
3154 1810 3299 1881 quod
3342 1811 3639 1869 inconfusa:
3683 1814 3783 1869 sibi

516 1896 640 1956 εἶναι
666 1902 832 1973 φύσιν,
856 1901 966 1960 ἤτοι
987 1902 1166 1956 οὑσίαν
1189 1899 1377 1976 σαρκὸς
1398 1901 1478 1952 καὶ
1495 1895 1721 1957 θεότητος
1740 1901 1830 1951 τοῦ
1852 1898 2099 1969 Χριστοῦ,

516 1995 605 2050 τὴν
633 1992 786 2050 αὐτην
814 1991 944 2046 θείαν
974 1993 1058 2047 καί
1075 1978 1290 2062 ’χοϊκήη
1318 1991 1541 2048 παθητόν
1567 1989 1653 2043 καὶ
1675 1988 1861 2046 ἀπαθῆ.

2212 1898 2445 1955 invicem
2486 1900 2541 1955 in
2572 1917 2675 1956 una
2716 1901 3058 1959 subsistentia
3100 1911 3525 1960 conservantur:
3576 1913 3784 1961 certum

2208 1996 2311 2057 est,
2340 1990 2486 2060 quod
2518 1989 2769 2048 eumdem
2797 1990 2970 2065 ipsum
3012 1992 3069 2049 in
3094 1992 3277 2048 divina
3306 2000 3497 2049 natura
3523 2002 3582 2049 et
3608 1995 3664 2050 in
3686 1997 3783 2052 hu-

2216 2095 2377 2138 mana
2404 2081 2535 2139 dicit
2557 2080 2718 2140 Pater
2744 2083 3015 2152 cognosci,
3046 2090 3102 2140 et
3139 2092 3418 2154 utramque
3443 2093 3695 2141 neutram
3732 2087 3789 2143 in

518 2175 636 2244 ipso
665 2188 804 2239 esse,
836 2189 907 2231 ex
933 2174 1127 2244 quibus
1154 2179 1210 2229 et
1235 2171 1569 2244 compositus
1595 2176 1696 2226 est.
1746 2167 1816 2224 Et
1858 2183 1969 2226 non
2009 2167 2204 2241 aliquis
2248 2171 2329 2229 sic
2376 2172 2630 2241 insaniat,
2681 2180 2742 2230 ut
2776 2173 3066 2231 arbitretur
3114 2187 3210 2231 eos
3255 2181 3404 2229 recte
3455 2189 3652 2246 sapere
3696 2175 3785 2246 qui

520 2265 706 2321 dicunt
751 2282 915 2321 unam
956 2280 1075 2322 esse
1118 2272 1367 2321 naturam
1409 2264 1524 2321 sive
1571 2262 1927 2320 substantiam
1965 2262 2144 2319 carnis
2195 2271 2251 2320 et
2295 2264 2513 2326 deitatis
2558 2265 2777 2336 Christi,
2834 2266 3080 2327 eamdem
3126 2275 3183 2325 et
3226 2267 3459 2325 divinam
3500 2276 3563 2323 et
3618 2277 3788 2327 terte

521 2376 666 2424 nam,
698 2359 1003 2431 passibilem
1028 2368 1084 2415 et
1111 2356 1515 2430 impassibilem.

593 2452 790 2515 Ἐπειδὴ
832 2454 889 2509 δὲ
930 2458 1016 2509 καὶ
1060 2456 1298 2529 ἑτέρωθεν
1341 2453 1732 2516 κατασκευάζειν
1782 2452 2111 2526 ἐπιχειροῦσί

523 2566 651 2606 τινες
679 2549 736 2603 τὸ
763 2550 877 2621 μίαν
916 2542 1043 2603 εἶναι
1066 2548 1213 2620 φύσιν
1240 2554 1330 2607 τῆς
1360 2543 1594 2607 θεότητος
1622 2546 1704 2599 καὶ
1729 2550 1821 2605 τῆς
1858 2540 2113 2616 ἅνθρωπό-

522 2660 677 2699 τητος
703 2647 796 2695 τοῦ
828 2645 1050 2715 Χριστοῦ
1068 2679 1083 2706 ,
1112 2640 1171 2694 τό
1193 2645 1282 2694 τοῦ
1308 2640 1575 2714 ἀνθρώπου
1612 2632 1938 2712 παράδειγμα
1977 2652 2110 2709 προ-

526 2730 849 2803 ϐαλλόμενοι,
889 2735 976 2787 καὶ
1017 2732 1273 2806 λέγοντες,
1324 2732 1500 2807 ὥσπερ
1539 2731 1592 2795 ἒξ
1631 2729 1902 2807 ἑτεροφυῶν
1927 2726 2111 2798 ψυχῆς

2290 2449 2556 2518 Quoniam
2601 2460 2782 2509 autem
2820 2461 2876 2510 et
2914 2452 3024 2510 alio
3060 2454 3220 2512 modo
3257 2455 3474 2525 quidam
3500 2455 3788 2513 ostendere

2217 2550 2505 2613 conantur,
2525 2559 2686 2600 unam
2713 2550 2834 2602 esSe
2860 2554 3107 2601 naturam
3132 2545 3347 2602 deitatis
3366 2554 3423 2602 et
3444 2547 3790 2603 humanitatis

2217 2631 2438 2703 Christi,
2469 2636 2774 2708 exemplum
2794 2636 3025 2693 hominis
3046 2645 3424 2708 proponentes,
3449 2645 3506 2695 et
3524 2638 3787 2705 dicentes,

2215 2725 2363 2794 quod
2407 2726 2546 2782 sicut
2591 2742 2661 2782 ex
2706 2726 2933 2783 diversis
2978 2728 3207 2796 naturis,
3253 2729 3431 2785 anima
3476 2736 3536 2783 et
3564 2744 3793 2799 corpore

526 2828 612 2880 καὶ
661 2827 897 2898 σώματος
926 2829 1182 2888 συνεστὼς
1211 2826 1236 2881 ό
1267 2822 1531 2900 ἅνθρωπος
1579 2827 1671 2895 μία
1716 2826 1866 2896 φύσις
1891 2823 2107 2897 λέγεται,

2217 2824 2519 2881 consistens
2530 2823 2727 2890 homo,
2769 2838 2876 2880 una
2906 2832 3098 2881 natum
3124 2825 3335 2890 dicitur,
3367 2824 3446 2882 sie
3470 2833 3529 2881 et
3554 2840 3625 2882 ex
3654 2826 3791 2881 dua.

526 2918 658 2972 οὕτω
682 2921 767 2972 καί
793 2919 847 2972 ἐκ
873 2917 962 2974 δύο
989 2920 1205 2990 φύσεων,
1234 2919 1465 2981 θεότητος
1486 2920 1567 2974 καί
1593 2918 2001 2996 ἀνθρωπότητος,
2024 2920 2111 2974 τὸν

522 3010 736 3085 Χριστὸν
763 3010 1017 3083 λέγοντες,
1049 3012 1297 3086 ὀφείλομεν
1324 3014 1443 3081 μίαν
1477 3009 1628 3084 φύσιν
1653 2993 1732 3067 ἐπ’
1770 3011 1911 3084 αὐτῷ
1935 2993 2107 3084 λέγειν’

524 3104 682 3158 ἒκεῖνο
714 3105 839 3183 πρὸς
863 3106 1046 3165 αὑτοὺς
1075 3106 1285 3179 ἐροῦμεν
1305 3147 1320 3171 ,
1359 3102 1437 3161 ὅτι
1477 3103 1504 3160 ό
1530 3106 1622 3177 μέν
1646 3101 1905 3180 ἅνθρωπος
1934 3099 2025 3176 κᾷν
2058 3106 2114 3159 εκ

521 3192 771 3269 διαφόρων
799 3197 1093 3262 συνέστηκε,
1116 3198 1357 3253 τουτέστι
1380 3196 1564 3268 ψυχῆς
1582 3198 1669 3252 καὶ
1692 3199 1953 3268 σώματος,
1976 3195 2114 3269 ὅμως

524 3285 609 3341 διὰ
637 3293 789 3341 τοῦτο
818 3290 912 3356 μία
940 3288 1087 3360 φύσις
1114 3288 1340 3361 λέγεται,
1380 3286 1552 3347 ἐπειδή
1577 3295 1754 3349 κοινῶς
1780 3289 1909 3345 κατὰ
1935 3296 2115 3344 πασῶν

532 3384 630 3433 τῶν
652 3377 1009 3442 ὑποστάσεων,
1037 3378 1187 3451 ἤγουν
1210 3382 1502 3453 προσώπων
1521 3386 1623 3435 τῶν
1640 3380 1743 3436 ὑπὸ
1761 3382 1818 3436 τὸ
1843 3380 1965 3436 αὐτὸ
1984 3377 2116 3441 εἶδος

525 3470 840 3541 ἀναγομένων
868 3478 1251 3545 κατηγορεῖται.
1280 3473 1337 3524 Ei
1360 3474 1446 3527 καί
1471 3475 1538 3528 τὰ
1562 3472 1780 3542 μάλιστα
1803 3476 1903 3548 γὰρ
1931 3473 2114 3532 ἑκάστη

530 3560 849 3629 ὑπόστασις,
879 3560 991 3620 ἤτοι
1035 3562 1342 3636 πρόσωπον,
1385 3557 1486 3617 οἷον
1527 3564 1740 3639 Πᾶτρος,
1782 3568 1867 3620 καί
1902 3564 2114 3630 Παῦλος,

528 3659 633 3711 τοῖς
662 3649 931 3721 ἰδιώμασιν
954 3651 1044 3707 ἀπ’
1073 3652 1290 3712 ἀλλήλων
1312 3651 1731 3730 διαχωρίζοντιιι,
1764 3657 1866 3712 ἀλλ’
1891 3656 2031 3730 ὅμως
2054 3661 2115 3714 οὑ

526 3750 589 3817 τῇ
612 3743 757 3815 φύσει
777 3742 1116 3819 διαιροῦνται⁶
1140 3746 1412 3820 ἀμφότεροι
1431 3749 1535 3822 γὰρ
1554 3746 1811 3823 ἄνθρωποι
1828 3765 1841 3781 ⁸
1865 3751 1950 3804 καί
1967 3750 2115 3805 πάλιν

531 3831 647 3889 οὔτε
672 3834 827 3906 ψυχή
872 3838 1039 3911 χωρίς
1066 3839 1334 3907 σώματος,
1374 3838 1487 3896 οὔτε
1529 3847 1680 3915 σῶμα
1727 3844 1895 3915 χωρίς
1934 3840 2117 3912 ψυχῆς

529 3923 810 4001 [ἄνθρωπός
850 3926 880 3981 ἕ
883 3925 1018 3999 στιν]
1044 3929 1445 4008 ἀνθρωπότητος,
1484 3932 1587 3988 ἀλλ’
1610 3934 1663 3986 ἐκ
1679 3939 1772 3987 τοῦ
1798 3938 1866 4003 μὴ
1889 3930 2027 3995 ὄντος
2046 3936 2118 3996 εἰς

528 4020 585 4073 τὸ
612 4016 739 4075 εἶναι
779 4023 833 4075 ἐκ
859 4022 1041 4092 ψυχῆς
1083 4025 1168 4076 καὶ
1217 4026 1457 4095 σώματος
1500 4023 1880 4098 ἐδημιουργήθη.
1923 4030 2024 4079 Πᾶν
2062 4023 2117 4081 ὃὸ

528 4112 751 4182 κτίσμα,
783 4113 827 4166 εἰ
851 4115 936 4167 καὶ
974 4114 1029 4167 ἐκ
1058 4110 1302 4187 διαφόρων
1351 4116 1687 4177 συνέστηκεν,
1736 4113 1839 4169 ἀλλ’
1874 4110 1960 4167 οὖν
2000 4116 2116 4186 μίαν

2212 2915 2312 2973 bus
2335 2916 2539 2972 naturis
2561 2916 2777 2975 deitatis
2798 2923 2854 2973 et
2870 2915 3218 2974 humanitatis
3235 2916 3509 2975 Christum
3525 2915 3789 2984 dicentes,

2211 3009 2469 3067 debemus
2497 3024 2659 3066 unam
2687 3010 2857 3080 ipsius
2902 3009 3088 3069 dicere
3114 3018 3399 3067 naturam:
3433 3008 3568 3065 illud
3595 3007 3668 3063 ad
3697 3022 3792 3065 eos

2212 3099 2475 3167 dicemus,
2519 3099 2668 3170 quod
2695 3100 2861 3157 homo
2886 3100 3104 3170 quidem
3152 3101 3281 3157 licet
3306 3115 3374 3158 ex
3409 3100 3641 3157 diversis
3667 3110 3793 3157 con-

2213 3198 2339 3258 stet,
2369 3190 2421 3247 id
2447 3197 2551 3260 est,
2582 3190 2760 3249 anima
2784 3198 2841 3248 et
2866 3206 3115 3263 corpore,
3138 3197 3319 3248 tamen
3344 3190 3469 3248 ideo
3491 3206 3602 3248 una
3631 3199 3793 3248 natu-

2214 3298 2275 3341 ra
2321 3282 2538 3350 dicitur,
2586 3284 2845 3354 quoniam
2888 3283 2957 3339 de
3005 3284 3253 3340 omnibus
3288 3283 3656 3340 subsistentiis
3684 3285 3794 3340 sive

2216 3375 2483 3447 personis,
2507 3389 2627 3444 quae
2647 3375 2745 3432 sub
2773 3373 2964 3431 eadem
2984 3374 3167 3446 specie
3190 3373 3512 3439 referuntur,
3545 3387 3792 3430 commn-

2214 3471 2358 3527 niter
2385 3468 2723 3540 medicatur.
2764 3468 2925 3525 Licet
2970 3470 3114 3524 enim
3143 3480 3474 3536 unaquaeque
3501 3466 3796 3521 subsisten-

2216 3563 2292 3619 tia
2313 3563 2428 3618 sive
2448 3576 2703 3633 persona,
2730 3560 2870 3635 sigit
2898 3558 3093 3616 Petrus
3118 3569 3175 3614 et
3202 3557 3417 3621 Paulus,
3447 3556 3797 3626 proprietati-

2216 3654 2319 3712 bus
2349 3670 2382 3710 a
2415 3669 2475 3710 se
2502 3652 2731 3709 invicem
2759 3658 3097 3723 scparentur,
3133 3648 3229 3705 sed
3254 3657 3433 3705 tamen
3464 3663 3578 3702 non
3602 3655 3797 3702 natura

2215 3745 2563 3804 dividuntur:
2606 3745 2766 3801 ambo
2806 3744 2951 3800 enim
2996 3741 3279 3808 homines;
3331 3747 3388 3797 et
3430 3742 3651 3805 iterum,
3697 3755 3800 3798 nec

2218 3840 2397 3897 anima
2435 3839 2554 3895 sine
2578 3850 2827 3908 corpore,
2878 3851 2980 3892 nec
3013 3850 3209 3906 corpus
3250 3833 3370 3891 sine
3409 3833 3591 3888 anima
3634 3832 3802 3888 homo

2219 3937 2323 3995 est,
2354 3927 2454 3985 sed
2480 3943 2547 3986 ex
2576 3942 2643 3984 eo
2672 3927 2818 3999 quod
2847 3942 2954 3984 non
2984 3934 3120 3993 erat,
3146 3924 3217 3981 ad
3256 3926 3365 3981 hoc
3389 3922 3537 3994 quod
3577 3930 3687 3990 est,
3734 3938 3801 3978 ex

2219 4022 2398 4077 anima
2438 4030 2495 4079 et
2538 4035 2765 4092 corpore
2812 4026 3028 4077 creatus
3073 4025 3176 4075 est.
3217 4016 3564 4087 Unaquaeque
3613 4024 3802 4071 autem

2219 4120 2467 4170 creatura
2511 4114 2639 4170 licet
2665 4128 2733 4169 ex
2772 4110 3003 4168 diversis
3029 4116 3262 4176 constet,
3301 4107 3398 4165 sed
3420 4116 3603 4163 tamen
3632 4120 3804 4163 unam

531 4202 712 4262 εκείνην
739 4202 885 4273 ἔχειν
910 4205 1109 4277 λέγεται
1132 4208 1313 4278 φύσιν,
1344 4207 1449 4259 καθ’
1470 4207 1526 4264 ἣν
1550 4208 1694 4281 παρὰ
1724 4212 1813 4261 τοῦ
1849 4212 1973 4261 Θεοῦ
2004 4204 2111 4265 ἕδη-

2220 4205 2369 4260 illam
2389 4205 2592 4262 habere
2613 4204 2806 4261 dicitur
2826 4210 3093 4268 naturam,
3124 4200 3416 4259 secundum
3439 4214 3607 4301 quam
3628 4215 3664 4254 a
3692 4198 3805 4255 Deo

528 4299 821 4368 μιουργήθη.
868 4308 922 4350 '0
962 4295 1016 4351 δὲ
1059 4299 1278 4373 Χριστός
1320 4300 1424 4368 οὑχ
1464 4298 1661 4359 οὕτως’
1705 4296 1819 4352 οὔτε
1855 4295 1955 4370 γὰρ
1997 4299 2111 4369 μίαν

2221 4306 2401 4356 creata
2429 4304 2532 4353 est.
2569 4295 2814 4353 Christus
2840 4303 3021 4351 autem
3052 4310 3161 4349 non
3184 4293 3300 4349 sic:
3334 4306 3437 4349 nec
3468 4290 3616 4347 enim
3636 4305 3804 4346 unam

531 4381 681 4454 φύσιν
700 4423 714 4442 ,
744 4385 896 4454 ἤγουν
926 4387 1101 4441 οὑσίςιν
1129 4386 1275 4444 δηλοῖ
1299 4395 1467 4448 κοινῶς
1508 4388 1636 4444 κατὰ
1662 4389 1853 4455 πολλῶν
1890 4389 2119 4444 ὑποστά-

535 4492 696 4539 σεων,
722 4472 832 4532 ἤτοι
856 4478 1140 4548 προσώπων
1168 4482 1607 4553 κατηγορουμένην
1625 4524 1638 4542 ,
1671 4481 1847 4557 ὥσπερ
1872 4479 1898 4535 ὁ
1927 4476 2118 4556 ἅνθρω-

535 4585 632 4627 πος
649 4581 663 4598 °
692 4568 737 4619 εί
757 4570 858 4642 γὰρ
884 4574 1036 4624 τοῦτο
1060 4566 1141 4635 ἦν,
1166 4571 1341 4626 πολλοὶ
1368 4577 1579 4644 Χρεστοί
1604 4574 1981 4648 εὑρεθήσονται,
2008 4561 2121 4630 καθ’

534 4653 600 4712 ὧν
641 4658 698 4713 τὸ
725 4660 880 4713 κοινὸν
904 4667 996 4721 τῆς
1032 4664 1232 4735 φύσεως
1269 4672 1637 4738 κατηγορῆτειι,
1677 4664 1803 4738 ὅπερ
1842 4672 1926 4721 καὶ
1963 4669 2119 4739 λέγειν

536 4749 672 4805 ἐστὶν
693 4750 903 4812 ἀσεϐἑς⁶
948 4752 1052 4806 ἀλλ’
1080 4751 1199 4809 οὔτε
1229 4754 1317 4809 ἀπ’
1346 4756 1522 4830 ἀρχῆς
1570 4757 1623 4809 ἐκ
1665 4754 1896 4817 θεότητος
1923 4762 2005 4812 καὶ
2031 4763 2118 4816 ἀν-

533 4842 877 4919 θρωπότητος,
904 4845 1077 4923 ὥσπερ
1105 4845 1133 4901 ὁ
1167 4843 1429 4918 ἅνθρωπος
1455 4846 1511 4900 ἐκ
1534 4847 1714 4917 ψυχῆς
1740 4852 1819 4901 καὶ
1859 4851 2116 4918 σώματος,

534 4933 562 4990 ὃ
581 4936 801 5011 Χριστὸς
828 4934 1215 5013 ἐδημιουργήθη,
1235 4940 1318 4992 ἵνα
1337 4944 1489 4993 τοῦτο
1512 4936 1543 5015 ᾖ
1565 4941 1713 5010 φύσις
1732 4948 1975 5013 Χριστοῦ·
2000 4942 2123 4997 ἀλλὰ

535 5027 661 5088 Θεὸς
681 5024 749 5083 ὧν
774 5027 876 5089 πρὸ
896 5029 1089 5082 αἰώνων
1114 5028 1139 5082 ὁ
1167 5028 1332 5100 λόγος,
1364 5032 1445 5083 καὶ
1474 5037 1561 5088 τῆς
1588 5030 1747 5089 αὑτῆς
1777 5033 1994 5103 φύσεως,
2016 5033 2122 5091 ἦτοι

536 5120 715 5184 οὑσίας
740 5120 995 5197 ὑπάρχων
1023 5127 1095 5191 τῷ
1122 5124 1303 5195 πατρὶ,
1334 5123 1412 5174 γαί
1436 5118 1738 5195 δημιουργὸς
1758 5120 2017 5189 ἁπάντων,
2039 5122 2118 5178 ἐπ’

534 5212 777 5282 ὒσχὸιτων
810 5220 909 5267 τῶν
938 5214 1134 5285 ἡμερῶν
1172 5212 1437 5287 ἀνθρώπου
1485 5210 1634 5283 φύσιν
1676 5211 1787 5268 καθ’
1834 5214 2118 5269 ὑπόστασιν

534 5303 730 5365 ἑνώσας
759 5305 955 5375 ἑαυτῷ,
993 5304 1187 5375 γόγσνεν
1224 5300 1518 5378 ἅνθρωπος,
1564 5310 1632 5373 μὴ
1673 5300 1856 5366 ἐκστὰς
1884 5312 1972 5361 τοῦ
2000 5302 2119 5361 εἶναι

539 5394 684 5455 θεός.

608 5484 784 5543 ’Ἔστιν
817 5484 905 5541 οὖν
926 5487 950 5541 ὁ
978 5491 1195 5563 Χριστὸς
1223 5489 1314 5558 μία
1339 5487 1626 5552 ὑπόστασις
1646 5529 1657 5551 ε
1687 5490 1799 5549 ἦτοι
1820 5492 2118 5565 πρόσωπον,

536 5586 620 5637 καὶ
649 5581 766 5652 ἔχει
792 5583 851 5637 τό
879 5582 1059 5637 τέλειον
1088 5585 1137 5636 ἐν
1176 5586 1339 5655 ἑαυτῷ
1378 5593 1468 5644 τῆς
1494 5606 1548 5640 τε
1595 5586 1726 5645 θείας
1761 5588 1849 5638 καὶ
1875 5585 2117 5640 ἀκτίστου

538 5677 738 5748 φύσεως
759 5716 771 5736 ,
813 5679 893 5731 καί
916 5678 975 5733 τὸ
999 5678 1182 5733 τέλειον
1218 5686 1310 5740 τῆς
1344 5680 1651 5753 ἀνθρωπίνης
1684 5680 1769 5731 καί
1795 5685 2001 5736 ’πιστῆς
2026 5679 2121 5749 φύν

540 5792 597 5825 σε
610 5792 689 5829 nr.
720 5778 825 5831 Πῶς
848 5767 952 5838 οὖν,
978 5776 1025 5827 ὲν
1048 5772 1083 5847 ᾧ
1105 5772 1194 5829 δύο
1217 5772 1390 5847 φύσεις
1411 5777 1753 5848 γνωρίζονται,
1783 5770 2020 5833 ἅκτιστος
2043 5778 2124 5829 καὶ

543 5871 748 5931 κτιστη,
784 5864 863 5921 ἐπὶ
895 5870 1076 5925 τούτου
1108 5872 1225 5938 μίαν
1256 5871 1405 5940 φύσιν
1434 5868 1542 5925 ἦτοι
1565 5869 1735 5921 οὐσίαν
1764 5866 1991 5938 λέγεσθαι
2032 5866 2117 5922 δυ-

2219 4400 2468 4448 naturam
2493 4391 2608 4446 sive
2634 4388 2988 4445 substantiam
3017 4386 3301 4456 signiﬁcat,
3348 4399 3468 4453 qna
3490 4384 3804 4439 communi-

2219 4490 2303 4539 ter
2326 4480 2393 4538 de
2419 4480 2660 4553 plurimis
2676 4478 3034 4536 subsistentiis
3054 4478 3169 4534 sive
3187 4476 3435 4547 personis
3450 4474 3804 4545 prasdicatur.

2216 4575 2359 4631 sicut
2380 4576 2563 4631 homo.
2602 4572 2660 4629 Si
2701 4572 2845 4628 enim
2872 4572 2978 4627 hoc
2996 4579 3162 4636 esset,
3189 4569 3343 4624 multi
3367 4568 3555 4624 ebriati
3586 4567 3805 4622 inveni-

2221 4675 2409 4723 rentur
2457 4666 2510 4720 in
2561 4661 2711 4739 [de]
2752 4663 2947 4735 quibus
2987 4659 3345 4717 communitas
3383 4658 3540 4715 unius
3591 4664 3806 4713 natura

2222 4757 2603 4827 prtedicabitur
2628 4774 2642 4822 ;
2690 4754 2837 4825 quod
2865 4762 2921 4810 et
2949 4753 3132 4809 dicere
3169 4751 3394 4823 impium
3420 4757 3520 4806 est.
3564 4749 3681 4805 Sed
3710 4763 3807 4804 ne-

2222 4864 2329 4919 que
2359 4847 2427 4903 ab
2455 4847 2607 4901 initio
2634 4861 2705 4902 ex
2752 4846 2957 4901 deitate
2986 4852 3043 4899 et
3076 4842 3413 4899 humanitate
3457 4839 3603 4895 sicut
3634 4839 3805 4895 homo

2222 4955 2294 4994 ex
2322 4939 2499 4993 anima
2524 4946 2581 4992 et
2602 4952 2852 5007 corpore,
2883 4934 3131 4992 Christus
3154 4940 3369 4989 creatus
3391 4938 3492 4996 est,
3517 4940 3581 4985 ut
3607 4931 3719 4986 hoc
3737 4929 3809 4985 sit

2224 5039 2415 5086 natura
2459 5029 2658 5086 Christi
2692 5048 2705 5083 :
2748 5029 2844 5084 sed
2889 5044 3011 5083 cum
3057 5028 3197 5082 Deus
3239 5034 3386 5081 esset
3429 5032 3557 5079 ante
3606 5024 3808 5081 saecula

2227 5121 2483 5184 Verbum,
2532 5128 2592 5176 et
2638 5127 2784 5176 esset
2826 5119 3065 5188 ejusdem
3107 5125 3315 5172 naturae
3342 5116 3458 5171 sive
3483 5114 3808 5171 substantiae

2224 5227 2348 5267 cum
2392 5210 2573 5279 Patre,
2627 5217 2683 5265 et
2726 5216 2941 5265 creator
2986 5209 3246 5274 omnium,
3298 5207 3355 5261 in
3383 5205 3587 5263 ultimis
3612 5207 3811 5263 diebus

2224 5303 2457 5359 hominis
2474 5311 2719 5356 naturam
2741 5299 3032 5355 secundum
3052 5298 3449 5357 subsistentiam
3462 5298 3569 5355 sibi
3588 5300 3811 5369 unicus,

2224 5394 2398 5451 factus
2426 5400 2508 5449 est
2535 5392 2699 5448 homo
2728 5406 2951 5449 manens
2978 5392 3135 5448 Deus.

2298 5494 2396 5553 Est
2420 5494 2581 5563 igitur
2609 5492 2852 5549 Christus
2868 5493 2981 5548 'una
3011 5492 3377 5559 subsistentia,
3401 5491 3517 5548 sive
3542 5507 3813 5563 persona,

2223 5595 2280 5643 et
2304 5588 2467 5641 habet
2494 5588 2546 5641 in
2571 5586 2861 5655 semetipso
2885 5585 3266 5654 perfectionem
3290 5584 3484 5640 divinat
3506 5593 3564 5640 et
3596 5586 3817 5641 inet-ea.

2226 5681 2347 5735 bilis
2372 5691 2597 5747 naturas,
2629 5689 2683 5735 et
2724 5678 3109 5749 perfectionem
3155 5678 3400 5733 humanae
3448 5686 3504 5732 et
3551 5680 3817 5734 creabilis

2228 5780 2447 5826 naturae.
2483 5772 2764 5837 Quomodo
2790 5772 2965 5847 igitur,
3002 5771 3051 5823 in
3078 5786 3185 5839 quo
3214 5770 3331 5825 dum
3368 5780 3572 5825 natura:
3601 5786 3819 5840 cogno-

2226 5872 2466 5932 scuntur,
2494 5862 2812 5929 increabilis,
2846 5870 2900 5917 et
2928 5862 3193 5931 creabilis,
3236 5862 3290 5917 in
3337 5877 3403 5919 eo
3434 5877 3598 5921 unam
3648 5874 3820 5923 natu-
