3988 6346
389 293 396 298 “
489 287 528 310 1⁴

179 325 269 389 237

1201 323 1572 386 JUSTINIANI
1608 321 1736 381 LIB.
1777 315 1934 380 ADV.
1975 321 2348 385 ORIGENEM.

3297 309 3400 388 238

181 443 328 506 νατόνς
372 443 425 497 Εἰ
465 443 560 516 γάρ
603 437 690 498 καί
733 443 827 515 μία
871 440 1158 504 ὑπόστασις
1211 441 1327 502 ἤτοι
1372 441 1649 521 πρόσωπον
1699 439 1724 496 ὁ

1839 453 1942 494 ram
1971 440 2085 496 sive
2107 440 2461 497 substantiam
2488 433 2592 499 dici
2629 445 2884 514 possibile
2911 449 3033 505 est?
3078 437 3232 506 Licet
3259 451 3402 507 enim

180 535 388 610 Χριστὸς,
415 533 516 590 ἀλλ’
539 533 807 606 όμοούσιος
833 543 907 609 τῷ
945 539 1104 613 πατρί
1132 543 1241 607 Θεῷ
1267 576 1282 601 ,
1330 537 1412 590 καί
1455 534 1726 606 όμοούσιος

182 627 284 696 ύμῖν
307 623 513 690 όαύτός,
543 625 598 678 οὗ
619 631 717 695 μὴν
739 626 864 681 κατὰ
889 627 1010 696 μίαν
1032 628 1116 680 καί
1134 631 1223 685 τὴν
1247 626 1400 685 αὐτὴν
1425 625 1592 698 φύσιν,
1615 625 1727 683 ἤτοι

182 716 362 787 οὐσίαν·
391 717 431 768 εἰ
458 709 510 770 δέ
533 715 624 788 μία
644 717 796 786 φύσις
835 715 947 775 ἤτοι
981 717 1130 772 οὐσία
1157 713 1216 776 ἧν
1241 717 1482 792 Χριστὸς,
1508 715 1539 775 ἦ
1570 711 1729 792 όίσαρ-

181 824 254 864 κος
276 800 335 858 ὧν
352 803 482 878 μόνῳ
505 811 578 878 τῷ
599 812 708 876 Θεῷ
735 808 820 860 καί
846 803 1027 883 [πατρί
1053 801 1116 862 L.
1150 807 1227 862 sic
1263 807 1366 878 leg.
1398 807 1449 862 in
1471 805 1728 863 chronico

181 891 335 967 Alcm]
355 895 597 967 πνεύματί
635 898 770 955 ἐστιν
807 895 1106 970 ὃμοούσιος,
1145 889 1315 960 ἔπειδή
1353 900 1447 972 μία
1486 908 1579 961 τῆς
1614 899 1728 956 θεό-

181 1009 306 1049 nm:
347 989 516 1054 οὐσία,
566 989 678 1050 ἤτοι
718 993 898 1065 φύσιςο
946 993 977 1054 ἦ
1026 993 1168 1066 ψιλὸς
1211 991 1278 1050 ὢν
1321 983 1610 1070 ἅνθρωπος,
1635 993 1730 1066 μό-

179 1098 264 1139 νοις
293 1079 402 1148 ἡμῖν
439 1079 577 1136 ίστιν
623 1081 924 1155 ὄμοούσιος,
974 1083 1147 1146 ἐπειδὴ
1320 1086 1474 1158 φύσις
1505 1094 1596 1147 τῆς
1643 1087 1729 1141 άν·

179 1169 480 1246 θρωπὸτητος⁹
517 1169 548 1232 ἦ
574 1184 834 1249 τραπεῖσα
869 1177 1082 1252 ἑκατέρα
1104 1178 1256 1251 φύσις
1281 1177 1548 1254 inpugnari:
1567 1177 1726 1233 ἔστινο

178 1261 430 1319 ’Δπετίλεσε
452 1267 599 1341 παρά
627 1267 719 1329 τᾶς
742 1268 1096 1337 συνελθούσας,
1138 1272 1220 1326 καί
1263 1268 1374 1328 κατ’
1401 1271 1584 1331 αὐτοὺς
1612 1267 1727 1325 οῦτε

179 1356 279 1416 Θεὸς
322 1353 539 1426 ἔμεινεν,
584 1355 699 1416 οὗτε
744 1357 1000 1436 ἄνθρωπος
1033 1365 1234 1438 γέγονεν
1277 1363 1304 1419 ὁ
1343 1361 1594 1439 Χριστός’
1644 1366 1732 1420 καὶ

177 1441 244 1499 διὰ
277 1451 414 1500 τοῦτο
465 1446 590 1504 οὔτε
630 1457 704 1522 τῷ
760 1454 952 1528 πατρί,
993 1452 1110 1510 οὔτε
1159 1456 1275 1525 ἡμῖν
1327 1456 1466 1511 ἐστιν
1513 1454 1540 1510 ὃ
1581 1454 1730 1516 αὐτὸς

176 1533 426 1606 ὁμοοῦσιος.
455 1540 530 1595 Τὸ
559 1537 611 1596 δί
652 1541 788 1597 οὕτω
813 1551 1008 1620 φρονεῖν
1032 1547 1208 1608 πάσης
1242 1546 1569 1622 πεπλήρωται
1608 1547 1731 1602 ἀσε-

178 1632 310 1694 ϐείας.
336 1637 423 1691 Καί
448 1642 624 1694 ταῦτα
668 1638 873 1712 λέγομεν
898 1645 985 1698 οὐκ
1025 1643 1349 1717 ἀγνοοῦντες,
1379 1643 1456 1701 ὅτι
1494 1647 1576 1700 καί
1601 1666 1733 1708 τινες

174 1731 256 1778 τῶν
276 1725 416 1798 ἁγίων
449 1729 689 1806 πατέρων
727 1739 801 1802 τῷ
839 1739 930 1789 τοῦ
976 1734 1237 1812 ἀνθρώπου
1279 1733 1618 1809 ὑποδείγματι
1650 1737 1733 1792 ἐπί

1824 545 1929 586 una
1958 531 2301 588 subsistentia
2325 532 2443 590 sive
2467 548 2696 604 persona
2729 534 2974 596 Christus
3017 539 3108 608 sit,
3150 539 3246 598 sed
3269 557 3406 598 con-'-

1824 621 2189 677 substantialis
2234 620 2348 678 Deo
2400 621 2578 690 Patri,
2621 633 2676 680 et
2722 629 3192 688 consubstantialis
3248 634 3406 692 nobis

1826 707 1970 766 idem
1998 710 2114 782 ipse
2141 717 2244 780 est,
2270 717 2381 792 n'on
2402 719 2584 770 tamen
2627 715 2916 771 secundum
2945 735 3106 774 unam
3131 713 3406 781 eamdem-

1827 815 1933 873 que
1960 810 2225 872 naturam,
2255 819 2348 860 seu
2385 803 2756 862 substantiam.
2805 805 2897 864 Sin
2944 813 3122 867 autem
3165 829 3270 870 una
3305 832 3405 872 na-

1827 899 1949 948 tura
1988 893 2103 950 sive
2145 895 2444 951 substantia
2473 902 2615 952 esset
2653 895 2917 966 Christus,
2947 907 3042 956 aut
3083 902 3202 959 sine
3245 917 3408 965 carne

1827 991 1934 1054 est,
1962 992 2019 1042 et
2036 985 2139 1042 soli
2159 985 2270 1043 Deo
2299 979 2444 1044 Patri
2469 989 2549 1064 [et
2574 985 2797 1060 Spiritui
2835 990 3026 1066 Grca]
3055 996 3412 1056 consubstan-

1829 1075 1990 1142 tialis,
2028 1079 2282 1148 quoniam
2320 1096 2424 1136 una
2455 1079 2670 1139 deitatis
2709 1083 3006 1143 substantia
3051 1088 3166 1146 sive
3216 1097 3409 1150 natura

1830 1176 1950 1224 est:
1983 1179 2076 1224 aut
2103 1183 2272 1240 purus
2288 1169 2455 1228 homo
2484 1174 2744 1242 existens,
2775 1175 2930 1233 nobis
2961 1187 3044 1234 est
3070 1179 3243 1240 solum
3277 1197 3410 1240 con-

1830 1261 2215 1330 substantialis,
2248 1263 2502 1334 quoniam
2531 1281 2635 1321 una
2676 1273 2869 1324 natura
2901 1269 3247 1330 humanitatis
3276 1283 3362 1335 est
3389 1293 3407 1333 :

1833 1359 1926 1407 aut
1952 1353 2234 1410 immutata
2278 1361 2506 1426 utraque
2534 1365 2725 1413 natura
2765 1358 2990 1416 alteram
3035 1359 3212 1421 eil‘ecit
3254 1371 3412 1424 natu-

1830 1458 1967 1512 ram,
1998 1454 2195 1516 praeter
2222 1461 2316 1504 eas
2342 1463 2462 1519 qua:
2489 1457 2874 1518 convenerunt,
2897 1461 2952 1509 et
2971 1456 3266 1514 secundum
3290 1453 3411 1517 illos

1831 1552 2008 1607 neque
2037 1537 2180 1596 Deus
2203 1540 2420 1608 mansit,
2449 1553 2626 1610 neque
2652 1539 2817 1597 homo
2845 1539 3017 1600 factus
3036 1553 3119 1602 est
3143 1545 3410 1618 Christus,

1833 1633 1889 1684 et
1915 1625 2042 1690 ideo.
2059 1643 2235 1698 neque
2257 1625 2424 1694 Patri,
2471 1643 2647 1699 neque
2683 1631 2841 1688 nobis
2872 1630 3012 1688 idem
3044 1635 3156 1705 ipse
3182 1637 3411 1695 consub-

1832 1719 2099 1776 stantialis
2143 1726 2245 1774 est.
2295 1715 2385 1775 Sic
2430 1727 2611 1775 autem
2658 1735 2849 1791 sapere
2891 1723 3038 1778 omni
3083 1726 3299 1795 plenum
3328 1737 3414 1785 est

175 1821 250 1870 τοῦ
287 1821 407 1875 κατὰ
444 1821 670 1898 Χριστὸν
709 1827 996 1902 μυστηρίου
1038 1827 1352 1905 ἔχρήσαντο·
1403 1828 1505 1882 ἀλλ’
1554 1831 1730 1885 ἐκεῖνοι

1839 1809 2131 1881 impietate.
2164 1808 2232 1864 Et
2259 1809 2361 1865 ista
2404 1809 2651 1878 dicimus,
2679 1827 2789 1868 non
2818 1813 3128 1882 ignorantes
3172 1819 3317 1887 quod
3357 1827 3414 1876 et

174 1909 264 1981 μίν,
289 1909 364 1966 ἵνα
389 1909 643 1979 δείξωσιν.
669 1913 747 1973 ὅτι
767 1915 998 1996 καθάπερ
1026 1919 1051 1975 ὁ
1075 1917 1337 1996 ἅνθρωπος
1365 1921 1418 1976 ix
1437 1921 1619 1995 ψυχῆς
1647 1928 1730 1979 καὶ

175 2006 382 2074 σώματος
408 2001 481 2068 εἷς
513 2009 858 2078 ἀποτελεῖται,
886 2013 971 2066 καί
1010 2012 1135 2083 οὐχί
1160 2010 1252 2067 δύο
1292 2009 1568 2089 ἅνθρωποι,
1596 2014 1730 2071 οὕτω

174 2092 286 2149 καὶὸ
318 2097 536 2172 Χριστὸς
571 2099 624 2152 ἔτι
663 2098 894 2160 θεότητος
934 2105 1017 2156 καὶ
1057 2101 1440 2174 ἀνθρωπὸτητος
1477 2107 1730 2167 συντεθεὶς

174 2177 234 2244 είς
256 2183 381 2250 im,
409 2188 498 2241 καί
541 2187 630 2241 οὐκ
662 2187 732 2248 είς
760 2185 852 2243 δύο
877 2193 1161 2264 Χριστούς,
1193 2190 1224 2250 ἢ
1252 2190 1344 2246 δύο
1369 2193 1509 2255 υἱοὺς
1536 2197 1732 2271 μερίζε-

175 2293 269 2327 ται.
306 2267 438 2332 Οὗτοι
467 2273 528 2332 δέ
555 2285 628 2347 τῷ
654 2285 741 2334 τοῦ
764 2279 1028 2356 ἀνθρώπου
1069 2278 1408 2356 ὑποδείγματι
1434 2267 1732 2360 κέχρηνται,

172 2359 242 2417 ἵνα
263 2365 371 2435 μίαν
408 2367 562 2438 φύσιν
603 2365 712 2429 ἤτοι
739 2371 916 2426 οὐσίαν
955 2372 1183 2434 θεότητος
1228 2379 1315 2432 καὶ
1346 2377 1734 2454 άνθρωπὸτητος

175 2459 251 2507 τοῦ
268 2457 486 2529 Χριστοῦ
513 2455 812 2533 εἰσάγωσιν,
838 2457 964 2536 ὅπερ
985 2459 1312 2537 ἀπεδείξαμεν
1335 2467 1588 2544 ἀλλότριον
1611 2463 1735 2525 εἶναι

173 2553 251 2606 τῆς
270 2547 543 2610 εὐσεϐείας.
567 2547 712 2606 Ἀλλὰ
733 2549 819 2609 διά
839 2559 991 2610 τοῦτο
1019 2553 1361 2628 ίλεγχόμενοι,
1389 2562 1458 2620 ὡς
1482 2562 1626 2636 παρὰ
1645 2566 1735 2620 τὴν

175 2635 299 2706 ὀρθήν
319 2643 416 2693 τῶν
445 2641 684 2715 πατέρων
720 2640 1046 2701 διδασκαλίαν
1087 2647 1492 2706 ἀναπλάττουσιν
1534 2653 1584 2707 ἐν
1619 2652 1738 2707 ἔαυ-

89 2717 95 2724 ’
174 2730 397 2799 τοῖς
431 2731 613 2804 φύσιν,
654 2732 764 2791 ἤτοι
809 2735 988 2791 οὐσίαν
1025 2735 1258 2800 θεότητος
1301 2743 1384 2795 καί
1407 2742 1623 2820 σαρκὸς,
1667 2739 1737 2815 ἐφ’

173 2821 303 2898 ἕτερα
345 2823 714 2898 μεταϐαίνουσι
739 2828 996 2903 λέγοντες,
1038 2836 1109 2905 μὴ
1153 2830 1260 2888 δεῖν
1299 2835 1505 2906 ἀριθμὸν
1543 2836 1738 2907 φύσεων

174 2912 243 3000 ini
259 2924 486 2992 Χριστοῦ
507 2917 688 2990 λέγειν,
713 2921 779 2982 ὡς
805 2928 897 2977 τοῦ
919 2924 1132 2998 ἀριθμοῦ
1161 2923 1408 3000 διαίρεσιν
1435 2928 1740 3000 εἰσάγοντος.

169 2997 400 3062 Ἰστωσαν
429 3011 597 3064 τοίνυν
633 3003 714 3065 ὅτι
757 3010 784 3065 ὃ
825 2997 1038 3085 ἀριθμὸς
1079 3012 1198 3070 ὅταν
1239 2997 1330 3087 μὲν
1368 3018 1454 3072 ἐπί
1491 2997 1740 3093 διαφόρων

169 3101 447 3172 προσώπων
464 3138 480 3162 ,
507 3099 540 3158 ἦ
566 3101 905 3157 ύποστάσεων
941 3103 1170 3174 λέγεται,
1198 3112 1300 3160 τῶν
1325 3109 1635 3184 πραγμάτων
1659 3107 1744 3163 αὖ·

1832 1893 2048 1970 quidam
2098 1905 2404 1955 sanctorum
2471 1899 2689 1956 Patrum
2750 1899 2984 1960 hominis
3047 1907 3295 1978 exemplo
3356 1909 3413 1965 in

1831 1992 2088 2066 mysterio
2113 1991 2312 2048 Christi
2341 1992 2424 2048 usi
2451 1999 2578 2049 sunt
2603 1993 2656 2048 ιε
2689 1993 2784 2050 sed
2810 1993 2884 2051 illi
2905 1994 3214 2067 quidem’ut
3232 2006 3417 2056 osten-

1833 2085 2041 2156 derent,
2070 2087 2216 2158 quod
2263 2087 2401 2144 sicut
2427 2087 2591 2144 homo
2619 2102 2692 2144 ex
2717 2087 2894 2144 anima
2922 2096 2979 2144 et
3021 2105 3250 2162 corpore
3276 2108 3416 2151 unus

1834 2175 2086 2250 efﬁcitur,
2129 2186 2187 2235 et
2232 2195 2340 2237 non
2375 2179 2484 2238 duo
2511 2180 2781 2249 homines,
2837 2183 2917 2240 sic
2963 2187 3019 2240 et
3063 2181 3307 2245 Christus
3348 2203 3415 2244 ex

1834 2263 2037 2328 deitate
2059 2278 2115 2328 et
2134 2271 2467 2328 humanitate
2493 2274 2843 2344 compositus,
2875 2291 3012 2331 unus
3051 2283 3151 2346 est,
3201 2294 3310 2335 non
3360 2279 3417 2337 in

1782 2383 1790 2393 ·
1835 2359 1970 2418 duos
1997 2361 2225 2419 christos
2248 2361 2334 2419 vel
2354 2363 2409 2420 in
2441 2363 2578 2423 duos
2603 2364 2742 2422 ﬁlios
2767 2365 3100 2427 dividendus.
3122 2367 3214 2426 Isti
3236 2378 3416 2428 autem

1834 2451 2070 2509 hominis
2105 2454 2355 2524 exemplo
2397 2459 2640 2522 utuntur,
2695 2463 2758 2512 ut
2796 2473 2959 2512 unam
3003 2467 3249 2516 naturam
3303 2462 3418 2519 sive

1837 2544 2193 2602 substantiam
2219 2545 2435 2602 deitatis
2462 2554 2518 2602 et
2553 2547 2902 2606 humanitatis
2938 2547 3137 2608 Christi
3175 2551 3418 2609 introdu-

1837 2645 1964 2694 cant
1990 2655 2004 2690 :
2035 2639 2180 2709 quod
2207 2637 2693 2698 demonstravimus
2734 2640 2970 2697 alienum
3017 2657 3135 2698 esse
3180 2643 3413 2714 pietatis.

1837 2723 1947 2782 Sed
1967 2741 2089 2783 cum
2109 2743 2209 2798 per
2232 2728 2350 2785 htec
2387 2731 2796 2798 convincuntur,
2827 2732 2972 2802 quod
3000 2740 3196 2804 praeter
3216 2747 3420 2792 rectam

1837 2825 2060 2883 Patrum
2085 2825 2385 2884 doctrinam
2406 2829 2507 2884 sibi
2529 2827 2841 2900 conﬁngunt
2865 2846 3027 2887 unam
3056 2840 3302 2890 naturam
3323 2851 3422 2892 seu

1838 2915 2196 2972 substantiam
2223 2916 2440 2972 deitatis
2467 2925 2525 2973 et
2555 2920 2749 2986 carnis,
2783 2921 2849 2975 ad
2878 2921 2980 2976 alia
3013 2931 3311 2992 transeunt,
3339 2926 3424 2981 di-

1840 3016 2028 3064 centes
2050 3024 2159 3064 non
2189 3015 2444 3080 oportere
2472 3023 2754 3066 numerum
2780 3019 3093 3068 naturarum
3123 3015 3179 3070 in
3207 3015 3422 3073 Christo

1841 3097 2046 3169 dicere,
2097 3105 2159 3155 ut
2207 3106 2336 3170 pote
2383 3114 2608 3156 numero
2655 3099 2973 3158 divisionem
3026 3103 3420 3163 introducente.

171 3191 247 3242 τῶν
272 3192 371 3248 τήν
413 3190 510 3244 εινά
550 3191 703 3268 μέρος
743 3189 861 3263 ἶχει
905 3190 1178 3272 διαίρεσιν,
1228 3191 1330 3251 οἷον
1369 3198 1437 3258 ὡς
1471 3199 1557 3253 ἐπί
1594 3196 1738 3259 δύοῆ

1842 3186 2030 3245 Sciant
2056 3187 2236 3259 igitur,
2259 3187 2404 3259 quod
2428 3203 2685 3245 numerus
2721 3191 2936 3263 quando
2964 3193 3020 3248 in
3051 3193 3277 3252 diversis
3300 3211 3427 3266 per-

172 3281 390 3337 πλειόνων
417 3283 691 3362 ἀνθρώπων
711 3300 726 3316 ⁸
764 3281 884 3342 ὅταν
921 3284 975 3340 δέ
1010 3287 1098 3342 ἐπί
1123 3289 1379 3359 ἡνωμένων
1404 3293 1736 3365 πραγμάτων,

173 3380 429 3429 τηνικαῦτα
469 3375 606 3447 μόνῳ
651 3375 780 3451 λόγῳ
819 3379 907 3432 καί
951 3379 1165 3454 θεωρίᾳ,
1205 3382 1262 3434 οὐ
1303 3379 1401 3453 μὴν
1442 3384 1604 3439 αὐτῶν
1641 3392 1741 3440 τῶν

177 3467 474 3540 πραγμάτων
497 3465 528 3520 ἕ
532 3488 620 3537 χει
644 3475 732 3528 τὸν
756 3467 1014 3547 διαίρεσιν,
1037 3468 1136 3526 οἷον
1159 3474 1244 3528 ἐπί
1266 3480 1386 3544 μιᾶς
1406 3476 1741 3539 ὑποστάσεως

177 3553 421 3632 ἄνθρωπον
459 3555 512 3612 ἔκ
536 3556 719 3630 ψυχῆς
761 3564 845 3615 καί
871 3565 1110 3633 σώματος
1137 3553 1493 3628 ωνεστῶσηςο
1526 3566 1616 3622 δύο
1639 3563 1739 3646 γάρ

179 3649 249 3702 καί
273 3649 486 3704 ἐνταῦθα
507 3647 682 3721 φίσεις
727 3651 1058 3728 θεωροῦνται,
1099 3656 1250 3732 ἕτερα
1286 3662 1376 3729 μὲν
1412 3667 1502 3722 τῆς
1526 3659 1738 3733 ψυχῆς,

181 3742 248 3792 καί
271 3741 417 3816 ίτίρα
443 3749 537 3798 τοῦ
575 3745 832 3814 σώματος*
864 3750 949 3801 καί
989 3745 1128 3819 ὅμως
1154 3752 1214 3804 οὐ
1249 3749 1332 3807 διά
1369 3760 1518 3808 τοῦτο
1546 3757 1616 3817 είς
1649 3753 1741 3810 δύο

181 3827 455 3906 ἆνθρῶπους
487 3829 780 3908 διαιρεῖται,
813 3835 916 3890 ἀλλ’
940 3837 1031 3894 ἵνα
1049 3839 1194 3910 ἴσμεν
1215 3842 1304 3898 τὸν
1328 3839 1589 3919 ἄνθρωπον
1605 3883 1618 3908 ,
1659 3847 1743 3900 καί

181 3919 280 3990 μίαν
306 3923 454 3978 αὐτοῦ
502 3929 594 3983 τήν
629 3925 939 3984 ὑπόστασιν.
981 3933 1075 3985 Καὶ
1117 3932 1198 3988 ἐπὶ
1238 3938 1330 3989 τοῦ
1359 3935 1489 3989 κατά
1529 3941 1742 4011 Χριστόν

180 4013 322 4065 τοίνυν
343 4014 631 4088 μυστηρίου
654 4022 746 4077 τῆς
773 4017 996 4080 ἔνὼσεως
1022 4023 1308 4094 γενομένης,
1340 4028 1384 4079 εί
1411 4028 1495 4079 καί
1531 4024 1744 4105 διάφορα

182 4101 418 4180 θεωρεῖται
456 4110 529 4163 τά
560 4107 795 4166 ἕνωθέντα
815 4151 831 4176 ,
861 4110 962 4166 ἀλλ’
1004 4109 1087 4168 οὖν
1132 4119 1188 4170 οὐ
1217 4128 1614 4192 πραγματικῶς,
1660 4126 1745 4178 καί

186 4191 266 4248 δινὰ
289 4197 434 4269 μέρος
464 4197 688 4257 ἀλλήλων
722 4197 1007 4258 διίστανται
1034 4206 1097 4260 τά
1138 4205 1187 4271 ἐξ
1227 4207 1293 4261 ὧν
1332 4208 1359 4264 ὃ
1396 4207 1567 4286 κύριος
1607 4214 1746 4283 ἡμῶν

185 4279 347 4348 Ἰησοῦς
382 4291 608 4366 Χριστὸς
649 4293 910 4353 συνετέθη*
941 4301 1030 4356 τήν
1057 4297 1146 4370 μέν
1187 4320 1267 4354 τοι
1308 4297 1550 4377 διαφορὰν
1587 4326 1744 4360 κατα·

185 4381 406 4448 νοοῦντες,
429 4384 523 4436 καί
540 4383 728 4441 ταύτην
749 4390 972 4456 σημᾶναι
991 4388 1300 4462 βουλόμενοι,
1318 4397 1399 4448 τὸν
1419 4397 1625 4470 ἀριθμόν
1646 4418 1745 4452 πα·

189 4467 570 4545 ραλαμϐάνομεν,
597 4474 793 4530 καὶδύο
811 4480 903 4538 τὰς
924 4479 974 4532 ίν
998 4490 1202 4555 Χριστῷ
1222 4485 1396 4554 φύσεις
1421 4467 1545 4540 είναί
1563 4508 1742 4559 φαμεν,

1845 3288 2014 3353 sonis,
2041 3288 2155 3344 sive
2181 3286 2541 3345 subsistentiis
2575 3287 2788 3356 dicitur,
2828 3305 3007 3346 rerum
3046 3291 3283 3362 ipsarum
3326 3309 3426 3364 per

1843 3388 2026 3452 partes
2051 3379 2214 3436 habet
2252 3377 2588 3448 divisionem,
2619 3379 2757 3437 sicut
2800 3380 2858 3436 in
2895 3380 3104 3437 duobus
3142 3382 3226 3438 vel
3261 3385 3426 3440 etiam

1843 3469 2089 3540 pluribus
2115 3468 2455 3526 hominibus:
2486 3469 2698 3539 quando
2732 3478 2911 3526 autem
2946 3471 3001 3526 in
3026 3472 3188 3529 rebus
3239 3475 3424 3546 unitis,

1845 3565 1974 3616 tunc
2018 3561 2186 3617 verbo
2241 3560 2358 3617 solo
2403 3560 2636 3634 [ratione
2685 3558 2822 3632 sola]
2867 3569 2922 3618 et
2963 3561 3260 3630 intellectu,
3313 3581 3426 3626 non

1845 3657 2027 3707 tamen
2056 3651 2293 3722 ipsarum
2320 3667 2501 3707 rerum
2524 3652 2690 3708 habet
2711 3651 3219 3723 divisionem,zsicut
3246 3656 3300 3711 in
3319 3672 3427 3713 una

1845 3744 2190 3802 suusistentia
2217 3744 2450 3802 hominis
2468 3760 2536 3801 ex
2566 3745 2742 3800 anima
2769 3757 2827 3802 et
2851 3762 3082 3818 corpore
3108 3751 3422 3808 constituta.

1847 3833 1975 3891 Dum
2000 3835 2142 3892 enim
2167 3841 2225 3891 et
2251 3835 2339 3891 hic
2371 3842 2575 3892 natura:
2605 3836 2990 3907 intelliguntur,
3012 3838 3184 3895 altera
3213 3843 3424 3910 animat,

1847 3936 1903 3984 et
1933 3928 2102 3985 altera
2131 3929 2376 4000 corporis
2400 3947 2414 3984 :
2439 3937 2495 3986 et
2517 3935 2694 3986 tamen
2722 3945 2829 3986 non
2859 3939 3079 4018 propter
3095 3930 3200 3987 hoc
3218 3933 3272 3987 in
3291 3931 3429 3990 duos

1845 4028 2092 4085 homines
2114 4029 2390 4097 dividitur,
2422 4029 2516 4086 sed
2545 4045 2706 4085 unum
2748 4030 2949 4086 scimus
2985 4030 3259 4086 hominem
3282 4046 3424 4100 esse,

1848 4129 1903 4177 et
1941 4137 2105 4178 unam
2131 4123 2534 4180 subsistentiam
2582 4121 2718 4191 ejus.
2761 4121 2825 4176 Et
2865 4124 2918 4176 in
2965 4125 3221 4194 mysterio
3265 4126 3431 4194 igitur

1848 4212 2045 4270 Christi
2072 4213 2212 4270 facta
2233 4215 2499 4280 unitione,
2528 4213 2656 4268 licet
2680 4213 2889 4267 diversa
2918 4213 3282 4283 intelligantur
3306 4228 3428 4285 qua

1849 4306 2002 4361 unita
2026 4313 2173 4375 sunt,
2204 4305 2303 4360 scd
2333 4320 2438 4360 non
2469 4305 2583 4374 ipsa
2613 4319 2674 4358 re
2700 4312 2757 4358 et
2782 4319 2879 4373 per
2904 4313 3088 4375 partes
3120 4321 3153 4360 a
3191 4321 3252 4364 se
3284 4308 3427 4366 invi-

1847 4421 1968 4464 cem
1995 4411 2316 4475 separantur
2347 4419 2429 4467 ea,
2461 4417 2527 4458 ex
2555 4403 2749 4471 quibus
2774 4403 3023 4461 dominus
3054 4415 3240 4464 noster
3270 4407 3428 4469 Jesus

1850 4495 2097 4551 Christus
2125 4495 2456 4564 compositus
2486 4501 2587 4558 est,
2621 4488 2975 4553 diﬁ‘erentiam
3023 4505 3203 4556 tamen
3248 4503 3428 4559 consi-

190 4563 257 4614 καί
279 4566 330 4616 οὗ
351 4561 434 4622 διά
470 4571 628 4624 τοῦτο
652 4567 678 4623 ό
706 4565 776 4631 εἷς
797 4573 1019 4645 Χριστὸς
1055 4577 1126 4633 εἰς
1150 4572 1242 4628 δύο
1282 4580 1533 4650 Χριστούς
1553 4619 1568 4645 ,
1599 4579 1628 4637 ἡ
1655 4579 1738 4635 δύο

1849 4587 2101 4643 derantes
2137 4595 2192 4642 et
2231 4561 2371 4642 hanc
2398 4583 2699 4654 signiﬁcare
2719 4587 2984 4658 volentes,
3014 4606 3294 4649 numerum
3335 4609 3426 4652 as-

189 4645 308 4718 ὓίοῦς
333 4651 626 4737 διαιρεῖται⁸
673 4665 751 4718 καί
794 4671 1056 4741 μαρτυρεῖ
1081 4674 1188 4726 τοῖς
1215 4645 1340 4740 παρἶ
1369 4670 1505 4738 ἡμῶν
1546 4673 1747 4744 εἰρημέ-

191 4766 271 4808 νοις
290 4743 314 4804 ό
334 4753 379 4806 ἐν
405 4753 571 4826 όιγίοις
595 4757 864 4832 Γρηγόριος
900 4757 927 4813 ὁ
952 4759 1192 4831 Θεολόγος
1216 4762 1266 4814 ἓν
1298 4769 1372 4834 τῷ
1400 4764 1526 4838 πρὸς
1556 4763 1748 4825 Κληδό-

193 4857 274 4894 νιεν
289 4843 471 4921 πρώτῳ
489 4845 621 4919 λόγῳ
635 4851 836 4923 γράφων
857 4843 1037 4911 οὕτως·
1067 4868 1086 4901 ε
1107 4849 1251 4913 Βῖτις
1272 4856 1460 4926 εἰσάγει
1475 4856 1566 4912 δύο
1581 4861 1747 4928 υἱοὺς,

193 4929 266 4988 ἵνα
285 4939 367 5008 μὲν
392 4941 480 4994 τὸν
511 4942 565 4994 ἐκ
594 4948 682 4997 τοῦ
710 4950 832 4997 Θεοῦ
864 4947 950 4998 καί
975 4946 1172 5020 πατρός
1192 4989 1206 5014 ,
1235 4945 1468 5023 δεύτερον
1495 4950 1548 5007 δὲ
1579 4954 1630 5006 ἐκ
1656 4963 1748 5016 τῆς

195 5029 381 5103 μητρὸς,
408 5019 514 5086 άλλ’
533 5031 659 5104 οὐχί
685 5033 774 5088 ἕνα
804 5039 889 5090 καί
914 5037 998 5092 τὸν
1026 5038 1196 5105 αὐτὸν,
1219 5048 1310 5101 τῆς
1333 5043 1581 5104 υἱοθεσίας
1603 5048 1750 5101 ἐκπί-

199 5137 266 5211 σοι
288 5127 372 5184 τῆς
409 5113 777 5199 ίπηγγελμὲιης
795 5137 906 5192 τοῖς
933 5132 1089 5206 ὀρθῶς
1112 5137 1435 5191 πιστεύουσι.
1467 5137 1644 5200 θύσεις
1663 5144 1753 5211 μίν

195 5205 278 5282 γάρ
299 5209 407 5304 δύο,
432 5217 557 5276 Θεὸς
585 5220 670 5272 καί
694 5212 976 5294 ἄνθρωπος,
1014 5223 1123 5277 ἐπεί
1160 5228 1240 5279 καί
1268 5225 1420 5297 ψυχὴ
1458 5232 1539 5285 καί
1569 5205 1748 5304 σῶμ-α’

197 5300 281 5396 υξοι
303 5297 353 5359 δι
372 5308 428 5360 οὗ
449 5304 562 5372 δύο,
585 5307 699 5363 οὐδε
723 5311 840 5364 θεοί.
865 5310 990 5367 οὐδέ
1009 5314 1103 5388 γὰρ
1125 5316 1336 5372 ἐνταῦθα
1359 5315 1450 5373 δύο
1475 5297 1746 5396 ἄνθρωπον

199 5381 236 5444 εί
257 5399 333 5451 καί
366 5395 526 5460 οὕτως
570 5397 595 5455 ό
626 5401 811 5464 Παῦλος
851 5404 908 5459 τὸ
947 5403 1083 5464 im;
1111 5413 1200 5460 τοῦ
1240 5409 1539 5485 ἀνθρώπου,
1564 5381 1655 5468 ’καί
1692 5418 1752 5472 τὸ

200 5481 326 5548 ίκτός
362 5491 766 5569 προσηγόρευσε·
796 5497 880 5549 καί
907 5497 951 5549 εἰ
995 5493 1076 5551 δεῖ
1111 5501 1371 5568 συντόμως
1413 5506 1600 5571 εἰπεῖν,
1641 5504 1757 5563 ἄλλο

199 5575 278 5641 μέν
296 5580 372 5633 καὶ
390 5575 505 5636 ἄλλο
529 5583 597 5640 τὰ
617 5584 668 5649 ίξ
691 5581 758 5640 ὧν
783 5581 1025 5662 όσωτήρ,
1051 5583 1191 5654 εἴπερ
1214 5598 1283 5659 μή
1311 5594 1495 5647 ταυτὸν
1519 5597 1576 5649 τὸ
1602 5597 1758 5671 ἀόρα-

1851 4679 2111 4745 suminus,
2142 4685 2199 4733 et
2243 4677 2378 4733 duas
2416 4677 2470 4732 in
2499 4677 2710 4734 Christo
2738 4687 2954 4737 naturas
2991 4697 3112 4740 esse
3157 4683 3424 4743 dicimus:

1853 4793 1954 4835 nec
1981 4778 2104 4833 ideo
2132 4792 2270 4832 unus
2293 4774 2540 4831 Christus
2569 4776 2626 4830 in
2653 4776 2788 4833 duos
2813 4779 3066 4847 christos,
3097 4781 3184 4838 vel
3212 4782 3268 4838 in
3284 4782 3424 4843 duos

1854 4866 1994 4924 ﬁlios
2024 4867 2300 4924 dividitur.
2331 4866 2397 4921 Et
2425 4867 2787 4923 testimonium
2810 4879 3027 4938 prastat
3051 4873 3250 4930 nostris
3268 4873 3430 4934 dictis

1852 4969 2068 5016 sanctus
2088 4957 2379 5029 Gregorius
2405 4957 2732 5026 Theologus,
2757 4960 2997 5018 scribens
3021 4963 3075 5016 in
3095 4965 3269 5034 primo
3289 4964 3428 5021 libro

1855 5051 1924 5106 ad
1949 5048 2271 5105 Cledonium
2292 5048 2408 5104 sic:
2445 5067 2465 5100 ε
2497 5047 2555 5103 Si
2589 5050 2712 5120 quis
2752 5050 3041 5109 introducit
3090 5055 3224 5110 duos
3265 5053 3428 5124 ﬁlios,

1856 5157 2021 5198 unum
2045 5141 2262 5210 quidem
2290 5154 2358 5195 ex
2385 5137 2498 5195 Deo
2523 5147 2580 5195 et
2604 5137 2784 5210 Patre,
2824 5143 3118 5200 secundum
3147 5150 3330 5199 autem
3355 5158 3429 5202 οι

1855 5240 2048 5299 matre,
2075 5229 2173 5286 sed
2197 5245 2306 5286 non
2335 5245 2497 5285 unum
2525 5229 2904 5302 eumdemque,
2931 5249 2998 5288 ex
3024 5233 3312 5303 adoptione
3335 5248 3431 5291 ca-

1855 5323 1968 5389 dat,
2015 5336 2132 5392 qute
2177 5321 2441 5392 promissa
2485 5328 2568 5377 est
2615 5322 2956 5380 credentibus
3001 5330 3167 5381 recte.
3214 5321 3430 5382 Natura

1857 5414 2003 5470 enim
2031 5413 2168 5480 dum,
2199 5412 2340 5469 Deus
2363 5412 2548 5482 homo,
2581 5415 2850 5483 quomodo
2887 5424 2944 5470 et
2986 5415 3162 5469 anima
3205 5420 3264 5470 et
3306 5429 3430 5471 cor-

1857 5522 1988 5580 pus;
2017 5520 2126 5562 non
2161 5511 2342 5560 autem
2369 5505 2474 5561 duo
2510 5504 2623 5570 ﬁlii,
2667 5520 2770 5562 nec
2795 5505 2870 5560 dii
2906 5505 3033 5560 duo.
3065 5505 3176 5562 Nec
3202 5506 3346 5561 enim
3373 5507 3432 5564 hi

1860 5597 1968 5654 duo
1989 5596 2254 5662 homines,
2282 5595 2408 5653 licet
2427 5593 2625 5653 Paulus
2643 5596 2721 5652 sic
2741 5595 3092 5667 appellaverit
3117 5595 3170 5670 (I
3193 5596 3311 5654 Cor.
3354 5599 3430 5670 ιν)
3497 5673 3501 5678 ε

265 5839 363 5910 'S.
417 5843 736 5908 Athanasius
780 5847 834 5905 in
887 5849 1130 5922 symbolo
1181 5853 1323 5928 quod
1369 5855 1483 5928 ejus
1522 5858 1741 5916 nomine
1776 5857 2103 5918 inscribitur.
