3988 6346
195 312 276 374 241

1195 302 1568 363 JUSTINIAM
1605 305 1737 366 LIB.
1779 308 1936 366 Αυγ.
1978 307 2347 366 ORIGENEM.

3313 320 3424 377 9.52

199 434 334 497 δόξης·
360 429 569 502 Χριστοῦ
597 426 688 498 μὲν
709 425 855 494 Θεὸς,
881 437 974 491 τῆς
999 427 1054 485 δὲ
1076 427 1220 494 δόξης
1247 432 1439 506 πατήρ.
1460 431 1518 483 Εἰ
1541 429 1638 502 γάρ
1661 430 1741 484 καί

1861 433 2050 482 latura:
2080 427 2356 484 intellectu
2385 427 2605 497 distant,
2631 429 2789 486 simul
2815 431 3123 490 dividuntur
3145 437 3308 492 etiam
3333 454 3426 494 no-

197 531 244 588 τὸ
259 520 592 596 συναμφότερον
609 518 682 586 ἓν,
707 520 811 577 ἀλλ’
827 521 885 577 οὑ
900 531 964 600 τῇ
978 525 1151 596 φύσει,
1174 531 1240 600 τῇ
1264 521 1318 579 δί
1347 520 1561 592 συνόδῳ.
1588 540 1606 573 ε
1639 524 1742 577 Καὶ

201 617 222 674 ὅ
249 619 288 672 ἐν
319 614 464 688 ἁγίοις
490 610 543 666 δὲ
571 612 840 688 Γρηγόριος
869 613 895 668 ό
922 615 1128 676 Νύσσης
1152 616 1429 674 ἐπίσκοπος
1451 614 1502 668 ἐν
1529 620 1602 686 τῷ
1625 623 1742 670 κατ’

198 707 394 781 Εὑνομίου
418 704 643 779 τετάρτῳ
666 702 800 777 λόγῳ
828 705 896 762 τά
933 708 1064 763 αὑτά
1091 709 1228 778 ἡμᾶς
1254 704 1522 770 διδάσκων,
1562 707 1743 779 γράφει

199 800 350 858 οὕτως·
383 812 401 847 ι
419 797 500 850 καί
527 799 596 857 ὡς
619 789 678 849 ἂν
703 799 772 867 μή
799 819 878 859 τις
993 799 1226 876 ἀκηράτῳ
1253 799 1400 870 φύσει
1421 798 1477 852 τό
1504 799 1629 854 κατὰ
1653 798 1742 852 τόν

208 886 398 962 σταυρόν
420 885 577 944 πάθος
601 886 992 962 προστρίϐοιτο,
1019 885 1084 943 δι’
1109 887 1291 962 ἐτέρων
1320 889 1632 964 τρανάντερον
1654 892 1744 947 τὴν

197 979 396 1035 τοιαύτην
423 977 782 1048 ἐπανορθοῦται
815 974 1026 1044 πλάνην,
1073 980 1284 1049 μεσίτην
1309 977 1460 1032 αὐτόν
1501 983 1628 1032 Θεοῦ
1657 977 1744 1031 καί

197 1069 437 1142 ἀνθρώπου,
485 1067 609 1121 Θεὸν
647 1069 732 1120 καί
758 1064 1020 1143 ἄνθρωπον
1063 1069 1218 1123 αὑτὸν
1259 1063 1534 1139 ὀνομάζων,
1561 1067 1646 1123 ἵνα
1693 1067 1745 1123 ἐκ

195 1171 266 1220 τοῦ
286 1163 340 1218 τά
363 1159 447 1216 δύο
472 1165 594 1234 περὶ
617 1163 676 1216 τό
701 1159 752 1216 ἓν
779 1161 1008 1236 λέγεσθαι
1035 1164 1092 1217 τό
1119 1162 1405 1238 πρόσφορον
1430 1166 1594 1216 νοοῖτο
1625 1163 1746 1236 περί

102 1325 110 1336 ⁸
196 1253 409 1332 ἑκάτερον,
436 1257 558 1330 περί
577 1257 667 1324 μίν
692 1255 750 1309 τὸ
779 1257 906 1309 θεῖον
931 1257 962 1313 ἡ
989 1256 1228 1324 ἀπάθεια,
1250 1257 1368 1327 περὶ
1388 1252 1442 1309 δὲ
1467 1255 1526 1309 τὸ
1556 1255 1746 1328 ἀνθρὼ-

191 1368 304 1404 πινον
327 1349 355 1405 ἠ
378 1351 508 1402 κατά
534 1347 592 1401 τὸ
619 1346 780 1407 πάθος
813 1347 1086 1413 οἰκονομία.
1113 1352 1214 1405 Τῆς
1251 1340 1336 1399 οὖν
1365 1345 1586 1403 ἐπινοίας
1613 1341 1746 1399 διαι-

190 1443 347 1513 ρούσης
376 1438 430 1494 τὸ
463 1438 598 1493 κατὰ
624 1437 992 1512 φιλανθρωπίαν
1017 1439 1106 1509 μέν
1140 1437 1402 1507 ἡνωμένον,
1425 1443 1498 1508 τῷ
1526 1433 1578 1490 δὲ
1614 1435 1746 1508 λόγῳ

188 1524 549 1602 διακρινόμενον,
593 1523 714 1581 ὅταν
755 1529 845 1598 μέν
879 1529 937 1582 τό
964 1527 1342 1604 ὑπερκείμενον,
1371 1529 1459 1580 καί
1487 1527 1748 1600 ὑπερέχον

186 1621 473 1674 πάνταονοῦν
521 1617 794 1694 κηρύσσῃ,
840 1626 947 1679 τοῖς
980 1617 1313 1692 ὑψηλοτέροις
1349 1620 1602 1695 κέχρηται
1649 1625 1749 1672 τῶν

185 1710 419 1780 ὀνομάτων,
450 1711 544 1768 επὶ
569 1714 768 1767 πάντων
788 1712 930 1774 Θεὸν,
959 1711 1042 1765 καί
1070 1711 1225 1783 μέγαν
1251 1713 1389 1772 Θεὸν,
1413 1716 1499 1766 καί
1526 1709 1744 1781 δύναμιν

1843 520 2006 586 mina,
2040 519 2262 576 Paulum
2284 520 2549 578 dicentem
2572 523 2730 578 audi:
2767 524 2834 578 Ut
2865 527 3001 582 Deus
3023 527 3235 585 Domini
3261 535 3428 588 nostri

1841 609 1965 668 Jesu
1985 609 2202 682 Christi,
2229 611 2390 667 Pater
2419 615 2600 684 gloriw
2627 613 2840 686 (Ep/res.
2875 617 2913 687 ι)
2941 635 2954 670 :
2985 617 3183 676 Christi
3211 623 3429 691 quidem

1843 703 2006 770 Deus,
2034 704 2218 774 gloriae
2238 713 2418 760 autem
2447 703 2624 760 Pater.
2655 705 2788 762 Nam
2817 708 2918 764 etsi
2948 717 3233 781 utrumque
3263 731 3430 770 unum

1843 805 1946 864 est,
1974 805 2154 854 tamen
2179 814 2285 854 non
2307 807 2520 867 natura,
2543 798 2635 854 sed
2657 808 2945 856 conventu.
2971 820 2991 855 ι
3010 799 3078 857 Et
3096 813 3314 860 sanctus
3335 822 3432 860 au-

1844 898 1956 945 tem
1983 889 2270 959 Gregorius
2299 890 2569 962 Nyssenus
2593 890 2910 964 [Episcopus
2937 892 3137 965 Nyssae]
3162 895 3214 948 in
3238 907 3431 965 quarto

1845 981 1984 1038 libro
2014 989 2202 1038 contra
2231 980 2578 1049 Eunomium,
2608 981 2926 1051 eadem'nos
2959 982 3178 1048 docens,
3206 985 3280 1038 ita
3303 986 3436 1040 scri-

1844 1073 1924 1129 bit
1949 1091 1962 1126 :
1996 1093 2014 1125 ι
2051 1073 2117 1128 Ει
2146 1088 2216 1128 ne
2243 1073 2435 1143 aliquis
2460 1073 2852 1145 incorruptibili
2879 1082 3087 1130 naturae
3115 1075 3290 1130 crucis
3311 1091 3436 1145 pas-

1847 1167 2055 1224 sionem
2083 1167 2395 1236 applicaret,
2428 1181 2526 1236 per
2552 1167 2656 1221 alia
2687 1165 3020 1222 manifestius
3055 1166 3214 1221 talem
3245 1181 3434 1222 emen—

1847 1259 1940 1314 dat
1989 1273 2250 1322 errorem,
2306 1258 2656 1313 mediatorem
2696 1259 2869 1328 ipsum
2918 1257 3014 1313 Dei
3061 1266 3116 1312 et
3158 1257 3437 1330 hominum

1849 1349 1905 1423 (ι
1937 1349 2068 1404 Tim.
2103 1347 2184 1418 ιι),
2217 1357 2270 1404 et
2303 1348 2578 1404 hominem
2607 1359 2662 1404 et
2693 1349 2863 1404 Deum
2904 1351 3078 1420 ipsum
3108 1351 3433 1404 nominans:

1849 1451 1910 1498 ut
1937 1458 2057 1498 cum
2092 1441 2201 1497 duo
2239 1443 2304 1496 de
2331 1457 2440 1496 uno
2479 1441 2749 1510 dicantur,
2785 1456 3081 1512 congruum
3109 1441 3440 1510 intelligatur

1847 1534 1991 1590 circa
2013 1541 2317 1601 utrumque,
2336 1533 2480 1588 circa
2499 1532 2754 1588 deitatem
2777 1532 2994 1601 quidem
3018 1533 3436 1603 impassibilitas,

1850 1629 1995 1684 circa
2036 1627 2424 1682 humanitatem
2455 1631 2636 1681 autem
2674 1625 3001 1696 dispensatio
3029 1626 3312 1696 passionis.
3347 1625 3439 1680 ln-

1855 1718 2071 1775 tellectu
2103 1718 2264 1787 igitur
2287 1715 2560 1772 dividente
2587 1718 2691 1773 hoc
2717 1718 2863 1787 quod
2890 1733 2989 1789 per
3013 1719 3441 1778 misericordiam

187 1807 313 1869 θεοῦ,
337 1805 420 1858 καί
465 1804 673 1877 σοφίαν,
701 1803 782 1857 καί
825 1805 890 1857 τά
929 1808 1143 1858 τοιαῦτα
1169 1802 1348 1856 καλῶν.
1377 1799 1536 1858 Ὀταν
1565 1801 1619 1858 δέ
1659 1808 1750 1862 τήν

1861 1809 2072 1880 quidem
2116 1809 2324 1863 unitum
2353 1816 2456 1874 est,
2487 1807 2700 1863 ratione
2729 1817 2910 1864 autem
2937 1809 3278 1876 discernitur,
3320 1825 3444 1864 cum

183 1896 429 1970 ἀναγκαίως
465 1893 558 1952 διά
601 1897 659 1950 τό
699 1897 941 1970 ἡμέτερον
985 1895 1189 1954 ἀσθενές
1227 1895 1744 1969 συμπαραληφθεῖσαν

182 1994 266 2041 τῶν
287 1989 598 2057 παθημάτων
624 1995 805 2061 πεῖραν
841 1989 1124 2061 περιγράφῃ
1160 1993 1232 2057 τῷ
1258 1986 1414 2058 λόγῳ,
1436 1987 1488 2041 ἐκ
1509 1991 1596 2042 τοῦ
1624 1988 1748 2059 ἡμε-

181 2084 303 2161 τέρου
345 2087 676 2156 κατονομάζει
721 2083 779 2138 τό
823 2081 1198 2154 συναμφότερον
1220 2119 1235 2144 ,
1284 2077 1548 2154 ἄνθρωπον
1593 2079 1748 2136 αὑτόν

179 2179 575 2253 προσαγορεύων,
607 2177 666 2230 οὑ
691 2181 977 2230 κοινοποιῶν
1007 2175 1136 2247 πρὸς
1159 2177 1248 2231 τήν
1286 2172 1462 2231 λοιπήν
1485 2175 1635 2245 φύσιν
1663 2171 1747 2229 διά

181 2278 264 2328 τῆς
299 2279 444 2341 φωνῆς
477 2271 570 2326 τὸν
604 2267 926 2341 δηλούμενον,
957 2267 1060 2324 ἀλλ’
1099 2267 1232 2322 ὥστε
1259 2269 1379 2340 περὶ
1422 2266 1650 2345 ἑκάτερον
1689 2269 1746 2324 τὸ

179 2362 279 2416 εὑσε
287 2361 364 2423 εἰς
389 2365 727 2434 φυλαχθῆναι.
765 2377 787 2416 Ι

231 2820 436 2878 Τούτων
481 2820 648 2882 οἷτωε
688 2818 1112 2895 ἀποδεδειγμνων
1144 2820 1230 2878 διά
1253 2828 1346 2882 τῆς
1379 2825 1478 2875 τῶν
1519 2819 1759 2892 πατέρων

168 2907 519 2982 διδασκαλίας,
548 2915 932 2970 παυσάσθωσαν
977 2913 1022 2968 oi
1058 2914 1142 2968 τὸν
1177 2914 1387 2988 ἀριθμὸν
1417 2919 1518 2967 τῶν
1546 2911 1597 2964 ἔν
1633 2919 1758 2984 Χρισ-

169 3013 261 3079 στῷ
306 3009 522 3080 φύσεων
555 3007 808 3081 πρόφασιν
855 3015 946 3065 τῆς
990 3006 1178 3064 οἰκείας
1218 3003 1404 3063 πλάνης
1446 3003 1758 3073 ποιούμενοι,

165 3100 228 3152 καί
261 3105 344 3171 τῷ
382 3097 481 3152 διὰ
527 3094 721 3152 τούτου
747 3101 838 3155 την
884 3093 1126 3168 διαφοράν
1171 3095 1454 3170 ἀρνεῖσθαι,
1495 3094 1761 3164 σύγχυσιν

1852 1902 1958 1957 hoc
1984 1899 2220 1970 quidem,
2243 1898 2388 1969 quod
2415 1899 2816 1969 superpositum
2843 1907 2924 1956 est
2954 1907 3009 1954 et
3037 1901 3444 1970 supereminens

1851 2008 2068 2050 omnem
2097 2007 2335 2055 sensum,
2367 1991 2646 2061 praedicat,
2676 1992 2956 2048 altioribus
3003 1993 3172 2048 utitur
3207 1994 3442 2049 nomini-

1851 2085 1972 2148 bus,
2000 2097 2163 2152 super
2189 2081 2368 2137 omnia
2387 2080 2585 2149 Deum,
2610 2089 2665 2136 et
2691 2095 2945 2151 magnum
2971 2080 3163 2148 Deum,
3194 2091 3249 2136 et
3273 2083 3444 2137 virtu-

1855 2180 1965 2228 tem
1992 2171 2112 2239 Dei,
2143 2179 2199 2226 et
2229 2170 2545 2242 sapientiam
2587 2169 2768 2240 (Rom.
2813 2187 2879 2236 x;
2931 2168 3033 2224 Tit.
3066 2187 3136 2236 n;
3170 2169 3199 2224 Ι
3232 2169 3351 2225 Cor.
3381 2171 3445 2243 ι),

1854 2274 1911 2323 et
1937 2264 2067 2320 talia
2099 2278 2337 2320 vocans:
2373 2278 2497 2318 cum
2529 2271 2710 2318 autem
2749 2264 3060 2333 passionum
3099 2263 3446 2334 experimen-

1858 2364 1971 2410 tum
2011 2354 2320 2410 necessario
2350 2363 2573 2423 propter
2597 2362 2840 2424 nostram
2882 2351 3250 2408 inﬁrmitatem
3293 2368 3450 2410 acce-

1857 2455 2010 2519 ptum
2026 2445 2205 2501 verbis
2225 2441 2508 2514 signiﬁcat,
2533 2458 2602 2500 ex
2627 2452 2814 2500 nostro
2856 2444 3139 2501 nominans
3163 2451 3451 2512 utrumque

1860 2539 2135 2596 hominem
2162 2539 2338 2610 ipsum
2373 2537 2631 2610 appellat,
2661 2553 2771 2594 non
2799 2536 3200 2593 communicaris
3225 2550 3324 2606 per
3353 2551 3452 2592 vo-

1863 2646 1982 2688 cem
2012 2630 2081 2686 ad
2127 2638 2380 2686 czeteram
2427 2637 2674 2684 naturam
2705 2643 2828 2685 eum
2856 2628 2951 2699 qui
2979 2626 3331 2699 signiﬁcatur,
3356 2629 3452 2686 sed

1867 2731 1925 2778 ut
1949 2724 2093 2778 circa
2119 2731 2406 2791 utrumque
2430 2721 2605 2792 pietas
2633 2728 2999 2777 conservetur.
3038 2739 3059 2774 ε

1931 2813 2025 2870 llis
2051 2813 2124 2868 ita
2145 2811 2528 2867 demonstratis
2545 2826 2644 2881 per
2671 2818 2983 2867 sanctorum
3005 2810 3227 2868 Patrum
3245 2813 3453 2869 doctri-

1862 2919 2007 2971 nam,
2029 2909 2246 2958 cessent
2269 2902 2362 2971 qui
2387 2916 2669 2968 numerum
2685 2909 2995 2956 naturarum
3019 2917 3139 2972 quae
3159 2903 3214 2958 in
3238 2901 3455 2959 Christo

1862 3003 2005 3058 sunt,
2035 2993 2380 3050 occasionem
2418 2993 2502 3047 sui
2529 2992 2728 3048 erroris
2760 2991 2984 3060 faciunt,
3010 3001 3068 3049 et
3091 3007 3278 3050 earum
3302 2992 3455 3051 diffe-

1865 3084 2096 3141 rentiam
2129 3083 2222 3157 [ob
2250 3082 2303 3138 id
2329 3080 2687 3137 diﬂerentiam
2715 3082 2984 3152 negando,
3027 3079 3222 3156 Grata]
3247 3084 3457 3142 numeri

168 3191 388 3262 εἰσάγειν
435 3191 844 3265 ἐπιχειροῦντες.
875 3193 985 3247 Πῶς
1009 3189 1110 3262 γάρ
1139 3187 1226 3240 οὑκ
1263 3187 1538 3257 ἀναγκαῖος
1565 3183 1592 3240 ό
1621 3185 1758 3261 ἀριθο

1864 3175 2203 3232 recusatione
2251 3173 2520 3244 negando,
2557 3173 2930 3230 confusionem
2980 3173 3326 3234 introducere
3364 3192 3454 3234 co-

165 3282 266 3352 μός,
291 3277 336 3356 ᾧ
364 3283 464 3336 ἰπὶ
493 3282 725 3354 σημασίᾳ
744 3286 833 3340 τῆς
860 3277 1099 3352 διαφορᾶς
1124 3283 1223 3332 τῶν
1252 3276 1523 3330 ένωθεισῶν
1548 3277 1620 3336 εἰς

167 3371 458 3429 ὑπόστασιν
498 3373 726 3446 Δφύσεων,
769 3373 849 3426 καί
872 3372 964 3424 οὑκ
992 3369 1076 3425 ἐπὶ
1101 3377 1175 3440 ,τῇ
1202 3370 1298 3424 ἀνά
1323 3369 1474 3443 μέρος
1514 3366 1765 3444 διαιρέσει

157 3466 343 3531 αὑτῶν,
386 3465 436 3518 οί
489 3464 710 3535 πατέρες
743 3463 1074 3536 ἐχρήσαντος
1116 3456 1554 3532 Ἀποδεδειγμένου
1597 3461 1766 3514 τοίνυν

169 3557 518 3628 πανταχίθεν,
551 3556 619 3615 ὡς
648 3554 829 3615 ἀσεϐίς
860 3554 968 3608 ἐστι
1004 3553 1065 3607 τό
1105 3551 1280 3623 λέγειν,
1312 3552 1433 3622 μίαν
1460 3552 1626 3622 φύσιν,
1653 3550 1766 3610 ἤτοι

170 3647 335 3701 οὐσίαν
366 3645 620 3705 θεότητος
647 3648 732 3699 καί
776 3651 868 3705 τῆς
917 3642 1110 3718 σαρκὸς
1147 3648 1238 3698 τοῦ
1281 3648 1525 3716 Χριστοῦ,
1573 3643 1767 3696 κάκεῖνο

169 3739 395 3814 ἐροῦμεν,
429 3742 506 3798 ὡς
542 3734 655 3792 ούδέ
693 3737 812 3791 καθό
838 3737 956 3809 μίαν
981 3733 1272 3790 ὑπόστασιν
1297 3731 1506 3806 λέγομεν
1533 3741 1626 3793 τῆς
1657 3731 1768 3787 θεό-

170 3848 332 3896 τητος,
361 3834 455 3884 καὶ
492 3836 590 3889 τῆς
627 3826 1013 3903 ἀνθρωπότητος
1037 3831 1124 3882 τοῦ
1166 3829 1408 3901 Χριστοῦ,
1443 3821 1576 3880 οῦτω
1613 3821 1769 3878 δυνα-

168 3921 243 3972 τόν
291 3925 376 3976 καί
424 3923 558 3993 μίαν
587 3921 738 3993 φύσιν
779 3919 938 3992 λέγειν
973 3923 1224 3994 Χριστοῦ.
1261 3914 1459 3976 Ἐπειδή
1487 3920 1556 3986 μή
1582 3915 1768 3972 ταυτὸν

169 4010 310 4079 ούσις
339 4033 395 4068 τε
439 4015 532 4066 καί
579 4009 890 4069 ὑπόστασις.
919 4009 1106 4070 Πάντες
1135 4011 1235 4085 γὰρ
1283 4007 1330 4061 oi
1371 4005 1506 4078 ἅγιοι
1550 4006 1768 4082 πατέρες

171 4106 451 4175 συμφώνως
481 4105 626 4174 ἡμᾶς
661 4099 1007 4163 διδάσκουσιν,
1050 4095 1168 4153 ἄλλο
1189 4093 1326 4153 ἐἶναι
1358 4095 1508 4169 φύσιν
1545 4097 1658 4156 ἤτοι
1683 4099 1767 4152 οὐ·

168 4195 296 4260 σίαν,
339 4198 431 4250 καί
463 4197 688 4268 μορφήν,
719 4194 800 4246 καί
841 4187 958 4245 ἄλλο
999 4189 1287 4245 ὑπόστασιν
1324 4188 1433 4248 ἤτοι
1466 4189 1765 4265 πρόσωπον·

167 4289 239 4339 καὶ
282 4295 373 4347 τήν
403 4291 505 4359 μὲν
535 4287 708 4360 φύσιν,
739 4285 852 4344 ἤτοι
879 4285 1053 4340 οὑσίαν
1078 4285 1163 4338 καί
1183 4287 1370 4357 μορφὴν
1395 4283 1454 4336 τό
1486 4283 1644 4337 κοινόν
1675 4303 1770 4340 ση-

159 4385 374 4450 ⁴μιαίνειν,
405 4389 506 4443 τήν
538 4379 595 4437 δέ
623 4381 914 4436 ὑπόστασιν
937 4379 1052 4438 ﬁrm
1077 4378 1379 4453 πρόσωπον,
1421 4377 1480 4431 τὸ
1510 4373 1692 4431 ἱδικόν·
1725 4375 1770 4428 εί

163 4467 212 4525 δέ
240 4475 451 4544 φήσωσί
478 4492 641 4538 τινες,
677 4469 754 4528 ὅτι
783 4472 962 4546 ὥσπερ
1004 4471 1098 4540 μία
1125 4469 1415 4528 ὑπόστασις
1441 4467 1678 4523 σύνθετος
1700 4461 1770 4518 εἴ·

1864 3273 2081 3322 nantur.
2107 3264 2392 3334 Quomodo
2419 3264 2566 3322 enim
2592 3280 2700 3321 non
2719 3273 2802 3322 est
2825 3267 3158 3324 necessarius
3178 3283 3456 3340 numerus,

1861 3385 1990 3441 quo,
2015 3367 2085 3424 ad
2111 3368 2516 3440 signiﬁcandam
2539 3367 2898 3425 dill'erentiam
2920 3378 3235 3427 naturarum
3255 3387 3374 3444 qua:
3401 3373 3456 3430 in

1864 3479 2024 3520 unam
2053 3463 2455 3519 subsistentiam
2475 3463 2635 3520 unitae
2661 3471 2804 3530 sunt,
2827 3472 2884 3520 et
2902 3480 3010 3521 non
3041 3465 3109 3520 ad
3136 3465 3456 3522 divisionem

1864 3571 1964 3628 per
2016 3564 2200 3627 partes
2253 3571 2458 3622 earum,
2509 3557 2592 3612 usi
2640 3565 2764 3614 sunt
2788 3555 3010 3613 Patres?
3054 3557 3456 3615 Demonstratio

1867 3648 2033 3718 igitur
2059 3648 2314 3718 undique,
2343 3647 2490 3718 quod
2530 3647 2751 3719 impium
2781 3655 2865 3704 est
2899 3647 3082 3706 dicere
3110 3664 3272 3705 unam
3302 3657 3455 3705 natu-

1866 3755 1985 3795 ram
2040 3739 2157 3795 sive
2199 3739 2555 3796 substantiam
2595 3738 2810 3795 deitatis
2837 3747 2894 3795 et
2930 3737 3108 3795 carnis
3151 3737 3371 3804 Christi,
3403 3747 3455 3794 et

1867 3829 2000 3888 illud
2041 3829 2288 3897 dicimus,
2327 3831 2454 3900 quia
2494 3845 2596 3885 nec
2629 3828 3111 3901 secundum.un
3138 3845 3298 3886 unam
3325 3830 3456 3884 sub-

1867 3921 2168 3977 sistentiam
2191 3920 2420 3978 dicimus
2450 3920 2666 3976 deitatis
2686 3929 2742 3976 et
2763 3920 3111 3976 humanitatis
3137 3909 3356 3988 Chi-isti,
3379 3921 3456 3976 sic

1867 4013 2124 4084 possibile
2145 4021 2231 4069 est
2258 4020 2315 4068 et
2341 4028 2506 4068 unam
2533 4024 2785 4067 naturam
2821 4010 3019 4065 Christi
3049 4009 3229 4064 dicere
3273 4028 3286 4062 :
3328 4023 3455 4078 quo-

1868 4104 2012 4158 niam
2059 4119 2166 4158 non
2209 4103 2354 4159 idem
2397 4111 2481 4158 est
2528 4110 2720 4156 natura
2747 4108 2803 4155 et
2848 4099 3214 4156 subsistentia.
3257 4098 3456 4154 Omnes

1869 4193 2012 4248 enim
2033 4193 2207 4248 sancti
2231 4191 2419 4247 Patres
2438 4198 2802 4246 consonanter
2823 4203 2923 4243 nos
2942 4188 3140 4244 docent
3165 4188 3309 4244 aliud
3337 4205 3454 4247 esse

1871 4293 2118 4340 naturam
2139 4285 2252 4340 sive
2281 4282 2637 4339 substantiam
2667 4290 2723 4337 et
2751 4283 2999 4346 formam,
3049 4289 3105 4337 et
3141 4283 3289 4338 aliud
3325 4285 3454 4341 sub-

1871 4383 2172 4438 sistentiam
2213 4381 2328 4437 sive
2372 4395 2688 4452 personam;
2731 4389 2788 4438 et
2831 4391 3078 4436 naturam
3107 4382 3324 4452 quidem
3369 4385 3454 4442 vel

1870 4471 2224 4528 substantiam
2264 4479 2322 4527 et
2357 4469 2606 4538 formam,
2637 4471 2816 4528 ethoc
2843 4471 2988 4542 quod
3027 4481 3111 4528 est
3149 4489 3455 4541 commune,

165 4582 313 4636 θηται
336 4568 425 4620 ἐπὶ
451 4569 710 4643 Χριστοῦ,
744 4562 878 4622 οὕτω
906 4561 986 4617 δεῖ
1012 4563 1093 4614 καί
1124 4561 1244 4630 μίαν
1263 4560 1410 4630 φύσιν
1441 4553 1675 4611 σύνθετον
1695 4554 1758 4609 λίκ

1872 4560 2203 4630 signiﬁcare;
2229 4561 2628 4618 subsistentiam
2655 4570 2838 4618 autem
2869 4563 2984 4620 sive
3013 4579 3320 4634 personam,
3352 4565 3456 4622 hoc

159 4673 289 4724 γειν,
314 4655 654 4726 ἀποδείξομεν
679 4656 763 4710 καί
783 4659 936 4709 τοῦτο
957 4651 1213 4723 ἀλλότριον
1234 4645 1358 4705 εἶναι
1379 4655 1467 4709 τῆς
1489 4646 1766 4706 εὐσεϐείας.

161 4749 285 4799 Μίαν
310 4749 416 4822 γάρ
445 4750 604 4820 φύσιν
628 4748 880 4809 θεότητος,
914 4743 1025 4804 ἦτοι
1057 4745 1228 4799 οὑσίαν
1251 4743 1495 4815 λέγοντες.
1527 4749 1665 4816 τρεῖς
1695 4742 1770 4796 ἐπ’

165 4835 314 4899 αὐτῆς
361 4837 650 4912 δοξάζομεν
688 4838 999 4897 ὑποστάσεις
1037 4838 1089 4891 ἐν
1122 4836 1311 4910 ἑκάστῃ
1357 4832 1644 4891 ὑποστάσει
1681 4839 1770 4894 τήν

168 4933 315 4991 αὑτήν
350 4935 534 5006 φύσιν,
577 4932 689 4990 ἤτοι
727 4932 904 4986 οὐσίαν
930 4933 1254 5004 γνωρίζοντες
1279 4943 1293 4958 '
1323 4930 1408 4981 καί
1457 4928 1678 4987 εὐσεϐῶς
1719 4927 1772 4982 ἐκ

165 5029 260 5079 τῶν
306 5033 473 5099 τριῶν
519 5025 856 5079 ὑποστάσεων
881 5023 1000 5092 μίαν
1039 5020 1328 5076 ὑπόστασιν
1365 5012 1452 5077 τήν
1493 5025 1586 5075 τοῦ
1613 5019 1764 5091 λόγου

168 5115 292 5186 πρὸς
338 5121 438 5175 τὴν
484 5117 658 5189 σάρκα
701 5114 1042 5168 συντεθεῖσθαί
1070 5131 1243 5184 φαμεν.
1291 5103 1467 5170 οὐδεὶς·
1512 5109 1602 5186 γάρ
1641 5129 1765 5165 ποτε

169 5204 446 5277 ὶτόλμησεν
503 5208 555 5260 ἐν
605 5213 669 5280 τῇ
713 5205 937 5279 καθολικῇ
988 5201 1227 5277 ἐκκλησίᾳ
1253 5205 1428 5268 εἰπεῖν,
1475 5199 1554 5256 ὅτι
1591 5202 1766 5278 ὥσπερ

167 5305 299 5368 τρεῖς
326 5297 664 5354 ὑποστάσεις
684 5336 698 5360 ,
731 5294 864 5349 οὕτω
889 5296 968 5347 καί
994 5300 1137 5367 τρεῖς
1167 5294 1340 5364 οὑξ-εις
1370 5293 1474 5348 εἰσί
1499 5301 1591 5351 τῆς
1619 5290 1768 5362 ἁγίας

168 5387 394 5462 τριάδος,
426 5391 570 5444 ὥστε
612 5392 692 5442 καί
734 5385 978 5442 δύνασθαι
1014 5383 1169 5456 λέγειν
1216 5387 1334 5456 μίαν
1381 5383 1530 5454 φύσιν
1575 5386 1630 5438 ἐκ
1670 5389 1768 5436 τῶν

164 5489 314 5556 τριῶν
344 5483 567 5555 φύσεων
609 5481 954 5538 συντεθεῖσθαι
983 5480 1114 5554 πρὸς
1140 5479 1306 5552 σάρκα
1331 5493 1344 5507 ⁸
1374 5485 1507 5553 τρεῖς
1545 5477 1642 5552 γάρ
1671 5476 1766 5548 φύ-

167 5591 271 5634 σεις
300 5577 394 5628 ἐπὶ
431 5582 536 5634 τῆς
564 5573 714 5647 ἁγίας
757 5570 962 5647 τριάδος
1002 5567 1153 5644 μόνος
1177 5567 1374 5646 Ἀρειος
1403 5569 1660 5642 τολμήσας
1701 5568 1770 5621 εί-

163 5675 276 5720 πεῖν
305 5671 380 5728 ὡς
415 5667 723 5739 βλάσφημος
751 5668 1029 5740 κατεκρίθη.
1061 5667 1152 5720 Διά
1172 5671 1322 5720 τοῦτο
1349 5665 1508 5718 τοίνυν
1535 5662 1663 5716 κατά
1688 5664 1770 5716 τὶν

166 5759 310 5833 ὀρθόν
337 5758 506 5828 λόγον
529 5755 618 5811 δύο
645 5758 839 5826 φύσεων
864 5755 1042 5811 ἕνωσιν
1062 5756 1282 5828 λέγομεν,
1307 5757 1389 5808 καί
1409 5756 1523 5824 μίαν
1549 5754 1770 5808 ὑπόστα-

162 5872 266 5908 σιν.
293 5847 532 5912 Ἐπειδὴ
557 5846 582 5906 ό
607 5852 698 5906 τοῦ
721 5853 850 5906 θεοῦ
877 5847 987 5913 υίὸς
1015 5850 1142 5911 κατά
1168 5852 1257 5908 τήν
1285 5846 1570 5904 ὑπόστασιν
1599 5845 1770 5925 ἕτερος

1874 4651 2020 4721 quod
2047 4659 2130 4708 est
2168 4653 2423 4723 speciale.
2467 4653 2561 4708 Sin
2590 4669 2723 4710 vero
2761 4654 2994 4709 dixerint
3034 4655 3273 4725 quidam,
3313 4657 3454 4728 quod

1873 4743 2012 4798 sicut
2034 4759 2136 4808 una
2163 4745 2505 4802 subsistentia
2540 4747 2839 4818 composita
2871 4747 3068 4804 dicitur
3110 4748 3328 4818 Christi,
3380 4753 3455 4808 sic

1875 4847 2090 4908 oportet
2110 4848 2166 4894 et
2185 4855 2346 4894 unam
2370 4848 2615 4894 naturam
2644 4841 2999 4910 compositam
3033 4839 3214 4897 dicere
3238 4861 3250 4896 :
3275 4850 3454 4898 osten-

1875 4929 2066 4986 demus
2091 4939 2147 4986 et
2173 4931 2277 4987 hoc
2301 4931 2534 4986 alienum
2569 4947 2689 4988 esse
2711 4947 2740 4986 a
2764 4932 2980 5003 pietate.
3009 4931 3180 4988 Unam
3201 4935 3343 4989 enim
3367 4949 3454 4987 na-

1873 5030 2047 5078 turam
2069 5023 2182 5078 sive
2207 5023 2562 5077 substantiam
2599 5022 2820 5079 deitatis
2848 5021 3111 5090 dicentes,
3140 5031 3250 5079 tres
3291 5023 3454 5093 ipsius

1871 5112 2189 5168 conﬁtemur
2243 5113 2640 5186 [glorilicamus,
2691 5113 2892 5187 Gneo]
2940 5115 3331 5179 subsistentias,
3399 5115 3453 5168 in

1870 5216 2191 5271 unaquaque
2230 5202 2845 5260 subsistentia-eamdem
2893 5212 3138 5259 naturam
3177 5205 3290 5258 sive
3329 5205 3453 5260 sub-

1867 5291 2123 5346 stantiam
2152 5301 2556 5358 cognoscentes.
2584 5291 2652 5346 Et
2677 5301 2823 5349 recte
2851 5307 2920 5348 ex
2949 5292 3118 5348 tribus
3151 5292 3444 5349 subsisten-

1871 5379 1960 5434 tiis
1980 5393 2141 5435 unam
2168 5379 2564 5435 subsistentiam
2580 5379 2742 5436 Verbi
2771 5381 2839 5436 ad
2859 5395 3077 5437 carnem
3097 5381 3452 5451 compositam

1873 5487 1994 5528 οδω
2021 5471 2264 5528 dicimus.
2295 5471 2464 5528 Nemo
2506 5473 2650 5528 enim
2698 5487 2933 5541 unquam
2969 5485 3130 5526 ausus
3156 5479 3238 5527 est
3273 5473 3452 5530 in-ca-

1871 5565 2068 5620 tholica
2089 5563 2326 5621 Ecclesia
2366 5565 2564 5632 dicere,
2606 5565 2749 5635 quod
2771 5564 2908 5618 sicut
2936 5571 3045 5620 tres
3070 5564 3448 5635 subsistentiae,

1869 5659 1948 5714 sic
1975 5668 2029 5712 et
2059 5667 2168 5713 tres
2209 5667 2413 5713 natura:
2451 5665 2575 5713 sunt
2613 5664 2809 5710 sanctae
2839 5655 3149 5713 Trinitatis:
3182 5668 3240 5712 ut
3278 5663 3450 5731 passi.

1870 5751 1976 5807 bile
2005 5752 2074 5807 sit
2101 5752 2302 5820 dicere,
2332 5766 2490 5805 uuam
2516 5759 2760 5803 naturam
2789 5764 2856 5804 ex
2881 5749 3048 5805 tribus
3070 5751 3274 5806 naturis
3301 5768 3449 5808 com-

1871 5844 2098 5918 positam
2128 5859 2245 5904 esse
2265 5845 2333 5901 ad
2357 5857 2592 5900 carnem.
2619 5840 2752 5899 Tres
2771 5843 2913 5900 enim
2943 5852 3160 5902 naturas
3188 5845 3241 5901 in
3263 5852 3447 5904 sancta
