3988 6346
524 254 628 309 215

1905 250 2201 308 VIGILIUS
2241 252 2438 307 PAPA.

3700 247 3799 303 ΞΗ

526 380 595 434 ὢν
620 379 761 449 παρὰ
784 378 868 432 τὸν
893 375 1112 447 πατέρα,
1140 382 1229 433 τῆς
1265 373 1417 433 αὐτῆς
1446 371 1498 427 δὲ
1524 373 1720 446 φύσεως
1744 368 1809 423 ὢν
1832 378 1902 440 τῷ
1930 374 2107 445 πατρὶ,

2229 366 2478 420 Frinitatc
2501 364 2647 419 solus
2669 362 2824 418 Arius
2853 376 3015 418 ausus
3034 361 3234 429 dicere,
3272 352 3526 429 tanQuam
3552 359 3804 429 blaSphe-

527 474 577 527 ἐν
609 478 671 544 τῇ
708 468 812 542 ἰδίᾳ
848 467 1134 522 ὑποστάσει
1167 464 1562 539 ἐδημιούργησεν
1589 464 1755 533 ἑαυτῷ
1780 464 1944 537 σάρκα
1986 462 2110 531 ἔψυ-

526 563 768 635 χωμένην
795 559 949 635 ψυχῇ
978 560 1144 633 λογικῇ
1167 561 1253 614 καὶ
1278 563 1447 633 νοερᾷ,
1489 554 1614 631 ὅπερ
1651 555 1792 614 δηλοῖ
1828 556 2111 629 ἀνθρωπίνῃ

525 655 671 728 φύσει
690 652 924 712 ἐνωθῆναι
945 652 1030 708 τόν
1044 657 1134 707 τοῦ
1152 656 1278 706 Θεοῦ
1295 650 1453 722 λόγον,
1474 653 1558 705 καί
1579 650 1637 701 οὑ
1643 669 1684 719 χ
1702 650 1989 703 ὑποστάσει
1999 648 2113 705 ἤτοι

528 750 795 821 προσώπῳ
824 743 973 802 τοῦδεί
1000 761 1150 806 τινος·
1185 742 1303 799 ἔστι
1329 743 1496 798 τοίνυν
1528 740 1553 797 ὁ
1582 749 1673 797 τοῦ
1699 748 1825 797 Θεοῦ
1859 742 2001 815 λόγος
2028 742 2113 795 καί

530 839 809 915 σαρκωθείς
831 841 924 910 μία
951 838 1240 897 ὑπόστασις
1259 837 1306 890 ἐν
1327 836 1543 911 ἑκατέρᾳ
1567 839 1713 907 φύσει
1726 830 2110 909 γνωριζόμενος,

529 934 581 987 ἂν
601 931 654 988 δὲ
674 940 737 1005 τῇ
760 934 890 1007 θείᾳ,
919 932 971 987 ίν
991 928 1023 1007 ᾖ
1042 932 1252 1007 ὑπῆρχε
1282 932 1412 985 κατὰ
1432 932 1512 996 τὸ,
1532 927 1698 990 -ιὊς
1724 929 1773 983 ἄν
1796 936 1960 1003 μορφῇ
1982 934 2111 984 θεοῦ

530 1025 813 1099 ὑπάρχων,
839 1053 911 1063 —
933 1025 1012 1078 καί
1036 1023 1083 1076 ἐν
1110 1032 1172 1096 τῇ
1192 1023 1476 1098 ἀνθρωπίνῃ
1506 1022 1637 1078 κατά
1655 1022 1733 1088 τὸ,
1752 1030 1907 1076 -Ὲν
1927 1019 2113 1091 ὁμοιώ-

530 1139 658 1188 ματι
676 1117 950 1190 ἀνθρώπων
967 1114 1246 1187 γενόμενος.
1262 1143 1329 1155 -—
1343 1116 1444 1167 Καὶ
1462 1111 1547 1169 διὰ
1566 1119 1717 1169 τοῦτο
1736 1112 1961 1173 εὐσεϐῶς
1982 1109 2115 1167 εἴποι

530 1228 610 1268 τις
646 1201 706 1262 ἂν
739 1208 855 1275 θεῖ-ιω
895 1206 1186 1263 ὑπόστασιν
1210 1211 1303 1262 τοῦ
1345 1211 1475 1261 Θεοῦ
1502 1205 1649 1277 λόγου
1696 1206 1952 1272 σύνθετον,
1983 1205 2113 1279 ὅπερ

531 1302 653 1371 μίαν
677 1296 825 1371 φύσιν
854 1299 1108 1355 σῦνθετον⁸
1141 1296 1311 1356 ἐπειδὴ
1335 1295 1414 1352 ὅτε
1437 1295 1546 1350 καθ’
1573 1297 1755 1355 ίαυτήν
1775 1295 1947 1355 ἁπλῶς
1966 1294 2116 1368 φύσις

532 1388 752 1463 λέγεται,
880 1390 1244 1461 προσκειμένου
1273 1389 1437 1462 ταύτῃ
1467 1386 1626 1442 ίδικοῦ
1653 1408 1786 1448 τινος
1808 1390 2112 1465 προσώπου,

536 1480 775 1556 ἀόριστόν
793 1502 863 1545 τι,
893 1483 980 1535 καί
998 1474 1350 1538 ἀνυπόστατον
1378 1476 1539 1536 dulci"
1567 1479 1626 1534 τὸ
1647 1478 1700 1532 δὲ
1724 1478 1961 1555 ἀόριστον
1989 1479 2118 1551 πρὸς

533 1573 679 1631 οὐδὲν.
701 1575 996 1634 συντεθῆναι
1019 1570 1251 1629 δύναται.
1282 1575 1338 1627 Εἰ
1366 1569 1419 1626 δέ
1444 1592 1524 1631 τις
1549 1573 1634 1625 καί
1655 1576 1785 1640 μετά
1810 1573 1931 1630 τοὺς
1953 1572 2119 1625 τοιοὺ-

535 1688 659 1730 τους
679 1665 859 1741 λόγους
880 1667 1010 1739 πρὸς
1037 1665 1329 1738 φιλονεικίαν
1358 1663 1507 1736 μόνην
1532 1662 1684 1740 ὁρῶν,
1713 1664 1977 1719 ἀντιθεῖναι
2003 1665 2117 1718 ἐπι-

2214 472 2337 511 mus
2366 456 2756 511 condemnatus
2782 462 2885 509 est.
2912 453 3037 509 Ideo
3061 454 3222 521 igitur
3267 452 3565 507 secundum
3601 460 3807 508 rectam

2211 548 2498 615 rationem,
2531 547 2757 607 duarum
2795 555 3107 607 naturarum
3136 545 3371 601 dicimus
3403 544 3727 610 unitionem,
3755 556 3809 602 et

2214 656 2377 695 unam
2399 640 2801 695 subsistentiam
2830 658 2842 693 ;
2882 639 3137 708 quoniam
3180 638 3279 695 Dei
3305 638 3488 705 Filius,
3521 652 3646 695 cum
3667 649 3811 697 esset

2213 732 2508 788 secundum
2558 732 2960 789 subsistentiam
2990 732 3129 787 alter
3167 739 3367 801 praeter
3391 731 3629 798 Patrem,
3658 747 3808 788 eam-

2215 823 2343 879 dem
2366 834 2548 879 autem
2577 834 2827 883 naturam
2854 825 3061 881 habens
3089 823 3282 892 Patris,
3308 825 3363 879 in
3390 840 3489 880 sua
3512 824 3809 881 subsisten-

2214 919 2289 973 tia
2319 919 2605 989 plasmavit
2625 919 2725 974 sibi
2748 933 2966 973 carnem
3004 918 3297 974 animatam
3328 918 3511 973 anima
3556 918 3810 974 rationali

2215 1017 2271 1065 et
2293 1010 2645 1065 intellectuali
2673 1028 2685 1063 :
2714 1010 2860 1081 quod
2883 1008 3165 1078 signiﬁcat,
3193 1010 3441 1064 humana:
3469 1017 3679 1065 naturm
3696 1009 3810 1065 nni-

2215 1107 2330 1154 tum
2370 1115 2489 1156 esse
2540 1100 2711 1156 Deum
2738 1100 2997 1166 Verbum,
3056 1110 3111 1156 et
3156 1116 3265 1156 non
3311 1101 3675 1157 subsistentia:
3719 1115 3810 1156 seu

2215 1210 2461 1265 persona:
2489 1194 2785 1264 cujusdam.
2821 1193 2917 1249 Est
2938 1194 3105 1263 igitur
3130 1193 3276 1249 Deus
3308 1193 3545 1250 Verbum
3567 1200 3626 1250 et
3647 1194 3814 1249 incar-

2218 1303 2395 1361 natus,
2425 1310 2531 1348 una
2560 1294 2905 1350 subsistentia
2936 1294 2990 1349 in
3012 1300 3243 1364 utraque
3272 1301 3463 1349 natura
3485 1309 3811 1365 cognosccn-
3872 1358 3876 1365 ,

2217 1385 2357 1441 dus:
2388 1386 2441 1440 in
2470 1385 2670 1453 divina,
2703 1388 2753 1439 in
2788 1401 2894 1456 qua
2934 1395 3072 1455 erat,
3113 1395 3278 1456 prout
3318 1386 3520 1442 dictum
3560 1395 3675 1451 est,
3716 1385 3810 1452 Qui

2218 1494 2329 1535 cum
2354 1480 2411 1533 in
2440 1480 2609 1552 {arma
2648 1477 2746 1534 Dei
2783 1488 2914 1532 esset
2942 1478 3162 1551 (Philip.
3184 1480 3279 1549 n);
3307 1486 3363 1536 et
3384 1480 3438 1533 In
3466 1479 3702 1541 humana
3732 1494 3812 1541 se-

2219 1568 2451 1625 cundum
2481 1569 2588 1625 hoc
2606 1569 2751 1639 quod
2770 1571 2924 1624 estin
2954 1569 3342 1625 similitudinem
3363 1571 3625 1625 hominum
3651 1570 3812 1641 facta:

2223 1658 2492 1730 (Ibidem).
2526 1658 2594 1714 Et
2626 1659 2749 1715 ideo
2778 1660 2906 1732 [pie,
2950 1661 3145 1734 (ἐι-ινα]
3191 1663 3392 1720 rectius
3437 1664 3583 1718 dicat
3624 1663 3814 1741 aliquis

535 1764 776 1835 χειρήσει
801 1762 974 1833 λέγων,
1029 1756 1114 1816 ὅτι
1154 1760 1286 1814 κατά
1323 1757 1410 1813 τὸν
1458 1755 1767 1813 ἀποδοθέντα
1796 1765 1887 1817 τῆς
1920 1753 2121 1828 φῦσεως

2229 1770 2386 1810 unam
2433 1754 2833 1810 subsistentiam
2878 1754 2975 1811 Dei
3022 1755 3185 1811 Verbi
3231 1757 3613 1826 compositam,
3658 1773 3813 1835 quam

533 1851 679 1925 λόγον
709 1856 821 1927 χρὴ
848 1854 934 1908 καί
959 1854 1049 1909 τὴν
1077 1850 1389 1925 ἀνθρωπίνην
1419 1849 1567 1921 φύσιν
1603 1855 1695 1904 τοῦ
1731 1854 1957 1923 Χριστοῦ
1988 1844 2121 1903 ἰδίαν

534 1942 839 2009 ὑπόστασιν,
861 1944 974 2001 ἤτοι
999 1942 1276 2015 πρόσωπον
1302 1940 1426 1997 ἴδιον
1453 1938 1486 1997 ἔ
1488 1962 1623 2012 χειν,
1652 1939 1903 2015 πρόδηλός
1931 1941 2066 1997 ἐστιν
2093 1939 2121 1996 ὅ

533 2042 784 2104 τοιοῦτος,
815 2033 893 2092 ὅτι
925 2035 1316 2111 προϋποστάντι
1341 2034 1588 2107 ἀνθρώπῳ
1618 2033 1856 2090 ένωθῆνοιι
1882 2033 2009 2105 λέγει
2033 2034 2121 2105 τὸν

534 2127 700 2199 Myos,
727 2130 815 2186 καί
832 2132 1084 2198 σχετικὴν
1098 2127 1396 2199 γεγενῆσθαι
1413 2129 1503 2183 τὴν
1528 2124 1724 2180 ἕνωσιν.
1747 2125 1845 2177 Δύο
1865 2125 1964 2201 γὰρ
1987 2124 2122 2179 ὑπο-

535 2220 800 2285 στάσεων,
838 2216 956 2278 ἤτοι
977 2220 1270 2291 προσώπων
1302 2217 1408 2273 καθ’
1435 2216 1720 2273 ὑπόστασιν
1754 2217 1983 2289 γενέσθαι
2011 2217 2125 2270 ἕνω-

540 2331 625 2376 ειν
649 2308 918 2369 ἀδύνατον.
940 2306 1102 2366 Ὥστε
1130 2309 1157 2366 ὁ
1178 2315 1349 2366 ταῦτα
1365 2308 1541 2381 λέγων,
1564 2309 1622 2364 τὸ
1641 2306 1852 2364 δυνατὸν
1878 2315 1970 2365 τοῦ
1994 2316 2123 2365 Θεοῦ

534 2400 697 2476 λόγοις
722 2403 1034 2480 ἀνθρωπίνης
1063 2405 1245 2475 σοφίας
1270 2410 1484 2457 κενῶσαι
1516 2400 1839 2469 σπουδάζων,
1872 2402 2044 2473 ἀγνοεῖ
2064 2404 2125 2457 τό

538 2499 671 2573 μέγα
690 2506 786 2561 τῆς
809 2499 1070 2562 ιῦσεδείας
1097 2504 1393 2576 μυστήριον,
1425 2497 1550 2575 ὅπερ
1573 2499 1757 2576 καρδίᾳ
1771 2501 1864 2567 μὲν
1887 2501 2125 2558 πιστεύε-

450 2656 451 2659 η
536 2614 624 2651 σαι
662 2597 737 2657 είς
764 2592 1105 2661 δικαιοσύνην,
1134 2595 1353 2668 στόματι
1392 2592 1446 2649 δὲ
1494 2594 1808 2669 ὁμολογεῖται
1846 2597 1918 2658 εἰς
1957 2618 2127 2658 σωτη-

538 2690 652 2764 ρίαν
677 2703 695 2723 λ
714 2684 829 2745 οὔτε
868 2688 969 2765 γὰρ
996 2689 1029 2747 ἦ
1068 2689 1353 2764 ἀνθρωπίνη
1375 2687 1528 2761 φύσις
1558 2694 1649 2744 τοῦ
1691 2695 1917 2764 Χριστοῦ
1954 2689 2129 2752 ἁπλῶς

539 2800 665 2836 ποτε
690 2779 908 2853 λέγεται,
936 2780 1041 2836 ἀλλ’
1062 2778 1177 2836 οὔτε
1207 2779 1334 2836 ἰδίαν
1362 2781 1676 2845 ὑπόστασιν,
1707 2781 1820 2840 ἤτοι
1849 2781 2129 2852 πρόσωπον

539 2871 724 2944 ἔσχεν,
766 2873 877 2929 ἀλλ’
897 2875 950 2930 δν
975 2882 1039 2950 τῇ
1070 2876 1353 2932 ὑποστάσει
1394 2882 1486 2931 τοῦ
1528 2875 1679 2949 λόγου
1720 2880 1809 2935 τὴν
1837 2878 2010 2953 ἀρχὴν
2037 2884 2130 2938 τῆς

538 2966 806 3045 ὑπάρξεως
844 2965 1045 3025 ἔλαϐεν.
1072 2965 1219 3025 Ὀθεν
1241 2971 1394 3025 αὑτὸν
1421 2968 1502 3024 τὸν
1531 2970 1654 3025 Θεὸν
1686 2968 1830 3042 λόγον
1864 2970 2132 3044 ἀτρέπτως

536 3056 800 3136 ἄνθρωπον
819 3063 1117 3134 γεγενῆσθαι
1151 3060 1510 3134 ὁμολογοῦμεν,
1541 3064 1628 3117 καί
1655 3064 1747 3117 οὐκ
1768 3063 1839 3123 είς
1868 3060 2131 3139 ἄνθρωπόν

2224 1860 2387 1900 unam
2425 1852 2674 1899 naturam
2719 1845 3115 1915 compositam:
3158 1847 3415 1916 quoniam
3462 1863 3587 1907 cum
3626 1863 3728 1918 per
3761 1863 3816 1911 se

2222 1936 2470 1993 absolute
2504 1944 2699 1992 natura
2734 1937 2949 2011 dicitur,
2979 1953 3089 1994 non
3116 1938 3325 2007 adjecta
3373 1939 3422 1994 ei
3464 1927 3692 2009 speciali
3729 1955 3815 1994 cu-

2218 2029 2433 2100 jusdam
2462 2044 2713 2099 persona,
2748 2027 3036 2094 inﬁnitum,
3070 2037 3256 2084 etnon
3283 2029 3579 2087 subsistens
3620 2029 3815 2100 aliquid

2224 2119 2492 2188 signiﬁcat
2516 2137 2530 2173 :
2553 2118 2823 2176 inﬁnitum
2861 2129 3041 2176 autem
3070 2121 3139 2177 ad
3168 2121 3303 2176 nihil
3330 2130 3508 2192 potest
3546 2122 3813 2192 componi.

2225 2211 2323 2267 Sin
2350 2220 2532 2268 autem
2555 2212 2747 2283 aliquis
2768 2220 2967 2282 etpost
2990 2212 3126 2268 tales
3155 2212 3395 2269 rationes
3417 2212 3483 2268 ad
3513 2213 3817 2269 contentio-

2226 2320 2354 2361 nem
2398 2306 2571 2361 solam
2626 2290 2943 2377 respiciens,
2998 2320 3278 2376 opponere
3332 2312 3586 2373 conatur,
3642 2305 3817 2362 dicens

2228 2398 2376 2469 quod
2421 2399 2717 2455 secundum
2750 2397 3014 2453 redditam
3057 2407 3264 2453 natura:
3291 2398 3557 2453 rationem
3608 2404 3820 2468 oportet

2230 2505 2287 2553 et
2313 2498 2606 2553 humanam
2627 2505 2875 2553 naturam
2895 2495 3097 2553 Christi
3127 2512 3278 2553 suam
3300 2496 3706 2553 subsistentiam
3731 2510 3821 2551 seu

2230 2610 2519 2667 personam
2568 2594 2843 2665 propriam
2884 2593 3088 2649 habere
3131 2611 3144 2646 :
3188 2591 3506 2647 manifestus
3557 2598 3643 2647 est
3684 2590 3819 2654 talis,

2229 2688 2376 2759 quod
2398 2695 2524 2743 ante
2552 2686 2863 2743 subsistenti
2887 2684 3092 2741 homini
3117 2686 3326 2740 unitum
3354 2699 3475 2741 esse
3503 2683 3637 2739 dicit
3660 2683 3824 2739 Deum

2232 2785 2488 2853 Verbum,
2522 2793 2579 2841 et
2608 2782 2945 2840 affectualem
2992 2781 3191 2843 factam
3224 2796 3346 2845 esse
3387 2780 3674 2835 unitatem.
3702 2777 3824 2833 Dus

2234 2878 2380 2934 enim
2411 2876 2772 2933 subsistentiis
2800 2890 2895 2931 seu
2919 2890 3163 2947 personat
3205 2872 3499 2931 secundum
3530 2871 3826 2931 subsisten-

2234 2970 2365 3026 tiam
2396 2970 2537 3025 uniri
2567 2984 2675 3025 non
2705 2976 2951 3040 possunt.
2984 2968 3085 3035 Qui
3109 2967 3269 3037 igitur
3290 2966 3408 3027 haec
3435 2965 3590 3036 dicit,
3615 2964 3711 3029 Dei
3734 2980 3828 3043 po-

2236 3065 2463 3120 tentiam
2479 3064 2661 3120 verbis
2680 3063 2925 3118 humanaa
2946 3060 3222 3132 sapientiae
3248 3074 3515 3119 evacuare
3543 3058 3826 3123 festinans,

538 3174 652 3209 τινα
673 3154 822 3211 αὑτὸν
846 3154 1155 3213 ἕληλυθίναιο
1187 3157 1273 3207 καί
1308 3160 1398 3208 τοῦ
1422 3154 1577 3208 αὑτοῦ
1604 3159 1727 3207 Θεοῦ
1754 3154 1907 3227 λόγου
1936 3176 2124 3230 σαρκω⁴

2237 3156 2451 3227 ignorat
2478 3168 2730 3225 magnum
2752 3154 2970 3225 pictatis
2999 3152 3336 3223 mysterium,
3361 3150 3506 3222 quod
3527 3149 3691 3206 corde
3715 3149 3831 3221 qui-

522 3247 704 3308 ~“v‘roc
729 3252 821 3306 τήν
848 3248 902 3301 ἐκ
921 3249 1169 3320 παρθένου
1197 3248 1425 3319 γέννησιν
1450 3242 1594 3312 εἶναι,
1617 3248 1701 3301 καί
1729 3244 1811 3301 διὰ
1840 3253 1995 3304 τοῦτο
2024 3252 2133 3306 θεο-

540 3338 685 3392 τόκον
726 3332 849 3397 εἶναι
882 3343 972 3397 τήν
1000 3337 1144 3411 ἁγίαν
1185 3337 1377 3403 ἔνδοξον
1421 3340 1747 3412 ἀειπὰρθενον
1785 3342 2009 3415 Μαρίαν.
2040 3344 2131 3398 Διὰ

539 3432 695 3484 τοῦτο
733 3429 818 3482 uti
843 3426 944 3502 πρὸ
965 3435 1057 3488 τῆς
1081 3432 1393 3502 σαρκώσεως
1424 3435 1514 3484 τοῦ
1545 3434 1671 3484 Θεοῦ
1697 3428 1865 3499 λόγου,
1895 3433 1978 3486 καί
2002 3433 2132 3502 μετὰ

538 3524 639 3579 τήν
658 3520 829 3581 αὑτοῦ
854 3523 1111 3597 σάρκωσιν
1142 3531 1277 3599 τρεῖς
1319 3524 1637 3585 ὑποστάσεις
1673 3523 1881 3597 λέγομεν
1907 3530 1998 3581 τοῦ
2028 3548 2131 3583 πα-

530 3613 767 3690 spias-mi
790 3620 885 3670 τοῦ
904 3616 1017 3671 υἱοῦ
1058 3619 1141 3671 καί
1172 3624 1263 3672 τοῦ
1302 3617 1449 3687 ἁγίου
1494 3618 1805 3690 πνεύματος,
1849 3625 1941 3678 τῆς
1982 3618 2133 3691 ἁγίας

540 3707 749 3786 τριάδος
776 3711 1025 3784 τετάρτης
1064 3709 1426 3778 ὑποστάσεως,
1456 3710 1564 3769 ἦτοι
1592 3713 1877 3782 προσώπου
1909 3712 2135 3784 προσθή-

541 3821 629 3858 κην
659 3804 729 3872 με)
754 3798 1131 3869 δπιδεξαμὲνης.
1158 3799 1240 3856 Ἐκ
1266 3804 1463 3858 τούτων
1496 3804 1660 3859 τοίνυν
1698 3804 1903 3859 πάντων
1944 3800 2135 3878 διελέγ-

532 3913 730 3965 νχονται
768 3894 813 3949 ei
852 3894 1078 3968 λέγοντες
1127 3898 1230 3972 πρὸ
1273 3904 1368 3957 τῆς
1417 3897 1647 3959 ἓνώσεως
1695 3897 1789 3955 δύο
1832 3902 2028 3972 φύσεις,
2064 3903 2133 3962 ὡς

540 3988 948 4062 προῦποστάντα
981 3989 1207 4059 λέγουσιν
1256 3986 1542 4065 ἄνθρωπον,
1586 3994 1670 4045 καί
1706 3992 1867 4052 οὕτως
1898 3993 2134 4053 ξενωθῆναι

538 4087 616 4153 τῷ
643 4087 754 4152 Θεῷ
782 4080 932 4153 λόγῳ,
955 4080 1086 4137 κατὰ
1104 4085 1194 4140 τήν
1214 4083 1399 4151 μανίαν
1425 4081 1712 4158 Θεοδώρου,
1742 4087 1827 4139 καὶ
1855 4088 2131 4159 Νεστορίου

536 4179 640 4230 τῶν
663 4174 891 4230 ἀσεϐῶν·
915 4174 961 4228 oi
993 4172 1048 4229 di
1082 4173 1307 4248 λέγοντες
1333 4179 1403 4247 μή
1443 4181 1635 4250 χρῆναι
1678 4174 1835 4246 λέγειν
1874 4177 2005 4247 μετά
2045 4181 2134 4236 τήν

539 4265 722 4320 ἕνωσιν
745 4263 839 4321 δύο
860 4264 1039 4339 φύσεις
1060 4266 1142 4321 hri
1164 4272 1413 4343 Χριστοῦ,
1437 4267 1560 4323 ἀλλὰ
1586 4270 1706 4339 μίαν
1730 4266 1906 4341 φύσιν,
1930 4269 2135 4343 σύγχυ-

539 4374 646 4419 σιν,
687 4360 775 4411 καί
802 4361 1084 4428 φαντασίαν
1119 4360 1410 4431 εἰσάγοντες
1435 4357 1751 4433 [εἰσάγουσι]
1782 4362 1909 4416 κατὰ
1938 4358 2133 4415 ’Δπολι-

539 4446 734 4519 deus,
756 4449 841 4502 καί
865 4449 1107 4519 Εὑτυχία
1133 4452 1254 4511 τοὺς
1281 4448 1802 4511 ἁσεϐεἰς.“Δλλ“οὑτοι
1830 4454 1919 4522 μὲν
1939 4459 2129 4507 ταῦτα.

2236 3248 2357 3303 dem
2381 3246 2617 3302 creditur
2646 3246 2716 3301 ad
2731 3245 3017 3316 justitiam,
3049 3260 3145 3302 ore
3175 3253 3355 3300 autem
3384 3243 3654 3299 confessio
3678 3242 3739 3297 lit
3766 3241 3830 3297 ad

2235 3337 2486 3395 salutem.
2530 3336 2715 3408 Neque
2744 3339 2887 3393 enim
2919 3338 3155 3393 humana
3183 3336 3385 3391 Christi
3413 3342 3609 3390 natura
3650 3348 3752 3405 per
3776 3348 3831 3390 se

2236 3429 2483 3485 absolute
2506 3443 2742 3498 unquam
2762 3428 2979 3494 dicitur,
3008 3428 3105 3484 sed
3131 3443 3229 3485 nec
3256 3443 3406 3483 suam
3429 3424 3833 3483 subsistentiam

2236 3536 2332 3577 seu
2360 3538 2648 3594 personam
2674 3522 2899 3578 habuit:
2936 3521 3031 3579 sed
3060 3524 3115 3579 in
3155 3520 3501 3583 subsistentia
3531 3519 3626 3581 Dei
3647 3519 3830 3585 Verbi,

2235 3623 2429 3671 natura
2462 3614 2697 3670 humana
2727 3614 2937 3671 initium
2967 3613 3201 3688 [initium
3246 3612 3549 3668 existentim
3588 3610 3826 3682 accepit,

2239 3713 2431 3787 αισα]
2463 3723 2524 3770 ιιι
2545 3722 2707 3781 esset,
2732 3715 2921 3770 habuit
2946 3733 2959 3769 :
2992 3713 3133 3781 unde
3164 3714 3339 3787 ipsum
3391 3712 3562 3769 Deum
3591 3712 3830 3775 Verbum

2238 3805 2649 3863 immutabiliter
2674 3805 2950 3862 hominem
3000 3804 3204 3860 factum
3247 3819 3366 3860 esse
3402 3802 3749 3868 conﬁtemur,
3781 3810 3834 3857 et

2237 3915 2347 3963 non
2374 3899 2429 3953 in
2471 3898 2748 3955 hominem
2778 3897 3068 3968 quemdam
3098 3897 3344 3964 venisse;
3387 3903 3442 3951 et
3470 3894 3715 3964 ejusdem
3742 3894 3837 3955 Dei

2235 3991 2401 4048 Verbi
2430 3992 2698 4048 incarnati
2727 4006 2847 4047 esse
2887 3990 3225 4046 nativitatem
3256 4005 3326 4045 ex
3366 3988 3597 4059 virgine,
3625 3996 3689 4049 et.
3710 4002 3839 4060 pro-

2235 4102 2358 4169 pter
2384 4094 2492 4166 hoc
2519 4092 2621 4155 Dei
2647 4092 2977 4150 Genitricem
3017 4100 3260 4153 sanctam
3286 4090 3579 4167 gloriosam
3619 4104 3839 4162 semper

2236 4186 2498 4256 virginem
2542 4184 2770 4241 Mariam
2808 4198 2948 4241 esse.
2984 4182 3121 4245 Ideo.
3154 4191 3211 4240 et
3249 4188 3375 4239 ante
3408 4180 3840 4245 incarnationem

2236 4278 2332 4334 Dei
2360 4277 2543 4345 Verbi,
2588 4284 2643 4332 et
2681 4283 2805 4348 post
2850 4276 2968 4349 eius
2997 4274 3447 4343 incarnationem,
3506 4282 3619 4331 tres
3660 4272 3840 4330 subsi-

2237 4372 2464 4435 stentias
2492 4368 2716 4431 dicimus
2745 4367 2940 4435 Patris,
2991 4374 3047 4423 et
3096 4365 3245 4435 Filii.
3263 4372 3323 4429 et
3358 4365 3591 4437 Spiritus
3638 4364 3838 4425 sancti.

2236 4460 2356 4517 Non
2395 4461 2541 4517 enim
2588 4443 2777 4517 sancta
2805 4458 3042 4517 Trinitas
3090 4466 3303 4533 quarta:
3345 4456 3707 4519 subsistentia:
3754 4455 3841 4512 vel

539 4533 605 4593 θί
628 4535 685 4593 δε
710 4534 846 4611 ἅγιοι
874 4542 1096 4614 πατέρες
1135 4544 1264 4613 μετά
1300 4547 1393 4601 τήν
1430 4550 1521 4597 τοῦ
1565 4544 1715 4616 λᾶγου
1760 4546 2124 4619 ἐνανθρώπησιν

2232 4568 2481 4629 persona:
2508 4550 2870 4623 adjectionem
2898 4551 3155 4623 suscepit.
3187 4549 3266 4605 Ex
3291 4550 3373 4613 his
3396 4549 3558 4628 igitur
3582 4548 3842 4607 omnibus

539 4628 885 4703 θεωρόσαντες
908 4631 975 4686 τὰ
995 4631 1048 4695 ἐξ
1071 4628 1137 4684 ὧν
1161 4630 1187 4685 ὁ
1215 4634 1459 4705 Χριστὸς,
1488 4636 1569 4688 καί
1609 4633 1687 4689 ὅτι
1717 4635 2016 4708 ὰσῦγχυτοι
2039 4659 2129 4709 με·

541 4726 814 4793 μενάιιασεν
849 4725 901 4780 αἱ
936 4724 1134 4795 φύσεις,
1170 4725 1419 4800 ὀρθότατα
1460 4728 1556 4786 τὰς
1605 4725 1695 4781 δύο
1739 4730 1914 4799 φύσεις
1950 4736 2043 4790 τήν
2071 4752 2125 4788 τε

539 4814 696 4880 θείαν,
722 4816 809 4870 καί
852 4815 1159 4894 ἀνθρωπίνην
1200 4818 1251 4870 ἐν
1289 4824 1362 4887 τῷ
1408 4825 1615 4891 Χριστῷ
1666 4815 1789 4876 εἶναι
1842 4824 2123 4897 εἰρήκασιν.

538 4905 667 4963 Οὔτε
690 4910 792 4987 γὰρ
820 4910 920 4983 πρὸ
958 4918 1050 4971 τῆς
1090 4910 1513 4985 ἔνανθρωπήσεως
1541 4911 1629 4967 δύο
1660 4915 1838 4987 φύσεις
1867 4913 1997 4976 ἦσαν
2035 4925 2126 4973 τοῦ

536 5001 739 5075 κυρίου,
768 4997 889 5055 οὑδέ
912 5003 1045 5072 μετά
1078 5007 1169 5061 τὴν
1204 5003 1571 5076 ἕνανθρώπησιν
1592 5006 1642 5061 αἱ
1683 5005 1773 5063 δύο
1802 5010 1893 5081 μία
1926 5008 2130 5085 γεγόνα-

540 5113 639 5155 σιν,
659 5093 702 5146 εί
729 5094 813 5149 καί
839 5092 888 5147 ίν
910 5098 1005 5165 μιᾷ
1026 5095 1315 5153 ὑποστάσει
1337 5102 1685 5174 γνωρίζονται.

2232 4648 2624 4707 convincuntur
2654 4645 2745 4718 qui
2773 4645 2992 4719 dicunt,
3018 4653 3146 4703 ante
3189 4644 3488 4703 unitioncm
3517 4641 3659 4703 duas
3679 4650 3841 4709 natu-

2230 4753 2320 4793 ras
2349 4753 2485 4803 esse,
2514 4735 2660 4809 quod
2680 4745 2804 4792 ante
2829 4736 3152 4808 plasmatum
3179 4732 3622 4812 [subsistentem]
3648 4733 3843 4793 dicunt

2232 4828 2528 4896 hominem,
2564 4836 2621 4884 et
2638 4828 2719 4885 sic
2746 4829 2953 4884 unitum
2982 4842 3103 4889 esse
3141 4827 3254 4889 Deo
3288 4825 3486 4895 Verbo,
3534 4824 3841 4889 secundum

2233 4921 2500 4977 insaniam
2527 4920 2802 4979 Theodori
2822 4929 2877 4979 et
2904 4921 3140 4979 Nestorii
3167 4920 3487 4999 imniorum.
3505 4918 3614 4991 Qui
3653 4925 3845 4975 autem

2231 5012 2439 5083 dicunt,
2470 5013 2616 5083 quod
2641 5028 2753 5070 non
2780 5022 2997 5093 oportet
3020 5022 3144 5087 post
3164 5012 3433 5079 unitatem
3449 5010 3584 5071 duas
3613 5017 3845 5067 naturas

2236 5104 2294 5162 in
2319 5103 2558 5171 Christo,
2586 5105 2685 5162 sed
2711 5120 2876 5162 unam
2932 5104 3133 5175 dicere,
3175 5105 3545 5163 confusionem
3578 5111 3637 5159 et
3664 5102 3847 5173 phan-

2239 5196 2432 5274 tasiam
2456 5198 2807 5257 introducunt
2832 5199 3125 5255 secundum
3155 5198 3549 5271 Apollinarium
3585 5204 3643 5252 et
3672 5194 3849 5266 Euty-

2231 5288 2382 5346 ‘chen
2420 5290 2632 5360 impios.
2676 5288 2785 5345 Sed
2811 5290 2899 5346 isti
2931 5289 3147 5359 quidem
3177 5290 3308 5345 hmo.
3341 5288 3528 5346 Sancti
3560 5301 3699 5342 vero
3736 5284 3821 5340 Pa

2238 5388 2370 5448 tres,
2397 5388 2520 5451 post
2555 5379 2652 5436 Dei
2679 5378 2844 5435 Verbi
2882 5380 3309 5437 incarnationem
3335 5377 3750 5439 considerantes
3777 5388 3849 5430 ea

538 5473 606 5515 ex
631 5459 823 5530 quibus
849 5457 1095 5517 Christus
1121 5471 1225 5533 est,
1274 5470 1332 5519 et
1373 5463 1517 5535 quod
1559 5464 1853 5522 inconfusm
1892 5477 2208 5526 manserunt
2244 5480 2472 5541 naturae,
2502 5470 2803 5527 rectissime
2830 5470 2964 5531 duas
2996 5478 3239 5539 naturas,
3267 5469 3505 5527 divinam
3541 5476 3599 5529 et
3644 5467 3819 5521 huma

539 5566 683 5619 nam,
713 5553 765 5607 in
786 5552 1004 5611 Christo
1024 5570 1142 5612 esse
1166 5555 1436 5613 dixerunt.
1465 5556 1573 5612 Nec
1595 5558 1736 5613 enim
1749 5567 1875 5616 ante
1890 5562 2317 5620 incarnationem
2345 5563 2463 5618 dum
2477 5570 2682 5620 natura:
2711 5570 2867 5621 erant
2884 5562 3116 5631 Domini,
3139 5578 3240 5621 nec
3260 5571 3384 5633 post
3402 5560 3848 5617 incarnationem

537 5648 656 5702 dum
696 5656 899 5704 natum
925 5666 1030 5705 una
1060 5650 1210 5709 factm
1236 5659 1379 5719 sunt,
1411 5652 1534 5707 licet
1556 5655 1610 5707 in
1633 5669 1739 5707 una
1768 5654 2108 5711 subsistentia
2139 5666 2549 5727 cognoscantur.

607 5746 782 5795 Ταῦτα
815 5741 978 5797 δὲκαὶ
1023 5746 1075 5797 ἐκ
1111 5753 1206 5808 τεῶν
1246 5746 1387 5799 θείων
1426 5754 1657 5821 γραφῶν,
1702 5749 1781 5801 καὶ
1826 5749 1878 5800 ἐκ
1907 5756 1997 5808 τῆς
2028 5757 2125 5803 τῶν

535 5830 770 5907 πατέρων
807 5829 1135 5902 διδασκαλίας
1176 5835 1502 5921 διδαχθέντες
1538 5841 1668 5919 πρὸς
1708 5842 1999 5917 ἀνατροπὴν
2027 5851 2126 5899 τῶν

2311 5750 2439 5805 Haec
2470 5758 2652 5805 autem
2682 5757 2737 5807 et
2768 5766 2833 5806 ex
2863 5750 3059 5811 divinis
3086 5750 3380 5823 Scripturis
3410 5757 3465 5806 et
3485 5750 3707 5805 Patrum
3734 5748 3848 5804 do-

2236 5843 2409 5901 ctrina
2449 5843 2645 5913 edocti,
2703 5845 2771 5901 ad
2800 5843 3114 5911 refutandae
3143 5860 3243 5911 eos
3265 5845 3359 5917 qui
3398 5841 3735 5911 confundunt
3779 5850 3850 5901 et
