3988 6346
488 306 588 362 247

1873 303 2167 363 VlClLlUS
2206 302 2403 359 PAPA.

3656 299 3768 361 248

493 439 738 509 ιήσαντα,
764 435 847 488 καί
866 426 1009 488 ἀλλὸν
1036 434 1121 489 τὸν
1147 432 1371 512 Χριστὸν
1393 432 1480 488 τὸν
1506 430 1759 489 παθόντα·
1788 429 1819 490 ἧ
1838 430 1923 486 τὸν
1950 430 2074 485 Θεὸν

2191 424 2359 480 racula
2388 430 2643 495 operatus
2666 429 2767 490 est,
2826 429 2882 512 et
2907 420 3070 480 alium
3113 421 3390 481 Christum
3435 424 3528 496 qui
3570 440 3767 496 passus

487 529 632 601 λόγον
673 533 898 582 συνεῖναι
924 534 997 596 τῷ
1020 535 1228 600 Χριστῶ
1250 527 1381 599 λέγει
1410 527 1655 597 ’γενομένῳ
1680 527 1735 579 ἐκ
1759 524 2017 598 γυναικὸς,
2044 521 2077 582 ἦ

489 621 539 675 έν
562 621 697 691 αὐτῷ
726 614 852 675 εἶναι
877 620 946 679 ὡς
976 615 1119 673 ἄλλον
1147 620 1196 672 έν
1217 615 1369 689 ἄλλῳ,
1396 618 1500 673 ἀλλ’
1524 619 1652 690 οὐχί
1670 617 1757 673 ἕνα
1778 619 1862 671 καί
1885 616 1971 670 τὸν
1994 615 2078 669 αὖ·

486 714 572 768 τὸν
603 713 772 787 κύριον
800 714 940 784 ἡμῶν
966 710 1157 770 Ἰησοῦν
1175 714 1394 784 Χριστὸν
1418 712 1501 767 τὸν
1526 718 1615 767 τοῦ
1638 716 1768 767 Θεοῦ
1788 710 1929 783 λόγον
1950 729 2077 778 σαρ-

488 804 743 867 κωθέντα,
772 804 857 856 καί
904 802 1390 878 ίνανθρωπήσαντα,
1431 804 1518 858 καί
1544 808 1631 858 τοῦ
1662 802 1820 857 αὐτοῦ
1854 802 1921 855 τά
1948 799 2076 854 θαύ-

487 914 627 963 ματα
666 894 747 947 καί
782 891 848 949 τά
875 892 1041 957 πάθη,
1086 889 1220 968 ἅπερ
1262 892 1507 954 έκουσίως
1546 893 1777 964 ὑπέμεινε
1820 894 2007 967 σαρκί,
2051 888 2079 945 ὁ

488 989 722 1043 τοιοῦτος
747 982 972 1038 ἀνάθεμα
1000 979 1033 1035 ἕ
1033 1003 1160 1037 στω.

559 1164 622 1221 Εἴ
650 1187 729 1228 τις
770 1166 902 1238 λέγει
944 1167 1077 1223 κατά
1118 1167 1309 1245 χάριν,
1355 1166 1387 1227 ἦ
1425 1168 1533 1224 κατ’
1576 1170 1851 1245 ἐνέργειαν,
1889 1166 1919 1226 ἢ
1966 1166 2081 1223 κατ’

492 1258 658 1325 ἀξίαν,
683 1258 713 1318 ἦ
739 1256 854 1314 κατ’
874 1261 1149 1330 ἰσοτιμίαν,
1179 1258 1209 1317 ἢ
1234 1258 1347 1315 κατ’
1374 1260 1662 1325 αὐθεντίαν,
1685 1258 1715 1318 ἦ
2009 1298 2025 1324 ,
2050 1255 2083 1317 ἦ

492 1354 710 1424 σχέσιν,
738 1350 768 1411 ἢ
801 1350 1035 1424 δύναμιν,
1061 1357 1153 1411 τήν
1177 1353 1352 1407 ἕνωσιν
1387 1358 1479 1407 τοῦ
1508 1357 1636 1407 Θεοῦ
1660 1347 1807 1423 λόγου
1832 1349 1962 1421 πρὸς
1991 1345 2082 1403 ἄν·

491 1447 692 1522 θρωπον
716 1446 1040 1518 γεγενῆσθαι,
1069 1443 1099 1504 ἦ
1137 1443 1242 1499 κοῦ
1270 1443 1579 1515 ὁμωνυμίαν,
1614 1443 1722 1498 καθ’
1748 1442 1809 1501 ἣν
1828 1442 1874 1496 οἱ
1900 1452 2083 1497 Νεστο-

489 1539 654 1613 ριανοί
680 1539 763 1591 καί
790 1537 876 1591 τὸν
896 1537 1017 1592 Θεὸν
1038 1534 1184 1607 λόγον
1208 1535 1425 1613 Χριστὸν
1447 1535 1743 1598 καλοῦντες,
1775 1534 1862 1587 καί
1889 1532 1976 1589 τὸν
2003 1530 2085 1586 ἆν-

489 1631 692 1704 θρωπον
718 1628 1111 1704 κεχωρισμένως·
1148 1625 1368 1701 Χριστὸν
1412 1625 1736 1695 ὀνομάζοντες
1775 1628 1903 1678 κατά
1932 1622 2084 1693 μόνην

490 1728 580 1781 τήν
609 1721 950 1797 προσηγορίαν
969 1720 1059 1773 ἕνα
1084 1718 1301 1791 Χριστὸν
1327 1716 1581 1788 λέγουσιν’
1603 1714 1633 1775 ἦ
1658 1714 1799 1774 εἴτις
1818 1714 1949 1787 λέγει
1972 1711 2085 1769 κατ’

2180 522 2286 582 est,
2334 521 2430 569 aut
2456 514 2588 569 dicit
2616 513 2785 568 Deum
2812 511 3049 569 Verbum
3078 529 3203 570 cum
3245 513 3462 572 Christo
3506 530 3629 572 esse
3666 533 3770 573 na-

2179 614 2366 669 scente
2392 623 2461 664 ex
2488 608 2738 676 muliere,
2762 602 2855 664 'vel
2878 608 2933 663 in
2960 609 3078 679 ipso
3105 624 3227 665 esse
3254 617 3510 679 tanquam
3538 610 3772 667 alterum

2180 700 2236 755 in
2265 700 2458 766 altero,
2499 698 2593 755 sed
2622 715 2732 755 non
2761 715 2928 754 unum
2970 700 3328 770 eumdemque
3356 701 3645 756 Dominum
3668 715 3772 756 no-

2181 799 2355 848 strum
2400 790 2583 847 Jesum
2613 790 2911 859 Christum,
2962 789 3132 847 Deum
3155 790 3394 847 Verbum
3424 791 3773 848 incarnatum

2180 891 2239 939 et
2264 882 2537 938 hominem
2569 881 2795 946 factum,
2845 889 2903 936 et
2943 879 3186 951 ejusdem
3212 881 3381 951 ipsius
3408 882 3675 938 miracula
3715 889 3776 938 et

2182 974 2488 1046 passiones,
2513 988 2650 1045 quas
2678 988 2841 1029 carne
2867 980 3061 1043 sponte
3088 972 3365 1039 sustinuit,
3394 973 3518 1029 talis
3543 973 3774 1028 anathe«

2181 1081 2270 1122 ma
2300 1067 2390 1122 sit.

2256 1168 2346 1223 IV.
2388 1167 2445 1224 Si
2475 1168 2596 1239 quis
2623 1167 2775 1235 dicit,
2827 1165 3127 1223 secundum
3154 1164 3403 1237 gratiam,
3452 1164 3542 1221 vel
3572 1178 3776 1219 secun-

2184 1257 2314 1314 dum
2361 1257 2769 1327 operationem,
2818 1256 2906 1312 vel
2953 1255 3248 1312 secundum
3294 1254 3636 1324 dignitatem,
3691 1253 3778 1311 vel

2182 1349 2480 1405 secundum
2504 1349 2870 1419 aequalitatem
2887 1347 3130 1412 honoris,
3153 1346 3241 1402 vel
3260 1345 3558 1402 secundum
3581 1352 3776 1399 aucto-

2185 1441 2423 1508 ritatem,
2451 1439 2537 1495 vel
2567 1440 2907 1507 relationem,
2949 1438 3039 1495 vel
3068 1436 3344 1502 aﬁ'ectum,
3374 1437 3462 1493 vel
3491 1437 3777 1504 virtutem,

2183 1531 2485 1588 unitionem
2517 1530 2617 1586 Dei
2649 1528 2813 1585 Verbi
2842 1528 2911 1585 ad
2937 1528 3214 1585 hominem
3259 1527 3458 1584 factam
3502 1542 3647 1593 esse,
3692 1525 3780 1582 vel

2185 1624 2485 1681 secundum
2532 1620 2974 1693 homonymiam,
3026 1635 3125 1692 per
3164 1636 3327 1692 quam
3379 1619 3692 1675 Nestoriani
3726 1624 3784 1673 et

2186 1716 2356 1772 Deum
2384 1715 2623 1771 Verbum
2653 1722 2911 1770 vocantes
2930 1710 3228 1779 Christum,
3249 1719 3307 1768 et
3328 1711 3605 1768 hominem
3628 1726 3783 1781 sepa~

490 1812 721 1868 εὐδοκίαν
752 1817 843 1871 τὴν
869 1813 1046 1866 ἕνωσιν
1074 1811 1369 1884 γεγενῆσθαι
1387 1850 1401 1873 ,
1423 1810 1581 1870 καθὼς
1608 1806 1869 1882 Θεόδωρος
1894 1806 1919 1861 ὁ
1947 1806 2078 1882 αἶρε·

2191 1809 2345 1863 ratim
2389 1806 2664 1863 Christum
2711 1807 3074 1872 nominantes,
3124 1805 3243 1862 solo
3294 1803 3562 1860 vocabulo
3614 1820 3783 1859 unum

490 1908 585 1960 τικ
602 1924 629 1965 ς
655 1905 836 1963 αὐταῖς
865 1900 1029 1966 λέξεσι
1055 1901 1216 1974 λέγει,
1254 1903 1321 1961 ὡς
1351 1902 1650 1973 ἀρεσθέντος
1677 1906 1769 1954 τοῦ
1797 1900 1912 1953 θεοῦ
1935 1899 2086 1973 λόγου

487 2002 562 2069 τῷ
590 1996 840 2069 ἀνθρώπῳ
864 1994 965 2048 ἀπὸ
990 1998 1077 2047 τοῦ
1101 1986 1155 2046 εὖ
1185 1995 1268 2047 καί
1292 1992 1423 2047 καλά
1445 1990 1585 2055 δόξαι
1605 1992 1749 2063 αὐτῷ
1766 1993 1885 2068 περί
1904 1990 2084 2058 αὐτοῦ,

488 2086 612 2155 οὐχί
652 2083 755 2138 καθ’
784 2084 1075 2140 ὑπόστασιν
1115 2087 1208 2138 τοῦ
1246 2088 1371 2136 Θεοῦ
1411 2078 1563 2157 λόγου
1611 2083 1739 2155 πρὸς
1784 2088 1875 2141 τὴν
1923 2082 2089 2158 σάρκα

489 2175 831 2247 έψυχωμένην
860 2174 1012 2247 ψυχῇ
1240 2176 1327 2229 καί
1354 2179 1499 2250 νοερᾷ
1519 2178 1608 2233 τήν
1636 2174 1813 2229 ἕνωσιν
1834 2172 2083 2245 ὁμολογεῖ,

489 2273 577 2326 καί
610 2269 695 2326 διὰ
735 2276 889 2326 τοῦτο
926 2273 1045 2340 μίαν
1075 2270 1229 2325 αὐτοῦ
1278 2273 1367 2330 την
1419 2268 1711 2325 ὑπόστασιν
1757 2269 2019 2334 σύνθετον,
2058 2265 2085 2322 ὸ

496 2368 729 2423 τοιοῦτος
753 2362 975 2433 ἀνάθεμα
1008 2358 1165 2418 ἴστω.

559 2658 719 2723 Εἷτις
746 2661 879 2717 κατά
900 2660 1169 2738 ἀναφοράν,
1193 2658 1225 2719 ἦ
1247 2667 1682 2735 καταχρηστικῶς
1706 2658 1930 2715 θεοτόκον
1955 2660 2085 2733 λέγει

489 2756 581 2813 τὴν
786 2750 981 2817 ἔνδοξον
1010 2752 1333 2828 ἀειπάρθενον
1359 2752 1586 2827 Μαρίαν,
1615 2750 1645 2810 ἢ
1674 2750 2079 2827 ἀνθρωποτόκον,

488 2844 520 2905 ἦ
544 2846 899 2922 Χριστοτόκον,
931 2848 999 2907 ὡς
1027 2851 1121 2903 τοῦ
1153 2852 1379 2920 Χριστοῦ
1401 2851 1473 2918 μὴ
1498 2842 1642 2907 ὄντος
1668 2851 1827 2912 Θεοῦ,
1864 2844 1985 2900 ἀλλὰ
2011 2847 2083 2914 μὴ

484 2941 675 3016 κυρίως
701 2942 789 2994 καί
829 2938 943 2995 κατ’
991 2940 1217 2999 ἀλήθειαν
1246 2939 1474 2997 θεοτὸκον
1502 2941 1658 3000 αὐτὴν
1703 2938 1965 3010 ὁμολογεῖ,
1997 2936 2085 2994 διά

480 3030 544 3087 τὸ
566 3030 653 3087 τὸν
688 3030 791 3106 πρὸ
820 3031 1013 3086 αίῶνων
1039 3032 1095 3085 έκ
1119 3037 1209 3087 τοῦ
1239 3031 1435 3107 πατρὸς
1461 3032 1756 3104 γεννηθέντα
1794 3030 1917 3085 Θεὸν
1937 3028 2082 3102 λόγον

482 3120 567 3177 In”
587 3123 833 3195 ίσχάτων
873 3129 974 3179 τῶν
1008 3124 1210 3198 ἡμερῶν
1238 3124 1289 3188 ἐξ
1311 3126 1469 3185 αὐτῆς
1494 3123 1821 3199 σαρκωθῆναι
1847 3124 1935 3179 καί
1961 3141 2077 3195 γεν-

482 3215 705 3280 νηθῆναι,
737 3214 763 3271 ὸ
782 3220 1013 3276 τοιοῦτος
1037 3214 1263 3284 ἀνάθεμα
1282 3212 1440 3270 ἔστω.

555 3414 620 3471 Εἴ
652 3437 733 3477 τις
770 3417 873 3489 οὐχ
903 3414 1138 3488 ὁμολογεῖ
1160 3418 1247 3474 τὸν
1291 3415 1677 3491 ἐσταυρωμένον
1716 3418 1870 3492 σαρκί
1907 3418 2078 3493 κύριον

484 3511 626 3582 ἡμῶν
644 3507 839 3567 Ἰησοῦν
859 3510 1076 3583 Χριστὸν
1102 3510 1227 3564 Θεὸν
1253 3502 1377 3563 εἶναι
1406 3508 1649 3575 ἀληθινὸν,
1681 3511 1767 3564 καί
1793 3511 1964 3586 κύριον
1985 3518 2079 3571 τῆς

482 3599 664 3669 δόξης,
701 3603 782 3660 καί
808 3602 894 3658 ἵνα
931 3609 1024 3666 τῆς
1051 3601 1201 3676 ἀνίας
1246 3600 1484 3677 τριάδος,
1515 3601 1542 3659 ὅ
1584 3608 1812 3663 τοιοῦτος
1851 3603 2079 3675 ἀνάθεμα

485 3693 519 3753 ἶ
519 3717 650 3754 στω.

555 3808 619 3867 Εἴ
648 3832 728 3873 τις
759 3812 810 3868 ίν
837 3809 957 3868 δυσί
990 3815 1179 3885 φύσεσι
1217 3812 1371 3887 λέγων
1393 3817 1462 3887 μὴ
1492 3816 1558 3876 ὡς
1585 3813 1635 3870 ἐν
1666 3810 1893 3880 θεότητι,
1919 3816 1999 3871 καί
2027 3815 2078 3870 ἓν

482 3903 835 3981 ἀνθρωπότητι
878 3905 966 3961 τὸν
1004 3905 1093 3960 ἕνα
1133 3907 1304 3982 κύριον
1336 3908 1476 3978 ἡμῶν
1505 3904 1702 3965 Ἰησοῦν
1738 3908 1954 3983 Χριστὸν
1996 3907 2081 3963 τὸν

480 4003 571 4054 τοῦ
599 4003 727 4053 Θεοῦ
755 3997 896 4071 λόγον
920 3998 1247 4075 σαρκωθέντα
1275 3998 1529 4074 ὁμολογεῖ,
1556 3997 1682 4072 μηδέ
1709 4001 1794 4055 ἐπὶ
1814 4007 1887 4071 τῷ
1907 4005 2079 4071 σημᾶ-

481 4111 562 4147 ναι
587 4094 678 4149 τήν
704 4088 943 4165 διαφοράν
970 4098 1072 4146 τῶν
1110 4091 1306 4165 φύσεων
1327 4131 1341 4155 ,
1376 4092 1425 4157 ἔξ
1453 4088 1519 4145 ὧν
1550 4094 1635 4146 καί
1662 4092 1928 4160 συνετέθη,
1971 4092 2078 4149 ἀλλ’

481 4181 567 4238 ὶπί
596 4179 841 4262 διαιρέσει
869 4190 931 4260 τῇ
958 4184 1055 4238 ἀνά
1083 4184 1238 4259 μέρος
1261 4189 1351 4243 τήν
1380 4185 1620 4242 τοιαύτην
1646 4182 1893 4256 λαμϐάνει
1917 4190 2078 4257 φωνην

484 4272 567 4327 ἐπὶ
600 4278 692 4327 τοῦ
728 4275 856 4329 κατά
879 4274 1093 4350 Χριστὸν
1124 4268 1442 4351 μυστηρίου·
1485 4276 1553 4338 ὡς
1578 4275 1972 4350 κεχωρισμένας
1995 4278 2079 4332 καί

486 4362 911 4426 ίδιοϋποστάτους
940 4361 1066 4421 εἶναι
1109 4369 1206 4431 τάς
1248 4370 1457 4440 φύσεις,
1509 4369 1673 4430 καθώς
1698 4366 1959 4442 Θεόδωρος
1994 4370 2079 4426 καί

480 4453 754 4532 Νεστόριος
777 4455 1186 4530 βλασφημοῦσιν,
1218 4458 1244 4515 ὸ
1266 4467 1497 4522 τοιοῦτος
1518 4456 1745 4532 ἀνάθεμα
1767 4458 1921 4518 ἴστω.

553 4635 615 4692 Εἴ
636 4657 715 4699 τις
742 4637 825 4693 in!
849 4642 940 4693 τοῦ
963 4636 1069 4700 ένὸς
1089 4642 1433 4719 κυρίουκήμῶν
1451 4641 1619 4701 Ἰησοῦ
1642 4649 1868 4719 Χριστοῦ
1883 4686 1898 4713 ,
1926 4664 2078 4703 τουτ-

479 4735 591 4786 έστι
635 4734 726 4787 τοῦ
767 4731 1112 4806 σαρκωθέντος
1145 4740 1274 4811 Θεοῦ
1302 4733 1449 4808 λόγου
1492 4736 1578 4791 τὸν
1616 4737 1829 4809 ἀριθμὸν
1854 4745 1954 4793 τῶν
1980 4739 2072 4811 φύ-

476 4842 607 4879 σεων
626 4820 879 4897 ὁμολογῶν
905 4827 975 4895 μη
1095 4826 1277 4903 θεωρίᾳ
1313 4831 1403 4886 τήν
1430 4825 1669 4901 διαφοράν
1694 4830 1905 4895 τούτων,
1930 4830 1978 4893 ίξ
2006 4827 2072 4883 ὧν

477 4917 562 4972 καί
587 4918 852 4982 συνετέθη,
883 4917 1159 4987 λαμϐάνει,
1198 4920 1267 4981 ὡς
1300 4922 1490 4984 ταύτης
1515 4924 1604 4977 οὐκ
1644 4923 1961 4999 ἀνῃρημένης
1989 4920 2073 4980 διά

474 5013 567 5071 τὸν
598 5010 804 5080 ἕνωσιν,
830 5011 934 5068 ἀλλ’
962 5013 1045 5069 ἐπί
1070 5012 1318 5086 διαιρέσει
1356 5023 1420 5077 τῆ
1460 5017 1555 5073 άνά
1595 5017 1751 5093 μέρος
1776 5023 1850 5090 τῷ
1877 5016 2071 5092 ἀριθμῷ

476 5100 757 5176 κέχρηται,
777 5101 804 5159 ὅ
830 5109 1057 5166 τοιοῦτος
1080 5108 1301 5180 ἀνάθεμα
1323 5105 1481 5165 ἴστω.

544 5200 609 5259 Εἴ
626 5225 707 5267 τις
748 5205 932 5280 λέγων,
959 5211 1075 5279 μίαν
1102 5211 1254 5282 φύσιν
1286 5217 1375 5266 τοῦ
1404 5218 1531 5267 Θεοῦ
1558 5211 1705 5283 λόγου
1735 5213 2068 5286 σεσαρκωμέ·

471 5313 589 5363 m,
616 5297 710 5352 οῦκ
737 5297 899 5360 οὕτως
926 5301 1054 5355 αὐτὸ
1100 5301 1434 5371 ἐκλαμϐάνει,
1486 5306 1553 5365 ὡς
1601 5301 1682 5359 ὅτι
1708 5304 1761 5359 ἐκ
1802 5313 1894 5367 τῆς
1931 5307 2069 5369 θείας

473 5383 707 5457 φύσεως,
756 5395 837 5447 καί
881 5400 973 5454 τῆς
1022 5395 1333 5470 ἀνθρωπίνης
1379 5393 1450 5456 εἷς
1495 5398 1714 5471 Χριστὸς
1755 5399 2066 5459 ἀπετελέσθη

472 5473 748 5547 ὃμοούσιος
774 5490 843 5550 τῷ
889 5486 1051 5561 πατρί
1078 5485 1207 5539 κατά
1247 5491 1337 5544 τήν
1386 5486 1624 5550 ϐιότητα,
1673 5490 1758 5544 καί
1801 5487 2071 5561 όμοόυσιος

471 5568 594 5637 ἡμῖν
621 5567 822 5633 ὸαῦτὸς
847 5576 973 5628 κατά
995 5578 1085 5632 τήν
1114 5576 1498 5649 ἀνθρωπότητα,
1536 5579 1639 5633 ἀλλ’
1666 5578 1744 5636 ὅτι
1770 5587 1861 5643 τῆς
1889 5582 2065 5642 θεότηε

470 5678 587 5724 τος,
618 5665 700 5715 καί
725 5671 819 5724 τῆς
846 5666 1037 5741 σαρκὸς
1061 5674 1151 5721 τοῦ
1180 5677 1404 5745 Χριστοῦ
1436 5674 1528 5743 μία
1554 5675 1736 5746 φύσις,
1777 5674 1887 5733 ἤτοι
1916 5677 2068 5732 οὐσία

473 5750 803 5818 ἀπετελέσθη,
834 5757 967 5811 κατὰ
993 5761 1084 5816 τήν
1121 5756 1465 5837 ’Δπολιναρίου
1494 5767 1580 5820 καὶ
1615 5767 1892 5838 Εὐτυχοῦς
1919 5788 2063 5825 κακο-

473 5844 699 5914 statim.
731 5842 758 5910 ὁ
785 5853 1010 5919 τοιοῦτος
1038 5850 1261 5931 ἀνᾲθεμα
1288 5851 1448 5915 ἔστω.

1860 5992 1985 6005 κει-μμ

2104 4582 2160 4645 D

2190 1900 2460 1958 Christum
2491 1901 2679 1957 dicunt
2705 1918 2718 1954 :
2751 1907 2844 1955 aut
2871 1900 2918 1956 si
2944 1899 3066 1972 quis
3093 1914 3192 1970 per
3218 1899 3416 1954 bonam
3440 1897 3783 1953 voluntatem

2188 1995 2317 2051 dicit
2343 1996 2641 2052 unitionem
2668 1993 2868 2050 factam
2896 2008 3038 2061 esse,
3083 1993 3223 2049 sicut
3250 1990 3571 2047 Theodorus
3610 1991 3785 2045 haere-

2190 2086 2328 2142 ticus
2352 2086 2484 2156 ipsis
2513 2085 2698 2142 verbis
2725 2085 2876 2150 dicit,
2908 2083 3065 2154 quasi
3094 2083 3299 2154 placuit
3324 2081 3439 2137 Deo
3468 2080 3654 2135 Verbo
3688 2080 3785 2136 ho-

2186 2195 2300 2247 mo,
2332 2194 2399 2235 eo
2426 2178 2574 2249 quod
2600 2179 2741 2234 bene
2770 2178 2945 2234 visum
2967 2185 3050 2233 est
3078 2176 3130 2232 ei
3156 2174 3226 2231 de
3253 2176 3394 2246 ipso,
3424 2173 3523 2229 sed
3552 2190 3667 2229 non
3695 2189 3780 2229 se-

2188 2270 2421 2327 cundum
2459 2269 2863 2325 subsistentiam
2890 2268 2987 2324 Dei
3014 2266 3178 2323 Verbi
3206 2266 3276 2322 ad
3315 2280 3537 2322 carnem
3568 2265 3776 2319 anima-

2193 2373 2303 2419 tam
2342 2362 2523 2419 anima
2561 2363 2812 2417 rationali
2842 2369 2899 2418 et
2925 2359 3281 2417 intellectuali
3312 2358 3617 2414 unitiouem
3651 2372 3776 2412 com

2188 2455 2391 2525 litetur,
2422 2463 2479 2512 et
2507 2455 2631 2512 ideo
2660 2471 2823 2511 unam
2849 2455 2967 2526 ejus
2992 2453 3394 2511 subsistentiam
3420 2450 3786 2523 compesitam

2188 2563 2331 2615 esse,
2363 2547 2487 2604 talis
2507 2547 2798 2604 anathema
2824 2547 2914 2604 sit.

2258 2656 2323 2712 V.
2352 2656 2411 2714 Si
2452 2658 2573 2728 quis
2620 2673 2720 2729 per
2772 2659 3114 2729 relationem,
3148 2668 3243 2716 aut
3267 2658 3509 2726 abusive,
3556 2656 3660 2714 Dei
3687 2671 3786 2728 ge-

2189 2750 2439 2807 nitricem
2470 2750 2604 2806 dicit
2628 2760 2873 2808 sanctam
2920 2752 3215 2823 gloriosam
3258 2741 3474 2822 sbmper
3511 2750 3786 2818 virginem

2184 2841 2431 2911 Mariam,
2478 2854 2573 2899 aut
2600 2844 2837 2915 hominis
2865 2843 3203 2917 genitricem,
3250 2851 3346 2899 aut
3371 2840 3784 2911 Chriswteooa,

2185 2940 2441 3003 tanquam
2462 2930 2680 2991 Christo
2709 2933 2824 2989 Deo
2851 2949 2962 2990 non
2991 2933 3281 3001 existente,
3306 2932 3403 2988 sed
3425 2948 3533 2990 non
3557 2933 3787 3005 proprio

2183 3032 2242 3081 et
2273 3039 2403 3081 vere
2430 3025 2528 3081 Dei
2571 3026 2891 3097 genitricem
2933 3027 3106 3098 ipsam
3152 3024 3464 3095 conﬁtetur,
3512 3040 3584 3081 eo
3634 3024 3789 3095 quod

2184 3115 2302 3186 ipse
2348 3116 2442 3188 qui
2470 3124 2599 3172 ante
2643 3117 2841 3174 smcula
2869 3133 2937 3173 ex
2966 3115 3129 3173 Patre
3157 3124 3317 3173 natus
3359 3124 3443 3174 est
3473 3116 3620 3174 Deus
3646 3116 3788 3172 Ver-

2107 3192 2154 3257 C
2182 3206 2332 3276 hum,
2377 3208 2433 3264 in
2462 3209 2668 3265 ultimis
2714 3210 2905 3269 diebus
2934 3227 3002 3267 ex
3031 3210 3148 3283 ipsa
3174 3211 3487 3268 incarnatus
3529 3217 3591 3267 et
3616 3220 3786 3270 natus

2186 3307 2293 3371 est,
2324 3300 2445 3358 talis
2471 3302 2761 3359 anathema
2790 3304 2882 3360 sit.

2253 3408 2343 3466 Vl.
2394 3409 2454 3466 Si
2505 3411 2630 3481 quis
2675 3425 2788 3468 non
2834 3410 3127 3470 conﬁtetur
3181 3412 3472 3470 Dominum
3525 3424 3789 3473 nostrum

2179 3498 2364 3557 Jesum
2392 3498 2668 3558 Christum
2694 3502 2789 3573 qui
2816 3516 2980 3558 carne
3000 3502 3289 3560 cruciﬁxus
3316 3513 3421 3570 est,
3454 3504 3629 3561 Deum
3661 3521 3790 3567 esse

2180 3604 2393 3658 verum,
2423 3598 2479 3646 et
2506 3589 2792 3646 Dominum
2820 3591 3024 3662 glorias,
3065 3600 3123 3649 et
3150 3607 3318 3649 unum
3343 3592 3413 3650 de
3437 3604 3630 3651 sancta
3661 3595 3791 3653 Tri-

2183 3680 2376 3747 nitate,
2409 3680 2529 3739 talis
2558 3681 2847 3738 anathema
2873 3682 2965 3739 sit.

2254 3792 2365 3850 Vll.
2408 3793 2466 3850 Si
2493 3795 2615 3866 quis
2642 3794 2697 3851 in
2725 3795 2934 3851 duabus
2954 3796 3163 3853 naturis
3181 3796 3367 3854 dicens
3387 3812 3496 3854 non
3517 3805 3790 3871 tanquam

2181 3888 2236 3944 in
2265 3887 2468 3945 deitate
2515 3899 2570 3944 et
2598 3888 2937 3945 humanitate
2981 3905 3146 3946 unum
3191 3889 3480 3947 Dominum
3526 3903 3790 3950 nostrum

2182 3978 2365 4038 Jesum
2390 3979 2683 4049 Christum,
2716 3981 2885 4037 Deum
2916 3981 3151 4038 Verbum
3177 3984 3518 4039 incamatum
3542 3988 3790 4044 conlitec

2184 4081 2293 4141 tur,
2342 4088 2444 4129 nec
2468 4072 2536 4128 ad
2576 4070 2984 4142 signiﬁcandam
3028 4072 3390 4131 differentiam
3432 4084 3787 4148 naturarum,

2183 4180 2254 4223 ex
2294 4166 2487 4236 quibus
2532 4166 2866 4237 compositus
2915 4175 3036 4233 est,
3092 4167 3188 4224 sed
3234 4184 3335 4239 pro
3367 4167 3636 4226 divisione
3683 4187 3793 4243 per

2185 4264 2423 4328 partem,
2476 4257 2640 4312 talem
2672 4258 2874 4329 excipit
2918 4273 3110 4315 vocem
3153 4260 3207 4315 in
3252 4263 3514 4335 mysterio
3549 4262 3790 4333 Christi,

2182 4362 2340 4418 quas:
2386 4350 2677 4421 separatim
2727 4366 3048 4423 unaquaque
3099 4363 3294 4411 natura
3338 4370 3493 4412 suam
3540 4358 3795 4419 habente

2180 4441 2611 4511 subsistentiam,
2638 4443 2779 4501 sicut
2804 4444 3125 4504 Theodorus
3150 4456 3208 4503 et
3218 4443 3500 4507 Nestbrius
3528 4450 3794 4523 blasphe-

2181 4543 2486 4602 maverunt,
2517 4535 2640 4592 talis
2663 4537 2952 4594 anathema
2974 4538 3067 4595 sit.

2255 4634 2390 4692 Vill.
2420 4637 2478 4692 Si
2508 4638 2629 4709 quis
2652 4637 2707 4693 in
2733 4654 2841 4696 uno
2870 4638 3101 4696 Domino
3128 4638 3260 4699 Jesu
3286 4640 3524 4711 Christo,
3556 4644 3667 4700 hoc
3698 4651 3794 4705 est

2182 4727 2296 4785 Deo
2311 4728 2492 4786 Verbo
2514 4730 2814 4799 iucamato,
2839 4748 3124 4791 numerum
3145 4734 3411 4795 conﬁtens
3431 4745 3789 4808 naturarum,

2182 4834 2292 4875 non
2321 4820 2599 4878 intellectu
2625 4821 2985 4880 differentiam
3008 4841 3215 4894 earum,
3239 4842 3309 4883 ex
3329 4829 3527 4899 quibus
3545 4838 3605 4884 et
3624 4845 3794 4887 com-

2180 4909 2389 4981 positus
2435 4921 2540 4981 est,
2570 4913 2790 4984 excipit,
2842 4922 2901 4970 ut
2930 4924 3059 4987 pote
3084 4933 3193 4974 non
3222 4918 3605 4990 interemptam
3644 4937 3792 4993 pro-

2178 5011 2302 5075 pter
2328 5003 2614 5072 unitatem,
2646 5004 2743 5061 sed
2772 5021 2871 5076 pro
2890 5006 3157 5066 divisione
3181 5024 3280 5082 per
3303 5017 3515 5081 partem
3543 5027 3792 5073 numero

2179 5094 2366 5163 utitur,
2396 5096 2520 5154 talis
2546 5096 2835 5155 anathema
2858 5100 2946 5157 sit.

2249 5207 2340 5264 IX.
2372 5207 2430 5265 Si
2459 5209 2580 5280 quis
2605 5210 2791 5268 dicens
2815 5227 2977 5267 unam
3008 5220 3256 5269 naturam
3284 5212 3383 5271 Dei
3407 5213 3571 5273 Verbi
3592 5217 3789 5275 incar-

2179 5308 2382 5368 natam,
2414 5316 2521 5358 non
2548 5302 2627 5359 sic
2654 5302 2760 5359 hoc
2788 5303 3057 5375 intelligit,
3087 5306 3235 5375 quod
3264 5322 3333 5363 ex
3366 5305 3544 5363 divina
3573 5319 3788 5368 natura

2177 5402 2235 5450 et
2259 5394 2493 5449 humana
2521 5409 2660 5451 unus
2685 5392 2933 5451 Christus
2958 5394 3183 5453 ell'ectus
3206 5404 3308 5463 est,
3332 5400 3786 5458 consubstantia-

2177 5485 2245 5541 lis
2272 5482 2421 5541 Patri
2449 5485 2746 5542 secundum
2773 5486 3050 5555 deitatem,
3080 5496 3137 5543 et
3159 5492 3636 5547 consubstantialis
3662 5510 3784 5551 no-

2179 5577 2263 5633 bis
2287 5576 2430 5632 idem
2457 5576 2574 5648 ipse
2601 5579 2899 5635 secundum
2928 5578 3340 5650 humanitatem,
3365 5582 3460 5638 sed
3484 5568 3631 5653 quod
3657 5584 3787 5642 dei-

2175 5669 2301 5723 tatis
2338 5677 2396 5724 et
2436 5670 2615 5725 carnis
2661 5670 2859 5727 Christi
2909 5688 3014 5728 una
3067 5683 3259 5730 natura
3307 5676 3424 5731 sive
3462 5679 3780 5738 substantia

2177 5764 2369 5819 ell'ecta
2399 5773 2482 5819 est
2503 5765 2798 5821 secundum
2826 5767 3143 5838 Apollinarii
3184 5779 3239 5828 et
3295 5770 3610 5843 Eutychetis
3637 5788 3789 5849 pero.

2174 5854 2376 5930 ﬁdiam,
2403 5856 2525 5918 talis
2553 5858 2840 5920 anathema
2865 5861 2954 5922 sit.
3790 5934 3793 5943 ,
