3988 6346
1234 230 1605 293 JUSTlNlANl
1642 231 1769 292 LIB.
1810 233 1967 290 ADV.
2007 232 2376 291 ORIGENEM.

3339 234 3445 294 250

282 345 462 405 Ἐπίσης
493 344 591 419 γὰρ
634 347 720 402 καί
760 348 883 411 τοὺς
928 349 1023 405 ἀνά
1063 350 1215 426 μέρος
1255 350 1606 430 διαιροῦντας,
1647 352 1760 411 ἦτοι

1935 345 2003 403 X.
2029 347 2334 417 Equaliter
2359 348 2505 405 enim
2534 357 2590 406 et
2610 364 2706 406 eos
2737 350 2828 421 qui
2850 365 2947 421 per
2973 357 3182 423 partem
3202 348 3450 408 incidunt

222 432 473 513 τίμνοντας,
498 441 577 493 καί
610 438 729 501 τοὺς
759 442 1082 513 συγχέοντας
1109 444 1166 500 τό
1192 452 1283 504 τῆς
1310 446 1447 505 θείας
1475 448 1758 515 οἰκονομίας

220 539 459 608 μυστήριον
491 535 580 586 τοῦ
603 541 830 607 Χριστοῦ
864 536 1266 613 ἀποστρέφεται,
1296 541 1384 593 καί
1414 539 1759 607 ἀναθεματίζει

216 626 247 688 ἢ
267 625 466 684 καθολική
491 624 746 684 ἐκκλησία.

272 716 327 773 εἴ
337 718 407 779 τίς
430 720 495 788 μή
520 718 870 789 άναθεματίζει
893 718 1114 796 Ἄρειον,
1143 723 1403 795 Εὐνόμιον,
1432 721 1758 790 Μακεδόνιον,

216 812 536 887 ’Δπολινάριον,
569 814 860 888 Νεστόριον,
893 818 1163 888 Εὖτυχέα,
1213 820 1297 872 καί
1337 820 1457 877 τοὺς
1495 819 1561 872 τά
1598 815 1753 888 ὅμοια

213 908 379 966 τούτοις
402 910 716 976 φρονοῦντας,
744 905 776 965 ἦ
802 912 1163 982 φρονήσαντας,
1188 908 1408 980 ἀνάθεμα
1433 905 1465 962 ἴ
1466 929 1594 965 στω.

266 1088 318 1145 Εἴ
348 1111 419 1151 τις
460 1091 792 1147 ἀντιποιεῖται
837 1092 1099 1169 Θεοδώρου
1142 1099 1235 1151 τοῦ
1278 1093 1630 1167 Μοψουεστίας
1668 1098 1761 1149 τοῦ

208 1184 429 1250 εἰπόντος,
481 1180 628 1239 ἄλλον
671 1179 799 1240 εἶναι
846 1188 933 1242 τόν
976 1189 1096 1243 θεὸν
1139 1187 1307 1260 λόγον,
1357 1191 1443 1243 καί
1488 1184 1635 1242 ἄλλον
1678 1186 1762 1242 τὸν

206 1277 414 1354 Χριστόν,
441 1276 546 1331 ὑπὸ
575 1279 746 1332 παθῶν
787 1277 970 1349 ψυχῆς
1012 1283 1094 1334 καὶ
1119 1286 1218 1334 τῶν
1254 1286 1346 1341 τῆς
1373 1281 1558 1352 σαρκός
1586 1280 1764 1333 ίπιθυ-

204 1374 306 1436 ριῶν
328 1367 707 1441 ἐνοχλούμενον,
736 1369 818 1424 καί
843 1372 898 1425 ἐκ
926 1380 1187 1448 προκοπῆς
1218 1370 1378 1446 ἴργων
1406 1371 1759 1441 βελτιωθέντα,

202 1458 624 1529 καίβαπτισθέντα
665 1462 740 1522 εἰς
769 1457 924 1532 ὄνομα
959 1465 1156 1537 πατρὸς
1196 1466 1284 1519 καί
1324 1465 1442 1517 υἱοῦ
1491 1466 1576 1519 καί
1614 1463 1760 1538 ἁγίου

199 1551 467 1621 πνεύματος,
490 1554 581 1606 καί
605 1550 690 1608 διά
710 1560 801 1608 τοῦ
825 1554 1187 1629 βαπτίσματος
1207 1562 1297 1615 τήν
1321 1559 1478 1630 χάριν
1499 1564 1589 1611 τοῦ
1613 1557 1761 1630 ἁγίου

197 1641 446 1711 πνεύματος
489 1643 699 1707 λαϐεῖν,
750 1647 836 1699 καί
883 1647 1143 1708 υἱοθεσίας
1188 1632 1483 1712 ἀξιωθῆναι,
1522 1651 1610 1702 καί
1655 1647 1762 1704 κατ’

1859 440 1946 496 vel
1973 440 2238 505 dividunt,
2268 449 2325 496 et
2348 457 2444 497 eos
2465 442 2558 511 qui
2584 440 2921 498 confundunt
2945 442 3143 500 diVina‘.
3168 444 3448 517 dispensa-

1860 534 2025 590 tionis
2051 535 2371 604 mysterium
2398 533 2620 602 Christi,
2674 534 2850 605 rejicit
2894 546 2949 592 et
2977 538 3303 595 condemnat
3327 538 3450 595 uni-

1861 625 2087 681 versalis
2105 624 2203 681 Dei
2231 624 2495 682 Ecclesia.

1932 718 1991 774 Si
2045 719 2166 789 quis
2202 734 2313 775 non
2354 719 2777 775 anathematizat
2832 720 3055 787 Arium,
3107 721 3448 793 Eunomium,

1862 809 2261 876 Macedoniam,
2294 809 2708 881 Apollinarium,
2750 810 3081 881 Nestorium,
3130 812 3449 887 Eutychem,

1863 912 1921 959 et
1948 918 2044 959 eos
2069 902 2162 973 qui
2189 902 2383 958 similia
2409 902 2459 958 ei
2481 910 2778 972 sapuerunt
2802 903 2888 959 vel
2913 904 3149 975 sapiunt,
3174 906 3295 963 talis
3319 921 3451 963 ana-

1863 996 2045 1051 thema
2074 995 2165 1051 sit.

1934 1084 2025 1140 Xl.
2045 1086 2101 1141 Si
2116 1086 2237 1156 quis
2258 1085 2499 1142 defendit
2517 1086 2859 1143 Theodorum
2885 1086 3342 1158 Mopsuestenum,
3361 1090 3455 1160 qui

1863 1178 2001 1234 dixit
2026 1178 2190 1233 alium
2219 1193 2339 1235 esse
2378 1178 2549 1235 Deum
2578 1178 2836 1246 Verbum,
2883 1187 2941 1235 et
2987 1180 3150 1235 alium
3180 1180 3454 1236 Christum

1865 1287 1897 1327 a
1926 1270 2267 1341 passionihus
2291 1272 2485 1326 animae
2530 1278 2586 1327 et
2627 1271 2910 1328 desideriis
2958 1274 3137 1328 carnis
3181 1275 3457 1331 molestias

1866 1365 2184 1435 patientem,
2238 1371 2293 1420 et
2319 1379 2389 1419 ex
2417 1364 2663 1434 profectu
2709 1380 2936 1435 operum
2987 1366 3349 1433 melioratum,
3400 1377 3458 1424 et

1864 1458 2196 1528 baptizatum
2239 1458 2293 1512 in
2339 1458 2561 1513 nomine
2606 1456 2806 1525 Patris,
2860 1465 2916 1514 et
2952 1457 3094 1523 Filii,
3142 1467 3198 1514 et
3224 1459 3457 1529 Spiritus

1864 1553 2057 1619 sancti,
2089 1560 2145 1608 et
2166 1568 2263 1622 per
2290 1552 2558 1623 baptisma
2583 1552 2813 1621 gratiam
2842 1553 3016 1608 sancti
3043 1552 3274 1623 Spiritus
3300 1567 3457 1609 acce-

1866 1648 2035 1718 pisse,
2066 1655 2123 1703 ct
2151 1646 2520 1701 afﬁliationem
2550 1646 2831 1711 meruisse,
2864 1654 2921 1701 et
2949 1644 3020 1700 ad
3049 1646 3454 1701 similitudinem

196 1733 374 1792 ἰσότητα
400 1736 676 1805 βασιλικῆς
699 1738 889 1799 εἰκόνος
914 1740 987 1799 εἰς
1015 1736 1293 1813 πρόσωπον
1332 1745 1419 1794 τοῦ
1445 1747 1574 1795 Θεοῦ
1609 1740 1759 1813 λόγου

1876 1739 2165 1809 imperialis
2203 1738 2450 1808 imaginis
2492 1738 2547 1792 in
2596 1753 2885 1807 personam
2916 1738 3009 1793 Dei
3040 1738 3202 1795 Verbi
3240 1738 3455 1795 adorari

197 1829 600 1903 προσκυνούμενον
618 1869 634 1895 ,
666 1831 747 1884 καί
774 1832 906 1900 μετά
938 1837 1028 1891 τόν
1058 1834 1338 1888 ἀνάστασιν
1368 1830 1619 1907 ἄτρεπτον
1648 1842 1763 1895 ταῖς

194 1919 392 1987 ἐννοίαις,
416 1925 500 1976 καί
521 1924 887 1999 ἀναμάρτητον
911 1924 1170 1986 παντελῶς
1191 1926 1481 1998 γενόμενον⁸
1509 1928 1593 1981 καί
1612 1927 1762 1983 πάλιν

194 2011 417 2085 εἰρηκότος
446 2018 540 2073 τήν
572 2013 752 2070 ἕνωσιν
792 2022 881 2069 τοῦ
911 2021 1039 2071 Θεοῦ
1081 2016 1227 2088 λόγου
1265 2018 1394 2091 πρὸς
1431 2019 1518 2073 τόν
1546 2018 1761 2093 Χριστὸν

192 2102 401 2161 τοιαύτην
424 2106 748 2178 γεγενῆσθαι,
783 2106 892 2160 οἵαν
918 2100 1054 2161 εἶπεν
1082 2106 1109 2163 ό
1138 2109 1426 2169 ἀπόστολος
1467 2110 1550 2164 ἐπὶ
1578 2107 1762 2184 ἀνδρὸς

191 2196 264 2249 καί
286 2198 527 2268 γυναικός,
567 2216 586 2250 ε
605 2194 849 2255 Ἔσονται
863 2199 908 2253 οί
935 2198 1029 2256 δύο
1046 2202 1117 2262 είς
1134 2203 1308 2276 σάρκα
1327 2204 1465 2272 μίαν.
1490 2221 1508 2254 ι
1535 2206 1620 2257 καί
1634 2202 1763 2278 πρὸς

190 2291 297 2344 ταῖς
316 2282 473 2349 ἄλλαις
494 2289 855 2367 ἀναριθμήτοις
875 2292 1030 2345 αὐτοῦ
1053 2292 1393 2365 βλασφημίαις
1416 2293 1763 2363 τολμήσαντος

188 2381 349 2448 εἰπεῖν,
376 2379 449 2438 ὅτι
479 2385 616 2455 μετά
641 2390 731 2444 τήν
756 2385 1036 2440 ἀνάστασιν
1060 2386 1366 2459 ἐμφυσήσας
1392 2385 1418 2441 ό
1447 2388 1618 2462 κύριος
1648 2395 1765 2450 τοῖς

185 2470 435 2539 μαθηταῖς,
465 2478 553 2531 καί
581 2478 757 2541 εἰπών,
790 2493 810 2526 t
829 2476 1017 2531 Λάϐετε
1038 2483 1241 2546 πνεῦμα
1254 2476 1416 2551 ἅγιον,
1438 2495 1457 2528 ι
1478 2479 1535 2532 οὐ
1550 2476 1764 2534 δέδωκεν

185 2561 341 2624 αὐτοῖς
364 2572 572 2640 πνεῦμα
602 2566 781 2639 ἅγιον,
819 2568 942 2623 ἀλλά
978 2572 1218 2641 σχήματι
1259 2568 1409 2640 μόνον
1436 2568 1762 2642 ἐνεφύσησεν.

184 2647 323 2714 Οὗτος
349 2652 405 2710 δέ
433 2661 521 2712 καί
545 2663 637 2717 τὴν
667 2658 928 2732 ὁμολογίαν
955 2665 1139 2729 Θωμᾶ,
1169 2664 1259 2719 τήν
1284 2662 1369 2715 ἐπί
1389 2668 1453 2736 τῇ
1481 2660 1767 2733 ψηλαφήσει

179 2751 265 2798 τῶν
294 2756 489 2823 χειρῶν
526 2753 611 2805 καί
648 2758 741 2811 τῆς
781 2752 1010 2826 πλευρᾶς
1036 2758 1128 2807 τοῦ
1158 2756 1331 2828 κυρίου
1361 2755 1492 2822 μετά
1528 2758 1619 2812 τὴν
1646 2755 1768 2808 ἀνά-

156 2894 157 2897 η
178 2856 364 2905 στασιν,
390 2841 573 2916 λέγων,
606 2862 624 2894 ε
646 2855 702 2897 '0
724 2845 783 2899 τό
806 2845 976 2920 κύριός
1002 2867 1096 2911 μου
1119 2849 1202 2901 καί
1229 2845 1350 2906 Θεός
1371 2866 1493 2917 μου,
1516 2864 1535 2898 ε
1560 2843 1668 2901 εἷπε
1693 2849 1766 2917 μή

174 2930 389 3002 εἶρῆσθαι
418 2936 662 3007 περὶτοῦ
704 2944 930 3009 Χριστοῦ
971 2941 1117 3009 παρά
1151 2945 1245 2994 τοῦ
1290 2943 1482 3008 Θωμᾶ,
1526 2936 1639 2993 οὐδὲ
1667 2940 1767 3012 γὰρ

171 3018 280 3081 εἶναι
316 3026 457 3100 λέγει
488 3030 576 3084 τὸν
604 3031 779 3103 κύριον
808 3032 959 3095 Θεὸν,
1006 3032 1110 3085 ἀλλ’
1151 3033 1235 3087 ἐπί
1271 3039 1345 3101 τῷ
1371 3030 1650 3105 παραδόξῳ
1677 3039 1771 3091 τῆς

1868 1828 2233 1902 [adoratum],
2284 1837 2340 1883 et
2385 1836 2508 1899 post
2547 1829 3005 1885 resurrectionem
3060 1829 3454 1884 immutabilem

1866 1922 2305 1992 cogitationibus,
2336 1930 2390 1977 et
2418 1922 2825 1992 impeccabilem
2852 1923 3072 1978 omnino
3100 1921 3299 1977 factum
3326 1922 3457 1978 fuis-

1865 2030 1925 2070 se
1950 2032 1964 2080 ;
1994 2021 2047 2068 et
2071 2015 2266 2070 iterum
2297 2014 2433 2069 dixit
2464 2015 2629 2071 talem
2658 2014 2855 2070 factam
2881 2030 3004 2071 esse
3032 2016 3331 2072 unitionem
3362 2016 3457 2071 Dei

1868 2103 2031 2159 Verbi
2060 2104 2131 2159 ad
2160 2104 2454 2169 Christum,
2509 2105 2725 2175 qualem
2755 2106 2893 2160 dixit
2924 2105 3215 2176 Apostolus
3245 2107 3313 2162 de
3340 2108 3458 2163 viro

1867 2205 1923 2252 et
1948 2198 2173 2253 muliere
2200 2215 2213 2250 :
2246 2196 2417 2252 Erunt
2445 2197 2545 2251 duo
2572 2198 2628 2252 in
2652 2214 2810 2253 carne
2835 2215 2942 2252 una
2966 2198 3126 2270 (Eph.
3161 2199 3215 2270 ν)
3244 2216 3256 2252 :
3289 2208 3343 2253 et
3367 2215 3461 2255 su-

1868 2303 1966 2359 per
1994 2288 2129 2343 alias
2159 2296 2285 2344 Suas
2314 2288 2735 2346 innumerabiles
2771 2288 3141 2359 blasphemias
3167 2304 3330 2344 ausus
3375 2297 3460 2344 est

1866 2380 2066 2445 dicere,
2114 2379 2261 2451 quod
2290 2389 2414 2450 post
2454 2380 2907 2437 resurrectionem
2957 2394 3083 2434 cum
3118 2379 3467 2437 sinsufllasset'

1867 2471 2128 2527 Dominus
2149 2470 2432 2541 discipulis
2458 2472 2593 2540 suis,
2636 2479 2693 2528 et
2721 2470 2985 2528 dixisset:
3030 2472 3261 2541 Accipite
3283 2471 3428 2541 Spiri
3455 2506 3461 2514 ρ

1869 2569 1975 2615 tum
2014 2569 2251 2617 sanctum
2294 2560 2476 2633 (Joan.
2524 2564 2621 2630 xx)
2656 2580 2670 2615 :
2726 2577 2833 2616 non
2871 2560 3022 2616 dedit
3066 2561 3146 2617 eis
3197 2559 3460 2631 Spiritum

1868 2661 2117 2708 sanctum
2150 2692 2167 2717 ,
2231 2652 2327 2707 sed
2374 2650 2646 2722 figuratim
2709 2650 3083 2707 tantummodo
3130 2647 3459 2706 insufflavit:

1869 2743 1967 2799 sed
2005 2754 2063 2797 et
2102 2741 2225 2813 [llic
2264 2751 2447 2798 autem
2477 2743 2642 2797 etiam
2685 2740 2804 2813 Gn]
2839 2743 3255 2807 confessionem,
3300 2756 3461 2811 quam

1870 2834 2003 2889 fecit
2046 2832 2285 2887 Thomas
2312 2848 2434 2887 cum
2464 2834 2740 2903 palpasset
2777 2847 2970 2888 manus
2996 2841 3053 2888 et
3080 2833 3221 2888 latus
3250 2833 3464 2889 Domini

1873 2931 1998 2995 post
2026 2922 2500 2987 resurrectionem,
2540 2922 2728 2976 dicens
2750 2962 2766 2986 ,
2798 2921 3055 2976 Dominus
3084 2939 3227 2976 meus
3253 2930 3302 2975 et
3326 2922 3465 2977 Deus

1875 3031 2020 3069 meus
2050 3012 2324 3087 (Ibidem),
2375 3013 2546 3082 inquit
2574 3028 2683 3067 non
2725 3027 2848 3068 esse
2874 3012 3074 3067 dictam
3103 3029 3136 3068 a
3164 3012 3370 3068 Thoma
3398 3014 3467 3070 de

170 3120 511 3180 ἀναστάσεως
558 3122 865 3195 ἐκπλαγέντα
906 3125 993 3179 τὸν
1039 3129 1229 3194 Θωμᾶν
1262 3125 1485 3195 ὑμνῆσαι
1524 3126 1608 3180 τόν
1649 3128 1771 3181 Θεὸν

1878 3106 2099 3163 Christo
2133 3107 2257 3178 (nec
2286 3106 2428 3162 enim
2459 3106 2595 3161 dixit
2623 3105 2940 3161 Theodorus
2966 3105 3137 3162 Deum
3166 3121 3285 3163 esse
3312 3105 3470 3162 Chri-

171 3211 236 3266 τὸν
262 3214 553 3287 ἐγείραντα
581 3213 665 3270 τὸν
689 3213 925 3288 Χριστόν.
951 3214 1019 3269 Τό
1048 3213 1102 3270 δὲ
1142 3221 1357 3287 χεῖρον,
1406 3213 1487 3271 ὅτι
1520 3217 1602 3270 καί
1637 3216 1686 3270 ἐν
1712 3223 1774 3291 τῇ

170 3312 256 3359 τῶν
281 3306 539 3381 πράξεων
564 3313 667 3362 τῶν
696 3308 997 3362 ἀποστόλων
1024 3310 1260 3381 γενομένῃ
1290 3308 1414 3379 παρ’
1440 3310 1599 3365 αὐτοῦ
1631 3308 1775 3368 δῆθεν

174 3393 399 3472 ἑρμηνείᾳ
430 3402 722 3473 συγκρίνων
751 3397 776 3451 ό
806 3400 954 3459 αὐτὸς
984 3398 1241 3477 Θεόδωρος
1265 3403 1350 3456 τόν
1388 3403 1605 3476 Χριστόν
1646 3400 1776 3457 Πλά-

174 3507 299 3555 τωνι,
332 3491 423 3544 καί
450 3492 749 3560 Μανιχαίῳ,
782 3493 862 3544 καί
886 3488 1187 3565 Ἐπικούρῳ,
1211 3494 1294 3545 καί
1320 3495 1592 3566 Μαρκίωνι,
1620 3492 1772 3564 λέγει,

176 3575 245 3635 ὅτι
270 3582 452 3657 ὥσπερ
487 3583 688 3637 ἐκείνων
715 3583 932 3644 ἕκαστος
964 3584 1237 3661 εὑράμενος
1265 3586 1440 3638 οἰκεῖον
1466 3582 1631 3656 δόγμα
1655 3587 1778 3647 τοὺς

181 3673 302 3745 αὖτῷ
316 3676 752 3746 μαθητεύσαντας
775 3678 1014 3735 πεποίηκε
1032 3677 1290 3733 καλεῖσθαι
1310 3678 1667 3745 Πλατωνικοὺς,
1692 3684 1780 3734 καί

184 3770 530 3837 κανιχαίους,
579 3771 663 3823 καί
691 3766 1067 3843 Ἐπικουρείους
1086 3812 1100 3836 ,
1132 3772 1217 3826 καί
1243 3774 1632 3844 Μαρκιωνιστάς
1650 3811 1665 3837 ,
1693 3773 1781 3826 τόν

182 3851 330 3926 ὅμοιον
353 3860 550 3935 τρόπον
581 3862 667 3914 καί
692 3866 782 3915 τοῦ
821 3866 1069 3935 Χριστοῦι
1092 3862 1372 3937 εὑραμένου
1401 3864 1459 3917 τό
1486 3861 1654 3933 δόγμα
1671 3904 1685 3929 ,
1728 3863 1779 3927 ἓξ

182 3951 321 4005 αὐτοῦ
361 3955 488 4014 τούς
526 3955 866 4024 Χριστιανοὺς
904 3954 1182 4010 καλεῖσθαι.
1228 3952 1291 4008 Εἴ
1321 3976 1400 4016 τις
1442 3957 1605 4010 τοίνυν
1642 3957 1780 4011 ἀντι-

183 4049 386 4098 ποιεῖται
405 4042 681 4119 Θεοδώρου
704 4051 795 4101 τοῦ
820 4047 886 4100 τά
910 4051 1123 4102 τοιαῦτα
1147 4046 1628 4119 βλασφημήσαντος,
1654 4047 1782 4103 ἀλλά

182 4138 242 4200 μή
268 4135 630 4208 ἀναθεματίξει
654 4138 824 4204 αὐτόν,
855 4141 937 4192 καί
963 4140 1030 4194 τά
1054 4139 1216 4194 αὐτοῦ
1245 4140 1653 4215 συγγράμματα,
1694 4141 1780 4194 καί

182 4228 290 4288 τοὺς
314 4232 379 4286 τά
425 4228 585 4303 ὃμοια
625 4231 768 4306 αὐτῷ
803 4238 1139 4307 φρονοῦντας,
1178 4230 1211 4292 ἢ
1247 4236 1619 4308 φρονήσαντας,
1664 4234 1783 4290 ἀνά·

182 4316 300 4389 θιμα
325 4319 492 4380 ἴστω.

1876 3196 2063 3269 stum),
2092 3197 2191 3254 sed
2215 3196 2284 3252 ad
2311 3197 2629 3252 miraculum
2658 3196 3075 3253 resurrectionis
3108 3196 3468 3268 stupefactum

1878 3291 2141 3347 Thomam
2166 3288 2500 3359 glorilicasse
2530 3287 2717 3354 Deum,
2756 3288 2848 3359 qui
2874 3286 3146 3344 Christum
3176 3288 3469 3344 resuscita-

1874 3385 1954 3441 vit
1979 3401 1991 3438 :
2016 3391 2073 3439 et
2096 3381 2243 3452 quod
2267 3380 2423 3451 pejus
2444 3389 2549 3446 est,
2571 3380 2737 3436 etiam
2760 3381 2813 3434 in
2838 3379 3288 3450 interpretatione
3307 3395 3469 3450 quam

1878 3478 1934 3534 in
1962 3477 2130 3534 Actus
2177 3475 2547 3546 apostolorum
2592 3474 2810 3545 scripsit
2857 3473 3197 3543 Theodorus,
3238 3475 3471 3531 similem

1879 3568 2008 3626 fecit
2031 3568 2307 3625 Christum
2349 3566 2588 3633 Platoni,
2620 3575 2676 3623 et
2704 3566 3023 3636 Manichzeo,
3050 3575 3107 3623 et
3134 3567 3388 3639 Epicuro,
3417 3574 3473 3622 et

1880 3666 2162 3731 Marciani,
2192 3665 2380 3720 dicens
2407 3663 2551 3734 quod
2594 3664 2736 3719 sicut
2762 3663 2977 3718 illorum
3002 3664 3369 3732 unusquisque
3397 3677 3467 3718 ex

1879 3758 2136 3828 dogmate
2163 3757 2306 3826 quod
2338 3757 2563 3824 invenit,
2614 3772 2742 3813 suos
2781 3754 3080 3827 discipulos
3127 3755 3257 3811 fecit
3286 3752 3470 3810 vocari

1882 3853 2211 3917 Platonicos,
2258 3861 2315 3906 et
2342 3851 2685 3917 Manichaeos,
2717 3860 2773 3906 et
2802 3850 3118 3921 Epicureos,
3165 3858 3221 3906 et
3245 3849 3469 3905 Marciae

1882 3946 2075 4014 nistas,
2100 3944 2261 4001 simili
2290 3943 2452 3999 modo
2492 3951 2545 3998 ct
2572 3958 2696 3999 cum
2727 3942 2976 3998 Christus
3001 3942 3197 4011 dogma
3236 3941 3466 3995 invenis-

1882 4042 1985 4102 set,
2018 4051 2084 4090 ex
2112 4035 2231 4106 ipso
2260 4033 2600 4089 Christianos
2628 4033 2829 4088 vocari.
2863 4033 2920 4087 Si
2947 4033 3069 4100 quis
3094 4031 3254 4100 igitur
3281 4028 3470 4085 defen-

1883 4125 1964 4181 dit
1991 4125 2241 4181 eumdem
2272 4124 2639 4186 Theodorum,
2681 4122 2773 4191 qui
2796 4121 2925 4174 talia
2951 4119 3370 4188 blasphemavit,
3416 4127 3473 4174 et

1885 4233 1996 4273 non
2021 4216 2447 4272 anathematizat
2477 4230 2621 4277 eum,
2674 4219 2731 4266 et
2754 4210 2888 4280 ejus
2915 4210 3255 4282 conscripta,
3297 4218 3354 4268 et
3380 4226 3475 4269 eos

1884 4312 1978 4381 qui
2005 4310 2202 4367 similia
2229 4308 2307 4365 illi
2334 4313 2649 4380 sapuerunt,
2670 4303 2757 4361 vel
2783 4301 3019 4374 sapiunt,
3044 4302 3168 4361 talis
3194 4303 3475 4361 anathema

1885 4403 1976 4460 sit.

242 4505 307 4562 Εἴ
329 4532 408 4572 τις
446 4512 793 4570 ἀντιποιεῖται
831 4520 932 4569 τῶν
973 4509 1393 4588 συγγραμμάτων
1430 4509 1771 4586 Θεοδωρίτου,

1960 4491 2075 4548 Xll.
2118 4491 2176 4548 Si
2219 4490 2342 4563 quis
2386 4488 2627 4547 defendit
2655 4487 2961 4560 conscripta
2987 4488 3315 4546 Theodoreti
3359 4503 3475 4559 qua:

183 4594 305 4674 ὅπερ
333 4604 520 4668 ίξίθετο
546 4605 687 4680 ὖπὲρ
709 4608 988 4680 Νεστορίου
1009 4613 1099 4661 τοῦ
1121 4605 1406 4682 αἷρετικοῦ,
1430 4607 1512 4660 καί
1535 4604 1665 4659 κατά
1686 4610 1779 4665 τῆς

179 4689 325 4763 ὀρθῆς
352 4700 603 4766 πίστεως,
638 4699 727 4754 καί
752 4707 845 4759 τῆς
874 4698 923 4752 ἂν
951 4698 1141 4771 Ἐφέσῳ
1180 4700 1390 4771 πρώτης
1428 4702 1582 4769 ἁγίας
1620 4698 1777 4754 συνὸ-

178 4775 285 4849 δου,
313 4788 399 4841 καί
418 4795 513 4843 τοῦ
553 4790 607 4842 ἐν
636 4787 800 4862 ἁγίοις
830 4788 1115 4863 Κυριλλου,
1152 4790 1240 4842 καί
1266 4795 1367 4844 τῶν
1393 4787 1457 4844 ιϐ’
1494 4789 1648 4843 αὐτοῦ
1692 4808 1776 4843 κε·-

178 4876 399 4948 φιλειίων,
427 4885 481 4937 ἕν
509 4880 591 4947 οἷς
611 4883 827 4941 ἀσεϐέσι
851 4884 1223 4959 συγγράμμασι
1254 4888 1506 4955 σχετικὴν
1533 4884 1661 4957 λέγει
1689 4889 1782 4944 τήν

179 4966 343 5028 ἕνωσιν
380 4983 477 5032 τοῦ
507 4983 646 5035 Θεοῦ
675 4979 826 5051 λόγου
851 4981 983 5054 πρὸς
1009 4978 1097 5034 τόν
1122 4999 1238 5034 τινα
1262 4974 1542 5053 ἄνθρωπον·
1575 4980 1695 5055 περί
1722 4975 1779 5034 οὗ

179 5061 481 5141 βλασφημῶν
512 5072 671 5142 λέγει,
702 5069 782 5127 ὅτι
807 5071 1094 5145 ἐψηλάφησε
1129 5077 1321 5143 Θωμᾶς
1348 5074 1437 5128 τὸν
1465 5074 1776 5138 ἀναστάντα,

179 5161 257 5212 καί
291 5168 653 5236 προσεκύνησε
684 5165 769 5220 τὸν
794 5164 1085 5241 ἐγείραντα,
1132 5168 1219 5218 καὶ
1260 5161 1345 5220 διά
1380 5170 1533 5219 τοῦτο
1570 5164 1781 5224 ἀσεϐεῖς

177 5249 307 5306 καλεῖ
320 5258 445 5318 τοὺς
468 5267 569 5319 τῆς
593 5256 859 5316 ἐκκλησίας
887 5254 1246 5322 διδασκάλους,
1270 5257 1392 5316 τοὺς
1414 5255 1520 5311 καθ’
1545 5251 1782 5311 ὑπόστα-

177 5357 251 5396 σιν
270 5349 358 5404 τήν
382 5348 577 5405 ἕνωσιν
600 5354 692 5405 τοῦ
714 5354 843 5404 Θιοῦ
867 5348 1011 5418 λόγου
1035 5349 1163 5424 πρὸς
1188 5352 1279 5407 τήν
1301 5350 1471 5420 σάρκα
1493 5345 1783 5418 ὁμολογοῦν-

174 5449 279 5493 ﬁt”
309 5440 393 5494 καί
420 5441 564 5514 πρὸς
591 5442 794 5500 τούτοις
819 5438 1043 5494 θεοτόκον
1072 5439 1374 5514 ἀπαρνεῐται
1410 5442 1500 5496 τήν
1529 5436 1675 5509 ἁγίαν
1698 5435 1778 5493 ἴν-

175 5520 305 5589 δθξσν
333 5530 671 5607 ἀειπάρθενον
717 5534 934 5605 Μαρίαν.
989 5528 1050 5585 Εἴ
1092 5550 1171 5590 τις
1223 5533 1388 5583 τοίνυν
1434 5532 1500 5584 τά
1547 5531 1783 5602 εἰρημένα

173 5621 570 5695 συγγράμματα
590 5622 913 5698 Θεοδωρίτου
936 5624 1151 5688 ἐπαινεῖ,
1181 5620 1304 5676 ἀλλά
1329 5627 1399 5695 μή
1430 5623 1782 5692 summa“

174 5712 330 5777 αὐτά,
372 5718 606 5788 ἀνάθεμα
645 5714 810 5772 ἴστοιιι⁸
862 5714 945 5772 διὰ
980 5717 1172 5775 ταύτας
1199 5715 1296 5789 γάρ
1338 5716 1432 5774 τὰς
1458 5714 1782 5787 βλασφημίας

171 5812 257 5869 τιὶῖ
281 5806 582 5875 ἐπισκοπῆς
606 5810 860 5881 ίξεϐλήθη,
885 5813 971 5868 καί
991 5811 1121 5885 μετὰ
1150 5809 1392 5893 ταῦταδέν
1420 5816 1482 5888 τῇ
1663 5832 1777 5869 συν-

1789 5906 1799 5935 l

1884 4592 2136 4664 exposuit
2195 4606 2295 4663 pro
2338 4589 2588 4647 Nestorio
2649 4589 2907 4646 hmretico
2961 4589 3223 4646 adversus
3268 4598 3475 4646 rectam

1885 4683 2069 4751 ﬁdem,
2112 4692 2170 4741 et
2210 4682 2539 4755 Ephesinam
2569 4682 2799 4753 primam
2829 4689 3073 4738 sanctam
3100 4682 3388 4754 synodum,
3422 4690 3477 4738 et

1883 4776 1945 4836 S.
1975 4778 2254 4851 Cyrillum,
2303 4786 2361 4835 et
2398 4776 2688 4834 duodecim
2722 4776 2840 4845 ejus
2881 4776 3138 4847 capitula,
3186 4778 3241 4831 in
3284 4778 3477 4849 quibus

1882 4871 2163 4930 sceleratis
2190 4870 2511 4941 conscriptis
2540 4869 2685 4926 idem
2726 4869 3104 4927 Theodoretus
3130 4869 3473 4927 allectualem

1884 4963 2015 5020 dicit
2061 4963 2321 5019 unitatem
2367 4962 2462 5017 Dei
2511 4961 2676 5018 Verbi
2722 4961 2790 5017 ad
2816 4963 3114 5033 hominem
3162 4963 3471 5034 quemdam,

1883 5054 1953 5111 de
1997 5070 2107 5126 quo
2146 5054 2530 5125 hlasphemans
2569 5053 2726 5118 dixit,
2771 5054 2917 5123 quod
2956 5054 3198 5127 palpavit
3240 5054 3478 5111 Thomas

1885 5162 2009 5203 eum
2030 5146 2122 5216 qui
2153 5145 2466 5210 resurrexit,
2494 5154 2550 5201 et
2569 5145 2813 5200 adoravit
2833 5161 2958 5201 eum
2981 5147 3073 5217 qui
3099 5146 3475 5212 resuscitavit;

1884 5249 1942 5296 et
1982 5248 2206 5310 propter
2234 5240 2339 5296 hoc
2384 5240 2579 5311 impios
2607 5247 2768 5296 vocat
2795 5238 3052 5299 doctores
3078 5238 3334 5296 Ecclesiae
3380 5240 3474 5310 qui

1884 5333 2147 5388 unitatem
2172 5331 2470 5389 secundum
2506 5333 2910 5391 subsistentiam
2938 5333 3036 5388 Dei
3065 5332 3226 5389 Verbi
3254 5332 3326 5388 ad
3353 5349 3475 5390 car-

1885 5442 2009 5483 nem
2032 5425 2358 5503 confitcntur
2386 5444 2401 5493 ;
2448 5434 2504 5481 et
2530 5436 2692 5497 super
2737 5427 2852 5482 lucc
2880 5424 2976 5480 Dei
3016 5422 3350 5481 Genitricem
3378 5427 3476 5483 ab-

1885 5537 2052 5600 negat
2093 5536 2340 5583 sanctam
2386 5535 2441 5582 et
2482 5527 2772 5598 gloriosam
2819 5540 3036 5595 semper
3066 5524 3327 5595 virginem
3360 5527 3474 5584 Ma.

1884 5621 2041 5676 riam.
2068 5620 2126 5677 Si
2150 5621 2271 5690 quis
2299 5620 2464 5688 igitur
2489 5626 2789 5674 memorata
2809 5618 3117 5688 conscripta
3145 5617 3474 5679 Theodoreti

1884 5714 2146 5782 defendit,
2187 5723 2373 5769 etnon
2405 5711 2830 5768 anathematizat
2874 5725 2959 5776 ca,
3009 5710 3131 5767 talis
3177 5714 3474 5770 anathema

1885 5809 1977 5869 sit.
2017 5806 2247 5884 Propter
2295 5805 2431 5871 tales
2479 5804 2624 5862 enim
2663 5802 3026 5878 blasphemiae.
3055 5805 3125 5870 ab
3153 5807 3470 5886 episcopatu

2020 5968 2116 5997 ’,τε
