3988 6346
425 248 533 313 2'55

1805 255 2094 315 VlGlLlUS
2133 253 2311 309 PAPA

3588 246 3693 303 256

427 377 552 436 σεϐῆ
592 374 782 431 τούτων
812 374 996 431 ἔννοιάν
1040 397 1093 431 τε
1134 378 1214 430 καὶ
1265 378 1497 447 ἐξήγησιν
1539 377 1662 451 πρὸς
1710 381 1797 434 τὴν
1830 377 2008 430 οἰκείαν

2120 377 2167 423 et
2213 365 2610 436 expositionem
2661 365 2726 419 ad
2755 365 2933 432 (suam
2982 361 3312 432 impietatem
3354 356 3689 413 transferre:

426 471 716 545 μεταφέρειν
760 470 991 525 ἀσέϐειαν
1017 486 1029 498 ·
1067 467 1239 527 ἐπειδή
1269 470 1407 525 ἐστιν
1446 468 1526 524 ὅτε
1564 470 1616 524 αἱ
1654 471 1804 524 αύταί
1850 471 2004 541 φωναί

426 562 585 620 καλῶς
623 562 712 631 μέν
741 562 1085 633 ὲξηγούμεναι,
1116 563 1199 615 καί
1222 558 1507 631 νοούμεναι,
1548 563 1678 629 μετά
1717 569 1807 621 τῆς
1853 562 2003 614 εύσε-

428 652 566 712 ϐείας
594 654 711 719 εἰσὶ,
732 658 893 711 κακῶς
916 650 969 705 δὲ
990 653 1132 719 παρὰ
1158 658 1254 706 τῶν
1289 654 1550 727 αἱρετικῶν
1596 651 2001 726 ἑρμηνευόμεναι,

426 747 510 798 καὶ
534 744 902 818 προφερόμεναι
933 744 992 797 τὸ
1034 743 1217 803 ἀσεϐές
1247 741 1467 813 ἔχουσιν
1491 756 1503 771 ⁸
1544 743 1714 814 ἀμέλει
1741 743 2003 818 Νεστὸριον

426 835 633 890 εἰπόντα
677 837 765 904 μέν
807 832 898 889 δύο
952 837 1124 905 φύσεις
1181 836 1263 887 καί
1303 832 1353 887 ἓν
1399 833 1689 909 πρόσωπον,
1718 838 1787 904 μή
1832 832 2005 903 ὁμολο-

424 934 612 1000 γοῦντα
638 926 691 981 δέ
714 929 907 983 τούτων
932 934 1020 987 τήν
1044 927 1147 983 καθ’
1165 925 1456 983 ὑπόστασιν
1476 928 1675 995 ἕνωσιν,
1697 929 1729 985 ἦ
1750 928 1801 980 ἓν
1823 926 2004 998 Ἐφέσῳ

424 1025 599 1099 πρώτη
625 1022 745 1095 ἀγία
772 1022 1007 1093 σύνοδος,
1041 1023 1097 1086 ἧς
1132 1026 1347 1099 ἐξῆρχον
1401 1026 1687 1087 Κελεστῖνος
1726 1030 1809 1080 καί
1837 1027 2007 1101 Κύριλ-

424 1116 507 1174 λος
534 1116 579 1168 οί
605 1117 651 1169 ἐν
675 1116 792 1190 ὁσία
809 1125 870 1191 τῇ
891 1122 1078 1190 μνήμῃ.
1104 1119 1160 1174 οὐ
1181 1116 1538 1191 προσεδέξατο,
1562 1118 1686 1172 ἀλλά
1710 1122 1792 1173 καὶ
1814 1117 2006 1173 κατεδί-

426 1229 597 1261 κασεν.
629 1206 799 1277 Ἡμεῖς
829 1206 881 1262 δέ
908 1216 971 1278 τῇ
1014 1215 1113 1264 τῶν
1145 1208 1298 1280 ἁγίων
1338 1211 1571 1283 πατέρων
1596 1207 1898 1284 διδασκαλίᾳ
1925 1208 2008 1266 διὰ

424 1300 627 1355 πάντων
659 1302 1040 1361 ἀκολουθοῦντες
1058 1345 1073 1370 ,
1106 1305 1186 1356 καί
1212 1309 1301 1361 τὴν
1334 1311 1433 1358 τῶν
1459 1302 1549 1359 δύο
1576 1305 1774 1374 φύσεων
1807 1305 2006 1370 ἕνωσιν,

423 1392 476 1454 ἐξ
506 1389 572 1445 ὦν
616 1390 643 1446 ὅ
686 1394 856 1467 κύριος
896 1395 1031 1461 ἡμῶν
1062 1391 1257 1453 Ἰησοῦς
1284 1397 1504 1468 Χριστὸς
1545 1395 1569 1450 ὁ
1609 1392 1678 1456 εἷς
1726 1404 1816 1455 τῆς
1860 1395 2008 1467 ἀγίας

425 1484 650 1558 τριάδος,
684 1484 709 1540 ὁ
740 1490 863 1547 Θεὸς
890 1487 1032 1557 λόγος
1064 1490 1340 1559 σαρκωθεὶς
1380 1490 1638 1554 συνετέθη,
1668 1493 1750 1543 καί
1775 1496 1865 1548 τήν
1890 1492 2010 1545 τού-

424 1601 523 1633 των
558 1578 795 1655 διαφορὰν
834 1582 920 1634 οὐκ
946 1581 1256 1654 ἀνῃρημένην
1299 1580 1385 1635 διά
1432 1587 1521 1639 τάν
1563 1582 1737 1636 ἕνωσιν
1775 1584 2009 1659 ἀνωτέρω

427 1674 736 1748 σαφέστερον
761 1673 1111 1744 ἀπεδείξαμεν.
1148 1679 1235 1728 Καὶ
1264 1674 1407 1751 ἤρκει
1432 1676 1521 1746 μέν
1542 1677 1606 1730 τά
1636 1677 1756 1749 παρ’
1784 1679 1921 1749 ἡμῶν
1945 1682 2009 1732 εἰ-

423 1766 611 1837 ρημένα
640 1766 1017 1840 πληροφορῆσαι
1056 1767 1176 1824 τούς
1218 1772 1287 1836 μη
1324 1766 1659 1837 βουλομένους
1705 1767 2002 1840 φιλονεικεῖν.

424 1853 545 1908 Ἀλλ’
569 1854 741 1915 ἐπειδή
763 1858 892 1933 πρὸς
922 1859 1153 1912 ἀσέϐειαν
1183 1857 1319 1922 ἅπαξ
1362 1860 1668 1922 ἐκκλίναντες
1704 1865 1787 1917 καί
1819 1862 2008 1937 ἑτέροις

424 1948 782 2023 ἐπιχειροῦσιν
802 1988 818 2014 ,
850 1951 1130 2024 ἀναγκαίως
1158 1952 1301 2022 ἡμεῖς
1330 1954 1410 2005 καί
1446 1956 1538 2012 τάς
1566 1955 1803 2014 τοιαύτας
1842 1956 2009 2010 αύτῶν

423 2042 703 2116 προφάσεις
745 2044 964 2113 ματαίας
1006 2041 1348 2113 ἀποδείξομεν.
1396 2047 1523 2099 Φασὶ
1543 2047 1642 2120 γάρ
1670 2051 1739 2116 μή
1780 2044 1880 2100 δεῖν
1904 2047 2006 2102 ύπό

427 2133 616 2204 μέμψιν
657 2135 890 2204 γενέσθαι
924 2140 1013 2191 την
1043 2134 1205 2191 ἀσεϐῆ
1248 2135 1507 2193 ἐπιστολήν
1550 2133 1634 2191 διά
1680 2136 1738 2190 τὸ
1779 2138 2008 2212 φέρεσθαι

426 2225 475 2281 ἕν
496 2248 602 2280 τισι
625 2226 854 2299 βιϐλίοις.
879 2224 1001 2279 Ἀλλ’
1031 2232 1075 2281 εἰ
1112 2227 1260 2283 τοῦτό
1282 2249 1360 2287 τις
1389 2229 1517 2283 κατά
1537 2234 1625 2287 τήν
1654 2229 1815 2283 αὐτῶν
1843 2226 2009 2284 ἄνοιαν

425 2316 788 2395 προσδέξηται,
822 2316 899 2371 δεῖ
924 2321 1007 2372 καί
1035 2319 1273 2387 Εύτυχέα
1319 2321 1400 2373 καί
1436 2318 1706 2384 Νεστόριον
1740 2317 2008 2389 δέχεσθαι,

424 2407 599 2469 ἐπειδή
617 2410 776 2465 πολλὰ
799 2412 882 2464 καὶ
911 2411 1237 2483 περὶτούτων
1264 2418 1372 2470 τοῖς
1394 2410 1442 2463 ἐν
1558 2410 1751 2482 συνόδῳ
1777 2432 2012 2486 πεπραγ-

426 2502 587 2571 μένοις
609 2504 894 2581 ἐμφέρεται.
915 2500 1037 2555 ’Δλλ’
1064 2500 1224 2561 οὐδεὶς
1248 2509 1348 2556 τῶν
1376 2503 1739 2575 εὐφρονούντων
1759 2510 1862 2564 τοῖς
1888 2505 2012 2578 παρ’

425 2596 587 2650 αὐτῶν
613 2596 896 2669 λεγομένοις
934 2597 1169 2670 προσέξει
1213 2597 1298 2650 τὸν
1339 2601 1476 2649 νοῦν.
1508 2598 1581 2650 Τά
1608 2598 1705 2670 γάρ
1751 2602 1869 2672 περὶ
1912 2604 2012 2652 τῶν

426 2691 690 2765 αἱρετικῶν
716 2690 765 2743 έν
792 2699 907 2750 ταῖς
945 2688 1175 2751 συνόδοις
1201 2690 1576 2766 προφερόμενα,
1619 2693 1698 2745 καί
1728 2693 1881 2766 μέρος
1913 2698 2013 2747 τῶν

427 2782 801 2853 ὑπομνημάτων
822 2781 1048 2852 γινόμενα
1072 2782 1158 2835 ούκ
1186 2784 1270 2836 ἐπί
1296 2788 1368 2854 τῷ
1390 2781 1790 2856 ἂευθερωθῆναι,
1815 2782 1919 2837 ἀλλ’
1942 2788 2013 2843 ες

429 2871 644 2945 ἔλεγχον
675 2874 856 2935 αὐτῶν,
884 2874 968 2926 καὶ
993 2873 1076 2926 ἐπὶ
1104 2874 1292 2943 μείζονι
1320 2873 1608 2946 κατακρίσει
1634 2872 1797 2926 αὐτῶν
1826 2892 1901 2939 τε,
1929 2876 2015 2925 καί

426 2964 492 3017 τά
516 2959 666 3034 ὅμοια
701 2966 871 3023 αὺτοῖς
904 2965 1209 3041 φρονούντων
1244 2962 1720 3035 παραλαμϐάνεται.
1746 2965 1801 3015 Εἰ
1828 2966 1909 3018 καί
1936 2960 2013 3018 ὅτι

426 3051 509 3113 rei.
524 3064 615 3116 τῆς
646 3058 866 3117 ἀσεϐοῦς
894 3056 1161 3115 ἐπιστολῆς
1189 3055 1433 3133 φερόμενα
1459 3056 1796 3125 ὑπομνήματα
1826 3054 1884 3109 ἔν
1910 3077 2016 3111 τισι

428 3150 519 3220 μέν
542 3149 775 3219 βιϐλίοις,
801 3152 868 3209 ὡς
892 3146 1103 3224 εἴρηται,
1147 3149 1454 3215 ἐντέτακται,
1492 3151 1539 3201 ἐν
1569 3146 1622 3203 δέ
1654 3156 1759 3208 τοῖς
1789 3150 2017 3204 αύοεντι-

428 3248 551 3305 κοῖς,
587 3242 634 3293 ἐν
666 3238 737 3300 οἷς
757 3238 1061 3315 ὑπέγραψαν
1081 3240 1123 3293 οἷ
1160 3238 1428 3295 ὁσιώτατοι
1459 3242 1746 3306 ἐπίσκοποι,
1779 3239 2018 3313 οὐδαμῶς

430 3331 666 3406 ηὕρηται.
699 3332 821 3388 Πλὴν
845 3332 1055 3403 κάκείνῳ
1095 3330 1174 3386 δεῖ
1197 3334 1482 3407 προσέχειν
1510 3335 1630 3392 τοὺς
1664 3339 1753 3391 τήν
1789 3334 2018 3392 ἀλήθειαν

433 3425 753 3498 ἐρευνῶντας·
787 3419 865 3477 ὄτι
888 3423 1124 3483 πολλάκις
1153 3424 1263 3479 τινά
1283 3423 1331 3476 έν
1371 3431 1489 3483 ταῖς
1516 3422 1742 3483 συνόδοις
1772 3425 1914 3499 παρά
1938 3446 2017 3479 τι-

430 3538 526 3571 νων
554 3518 606 3570 ἓν
633 3518 815 3575 αὑταῖς
836 3516 1204 3592 εὑρισκομένων
1230 3515 1424 3588 λέγεται
1446 3514 1477 3575 ἦ
1498 3516 1629 3571 κατὰ
1647 3520 2016 3592 προσπάθειαν,

434 3611 462 3670 ἦ
504 3611 607 3665 κατ’
635 3611 945 3673 ἐναντίωσιν,
992 3608 1022 3668 ἦ
1064 3609 1172 3665 κατ’
1202 3606 1423 3683 ἄγνοιαν,
1470 3608 1726 3691 οὐδείςιδέ
1768 3612 2021 3685 προσέχει

433 3709 543 3761 τοῖς
570 3702 698 3756 κατά
722 3702 873 3776 μέρος
902 3702 1043 3776 παρά
1074 3701 1542 3777 τινωνμλεγομένοις,
1575 3702 1697 3755 ἀλλά
1724 3701 2021 3772 μόνοιςντοῖς

434 3795 567 3849 κατὰ
592 3798 753 3852 κοινὴν
783 3795 1063 3848 συναίνεσιν
1099 3796 1245 3868 παρά
1272 3794 1474 3849 πάντων
1498 3793 1815 3868 ὁριζομένοις.
1847 3797 1904 3848 Εἰ
1923 3796 2019 3871 γὰρ

436 3885 547 3941 κατ’
597 3883 811 3945 ἐκείνους
858 3884 1115 3954 βουληθείη
1161 3906 1240 3946 τις
1285 3887 1561 3961 προσέχειν
1602 3894 1715 3946 ταῖς
1761 3887 2022 3946 τοιαύταις

435 3976 799 4038 ἐναντιώσεσιν,
840 3975 1025 4033 ἑκάστη
1079 3973 1297 4035 σύνοδος
1337 3977 1630 4050 εὑρίσκεται
1670 3976 1856 4036 ἑαυτήν
1898 3979 2021 4032 ἀνα·

435 4069 723 4142 τρέπουσα.
765 4068 852 4121 Διά
891 4073 1052 4123 ταῦτα
1089 4070 1256 4123 τοίνυν
1295 4066 1396 4123 ἔδει
1440 4071 1648 4132 αύτούς,
1681 4066 1819 4145 εἴπερ
1865 4069 2023 4140 ὀρθῶς

438 4157 676 4230 ἐδέχοντο
704 4164 792 4217 τὴν
835 4158 981 4229 ἁγίαν
1010 4157 1234 4226 σύνοδον,
1274 4165 1342 4231 μή
1381 4162 1617 4221 τοιαύτας
1654 4162 1779 4235 αὐτῇ
1806 4160 2023 4232 μέμψεις

437 4252 757 4323 περιάπτειν,
780 4251 905 4305 ἀλλά
932 4252 1259 4311 ἀκολουθῆσαι
1287 4274 1317 4307 τ
1346 4260 1391 4312 ῖς
1414 4250 1736 4312 διδασκάλοις
1763 4261 1854 4312 τῆς
1882 4254 2025 4306 καθο-

2109 459 2364 527 quoniam
2397 465 2576 512 autem
2608 457 2620 529 [
2648 453 2960 525 interdum]
3005 453 3206 509 eandem
3232 466 3394 507 voces
3415 492 3431 518 ,
3477 452 3743 520 quandoe

2108 551 2247 605 bene
2272 556 2616 618 exponuntur
2636 556 2692 603 et
2719 546 3118 614 intelliguntur,
3145 559 3267 599 cum
3297 543 3501 613 pietate
3526 550 3652 598 sunt
3676 560 3693 609 ;

2109 639 2324 710 quando
2348 647 2531 693 autem
2552 639 2693 693 male
2712 636 2779 693 ab
2809 636 3075 691 haereticis
3101 634 3471 703 intelliguntur
3489 642 3547 689 et
3569 650 3698 705 pro-

2110 730 2375 797 feruntur,
2406 731 2734 802 impietatem
2764 730 2981 785 habent.
3015 725 3202 797 Itaque
3222 726 3532 782 Nestorium
3560 726 3699 785 duas

2109 825 2327 895 quidem
2355 832 2574 879 naturas
2604 830 2659 879 et
2697 838 2861 879 unam
2901 836 3190 893 personam
3230 820 3496 876 dicentem
3519 862 3535 889 ,
3585 836 3700 876 non

2107 917 2452 972 conﬁtentem
2478 924 2660 971 autem
2688 930 2874 971 earum
2914 913 3175 968 unitatem
3201 912 3497 968 secundum
3519 911 3697 967 subsi-

2104 1017 2385 1082 stentiam,
2426 1014 2696 1085 Ephesina
2739 1014 2909 1083 prima
2937 1012 3206 1084 synodus,
3258 1010 3409 1079 cujus
3439 1017 3698 1065 auctores

2109 1118 2264 1166 erant
2295 1108 2621 1165 C(elestinus
2647 1115 2703 1163 et
2730 1104 2962 1178 Cyrillus
2989 1110 3191 1159 sanctae
3231 1103 3537 1166 memoriae,
3589 1116 3699 1156 non

2108 1202 2386 1272 suscepit,
2430 1200 2526 1258 sed
2567 1198 2965 1256 condemnavit.
3009 1195 3119 1251 Nos
3161 1203 3343 1250 autem
3386 1201 3703 1249 sanctorum

2112 1293 2331 1349 Patrum
2351 1293 2653 1349 doctrinam
2682 1307 2779 1363 per
2803 1291 2982 1346 omnia
3007 1295 3317 1357 sequentes,
3348 1295 3404 1341 et
3432 1286 3702 1340 unitatem

2110 1385 2338 1440 duarum
2365 1393 2695 1448 naturarum,
2725 1399 2795 1438 ex
2822 1382 3015 1452 quibus
3042 1380 3301 1435 Dominus
3330 1387 3518 1434 noster
3543 1376 3704 1433 Jesus

2112 1478 2354 1534 Christus
2372 1493 2509 1533 unus
2538 1484 2737 1532 sanctae
2765 1473 3068 1541 Trinitatis,
3090 1473 3231 1527 Deus
3258 1471 3498 1527 Verbum
3526 1471 3704 1525 incar-

2113 1578 2289 1636 natus,
2314 1570 2645 1640 compositus
2665 1574 2766 1633 est,
2792 1573 2848 1622 et
2879 1564 3026 1635 quod
3051 1579 3237 1620 earum
3265 1561 3572 1618 differentia
3593 1578 3705 1617 non

2113 1665 2435 1734 interempta
2472 1670 2555 1717 est
2600 1667 2824 1731 propter
2867 1657 3131 1713 unitatem
3158 1696 3173 1721 ,
3217 1655 3271 1709 in
3326 1654 3705 1725 superioribus

2112 1758 2350 1827 apertius
2405 1752 2909 1810 demonstravimus.
2969 1749 3037 1803 Et
3089 1746 3428 1804 sufﬁciebant
3482 1746 3705 1816 quidem

2110 1865 2230 1919 qua:
2270 1848 2632 1919 praediximus,
2663 1845 2980 1901 satisfacere
3022 1843 3099 1899 eis
3126 1844 3219 1912 qui
3251 1841 3441 1897 nolunt
3470 1850 3705 1897 conten-

2111 1942 2259 1997 dere.
2289 1939 2397 1996 Sed
2432 1939 2688 2009 quoniam
2717 1937 2793 1992 illi
2821 1937 2914 2006 qui
2953 1935 3121 1993 semel
3144 1933 3213 1989 ad
3241 1934 3581 2004 impietatem
3611 1933 3709 1989 de-

2112 2034 2483 2099 clinaverunt,
2512 2039 2569 2087 et
2596 2031 2701 2085 alia
2729 2043 3034 2101 proponere
3062 2036 3362 2094 conantur,
3388 2027 3708 2083 necessario

2113 2141 2212 2181 1105
2257 2131 2312 2179 ει
2356 2123 2490 2179 ιοιοε
2535 2136 2722 2178 eorum
2767 2120 3085 2176 occasiones
3131 2133 3299 2174 vanas
3327 2117 3705 2173 ostendemus.

2117 2216 2311 2270 Dicunt
2331 2213 2473 2268 enim
2499 2227 2608 2266 non
2634 2219 2889 2281 Oportere
2918 2210 3224 2279 vituperare
3258 2207 3477 2278 impiam
3499 2208 3707 2277 episto-

2120 2308 2251 2376 lam,
2273 2322 2340 2362 eo
2361 2305 2505 2375 quod
2519 2305 2573 2360 in
2589 2304 2875 2374 aliquantis
2896 2303 3065 2358 fertur
3084 2301 3376 2358 codicibus.
3400 2301 3509 2357 Sed
3528 2302 3575 2357 si
3602 2301 3710 2357 hoc

2119 2406 2311 2475 aliquis
2327 2402 2619 2460 secundum
2633 2418 2820 2458 eorum
2844 2400 3170 2457 dementiam
3187 2400 3414 2456 sufﬁciat
3436 2400 3521 2473 [Ρ.
3536 2403 3712 2457 susci-

2117 2495 2272 2568 piat],
2297 2502 2511 2567 oportet
2529 2504 2585 2552 et
2598 2495 2902 2552 Nestorium
2923 2503 2978 2549 et
3002 2493 3296 2566 Eutychem
3322 2493 3540 2563 suscipi,
3570 2508 3714 2563 quo-

2121 2589 2265 2642 niam
2289 2587 2514 2657 plurima
2540 2594 2596 2642 et
2614 2586 2682 2642 de
2703 2586 2786 2640 his
2806 2587 2859 2641 in
2880 2586 3045 2655 gestis
3068 2586 3409 2640 continentur
3427 2600 3551 2653 qua
3565 2585 3714 2656 apud

2116 2678 2381 2751 synodum
2407 2688 2528 2735 acta
2568 2685 2712 2733 sunt.
2739 2676 2847 2732 Sed
2884 2692 3043 2733 nemo
3087 2677 3304 2746 sapiens
3325 2674 3484 2731 dictis
3513 2691 3714 2731 eorum

2117 2770 2353 2825 animum
2376 2769 2641 2825 intendet.
2669 2768 2799 2837 Quae
2818 2770 2961 2825 enim
2982 2769 3049 2823 de
3075 2768 3337 2824 haereticis
3356 2770 3719 2838 proferuntur

2120 2862 2170 2915 in
2200 2860 2422 2932 synodis
2449 2869 2505 2917 et
2528 2876 2652 2931 pars
2678 2869 2951 2930 gestorum
2985 2858 3147 2927 ﬁunt,
3193 2876 3302 2914 non
3330 2859 3399 2913 ad
3427 2860 3718 2917 liberatio-

2118 2970 2241 3009 nem
2283 2953 2594 3009 inseruntur
2616 2996 2632 3021 ,
2676 2955 2771 3009 sed
2801 2954 2870 3007 ad
2909 2954 3168 3022 majorem
3198 2950 3717 3012 condemnatioitem

2120 3062 2328 3112 eorum,
2367 3054 2424 3102 et
2451 3047 2543 3117 qui
2572 3047 2653 3103 eis
2679 3047 2874 3102 similia
2902 3048 3135 3117 sapiunt.
3185 3056 3199 3085 ί
3234 3046 3491 3114 Quamvis
3526 3059 3717 3105 autem

2119 3138 2447 3208 exemplaria
2487 3138 2662 3208 impiae
2690 3139 2932 3208 epistolae
2959 3154 3077 3209 quae
3123 3139 3580 3196 circumferuntur
3601 3181 3618 3208 ,
3666 3144 3720 3199 in

2120 3232 2386 3302 aliquibus
2410 3231 2780 3299 codicibus,ut
2804 3231 3005 3286 dictum
3020 3216 3121 3296 est,
3152 3231 3351 3287 inserta
3366 3232 3496 3296 sint,
3530 3241 3719 3292 tamen

2121 3325 2175 3379 in
2204 3324 2531 3380 authenticis
2563 3325 2618 3380 in
2639 3325 2835 3395 quibus
2861 3324 3185 3381 sanctissimi
3205 3324 3445 3395 episcopi
3474 3326 3723 3384 subscri-

2119 3431 2362 3493 pserunt,
2392 3423 2699 3478 nullatenus
2721 3422 3085 3478 inveniuntur.
3100 3419 3325 3491 Oportet
3340 3430 3521 3478 autem
3550 3426 3722 3480 etiam

2123 3513 2254 3569 illud
2272 3512 2553 3568 attendere
2569 3528 2663 3568 eos
2682 3513 2775 3581 qui
2800 3513 3084 3568 veritatem
3107 3521 3539 3583 perscrutantur,
3569 3515 3725 3585 quod

2122 3604 2350 3661 forsitan
2379 3606 2434 3660 in
2466 3605 2710 3661 conciliis
2735 3603 2980 3673 quaedam
3000 3619 3033 3658 a
3057 3603 3221 3659 certis
3243 3603 3317 3658 ibi
3347 3605 3730 3662 convenientiv

2123 3707 2224 3763 bus
2245 3706 2512 3773 dicuntur,
2541 3713 2635 3762 aut
2660 3721 2758 3775 per
2784 3704 3021 3760 favorem
3040 3746 3055 3772 ,
3098 3711 3191 3759 aut
3221 3719 3320 3774 per
3347 3706 3725 3761 contrarieta~

2125 3807 2267 3867 tem,
2313 3805 2407 3853 aut
2433 3812 2530 3869 per
2554 3798 2938 3867 ignorantiam.
2983 3797 3153 3853 Nemo
3179 3806 3360 3853 autem
3394 3799 3638 3854 attendit
3665 3815 3729 3856 ea

2126 3904 2245 3961 quae
2271 3904 2370 3959 per
2391 3898 2604 3961 partem
2629 3904 2659 3942 a
2685 3887 3010 3959 quibusdam
3034 3888 3283 3944 dicuntur
3314 3906 3328 3944 :
3358 3889 3455 3945 sed
3477 3890 3602 3945 sola
3635 3891 3729 3945 illa

2126 3996 2247 4051 qua:
2284 3982 2352 4037 ab
2389 3982 2637 4038 omnibus
2674 3982 2947 4037 communi
2973 3997 3238 4037 consensu
3265 3982 3629 4038 deﬁniuntur.
3673 3984 3731 4039 Si

2129 4074 2272 4128 enim
2311 4073 2503 4143 aliquis
2531 4073 2826 4129 secundum
2854 4072 2974 4129 illos
2995 4074 3228 4129 voluerit
3255 4074 3543 4130 attendere
3570 4077 3729 4145 ejus-

2130 4166 2275 4221 modi
2303 4166 2739 4232 contrarietates,
2783 4180 3119 4235 unaquaeque
3143 4166 3379 4237 synodus
3411 4167 3729 4222 invenietur

2131 4260 2474 4331 semetipsam
2504 4260 2807 4315 destruens.
2849 4258 3080 4329 Propter
3102 4260 3217 4315 haec
3244 4260 3406 4330 igitur
3430 4262 3735 4329 oportebat

437 4344 575 4402 λικῆς
604 4343 893 4404 ἐκκλησίας,
934 4347 1015 4398 καί
1040 4345 1265 4415 μάλιστα
1294 4353 1365 4417 τῷ
1395 4347 1443 4399 ἐν
1470 4345 1632 4417 ἁγίοις
1657 4346 1932 4417 Ἀθανασίῳ
1952 4351 2017 4418 τῷ

2132 4365 2245 4418 eos,
2263 4351 2310 4406 si
2336 4358 2581 4405 sanctum
2601 4349 2893 4406 concilium
2914 4358 3063 4404 recte
3083 4349 3434 4419 susciperent,
3461 4366 3569 4403 non
3592 4352 3734 4406 tales

438 4436 685 4509 γενομένῳ
710 4443 799 4495 τῆς
823 4434 1173 4509 ’Λλεξανδρέων
1195 4438 1453 4497 ἐκκλησίας
1484 4438 1766 4507 ἐπισκόπῳ,
1794 4440 1877 4491 καὶ
1905 4437 2028 4492 πολ-

439 4524 557 4583 λοὺς
596 4527 679 4578 καὶ
717 4524 966 4596 μεγάλους
1006 4527 1205 4598 ἀγῶνας
1245 4525 1590 4597 ἀναδεξαμένῳ
1623 4530 1763 4605 ⁹ύπιέρ
1809 4536 1899 4588 τῆς
1928 4535 2027 4582 τῶν

440 4621 751 4686 Χριστιανῶν
800 4618 1020 4676 πίστεως
1066 4617 1213 4692 ὀρθῆς
1256 4618 1385 4671 κατὰ
1424 4619 1595 4677 πάσης
1634 4618 1894 4694 αἱρέσεως,
1945 4620 2029 4673 καί

443 4708 670 4779 μάλιστα
712 4714 812 4762 τῶν
855 4706 1209 4761 ἀσεϐεστάτων
1251 4715 1551 4781 ’Δρειανῶν·
1586 4715 1685 4763 τῶν
1731 4710 1827 4784 γὰρ
1857 4711 2027 4764 αὐτῶν

442 4799 709 4875 ’Λρειανών
746 4802 872 4873 πρὸς
896 4799 1092 4857 ἀπάτην
1122 4806 1218 4853 τῶν
1243 4799 1374 4853 λαῶν
1400 4801 1473 4859 εἰς
1504 4804 1595 4859 τήν
1625 4801 1815 4856 ἑαυτῶν
1843 4800 2027 4877 μερίδα
2070 4802 2089 4821 ⁸

444 4892 809 4963 ἐπισπωμένων
838 4892 1114 4955 Διονύσιον,
1146 4892 1245 4966 πρὸ
1285 4890 1474 4943 πολλῶν
1506 4893 1629 4946 ἑτῶν
1658 4898 1747 4947 τοῦ
1777 4890 1827 4946 έν
1869 4892 2030 4964 ἁγίοις

462 4982 736 5039 Αθανασίον
788 4988 878 5040 τῆς
906 4978 1269 5053 Ἀλεξανδρείας
1312 4979 1574 5052 γενόμενον
1615 4982 1906 5047 ἐπίσκοπον,
1950 4985 2033 5036 καί

442 5072 707 5145 λεγόντων,
738 5078 805 5134 ὡς
851 5076 933 5130 καί
982 5074 1138 5133 αὐτὸς
1180 5072 1206 5126 ὁ
1254 5075 1510 5134 Διονύσιος
1556 5077 1619 5131 τά
1669 5072 1814 5146 ὅμοια
1863 5079 2034 5137 αὐτοῖς

446 5167 731 5241 ἐφρόνησεν,
765 5166 1053 5223 Ἀθανάσιος
1082 5163 1107 5218 ό
1134 5166 1295 5237 μέγας
1324 5175 1414 5226 τῆς
1446 5168 1707 5230 ἐκκλησίας
1734 5167 2033 5230 διδάσκαλος

444 5261 642 5321 πολλοῖς
697 5260 907 5334 τρόποις
957 5258 1217 5334 ἐγγράφως
1262 5259 1507 5325 ἀπέδειξε,
1541 5265 1630 5320 τήν
1676 5262 1821 5333 ὀρθὴν
1860 5265 2035 5318 πίστιν

445 5354 707 5408 Διονύσιον
738 5352 784 5414 ἐξ
812 5352 986 5425 ἀρχῆς
1011 5350 1237 5426 κηρύξαι,
1274 5353 1355 5405 καί
1381 5350 1626 5423 μηδαμῶς
1654 5354 2034 5411 ἐπικοινωνῆσαι

443 5454 507 5520 τῇ
543 5451 641 5497 τῶν
675 5442 933 5515 ’Δρειανῶν
971 5444 1199 5517 ἀσεϐείέ.
1231 5438 1387 5498 Οὗτοι
1427 5442 1480 5498 δέ
1520 5446 1585 5499 τά
1624 5451 1722 5498 τῶν
1766 5445 2033 5518 αίρετικῶν

442 5544 742 5613 φρονοῦντες
770 5543 858 5597 τήν
888 5540 1068 5591 οἰκείαν
1090 5538 1322 5592 ἀσέϐειαν
1351 5540 1508 5611 ταύτῃ
1538 5540 1832 5611 περιάπτειν
1861 5560 2033 5592 σπου-

446 5630 705 5695 δάζουσιν.
734 5638 936 5686 Ὀπιαῖον
970 5629 1022 5684 δέ
1053 5633 1162 5686 ἐστι
1190 5632 1497 5706 κατάκριμα,
1533 5632 1617 5684 καί
1642 5632 1761 5686 ποία
1791 5631 2034 5686 ἐπίκειται

524 5819 542 5853 ⁸
582 5812 708 5874 llaec
734 5813 929 5872 absunt
955 5826 986 5869 a
1024 5826 1125 5871 ms.
1158 5810 1482 5871 Bobieriano
1504 5849 1522 5883 ,
1571 5817 1626 5869 et
1668 5808 1811 5888 apud
1855 5808 2257 5877 Lcunclavium.

1546 5977 1589 5992 ἢ

2131 4440 2491 4511 blasphemias
2520 4441 2571 4496 ei
2601 4441 2899 4511 applicare,
2945 4440 3039 4497 sed
3066 4442 3218 4510 sequi
3246 4441 3498 4497 doctores
3529 4445 3735 4500 catho-

2132 4532 2250 4588 liczn
2274 4531 2548 4598 Ecclesia,
2582 4540 2639 4588 et
2663 4531 2894 4588 maxime
2921 4541 3166 4591 sanctum
3196 4532 3547 4589 Athanasium
3570 4576 3585 4602 ,
3640 4538 3734 4605 qui

2133 4624 2232 4681 fuit
2271 4624 2608 4681 Alexandriae
2638 4626 2963 4695 episcopus,
3010 4635 3066 4681 et
3106 4626 3364 4697 plurimos
3394 4634 3451 4682 et
3495 4641 3737 4696 magnos

2131 4718 2343 4773 labores
2371 4718 2608 4787 suscepit
2629 4733 2728 4788 pro
2754 4727 2906 4774 recta
2932 4718 3359 4776 Christianorum
3388 4719 3492 4775 ﬁde
3530 4721 3738 4777 adver-

2131 4824 2222 4864 sus
2251 4824 2467 4864 omnem
2492 4809 2719 4863 hmresin
2744 4851 2760 4879 ,
2792 4818 2847 4865 et
2890 4810 3127 4867 maxime
3153 4820 3344 4867 contra
3371 4812 3736 4882 impiissimos

2134 4900 2380 4953 Arianos.
2429 4898 2561 4969 Ipsis
2590 4900 2735 4955 enim
2764 4900 2977 4956 Ariauis
3018 4902 3086 4956 ad
3113 4901 3457 4973 decipiendos
3490 4905 3738 4973 populos

2134 5006 2231 5045 suo
2260 4990 2428 5045 errori
2460 4989 2907 5060 conjuugentibus
2930 4992 3261 5064 Dionysium,
3303 4994 3394 5061 qui
3422 5000 3553 5047 ante
3581 4995 3737 5049 mul-

2137 5090 2220 5135 tos
2250 5096 2420 5137 annos
2459 5079 2739 5137 Athanasii
2778 5082 2981 5155 [multis
3008 5084 3163 5141 annis
3190 5092 3317 5139 ante
3346 5083 3737 5155 Athanasium]

2137 5173 2235 5227 fuit
2265 5172 2607 5227 Alexandria:
2631 5174 2936 5244 episcopus,
2960 5182 3017 5229 et
3037 5174 3339 5229 dicentibus
3355 5174 3499 5243 quod
3533 5182 3591 5227 et
3614 5176 3741 5244 ipso

2137 5266 2421 5337 Dionysius
2450 5265 2643 5321 similia
2670 5266 2749 5321 eis
2778 5266 2988 5336 sapuit,
3014 5266 3339 5321 Athanasius
3368 5279 3595 5334 magnus
3623 5264 3739 5321 Ec-

2136 5358 2313 5412 clesia:
2334 5358 2525 5414 doctor
2540 5357 2722 5413 multis
2744 5358 2917 5413 modis
2934 5356 3167 5412 ostendit
3188 5358 3241 5412 in
3272 5356 3505 5426 scriptis,
3518 5366 3739 5411 rectam

2136 5449 2293 5507 ﬁdem
2312 5451 2626 5523 Dionysium
2650 5450 2716 5505 ab
2739 5450 2893 5505 initio
2924 5451 3267 5520 praedicasse,
3285 5449 3543 5517 nulloque
3566 5450 3741 5504 modo

2136 5542 2458 5613 participem
2491 5541 2703 5596 Arianae
2732 5540 3024 5610 impietatis
3050 5539 3232 5595 fuisse.
3284 5539 3374 5594 Isti
3407 5546 3587 5594 autem
3619 5539 3741 5592 lue-

2135 5634 2303 5689 rctica
2332 5634 2625 5705 sapientes,
2646 5648 2795 5694 suam
2822 5632 3154 5705 impietatem
3179 5634 3351 5693 cidem
3381 5633 3589 5707 synon
3629 5646 3740 5700 atp-

2417 5804 2427 5813 .
2463 5797 2551 5819 ..κη
