3988 6346
195 240 291 299 εδτ

1246 207 1592 307 insnum
1630 245 1761 306 Lm.
1800 246 1960 307 εον.
2001 245 2376 307 amomum.

2843 169 2894 187 ,α

196 357 287 432 ἀρά
323 361 422 418 τοῖς
446 353 516 417 είς
540 355 760 434 πατέρας
792 352 1158 436 ἁμαρτάνουσι,
1194 358 1422 419 διδάσκει
1449 365 1585 435 ἡμᾶς
1612 367 1696 418 καί
1721 365 1741 421 ι

1855 361 2058 433 plicare
2096 360 2370 419 festinant.
2403 363 2588 433 Qualis
2615 375 2794 426 autem
2825 377 2910 429 est
2935 371 3349 447 condemnatio,
3381 383 3440 432 et

197 450 291 504 θεία
314 452 490 522 γραφή.
515 451 575 503 Ei
601 450 699 526 γάρ
725 453 842 522 Χάμ
869 451 895 506 ὁ
927 453 1037 514 υίὸς
1061 461 1150 509 τοῦ
1179 461 1284 510 Νῶε
1312 456 1623 526 θεασάμενος
1647 477 1745 528 γυ-

197 541 300 613 μνὸν
322 540 400 594 τὸν
423 538 543 596 ἴδιον
566 543 785 618 πατέρα,
827 546 912 600 καί
949 549 1018 618 μὴ
1040 545 1272 617 καλύψας
1308 551 1398 606 την
1431 554 1522 602 τοῦ
1552 548 1748 626 πατρὸς

198 640 466 709 σωματικήν
513 638 793 709 γύμνωσιν,
837 639 1038 704 έξελθών
1087 643 1346 716 ἐπήγγειλε
1401 644 1592 704 ταύτην
1637 652 1749 706 τοῖς

196 728 415 804 ἀδελφοῖς,
443 734 524 786 καί
553 733 728 789 ίκεῖνοι
755 735 941 808 ίματίῳ
963 735 1153 796 ταύτην
1180 739 1620 814 πιριεσκέπασαν,
1649 741 1749 795 αύ-

195 825 270 884 τὸς
296 823 344 880 δέ
367 826 477 894 Χάμ
497 828 581 880 καί
607 827 653 881 oi
683 813 735 892 έξ
759 829 917 884 αὐτοῦ
951 813 1265 902 γεννηθέντες
1292 831 1393 886 ύπό
1419 832 1645 907 κατάραν
1669 851 1750 906 γε·

193 916 391 990 γόνασιν,
421 919 465 972 οἱ
487 915 544 972 δέ
564 922 916 984 σκεπάσαντες
943 925 1170 996 εὐλογίας
1196 924 1416 999 μεγάλης
1439 926 1743 989 ἠξιώθησαν·

192 1008 335 1082 πολλῷ
351 1009 526 1076 μᾶλλον
548 1008 689 1066 οὗτοι
707 1015 930 1086 μείζονος
953 1017 1039 1070 καί
1057 1013 1133 1070 ἔτι
1152 1015 1376 1077 πλείονος
1399 1019 1748 1092 κατακρίσεὼς

192 1105 300 1156 εἰσιν
327 1097 470 1167 ἄξιοι,
498 1104 545 1158 οί
586 1109 678 1164 την
717 1105 964 1179 μηδαμῶς
983 1115 1282 1185 προσοῦσαν
1308 1111 1511 1180 ἀτιμίαν
1621 1130 1746 1164 συν-

190 1189 272 1262 όδῳ
303 1191 668 1258 σπουδάζοντες
713 1195 799 1252 διά
835 1206 927 1259 τῆς
951 1199 1191 1261 ἀσεϐείας
1231 1209 1323 1260 τῆς
1361 1201 1631 1260 ἐπιστολῆς
1666 1203 1746 1256 καί

189 1281 416 1354 Θεοδώρου
439 1290 742 1363 περιάπτειν
953 1289 1075 1347 Ἀλλ’
1099 1293 1157 1347 οὐ
1187 1289 1272 1348 διὰ
1297 1298 1446 1350 τοῦτο
1485 1295 1516 1352 ἦ
1554 1294 1745 1355 ἀσεϐής

189 1377 413 1444 ἐπιστολὴ.
434 1379 464 1440 ἦ
491 1381 538 1436 oi
560 1384 756 1444 ταύτης
775 1384 1176 1456 ἀντιποιούμενοι
1203 1386 1518 1460 ἐκφεύξονται
1545 1391 1636 1446 τήν
1662 1387 1744 1440 ἐπί

187 1479 236 1545 τῇ
257 1473 402 1528 αὐτῶν
428 1475 646 1552 ἀσεϐείᾳ
669 1479 984 1554 κατάκρισιν.
1014 1477 1132 1534 Ἀλλ’
1154 1478 1270 1534 οὐδὲ
1295 1477 1557 1551 Θεόδωρος
1577 1479 1603 1534 ὁ
1623 1477 1744 1534 Ἐλ-

186 1563 308 1624 ληνάς
341 1586 391 1621 τε
438 1571 521 1623 καί
572 1566 849 1631 Ἰουδαίους
871 1575 955 1626 καί
997 1577 1192 1632 πάντας
1231 1573 1507 1646 αίρετικούς
1619 1574 1746 1628 ἀσε-

187 1653 278 1727 ϐείᾳ
301 1655 744 1733 ὑπερϐαλλόμενος.
775 1657 940 1722 οὗτος
965 1663 1064 1738 γάρ
1093 1668 1225 1738 πρ’ς
1258 1671 1369 1723 ταῖς
1397 1659 1570 1724 ἄλλαις
1589 1663 1740 1718 αὐτοῦ

1853 455 2028 527 qualis
2068 455 2313 512 imminet
2337 459 2645 516 maledictio
2673 463 2752 518 eis
2777 465 2867 534 qui
2891 467 2946 521 in
2974 464 3162 523 Patres
3189 477 3435 539 peccant,

1852 549 2012 605 docet
2035 564 2135 605 nos
2163 557 2219 605 et
2256 549 2434 606 divina
2465 551 2766 624 Scriptura.
2817 556 2874 612 Si
2903 559 3046 614 enim
3087 560 3256 616 Cham
3298 563 3440 619 illius

1851 639 1967 697 Noe
2011 640 2221 712 (Cenes.
2265 643 2343 714 ix)
2393 659 2516 700 cum
2545 645 2769 702 vidisset
2795 647 2998 703 nudum
3022 666 3176 706 suum
3204 661 3436 724 patrem,

1850 733 2104 804 quoniam
2129 750 2238 791 non
2259 737 2544 806 cooperuit
2570 738 2738 808 patris
2757 740 3095 810 corporalem
3118 743 3436 810 nuditatem,

1851 825 1946 882 sed
1974 840 2226 895 egressus
2255 829 2523 884 nuntiavit
2549 844 2670 885 eam
2717 831 3003 900 fratribus,
3055 841 3111 888 et
3154 834 3228 890 illi
3269 838 3440 893 vesti-

1850 924 2034 972 mento
2047 932 2165 972 eam
2183 928 2600 989 cooperuerunt,
2619 920 2736 991 ipse
2747 920 2962 990 quidem
2978 921 3169 989 Cbam,
3187 931 3244 979 et
3258 925 3332 980 illi
3345 926 3436 996 qui

1849 1025 1915 1067 ex
1947 1011 2065 1082 ipso
2091 1013 2203 1066 nati
2233 1017 2378 1079 sunt,
2427 1013 2527 1068 sub
2570 1012 2950 1069 maledictioue
2978 1013 3103 1070 facti
3132 1023 3296 1083 sunt;
3344 1017 3437 1088 qui

1849 1109 2029 1156 autem
2050 1111 2467 1173 cooperuerunt,
2496 1117 2746 1172 magnam
2772 1104 3203 1162 benedictionem
3224 1121 3438 1162 merue-

1849 1203 1974 1249 runt
2023 1211 2035 1247 :
2079 1195 2250 1251 multo
2288 1195 2460 1265 magis
2502 1195 2590 1252 isti
2620 1195 2826 1266 majore
2866 1205 2921 1253 et
2949 1197 3211 1268 ampliore
3239 1198 3440 1255 conde-

1848 1289 2125 1345 mnatione
2150 1288 2295 1358 digni
2335 1297 2481 1356 sunt,
2527 1290 2620 1359 qui
2645 1290 2713 1345 ad
2740 1291 3002 1362 synodum
3027 1292 3251 1349 minime
3271 1293 3441 1364 perti-

1850 1389 2069 1434 nentem
2091 1379 2385 1448 infamiam,
2402 1380 2661 1436 festinant
2685 1396 2784 1452 per
2809 1382 3142 1454 impietatem
3171 1384 3433 1455 epistolas,

1849 1480 1906 1529 et
1951 1472 2248 1542 Theodori,
2297 1475 2475 1530 eidem
2523 1484 2723 1530 sanctae
2753 1475 2960 1547 synodo
2988 1478 3279 1548 applicare.
3329 1477 3437 1533 Sed

1850 1580 1960 1620 non
1989 1564 2112 1621 ideo
2141 1565 2303 1636 impia
2326 1566 2583 1638 epistola,
2613 1566 2700 1621 vel
2730 1566 3083 1623 defendentes
3111 1584 3264 1638 eam,
3305 1585 3440 1625 con-

1849 1655 2249 1711 demnationem
2298 1672 2407 1712 suae
2450 1657 2745 1729 impietatis
2785 1657 3041 1728 effugient
3083 1675 3098 1713 :
3139 1659 3234 1716 sed
3262 1675 3440 1730 neque

181 1745 488 1820 βλασφημίαις
513 1753 606 1805 οὐκ
627 1756 838 1828 ἠρκέσθη
865 1761 939 1826 τῷ
964 1755 1095 1829 πρὸς
1113 1759 1203 1813 τήν
1230 1751 1360 1808 ίδίαν
1389 1753 1578 1813 πλάνην
1605 1774 1740 1830 παρ-

1849 1744 2197 1814 Theodorus,
2233 1749 2324 1817 qui
2365 1761 2605 1819 paganos
2633 1756 2688 1804 et
2715 1749 2946 1816 Judreos,
2973 1757 3029 1806 et
3055 1765 3247 1806 omnes
3275 1751 3440 1807 hmre—

182 1845 458 1909 ερμηνεῦσαι
483 1843 545 1898 τὸ
586 1843 840 1917 σύμϐολον
879 1853 982 1901 τῶν
1005 1850 1312 1922 τριακοσίων
1340 1845 1461 1902 δέκα
1503 1848 1588 1902 καί
1614 1849 1744 1904 ὀκτώ

181 1925 312 2001 ἀγίων
344 1934 608 2006 πατέρων,
639 1935 764 1990 ἀλλά
804 1938 888 1992 καί
922 1942 1301 2014 περιφρονήσας
1341 1939 1526 1994 τούτου
1567 1939 1742 2013 ἕτερον

181 2023 404 2094 σύμϐολον
430 2027 624 2090 ἐξέθετο
662 2029 835 2090 πάσης
871 2031 1116 2092 ἀσεϐείας
1161 2032 1584 2107 πεπληρωμένον,
1627 2035 1678 2087 ἕν

179 2113 502 2185 ἀναθεματίσαι
539 2119 666 2179 τοὺς
715 2120 901 2196 ἑτέρως
949 2128 1272 2198 φρονοῦντας,
1300 2123 1330 2182 ἣ
1367 2111 1743 2201 παραδιδόντας

178 2205 435 2277 ἐτόλμησεν·
465 2210 604 2264 ὥστε
647 2208 765 2266 ὅσον
801 2214 932 2268 κατά
971 2219 1062 2272 τὴν
1099 2215 1295 2268 έκείνων
1329 2218 1512 2287 μανίαν
1545 2217 1742 2279 πάντας

127 2311 134 2318 ·
176 2298 281 2357 τοὺς
320 2296 482 2369 ἁγίους
519 2299 858 2369 ἀποστόλους,
907 2307 993 2360 καί
1039 2306 1270 2380 πατέρας
1313 2309 1702 2384 κατακεκρίσθαι
1723 2324 1739 2340 °

175 2393 303 2478 τοῦτο
338 2388 388 2445 δέ
425 2393 484 2447 τὸ
525 2394 714 2456 ἀσεϐές
743 2395 1005 2472 Θεοδώρου
1043 2399 1299 2469 σύμϐολον
1341 2403 1423 2456 καί
1451 2402 1501 2455 iv
1630 2402 1742 2458 κατ’

175 2472 353 2550 Ἐφεσον
396 2487 579 2560 πρώτῃ
606 2485 806 2559 συνόδῳ
843 2492 1204 2564 προκομισθῇδ,
1251 2495 1337 2548 καί
1389 2495 1439 2548 έν
1473 2472 1744 2553 Χαλκηδόνι

173 2572 458 2647 ἆναγνωσθίν
485 2580 566 2653 ὑφ’
593 2582 836 2660 ἑκατέρας
865 2583 1084 2640 συνόδου
1113 2589 1245 2656 μετά
1267 2593 1355 2642 τοῦ
1377 2589 1639 2659 ἐκθεμένου
1660 2593 1744 2645 καί

173 2671 254 2722 τῶν
278 2665 550 2743 δεξαμένων
577 2675 705 2729 αὐτὸ
731 2678 1015 2750 κατεκρίθη.

221 2939 411 3002 Ἐπειδή
459 2942 516 2998 δέ
554 2967 684 3009 τινες
710 2946 798 3003 τὸν
824 2947 960 3022 ὑπέρ
983 2947 1245 3023 Θεοδώρου
1273 2949 1417 3022 λογον
1455 2955 1746 3020 ποιούμενοι

167 3037 528 3112 προφερομένων
551 3045 651 3092 τῶν
679 3040 883 3094 ἀσεϐῶν
903 3041 1060 3094 αὐτοῦ
1088 3045 1506 3114 συγγραμμάτων
1542 3040 1624 3096 διὰ
1656 3048 1746 3102 τήν

1847 1837 1986 1894 ticos
2027 1840 2305 1910 impietate
2344 1853 2588 1912 superat.
2634 1842 2805 1914 lmpio
2836 1845 2980 1899 enim
3017 1844 3306 1901 Theodoro
3330 1861 3437 1901 non

1846 1929 2060 1986 suffecit
2087 1947 2250 2004 super
2277 1933 2410 1989 alias
2447 1933 2564 2004 ejus
2600 1935 2964 2007 blasphemias
3001 1937 3068 1993 ad
3096 1953 3249 1993 suum
3286 1953 3442 1995 erro-

1848 2037 1964 2078 rem
1993 2023 2134 2079 male
2162 2024 2504 2096 interpretari
2526 2028 2830 2097 symbolum
2860 2038 3221 2085 trecentorum
3248 2031 3437 2087 decem

1845 2123 1900 2170 et
1921 2123 2044 2171 octo
2073 2125 2385 2172 sanctorum
2416 2116 2660 2184 Patrum,
2703 2119 2798 2174 sed
2825 2121 2988 2174 etiam
3009 2131 3321 2193 contempto
3342 2139 3430 2188 eo,

1845 2205 1990 2262 aliud
2019 2208 2324 2280 symbolum
2353 2210 2607 2279 exposuit
2635 2212 2780 2266 omni
2811 2212 3086 2282 impietate
3114 2215 3350 2284 plenum,
3381 2216 3437 2270 in

1844 2313 1954 2370 quo
1982 2301 2446 2356 anathematizare
2487 2317 2650 2357 ausus
2679 2310 2763 2358 est
2787 2318 2884 2360 eos
2923 2304 3016 2375 qui
3046 2305 3203 2361 aliter
3221 2307 3436 2376 sapiunt

1843 2395 1930 2450 vel
1961 2395 2198 2460 tradunt.
2225 2403 2305 2466 ut,
2337 2405 2597 2468 quantum
2620 2397 2687 2453 ad
2715 2397 2857 2454 illius
2884 2400 3148 2456 insaniam
3179 2401 3434 2472 pertinet,

1845 2503 2035 2543 omnes
2057 2489 2230 2544 sancti
2247 2488 2480 2560 apostoli
2506 2498 2562 2546 et
2577 2488 2766 2546 Patres
2787 2491 3298 2548 condemnarentur.
3321 2491 3440 2550 Hoc

1845 2587 2026 2634 autem
2058 2577 2328 2636 Theodori
2358 2579 2580 2651 impium
2614 2580 2916 2653 symbolum
2960 2590 3017 2638 et
3061 2583 3119 2638 in
3165 2581 3436 2655 Ephesina

1843 2670 2019 2740 prima
2059 2669 2269 2743 synodo
2293 2671 2588 2742 prolatum,
2621 2680 2676 2727 et
2705 2672 2758 2726 in
2787 2669 3219 2729 Chalcedonensi
3243 2675 3443 2730 recita-

1845 2772 1982 2828 tum,
2013 2764 2080 2819 ab
2107 2754 2334 2834 utraque
2362 2765 2572 2838 synodo
2596 2781 2719 2822 cum
2744 2765 2861 2835 ejus
2889 2767 3233 2838 expositore,
3279 2775 3335 2825 et
3361 2769 3441 2827 eis

1847 2857 1939 2926 qui
1967 2855 2098 2910 illud
2128 2857 2461 2927 suscipiunt,
2491 2859 2906 2916 condemnatum
2937 2869 3037 2917 est.

1920 2947 2188 3014 Quoniam
2218 2957 2398 3002 autem
2429 2949 2678 3020 quidam,
2724 2952 2889 3006 verba
2919 2968 3020 3023 pro
3045 2952 3332 3013 Theodoro
3356 2957 3437 3013 fa-

1851 3036 2079 3104 cientes,
2104 3053 2224 3092 cum
2255 3037 2606 3110 proferuntur
2629 3041 2792 3112 impia
2824 3041 2940 3112 ejus
2968 3046 3294 3118 conscripta,
3321 3065 3442 3120 pro-

166 3122 355 3181 ίνοῡσαν
412 3127 594 3188 αὐτοῖς
631 3130 948 3204 βλασφημίαν
992 3139 1397 3204 προσποιοῦνται
1440 3136 1530 3206 μέν
1562 3135 1741 3208 λέγειν,

1851 3139 1973 3200 pter
2019 3128 2278 3185 insertam
2317 3131 2397 3186 eis
2430 3130 2823 3202 blasphemiam
2871 3134 3186 3206 contingunt
3223 3139 3441 3208 quidem

166 3211 226 3270 ὅτι
245 3217 416 3276 ἀσεϐῆ
445 3224 618 3274 ταῦτα
658 3223 930 3292 τυγχάνει,
959 3223 1106 3278 αὐτὸν
1145 3222 1200 3278 δέ
1238 3225 1324 3280 τὸν
1349 3227 1587 3284 τοιαύτην
1621 3228 1746 3282 ἀσέ-

168 3307 282 3362 ϐειαν
309 3309 628 3380 ἔξεμέσαντα
655 3320 1023 3387 παραιτοῦνται
1065 3317 1463 3387 ἀναθεματίζειν,
1487 3319 1743 3392 θαυμάζο-

169 3422 240 3470 μεν
262 3410 350 3465 τὴν
380 3406 582 3460 τούτων
610 3402 802 3473 ἄνοιαν,
835 3406 912 3463 ὅτι
939 3417 1001 3485 τῇ
1027 3411 1134 3484 θείᾳ
1167 3411 1418 3482 τολμῶσιν
1450 3413 1743 3468 ἐναντιοῦσ-

168 3498 232 3552 θαι
252 3508 416 3576 γραφῇ
440 3508 663 3576 φανερῶς
687 3504 932 3574 λεγούσῃ,
957 3499 1036 3557 ὅτι
1062 3519 1082 3553 ε
1105 3503 1154 3555 ἐν
1177 3501 1272 3575 ἴσῳ
1299 3507 1490 3576 μισητά
1516 3513 1625 3579 Θεῷ
1658 3509 1745 3561 καί

169 3585 396 3646 ὃάσεϐῶν
418 3594 508 3647 καί
528 3594 558 3651 ἡ
580 3593 784 3648 ἀσέϐεια
805 3596 983 3649 αὑτοῦ.
1008 3613 1026 3645 ε
1061 3599 1150 3649 lict!
1177 3597 1274 3670 γὰρ
1301 3597 1361 3651 τὸ
1389 3599 1627 3672 πραχθὲν
1652 3601 1745 3653 σὺν

171 3691 228 3751 τῷ
260 3682 505 3760 δράσαντι
544 3687 920 3744 κολασθήσεται.
957 3689 1013 3742 Ei
1041 3685 1094 3742 δέ
1121 3686 1307 3760 ὁμοίως
1334 3697 1395 3764 τῇ
1422 3692 1575 3745 αὐτοῦ
1617 3692 1740 3744 ἀσε-

172 3772 264 3848 ϐείᾳ
286 3779 496 3846 murti;
525 3785 634 3851 Θεῷ
661 3780 748 3832 καί
771 3778 797 3832 ὁ
825 3779 1050 3846 ἀσεϐῶν,
1087 3777 1338 3857 πρόδηλον
1366 3783 1434 3841 ὡς
1463 3780 1490 3836 ὁ
1515 3789 1744 3843 τοιοῦτος

170 3869 452 3943 ηχὼρισται
473 3878 572 3927 τοῦ
598 3878 751 3937 Θεοῦ,
779 3874 866 3928 καί
890 3879 964 3946 τῷ
987 3873 1263 3944 ἀναθέματι
1289 3871 1498 3936 δικαίως
1523 3875 1744 3931 ὑποϐάλ-

168 3952 300 4015 λεται.
329 3964 393 4018 Τὸ
412 3968 522 4040 γάρ
544 3964 770 4036 ἀνάθεμα
809 3964 951 4021 οὐδέν
979 3967 1152 4041 ἕτερον
1182 3971 1434 4038 σημαίνει,
1463 3967 1493 4028 ἣ
1529 3969 1614 4024 τὸν
1641 3969 1742 4025 ἀπὸ

169 4055 242 4103 τοῦ
260 4062 377 4109 Θεοῦ
405 4058 703 4134 χωρισμὸν,
736 4060 804 4118 ὡς
831 4058 881 4112 έν
923 4066 986 4132 τῇ
1015 4059 1208 4132 παλαιᾷ
1231 4064 1308 4115 καί
1347 4069 1493 4131 καινῇ
1533 4058 1741 4136 διαθήκῃ

170 4141 216 4193 τὸ
238 4148 452 4220 περὶτοῦ
491 4147 810 4220 ἀναθέματος
848 4155 1012 4220 κρῖμα
1050 4146 1215 4207 δηλοῖ.
1239 4147 1355 4205 Ὀτι
1394 4148 1447 4205 δέ
1495 4150 1521 4204 ὁ
1565 4153 1741 4230 κύριος

171 4237 267 4295 τείας
293 4245 356 4308 μὴ
385 4237 544 4299 ὄντας
581 4241 630 4295 έν
656 4248 730 4314 τῷ
754 4248 844 4302 τῆς
867 4241 1094 4304 ἀληθείας
1122 4243 1280 4297 αὐτοῦ
1307 4243 1460 4318 λόγῳ,
1487 4264 1741 4316 κεχωρισ-

172 4326 320 4396 μένους
363 4328 486 4389 εἶναι
544 4331 672 4404 λέγει
699 4341 790 4394 τῆς
839 4334 1120 4399 ἐκκλησίας,
1166 4335 1218 4388 έν
1254 4343 1326 4408 τῷ
1355 4338 1487 4392 κατά
1513 4334 1740 4396 Ἰωάννην

174 4419 406 4496 εὐαγγελίῳ
429 4425 569 4501 πρὸς
598 4427 718 4486 τοὺς
745 4424 1025 4488 Ἰουδαίους
1051 4427 1396 4501 διαλεγόμενος
1422 4429 1556 4484 οὕτω
1598 4433 1732 4500 φησί’

1852 3223 2032 3281 dicere
2056 3224 2202 3294 quod
2233 3224 2395 3296 impia
2425 3234 2577 3292 sunt,
2610 3225 2782 3297 ipsum
2813 3236 2990 3284 autem
3033 3231 3125 3301 qui
3154 3231 3315 3288 talem
3341 3232 3444 3287 im-

1850 3317 2107 3390 pietatem
2137 3318 2406 3386 evomuit,
2456 3326 2708 3374 recusant
2737 3321 3198 3378 anathematizare
3231 3341 3244 3376 :
3278 3324 3444 3379 mira-

1848 3425 1970 3465 mur
1996 3425 2185 3466 eornm
2210 3410 2560 3475 dementiam,
2590 3411 2738 3480 quod
2763 3412 2957 3468 divinae
2987 3413 3278 3485 Scriptum
3305 3432 3440 3472 con-

1846 3501 2011 3557 traria
2043 3509 2228 3571 agunt,
2262 3501 2545 3557 evidenter
2572 3502 2791 3568 dicenti,
2826 3504 2951 3572 quia
2981 3505 3250 3576 ιειιιιαιὶιεν
3278 3507 3442 3562 horri-

1848 3592 1974 3647 bilia
2003 3603 2125 3647 sunt
2153 3593 2292 3663 apud
2333 3593 2502 3648 Deum
2529 3595 2719 3665 impius
2766 3606 2816 3650 et
2845 3583 3084 3667 impt‘zlas
3124 3599 3238 3670 ejus
3267 3600 3439 3672 (Sap.

1847 3688 1982 3755 Juv).
2015 3685 2175 3742 Actio
2214 3686 2359 3740 enim
2399 3701 2522 3741 cum
2552 3695 2774 3742 auctore
2802 3686 3029 3762 [actore]
3049 3692 3362 3761 'punietur:
3394 3693 3439 3749 si

1847 3790 2027 3836 autem
2053 3781 2301 3836 similiter
2323 3781 2585 3852 impietati
2613 3783 2886 3840 horribilis
2905 3793 2988 3840 est
3010 3785 3122 3842 Deo
3148 3795 3206 3842 et
3233 3780 3322 3843 ille
3345 3789 3438 3858 qui
3493 3852 3510 3862 ο

1845 3875 2008 3946 impie
2037 3875 2167 3945 agit,
2196 3882 2346 3931 certe
2373 3884 2655 3947 separatus
2679 3886 2763 3933 est
2789 3876 2914 3935 talis
2933 3893 2964 3933 a
2985 3877 3116 3945 Deo,
3137 3887 3193 3933 et
3217 3881 3439 3936 anathe-

1844 3967 1974 4022 mati
2015 3967 2162 4038 juste
2204 3967 2507 4039 subjicitur.
2537 3969 2838 4024 Anathema
2869 3972 3008 4025 enim
3041 3971 3171 4026 nihil
3197 3972 3337 4026 aliud
3369 3973 3442 4027 si-

1843 4060 2091 4131 gniﬁcat,
2125 4061 2224 4116 nisi
2255 4077 2284 4116 a
2317 4061 2428 4117 Deo
2456 4062 2858 4132 separatiouem
2879 4107 2893 4131 ,
2922 4064 3060 4117 sicut
3094 4063 3148 4116 in
3177 4063 3358 4116 Veteri
3386 4072 3439 4119 et

1841 4156 1994 4210 Novo
2022 4154 2369 4210 Testamento
2392 4155 2652 4224 judicium
2677 4155 2744 4208 de
2773 4154 3118 4208 anathemate
3146 4152 3434 4222 signiﬁcat.

1843 4247 1997 4314 Quod
2029 4259 2210 4302 autem
2237 4254 2293 4299 et
2321 4247 2582 4300 Dominus
2611 4259 2707 4297 cos
2745 4243 2834 4313 qui
2867 4259 2974 4298 non
3017 4253 3338 4315 permanent
3383 4246 3437 4302 in

1840 4337 2010 4393 Verbo
2037 4336 2282 4392 veritatis
2331 4335 2535 4404 ipsius,
2595 4341 2876 4404 separatos
2915 4348 3034 4389 esse
3084 4334 3152 4390 ab
3194 4334 3436 4394 Ecclesia

1841 4429 1993 4494 dicit,
2024 4429 2074 4482 in
2106 4425 2400 4495 Evangelio
2426 4424 2720 4479 secundum
2748 4423 3011 4480 Joannem
3040 4423 3256 4483 Judtcos
3296 4429 3434 4482 allo-

179 4527 194 4560 (
213 4520 298 4576 Πᾶς
317 4515 510 4574 ὁποιῶν
539 4522 630 4576 τὴν
650 4518 906 4590 ἁμαρτίαν
925 4517 1103 4578 δοῦλός
1131 4521 1244 4574 ἔστι
1269 4526 1362 4579 τῆς
1388 4519 1665 4592 ἁμαρτίας.
1689 4531 1741 4574 Ὀ

1849 4535 2042 4590 quens,
2083 4518 2161 4574 sic
2183 4518 2259 4572 ait
2302 4534 2316 4570 :
2362 4515 2545 4570 Omnis
2571 4516 2659 4588 qui
2687 4517 2814 4588 facit
2840 4527 3124 4587 peccatum,
3156 4536 3330 4576 servus
3359 4532 3439 4577 est

175 4599 218 4657 δέ
239 4603 393 4670 δοῦλος
412 4617 467 4665 οὺ
500 4611 641 4679 μένει
659 4613 711 4666 έν
821 4614 956 4686 οἰκίᾳ
982 4613 1054 4671 εἰς
1079 4613 1163 4667 τὸν
1197 4614 1378 4678 αἰῶνα,
1401 4610 1429 4666 ὁ
1449 4610 1503 4666 δέ
1522 4611 1632 4672 υίὸς
1655 4614 1738 4683 μέ-

175 4716 240 4752 νει
261 4703 323 4759 είς
347 4705 419 4757 τὸν
436 4710 624 4761 αἰῶνα.
658 4722 678 4756 ι
705 4701 822 4760 Ὀτι
848 4701 903 4758 δὲ
923 4707 1013 4763 τὴν
1028 4705 1173 4778 παρά
1193 4710 1285 4758 τοῦ
1307 4705 1484 4775 κυρίου
1503 4707 1738 4776 ὠνομασ-

177 4791 306 4858 μένην
341 4797 488 4853 οἰκίαν
535 4800 566 4856 ἡ
591 4798 700 4852 θεία
736 4802 903 4872 γραφή
922 4796 1186 4853 ἐκκλησίαν
1225 4802 1353 4850 Θεοῦ
1374 4801 1558 4862 ζῶντος
1580 4798 1733 4864 καλεῖ,

179 4879 471 4950 ὁάπόστολος
522 4897 778 4964 μαρτυρεῖ
811 4890 862 4943 ἂν
894 4895 956 4963 τῇ
990 4888 1122 4961 πρὸς
1155 4886 1396 4959 Τιμόθεον
1426 4892 1603 4968 πρώτῃ
1628 4890 1738 4946 ἐπι-

180 4976 328 5052 στολῇ.

233 5071 284 5122 Εἰ
311 5068 360 5126 δέ
403 5073 610 5149 λέγουσί
655 5093 787 5133 τινες
823 5077 892 5145 μὴ
932 5069 1036 5128 δεῖν
1073 5069 1329 5147 Θεόδωρον
1359 5073 1491 5143 μετά
1527 5063 1737 5128 θάνατον

180 5161 616 5235 ἀναθεματίζεσθαι,
649 5167 880 5222 ἴστωσαν
908 5166 956 5220 οί
981 5166 1066 5222 τὸν
1094 5173 1320 5222 τοιοῦτον
1360 5167 1610 5243 αἱρετικὸν
1650 5168 1734 5221 έκ-

179 5248 422 5324 δαοῦντες,
475 5262 548 5320 ὥς
601 5264 708 5319 πᾶς
760 5258 1012 5335 αίρετεκὸς
1053 5261 1217 5333 μέχρι
1266 5258 1439 5319 τέλους
1476 5266 1539 5332 τῇ
1578 5260 1736 5334 οἰκεία

182 5341 318 5420 πλάνῃ
349 5350 586 5420 ἐμμείνας
623 5348 935 5422 δικαιότερον
977 5341 1193 5408 διηνεκεῖ
1237 5349 1624 5421 ἀναθεματισμῷ
1653 5353 1737 5406 καί

180 5441 288 5502 μετά
309 5442 509 5498 θάνατον
543 5442 904 5499 ὑποϐάλλεται.
943 5444 1046 5497 Καὶ
1063 5446 1217 5496 τοῦτο
1247 5441 1329 5494 έπί
1360 5440 1564 5501 πολλοῖς
1599 5441 1737 5514 τέγο-

181 5549 243 5584 ’κν
266 5536 526 5610 αἱρετικοῖς
546 5538 910 5613 ἀρχαιοτέροις
933 5556 989 5592 τε
1027 5538 1114 5589 καί
1154 5542 1257 5594 τοῖς
1281 5534 1563 5608 ἐγγυτέρω·
1590 5556 1735 5591 τουτ-

182 5622 271 5679 έστι
309 5629 587 5702 Βαλεντίνῳ,
635 5627 920 5701 ιάσιλείδῃ,
966 5627 1260 5700 Μαρκίωνι,
1291 5627 1541 5698 Κορίνθῳ,
1575 5638 1728 5680 Μανι-

182 5717 314 5786 χαίῳ.
343 5723 586 5794 Εὐνομίῳ,
613 5723 694 5775 καί
723 5720 942 5790 Βονὸσῳ·
967 5723 1119 5773 τοῦτο
1145 5715 1199 5772 δὲ
1222 5718 1346 5771 αὐτὸ
1369 5721 1452 5770 καί
1495 5719 1578 5771 ἐπὶ
1608 5727 1731 5772 Θεο-

183 5797 307 5877 δώρῳ
329 5810 488 5880 γέγονε
512 5815 594 5868 καί
621 5812 671 5866 ἐν
699 5814 800 5878 ζα.ιῇ
829 5810 1235 5884 κατηγορηθέντι,
1262 5811 1344 5864 καί
1373 5810 1502 5878 μετά
1528 5810 1733 5864 θάνατον

1845 4611 2061 4681 peccati.
2095 4607 2284 4665 Servus
2303 4616 2473 4662 autem
2502 4625 2604 4662 non
2625 4617 2800 4662 manet
2820 4609 2872 4662 in
2903 4609 3054 4664 doma
3071 4611 3126 4664 in
3151 4621 3434 4680 wternum;

1845 4703 1988 4774 filius
2016 4711 2185 4757 autem
2211 4709 2479 4772 permanet
2514 4701 2568 4755 in
2596 4709 2847 4756 wtcrnum
2877 4701 2896 4772 (
2913 4701 3074 4758 Joau.
3103 4706 3247 4774 vui).
3280 4705 3435 4772 Quod

1844 4804 2046 4861 autem,
2077 4811 2238 4867 quam
2271 4796 2530 4851 Dominus
2560 4795 2804 4850 nominat
2825 4795 3068 4865 domum,
3092 4797 3270 4853 divina
3297 4799 3436 4854 Scri-

1844 4871 1998 4959 ptura
2049 4886 2341 4943 Ecclesiam
2390 4885 2486 4941 Dei
2515 4885 2622 4940 vivi
2667 4894 2855 4952 vocat,
2886 4885 3177 4956 Apostolus
3206 4897 3436 4944 testatur

1842 4979 1899 5036 in
1927 4979 2168 5051 Epistola
2194 4980 2365 5050 prima
2397 4977 2464 5034 ad
2491 4977 2833 5034 Timotheum
2867 4979 3019 5050 (Cap.
3047 4983 3149 5046 tu).

1909 5074 1967 5129 Si
1993 5089 2123 5128 vero
2153 5070 2369 5142 quidam
2392 5070 2608 5138 dicunt,
2659 5086 2768 5126 non
2797 5081 3053 5142 oportere
3084 5071 3427 5128 Theodorum

1838 5175 1962 5238 post
1983 5175 2213 5220 mortem
2242 5163 2718 5231 auathemalizari,
2751 5165 2926 5219 sciant
2949 5165 3041 5234 qui
3071 5165 3230 5219 talem
3261 5166 3431 5222 haere-

1839 5259 2002 5315 ticum
2031 5256 2365 5319 defendunt,
2415 5254 2559 5326 quod
2601 5256 2775 5311 omnis
2820 5257 3106 5312 haereticus
3151 5271 3320 5327 usque
3359 5257 3427 5314 ad

1841 5348 2002 5404 ﬁnem
2031 5348 2156 5403 vitae
2187 5348 2240 5402 in
2271 5363 2371 5402 suo
2402 5362 2589 5403 errore
2614 5363 2968 5419 permanens,
2995 5349 3140 5418 juste
3168 5357 3430 5418 perpetuo

1839 5440 2169 5496 anathemati
2220 5447 2276 5494 et
2323 5446 2446 5509 post
2484 5447 2715 5494 mortem
2745 5439 3048 5507 subjicitur.
3107 5436 3177 5492 Et
3223 5439 3328 5497 hoc
3376 5442 3428 5498 in

1837 5531 2020 5587 multis
2049 5530 2322 5585 haereticis
2350 5539 2405 5584 et
2435 5529 2831 5597 antiquioribus
2860 5536 2914 5582 et
2960 5527 3304 5598 propioribus
3347 5530 3426 5585 fu-

1837 5633 1980 5679 ctum
2027 5630 2130 5688 cst,
2177 5621 2230 5677 id
2262 5631 2345 5678 est
2374 5621 2690 5686 Valentino,
2725 5621 2978 5688 Basilide,
3006 5619 3296 5689 Marcione,
3327 5623 3432 5682 Cc-

1836 5716 2042 5781 rintho,
2078 5713 2395 5776 Manichmo,
2429 5712 2730 5778 Eunomio,
2759 5719 2814 5765 et
2842 5710 3076 5769 Bonoso.
3108 5713 3225 5772 Hoc
3246 5725 3425 5773 autem

1834 5809 1977 5864 idem
2008 5816 2062 5864 et
2089 5808 2143 5863 in
2175 5806 2464 5862 Theodoro
2485 5805 2685 5859 factum
2715 5811 2816 5871 cst,
2845 5812 2902 5859 et
2931 5805 2984 5860 in
3015 5808 3122 5863 vita
3147 5818 3419 5888 accusata,
