3988 6346
187 323 279 403 εει
1226 325 1598 398 JUSTINIAN!
1635 325 1762 395 LiB.
1795 329 1954 396 Αυν.
1993 337 2365 397 URIGENEM.

3324 337 3436 400 382

193 477 273 520 τας
311 453 556 512 ἆποκαλεῖ·
591 453 730 528 Λέγει
769 452 867 532 γάρ
911 454 1032 530 περὶ
1069 454 1303 534 ’Δϐραάμ
1346 452 1614 511 καίῚσαάκ
1656 454 1744 509 καί

1861 447 2154 518 defunctos,
2182 451 2336 506 vivos
2363 451 2623 507 nominat.
2659 451 2798 510 Dicit
2822 447 2966 511 enim
2995 456 3062 514 de
3079 455 3351 516 Abraham
3381 466 3440 515 et

190 549 366 616 Ἰακὼϐ,
404 545 476 604 ὅτι
522 545 548 603 ὃ
587 547 706 608 Θεὸς
747 549 833 602 οὐκ
887 545 1005 605 ἔστι
1049 557 1256 627 νεκρῶι,
1298 549 1422 606 ἀλλά
1450 552 1666 615 ζώντων.
1693 549 1750 604 Εἰ

194 647 338 701 τοίνυν
359 642 483 696 κατά
520 642 642 702 τοὺς
670 639 866 697 ἐκείνων
887 639 1062 716 λὸγους
1091 647 1150 698 οῦ
1181 647 1290 720 χρὴ
1313 645 1437 704 τοὺς
1462 643 1749 722 αἱρετικούς

193 735 497 793 τελευτῶντας
547 732 996 805 ἀναθεματίζεσθαι
1021 775 1036 801 ,
1097 734 1210 790 οῦδὲ
1267 737 1449 800 ζῶντες
1502 735 1746 810 αἱρετικοι

193 825 709 898 ἀναθεματισθήσονται
735 866 750 892 ,
809 823 898 889 οῦς
933 828 1137 900 νεκροὺς
1180 825 1205 881 ὁ
1254 827 1430 902 κύριος
1478 825 1744 892 ἀποκαλεῖ,

189 919 260 979 διά
273 919 320 978 τὸ
338 921 848 998 ἀποκεχωρισμένους
862 914 1004 980 εἶναι,
1019 923 1177 977 αὐτοῦ
1191 921 1441 990 είπὸντος,
1466 937 1484 972 ε
1501 916 1626 996 Ἐγὼ
1646 921 1748 992 εἶμί

186 1015 212 1074 ἢ
240 1016 347 1080 ζωὴ
367 1029 385 1066 ι
409 1017 487 1069 καί
514 1013 629 1070 κατ’
652 1015 838 1075 αύτούς
864 1013 1036 1070 λοιπὸν
1057 1009 1172 1070 οῦτε
1199 1011 1401 1082 ζῶντες,
1433 1010 1549 1069 οὔτε
1578 1013 1748 1070 τελευ-

189 1115 346 1172 τῶντες
388 1109 628 1185 αίρετικοί
677 1110 1244 1182 ἀναθεματισθήσονται·
1297 1111 1380 1166 καὶ
1425 1109 1596 1182 μάτην
1637 1106 1747 1166 κατ’

189 1199 368 1263 ἐκείνους
408 1203 436 1261 ἠ
463 1201 777 1261 ἀποστολική
821 1199 1126 1260 διδασκαλία
1170 1199 1527 1279 παραδέδωκεν
1571 1203 1746 1259 ἀναοε·

187 1295 448 1366 ματίζεσεαι
477 1296 600 1356 τοῦς
640 1293 1012 1371 παραδιδόντας
1040 1296 1162 1372 παρ’
1191 1291 1218 1350 ὃ
1243 1295 1617 1372 παρελάϐομενο
1645 1297 1749 1371 μά-

187 1410 261 1446 την
283 1387 330 1442 αἱ
365 1387 506 1462 ἅγιαι
533 1385 735 1443 σύνοδοι
759 1387 880 1448 τοῦς
917 1389 1204 1467 αἱρετικούς
1233 1385 1553 1466 κατέκριναν
1583 1390 1747 1462 μάτην

186 1481 252 1534 καί
274 1480 314 1534 oi
335 1476 459 1537 ὢλοι
494 1479 630 1555 ἅγιοι
654 1481 873 1557 πατέρες
896 1483 982 1538 καὶ
1022 1479 1319 1540 διδάσκαλοι
1355 1491 1447 1544 τῆς
1482 1483 1747 1546 ἐκκλησίας

184 1572 283 1632 τοὺς
304 1571 590 1650 αἱρετικοῦς
619 1572 1002 1646 ἀνεθεμάτισαν.
1050 1573 1369 1647 Μέμψωνται
1411 1573 1465 1631 δέ
1497 1579 1581 1632 καί
1604 1571 1748 1648 Ἰερε-

183 1661 257 1737 μίᾳ
275 1671 338 1738 τῷ
352 1670 584 1740 προφήτῃ
606 1665 817 1738 λέγοντι,
842 1683 860 1718 ε
885 1663 1283 1748 Ἐπικατάρατος
1305 1665 1331 1724 ὅ
1351 1675 1506 1725 ποιῶν
1526 1670 1590 1724 τά
1612 1666 1748 1745 ἔργα

181 1760 253 1810 τοῦ
263 1759 423 1836 κυρίου
443 1759 668 1833 ἀμελῶς’
691 1780 708 1814 ε
729 1761 977 1818 καίΔαυίδ
994 1771 1066 1838 τῷ
1088 1767 1319 1840 προφήτῃ
1338 1764 1546 1829 εἰπόντι,
1570 1781 1589 1816 ε
1603 1759 1748 1820 Ἐπι-

1851 543 1999 601 lsaac
2026 553 2077 600 et
2105 543 2293 612 Jacob,
2317 545 2462 616 quod
2487 546 2630 602 Deus
2656 563 2764 603 non
2793 555 2876 606 est
2899 545 3043 608 Deus
3070 559 3432 626 mortuorum,

1847 635 1944 693 sed
1973 637 2263 693 viventium
2284 636 2667 710 (ΜαιιΙι.ικιι).
2700 638 2758 696 Si
2783 657 2912 713 ergo
2939 646 3234 703 secundum
3262 647 3428 706 verba
3481 707 3484 710 .

1849 729 2064 786 illorum
2089 745 2198 786 non
2233 739 2452 804 oportet
2477 733 2760 791 haereticos
2789 743 3033 794 mortuos
3072 739 3435 799 anathemati-

1849 824 1980 892 zari,
2005 833 2105 880 nec
2131 825 2230 880 'viri
2257 823 2498 882 haeretici
2527 827 3144 901 anathematizabuntur,
3171 849 3309 904 quos
3329 833 3438 892 Do—

1849 918 2028 974 minus
2057 925 2300 1010 mortuos
2329 927 2507 988 vocat,
2532 921 2657 1002 Quia
2686 923 2924 995 separati
2948 934 3074 983 sunt
3101 921 3170 984 ab
3197 927 3318 1000 ipso
3345 931 3439 1003 qui

1849 1009 1986 1067 dixit
2013 1031 2026 1066 :
2060 1009 2171 1086 Ego
2201 1031 2315 1069 sum
2356 1015 2459 1069 vita
2489 1013 2681 1088 (Joan.
2710 1033 2765 1072 ιιι
2793 1025 2841 1071 et
2869 1009 3013 1093 xxv),
3061 1029 3117 1076 et
3144 1019 3437 1078 secundum

1850 1113 1945 1159 eos
1969 1102 2080 1173 jam
2109 1121 2210 1160 nec
2230 1099 2359 1171 vivi,
2392 1121 2492 1162 nec
2517 1107 2712 1162 mortui
2744 1107 2980 1164 haeretici
3011 1107 3442 1166 anathematiza-

1847 1195 2077 1264 huntur;
2101 1205 2157 1252 et
2186 1198 2302 1254 sine
2323 1213 2505 1264 causa,
2522 1197 2821 1254 secundum
2853 1197 2996 1271 illos,
3022 1201 3324 1272 apostolica
3349 1201 3442 1258 do-

1850 1287 2024 1346 etrina
2071 1287 2281 1361 (Galat.
2315 1290 2368 1362 ι)
2419 1287 2587 1346 tradit
2609 1287 3052 1348 anathematizari
3082 1308 3178 1348 eos
3206 1293 3299 1364 qui
3327 1297 3440 1349 tra-

1852 1379 1990 1438 dunt
2018 1389 2213 1453 praeter
2237 1383 2382 1454 quod
2412 1385 2722 1454 accepimus
2751 1400 2767 1438 :
2801 1383 2920 1441 sine
2945 1397 3106 1440 causa
3131 1393 3330 1442 sanctae
3359 1402 3443 1459 sy-

1849 1473 1980 1530 nodi
2026 1473 2308 1530 haereticos
2337 1473 2866 1545 condemnaverunt,
2899 1477 3017 1534 sine
3056 1489 3218 1534 causa
3264 1485 3320 1534 et
3349 1475 3442 1534 alii

1851 1567 2024 1624 Sancti
2050 1561 2240 1623 Patres
2269 1577 2324 1623 et
2344 1567 2598 1624 doctores
2623 1566 2878 1625 Ecclesiae
2903 1569 3190 1626 haereticos
3215 1569 3444 1627 anathe-

1851 1661 2260 1720 matizaverunt.
2294 1660 2578 1734 lnculpent
2605 1669 2789 1719 autem
2814 1671 2870 1719 et
2897 1661 3185 1720 Jeremiam
3216 1662 3443 1737 prophe-

1853 1761 1965 1810 tam
1990 1753 2260 1811 dicemem
2294 1749 2707 1810 :Exsecrandus
2747 1754 2833 1829 qui
2860 1773 3016 1828 opera
3059 1753 3272 1813 Domini
3315 1757 3446 1830 facit

183 1849 426 1924 κατάρατοι
450 1851 504 1907 οἱ
533 1853 829 1918 ἐκκλίνοντες
849 1855 950 1912 ἀπὸ
970 1864 1069 1912 τῶν
1093 1851 1303 1913 ἐντολῶν
1328 1872 1446 1912 σου’
1469 1875 1488 1910 ι
1517 1860 1603 1914 καὶ
1625 1869 1746 1914 συν-

1861 1851 2173 1924 negligenter
2195 1849 2327 1922 (Jer.
2361 1849 2548 1921 vani)
2574 1867 2590 1918 ;
2635 1858 2691 1906 et
2717 1845 2885 1906 David
2911 1849 3232 1921 prophetam
3260 1851 3444 1906 dicen-

178 1939 322 2012 τὸμως
341 1945 522 2014 εἰπεῖν,
548 1947 690 2022 πάσῃ
714 1955 776 2026 τῇ
809 1945 918 2026 θείᾳ
942 1958 1108 2030 γραφῇ
1139 1949 1402 2024 πολλαχοῦ
1437 1954 1533 2013 τάς
1573 1955 1750 2009 τοιαύο

177 2055 256 2096 τας
275 2042 594 2116 κατακρίσεις
611 2035 875 2114 ἓπαγούσῃ
898 2050 1006 2102 τοῖς
1035 2043 1299 2098 ἀσεϐέσιν.
1320 2045 1379 2096 Ei
1401 2039 1455 2098 δέ
1479 2043 1526 2098 oi
1553 2044 1751 2115 ἀμελῶς

176 2135 407 2193 ποιοῦντες
432 2133 504 2188 τὰ
547 2130 674 2211 ἔργα
703 2137 905 2212 κυρίου,
937 2139 1022 2190 καί
1060 2135 1440 2212 ἁμαρτάνοντες
1486 2139 1609 2212 περὶ
1657 2139 1752 2200 τάς

175 2220 318 2275 αὑτοῦ
362 2223 586 2291 ἐντολάς,
630 2226 895 2287 τοιαύταις
943 2229 1306 2304 κατακρίσεσιν
1354 2227 1750 2298 ὑποϐάλλονται,

175 2311 310 2385 πόσῳ
342 2315 525 2386 μᾶλλον
562 2317 821 2397 Θεόδωρος
858 2318 884 2374 ὁ
919 2321 1132 2388 ἀσεϐὴς,
1162 2315 1187 2376 ὁ
1213 2327 1425 2378 τοιαῦτα
1451 2323 1561 2380 κατ’
1591 2325 1751 2380 αὐτοῦ

173 2413 252 2461 τοῦ
290 2411 502 2484 μεγάλου
550 2419 676 2468 Θεοῦ
723 2416 806 2469 καὶ
856 2422 1089 2490 σωτῆρος
1142 2417 1281 2488 ἡμῶν
1325 2413 1490 2476 Ἰησοῦ
1527 2425 1749 2494 Χριστοῦ

174 2500 552 2576 βλασγημὴσας,
593 2504 899 2584 δικαιότερον
927 2509 1306 2586 κατακέκριται,
1336 2511 1422 2566 καί
1447 2507 1754 2584 ἀνάθεματι-

173 2595 315 2660 ζεται.

230 2783 314 2836 Καὶ
339 2779 482 2860 ἕρκει
501 2783 592 2859 μέν
611 2790 779 2842 ταῦτα
801 2783 931 2862 πρὸς
956 2792 1078 2846 ταῖς
1104 2787 1501 2863 παρατεθείσαις
1516 2788 1752 2864 ἀνωτέρω

169 2893 234 2942 τε,
248 2879 326 2932 καί
345 2877 398 2932 ἓν
420 2877 608 2955 ἑτέροις
625 2879 764 2948 ἡμῶν
776 2877 935 2954 λόγοις
957 2875 1271 2946 ἀποδείξεσι,
1293 2881 1525 2952 περὶτοῦ
1548 2876 1656 2934 δεῖν
1671 2883 1757 2935 καὶ

166 2969 282 3041 μετά
307 2969 550 3029 τελευτήν
574 2973 696 3030 τοὺς
720 2965 1008 3047 αἱρετικούς
1031 2971 1437 3046 κατακρίνεσθαι,
1464 2971 1760 3042 καταισχύ-

1855 1952 1963 2000 tem
1999 1963 2011 1999 :
2042 1941 2369 1999 Exsecrandi
2399 1945 2486 2017 qui
2515 1943 2777 1999 declinant
2796 1961 2830 1998 a
2856 1943 3118 2000 mandatis
3140 1943 3240 1998 tuis
3269 1937 3442 2015 (Ρωι.

1850 2037 2077 2110 cxvm);
2104 2046 2161 2095 et
2179 2047 2238 2094 nt
2263 2033 2650 2110 compendiose
2678 2037 2940 2106 dicamus,
2964 2052 3180 2093 onmem
3208 2025 3446 2092 divinam

1852 2125 2188 2202 Scripturam
2238 2131 2293 2186 in
2331 2125 2558 2187 diversis
2601 2121 2738 2186 locis
2785 2127 2920 2185 tales
2962 2123 3446 2186 condemnationes

1853 2215 2032 2298 impiis
2079 2225 2424 2283 inferentem.
2481 2221 2577 2280 Sin
2626 2231 2809 2279 autem
2853 2220 2930 2278 illi
2972 2221 3066 2293 qui
3110 2217 3448 2292 negligenter

1854 2335 2020 2391 opera
2049 2317 2148 2374 Dei
2176 2317 2398 2384 faciunt,
2431 2325 2490 2373 et
2515 2324 2747 2388 peccant
2773 2316 2829 2371 in
2855 2313 3126 2370 mandatis
3155 2307 3302 2384 ejus,
3325 2310 3450 2368 tali-

1853 2413 1954 2468 bus
2001 2403 2546 2466 condemnationibus
2591 2407 2950 2478 subjiciuntur
2983 2425 2995 2461 :
3027 2414 3231 2479 quanto
3276 2406 3448 2476 magis

1854 2495 2053 2576 impius
2070 2499 2411 2573 Theodorus,
2438 2501 2527 2574 qui
2554 2501 2680 2556 talia
2701 2499 2960 2558 adversus
2989 2496 3166 2572 ipsum
3191 2513 3448 2572 magnum

1854 2589 2026 2652 Deum
2067 2603 2124 2652 et
2162 2591 2500 2650 SalvatOrem
2529 2602 2775 2650 nostrum
2802 2591 2986 2649 Jesum
3024 2591 3298 2648 Christum
3325 2591 3446 2648 bla-

1855 2687 2177 2762 sphemavit,
2191 2687 2335 2758 juste
2356 2685 2754 2743 condemnatus
2764 2687 2913 2742 estet
2927 2681 3449 2743 anathematizatus'?

1925 2777 1997 2835 Et
2026 2780 2143 2836 haec
2170 2769 2388 2850 quidem
2414 2774 2771 2846 sufﬁciebant,
2814 2792 2977 2848 super
3006 2773 3297 2851 [superius]
3332 2789 3450 2830 me-

1857 2879 2103 2930 moratas
2131 2879 2186 2927 et
2215 2871 2334 2928 aliis
2372 2871 2574 2927 nostris
2612 2869 2767 2927 libris
2803 2865 3036 2928 insertas
3075 2868 3450 2942 probationes,

1858 2977 1994 3035 quas
2015 2959 2339 3034 protulimus
2359 2999 2376 3026 ,
2426 2959 2804 3030 ostendentes,
2852 2961 2998 3032 quod
3025 2967 3243 3032 oportet
3285 2959 3450 3016 etiam

166 3080 247 3116 νεεν
290 3063 417 3124 τοὺς
455 3059 714 3136 Θεοδώρου
764 3062 1260 3136 μεταποιουμένους,
1308 3065 1389 3116 καί
1440 3059 1623 3118 παύειν
1669 3069 1755 3123 τῆς

1861 3065 1986 3135 post
2009 3064 2243 3112 mortem
2273 3053 2559 3111 hmreticos
2583 3051 2966 3122 condemnari,
2996 3049 3328 3113 confundere
3354 3068 3452 3110 eos

163 3152 399 3216 τοιαύτης
436 3147 698 3212 ἀσεϐείας.
743 3153 834 3207 Διά
875 3145 929 3206 δὲ
967 3145 1028 3206 τὸ
1056 3149 1404 3224 ἐμφιλονείκως
1447 3165 1557 3212 τοῖς
1591 3143 1762 3215 αύτοῖς

1862 3149 1957 3222 qui
1987 3141 2331 3204 Theodorum
2370 3143 2684 3213 defendunt,
2714 3154 2771 3201 et
2806 3160 3153 3217 compescere
3180 3161 3211 3200 a
3233 3141 3328 3199 tali
3349 3143 3453 3199 im-

166 3243 425 3318 ἓπιμένειν,
458 3247 540 3300 καὶ
565 3243 624 3299 τὸ
647 3240 796 3298 πλέον
821 3243 1028 3321 ἐροῦμεν
1043 3285 1060 3312 ,
1091 3237 1168 3300 ὅτι
1197 3245 1329 3304 τινές
1346 3249 1447 3299 τῶν
1473 3235 1755 3316 συναχθέν-

1864 3241 2084 3315 pietate.
2129 3239 2397 3308 Quoniam
2436 3245 2617 3294 autem
2644 3239 2986 3295 contensiose
3023 3236 3078 3293 in
3107 3233 3298 3295 iisdem
3325 3251 3452 3308 per-

165 3359 250 3396 τειν
276 3339 327 3393 έν
352 3344 420 3415 τῇ
451 3339 577 3394 κατά
604 3339 813 3396 Νίκαιαν
846 3339 968 3414 ἁγίᾳ
1011 3329 1228 3410 συνόδῳ,
1260 3335 1344 3393 καί
1358 3338 1759 3418 ὀπογράψαντες

168 3439 229 3504 τῷ
245 3433 504 3490 ὴτεθέντι
522 3429 646 3512 παρ’
667 3434 831 3494 αὐτῆς
857 3429 982 3510 ὅρῳ,
1003 3431 1114 3492 ἦτοι
1137 3431 1375 3507 συμϐόλῳ
1396 3441 1488 3496 τῆς
1508 3434 1752 3504 πίστεως,

170 3522 327 3584 ἐπειδὴ
354 3522 495 3598 μετά
520 3531 692 3581 ταῦτα
713 3527 918 3604 ἐοναντίοι
943 3529 1287 3602 φρονήσαντες
1308 3525 1578 3597 ἐφάνησαν,
1601 3525 1647 3580 οε
1665 3528 1756 3598 μὲν

171 3616 357 3684 ζῶντες,
391 3615 440 3668 οί
468 3612 522 3670 δὲ
559 3615 692 3687 μετά
715 3612 928 3671 θάνατον
969 3616 1432 3686 ἀνεθεματίσθησαν
1467 3618 1618 3692 παρὰ
1655 3628 1758 3673 Δα-

171 3707 320 3776 μάσου
364 3713 456 3764 τοῦ
507 3715 598 3768 τῆς
628 3705 774 3769 ὁσίας
820 3710 1018 3780 μνήμης
1062 3709 1217 3762 πάπα
1259 3715 1353 3768 τῆς
1396 3707 1759 3785 πρεσϐυτέρας

171 3793 366 3874 Ῥώμης,
397 3804 487 3857 καί
517 3809 609 3863 τῆς
631 3801 686 3857 ἒν
712 3798 925 3877 Σαρδικῇ
952 3798 1196 3866 συνὸδουῖ
1225 3801 1356 3859 καθά
1393 3808 1652 3877 μαρτυρεῖ
1672 3805 1759 3858 καί

172 3885 196 3944 ὃ
234 3892 280 3947 έν
319 3893 486 3968 ἁγίοις
527 3893 838 3954 ’Δθανάσιοςο
870 3891 1014 3948 Ἀλλά
1052 3895 1139 3950 καί
1181 3894 1213 3952 ἡ
1252 3894 1300 3946 ἐν
1337 3891 1610 3952 Χαλκηδόνι
1638 3892 1762 3968 ἁγία

175 3979 371 4047 σύνοδος
435 3984 623 4059 Δὸμνον
666 3981 751 4041 τὸν
797 3984 1108 4057 Ἀντιοχείας
1172 3985 1435 4058 γενόμενον
1488 3988 1759 4045 ἐπίσκοπον

174 4079 288 4146 μετά
326 4080 546 4136 θάνατον
583 4076 887 4136 κατεδίκασε
904 4119 924 4147 ,
969 4078 1298 4150 τολμήσαντα
1339 4079 1486 4151 μόνον
1525 4079 1757 4156 γράψαι,

175 4167 263 4228 δεῖν
293 4174 766 4251 παρασιωπηθῆναι
800 4175 868 4231 rei
901 4170 1099 4230 δώδεκα
1136 4174 1375 4246 κεφάλαια
1401 4179 1494 4230 τοῦ
1522 4175 1572 4229 ἐν
1597 4173 1760 4250 ἁγίοις

176 4262 416 4337 ιυρῧλου.
1017 4259 1019 4261 ’

235 4353 424 4419 Ἐπειδή
451 4355 513 4415 δέ
535 4355 584 4412 οἵ
606 4357 870 4435 Θεοδώρου
891 4358 1295 4430 ἀντιποιούμενοι
1317 4355 1564 4431 οεῖρετεκοί
1587 4355 1761 4417 πάσης

178 4453 458 4527 προτάσεως
489 4453 580 4507 καὶ
619 4451 966 4526 ἐγχειρήσεως
995 4446 1376 4508 ἐκπεπτωκότες
1415 4447 1761 4520 ἐπεχείρησαν

177 4538 314 4615 λέγειν
347 4545 481 4621 πρὸς
528 4541 728 4604 ἀπάτην
766 4551 868 4600 τῶν
895 4545 1244 4618 ἀγνοούντων,
1298 4543 1366 4601 ὡς
1409 4538 1437 4594 ὃ
1481 4547 1572 4600 τῆς
1618 4537 1761 4600 ὁσίας

180 4635 357 4708 μνήμης
381 4636 624 4716 κύριλλος
645 4633 678 4692 ἶ
677 4657 703 4690 ν
721 4657 818 4694 τινι
837 4637 979 4716 μέρει
997 4633 1270 4693 ἐπιστολῆς
1293 4635 1476 4688 τοῦτον
1504 4631 1761 4702 ἐπῄνεσενο

182 4719 234 4776 ἔκ
270 4715 864 4793 ποηῶννάποδείκνυται,
895 4715 974 4781 ὅτι
1000 4725 1056 4780 οὐ
1083 4722 1355 4794 συμϐαίνει
1388 4720 1448 4777 τὸ
1483 4720 1650 4777 αὐτῶν
1679 4719 1764 4793 ἐγ-

183 4817 394 4898 χείρημα
419 4825 541 4880 τοῖς
579 4817 852 4898 εἰρημένοις
874 4817 1021 4892 ποιρά
1044 4821 1138 4871 τοῦ
1166 4813 1215 4868 έν
1243 4811 1403 4887 ἁγίοις
1438 4810 1682 4889 Κυρίλλου
1712 4811 1764 4865 έν

182 4897 418 4987 διαφόροις
438 4911 598 4969 αὐτοῦ
619 4903 785 4986 λόγοις
811 4911 938 4967 κατά
962 4914 1052 4966 τοῦ
1083 4897 1372 4967 δυσσεϐοῦς
1401 4901 1682 4984 Θεοδώρου,
1713 4903 1765 4962 ἐν

166 4987 246 5086 fit
269 5002 608 5082 ἀσεϐέστερον
631 5003 778 5058 αύτόν
802 5005 1006 5058 πάντων
1029 5007 1130 5058 τῶν
1158 4995 1316 5054 ἄλλων
1344 4997 1604 5076 αίρετικῷν
1629 4995 1764 5052 ἀπο-

181 5085 330 5159 δεξας
353 5089 481 5152 εἶναι
499 5135 516 5162 ,
562 5091 649 5149 ούκ
673 5094 884 5169 ένεγκών
924 5092 983 5149 τὸ
1029 5089 1214 5152 πλῆθός
1240 5109 1294 5145 τε
1319 5129 1332 5154 ,
1362 5089 1443 5143 καὶ
1471 5087 1529 5143 τὸ
1555 5085 1762 5160 μέγεθος

181 5194 267 5242 τῦν
296 5193 448 5248 αὐτοῦ
485 5189 815 5266 βλασφημιῶν
840 5195 940 5246 τῶν
965 5189 1232 5266 εἰρημένων
1270 5181 1398 5242 κατά
1421 5191 1509 5241 τοῦ
1536 5182 1760 5257 μεγάλου

182 5289 297 5339 Θεοῦ
321 5290 404 5342 καί
430 5293 663 5360 σωτῆρος
697 5286 838 5357 ἡμῶν
865 5281 1035 5343 Ἰησοῦ
1057 5287 1279 5357 Χριστοῦ
1309 5279 1650 5354 ἀπεφθέγξατο
1676 5277 1764 5331 οῦ-

181 5395 269 5438 τως
289 5381 465 5438 εἰπών’
497 5396 516 5431 ε
535 5379 742 5444 Ἐξέστη
769 5375 1017 5452 ὃούρανὸς
1038 5376 1118 5431 ini
1142 5375 1331 5446 τούτῳ,
1349 5373 1434 5427 καί
1462 5368 1656 5446 ἔφριξεν
1679 5369 1762 5424 ἐπὶ

181 5465 319 5524 πλείω
340 5468 561 5550 σφόδρα,
599 5471 729 5544 λέγει
763 5466 960 5546 κύριος.
992 5465 1056 5522 Ὦ
1078 5472 1168 5526 τῆς
1190 5463 1480 5542 ἀπορρήτου
1509 5460 1756 5519 σκαιότη-

182 5577 276 5628 τος,
307 5559 347 5616 ὢ
370 5563 612 5636 γλώσσης
638 5561 888 5623 λαλούσης
913 5556 1108 5614 ἀδικίαν
1136 5557 1267 5612 κατά
1290 5560 1382 5612 τοῦ
1415 5559 1563 5620 Θεοῦ,
1595 5551 1758 5608 καὶτὸ

182 5651 320 5724 κέρας
329 5655 599 5730 αἰρούσης.
615 5671 634 5706 ι
649 5654 753 5708 Καὶ
768 5649 934 5708 πάλιν’
955 5667 972 5701 t
991 5647 1206 5712 Ἐπίθες,
1221 5639 1476 5723 ἄνθρωπε,
1565 5647 1756 5698 σαυτοῦ

183 5743 366 5820 γλώττῃ
392 5745 550 5824 Θύραν
589 5749 674 5803 καὶ
722 5743 933 5818 μοχλὸν.
980 5748 1182 5798 Παῦσαι
1218 5741 1280 5796 τὸ
1323 5738 1470 5816 κέρας
1513 5739 1584 5800 εἰς
1629 5734 1761 5807 ὕψος

182 5837 409 5918 ἐπαίρων,
439 5845 521 5898 καί
545 5841 700 5898 )αλῶν
725 5835 919 5896 ἀδικίαν
954 5835 1083 5892 κατά
1112 5829 1201 5892 τοῦ
1232 5837 1380 5889 Θεοῦ.
1420 5830 1605 5908 ⁴Μέχρι
1631 5828 1762 5890 τίνος

185 5929 425 6010 mundis
455 5935 820 6006 ἀνεξικακοῦντι
839 5935 1072 6016 Χριστῷ;
1100 5931 1169 5994 εἰς
1187 5933 1301 5986 νοῦν
1327 5924 1421 6014 ἔχε
1449 5923 1506 5988 τὸ
1529 5943 1759 6012 γεγραμ-

1861 3341 2101 3402 manent,
2118 3333 2281 3389 etiam
2301 3329 2444 3402 quod
2469 3339 2554 3386 est
2575 3319 3066 3402 amplius,dicimus
3085 3330 3210 3400 quia
3232 3328 3452 3401 quidam

1860 3440 1930 3483 ex
1969 3425 2100 3498 ipsis
2140 3424 2234 3496 qui
2272 3424 2328 3478 iu
2355 3419 2569 3478 Nicacna
2607 3431 2793 3478 sancta
2819 3421 3030 3494 synodo
3058 3427 3450 3490 convenerunt,

1861 3525 1919 3574 et
1942 3515 2202 3588 exposita:
2223 3509 2291 3571 ab
2333 3530 2399 3570 ea
2439 3511 2563 3570 ﬁdei
2591 3512 2893 3570 deﬁnitioni
2939 3509 3027 3570 vel
3053 3514 3296 3587 symbolo
3323 3515 3453 3573 sub-

1861 3611 2212 3682 scripserunt,
2232 3609 2486 3679 quoniam
2498 3616 2688 3682 postea
2705 3605 2976 3664 contraria
2987 3600 2990 3602 ’
3001 3607 3274 3680 sapientes
3286 3622 3455 3679 appa-

1862 3709 2106 3769 ruerunt,
2133 3695 2454 3771 aliiquidem
2474 3699 2600 3768 vivi,
2616 3697 2707 3755 alii
2730 3707 2910 3755 autem
2925 3705 3049 3771 post
3069 3707 3300 3754 mortem
3322 3713 3453 3754 ana-

1865 3794 2200 3852 themtizati
2220 3801 2346 3850 sunt
2358 3809 2388 3848 a
2410 3791 2642 3848 Damaso
2653 3799 2854 3847 sancta:
2874 3791 3148 3846 memoria:
3161 3801 3299 3861 papa
3311 3789 3452 3844 anti-

1863 3887 2069 3962 quioris
2080 3885 2347 3954 Romae,et
2358 3887 2425 3942 ab
2439 3881 2730 3942 universali
2745 3881 3049 3940 Sardicensi
3060 3879 3458 3955 synodo,prout

1865 3987 2092 4037 testatur
2117 3987 2336 4035 sanctus
2363 3977 2714 4034 Athanasius.
2755 3969 2864 4032 Sed
2901 3981 2959 4028 et
2999 3969 3457 4028 Chalcedonensis

1862 4081 2053 4132 sancta
2068 4071 2306 4147 synodus
2317 4069 2582 4128 Domuum
2600 4065 2901 4124 Antiochiae
2925 4063 3124 4118 factum
3140 4061 3457 4132 episcopum

1861 4176 1988 4242 post
2010 4174 2246 4224 mortem
2255 4158 2654 4227 condemnavit,
2671 4155 2816 4228 quod
2828 4154 3005 4210 solum
3033 4168 3196 4209 ausus
3215 4159 3299 4208 est
3320 4149 3458 4207 scri-

1863 4239 2014 4324 bere,
2032 4265 2287 4328 oportere
2304 4251 2469 4310 taceri
2489 4248 2776 4306 duodecim
2796 4243 3032 4315 capitula
3042 4241 3216 4300 sancti
3243 4239 3453 4316 Cyrilli.

1936 4347 2203 4415 Quoniam
2260 4349 2441 4400 autem
2497 4333 2772 4395 Theodori
2826 4333 3138 4390 defensores
3187 4331 3458 4406 ‘hmretici,

1865 4439 2013 4495 omni
2037 4433 2408 4508 propositione
2436 4440 2493 4488 et
2523 4437 2725 4487 conatu
2753 4425 3064 4484 excidentes
3081 4468 3096 4496 ,
3123 4429 3458 4498 prmsumunt

1867 4527 2047 4586 dicere
2076 4527 2145 4582 ad
2189 4525 2565 4596 deceptionem
2594 4519 2971 4591 ignorantium
2995 4559 3012 4586 ,
3063 4515 3211 4589 quod
3253 4524 3459 4575 sanctas

1788 4627 1844 4693 ι)
1870 4621 2144 4679 memoriae
2173 4617 2406 4692 Cyrillus
2426 4617 2482 4672 in
2511 4613 2693 4685 aliqua
2722 4619 2880 4685 parte
2906 4609 3149 4684 epistolae
3173 4609 3323 4667 illum
3350 4601 3460 4665 col-

1866 4715 2142 4783 laudavit;
2191 4727 2262 4770 ex
2291 4710 2474 4768 multis
2501 4707 2835 4775 ostenditur,
2879 4704 3027 4777 quod
3053 4720 3166 4762 non
3203 4703 3463 4762 convenit

1868 4823 2056 4867 eorum
2086 4821 2354 4863 conamen
2399 4803 2555 4860 dictis
2595 4817 2626 4856 a
2655 4795 2714 4857 S.
2745 4793 2948 4873 Cyrillo
2986 4797 3042 4854 in
3085 4796 3314 4854 diversis
3343 4794 3461 4866 ejus

1866 4899 2018 4958 libris
2065 4907 2254 4956 contra
2302 4895 2526 4968 impium
2569 4887 2934 4958 Theodorum,
2975 4890 3037 4948 in
3064 4887 3258 4963 quibus
3287 4887 3461 4957 magis

1867 4991 2089 5065 impium
2114 4987 2363 5046 omnibus
2379 4985 2498 5042 aliis
2512 4983 2782 5041 haereticis
2799 4999 2924 5040 eum
2939 4981 3252 5048 ostendens,
3265 4976 3462 5037 deinde

1872 5100 1981 5141 non
2002 5079 2274 5139 sustinens
2294 5078 2552 5151 plurimas
2581 5083 2639 5132 et
2667 5075 2930 5130 maximas
2958 5072 3075 5145 ejus
3097 5071 3462 5143 blasphemus

1871 5181 2061 5234 contra
2091 5186 2344 5242 magnum
2357 5169 2527 5226 Deum
2554 5173 2612 5225 et
2639 5161 2977 5222 Sal‘va’torem
3007 5171 3253 5221 nostrum
3274 5159 3473 5217 Jesum

1871 5266 2142 5324 Christum
2163 5263 2354 5329 dictas,
2377 5257 2722 5326 exclamavit,
2737 5258 2812 5314 ita
2831 5249 3044 5314 dicens:
3067 5272 3088 5307 ‹
3108 5250 3456 5343 Expavitcoe-
3480 5306 3491 5343 Ι

1869 5359 1980 5418 lum
2009 5373 2170 5429 super
2193 5355 2325 5422 hoc,
2351 5361 2407 5410 et
2428 5353 2640 5410 horruit
2667 5345 2898 5423 amplius
2927 5347 3299 5413 vehementer,
3328 5341 3462 5401 dicit

1870 5450 2152 5510 Dominus.
2201 5445 2246 5504 0
2276 5444 2668 5503 intolerabilem
2696 5441 3116 5510 malignitatem,
3164 5453 3197 5492 ο
3221 5435 3458 5507 linguam

1863 5545 2176 5618 loquentem
2205 5539 2545 5610 iniquitatem
2568 5543 2754 5592 contra
2785 5531 2953 5588 Deum
2977 5569 2994 5597 ,
3020 5533 3092 5618 et
3131 5527 3185 5582 in
3215 5527 3458 5584 altitudi-

1863 5617 1988 5694 nem
2003 5651 2173 5692 cornu
2186 5632 2534 5690 extollentem
2549 5629 2563 5682 ι
2589 5647 2609 5681 ι
2629 5625 2920 5700 (Etiterum
2941 5639 2954 5676 :
2977 5641 2996 5674 ε
3011 5617 3254 5692 impone,
3269 5619 3459 5690 homo,

1865 5735 1972 5785 tum
1995 5727 2194 5798 linguae
2227 5724 2422 5781 ostium
2446 5728 2504 5777 et
2529 5733 2724 5784 seram,
2757 5727 2908 5770 cessa
2933 5725 3102 5768 cornu
3131 5711 3186 5768 in
3215 5709 3458 5768 altitudio

1867 5837 1993 5880 nem
2009 5820 2294 5884 extollens,
2314 5823 2370 5872 et
2388 5815 2616 5884 loquens
2634 5807 2968 5878 iniquitatem
2986 5806 3244 5864 adversus
3258 5805 3451 5863 Deum.

1868 5915 2159 5998 Quousque
2180 5908 2408 5980 insultas
2434 5903 2659 5992 patienti
2683 5899 2950 5962 Christo?
2993 5899 3055 5974 In
3087 5906 3271 5963 mente
