3988 6346
495 297 605 356 965

1902 285 2201 345 VlGlLIUS
2236 286 2439 345 PAPA.

3681 290 3780 350 264

497 409 641 480 μένον
659 403 800 481 παρὰ
819 410 909 461 τοῦ
929 404 1205 461 θεσπεσίου
1220 403 1435 461 Παύλου⁶
1450 435 1521 447 -
1537 404 1688 461 Οὕτω
1711 403 1765 460 δέ
1787 404 2075 481 ἁμαρτάνον

2197 403 2455 473 scriptum
2480 418 2512 459 a
2540 403 2721 459 divino
2746 401 2914 459 Paulo
2947 420 2959 458 ε
2997 403 3089 460 Sic
3115 412 3287 460 autem
3302 402 3579 477 peccantes
3600 404 3655 460 in
3681 410 3777 479 (ra.

495 520 581 560 τες
609 502 679 560 εἰς
704 500 825 558 τοὺς
851 496 1115 569 ἀδελφοὺς,
1144 501 1231 553 καί
1254 499 1560 558 πλήττοντες
1585 499 1751 553 αὐτῶν
1777 498 2090 551 ἀσθενοῦσαν

498 597 587 650 τήν
611 587 894 648 συνείδησιν
914 592 984 650 εἰς
1007 591 1222 664 Χριστὸν
1244 588 1578 664 ἁμαρτάνετε.
1592 619 1661 629 —
1675 593 1765 644 Καὶ
1780 591 1860 644 ’ἱνα
1875 611 1925 643 τι
1944 591 2026 643 καί
2042 588 2093 643 ἐκ

495 690 819 756 προφητικῶν
846 683 1122 755 φθέγξωμαι
1165 682 1392 754 βιίῖλίων,
1422 680 1793 740 -Ἐδικαιὼθη
1815 679 2010 753 Σόδομα
2038 681 2091 734 ἐκ

494 778 612 827 σοῦ.
641 802 711 812 -
736 776 1000 834 Νενίκηκας
1038 775 1131 835 τὰς
1168 780 1268 829 τῶν
1306 771 1547 833 Ἑλλήνων
1587 775 1984 849 ἀθυροστομίας,
2030 771 2092 833 ἃς

498 864 800 925 ἐποιήσαντο
833 868 963 921 κατά
1000 872 1228 940 Χριστοῦ
1249 906 1265 930 ,
1294 869 1488 939 μωρίαν
1518 866 1787 936 ἡγούμενοι
1812 866 1897 920 τὸν
1924 885 2090 920 σταυ-

496 957 605 1033 ρόν.
620 957 777 1014 Οὐδὲν
797 955 915 1014 ὅντα
931 956 1173 1024 διέδειξας
1193 958 1257 1013 τά
1276 955 1647 1019 τῆςῚουδαίκῆς
1664 958 1903 1018 ἀπονοίας
1920 956 2089 1032 ἐγκλή-

495 1070 655 1119 ματα.
679 1066 697 1099 )
731 1049 933 1104 Τούτων
953 1051 1117 1104 τοίνυν
1134 1050 1297 1110 οὕτως
1325 1049 1408 1103 έπί
1434 1051 1733 1127 κατακρίσει
1751 1056 1841 1105 τοῦ
1871 1050 2091 1112 ἀσεϐοῦς

496 1141 760 1215 Θεοδώρου
791 1142 894 1195 ύπό
917 1146 1011 1197 τοῦ
1052 1142 1100 1194 ἐν
1126 1141 1288 1212 ἁγίοις
1325 1142 1575 1218 Κυρΰλου
1605 1142 1906 1218 εἰρημένων,
1940 1144 1983 1197 εἰ
2010 1144 2091 1197 καί

495 1231 605 1293 δοίη
625 1254 704 1293 τις
724 1236 853 1288 κατά
878 1235 998 1293 τούς
1038 1234 1233 1288 ὶκείνων
1260 1234 1436 1307 λόγους
1468 1236 1551 1290 τὸν
1581 1236 1628 1287 ἐν
1659 1232 1821 1308 ἁγίοις
1862 1234 2089 1310 κύριλλον

494 1328 743 1402 εἰρηκέναι
771 1348 822 1381 τι
842 1328 975 1402 ύπέρ
1003 1325 1289 1402 Θεοδώρου,
1318 1326 1435 1382 οὐδὲ
1462 1335 1614 1383 τοῦτο
1640 1329 1911 1402 ἑξαιρεῖται
1939 1326 2090 1382 αὐτόν

490 1427 583 1479 τῆς
611 1421 983 1493 κατακρίσεως.
1012 1418 1323 1491 Εὐρίσκομεν
1349 1420 1473 1492 γὰρ,
1506 1422 1572 1479 ὠς
1598 1418 1773 1473 πολλοί
1809 1425 1908 1473 τῶν
1934 1418 2088 1491 ἁγίων

491 1514 727 1586 πατέρων
771 1513 912 1572 τινάς
940 1518 1041 1566 τῶν
1078 1512 1340 1585 αἱρετικῶν
1381 1509 1707 1575 ἀπεδέξαντο,
1742 1511 1920 1586 ὥσπερ
1952 1509 2084 1566 καίό

491 1607 542 1659 ἐν
568 1604 727 1677 ἁγίοις
754 1606 1005 1675 Δάμασος,
1038 1605 1125 1657 καί
1149 1604 1460 1669 ’Δθανάσιος,
1491 1606 1575 1657 καί
1602 1601 1858 1662 Βασίλειος
1886 1599 2084 1656 ’Δπολι-

489 1695 692 1771 νάριον,
736 1699 821 1750 καί
855 1698 992 1751 Λέων
1017 1693 1072 1750 δέ
1099 1693 1126 1749 ό
1154 1702 1245 1755 τῆς
1274 1694 1425 1768 ἁγίας
1462 1698 1657 1766 μνήμης
1700 1694 1965 1764 Εύτυχέα.
1997 1696 2087 1747 Καί

2198 502 2328 555 tres,
2363 502 2411 547 et
2437 495 2776 558 percutientes
2804 512 2979 549 eorum
3005 496 3271 565 inﬁrmam
3300 498 3697 564 conscientiam,
3727 500 3776 555 in

2197 582 2455 639 Christum
2483 566 2786 657 peccatis‘U
2816 585 2937 641 Cor.
2964 588 3097 657 vui).
3128 586 3195 640 Et
3220 596 3279 641 ut
3303 588 3502 657 aliquid
3525 590 3687 644 etiam
3714 606 3775 647 ex

2194 676 2527 747 propheticis
2556 678 2748 747 loquar
2776 677 3048 734 codicibus
3082 698 3094 734 :
3123 678 3425 751 Justiﬁcala
3452 691 3528 736 est
3554 681 3777 738 Sodoma

2193 786 2259 825 ex
2287 777 2336 823 te
2359 768 2571 842 (Ezech.
2600 770 2731 842 xw),
2762 772 3029 842 superasti
3053 786 3378 843 paganorum
3410 775 3774 843 verbositates,

2193 876 2327 932 quas
2350 871 2540 919 contra
2563 863 2834 921 Christum
2868 864 3129 934 fecerunt,
3162 868 3443 923 stultitiam
3473 870 3778 927 existiman-

2202 964 2286 1012 tes
2308 972 2523 1013 crucem
2554 957 2612 1031 (Ι
2636 958 2757 1015 Cor.
2775 960 2909 1032 vnn),
2942 960 3074 1016 nihil
3104 976 3223 1017 esse
3248 963 3528 1020 ostendisti
3550 964 3779 1023 Judaica:

2191 1050 2457 1120 superbiae
2486 1051 2731 1107 crimina.
2763 1070 2781 1105 ι
2817 1050 2913 1108 His
2961 1053 3123 1124 igitur
3164 1053 3231 1108 ad
3278 1054 3779 1114 condemnationem

2196 1139 2468 1197 Theodori
2496 1142 2575 1197 sic
2595 1158 2623 1197 a
2646 1152 2833 1199 sancto
2855 1142 3055 1216 Cyrillo
3082 1144 3258 1215 dictis,
3289 1146 3416 1201 licet
3441 1147 3638 1219 aliquis
3656 1165 3780 1206 con-

2191 1237 2385 1304 cedat,
2439 1237 2733 1293 secundum
2783 1238 2997 1293 illorum
3037 1238 3202 1294 verba
3248 1250 3491 1297 sanctum
3523 1242 3778 1315 Cyrillum

2191 1327 2391 1398 aliquid
2412 1343 2512 1399 pro
2534 1327 2823 1384 Theodoro
2844 1327 3063 1395 dixisse,
3095 1344 3271 1400 neque
3290 1330 3397 1387 hoc
3416 1331 3613 1386 liberat
3636 1332 3779 1388 illum

2191 1433 2222 1473 a
2250 1418 2718 1475 condemnatione.
2751 1418 3057 1475 Invenimus
3086 1420 3252 1487 enim,
3297 1421 3444 1492 quod
3472 1422 3633 1477 multi
3660 1439 3780 1478 san-

2189 1516 2401 1565 ctorum
2432 1508 2653 1564 Patrum
2682 1509 2946 1579 quosdam
2985 1509 3272 1566 haereticos
3318 1511 3779 1582 collaudaverunt,

2189 1602 2329 1658 sicut
2369 1612 2425 1657 et
2464 1603 2637 1660 sancti
2681 1603 2943 1659 Damasus
2987 1610 3043 1659 et
3087 1602 3414 1660 Athanasius
3453 1612 3511 1661 et
3558 1605 3780 1662 Basilius

2190 1699 2602 1770 Apollinarium,
2630 1708 2686 1756 et
2712 1708 2931 1757 sanctus
2953 1700 3178 1774 [sanctae
3204 1700 3505 1773 memoriae]
3533 1701 3646 1757 Leo
3674 1701 3778 1757 Eu-

489 1788 628 1860 ὅμως
657 1787 827 1847 ἐπειδή
855 1791 1042 1863 φανερά
1074 1789 1268 1861 γέγονεν
1296 1790 1326 1846 ἡ
1365 1788 1555 1842 τούτων
1580 1787 1815 1853 ἀσέϐεια,
1858 1787 1944 1840 οῦκ
1980 1786 2075 1851 έξέ-

2190 1790 2385 1862 tychen
2413 1809 2425 1845 :
2454 1798 2511 1847 et
2531 1798 2715 1846 tamen
2736 1791 2953 1862 cognita
2984 1807 3172 1848 eorum
3207 1792 3505 1864 impietate,
3528 1809 3641 1848 non
3662 1811 3778 1865 pro-

485 1905 640 1957 φυγον
686 1881 768 1938 διά
804 1888 895 1942 τὴν
940 1884 1181 1940 τοιαύτην
1231 1881 1500 1953 ἀποδοχὴν
1540 1881 1787 1957 αἱρετικοί
1824 1884 1913 1939 τήν
1955 1879 2084 1951 μετά

486 1982 651 2032 ταῦτα
678 1978 749 2035 εἰς
778 1978 956 2030 οἰκεῖον
982 1973 1261 2051 πρόσωπον
1287 1977 1371 2029 καί
1404 1979 1493 2033 τήν
1536 1974 1703 2028 αὐτῶν
1732 1973 1973 2028 ἀσέϐειαν
1999 1993 2085 2044 γε·

482 2070 694 2140 νομένην
726 2070 1025 2143 κατάκρισίν
1062 2089 1115 2123 τε
1161 2071 1244 2125 καί
1280 2068 1706 2140 ἁναθεματισμόν.
1752 2069 1981 2126 Τοσαύτη
2030 2066 2083 2122 δέ

484 2164 623 2218 ἐστιν
650 2164 680 2220 ἡ
714 2163 869 2232 μανία
903 2168 1003 2216 τῶν
1032 2159 1297 2232 Θεόδωρον
1327 2159 1684 2225 ἐκδεκούντων,
1738 2158 1818 2214 ὅτι
1860 2160 2084 2228 τολμῶσι

485 2251 902 2324 καταψεύδεσθαι
925 2256 1007 2308 καί
1041 2255 1315 2329 Γρηγορίου
1343 2259 1435 2308 τοῦ
1462 2252 1692 2325 θεολόγον
1710 2295 1722 2317 ,
1749 2253 1832 2305 καί
1859 2250 2080 2305 Ἰωάννου

487 2357 579 2405 τοῦ
632 2347 1245 2416 Κωνσταντινουπόλεως,
1301 2348 1368 2406 ὡς
1432 2345 1707 2405 έπιστολάς
1753 2344 1879 2423 πρὸς
1931 2344 2081 2399 αὐτὸν

483 2439 741 2514 Θεόδωρον
780 2442 1183 2497 ἀποστειλάντων
1226 2440 1627 2515 πεπληρωμένας
1669 2438 1876 2493 ἐπαίνου
1900 2454 1912 2467 ⁶
1954 2436 2079 2512 ὅπερ

484 2533 707 2606 ψεύδους
737 2535 849 2588 ἐστὶ
891 2535 1097 2606 μεστόν.
1130 2534 1410 2609 Γρηγόριος
1447 2534 1538 2606 μὲν
1564 2536 1683 2607 γάρ,
1717 2529 1808 2586 ὅτε
1831 2532 1961 2609 ὑπὲρ
1989 2540 2081 2593 τῆς

480 2629 713 2689 ἀληθείας
752 2631 803 2683 έν
843 2628 1367 2684 Κωνσταντινουπόλει
1401 2627 1809 2698 ἀγωνισάμενος,
1844 2626 2074 2685 καὶτοὺς

483 2720 633 2780 λαούς
676 2719 777 2773 ἀπὸ
802 2726 895 2779 τῆς
929 2726 1031 2773 τῶν
1067 2717 1335 2793 ’Δρειανῶν
1377 2717 1563 2782 πλάνης
1592 2717 1664 2777 εἰς
1702 2721 1793 2774 τὴν
1821 2713 2078 2791 ὀρθόδοξον

482 2818 659 2871 πίστιν
706 2812 1023 2887 ἐπιστρέψας
1066 2814 1139 2871 εἰς
1172 2814 1263 2869 τὴν
1299 2810 1484 2865 οἰκείαν
1534 2811 1777 2870 ὶπανῆλθε
1825 2807 2073 2887 πατρίδα,

479 2909 574 2966 τὰς
602 2906 746 2973 παρά
775 2911 873 2959 τῶν
916 2904 1179 2980 αἰρετικῶν
1217 2905 1508 2976 κακούργως
1545 2902 1921 2979 προσφερομένας
1961 2899 2077 2958 ἔπι·

481 2998 665 3059 στολάς
692 2998 749 3051 οὐ
780 2996 907 3071 πρὸς
928 2991 1183 3071 Θεόδωρον
1203 2995 1286 3049 τὸν
1313 2993 1663 3066 Μοψουεστίας
1689 2993 1930 3070 ἔγραψεν,
1956 2995 2079 3049 ἀλλὰ

478 3091 607 3165 πρὸς
635 3086 890 3162 Θεόδωρον
918 3088 1199 3143 έπίσκοπον
1224 3089 1452 3153 Τυάνων,
1485 3090 1597 3149 ἥτις
1634 3090 1746 3143 ἐστι
1786 3095 1874 3148 τῆς
1903 3085 2077 3143 δευτέ-

2186 1892 2307 1955 pter
2334 1882 2440 1939 hoc
2462 1891 2750 1939 evaserunt
2779 1882 3017 1939 haeretici
3038 1883 3547 1940 condemnationem
3579 1893 3636 1941 et
3658 1901 3778 1940 ana-

2186 1972 2369 2030 thema
2394 2016 2409 2041 ,
2466 1975 2610 2045 quod
2662 1982 2852 2046 postea
2896 1983 3088 2031 contra
3141 1990 3331 2031 eorum
3388 1992 3681 2048 personam
3733 1986 3780 2032 et

2184 2067 2517 2137 impietatem
2546 2065 2745 2135 factum
2786 2074 2887 2123 est.
2937 2066 3143 2124 Tantus
3175 2077 3356 2123 autem
3384 2076 3466 2123 est
3494 2068 3651 2124 furor
3690 2069 3777 2124 de-

2183 2159 2519 2215 fendentium
2562 2158 2943 2229 Theodorum,
2990 2160 3116 2231 quia
3146 2169 3480 2231 praesumunt
3525 2161 3778 2216 adversus

2183 2249 2501 2320 Gregorium
2546 2250 2880 2320 theologum,
2912 2258 2968 2307 et
2994 2250 3260 2307 Joannem
3285 2251 3778 2322 Constantinopoli-

2184 2350 2369 2398 tanum
2398 2342 2637 2407 mentiri,
2671 2342 2914 2399 dicentes
2942 2343 3201 2414 epistolas
3229 2342 3298 2399 ad
3326 2343 3575 2398 eumdem
3606 2343 3776 2398 Theo-

2183 2435 2373 2491 dorum
2394 2435 2585 2506 plenas
2614 2433 2791 2489 laudis
2820 2450 2916 2491 eos
2946 2434 3209 2492 direxisse
3236 2453 3248 2489 :
3280 2434 3425 2505 quod
3453 2435 3650 2490 falsum
3679 2444 3775 2491 est.

2182 2526 2475 2598 Gregorius
2501 2527 2668 2595 enim,
2696 2543 2821 2584 cum
2849 2528 2902 2583 in
2924 2526 3398 2599 Constantinopoli
3427 2542 3526 2599 pro
3550 2529 3778 2584 veritate

2181 2618 2472 2683 laborans,
2520 2619 2800 2676 conversis
2840 2635 2941 2690 per
2981 2634 3105 2675 eum
3146 2620 3214 2675 ab
3243 2620 3443 2675 Ariana
3470 2620 3680 2676 insania
3718 2620 3778 2675 ad

2181 2711 2503 2767 catholicam
2530 2711 2692 2768 ﬁdem
2721 2712 2936 2784 populis
2958 2754 2971 2777 ,
2998 2712 3066 2769 ad
3093 2728 3244 2767 suam
3274 2713 3504 2784 patriam
3531 2729 3779 2770 reversus

2181 2815 2284 2872 est,
2316 2806 2573 2877 epistolas
2601 2821 2738 2877 quas
2766 2807 3005 2863 haeretici
3026 2806 3216 2863 dolose
3237 2806 3538 2878 proferunt,
3571 2823 3682 2863 non
3718 2807 3779 2862 ad

2182 2901 2526 2957 Theodorum
2554 2902 2997 2973 Mopsuestenum
3027 2902 3273 2972 scripsit,
3305 2900 3402 2957 sed
3432 2900 3500 2956 ad
3529 2899 3779 2956 Theodo-

2179 3009 2298 3050 rum
2322 2995 2637 3066 episcopum
2664 2994 3027 3067 Tyanensem,
3048 3008 3168 3064 qua:
3196 3001 3279 3051 est
3298 2993 3549 3050 secunda:
3572 2992 3779 3065 Cappa-

2180 3090 2350 3145 dociae
2379 3088 2715 3159 metropolis.
2746 3086 3001 3157 Ejusdem
3030 3097 3214 3143 autem
3244 3085 3536 3157 provincia:
3567 3094 3699 3140 sunt
3730 3092 3779 3139 et

480 3202 578 3255 ρας
606 3177 964 3239 Καππαδόκων
988 3179 1318 3254 μητρόπολις.
1343 3185 1447 3239 Τῆς
1472 3176 1525 3233 δέ
1546 3181 1704 3239 αὐτῆς
1726 3182 1910 3254 χώρας
1937 3180 2075 3234 ἓστίν

2180 3180 2478 3237 Nazianzus
2498 3180 2709 3247 civitas,
2731 3180 2884 3251 cujus
2904 3179 3082 3236 fuerat
3109 3180 3392 3251 episcopus
3412 3179 3554 3234 idem
3576 3186 3778 3234 sanctte

479 3272 855 3336 ἠααζιανζὸς,
905 3268 963 3330 ἧς
1010 3273 1205 3345 γέγονεν
1252 3271 1533 3333 ἐπίσκοπος
1574 3271 1599 3326 ὁ
1638 3272 1786 3332 αὐτὸς
1813 3275 1863 3325 έν
1911 3272 2074 3344 ἁγίοις

478 3360 772 3437 Γρηγόριος,
807 3363 885 3414 καί
908 3362 1158 3436 ’Δριανζὸς
1186 3363 1244 3418 τὸ
1279 3364 1491 3436 χωρίον,
1524 3360 1630 3415 ὅθεν
1658 3364 1883 3437 ὧρματο.
1912 3370 2073 3419 Τοῦτο

479 3456 579 3530 γάρ
608 3455 694 3507 καί
721 3454 873 3508 αὐταὶ
898 3461 1072 3527 σαφῶς
1102 3452 1337 3513 δηλοῦσιν
1361 3456 1409 3516 αἰ
1439 3456 1735 3521 ἐπιστολαί,
1765 3458 2073 3530 μεμνημέναι

477 3546 662 3608 ἐθνῶν,
705 3546 789 3597 καί
814 3542 1067 3612 συνόδων,
1100 3547 1184 3601 καί
1222 3552 1312 3599 τοῦ
1359 3548 1519 3600 αὐτοῦ
1567 3549 1762 3624 χωρίου
1791 3546 2070 3625 Ἄριανζοῦ,

477 3640 565 3692 καί
594 3637 776 3711 ἐτέρων
805 3640 1013 3712 χωρίων
1057 3646 1149 3699 τῆς
1187 3641 1342 3701 αὐτῆς
1388 3641 1682 3714 ἐπαρχίας.
1716 3645 1801 3696 καὶ
1828 3642 1984 3714 μηνός

479 3728 747 3803 έπιχωρίῳ
813 3726 1057 3801 διαλέκτῳ
1116 3728 1462 3785 Καππαδόκων
1532 3735 1933 3804 ὠνομασμένων,
1988 3738 2073 3790 καί

478 3822 756 3895 Βοσπορίου
785 3819 1062 3875 ἐπισκόπου
1102 3821 1191 3877 ὑπ’
1224 3822 1378 3877 αὐτὸν
1406 3822 1670 3883 τελοῦντος
1699 3825 1952 3887 Κολωνίας
1980 3836 2073 3889 τῆς

475 3911 689 3975 πόλεως,
717 3914 803 3967 καί
828 3913 1014 3989 ἑτέρων
1043 3913 1358 3981 ἐπισκόπων,
1389 3920 1473 3971 καί
1501 3918 1915 3991 χωρεπισκάπων
1936 3961 1949 3985 ,
1992 3926 2072 3978 καί

475 4007 826 4079 μοναστηρίων
855 4006 958 4061 ύπό
991 4008 1076 4062 τὸν
1100 4008 1253 4062 αὐτὸν
1280 4007 1558 4063 τελούντων
1583 4008 1837 4086 Θεόδωρον
1875 4034 2069 4086 μνημο-

473 4098 743 4162 νεύουσαι,
773 4096 837 4152 ὧν
870 4102 955 4152 καὶ
996 4100 1161 4173 μέχρι
1188 4106 1273 4153 νῦν
1315 4102 1536 4165 σώζεται
1578 4103 1644 4156 τά
1675 4101 1913 4173 ὀνόματα.
1945 4108 2069 4162 Ποία

471 4184 527 4244 δέ
552 4191 802 4260 μετουσία
830 4190 1205 4252 Καππαδόκαις
1244 4192 1377 4267 πρὸς
1405 4194 1522 4253 τούς
1551 4201 1642 4255 τῆς
1669 4192 1914 4271 δευτέρας
1942 4196 2068 4253 Κιλι-

473 4284 587 4343 κίας
614 4284 645 4343 ἣ
672 4285 787 4340 τότε
836 4283 866 4345 ἢ
904 4292 993 4340 νῦν
1028 4288 1298 4359 ὑπάρχει,
1338 4286 1797 4366 διαμεμερισμένης
1833 4301 1926 4352 τῆς
1970 4301 2068 4347 τῶν

473 4373 747 4447 έπαρχιῶν
782 4378 974 4432 τούτων
1010 4375 1326 4444 διοικήσεως;
1359 4378 1388 4439 ἦ
1418 4384 1605 4442 ποίους
1644 4384 1955 4444 ἐπισκόπους
1984 4385 2067 4457 ὐφ’

476 4464 656 4522 ἔαυτόν
681 4466 826 4540 ἔχειν
847 4467 1065 4528 ἠδύνατο
1107 4469 1132 4524 ὁ
1172 4472 1535 4542 Μοψουεστίας
1566 4476 1871 4543 ἐπίσκοπος,
1914 4479 2067 4539 αὐτὸς

2178 3273 2454 3330 memoria:
2478 3271 2794 3341 Gregorius,
2840 3279 2895 3327 et
2922 3271 3184 3327 Arianzus
3211 3269 3489 3341 praedium,
3515 3268 3659 3324 unde
3688 3284 3778 3325 or-

2178 3374 2265 3423 tus
2294 3366 2489 3421 fuerat.
2519 3364 2639 3422 Hoc
2663 3367 2809 3422 enim
2838 3374 2895 3422 et
2921 3367 3053 3436 ipsae
3083 3365 3330 3436 epistolae
3355 3373 3545 3435 aperte
3565 3362 3775 3433 signiﬁ-

2176 3467 2331 3528 cant,
2378 3458 2699 3515 memoriam
2742 3457 3008 3515 facientes
3046 3456 3496 3514 consuetudinum
3525 3464 3580 3511 et
3608 3456 3778 3511 colled

2175 3551 2437 3617 ctionum,
2468 3556 2525 3606 et
2550 3549 2791 3621 ejusdem
2816 3549 3003 3621 praedii
3028 3550 3264 3617 Arianzi,
3298 3558 3354 3605 et
3375 3549 3605 3604 aliorum
3636 3563 3779 3619 prte-

2181 3646 2396 3702 diorum
2443 3644 2689 3716 ejusdem
2738 3645 3028 3717 provincia:
3053 3688 3070 3715 ,
3127 3653 3183 3700 et
3228 3643 3431 3700 mensis
3479 3642 3772 3698 vernacula

2180 3737 2362 3806 lingua
2384 3737 2767 3808 Cappadocum
2797 3736 3077 3804 nominati,
3101 3745 3156 3791 et
3186 3734 3470 3806 Bosphorii
3494 3732 3774 3809 [Bospori]

2175 3828 2416 3899 epis‘eopi
2466 3828 2568 3883 sub
2596 3827 2789 3883 eodem
2817 3825 3109 3882 Theodoro
3138 3825 3455 3892 constituti,
3504 3824 3597 3894 qui
3642 3833 3775 3879 tunc

2174 3919 2433 3990 temporis
2453 3917 2694 3975 Coloniae
2722 3918 2954 3974 civitatis
2982 3917 3221 3988 ejusdem
3248 3915 3539 3987 provinciae
3560 3917 3777 3987 episco-

2172 4027 2274 4082 pus
2302 4020 2451 4078 erat,
2484 4021 2540 4067 et
2568 4012 2800 4068 aliorum
2830 4013 3230 4095 episcoporum,
3262 4019 3318 4066 et
3345 4010 3773 4080 chorepiscopo-

2173 4119 2292 4159 rum
2316 4143 2330 4169 ,
2379 4113 2435 4160 et
2482 4106 2968 4171 monasteriorum,
3016 4118 3137 4174 quae
3165 4103 3265 4160 sub
3295 4100 3569 4158 Theodori
3607 4100 3777 4171 juris-

2172 4194 2409 4250 dictione
2436 4205 2630 4265 erant,
2678 4210 2909 4265 quorum
2938 4210 3109 4265 usque
3137 4208 3283 4249 nunc
3322 4193 3512 4250 eadem
3544 4193 3771 4248 nomina

2171 4296 2473 4343 servantur.
2505 4287 2690 4354 Qualis
2714 4302 2880 4358 porro
2911 4289 3223 4346 communio
3257 4286 3676 4359 Cappadocibus
3709 4285 3774 4341 ad

2171 4380 2464 4434 secundam
2490 4378 2754 4446 Ciliciam,
2778 4380 2866 4435 vel
2892 4388 3042 4449 tunc,
3073 4380 3159 4436 vel
3198 4379 3361 4436 modo
3389 4378 3561 4435 divisa
3582 4394 3773 4436 earum

2170 4471 2571 4542 provinciarum
2598 4472 3037 4542 gubernatione?
3083 4471 3152 4527 Et
3178 4488 3315 4544 quos
3345 4472 3634 4544 episcopos
3672 4475 3773 4530 sub

475 4557 578 4611 ὑπὸ
596 4559 681 4612 τὸν
700 4566 792 4618 τῆς
811 4559 963 4618 αὐτῆς
994 4557 1237 4634 δευτέρας
1260 4562 1473 4622 Κιλικίας
1494 4566 1867 4637 μητροπολίτην
1887 4570 2067 4636 τελῶν;

2179 4579 2233 4620 se
2262 4566 2464 4622 habere
2484 4574 2700 4637 poterat
2727 4565 3140 4637 Mopsuestenus
3162 4567 3472 4638 episcopus,
3505 4581 3632 4622 cum
3657 4567 3772 4639 ipse

476 4650 703 4712 Ἰωάννης
747 4649 800 4705 δέ
845 4650 871 4705 ό
915 4652 1487 4718 Κωνσταντινουπόλεως
1534 4654 1755 4732 ἔγραψεν
1801 4658 2071 4721 ἐπιστολήν

474 4745 602 4821 πρὸς
631 4742 889 4819 Θεόδωρον
927 4746 1014 4799 τὸν
1043 4744 1441 4816 Μοψουεστίας,
1468 4750 1558 4803 ούκ
1584 4750 1796 4805 ἐπαίνων
1824 4750 1878 4807 δὲ
1898 4796 1912 4819 ,
1945 4754 2071 4810 ἀλλά

472 4836 713 4909 μέμψεων
734 4843 818 4892 καί
855 4837 1197 4907 ἐπιτιμήσεων
1224 4833 1389 4894 οὖσαν
1415 4847 1627 4911 μεστήν,
1663 4846 1730 4903 ὡς
1768 4845 2069 4908 ἐκπεσόντος

470 4932 624 4985 αὑτοῦ
661 4936 754 4990 τῆς
778 4928 1090 4990 θεοσεϐείας.
1128 4935 1450 4993 Συνασκόσας
1476 4935 1576 5009 γάρ
1603 4936 1736 5006 αὐτῷ
1763 4937 1847 4992 τόν
1876 4942 2066 5015 μονήρη

472 5024 583 5094 βίον
612 5024 659 5077 ἐν
685 5023 757 5077 ἐνί
783 5024 962 5097 καὶτῷ
990 5023 1131 5093 αὐτῷ
1157 5030 1506 5102 μοναστηρίῳ,
1535 5037 1626 5090 τῆς
1656 5030 1819 5085 ἐκεῖσε
1852 5030 2064 5086 συνδια-

468 5124 639 5191 γωγῆς
667 5117 1027 5189 ἀναμιμνήσκει
1053 5118 1224 5172 αὐτόν.
1256 5122 1345 5173 Καὶ
1372 5126 1540 5176 ταῦτα
1568 5122 2061 5197 μαρτυρεὲεωζόμε-

467 5230 570 5275 νος,
598 5211 681 5261 καί
700 5206 970 5280 Ἠσύχιος,
1000 5212 1085 5264 καί
1106 5216 1403 5284 Σωκράτης,
1433 5217 1519 5269 καί
1547 5213 1860 5289 Θεοδὼριτος
1885 5213 1909 5268 ὁ
1936 5215 2061 5269 πολ-

468 5301 581 5360 λοὺς
614 5301 745 5376 ύπέρ
784 5298 1043 5373 Θεοδώρου
1072 5302 1248 5375 λόγους
1271 5326 1320 5359 τε
1350 5308 1435 5358 καί
1464 5306 1701 5365 ἐπαίνους
1731 5301 1971 5365 ἐκτείνας.
2004 5310 2065 5361 Εἰ

466 5392 523 5450 δέ
558 5395 871 5470 προφέρουσι
911 5399 1202 5470 μαρτυρίας
1224 5396 1445 5450 Ἰωάννου
1495 5402 1588 5450 τοῦ
1628 5394 1943 5468 Ἀντιοχείας
1981 5404 2063 5457 καί

465 5496 559 5548 τῆς
583 5487 669 5543 ὑπ’
698 5489 853 5544 αὐτὸν
894 5489 1188 5549 ἀνατολικῆς
1228 5487 1476 5553 συνόδου,
1528 5489 1659 5561 ὑπὲρ
1690 5487 1949 5565 Θεοδώρου
1981 5496 2065 5547 καί

464 5589 559 5642 τῆς
587 5582 739 5637 αὐτοῦ
768 5581 1005 5641 ἀσεϐείας
1053 5581 1351 5650 γενομένης,
1402 5574 1587 5648 ἀνάγκη
1628 5580 1810 5640 αύτούς
1858 5583 2063 5637 κάκεῖνα

413 5728 423 5749 ι
465 5673 730 5740 δέξασθαι,
764 5674 897 5752 ἅπερ
928 5673 1047 5730 ὅσον
1077 5674 1207 5745 τόγε
1246 5672 1325 5725 ἐπ’
1349 5673 1526 5732 αὐτοῖς
1556 5676 1625 5734 εἰς
1652 5676 1945 5751 κατάκρισιν
1972 5685 2061 5733 τοῦ

465 5768 517 5821 έν
544 5766 705 5840 ἁγίοις
737 5768 976 5841 Κυρίλλου
1001 5804 1018 5829 ,
1050 5768 1135 5818 καὶ
1162 5763 1402 5822 ἀθέτησιν
1444 5773 1533 5826 τῆς
1564 5766 1712 5845 ὀρθῆς
1757 5772 1986 5831 πίστεως
2014 5772 2060 5825 οἱ

465 5860 584 5940 περὶ
616 5858 837 5918 Ἰωάννην
864 5857 1163 5925 ἐτόλμησαν·
1198 5858 1281 5911 καί
1313 5856 1445 5933 ἅπερ
1488 5855 1743 5935 ἔγραψαν,
1786 5863 2058 5938 Νεστόριον

2174 4661 2275 4715 sub
2297 4661 2715 4730 metropolitano
2740 4662 2994 4717 secunda:
3015 4662 3217 4719 Cilicia:
3240 4664 3569 4719 constitutus
3590 4663 3774 4720 esset?

2171 4748 2408 4807 Joannes
2437 4761 2618 4807 autem
2644 4751 3276 4826 Constantinopolitanus
3302 4755 3519 4827 scripsit
3549 4756 3773 4827 quidem

2172 4844 2457 4914 epistolam
2486 4845 2553 4901 ad
2582 4844 2927 4904 Theodorum
2948 4848 3407 4921 Mopsuestenum,
3441 4865 3553 4906 non
3582 4859 3773 4906 tamen

2171 4936 2442 5005 laudibus,
2465 4938 2559 4995 sed
2586 4941 2939 5009 querimoniis
2967 4951 3025 4997 et
3044 4943 3506 5015 increpationibus
3528 4945 3770 5014 plenam,

2171 5039 2233 5087 ut
2275 5042 2404 5103 pote
2451 5032 2544 5088 illo
2589 5049 2620 5089 a
2649 5034 2793 5090 bona
2833 5037 3251 5093 conversatione
3297 5035 3545 5109 [pietate]
3590 5038 3767 5109 lapso.

2171 5120 2437 5188 Quoniam
2485 5124 2629 5179 enim
2680 5142 2801 5181 cum
2846 5141 2914 5181 eo
2953 5126 3324 5183 monachicam
3358 5130 3523 5183 vitam
3572 5129 3626 5183 in
3660 5145 3772 5185 uno

2172 5213 2472 5285 eodemque
2514 5217 2844 5272 monasterio
2877 5219 3158 5289 exercuit,
3207 5220 3643 5276 conversationis
3692 5221 3771 5276 ibi

2170 5303 2327 5362 factae
2356 5324 2477 5363 eum
2526 5309 2807 5365 admonuit
2835 5329 2847 5365 :
2880 5320 2935 5366 et
2969 5327 3069 5382 pro
3099 5312 3185 5368 his
3233 5314 3595 5369 testimonium
3629 5330 3775 5386 pne-

2170 5400 2302 5455 hent
2326 5401 2680 5466 Suzomcnus,
2704 5412 2757 5459 et
2785 5403 3103 5476 Hesychius,
3133 5415 3188 5461 et
3212 5407 3485 5474 Socrates,
3510 5416 3567 5463 et
3586 5407 3775 5463 Theo-

2168 5494 2409 5560 doretns,
2434 5497 2524 5565 qui
2553 5497 2749 5553 multas
2772 5515 2871 5571 pro
2884 5498 3175 5571 Theodoro
3206 5501 3482 5558 orationes
3503 5510 3558 5556 et
3580 5501 3776 5557 laudes

2166 5586 2314 5644 fecit.
2360 5590 2417 5644 Si
2447 5601 2627 5647 autem
2672 5593 2981 5649 testimonia
3012 5594 3293 5664 proferunt
3322 5593 3547 5649 Joannis
3575 5595 3775 5649 Antio-

2167 5680 2350 5747 cheni,
2384 5689 2439 5735 et
2469 5683 2759 5739 Orientalis
2794 5685 3009 5740 concilii
3038 5687 3137 5742 sub
3168 5701 3234 5742 eo
3261 5686 3577 5753 constituti,
3622 5686 3770 5740 facta

2166 5785 2265 5842 pro
2289 5770 2600 5841 Theodoro,
2632 5783 2686 5830 et
2714 5775 2833 5846 ejus
2861 5776 3162 5846 impietate,
3195 5792 3421 5833 necesse
3449 5785 3533 5833 est
3561 5791 3671 5842 eos,
3709 5786 3773 5832 et

2164 5862 2257 5920 illa
2298 5864 2573 5943 suscipere
2597 5909 2611 5935 ,
2660 5883 2780 5949 quae
2827 5875 3119 5939 (quantum
3150 5866 3216 5923 ad
3244 5868 3368 5925 illos
3389 5868 3657 5945 pertinet)
3689 5866 3769 5923 ad
