3988 6346
235 393 317 454 ιιι
1235 352 1605 462 insumat
1644 386 1772 463 LiB.
1811 389 1972 466 on.
1997 352 2387 466 calceum.

3340 413 3450 473 266

235 509 296 563 ui
314 508 390 566 τόν
410 498 560 562 αὖτῶ
583 499 875 574 κακοδοξίαν
903 505 989 567 ἐπί
1017 510 1258 570 πλεῖστον
1299 517 1488 590 χρόνον
1516 517 1764 574 ἐκδικοῦν-

1872 518 2377 576 condemnationem
2423 513 2596 577 sancti
2642 513 2824 594 Cyrilli
2849 564 2866 590 ,
2919 532 2975 580 et
3012 527 3453 597 reprobationem

233 621 314 662 ης.
336 600 414 655 καί
437 605 580 656 τοῦτο
602 597 861 658 δείκνυται
883 602 935 658 ἐκ
961 602 1210 680 διαφόρων
1234 608 1395 663 αὐτῶν
1422 608 1581 680 λόγων
1605 630 1660 666 τε
1681 611 1764 666 καί

230 691 461 749 ἐπιστολῶν
491 692 618 766 πρὸς
643 691 912 751 Θεοδόσιον
939 696 1022 753 τόν
1050 707 1142 761 τῆς
1167 699 1408 762 εὐσεϐοῦς
1433 701 1619 766 λήξεως
1636 741 1652 768 ,
1683 702 1767 756 καί

225 786 396 858 ἐτέρους
416 782 681 862 διαφόρους
705 797 1013 862 γραφεισῶν.

1869 619 2032 667 rectae
2077 610 2200 668 ﬁdei
2242 611 2488 668 fecerunt
2523 611 2760 669 Joannes
2783 622 2840 669 et
2865 615 2958 684 qui
2985 631 3106 671 cum
3145 618 3239 674 illo
3267 628 3448 688 erant,

1873 716 1975 758 nec
2001 718 2111 758 non
2140 703 2304 758 etiam
2343 718 2464 774 qua:
2507 704 2858 774 scripserunt,
2907 703 3209 762 Nestorium
3238 717 3294 764 et
3333 709 3452 779 ejus

1875 790 2155 862 perfidiam
2184 791 2385 850 diutius
2413 793 2782 852 defendentes.
2829 792 2896 849 Et
2923 794 3028 850 hoc
3055 797 3354 853 ostenditur
3380 814 3452 857 ex

1873 885 2102 944 diversis
2123 900 2309 944 eorum
2337 886 2488 944 libris
2533 895 2589 943 et
2628 885 2900 958 epistolis,
2939 903 3074 959 quas
3101 888 3170 946 ad
3198 887 3451 950 Theodo-

221 969 330 1026 sium
351 969 446 1040 pia:
471 969 863 1031 recordationis
885 1011 903 1040 ,
954 979 1012 1030 et
1057 972 1127 1031 ad
1172 975 1310 1032 alios
1350 976 1592 1036 diversos
1628 977 1980 1051 scripserunt.

277 1065 352 1118 Καί
377 1070 537 1120 ταῦτα
565 1065 653 1136 μὲν
681 1065 862 1127 οὕτως·
891 1067 975 1124 ἵνα
1003 1065 1058 1124 δὲ
1085 1067 1237 1142 μηδὲν
1262 1079 1355 1134 τῆς
1377 1072 1638 1148 ἀκριϐείας
1663 1095 1766 1130 πα·

217 1154 494 1230 ραλιίψωμιν
516 1195 532 1221 ,
585 1159 853 1231 ἀναγκαῖον
896 1161 1200 1232 ἐνομίσαμεν
1237 1165 1514 1234 μνησθῆναι
1549 1167 1634 1220 καί
1668 1172 1766 1221 τῶν

216 1247 462 1320 γραφέντων
482 1251 632 1324 παρὰ
657 1251 992 1324 Δῦγουστίνου
1019 1259 1114 1312 τοῦ
1142 1263 1232 1316 τῆς
1254 1253 1401 1318 ὁσίας
1421 1262 1622 1328 μνήμης
1649 1259 1763 1314 ἐπι⁴

212 1341 378 1397 σκότιον
413 1343 462 1398 ἐν
485 1352 690 1420 ’Δφρικῇ
717 1348 998 1419 γενομένου.
1038 1353 1305 1413 Ζητήσεως
1341 1349 1442 1430 γοίρ
1479 1374 1612 1416 τινος
1644 1357 1764 1430 περὶ

213 1434 485 1489 ιαικιλιανοῦ
515 1438 648 1507 μετά
673 1439 883 1496 θάνατον
909 1441 1066 1496 αὐτοῦ
1110 1444 1416 1512 κινηθείσης,
1465 1447 1536 1506 ὥς
1566 1455 1658 1508 τῆς
1685 1447 1764 1501 ἐκν-

209 1521 533 1587 ιλησιαστωοῆς
561 1529 978 1605 παρατραπέντος
1004 1525 1356 1610 παραδόσεως,
1382 1534 1468 1590 καί
1486 1557 1630 1592 τινων
1655 1537 1767 1593 τού-

212 1634 284 1669 ιον
308 1613 458 1695 χάριν
497 1620 841 1693 χωρισὰντων
875 1619 1087 1684 ἐαυτοὺς
1124 1623 1228 1679 ἀπὸ
1267 1631 1360 1687 τῆς
1388 1625 1647 1689 καθολικῆς
1684 1627 1767 1682 ἐκ·
1823 1697 1826 1702 _

207 1706 414 1774 πλησίας,
453 1707 668 1794 γράφει,
700 1713 828 1789 πρός
869 1719 1154 1787 Βονιφάτιον
1206 1714 1234 1772 ὁ
1282 1718 1432 1780 αὐτὸς
1477 1726 1570 1780 τῆς
1616 1717 1767 1780 ὁσίας

205 1800 376 1869 μνήμης
399 1802 770 1884 Δόγουστῖνος,
801 1803 869 1863 ὡς
895 1805 986 1858 οὐκ
1011 1800 1120 1859 ἔδει
1146 1805 1287 1866 τινὰς
1313 1803 1400 1863 διὰ
1425 1813 1578 1863 τοῦτο
1601 1810 1768 1884 χωρί-

1942 1068 2006 1124 Et
2031 1069 2146 1126 lucc
2166 1069 2382 1140 quidem
2411 1068 2489 1126 sic
2514 1083 2574 1126 se
2599 1068 2821 1151 habent.
2857 1067 2925 1124 Ut
2951 1078 3130 1127 autem
3163 1071 3293 1127 nihil
3319 1074 3451 1128 sub-

1869 1151 2080 1219 tilitatis
2093 1161 2582 1232 prmtermittamus,
2614 1162 2975 1218 necessarium
3001 1164 3308 1234 putavimus
3337 1181 3450 1222 me-

1869 1269 2085 1310 morare
2124 1254 2289 1310 etiam
2328 1254 2418 1310 illa
2445 1269 2566 1326 qua:
2585 1253 2653 1310 ab
2680 1253 2920 1322 Augusto
2947 1264 3147 1312 sancta:
3173 1257 3449 1312 memoria:

1870 1343 2120 1401 Africano
2145 1345 2402 1416 episcopo
2447 1346 2648 1418 scripta
2674 1354 2818 1401 sunt.
2850 1347 3155 1413 Quaestione
3183 1341 3332 1404 enini
3346 1350 3451 1404 ali-

1869 1449 1974 1506 qua
1998 1441 2123 1505 post
2148 1442 2377 1490 mortem
2423 1433 2692 1490 Caeciliani
2718 1434 2786 1490 de
2814 1450 2881 1490 eo
2904 1444 3068 1503 mota,
3097 1437 3240 1506 quod
3261 1437 3329 1494 ab
3357 1453 3452 1493 cc-

1867 1527 2168 1585 clesiastica
2197 1527 2488 1584 traditione
2508 1526 2804 1583 declinasse
2828 1527 3123 1596 dicebatur,
3149 1537 3206 1584 et
3230 1540 3454 1602 propter

1867 1618 1974 1676 hoc
1998 1618 2315 1689 quibusdam
2334 1633 2366 1676 a
2394 1617 2660 1676 catholica
2687 1617 2928 1675 Ecclesia
2955 1621 3234 1690 separatis,
3265 1622 3454 1678 scribit

1869 1711 1939 1768 ad
1965 1711 2299 1768 Bonifacium
2345 1709 2496 1786 idem
2541 1699 2759 1766 san'ctus
2786 1711 3132 1781 Augustinus,
3164 1712 3310 1782 quod
3340 1727 3454 1768 non

1869 1806 2176 1876 oportebat,
2197 1783 2406 1874 aliquos
2432 1803 2554 1859 ideo
2581 1819 2834 1874 separare
2857 1817 2977 1860 sese
3005 1818 3036 1858 a
3064 1804 3329 1859 catholica
3355 1802 3456 1859 Ec-

203 1906 281 1942 σαι
322 1874 534 1952 ἐαυτὸὐς
579 1899 672 1952 τῆς
719 1893 981 1956 καθολικῆς
1029 1895 1312 1958 ἐκκλησίας.
1364 1898 1423 1952 Ei
1461 1899 1560 1974 γὰρ

1872 1874 2052 1953 clesia.
2079 1895 2138 1950 Si
2175 1896 2319 1951 enim
2347 1910 2475 1951 vera
2495 1903 2677 1951 essent
2702 1911 2768 1952 ea
2794 1910 2914 1966 quze
2941 1894 3228 1952 Caeciliano
3256 1895 3455 1952 infere-

201 1975 388 2050 ὑπῆρχε
408 1981 474 2036 τὰ
501 1979 792 2054 ἐπαγόμενοι
812 1985 1130 2055 Καικιλιανῷ,
1160 1987 1243 2040 καί
1271 1987 1552 2063 ἐφανερώθη
1571 1990 1769 2046 ἐναντία

201 2073 436 2144 φρονήσας
461 2080 558 2134 τῆς
586 2074 848 2138 καθολικῆς
873 2077 1261 2142 καταστάσεως,
1299 2081 1385 2134 καί
1405 2081 1536 2152 μετὰ
1561 2081 1770 2136 θάνατον

196 2157 249 2215 ἂν
283 2169 456 2220 τοῦτον
498 2165 772 2240 ἀναθᾶματι
822 2167 1099 2224 ὑπέϐαλον.
1153 2167 1295 2224 me
1339 2173 1427 2226 καί
1471 2174 1632 2226 κανών
1674 2179 1771 2234 τῆς

195 2251 332 2324 ἀνίας
358 2257 405 2310 ἐν
427 2255 634 2334 ’Δφρικῇ
675 2257 890 2314 συνόδου
933 2257 1216 2334 διαγορεύει
1258 2261 1378 2324 τοὺς
1422 2260 1766 2332 ἐπισκόπους,

191 2350 305 2410 τοὺς
336 2355 424 2409 τήν
451 2354 642 2407 οἰκείαν
668 2350 700 2412 ἧ
740 2353 791 2408 ἰν
821 2350 1054 2428 διαθὰκῃ,
1081 2350 1112 2412 ἦ
1147 2353 1200 2419 ἐξ
1233 2351 1492 2410 ἆδιαθίτου
1529 2355 1769 2431 αἱρετικῷ

191 2443 628 2515 παραπέμποντας
675 2450 867 2519 χρῆναι
909 2445 997 2500 καί
1032 2444 1164 2515 μετά
1207 2443 1424 2502 θάνατον
1463 2445 1770 2518 ἀναθεματί-

185 2535 368 2596 ζισθαι.
402 2538 541 2611 Πρός
569 2538 770 2599 τούτοις
797 2537 852 2594 δὲ
895 2537 1061 2594 ἅπασι
1079 2579 1096 2606 ,
1143 2539 1224 2602 τίς
1263 2541 1436 2613 ἀγνοεῖ
1471 2539 1537 2595 τὰ
1577 2539 1628 2595 ἐν
1655 2545 1769 2600 τοῖς

185 2627 435 2701 ἡμετέροις
496 2629 701 2707 χρόνοις
743 2631 804 2684 ’ἐν
853 2636 917 2704 τῇ
969 2628 1205 2706 ἐκκλησίᾳ
1270 2637 1364 2692 τῆς
1410 2631 1771 2706 πρεσϐυτέρας

183 2712 361 2790 Ῥώμης
392 2722 650 2796 γενόμενα
687 2722 819 2778 κατά
867 2721 1166 2796 Διοσκόρου;
1205 2719 1260 2785 ὃς
1299 2721 1441 2779 οὐδέν
1467 2723 1552 2779 ἐπί
1591 2725 1770 2780 πίστιν

178 2809 516 2885 ἡμαρτηκὼς,
549 2811 635 2870 διὰ
664 2813 820 2887 μόνην
843 2814 1259 2876 δκκλησιαστικήν
1291 2815 1613 2872 κατάστασιν
1637 2815 1772 2885 μετά

175 2898 379 2960 θάνατον
401 2905 545 2981 παρ’
571 2908 731 2968 αὐτῆς
765 2915 858 2967 τῆς
897 2910 1027 2964 κατὰ
1048 2905 1238 2979 Ῥώμην
1274 2904 1564 2979 ἁγιωτάτης
1595 2907 1772 2965 ἐκκλη-

172 2993 280 3056 σίας
327 2998 739 3069 ἀνεθεματίσθη.
769 3001 827 3053 Εἰ
851 3002 1014 3055 τοίνυν
1041 3000 1088 3054 οἳ
1116 2999 1270 3071 μηδὲν
1297 3004 1370 3061 είς
1406 3003 1581 3056 πίστιν
1616 3001 1772 3058 πταί-

169 3104 348 3152 σαντες
399 3091 685 3146 ἐπίσκοποι
724 3088 810 3146 διὰ
851 3093 1162 3147 κατάστασιν
1207 3091 1644 3160 ἐκκλησιαστικὴν,
1691 3093 1774 3148 καί

169 3172 237 3233 διὰ
265 3184 630 3254 χρηματικήν
653 3180 818 3236 αἰτίαν
846 3176 1114 3252 ἀναθεματι
1140 3183 1223 3237 καί
1251 3181 1380 3252 μετά
1405 3181 1614 3238 θάνατον
1637 3181 1770 3237 ὑπο·

1869 1989 2086 2056 bantur,
2117 1993 2176 2044 et
2214 1987 2588 2044 maniiestatus
2614 1995 2757 2043 esset
2783 1990 3110 2044 contrarium
3137 1987 3339 2058 aliquid
3363 2002 3456 2046 θος

1871 2081 2172 2138 clesiastico
2213 2081 2378 2138 statui
2425 2080 2688 2152 sapuisse,
2720 2081 2881 2138 etiam
2922 2089 3044 2150 post
3071 2089 3301 2137 mortem
3328 2097 3457 2137 eum

1870 2172 2198 2228 anathemati
2226 2170 2567 2240 subjicerem.
2599 2171 2707 2227 Sed
2735 2179 2790 2227 et
2821 2171 3007 2242 regula
3032 2179 3232 2228 sanctae
3259 2172 3456 2243 synodi

1869 2262 2132 2320 Africanae
2157 2265 2366 2332 statuit,
2395 2262 2680 2332 episcopos
2707 2261 2799 2332 qui
2819 2277 2944 2317 suas
2972 2262 3259 2318 facultates
3287 2262 3342 2316 in
3374 2270 3456 2316 te-

1869 2363 2159 2423 stamento,
2179 2354 2268 2412 vel
2287 2370 2357 2411 ex
2383 2354 2638 2412 intestato
2658 2355 2914 2412 haeretica
2937 2355 3269 2426 relinquunt,
3291 2368 3456 2426 opor-

1870 2457 1986 2506 tere
2023 2457 2230 2520 etpost
2255 2455 2485 2505 mortem
2523 2447 2986 2504 anathematizari.
3017 2447 3194 2518 Super
3217 2448 3332 2503 haec
3356 2461 3456 2504 au-
3539 2463 3542 2466 ’

1869 2550 1979 2600 tem
2007 2543 2208 2610 omnia,
2235 2541 2354 2615 quis
2399 2541 2612 2610 ignorat
2653 2555 2718 2596 ea
2747 2555 2867 2612 qua:
2898 2539 3098 2597 nostris
3126 2537 3456 2612 temporibus

1870 2634 1926 2691 in
1945 2633 2186 2692 Ecclesia
2211 2633 2528 2703 antiquioris
2555 2631 2742 2688 Roma:
2769 2639 2961 2689 contra
2989 2631 3308 2688 Dioscorum
3331 2637 3456 2688 aeta

1869 2727 2030 2784 sunt?
2058 2723 2162 2792 Qui
2188 2739 2311 2781 cum
2329 2723 2463 2780 nihil
2489 2723 2546 2779 in
2574 2721 2731 2780 fidem
2756 2733 3054 2794 peccasset,
3079 2729 3260 2778 tamen
3285 2737 3454 2794 prop-

1871 2825 1958 2875 ter
1994 2817 2170 2874 solum
2197 2815 2621 2872 ecclesiasticum
2668 2815 2914 2872 ordinem
2958 2823 3084 2886 post
3127 2823 3357 2872 mortem
3383 2815 3455 2873 ab

1872 2909 2064 2965 eadem
2095 2913 2284 2964 sancta
2312 2903 2548 2961 Ecclesia
2577 2904 2820 2960 Romana
2844 2905 3323 2961 anathematizatus
3348 2913 3452 2962 est.

1873 2996 1934 3055 Si
1960 2997 2120 3068 igitur
2157 2995 2290 3052 nihil
2331 2994 2386 3050 in
2434 2992 2591 3052 ﬁdem
2619 3001 2906 3066 peccantes
2943 2994 3204 3066 episcopi,
3231 3003 3456 3068 propter

1874 3087 2050 3146 solum
2097 3087 2520 3144 ecclesiasticum
2565 3086 2833 3158 ordinem,
2881 3095 2938 3143 et
2983 3093 3207 3158 propter
3235 3101 3454 3145 causam

1873 3180 2239 3254 pecuniariam
2261 3179 2592 3236 anathemati
2613 3188 2668 3236 et
2681 3186 2806 3251 post
2825 3187 3056 3236 mortem
3077 3180 3452 3252 subjiciuntur,

168 3272 442 3332 ϐάλλονται
459 3319 478 3345 ,
516 3275 666 3347 πόσῳ
709 3275 896 3348 μᾶλλον
923 3273 1180 3351 Θεόδωρος
1203 3275 1230 3331 ὁ
1259 3277 1332 3337 είς
1365 3276 1514 3332 αὐτόν
1535 3277 1620 3333 τόν
1648 3276 1770 3332 Θεὸν

1872 3278 2076 3342 quanto
2093 3270 2266 3339 magis
2291 3268 2632 3341 Theodorus,
2659 3269 2753 3342 qui
2780 3272 2835 3327 in
2862 3270 3038 3342 ipsum
3061 3271 3228 3327 Deum
3254 3286 3455 3344 pecca-

167 3364 471 3432 ἀσεϐήσαςς
508 3363 631 3420 ὅσον
674 3363 728 3422 δέ
758 3365 886 3442 πρός
923 3370 1013 3425 τήν
1047 3363 1222 3422 ἄνοιαν
1261 3373 1363 3423 τῶν
1399 3366 1658 3440 λεγόντων,
1696 3372 1767 3440 μὴ

168 3453 264 3512 δεῖν
301 3459 782 3532 ἄναθεματίζεσθαι
826 3461 957 3533 μετά
1002 3460 1214 3516 θάνατον
1260 3461 1383 3522 τοὺς
1416 3460 1464 3514 ἐν
1503 3469 1565 3536 τῇ
1613 3461 1769 3538 οἰκείᾳ

167 3546 376 3624 ἀσεϐείᾳ
403 3549 781 3614 τελευτῶντας,
812 3549 869 3604 οὐ
909 3546 991 3604 δεῖ
1009 3547 1134 3622 μηδέ
1159 3552 1280 3610 τοὺς
1306 3546 1495 3611 ἀδίκως
1532 3571 1768 3623 κατακρι-

168 3638 337 3702 οίντας
362 3641 617 3717 πατέρας
644 3641 774 3713 μιτά
811 3641 1022 3696 θάνατον
1057 3639 1410 3696 ἀνακαλεῖσθαι
1429 3679 1443 3706 ,
1474 3638 1599 3716 ὅπερ
1629 3661 1766 3712 συμ-

164 3730 340 3791 ϐέϐηκε
376 3733 474 3787 καί
516 3732 606 3786 ἐπὶ
630 3729 832 3805 Ἰωάννῃ
860 3739 933 3802 τῷ
970 3731 1019 3784 ἐν
1051 3731 1169 3803 ὁσίᾳ
1301 3733 1467 3804 μνήμῃ
1500 3731 1769 3804 ,ἐπισκόπῳ

166 3824 413 3898 γενομένῳ
444 3822 1040 3882 κωνσταντινουπόλεως
1062 3821 1166 3877 ὑπὸ
1190 3828 1282 3882 τῆς
1310 3821 1573 3882 καθολικῆς
1595 3821 1768 3881 ἔκκλη-

165 3917 278 3978 σίας
306 3920 449 3990 μετά
473 3915 703 3974 θάνατον
722 3917 1059 3976 ἆνακληθέντι⁸
1082 3917 1168 3973 καί
1192 3918 1278 3972 ἐπὶ
1301 3917 1557 3986 Φλαυιανῷ
1579 3921 1650 3987 τῷ
1678 3923 1770 3978 τῆς

164 4001 303 4067 ὁσίας
342 4013 570 4082 μνήμης
602 4009 686 4063 καί
729 4009 870 4080 αὐτῷ
907 4006 1487 4069 Κωνσταντινουπόλεως
1523 4007 1768 4079 γενομένῳ

161 4095 426 4173 interdum
446 4140 466 4165 ,
499 4095 699 4160 ἀδίκως
726 4100 816 4171 μέν
846 4098 896 4153 ἐν
934 4103 1036 4176 ζωῇ
1063 4099 1436 4177 κατακριθέντι,
1483 4095 1688 4158 δικαίως
1714 4095 1768 4153 δέ

162 4189 289 4254 μετά
311 4189 545 4247 θάνατον
591 4189 908 4247 ἀνακληθίντι
934 4189 1038 4246 ὑπό
1066 4210 1121 4245 τε
1149 4195 1239 4246 τοῦ
1277 4196 1370 4252 τῆς
1398 4187 1544 4250 ὁσίας
1571 4191 1769 4261 μνήμης

159 4277 302 4334 Πάπα
330 4281 593 4344 Λέοντος,
619 4281 703 4334 καί
728 4286 820 4340 τῆς
853 4281 903 4335 ἐν
927 4279 1198 4339 Χαλκηδόνι
1223 4279 1374 4354 ἁγίας
1404 4277 1642 4336 συνόδου.
1671 4289 1766 4334 Ἐν-

161 4368 326 4423 τεῦθεν
345 4368 406 4426 δᾶ
435 4368 728 4443 συμϐαίνει
750 4371 883 4427 κατὰ
914 4371 1037 4432 τοὺς
1061 4369 1255 4426 ἐκείνων
1285 4369 1497 4444 λόγους,
1532 4372 1654 4432 τοὺς
1677 4371 1769 4442 μέν

158 4458 456 4538 αἱρετικῶς
483 4467 605 4522 τοῖς
632 4459 796 4534 ἁγίοις
823 4463 1048 4541 πατράσι
1069 4461 1498 4539 συναριθμεῖσθαι,
1527 4457 1608 4518 οἷα
1637 4461 1772 4515 ἕλευ·

158 4550 336 4625 θέρους
361 4553 684 4628 ἀφιεμένους
707 4561 800 4615 τῆς
828 4553 1142 4627 ὀφειλομένης
1181 4554 1357 4614 αὐτοῖς
1391 4554 1768 4627 κατακρίσεωςο

1869 3364 1982 3420 vit?
2011 3363 2282 3432 Quantum
2309 3371 2492 3420 autem
2537 3361 2603 3418 ad
2633 3363 2995 3434 insipientiam
3024 3363 3316 3420 dicentium
3342 3380 3454 3440 non

1870 3477 2124 3538 oportere
2151 3461 2595 3518 anathematizari
2625 3468 2748 3533 post
2771 3469 3003 3518 mortem
3033 3477 3129 3519 eos
3155 3462 3248 3534 qui
3274 3461 3329 3518 iu
3353 3477 3453 3520 sua

1869 3553 2146 3626 impietate
2169 3553 2367 3610 mortui
2393 3559 2519 3608 sunt
2549 3570 2562 3606 :
2595 3552 2879 3623 oportebat
2901 3567 3001 3609 nec
3025 3565 3120 3609 eos
3140 3553 3232 3625 qui
3258 3552 3455 3624 injuste

1869 3645 2216 3703 condemnati
2237 3652 2364 3700 sunt
2385 3642 2576 3700 Patres
2599 3651 2724 3714 post
2741 3652 2972 3700 mortem
2992 3645 3260 3714 revocari,
3289 3645 3454 3716 quale

1869 3738 2096 3809 contigit
2140 3737 2195 3793 in
2243 3735 2452 3793 Joanne
2505 3743 2706 3792 sancta
2753 3735 3143 3792 recordationis
3191 3737 3450 3807 episcopo

1867 3829 2475 3900 Constantinopolitanae
2499 3827 2749 3894 civitatis,
2799 3827 2867 3883 ab
2894 3827 3184 3883 universali
3211 3825 3458 3886 Ecclesia

1869 3929 1991 3996 post
2018 3929 2252 3977 mortem
2278 3927 2555 3988 revocato,
2583 3925 2638 3976 et
2659 3919 2714 3974 in
2743 3917 3001 3974 Flaviano
3029 3923 3228 3972 sanctae
3255 3930 3457 3971 metuo.

1868 4011 1963 4068 τίω
1992 4021 2046 4069 et
2074 4012 2191 4083 ipso
2231 4011 2485 4084 episcopo
2533 4009 3146 4079 Constantinopolitanze
3197 4005 3454 4073 civitatis,

1869 4103 2070 4173 injuste
2091 4102 2307 4174 quidem
2329 4102 2384 4158 in
2411 4101 2523 4158 vita
2542 4100 2924 4163 condemnato,
2949 4096 3096 4166 juste
3122 4102 3302 4150 autem
3331 4103 3459 4166 post

1869 4201 2103 4250 mortem
2146 4201 2404 4249 revocato
2428 4228 2446 4257 ν
2505 4199 2617 4245 tam
2663 4204 2695 4244 a
2741 4195 2940 4243 831101ξὲ
2993 4185 3268 4242 memoriae
3316 4198 3458 4257 papa

1870 4284 2053 4342 Leone
2074 4298 2235 4354 quam
2255 4298 2288 4338 a
2311 4289 2499 4338 sancta
2526 4277 2954 4335 Chalcedonensi
2983 4276 3209 4351 synodo.
3245 4276 3325 4334 Ex
3351 4279 3458 4336 hoc

1873 4385 2052 4434 autem
2082 4373 2346 4444 contingit
2384 4371 2680 4430 secundum
2705 4370 2919 4426 illorum
2940 4370 3125 4437 verba,
3174 4370 3457 4428 hmretieos

1871 4466 2093 4537 quidem
2123 4464 2323 4521 sanctis
2368 4463 2618 4520 Patribus
2645 4464 3046 4531 connumerari,
3075 4470 3134 4518 ut
3160 4471 3288 4534 pote
3316 4463 3457 4521 libes

1871 4566 2022 4616 ratos
2041 4556 2220 4614 debita
2241 4555 2321 4613 eis
2339 4555 2810 4621 condemnatione,
2825 4563 3044 4612 sanctos
3064 4563 3242 4612 autem
3265 4554 3455 4612 Patres

155 4644 278 4706 τοὺς
323 4641 382 4700 δέ
427 4644 622 4719 ἁγίους
657 4645 886 4721 πατέρας
931 4641 1120 4704 ἀδίκως
1165 4639 1621 4704 καταδικασθέντας
1663 4649 1770 4703 τοῖς

1872 4657 2069 4728 injuste
2095 4654 2501 4725 condemnatos,
2523 4652 2790 4709 haereticis
2808 4651 3079 4724 conjungi,
3104 4661 3163 4708 ut
3190 4661 3319 4724 pote
3343 4667 3459 4710 non

154 4739 448 4814 αἱρετικοῖς
475 4744 839 4801 συνάπτεσθαι
856 4781 872 4809 ,
905 4739 986 4799 οἷα
1014 4747 1083 4813 μή
1107 4741 1354 4814 λυομένης
1375 4747 1467 4802 τῆς
1500 4739 1579 4795 ἐπ’
1601 4741 1772 4804 αὐτοῖς

155 4827 336 4888 ἀδίκου
365 4839 726 4910 καταρίσεως.
757 4831 1182 4911 ’Δξιοπιστότερος
1222 4831 1275 4888 δέ
1309 4832 1512 4888 πάντων
1539 4832 1654 4888 ἐστί
1692 4829 1771 4887 δι·

155 4919 418 4988 δάσκαλος
448 4925 481 4981 6
527 4926 702 5003 κύριος
738 4926 824 4980 καί
849 4924 970 4984 Θιός
995 4924 1133 4994 ἡμῶν
1170 4920 1362 4984 Ἰησοῦς
1389 4923 1609 5000 Χριστός
1651 4925 1772 4997 περί

157 5011 350 5072 ἰαντοῦ
565 5035 577 5048 ·
613 5033 633 5069 ε
661 5016 810 5074 οὕτω
832 5017 933 5093 γάρ
956 5017 1217 5089 ἠγάπησεν
1244 5013 1271 5072 ὁ
1299 5015 1421 5076 Θεὸς
1448 5016 1534 5071 τόν
1556 5014 1766 5086 κόσμον,

155 5107 288 5163 ὥστε
307 5112 404 5166 τόν
433 5110 562 5168 υἱὸν
589 5110 743 5166 αὑτοῦ
774 5109 861 5165 τόν
893 5115 1128 5180 μονογενῆ
1156 5104 1357 5174 ἔδωκεν,
1385 5106 1470 5162 ἶνα
1496 5111 1600 5166 πᾶς
1629 5105 1654 5162 6
1682 5127 1770 5163 πι-

159 5202 360 5254 στεύων
387 5204 473 5264 είς
522 5200 684 5257 αὐτόν
711 5204 782 5272 μὴ
808 5198 1053 5259 ἀπόληται
1069 5241 1085 5269 ,
1128 5197 1232 5254 ἀλλ’
1259 5196 1363 5272 ἔχῃ
1403 5201 1531 5263 ζωὴν
1555 5199 1772 5253 αίὼνιον.

1877 4750 2053 4808 soluta
2077 4757 2266 4806 contra
2293 4763 2389 4806 eos
2420 4747 2562 4804 facta
2590 4746 2772 4818 iniqua
2796 4745 3161 4804 damnatione.
3199 4745 3460 4806 Omnibus

1875 4849 2058 4898 autem
2088 4839 2258 4910 magis
2285 4838 2584 4896 credendus
2606 4836 2747 4911 [iide
2769 4836 2982 4911 dignus]
3013 4846 3096 4894 cst
3122 4837 3326 4896 Doctor
3346 4839 3458 4896 Do-

1875 4932 2051 4988 minus
2095 4937 2150 4986 et
2176 4928 2318 4986 Deus
2361 4936 2546 4986 noster
2570 4927 2725 4985 Jesus
2751 4927 3014 4996 Christus,
3045 4928 3114 4986 de
3140 4944 3201 4986 se
3227 4930 3410 4986 dicens
3438 4947 3456 4985 :

1875 5020 1965 5080 Sic
1987 5023 2125 5077 enim
2151 5021 2331 5076 dilexit
2356 5019 2496 5075 Deus
2541 5019 2809 5085 mundum,
2839 5028 2897 5074 ut
2935 5018 3136 5075 Filium
3173 5037 3323 5075 suum
3347 5021 3461 5077 mii-

1877 5115 2098 5188 genitum
2124 5112 2292 5181 daret,
2315 5119 2371 5166 ut
2393 5113 2560 5168 omnis
2584 5113 2670 5184 qui
2701 5112 2864 5167 credit
2889 5113 2942 5167 in
2965 5129 3102 5178 eum,
3125 5129 3229 5168 non
3257 5121 3459 5184 pereat,

1875 5206 1966 5262 sed
1994 5205 2180 5259 habaet
2218 5205 2377 5260 vitam
2416 5212 2683 5260 aeternam.
2707 5201 2836 5260 Non
2873 5205 3010 5260 enim
3035 5205 3175 5259 misit
3206 5204 3342 5259 Deus
3367 5202 3462 5259 1θὶ-

153 5293 222 5344 Οὒ
239 5293 346 5369 γὰρ
379 5291 704 5350 ἀπέστειλεν
727 5289 754 5345 ὁ
789 5292 911 5354 Θεὸς
937 5289 1023 5346 τόν
1045 5289 1156 5344 υίόν
1185 5289 1340 5344 αὐτοῦ
1363 5290 1436 5349 εἰς
1463 5288 1545 5343 τόν
1565 5288 1774 5358 κόσμον,

150 5379 233 5436 ἶνα
256 5386 416 5460 κρίναι
445 5384 552 5440 τὸν
579 5382 784 5456 κόσμον,
813 5381 919 5439 ἀλλ’
943 5383 1028 5438 ἵνα
1065 5381 1202 5456 σωθῇ
1229 5379 1254 5436 ὁ
1281 5379 1476 5451 κόσμος
1503 5377 1567 5436 δι’
1590 5380 1774 5436 αὐτοῦ.

147 5483 202 5528 ‘0
229 5477 536 5534 πιστεύων
565 5477 638 5536 εἰς
658 5475 806 5532 αὐτόν
835 5475 892 5530 οὐ
922 5475 1171 5551 κρίνεται’
1199 5470 1224 5528 ὁ
1246 5469 1302 5528 δέ
1327 5476 1398 5545 μὴ
1425 5473 1681 5528 πιστεύων
1705 5474 1778 5535 εἰς

148 5565 308 5622 αὐτόν
337 5567 451 5627 ἤδη
484 5567 740 5643 κὶκριται,
766 5564 844 5622 ὅτι
871 5570 940 5638 μὴ
965 5567 1306 5622 πεπίστευκεν
1328 5566 1402 5624 είς
1424 5564 1481 5618 τὸ
1508 5560 1666 5636 ὄνομα
1685 5571 1776 5620 τοῦ

144 5665 479 5734 μονογενοῦς
523 5658 644 5712 υίοῦ
672 5665 764 5715 τοῦ
795 5663 944 5715 Θεοῦ.
971 5675 990 5709 ι
1015 5661 1117 5714 Καί
1139 5657 1197 5713 τό
1219 5661 1420 5730 πνεῦμα
1447 5656 1505 5711 τὸ
1534 5655 1672 5729 ἅγιον
1697 5655 1780 5713 διὰ

145 5762 240 5808 τοῦ
261 5757 575 5832 προφήτου
594 5753 749 5811 Δαυίδ
766 5755 920 5828 λέγει,
941 5756 1062 5817 τοὺς
1081 5754 1290 5816 ἀσεϐεῖς
1307 5758 1376 5827 μὴ
1396 5754 1770 5814 ἀναστήσεσθαι

1876 5755 2050 5828 (Psal.
2081 5752 2151 5824 ι),
2183 5753 2377 5826 impios
2421 5769 2530 5810 non
2571 5758 2974 5808 resurrecturos
3013 5749 3068 5807 in
3092 5749 3318 5822 judicio.
3345 5749 3466 5808 Tali

139 5844 196 5901 όν
221 5849 438 5921 κρίσει.
485 5853 601 5906 Τῆς
632 5841 718 5901 οὖν
742 5847 984 5908 τοιαύτης
1011 5851 1102 5903 τοῦ
1131 5847 1306 5921 κυρίου
1332 5846 1635 5919 ἀποφάσεως
1673 5848 1770 5912 ἱξε-

1879 5845 2042 5916 igitur
2066 5845 2282 5901 Domini
2306 5843 2574 5902 sententia
2594 5841 2804 5914 prolata
2835 5842 3093 5901 adversus
3121 5857 3338 5902 omnem
3364 5842 3464 5896 lm-

137 5945 444 6017 yIXOséa'uc'
469 5941 614 5995 κατά
635 5941 825 6002 παντὸς
851 5940 1090 6011 ἀσεϐοῦς,
1112 5940 1196 5999 καί
1215 5937 1368 6015 μηδὲν
1389 5937 1770 6009 διαστελλοΰσης

1879 5937 2052 6018 pium,
2080 5935 2278 5998 etnihil
2298 5935 2638 5997 discernente
2671 5934 2812 5995 inter
2829 5937 2982 5994 vivos
3010 5943 3066 5994 et
3086 5941 3333 5994 mortuos
3350 5930 3462 5989 hae-

407 6033 713 6114 ΡΔτιοῐ..
758 6030 992 6098 LXIX.
1695 6085 1721 6103 .1

2912 6027 2953 6106 9

1875 5294 2004 5352 lium
2023 5311 2170 5349 suum
2191 5294 2245 5350 in
2276 5295 2524 5350 mundum
2549 5302 2606 5349 ut
2624 5293 2824 5366 judice:
2849 5293 3118 5358 mundum,
3153 5293 3245 5348 sed
3271 5300 3329 5348 ut
3353 5293 3466 5349 sal-

1875 5396 2020 5443 vetur
2042 5386 2264 5442 mundus
2287 5402 2379 5459 per
2404 5387 2592 5456 ipsum.
2625 5387 2724 5452 Qui
2753 5386 2916 5440 credit
2943 5387 2998 5440 in
3027 5400 3162 5448 eum,
3193 5400 3296 5439 non
3309 5383 3464 5455 judi-

1879 5486 2027 5532 catur
2054 5493 2072 5533 :
2117 5477 2204 5548 qui
2246 5484 2417 5532 autem
2461 5492 2565 5530 non
2587 5475 2767 5543 credit,
2786 5476 2903 5546 jam
2930 5475 3198 5547 judicatus
3219 5485 3313 5540 est,
3340 5477 3465 5549 quia

1877 5584 1982 5626 non
2008 5568 2170 5624 credit
2189 5570 2244 5623 in
2267 5567 2474 5622 nomine
2499 5567 2750 5638 unigeniti
2772 5564 2880 5621 Fili
2923 5564 3022 5618 Dei
3050 5564 3231 5637 (Joan.
3260 5564 3361 5634 nt).
3397 5563 3467 5622 Et

1877 5660 2110 5732 Spiritus
2153 5668 2334 5716 autem
2385 5667 2602 5716 sanctus
2629 5674 2729 5729 per
2764 5658 3085 5729 prophetam
3133 5658 3302 5714 David
3331 5657 3464 5715 dicit
