3988 6346
577 384 689 453 26"!

1934 374 2207 434 VIGILUS
2241 376 2443 434 PAPA.

795 507 1001 575 ζῶντων
1036 503 1126 561 καί
1159 507 1346 578 νεκρῶν
1388 496 1680 576 αἵρετικῶν,
1726 505 1839 561 πῶς
1898 498 2147 568 τολμῶσιν

2256 497 2479 566 retices,
2510 496 2784 567 quomodo
2829 490 3033 555 audent
3058 496 3311 558 resistere
3336 492 3435 556 tali
3459 501 3761 567 sententiae,
3782 513 3832 561 et

557 597 882 658 ἀντιπίπτειν
914 605 978 673 τῇ
1013 597 1229 668 τοιαύτῃ
1267 594 1549 667 ἀποφάσει,
1587 594 1675 648 καί
1696 594 1817 652 τούς
1855 589 1994 654 ἅπαξ
2034 593 2152 645 ἀσε-

562 692 855 758 ϐήσαντας,
882 692 970 747 καί
993 688 1081 746 διά
1105 694 1259 744 τοῦτο
1284 685 1383 747 ἤδη
1420 687 1524 743 ύπὸ
1545 692 1636 742 τοῦ
1661 686 1838 759 κυρίου
1861 704 2154 758 κατακεκρι-

558 784 772 858 μένους,
799 783 978 854 λέγειν,
1007 785 1075 852 μὴ
1097 779 1202 836 δεῖν
1222 780 1352 852 μετά
1373 780 1588 834 θάνατον
1617 779 2029 854 κατακρίνεσθαι;
2064 780 2153 832 Καὶ

557 874 592 934 ὅ
610 877 742 935 θεῖος
761 872 817 931 δέ
831 872 1115 934 ἀπόστολος
1131 873 1217 928 τὸν
1235 871 1456 947 Χριστὸν
1474 869 1615 943 ἔχων
1637 872 1687 925 ίν
1700 870 1862 940 ἑαυτῷ
1882 869 2149 935 λαλοῦντα,

552 970 622 1026 οὗ
665 966 820 1040 μόνον
860 966 989 1023 κατά
1024 966 1319 1041 ἀνθρώπων,
1361 964 1484 1018 ἀλλά
1522 966 1608 1018 καί
1649 961 1760 1018 κατ’
1798 962 2020 1034 ἀγγέλων
2062 966 2153 1020 τήν

556 1059 805 1116 τοιαύτην
1108 1054 1393 1129 ἀπόφασιν,
1426 1058 1580 1110 είπὼν
1622 1056 1672 1109 έν
1814 1053 2052 1126 ἐπιστολῇ
2089 1060 2153 1127 τῇ

550 1153 683 1226 ⁸ι’ρός
700 1152 950 1212 Γαλάτας⁶
982 1167 1003 1202 ε
1023 1148 1167 1206 Ἀλλὰ
1186 1152 1273 1205 καὶ
1294 1150 1377 1206 ἐὰν
1398 1152 1565 1220 ἡμεῖς,
1586 1146 1617 1207 ἦ
1638 1145 1847 1221 ἅγγελος
1864 1147 1912 1211 ἐξ
1937 1148 2153 1222 ούρανοῦ

556 1244 952 1316 εὐαγγελίσηται
971 1245 1107 1315 ύμᾶς
1130 1243 1255 1317 παρ’
1277 1240 1302 1296 ὃ
1328 1242 1756 1317 εὐαγγελισάμεθα
1776 1242 1915 1313 ὑμῖν,
1933 1241 2153 1310 ἀνάθεμα

559 1332 722 1391 ἴστω.
763 1333 854 1399 Ὠς
894 1340 1291 1411 προειρήκαμεν,
1322 1337 1407 1391 καί
1444 1332 1562 1411 ἄρτι
1601 1334 1747 1389 πάλιν
1792 1331 1947 1405 λέγω⁶
1993 1330 2043 1387 εἴ
2074 1352 2153 1392 τις

559 1428 703 1501 ὑμᾶς
727 1430 1102 1503 εὐαγγελίζεται
1124 1430 1251 1505 παρ’
1276 1427 1299 1483 ὃ
1324 1427 1639 1498 παρελάϐετε
1656 1471 1671 1495 ,
1697 1428 1917 1498 ἀνάθεμα
1943 1425 2098 1481 ἔστω.
2127 1444 2146 1479 ι

561 1522 656 1574 Καὶ
682 1521 761 1580 τίς
784 1518 949 1580 οὕτως
971 1520 1195 1587 ἀσεϐής,
1225 1522 1293 1580 ὡς
1312 1520 1565 1590 τολμῆσαι
1593 1522 1752 1574 εἰπεῖν
1772 1558 1787 1584 ,
1824 1521 1891 1578 ὡς
1919 1521 1986 1574 τά
2010 1518 2153 1595 παρά

558 1608 827 1685 Θεοδώρου
848 1612 1051 1672 ἀσεϐῶς
1078 1612 1431 1687 συγγραφέντα
1449 1654 1463 1678 ,
1492 1611 1522 1670 ἦ
1548 1613 1699 1689 μέρος
1718 1613 1881 1667 αὐτῶν
1903 1610 2152 1690 παρεδόθη

558 1704 693 1759 ποτέ
721 1712 784 1778 τῇ
810 1702 930 1777 ἀγία
958 1710 1050 1760 τοῦ
1079 1711 1205 1758 Θεοῦ
1248 1705 1480 1777 ἐκκλησίᾳ
1497 1748 1511 1770 ,
1540 1703 1645 1759 ἀλλ’
1677 1705 1764 1758 οὐκ
1798 1705 1945 1765 εὐθὺς
1973 1704 1999 1759 ὁ
2028 1703 2154 1760 τολ-

558 1797 734 1865 μήσας
775 1815 826 1849 τι
850 1801 1078 1850 τοιοῦτον
1120 1795 1573 1871 παραφθέγξασθαι
1617 1796 1892 1869 ἀναθέματι
1933 1798 2149 1851 καθυπε-

562 1888 717 1948 ελήθη
738 1889 882 1965 παρὰ
906 1895 1007 1944 τῶν
1035 1886 1198 1961 ἀγίων
1226 1889 1487 1961 πατέρων;

632 1978 696 2034 Εἴ
713 2001 793 2042 τις
816 1984 985 2036 τοίνυν
1022 1984 1154 2051 μετὰ
1190 1986 1279 2039 τὴν
1317 1977 1557 2038 τοιαύτην
1597 1979 1746 2053 ὀρθήν
1786 1977 2043 2052 ὁμολογίαν
2072 1982 2157 2035 καί

558 2074 866 2146 κατάκρισιν
894 2081 995 2127 τῶν
1024 2074 1288 2146 αἱρετικῶν
1307 2115 1318 2133 ,
1367 2076 1459 2131 τῆς
1498 2073 1738 2132 εὐσεϐοῦς
1768 2073 1955 2131 ἐννοίας
1992 2074 2156 2136 σωζο-

557 2166 735 2238 μένης,
753 2168 873 2242 περὶ
896 2166 1175 2236 ὀνομάτων,
1198 2166 1228 2225 ἦ
1258 2166 1599 2229 συλλαϐῶν,-οό
1619 2165 1797 2229 λέξεων
1822 2169 2151 2238 ζυγομαχῶν,

560 2259 777 2333 χωρίζει
807 2256 983 2313 ἐαυτὸν
1005 2264 1097 2317 τῆς
1128 2256 1274 2331 ἁγίας
1296 2263 1389 2313 τοῦ
1419 2263 1549 2313 Θεοῦ
1580 2256 1860 2322 ἐκκλησίας,
1898 2259 2074 2331 ὥσπερ
2107 2257 2154 2310 έν

558 2348 779 2421 ὀνόμασι
818 2352 987 2421 μόνοις
1022 2353 1107 2406 καί
1135 2352 1299 2416 λέξεσι
1332 2353 1561 2423 κειμένης
1587 2354 1703 2423 ἡμῖν
1734 2359 1825 2413 τῆς
1869 2350 2151 2415 εὐσεϐείας,

544 2441 668 2499 ἀλλ’
709 2443 794 2496 οὐκ
839 2442 893 2524 ἐν,
931 2439 1261 2518 πράγμασιν,
1311 2444 1337 2499 ό
1376 2451 1605 2505 τοιοῦτος
1636 2446 1705 2505 ὡς
1733 2451 1845 2504 τοῖς
1886 2446 2152 2515 σχίσμασι

558 2536 762 2609 χαίρων
802 2534 947 2606 λόγον
986 2538 1151 2609 ὑφέξει
1191 2536 1323 2612 ὑπὲρ
1366 2536 1582 2603 ἑαυτοῦ,
1624 2541 1706 2592 καί
1743 2543 1842 2591 τῶν
1871 2537 1961 2591 ὑπ’
1992 2537 2150 2592 αὐτοῦ

556 2628 945 2699 ἀπατωμένων,
982 2626 1014 2687 ἦ
1049 2629 1507 2701 ἀπατηθησομένων
1555 2638 1628 2701 τῷ
1674 2631 1875 2707 μεγάλῳ
1915 2637 2026 2705 Θεῷ
2070 2634 2154 2687 καὶ

556 2725 757 2793 σωτῆρι
775 2720 917 2792 ἡμῶν
944 2717 1106 2780 ’ῐησοῦ
1128 2729 1339 2797 Χριστῶ
1365 2724 1415 2777 έν
1440 2724 1612 2809 ἡμέρα
1630 2726 1867 2799 κρίσεως.
1894 2729 2065 2796 Ἀμήν.

559 2879 732 2963 τύπος
755 2888 858 2963 τοῦ-
876 2885 1129 2963 ﬁneﬁne:
1179 2884 1535 2963 Ἰουστινιανοῦ
1560 2888 1691 2963 πρὸς
1717 2893 1805 2963 τὴν
1834 2886 1977 2963 ἁγίαν
2003 2888 2150 2944 σύνο-

630 2952 718 3011 δον
743 2958 862 3032 περὶ
876 2952 1149 3032 ’Θεοδώρου
1168 2964 1260 3013 τοῦ
1279 2952 1632 3029 Ιίοψουεστίαὶ·
1650 2961 1854 3014 καὶτῶν
1872 2952 2078 3015 λοιπῶν.

630 3096 831 3158 Σπουδή
860 3101 950 3169 μὲν
976 3100 1175 3172 γέγονεν
1221 3101 1302 3157 ἀεί
1336 3107 1445 3161 τοῖς
1480 3097 1787 3177 ὀρθοδόξοις,
1819 3105 1896 3155 καὶ
1924 3101 2151 3165 εὐσεϐῶς

553 3192 1061 3267 προϐεϐασιλευκόσι
1116 3201 1224 3254 τοῖς
1270 3195 1525 3272 ἡμετέροις
1571 3196 1838 3270 πατράσι.
1885 3195 1978 3256 τάς
2022 3196 2151 3253 κατά

2255 603 2354 644 eos
2394 589 2489 660 qui
2514 591 2683 646 semel
2709 591 2872 663 impie
2902 603 3146 662 egerunt,
3177 600 3232 650 et
3278 602 3503 666 propter
3540 595 3648 659 hoc
3667 597 3780 667 jam
3803 616 3831 656 ι

2253 681 2486 739 Domino
2514 683 2862 740 condemnati
2891 693 3041 752 sunt,
3066 685 3272 752 dicere,
3300 702 3413 743 non
3439 696 3696 758 oportere
3719 698 3832 761 post

2254 787 2485 835 mortem
2510 779 2896 836 condemnari?
2922 779 2989 836 Et
3013 780 3225 839 divinus
3252 790 3432 839 autem
3461 783 3669 858 [etiam]
3695 788 3834 857 Apo-

2254 870 2445 939 stolus,
2469 871 2562 942 qui
2598 870 2867 928 Christum
2896 873 2951 928 in
2978 873 3271 943 semetipso
3314 873 3478 930 habet
3503 875 3830 945 loquentem,

2254 979 2365 1018 non
2411 963 2586 1019 solum
2630 963 2887 1019 adversus
2928 965 3204 1031 homines,
3230 964 3330 1022 sed
3375 966 3541 1021 etiam
3578 966 3833 1024 adversus

2256 1053 2476 1123 angelos
2505 1053 2669 1109 talem
2691 1054 2916 1125 protulit
2938 1056 3281 1122 sententiam,
3310 1056 3496 1113 dicens
3524 1059 3579 1112 in
3606 1042 3831 1128 epistola'

2256 1146 2323 1202 ad
2351 1143 2571 1202 Galatas
2593 1144 2744 1219 (Cap.
2765 1145 2804 1219 t)
2839 1165 2852 1200 :
2899 1146 3005 1203 Sed
3033 1147 3153 1203 licet
3174 1165 3268 1205 nos
3288 1157 3377 1202 aut
3395 1149 3610 1219 angelus
3631 1150 3695 1205 de
3717 1153 3832 1206 cato

2256 1239 2681 1309 euangelizaverit
2704 1247 3045 1310 praeterquam
3084 1240 3221 1312 quod
3262 1241 3726 1313 euangelizanimus
3757 1260 3833 1297 vo-

2257 1328 2356 1399 bis,
2387 1330 2664 1385 anathema
2691 1331 2777 1384 sit.
2813 1330 2962 1385 Sicut
2997 1332 3355 1403 prwdiximus,
3387 1342 3436 1388 et
3482 1350 3621 1388 nunc
3656 1336 3832 1388 iterum

2257 1419 2372 1475 dico
2399 1435 2417 1473 :
2450 1420 2511 1476 Si
2539 1420 2653 1491 quis
2681 1420 2821 1475 vobis
2847 1423 3270 1494 euangelizaverit
3296 1432 3485 1493 praeter
3510 1425 3566 1479 id
3590 1427 3730 1498 quod
3750 1444 3832 1482 ac-

2257 1515 2485 1583 cepistis,
2511 1515 2790 1569 anathema
2810 1516 2897 1571 sit.
2923 1515 2991 1571 Et
3018 1517 3138 1586 quis
3169 1518 3242 1572 ita
3271 1518 3467 1588 impius
3495 1525 3596 1585 est,
3621 1528 3684 1574 ut
3705 1534 3831 1590 prte-

2255 1613 2435 1662 sumat
2458 1604 2658 1673 dicere,
2689 1607 2837 1676 quod
2861 1606 3132 1664 Theodori
3161 1608 3328 1679 impia
3349 1609 3569 1679 scripta,
3601 1611 3690 1665 vel
3721 1625 3834 1679 pars

2257 1714 2466 1767 eorum,
2498 1698 2691 1753 tradita
2720 1707 2804 1754 est
2830 1699 3119 1768 aliquando
3145 1708 3342 1756 sancta:
3363 1700 3459 1757 Dei
3485 1699 3759 1767 Ecclesia,
3786 1710 3834 1757 et

2257 1808 2366 1848 non
2388 1793 2591 1861 statim,
2618 1793 2709 1862 qui
2746 1788 2921 1848 ausus
2946 1800 3031 1848 est
3055 1793 3258 1865 aliquid
3300 1793 3405 1849 tale
3442 1793 3590 1865 loqui
3618 1797 3833 1851 anathe-

2184 1895 2231 1956 Β
2256 1888 2388 1945 mali
2416 1886 2689 1956 subjectus
2718 1893 2802 1941 est
2829 1901 2860 1940 a
2889 1888 3090 1944 sanctis
3120 1886 3400 1944 Patribus?

2326 1978 2383 2035 Si
2411 1978 2529 2048 quis
2550 1977 2711 2048 igitur
2735 1985 2860 2049 post
2887 1977 3154 2049 ejusmodi
3182 1986 3387 2035 rectam
3419 1979 3830 2049 confessionem,

2255 2082 2311 2130 et
2337 2074 2713 2129 haereticorum
2740 2073 3269 2144 condemnationem,
3289 2074 3442 2132 salvo
3469 2086 3731 2133 manente
3756 2078 3832 2149 pio

2255 2165 2556 2230 intellectu,
2588 2164 2655 2219 de
2685 2165 2994 2222 nominibus
3020 2166 3107 2221 vel
3135 2167 3356 2238 syllabis
3405 2166 3490 2223 vel
3519 2168 3833 2225 dictionibus

2255 2257 2608 2323 contendens,
2626 2265 2841 2327 separat
2855 2272 2914 2314 se
2934 2272 2965 2312 a
2981 2266 3165 2314 sancta
3188 2258 3283 2314 Dei
3299 2257 3564 2328 Ecclesia,
3589 2268 3833 2331 tanquam

2255 2362 2365 2402 non
2408 2347 2460 2401 in
2491 2347 2674 2416 rebus,
2702 2346 2795 2403 sed
2847 2347 2901 2402 in
2947 2347 3256 2403 nominibus
3283 2348 3413 2405 solis
3438 2356 3495 2404 et
3522 2350 3835 2408 dictionibus

2252 2439 2431 2510 posita
2461 2438 2615 2493 nobis
2670 2440 2915 2509 pietate:
2965 2440 3087 2495 talis
3134 2447 3194 2495 ut
3240 2447 3371 2511 pote
3419 2440 3836 2499 dissensionibus

2253 2526 2515 2599 gaudens,
2548 2529 2813 2585 rationem
2859 2545 2956 2600 pro
2985 2531 3296 2601 semetipso,
3320 2538 3377 2587 et
3398 2546 3499 2602 pro
3523 2532 3767 2604 deceptis
3788 2543 3837 2591 et

2254 2619 2584 2690 decipiendis
2627 2621 2695 2675 ab
2725 2636 2811 2689 eo,
2842 2621 3031 2677 reddet
3075 2636 3271 2691 magno
3314 2622 3425 2680 Deo
3475 2633 3532 2679 et
3574 2624 3836 2685 Salvatori

2254 2720 2442 2769 nostro
2462 2710 2593 2771 .Iesu
2619 2710 2834 2769 Christo
2863 2715 2920 2769 in
2941 2714 3028 2771 die
3052 2714 3261 2785 judicii.
3292 2716 3484 2773 Amen.

2252 2874 2982 2952 Jastinianiimperatorisad
3007 2889 3241 2934 sanctam
3267 2880 3520 2951 synodum
3539 2882 3760 2952 cpistola
3780 2882 3836 2939 de

2538 2948 2827 3004 Theodosio
2855 2950 3221 3023 Mopsuesteno
3252 2948 3312 3006 εἰ
3326 2952 3554 3023 reliquis.

2326 3086 2553 3161 Semper
2579 3090 2793 3159 quidem
2814 3092 3048 3147 studium
3076 3092 3177 3148 fuit
3195 3094 3511 3151 orthoooxis
3533 3102 3591 3150 et
3617 3095 3720 3167 piis
3740 3095 3837 3151 im-

2258 3180 2600 3250 peratoribus
2641 3180 2883 3251 patribus
2922 3182 3140 3249 nostris,
3181 3197 3280 3253 pro
3326 3192 3573 3254 tempore
3624 3193 3840 3241 exortae

556 3282 731 3354 καιρόν
780 3283 1127 3355 ἀναφυομένας
1178 3283 1400 3361 αἱρέσεις
1448 3282 1532 3338 διὰ
1579 3281 1801 3339 συνόδων
1855 3284 2147 3341 ὁσιωτάτων

2256 3270 2487 3327 haereses
2541 3288 2637 3345 per
2663 3276 3134 3345 congregationem
3187 3277 3715 3347 religiosissimorum
3758 3294 3839 3335 sae

556 3370 732 3441 ίερέων
757 3372 1034 3438 ἐκκόπτειν,
1063 3375 1147 3426 καί
1170 3382 1262 3434 τῆς
1283 3374 1433 3449 ὀρθῆς
1459 3376 1687 3435 πίστεως
1711 3376 1938 3449 καθαρῶς
1961 3398 2149 3453 κηρυτ-

556 3463 776 3532 τομίνης
802 3461 855 3516 έν
883 3464 1051 3539 εἰρήνη
1077 3468 1167 3522 τήν
1199 3467 1342 3537 ἁγίαν
1382 3471 1471 3520 τοῦ
1506 3473 1632 3521 Θεοῦ
1675 3466 1937 3527 ἐκκλησίαν
1966 3465 2145 3543 διαφυ-

556 3550 757 3609 λάττειν
777 3571 791 3583 θ
817 3553 995 3631 διόπερ
1018 3557 1099 3610 καί
1123 3564 1492 3617 κωνσταντῖνος
1521 3555 1546 3612 ὁ
1568 3558 1743 3631 μέγας,
1767 3556 1957 3634 ’Δρείου
1986 3560 2145 3631 βλασ-

557 3652 839 3718 φημοῦντος
872 3650 959 3702 καί
984 3648 1235 3722 λέγοντος,
1273 3655 1343 3723 μὴ
1377 3645 1503 3705 εἶναι
1527 3652 1614 3706 τὸν
1645 3652 1750 3706 υἱὸν
1778 3650 2044 3723 ὁμοούσιον
2078 3663 2149 3727 τῷ

558 3744 670 3809 Θεῷ
696 3742 779 3794 καὶ
802 3742 982 3817 πατρί,
1009 3740 1135 3797 ἀλλά
1168 3744 1362 3813 κτίσμα
1401 3745 1487 3797 καί
1508 3739 1560 3807 έξ
1586 3744 1677 3797 οὐκ
1700 3739 1854 3798 ὅντων
1877 3746 2147 3818 γεγονέναι,

555 3832 866 3902 συναγαγὼν
882 3830 930 3883 ἐν
948 3831 1125 3905 Νικαίᾳ
1143 3834 1260 3891 τούς
1275 3834 1595 3908 τριακοσίους
1614 3830 1733 3888 δέκα
1748 3836 1832 3888 καί
1853 3835 1983 3890 ὀκτὼ
1998 3836 2151 3891 πατέ-

558 3938 655 3997 ρας
674 3960 689 3986 ,
716 3924 803 3976 καί
840 3922 991 3983 αὐτὸς
1015 3923 1123 3977 έκεῖ
1145 3925 1550 3997 παραγενόμενος
1568 3967 1579 3985 .
1609 3927 1692 3979 καὶ
1714 3932 1807 3981 τοῦ
1828 3928 2014 4003 Ἀρείου
2044 3949 2149 3982 κα-

557 4009 953 4075 ταδικασθέντος
967 4016 1052 4070 καί
1070 4015 1569 4086 ἀναθεματισθέντος,
1592 4014 1882 4072 ἐσπούδασε
1901 4022 1991 4076 την
2014 4018 2149 4093 ὀρθό-

558 4098 699 4167 δοξον
713 4111 957 4179 κρατῦναι
967 4107 1159 4161 πίστιν.
1177 4102 1242 4160 Δι’
1258 4103 1315 4168 ἧς
1331 4105 1732 4179 ὁμολογήσαντες
1744 4109 1788 4161 οἱ
1802 4110 2148 4184 θεῖοιπατέρες

557 4192 827 4268 ὃμοούσιον
852 4193 973 4253 εἶναι
988 4198 1074 4254 τόν
1091 4199 1198 4254 υἱὸν
1213 4207 1283 4272 τῷ
1298 4209 1406 4274 Θεῷ
1424 4203 1506 4254 καὶ
1528 4204 1702 4276 πατρί,
1722 4202 1842 4255 ἀλλά
1862 4208 1930 4273 μὴ
1953 4203 2149 4272 κτίσμα

558 4292 642 4341 καί
666 4290 713 4352 ἐξ
730 4291 815 4343 οὐκ
838 4286 991 4345 ὄντων
1004 4292 1273 4365 γεγονέναι.
1292 4292 1455 4368 μέχρι
1477 4299 1563 4346 νῦν
1588 4290 1761 4366 ᾄδεται
1778 4290 1872 4362 [ian
1894 4289 2142 4365 ᾅδονται].

560 4382 653 4433 Καὶ
679 4378 941 4441 Θεοδόσιος
969 4380 1023 4436 δέ
1053 4381 1455 4461 ὀπρεσϐύτερος
1473 4424 1485 4446 ,
1518 4381 1813 4438 Μακεδονίον
1838 4383 2143 4459 ἀρνουμένου

560 4477 654 4531 τὴν
680 4473 892 4534 τέότητα
931 4481 1019 4528 τοῦ
1050 4473 1194 4550 ἁγίου
1226 4478 1534 4548 πνεύματος,
1567 4479 1649 4530 καί
1682 4472 2024 4550 ’Δπολιναρίου
2054 4482 2143 4531 τοῦ

559 4565 786 4635 μαθητοῦ
832 4568 985 4621 αὐτοῦ
1031 4569 1443 4641 βλασφημοῦντος
1484 4571 1553 4630 είς
1599 4575 1687 4628 τὴν
1727 4571 2007 4641 οἰκονομίαν
2054 4578 2141 4626 τοῦ

2255 3364 2534 3421 cerdotum
2564 3374 2868 3437 amputare,
2908 3375 2963 3422 et
2982 3375 3132 3424 recta
3153 3368 3256 3424 ﬁde
3282 3372 3491 3426 sincere
3529 3370 3836 3441 praedicata,

2254 3457 2310 3513 in
2332 3472 2465 3527 pace
2484 3465 2725 3514 sanctam
2755 3459 2849 3515 Dei
2872 3459 3168 3517 Ecclesiam
3187 3463 3479 3519 custodire.
3502 3464 3841 3537 Quapropter

2256 3559 2312 3606 et
2326 3549 2709 3608 Constantinus
2724 3550 2964 3623 Magnus,
2978 3553 3106 3609 Ario
3128 3554 3537 3626 blasphemante
3556 3564 3611 3611 et
3627 3555 3842 3612 dicente

2253 3640 2449 3698 Filium
2480 3658 2587 3699 non
2609 3659 2730 3699 esse
2756 3644 3270 3700 consubstantialem
3320 3646 3432 3702 Deo
3457 3654 3511 3701 et
3552 3644 3723 3712 Patri,
3745 3645 3837 3701 sed

2254 3742 2576 3801 creaturam,
2611 3744 2666 3790 et
2710 3751 2777 3792 ex
2819 3752 2926 3791 non
2954 3737 3293 3793 exstantibus
3320 3735 3517 3792 factum
3538 3753 3684 3806 esse,
3703 3752 3840 3795 con-

2252 3828 2495 3898 gregavit
2534 3827 2724 3883 Nicatae
2772 3835 3044 3884 trecentos
3066 3828 3256 3884 decem
3291 3835 3347 3883 et
3388 3836 3513 3884 octo
3541 3826 3761 3896 Patres,
3789 3835 3843 3883 et

2253 3911 2380 3974 cuni
2407 3919 2522 3990 ipse
2542 3919 2773 3975 concilio
2794 3919 3144 3986 interfuisset,
3176 3920 3429 3976 damnato
3449 3929 3504 3975 et
3531 3919 3844 3975 anathema-

2251 4013 2417 4069 tizato
2468 4012 2597 4068 Ario
2640 4019 2843 4069 rectam
2892 4010 3053 4068 ﬁdem
3099 4012 3423 4071 conﬁrmare
3464 4011 3712 4069 studuit:
3748 4015 3846 4082 per

2251 4118 2413 4174 quam
2435 4103 2601 4158 divini
2633 4102 2709 4158 illi
2731 4100 2921 4159 Patres
2940 4102 3261 4159 conﬁtentes
3281 4102 3475 4158 Filium
3496 4102 3846 4159 consubstan-

2251 4195 2437 4251 tialem
2462 4212 2584 4252 esse
2612 4196 2725 4252 Deo
2754 4204 2810 4252 et
2853 4195 3021 4264 Patri,
3068 4212 3175 4252 non
3210 4211 3343 4253 vero
3370 4204 3673 4252 creaturam
3698 4205 3761 4251 et
3782 4211 3849 4250 ex

2255 4307 2364 4348 non
2394 4292 2731 4349 exstantibus
2768 4291 2989 4357 factum,
3040 4306 3213 4363 usque
3254 4290 3323 4346 ad
3349 4290 3669 4347 hodiernum
3695 4290 3847 4346 diem

2250 4384 2480 4440 canitur.
2535 4383 2875 4440 Theodosius
2905 4392 3086 4440 autem
3140 4384 3345 4452 senior,
3398 4381 3717 4439 Macedonio
3748 4398 3847 4438 nec

2249 4483 2410 4546 gante
2457 4473 2715 4529 deitatem
2758 4474 2932 4529 sancti
2976 4472 3228 4543 Spiritus,
3260 4483 3316 4529 et
3344 4472 3677 4542 Apollinario
3722 4475 3845 4541 ejus

2248 4564 2509 4636 discipulo
2536 4565 2943 4635 blasphemante
2970 4564 3233 4621 incarnati
3260 4564 3356 4620 Dei
3388 4564 3545 4620 Verbi
3563 4564 3849 4635 dispensa-

560 4662 690 4711 Θεοῦ
715 4657 881 4731 λόγον,
913 4661 995 4714 καί
1024 4661 1315 4731 φάσκοντος,
1342 4668 1459 4716 νοῦν
1486 4662 1790 4735 ἀνθρώπινον
1812 4666 1881 4732 μή
1906 4662 2146 4733 εἰληφέναι

2256 4657 2475 4725 tionem,
2505 4664 2560 4712 ct
2585 4656 2799 4712 dicente
2827 4656 2921 4711 Dei
2944 4655 3177 4711 Verbum
3200 4671 3309 4713 non
3328 4656 3679 4725 assumpsisse
3693 4670 3851 4709 men-

557 4749 645 4803 τὸν
675 4755 763 4803 τοῦ
793 4756 918 4804 Θεοῦ
948 4750 1124 4822 λόγον,
1158 4752 1280 4807 ἀλλά
1310 4755 1465 4828 σαρκί
1496 4752 1729 4809 ένωῦἦναι
1769 4751 1948 4822 ψυχήν
1974 4748 2146 4824 ἄλογον

556 4841 783 4917 έχούσῃ,
823 4848 1124 4917 συναγαγὼν
1153 4845 1200 4897 ἐν
1242 4843 1768 4901 Κωνσταντινουπόλει
1803 4846 1919 4904 τοὺς
1950 4844 2020 4918 ρν’
2048 4867 2146 4899 πα-

554 4936 709 5013 τέρας
738 4939 825 4990 καί
861 4942 1143 5009 μετασχὼν
1183 4940 1267 4993 καί
1295 4938 1446 4998 αὐτὸς
1488 4945 1583 4997 τῆς
1629 4935 1879 4999 συνόδου,
1926 4939 2011 4991 καί
2050 4945 2151 4993 τῶν

559 5027 822 5103 εἰρημένων
856 5029 1272 5105 καθαιρεθέντων,
1308 5031 1393 5083 καί
1422 5030 1920 5100 ἀναθεματισθέντων
1958 5031 2152 5102 αἱρετι-

557 5126 684 5184 κῶν,
712 5123 841 5191 μετά
869 5124 955 5175 καὶ
989 5127 1087 5177 τῶν
1113 5122 1309 5175 ἀσεϐῶν
1340 5124 1502 5177 αὐτῶν
1528 5120 1790 5195 δογμάτων
1829 5124 1914 5177 καὶ
1938 5122 2150 5197 ὁμοᾳρό-

555 5230 671 5273 νων,
697 5212 1047 5288 παρεσκεύασε
1077 5215 1165 5269 τήν
1190 5209 1440 5287 ὁρθόδοξον
1462 5213 1635 5266 πίστιν
1659 5213 2022 5289 κηρύττεσθαι.
2047 5216 2149 5268 Καί

554 5300 821 5363 Θεοδόσιος
860 5301 969 5359 διό
1009 5303 1142 5367 νέος,
1186 5310 1279 5357 τοῦ
1323 5303 1544 5377 ἀσεϐοῦς
1574 5304 1846 5375 Νεστορίου
1881 5304 2144 5376 λέγοντος,

553 5390 700 5449 ἄλλον
726 5392 853 5449 εἶναι
876 5396 963 5450 τὸν
1001 5395 1127 5450 Θεὸν
1163 5393 1335 5466 λόγον,
1369 5397 1454 5451 καί
1483 5391 1626 5450 ἄλλον
1665 5396 1749 5451 τόν
1778 5398 2025 5475 Χριστόν,
2064 5402 2147 5454 καί

549 5489 637 5543 τὸν
672 5490 761 5559 μὲν
791 5487 939 5560 φύσει
962 5486 1070 5540 υίόν
1111 5493 1203 5542 τοῦ
1231 5494 1359 5544 Θεοῦ
1398 5490 1485 5544 καί
1512 5492 1711 5565 πατρὸς
1735 5530 1749 5557 ,
1776 5492 1862 5546 τὸν
1884 5489 1936 5547 δὲ
1964 5493 2146 5567 χάριτι

551 5577 662 5633 υίόν
686 5578 887 5638 ἀσεϐῶς
918 5578 1239 5653 εἰσάγοντος,
1268 5582 1355 5637 καί
1391 5584 1480 5641 την
1506 5581 1654 5656 ἁγίαν
1683 5584 1875 5661 Μαρίαν
1901 5579 2021 5639 εἶναι
2043 5586 2145 5638 θεο-

550 5669 705 5726 τόκον
753 5670 1091 5742 ἀρνουμένου,
1134 5676 1441 5748 συναγαγὼν
1481 5679 1570 5733 την
1599 5676 1849 5750 προτέραν
1881 5675 1928 5726 ἐν
1962 5677 2146 5746 Ἐφέσῳ

548 5770 655 5822 τῶν
682 5760 947 5818 διακοσίων
986 5763 1138 5838 ἀγίων
1178 5768 1410 5842 πατέρων
1440 5762 1682 5826 σύνοδον,
1717 5767 1803 5819 καί
1842 5765 2147 5826 ἀποστείλας

550 5853 819 5939 ἄρχοντας
843 5858 1124 5935 ὀφείλοντας
1153 5868 1387 5937 παρεῖναι
1415 5865 1479 5933 τῇ
1501 5855 1723 5929 συνόδῳ,
1752 5857 2034 5931 προσέταξε
2064 5860 2148 5911 καί

550 5950 641 6016 τὸν
672 5952 938 6030 Νεστόριον
963 5950 1365 6030 παραγενέσθαι,
1410 5945 1500 6001 καί
1525 5946 1692 6021 κρίσιν
1730 5944 1816 6003 ἔπ’
1840 5948 1978 6022 αύτῷ
2012 5951 2148 6023 γενέ-

2251 4757 2364 4804 tem
2388 4749 2701 4815 humanam,
2734 4748 2830 4805 sed
2851 4749 3000 4805 carni
3020 4750 3253 4804 animam
3279 4748 3601 4805 rationalem
3624 4748 3853 4803 babenti

2253 4839 2419 4895 fuisse
2473 4840 2702 4904 unitum,
2757 4840 3101 4912 congregatis
3146 4841 3201 4896 in
3245 4838 3855 4908 Constantinopolitana

2257 4929 2390 4985 urbe
2437 4937 2654 4985 centum
2701 4930 3089 5000 quinquaginta
3139 4929 3408 4997 Patribus,
3438 4945 3503 4985 ac
3532 4931 3648 4999 ipse
3676 4930 3859 5000 parti-

2255 5035 2385 5089 ceps
2430 5020 2642 5076 concilii
2671 5018 2913 5089 elfectus,
2944 5021 3210 5077 damnatis
3249 5031 3306 5079 et
3347 5023 3697 5077 anathemate
3722 5037 3860 5092 per-

2256 5114 2419 5171 culsis
2474 5114 2744 5186 praedictis
2796 5115 3065 5172 hmreticis
3113 5132 3218 5171 una
3263 5131 3387 5172 cum
3434 5116 3614 5185 impiis
3653 5130 3861 5171 eorum

2256 5206 2598 5276 dogmatibus
2626 5220 2690 5261 ac
2720 5207 3099 5274 sectatoribus,
3134 5222 3318 5263 curam
3346 5206 3589 5262 adhibuit
3609 5214 3670 5260 ut
3693 5213 3863 5262 recte

2255 5293 2388 5352 ﬁdes
2427 5294 2828 5366 praedicaretur.
2880 5294 3214 5351 Theodosius
3262 5311 3393 5352 vero
3420 5293 3632 5362 Junior,
3676 5294 3868 5364 impio

2256 5386 2508 5443 Nestorio
2533 5387 2747 5442 dicente
2768 5387 2932 5443 alium
2962 5403 3083 5445 esse
3113 5388 3282 5444 Deum
3307 5386 3565 5453 Verbum,
3594 5394 3651 5441 et
3678 5387 3868 5441 alium

2252 5478 2554 5546 Christum,
2586 5493 2650 5533 ac
2679 5477 2916 5534 Verbum
2967 5480 3184 5549 quidem
3236 5487 3431 5535 natura
3480 5492 3602 5535 esse
3648 5475 3869 5532 Filium

2252 5572 2346 5628 Dei
2377 5580 2432 5628 et
2456 5571 2645 5639 Patris,
2670 5569 2944 5628 Christum
2963 5588 3095 5629 vero
3118 5581 3327 5628 tantum
3357 5588 3425 5628 ex
3446 5572 3620 5642 gratia
3648 5569 3871 5627 Filium

2249 5665 2415 5736 impie
2445 5664 2843 5732 introducente,
2876 5674 2934 5722 et
2961 5675 3206 5722 sanctam
3233 5667 3459 5722 Mariam
3484 5664 3582 5720 Dei
3618 5664 3872 5734 genitri-

2248 5773 2369 5815 cem
2397 5774 2517 5814 esse
2542 5768 2816 5829 negante;
2857 5761 3208 5830 congregavit
3235 5760 3476 5831 priorem
3515 5757 3873 5829 Ephesinam

2248 5853 2517 5928 synodum
2546 5858 2905 5912 ducentorum
2946 5864 3255 5912 sanctorum
3283 5854 3522 5921 Patrum,
3548 5862 3604 5910 et
3622 5854 3875 5912 directis

2249 5947 2589 6022 principibus
2610 5947 2705 6019 qui
2733 5948 2996 6006 deberent
3022 5949 3254 6006 concilio
3293 5948 3573 6018 interesse,
3599 5946 3771 6020 thsit
3804 5954 3885 6005 et
