3988 6346
69 330 92 354 ,
180 212 287 333 ςιεᾶ

1203 229 1587 331 ἰυεΤιΝῙΑΝι
1621 267 1756 332 ua.
1795 267 1954 332 aur.
1989 269 2370 338 ORIGENEM.

3327 275 3437 344 270

190 394 313 450 σθαι.
339 387 426 444 Καὶ
451 381 516 446 δὴ
541 386 798 462 γενομένης
825 386 1068 464 ἀκριϐοῦς
1097 385 1377 454 ἐξετάσεως
1414 390 1748 450 κατεδίκασαν

1851 391 2027 463 ipsum
2085 391 2394 448 Nestorium
2422 389 2637 462 adesse,
2667 398 2723 452 et
2759 389 3022 464 judicium
3048 395 3120 466 de
3158 408 3229 456 eo
3276 375 3394 466 ﬁeri
3424 421 3439 457 :

191 482 440 553 ἵεστόριον
459 522 474 546 ,
497 482 964 551 ’ἀναθεματίσαντες
987 485 1084 539 σὺν
1118 493 1224 546 τοῖς
1251 485 1526 562 ὁμόφροσιν
1570 489 1744 545 αὐτοῦ.

193 577 368 635 ,τούτων
391 570 445 627 δὲ
472 570 606 626 οὕτω
631 573 974 645 προελθόντων
987 615 1002 640 ,
1035 575 1406 639 ἐπαναστάντες
1429 579 1650 653 κυρίλλῳ
1675 588 1751 655 τῷ

189 663 530 740 mare:
549 662 596 716 0i
617 669 714 722 τῆς
731 663 1000 733 ἐξαγίστου
1019 667 1298 740 Νεστορίου
1325 667 1542 746 μερίδος,
1567 669 1751 726 ἐσπού-

191 755 362 821 διεσαν,
397 754 457 811 τό
477 774 535 829 γε
575 751 654 809 ἐπ’
675 756 866 822 αὐτοῖς,
894 755 1173 831 ἀνατρέψαι
1198 763 1290 818 τὴν
1315 763 1449 816 κατὰ
1475 751 1748 838 Νεστορίον

189 849 488 924 γεγενημένην
529 848 712 925 κρίσιν.
737 845 859 904 Ἀλλ’
902 841 987 902 οὖν
1027 869 1084 921 γε
1137 847 1402 913 Θεοδόσιος
1432 851 1460 906 ό
1506 853 1751 917 βασιλεὺς

192 942 645 1012 ἀντιλαμϐανόμενος
672 947 772 996 τῶν
811 938 965 1004 ὅντως
993 942 1160 1017 ὀρθῶς
1195 945 1327 1000 κατά
1365 948 1634 1021 Νεστορὼυ
1663 951 1750 1005 καὶ

183 1029 276 1094 ’τῶν
309 1041 526 1112 πονηρῶν
573 1035 731 1090 αὐτοῦ
772 1031 1038 1106 δογμάτων
1061 1034 1356 1113 κριθέντων,
1392 1039 1749 1112 παρεσκεύασε

191 1135 368 1203 κρατεῖν
403 1127 654 1202 ’γενναίως
694 1125 935 1197 [Latinus
979 1125 1242 1195 interpres
1283 1125 1410 1195 legit
1443 1125 1628 1199 οὕτως]
1661 1133 1751 1190 τὴν

187 1222 256 1276 ἐπ’
298 1222 430 1294 αὐτῷ
481 1220 816 1292 γεγενημένην
865 1219 1046 1292 κρίσιν.
1106 1219 1197 1274 καὶ
1256 1219 1358 1293 γάρ
1423 1218 1556 1294 πρὸς
1622 1221 1748 1278 τού-

185 1339 276 1379 τοις
315 1322 393 1373 καὶ
451 1315 583 1373 ἄλλα
633 1317 750 1373 τινὰ
801 1317 930 1372 κατὰ
977 1321 1066 1372 τοῦ
1113 1317 1246 1370 θείου
1301 1314 1538 1392 Κυρίλλου
1590 1336 1751 1371 κατα-

187 1410 548 1482 φλυαρησάντων
570 1452 585 1477 ,
649 1410 829 1486 γράφει
888 1410 1020 1486 πρὸς
1081 1410 1169 1465 τὸν
1232 1409 1445 1478 βασιλέα
1511 1405 1749 1484 Κύριλλος

183 1510 384 1562 τοιαῦτα·
415 1522 434 1556 ι
453 1501 759 1579 Ἐπειδήπερ
779 1501 1049 1576 ἐπυθόμην,
1078 1497 1117 1555 ὧ
1145 1501 1482 1557 εὐσεϐέστατε
1510 1501 1745 1574 βασιλεῦ,

183 1600 544 1672 τῶνφιλολογεῖν
590 1597 828 1653 εἰωθότων
851 1597 992 1657 τινάς
1035 1597 1220 1673 ἀγρίων
1254 1601 1454 1668 σφηκῶν
1491 1592 1633 1654 δίκην
1657 1614 1751 1651 πε-

182 1691 441 1768 ριϐομϐεῖν,
473 1694 568 1746 καί
607 1690 906 1765 μοχθηροὺς
931 1689 1222 1761 ἐρεύγεσθαι
1258 1686 1371 1743 κατ’
1397 1688 1519 1758 ἐμοῦ
1543 1687 1745 1760 λόγους,

183 1785 239 1842 ὡς
263 1785 308 1846 ἐξ
329 1784 545 1860 οὐρανοῦ
579 1782 966 1854 κατακομισθέν,
1001 1782 1089 1836 καί
1125 1780 1212 1834 οὐκ
1235 1780 1291 1834 ἐκ
1312 1788 1402 1840 τῆς
1431 1778 1582 1850 ἁγίας
1605 1799 1744 1854 παρ-

1848 1779 2017 1836 snrris
2035 1778 2145 1836 suis
2170 1793 2327 1835 aures
2377 1787 2495 1834 tuas
2523 1795 2836 1860 personare,
2873 1790 2930 1837 et
2956 1783 3241 1840 maledicta
3271 1784 3326 1839 in
3349 1799 3438 1841 me
3529 1793 3534 1798 '

177 1875 300 1929 θξνου
319 1875 544 1946 λέγοντος
581 1874 643 1930 τό
679 1875 810 1928 θεῖον
839 1880 994 1944 σῶμα
1020 1876 1277 1947 Χριστοῦ,
1308 1873 1392 1925 καὶ
1432 1872 1523 1938 μέν
1557 1891 1636 1926 τοι
1661 1873 1748 1927 καὶ

179 1963 257 2022 δύο
271 1968 406 2028 vim);
431 1962 570 2024 κατὰ
585 1966 858 2040 Νιστόριον
875 1965 1130 2038 ὁμολογεῖν
1144 1965 1280 2037 ἡμᾶς
1303 1963 1744 2039 κατεφλυάρησαν,

177 2057 270 2112 δεῖν
287 2055 501 2132 ᾢήθημεν
521 2060 672 2131 ὀλίγα
687 2061 809 2134 περὶ
824 2059 1006 2112 τούτου
1025 2056 1156 2133 πρὸς
1177 2057 1367 2118 αὐτοὺς
1389 2057 1545 2112 εἰπεῖν
1563 2055 1743 2115 οὕτως·

177 2149 239 2203 Ὠ
259 2154 449 2211 ἀνόητοι
472 2153 563 2208 καί
596 2152 742 2225 μόνον
768 2150 955 2212 εἰδότες
981 2159 1328 2224 συκοφαντεῖν,
1361 2157 1472 2210 πῶς
1499 2151 1572 2211 είς
1597 2155 1748 2204 τοῦτο

176 2247 447 2315 παρήχθητε
485 2247 736 2317 γνώμης,
781 2247 866 2300 καὶ
901 2245 1160 2302 τοσαύτην
1197 2247 1498 2302 νενοσήκατε
1531 2243 1744 2307 uariant;

167 2333 268 2392 ’ἔδει
296 2345 456 2410 σαφῶς
498 2340 719 2406 ἐννοεῖν,
747 2335 827 2392 ὅτι
869 2334 1063 2407 σχεδὸν
1107 2335 1244 2396 ἄπας
1267 2337 1388 2407 ἡμῖν
1432 2335 1459 2390 ὁ
1496 2335 1626 2411 ὑπέρ
1654 2344 1748 2395 τῆς

174 2428 372 2489 πίστεως
413 2432 552 2504 ἀγὼν
579 2429 976 2503 συνεκεκρότητο
1005 2427 1466 2500 διαϐεϐαιουμένοις
1483 2467 1500 2492 ,
1529 2427 1607 2485 ὅτι
1633 2429 1744 2483 θεο-

171 2519 298 2582 τόκος
330 2520 466 2576 ἔστιν
493 2525 527 2582 ἡ
555 2522 676 2597 ἁγία
703 2525 893 2600 Μαρία.
920 2522 1039 2579 Ἀλλ’
1071 2525 1279 2599 ἐπείπερ
1309 2525 1360 2588 ἐξ
1387 2524 1598 2599 οὐρανοῦ
1615 2565 1629 2590 ,
1659 2525 1749 2578 καί

171 2614 249 2668 οὐκ
271 2614 316 2678 ἐξ
335 2617 491 2676 αὐτῆς
515 2618 845 2690 γεγεννῆσθαι
869 2616 930 2671 τὸ
967 2618 1096 2672 θεῖον
1123 2623 1277 2688 σῶμα
1297 2621 1392 2671 τοῦ
1419 2621 1646 2692 Χριστοῦ
1664 2614 1750 2669 λέ-

169 2723 326 2778 Ὶομεν,
364 2710 434 2770 ὥς
461 2725 618 2784 φασι,
649 2718 762 2773 πῶς
791 2705 850 2764 ἂν
875 2718 1040 2766 νοοῖτο
1067 2710 1333 2775 θεοτόκος;
1361 2712 1474 2765 τίνα
1493 2707 1593 2784 γάρ
1623 2707 1749 2768 ὅλως

165 2800 370 2865 τέτοκεν,
400 2806 444 2856 εὶ
467 2805 540 2872 μή
570 2803 720 2858 ἐστιν·
737 2802 912 2864 ἀληθές
933 2799 1012 2858 ὅτι
1039 2802 1303 2875 γεγέννηκε
1325 2803 1456 2857 κατὰ
1471 2801 1638 2875 σάρκα
1665 2800 1749 2854 τὸν

167 2893 500 2968 Ἐμμανονήλς
529 2897 861 2968 γελάσθωσαν
889 2900 1056 2955 τοίνυν
1083 2898 1130 2952 οἱ
1153 2902 1319 2952 ταῦτα
1339 2900 1426 2950 καὶ
1451 2896 1517 2950 τά
1534 2900 1751 2950 τοιαῦτα

167 2989 265 3042 κατ’
313 2991 446 3061 ἐμοῦ
505 2989 936 3061 πεφλυαρηκότες.
981 2989 1054 3040 Οὐ
1092 2990 1192 3060 γὰρ
1241 2985 1488 3058 ψεύδεται
1520 2985 1678 3057 λέγων
1723 2982 1750 3038 ὁ

165 3081 397 3151 μακάριος
416 3079 654 3140 Ἦσαΐας’
674 3105 746 3152 -ς
760 3078 894 3133 ’ἰδοὺ
913 3081 947 3136 ἡ
966 3080 1213 3150 παρθένος
1239 3079 1288 3130 έν
1305 3079 1495 3152 γαστρί
1521 3078 1638 3142 ἕξει,
1667 3078 1753 3132 καί

1853 484 2205 555 diligi-utique
2251 485 2659 542 examinatione
2684 485 2842 557 facta,
2875 489 3203 548 damnarunt
3227 500 3284 549 et
3311 509 3442 550 ana-

1854 576 2275 634 thematizarunt
2301 575 2611 634 Nestorium
2638 594 2744 635 una
2766 595 2890 636 cum
2912 585 3270 643 sectatoribus
3298 587 3438 659 ejus.

1851 670 1948 728 His
1967 679 2148 728 autem
2175 671 2251 727 ita
2279 670 2597 739 subsecutis,
2628 687 2752 729 cum
2798 672 3213 733 insurrexissent
3247 687 3440 738 contra

1849 762 2249 821 sanctissimum
2303 760 2565 836 Cyrillum
2619 769 2917 822 sectatores
2972 766 3121 838 impii
3169 768 3438 842 Nestorii,

1847 856 2032 912 conati
2049 861 2179 911 sunt
2198 855 2478 927 (quantum
2509 856 2562 912 in
2588 857 2720 928 ipsis
2738 857 2860 932 fuit)
2885 860 3194 918 rescindere
3212 873 3430 920 senten-

1849 947 1983 1003 tiam
2009 955 2200 1004 contra
2226 947 2532 1004 Nestorium
2552 948 2737 1004 latam.
2762 949 2871 1007 Sed
2900 951 3238 1010 Theodosius
3261 955 3436 1026 impe-

1849 1049 2019 1105 rator,
2053 1039 2348 1096 defendens
2373 1055 2437 1096 ea
2467 1057 2588 1112 quae
2619 1041 2695 1096 ita
2727 1051 2877 1099 recte
2908 1052 3098 1101 contra
3126 1045 3428 1104 Nestorium

1849 1139 1908 1188 et
1934 1132 2094 1202 impia
2127 1133 2242 1203 ejus
2265 1134 2520 1204 dogmata
2547 1134 2761 1191 fuerant
2783 1135 3046 1207 iudicata,
3076 1139 3436 1200 damnationis

1850 1225 2171 1280 sententiam
2207 1225 2260 1280 in
2292 1240 2416 1280 eum
2444 1223 2642 1282 factam
2670 1234 2848 1283 ratam
2873 1228 3066 1286 haberi
3095 1233 3322 1288 curavit.
3352 1231 3440 1288 In-

1850 1331 2015 1388 super
2043 1327 2226 1372 autem
2255 1333 2375 1374 cum
2397 1326 2452 1374 et
2478 1319 2724 1390 quaedam
2749 1321 2854 1376 alia
2875 1322 3104 1380 crimina
3130 1325 3312 1382 divino
3325 1307 3440 1398 Cy-

1849 1408 1973 1464 rillo
2013 1407 2154 1478 apud
2199 1409 2582 1480 imperatorem
2630 1412 2910 1482 nugaciter
2953 1413 3338 1485 impingerent,
3368 1417 3440 1473 ad

1849 1502 2234 1573 imperatorem
2263 1502 2496 1576 Cyrillus
2522 1504 2578 1559 in
2619 1504 2760 1562 hanc
2801 1508 3127 1566 sententiam
3175 1510 3434 1581 scripsit:

1857 1612 1878 1648 ι
1903 1593 2198 1665 Postquam
2239 1595 2406 1665 mihi,
2437 1596 2679 1668 piissime
2706 1597 3024 1670 imperator,
3067 1602 3438 1659 renuntiatqu

1850 1695 1954 1754 est,
1985 1685 2250 1756 quosdam
2287 1687 2533 1757 garrulas
2559 1688 2734 1745 instar
2766 1705 3054 1761 vesparum
3083 1691 3316 1750 ferarqu
3345 1707 3439 1748 su-

1850 1875 2118 1936 eructare,
2152 1876 2414 1938 nugantes
2443 1849 2802 1928 me'assereie
2829 1871 3030 1928 Christi
3051 1873 3287 1930 divinum
3316 1889 3440 1932 cor-

1818 2016 1822 2020 .
1847 1977 1950 2034 pus
1969 1961 2106 2018 coelo
2135 1961 2394 2026 delatum,
2425 1970 2482 2017 et
2506 1976 2618 2018 non
2638 1961 2707 2018 de
2735 1971 2920 2018 sancta
2951 1964 3174 2033 Virgine
3195 1980 3438 2037 assump-

1851 2061 1992 2120 tum;
2025 2053 2262 2124 itemque
2291 2053 2428 2111 duos
2456 2054 2596 2111 filios
2617 2055 2684 2110 de
2712 2057 2978 2112 sententia
3007 2051 3244 2114 Nestorii'
3269 2055 3440 2114 conli-

1831 2147 1991 2218 qteri:
2024 2146 2330 2202 existimavi
2356 2146 2559 2204 debere
2587 2163 2675 2204 me
2711 2150 2969 2206 adversus
3006 2150 3154 2220 ipsos
3182 2166 3353 2222 pauca
3381 2152 3438 2207 in

1847 2236 1990 2294 hanc
2033 2239 2354 2294 sententiam
2383 2239 2564 2295 dicere
2590 2256 2603 2292 :
2647 2238 2692 2293 Ο
2721 2239 2872 2306 fatui,
2903 2248 2958 2296 et
3001 2241 3198 2298 nullius
3227 2243 3305 2298 rei
3337 2242 3439 2298 nisi

1848 2329 2212 2388 calumniandi
2283 2333 2474 2402 gnari,
2520 2333 2796 2403 quomodo
2852 2333 2907 2388 in
2957 2333 3098 2390 hanc
3144 2334 3439 2390 devenistis

1847 2423 2191 2490 sententiam,
2219 2431 2534 2494 tantumque
2561 2423 2784 2480 insania:
2813 2426 3177 2496 concepistis?
3203 2425 3437 2482 Omnino

1849 2515 1993 2572 enim
2019 2514 2308 2588 oportebat
2329 2517 2434 2573 hoc
2459 2533 2555 2574 vos
2580 2518 2862 2590 perspicue
2888 2518 3111 2584 sentire,
3137 2526 3306 2574 totam
3329 2519 3440 2575 fere

1848 2615 2092 2664 nostram
2113 2607 2181 2663 de
2204 2607 2308 2663 ﬁde
2327 2608 2748 2679 disputationem
2788 2608 2914 2664 inde
2941 2616 3138 2677 ortam,
3169 2610 3311 2680 quod
3341 2625 3440 2666 nos

1849 2706 2094 2756 sanctam
2122 2697 2346 2754 Mariam
2377 2699 2662 2770 Deiparam
2691 2713 2812 2756 esse
2847 2699 3244 2756 contendimus.
3276 2685 3440 2770 Atqui

1809 2849 1812 2852 ,
1849 2792 1916 2858 si,
1941 2800 2000 2846 ut
2019 2791 2096 2846 illi
2124 2792 2330 2856 dicunt,
2361 2807 2460 2848 nos
2494 2808 2692 2863 corpus
2732 2793 2932 2849 Christi
2955 2791 3197 2848 divinum
3227 2792 3441 2849 caelitus

1850 2883 2086 2949 venisse,
2117 2898 2321 2938 nones
2351 2883 2466 2953 ipsa
2510 2893 2696 2939 natum
2739 2884 2988 2953 dicimus,
3020 2885 3295 2956 quomodo
3317 2883 3440 2940 Dei-

1853 2988 1984 3045 para
2015 2973 2120 3029 dici
2157 2973 2393 3044 poterit?
2421 2972 2592 3040 Quem
2620 2967 2766 3029 enim
2795 2975 3029 3046 peperit,
3056 2975 3103 3030 si
3129 2975 3234 3030 hoc
3253 2991 3440 3031 verum

1855 3079 1964 3119 non
2014 3070 2118 3126 est,
2151 3062 2298 3132 quod
2326 3063 2620 3119 secundum
2662 3067 2884 3119 car'nem
2935 3065 3207 3136 pepererit
3235 3064 3441 3120 Enuna-

161 3173 342 3236 τέξεται
372 3172 506 3234 ws»,
537 3173 625 3226 καί
659 3143 936 3238 ublic-auat
959 3170 1020 3224 τὸ
1049 3165 1205 3242 ὄνομα
1237 3170 1392 3224 αὐτοῦ
1415 3168 1745 3242 Ἐμμανουήλ,

1857 3155 2106 3210 nuelem?
2135 3153 2433 3211 Rideantur
2459 3168 2592 3224 ergo
2619 3157 2710 3226 qui
2738 3157 2854 3212 haec
2883 3164 2939 3213 et
2969 3157 3092 3213 talia
3121 3158 3190 3214 de
3216 3175 3306 3216 me
3327 3157 3441 3214 bla-

163 3262 327 3331 όίστι,
345 3265 460 3336 μεθ’
486 3265 625 3334 ἡμῶν
649 3264 674 3316 ὁ
699 3263 844 3324 Θεός.
864 3290 933 3302 ——
949 3262 1196 3321 ’Δληθεύει
1215 3259 1270 3317 δέ
1290 3262 1492 3323 πάντως
1512 3260 1635 3318 καίό
1657 3263 1750 3337 ἀρ·-

167 3358 410 3433 χάγγιλος
433 3356 660 3432 Γαϐριὴλ
676 3358 805 3431 πρὸς
818 3360 910 3414 τήν
924 3355 1172 3429 παρθένον
1191 3354 1364 3419 ιίπῶν,
1382 3381 1450 3392 --
1469 3357 1545 3413 Μή
1568 3353 1747 3424 φοϐοῦ,

167 3457 360 3530 Μαριάμ
379 3491 394 3517 ,
429 3447 580 3527 εὗρες
607 3452 708 3528 γάρ
747 3451 903 3523 χάριν
938 3450 1082 3523 παρὰ
1103 3455 1178 3520 τῷ
1207 3455 1349 3520 Θεῷ·
1377 3449 1460 3502 καὶ
1491 3444 1599 3503 ίδοῦ
1628 3446 1751 3501 συλο

169 3541 290 3620 λήψῃ
315 3546 604 3619 ίνγαστρί,
635 3546 719 3597 καὶ
761 3543 921 3606 τέξεις
955 3541 1089 3606 υίόν,
1133 3544 1216 3596 καί
1237 3541 1471 3602 καλέσεις
1507 3541 1566 3598 τὸ
1595 3537 1750 3612 ὄνομα

173 3636 312 3691 αὐτοῦ
335 3635 560 3695 Ἰησοῦν.
591 3633 748 3694 Αὐτὸς
767 3635 870 3707 γάρ
901 3635 1067 3687 σώσει
1082 3632 1172 3688 τὸν
1197 3633 1314 3687 λαὸν
1341 3633 1496 3687 αὐτοῦ
1527 3632 1630 3687 άπὸ
1649 3639 1750 3688 τῶν

171 3723 416 3805 ἁμαρτιῶν
431 3729 616 3782 αὐτῶν.
635 3721 871 3780 -Ὅταν
879 3721 934 3780 δὲ
944 3725 1165 3798 λέγομεν,
1181 3721 1365 3780 ἄνωθεν
1379 3724 1428 3788 ίξ
1440 3725 1653 3799 οὐρανοῦ
1663 3724 1750 3779 τὸν

171 3821 322 3894 κύριον
345 3824 489 3894 ἡμῶν
521 3819 717 3878 Ἰησοῦν
746 3819 964 3894 Χριστὸν
981 3859 995 3881 ,
1029 3819 1136 3889 οὐχ
1163 3820 1232 3880 ὡς
1257 3815 1446 3872 ἄνωθεν
1464 3817 1515 3883 ἐξ
1541 3818 1748 3889 οὐρανοῦ

172 3917 548 3986 κατενεχθείσης
569 3921 660 3974 τῆς
682 3913 829 3987 ἁγίας
849 3914 1009 3968 αὐτοῦ
1039 3913 1228 3985 σαρκός
1249 3912 1416 3968 ταῦτά
1435 3932 1614 3985 ταμεν,
1645 3912 1749 3968 ὢιῖ

175 4008 232 4066 ὥς
249 4009 472 4081 ἑπόμενοι
499 4016 574 4080 τῷ
591 4009 708 4082 ἱερῷ
723 4007 896 4078 Παύλῳ
913 4007 1173 4079 φάσκοντι,
1191 4035 1262 4046 -
1273 4017 1328 4060 Ὀ
1338 4014 1540 4081 πρῶτος
1553 4002 1720 4081 ἅνθρω
1732 4034 1748 4044 ο

175 4119 256 4160 πος
282 4103 330 4154 ἐκ
351 4108 445 4173 γῆς
495 4100 704 4170 χοϊκός,
741 4096 768 4154 ό
813 4095 1049 4175 δεύτερος
1077 4095 1105 4152 ὁ
1143 4098 1314 4172 κύριος
1343 4097 1392 4162 ίξ
1421 4099 1648 4174 οὐρανοῦ.
1678 4126 1750 4140 -

173 4197 440 4264 κεμνήμεθα
465 4191 528 4247 δέ
572 4194 657 4246 καί
682 4191 836 4246 αὐτοῦ
871 4195 965 4246 τοῦ
1002 4193 1180 4264 κυρίου
1210 4189 1458 4260 λέγοντος,
1485 4217 1558 4230 -
1575 4187 1750 4249 Οὐδείς

175 4283 452 4344 ἀναϐέϐηκεν
492 4288 568 4345 ε⁷ς
593 4285 681 4340 τόν
711 4284 942 4359 οὐρανὸν,
973 4285 1017 4338 εἰ
1040 4287 1110 4356 μὴ
1149 4281 1176 4338 ό
1204 4284 1258 4337 ἐκ
1299 4289 1386 4339 τοῦ
1417 4283 1627 4356 οὐρανοῦ
1657 4305 1750 4338 κα-

177 4377 342 4444 ταϐὰς,
375 4380 398 4435 ὃ
423 4381 545 4439 υῗὸς
572 4385 665 4434 τοῦ
691 4379 976 4452 ἀνθρώπου.
1005 4407 1076 4418 —
1097 4379 1260 4433 [uiroc
1298 4379 1590 4451 γεγέννηται
1615 4379 1748 4432 κατὰ

179 4469 353 4546 σάρκα,
385 4475 451 4533 ὡς
477 4469 714 4547 εἴρηται,
755 4471 810 4524 ἐκ
836 4478 929 4531 τῆς
949 4469 1100 4543 ἁγίας·
1121 4470 1394 4544 παρθένου.
1433 4467 1602 4527 ἐπειδὴ
1643 4467 1696 4524 δέ
1721 4468 1748 4524 ὃ

1853 3254 2050 3302 terant.
2075 3246 2195 3302 Non
2223 3247 2366 3302 enim
2398 3250 2659 3304 mentitur
2683 3258 2900 3305 sanctus
2923 3249 3088 3307 Isaias
3113 3265 3231 3307 cum
3255 3249 3328 3304 ita
3358 3266 3442 3304 va-

1853 3337 2110 3394 ticinatur
2135 3357 2147 3391 :
2175 3337 2309 3394 Ecce
2321 3341 2462 3412 virgo
2483 3341 2538 3394 in
2564 3349 2710 3396 utero
2733 3340 2956 3408 habebit,
2979 3350 3028 3396 et
3053 3343 3222 3413 pariet
3248 3340 3439 3412 filium,

1851 3441 1901 3489 et
1927 3433 2177 3488 vocabunt
2203 3450 2320 3490 eum
2349 3432 2690 3504 Emmanuel,
2717 3435 2856 3508 quod
2880 3445 2978 3502 est,
3007 3435 3272 3489 nobiscum
3304 3433 3440 3488 Deus

1853 3532 1989 3605 (Isa.
2021 3535 2182 3604 xvn).
2213 3531 2282 3587 Et
2311 3531 2456 3588 haud
2506 3532 2666 3589 dubie
2711 3549 2901 3588 verum
2944 3533 3079 3588 dixit
3106 3531 3321 3588 Gabriel
3349 3547 3441 3586 ar.

1851 3627 2141 3696 changelus
2169 3616 2244 3682 ita
2275 3626 2494 3682 Mariam
2521 3627 2840 3698 alloquens:
2872 3626 2958 3682 Ne
3007 3629 3208 3692 timeas,
3238 3625 3438 3693 Maria,

1849 3721 2090 3775 invenisti
2117 3721 2254 3774 enim
2281 3720 2509 3791 gratiam
2553 3720 2694 3792 apud
2723 3719 2908 3775 Deum.
2942 3717 3078 3774 Ecce
3106 3719 3360 3790 concipies
3388 3718 3440 3772 in

1849 3820 2015 3877 utero,
2047 3821 2096 3871 et
2144 3812 2318 3882 paries
2344 3812 2532 3884 ﬁlium,
2561 3821 2612 3866 et
2638 3813 2844 3868 vocabis
2872 3829 3058 3867 nomen
3080 3812 3190 3884 ejus
3215 3809 3392 3866 Iesum
3422 3827 3438 3865 :

1850 3905 1961 3977 ipse
1999 3905 2136 3960 enim
2177 3905 2376 3960 salvum
2404 3908 2562 3980 faciet
2591 3907 2836 3979 papulum
2865 3924 3013 3962 suum
3040 3924 3073 3961 a
3101 3907 3324 3978 peccatis
3350 3922 3439 3960 eo-

1849 4012 1966 4050 rum
1993 3993 2141 4068 (Luc.
2175 4011 2226 4064 1;
2257 3995 2446 4052 Matth.
2478 3997 2541 4066 ι).
2573 3997 2704 4054 Cum
2752 4006 2932 4054 autem
2984 3997 3267 4054 Dominum
3311 4011 3438 4050 nos-

1852 4107 1991 4154 trum
2022 4096 2208 4154 Jesum
2235 4097 2509 4154 Christum
2554 4098 2784 4154 dicimus
2811 4097 3044 4167 desuper
3080 4096 3148 4151 de
3174 4096 3314 4151 coelo
3344 4110 3439 4150 ve-

1851 4189 2016 4258 nisse,
2063 4205 2173 4246 non
2225 4205 2294 4246 eo
2334 4205 2496 4247 sensu
2543 4189 2791 4253 dicimus,
2841 4189 2995 4259 quasi
3041 4196 3288 4259 putemus
3316 4203 3438 4260 eum

1850 4288 2092 4337 sanctam
2117 4296 2267 4336 suam
2299 4295 2518 4337 carnem
2547 4280 2613 4336 de
2635 4280 2774 4335 «nlo
2820 4279 3108 4346 detulisse;
3139 4278 3234 4336 sed
3259 4279 3439 4350 sequi-

1851 4388 1971 4428 mur
1997 4380 2246 4428 sanctum
2293 4371 2540 4435 Paulum,
2573 4371 2666 4443 qui
2693 4370 2766 4426 ita
2795 4371 2871 4428 ait
2899 4388 2912 4425 :
2959 4369 3172 4426 Primus
3195 4371 3346 4426 homo
3375 4371 3439 4427 de

1853 4474 1994 4519 terra
2013 4471 2279 4530 terrenus;
2307 4462 2586 4533 secundus,
2612 4463 2868 4519 Dominus
2888 4481 2918 4518 e
2938 4464 3063 4520 caele
3091 4463 3145 4536 (I
3172 4464 3291 4520 Cor.
3323 4467 3438 4536 xv).

182 4558 340 4618 ἄνωθεν
379 4568 426 4632 ίξ
474 4567 698 4636 οὐρανοῦ
735 4570 1116 4638 καταφοιτήσας
1143 4563 1267 4625 Θεὸς
1307 4564 1451 4637 λόγος
1489 4565 1748 4619 κεκίνωκεν

1848 4554 2125 4610 lmitamur
2153 4553 2314 4610 etiam
2345 4563 2400 4611 et
2423 4554 2594 4627 ipsum
2619 4556 2902 4612 Dominum
2933 4556 3202 4613 dicentem
3229 4555 3438 4612 :Nemo

181 4653 367 4718 ἔαυτόν,
392 4666 585 4738 μορφὴν
616 4657 796 4714 δούλου
826 4659 1022 4721 λαϐὼν,
1055 4658 1137 4712 καὶ
1161 4658 1533 4730 κεχρημάτικεν
1558 4657 1749 4733 ἀνθρὼο

183 4767 274 4802 που
301 4752 400 4812 υἱὸς
431 4753 566 4824 μετὰ
603 4758 692 4808 τοῦ
721 4757 886 4824 μεῖναι
910 4747 934 4804 ὃ
958 4747 1038 4812 ἦν,
1066 4749 1300 4804 τουτέστι
1327 4748 1471 4810 Θεός⁹
1500 4745 1749 4822 ἄτρεπτος

183 4840 269 4915 γᾶρ
295 4846 373 4897 καὶ
392 4843 724 4903 ἀναλλοίωτος
751 4843 884 4898 κατὰ
915 4842 1064 4914 φύσιν
1091 4842 1262 4896 έστίν·
1295 4841 1358 4901 ὡς
1388 4837 1457 4900 εἷς
1483 4838 1580 4899 ἤδη
1605 4841 1749 4895 νοού-

187 4950 310 4997 me
333 4938 456 5004 μετά
492 4943 586 4994 τῆς
625 4934 758 4994 ἰδίας
781 4934 999 5009 σαρκός,
1031 4934 1079 4998 ἐξ
1109 4934 1324 5009 οὐρανοῦ
1350 4932 1546 5007 λέγεται
1574 4935 1749 4990 κατελ-

186 5020 282 5083 θεῖν,
309 5027 604 5098 ὠνὲμασται
623 5024 679 5082 δέ
700 5029 784 5080 καὶ
813 5023 1074 5100 ἄνθρωπος
1102 5026 1151 5088 ἐξ
1175 5027 1393 5100 οὐρανοῦ
1409 5066 1423 5090 ,
1463 5026 1650 5088 τέλειος
1683 5025 1750 5082 ὧν

187 5110 228 5162 ἰν
248 5113 465 5184 Osirim,
498 5119 588 5171 καὶ
619 5118 804 5176 τέλειος
842 5114 870 5171 ὁ
895 5116 1049 5176 αὐτὸς
1075 5116 1126 5169 έν
1155 5116 1528 5192 ἀνθρωπότητι,
1566 5120 1652 5171 καὶ
1681 5120 1749 5179 ὡς

187 5201 229 5254 ἓν
271 5205 334 5261 ἑνὶ
381 5212 642 5279 προσώπῳ
691 5209 984 5280 νοούμενος.
1038 5203 1121 5268 Εἷς
1172 5207 1270 5282 γάρ
1328 5209 1501 5284 κύριος
1552 5205 1749 5270 Ἰησοῦς

137 5335 140 5338 .
187 5300 380 5369 Χριστὸς
401 5340 416 5366 ,
461 5295 553 5355 κᾶν
595 5301 628 5359 ἡ
673 5307 774 5356 τῶν
815 5300 1014 5372 φύσεων
1062 5297 1276 5373 διαφορά
1313 5304 1382 5371 μή
1411 5301 1670 5372 ἀγνοῆται,
1700 5301 1750 5364 ἐξ

187 5383 240 5439 ὧν
265 5396 346 5449 τήν
383 5393 671 5471 ἀπόρρητον
699 5392 875 5446 ἕνωσίν
911 5411 1070 5464 φαμεν
1109 5393 1434 5462 πεπρᾶχθαι.
1471 5397 1749 5464 Τοργαροῦν

187 5479 494 5559 ὁμολογοῦμεν
536 5487 622 5543 τὸν
671 5494 906 5559 μονογενῆ
951 5485 1060 5540 υἱόν
1104 5490 1196 5540 τοῦ
1244 5490 1370 5542 Θεοῦ
1417 5484 1578 5556 λόγον,
1627 5485 1746 5540 Θεὸν

185 5573 376 5642 τέλειον.
415 5583 504 5636 καί
542 5577 806 5656 ἄνθρωπον
843 5577 1050 5641 τέλειον,
1097 5577 1152 5630 in
1195 5575 1378 5646 ψυχῆς
1417 5575 1617 5647 λογικῆς
1663 5581 1748 5632 καὶ

187 5667 418 5736 σῶματος.
443 5673 543 5746 πρὸ
562 5673 756 5727 αἰώνων
770 5672 862 5744 μέν
879 5670 936 5724 έκ
953 5674 1046 5724 τοῦ
1072 5668 1268 5743 πατρὸς
1292 5667 1587 5741 γεννηθέντα
1615 5691 1744 5723 κατα

185 5762 264 5816 τὴν
285 5763 516 5828 θεότητα,
560 5765 639 5820 ἐπ’
667 5764 914 5834 ἐσχάτων
941 5759 998 5818 δέ
1022 5769 1122 5816 τῶν
1161 5762 1359 5837 ἡμερῶν
1383 5762 1470 5815 τὸν
1506 5763 1656 5816 αὐτόν
1682 5760 1745 5818 δι’

133 5875 140 5884 ·
183 5851 302 5924 ὑμᾶς
323 5861 401 5910 καὶ
427 5854 508 5912 διὰ
531 5864 622 5918 τὴν
647 5859 895 5930 ἡμετεραν
920 5858 1178 5931 σωτηρίαν
1199 5857 1252 5912 ἐκ
1269 5859 1467 5930 Μαρίας
1491 5864 1578 5928 tu:
1609 5878 1715 5933 παρ
1731 5887 1744 5896 ο

1850 4647 2084 4702 ascendit
2108 4649 2163 4702 in
2189 4648 2389 4716 cretum,
2421 4649 2525 4704 nisi
2577 4649 2666 4720 qui
2707 4649 2968 4704 descendit
2996 4649 3059 4704 de
3085 4648 3240 4716 cado,
3265 4646 3438 4704 Filius

1849 4737 2074 4792 hominis
2101 4736 2378 4818 (Joansr).
2407 4738 2477 4794 At
2523 4754 2657 4796 vero
2697 4741 2841 4811 quod
2871 4739 2942 4796 ad
2973 4755 3193 4797 carnem
3222 4741 3437 4807 attinet,

1849 4841 2007 4889 natus
2035 4841 2135 4898 est,
2167 4833 2307 4889 sicut
2334 4833 2584 4902 diximus,
2617 4850 2683 4891 ex
2713 4835 2868 4890 beata
2894 4835 3134 4906 Virgine.
3163 4833 3268 4890 Sed
3297 4851 3438 4906 quo-

1851 4927 1994 4982 niam
2023 4926 2260 4984 Verbum
2287 4927 2382 4983 Dei
2403 4928 2471 4984 dc
2501 4928 2640 4985 cmlo
2684 4927 3038 4994 descendens,
3070 4927 3298 5000 seipsum
3323 4928 3439 4981 exi-

1852 5022 2070 5088 nanivit,
2123 5023 2347 5093 formam
2387 5022 2522 5075 seni
2570 5022 2902 5091 assumenda,
2932 5020 3179 5090 filiusque
3207 5016 3439 5073 hominis

1850 5113 2078 5180 exstitit,
2109 5129 2233 5169 cum
2267 5122 2442 5169 tamen
2473 5114 2613 5168 idem
2643 5121 2988 5185 permaneret
3014 5113 3104 5182 qui
3134 5118 3292 5165 antea
3323 5109 3438 5164 fue-

1849 5215 1954 5274 rat,
1985 5206 2189 5262 scilicet
2218 5206 2358 5262 Dcus
2389 5207 2496 5278 (est
2524 5207 2668 5263 enim
2697 5203 3067 5273 immutabilis,
3107 5210 3162 5257 et
3201 5200 3332 5255 nulli
3359 5201 3439 5256 al~

1854 5298 2108 5355 terationi
2136 5299 2386 5355 obnoxia:
2435 5298 2686 5373 naturae),
2719 5316 2843 5356 cum
2865 5298 2980 5369 jam
3007 5311 3144 5354 unus
3171 5292 3438 5363 intelliga-

1853 5405 1940 5452 tur
1967 5411 2088 5452 esse
2115 5411 2239 5452 cum
2263 5397 2485 5469 propria
2511 5413 2694 5465 carne,
2719 5398 2916 5456 dicitur
2941 5399 3009 5455 de
3029 5399 3170 5456 caelo
3198 5399 3433 5456 venisse.

1853 5487 1922 5543 Et
1941 5489 2250 5545 nominatur
2273 5491 2436 5546 etiam
2463 5491 2629 5547 homo
2656 5490 2725 5547 de
2744 5489 2904 5558 caelo,
2929 5506 3049 5547 cum
3080 5491 3152 5548 sit
3169 5488 3440 5562 perfectus

1853 5581 1906 5636 in
1928 5582 2152 5650 deitate,
2183 5581 2432 5652 idemque
2465 5581 2736 5654 perfectus
2764 5581 2816 5636 in
2843 5581 3176 5638 humanitate
3202 5601 3212 5635 :
3243 5581 3440 5638 intelli-

1848 5685 2100 5747 giturque
2129 5691 2235 5730 una
2263 5689 2385 5734 esse
2413 5689 2666 5744 persona.
2701 5671 2852 5729 Unus
2877 5673 3023 5730 enim
3069 5683 3154 5732 est
3181 5675 3440 5732 Dominus

1851 5764 2008 5822 Jcsus
2062 5765 2331 5836 Christus,
2380 5767 2593 5822 tametsi
2638 5771 2953 5822 naturarum
2999 5767 3287 5826 discrimen
3331 5783 3438 5823 nun

1853 5871 2152 5930 Ignoretur,
2175 5875 2240 5915 ex
2263 5861 2453 5929 quibus
2485 5855 2806 5916 ineﬂabilem
2825 5858 2969 5919 illam
2987 5858 3220 5922 dicimus
3245 5859 3438 5921 factam
