3988 6346
510 316 609 377 27f

509 435 645 491 θένου
684 427 818 485 κατά
853 425 942 485 τὴν
984 407 1380 496 άνθρωπότητα⁶
1426 410 1695 487 όμοούσιον
1725 413 1798 480 τῷ
1824 406 1981 479 πατρί
2006 402 2091 456 τὸν
2121 408 2167 465 Α

512 527 658 582 αὐτὸν
687 522 821 576 κατά
856 523 947 577 τὴν
975 515 1220 578 θεότητα,
1261 510 1347 563 καί
1385 506 1653 578 όμοούσιον
1686 502 1800 572 ἡμῖν
1838 498 1971 552 κατὰ
2005 498 2094 553 τὴν

512 615 890 692 ἆνθρωπότητα.
923 611 1018 663 Δύο
1044 609 1144 680 γάρ
1182 604 1380 675 φύσεων
1412 599 1589 657 ἕνωσις
1626 593 1845 668 γέγονεν’
1878 587 1985 643 ὅθεν
2013 587 2099 641 ἕνα

512 708 748 784 Χριστὸν,
776 705 863 759 ἕνα
883 702 1018 764 υἱὸν,
1042 700 1128 753 ἕνα
1151 697 1321 769 κύριον
1346 690 1692 765 ὁμολογοῦμεν.
1722 686 1813 738 Καὶ
1835 686 1924 740 τήν
1952 678 2100 751 ἁγίαν

513 802 755 878 παρθένον
784 797 978 856 άληθῶς
1019 790 1273 851 θεοτόκον,
1303 784 1387 840 διὰ
1425 783 1482 837 τὸ
1520 781 1608 837 τὸν
1648 777 1767 834 Θεὸν
1798 774 1944 844 λόγον
1972 790 2103 845 σαρ-

515 863 753 955 κωθῆναι,
795 890 876 941 καὶ
922 885 1337 959 ἐνανθρωπῆσαι,
1383 877 1470 930 καί
1518 874 1567 937 ἐξ
1614 872 1772 929 αὐτῆς
1809 863 2105 935 συλλήψεως

515 984 700 1039 ἓνῶσαι
758 981 895 1048 αύτῷ
949 976 1035 1032 τόν
1083 975 1132 1037 ἐξ
1192 973 1351 1030 αὐτῆς
1398 967 1636 1040 ληφθέντα
1694 961 1832 1017 ναόν.
1885 960 2012 1024 Καὶ,
2062 955 2106 1010 εί

516 1073 689 1137 δοκεῖ,
745 1070 998 1139 δεξώμεθα
1050 1068 1119 1125 εἰς
1171 1060 1498 1139 παράδειγμα
1541 1061 1629 1117 τήν
1677 1052 1785 1110 καθ’
1834 1053 1970 1123 ἡμᾶς
2014 1049 2108 1103 αύ-

517 1168 640 1226 τούς
676 1163 941 1225 σύνθεσιν,
985 1159 1089 1212 καθ’
1135 1158 1191 1214 ἦν
1238 1158 1391 1226 ἔσμεν
1436 1150 1711 1227 ἄνθρωποι.
1758 1144 2111 1214 Συντεθείμεθα

526 1258 618 1331 γὰρ
682 1258 737 1310 ἐκ
796 1254 978 1325 ψυχῆς
1050 1254 1135 1305 καί
1199 1251 1481 1321 σώματος,
1536 1245 1618 1298 καὶ
1684 1241 1877 1315 ὁρῶμεν
1936 1238 2110 1311 φύσεις

522 1347 645 1411 δύο,
694 1347 869 1417 ἑτέραν
920 1346 1010 1417 μὲν
1037 1349 1129 1397 τοῦ
1176 1348 1442 1410 σώματος,
1476 1336 1649 1410 ἑτέραν
1691 1330 1745 1386 δὲ
1786 1338 1878 1391 τῆς
1908 1328 2109 1400 ψυχῆς.

521 1436 645 1496 Ἀλλ’
688 1434 759 1498 εἷς
804 1438 853 1500 ἐξ
907 1438 1088 1507 ἀμφοῖν
1133 1433 1239 1486 καθ’
1287 1431 1462 1484 ἕνωσιν
1509 1423 1808 1499 ἅνθρωπος,
1855 1422 1941 1476 καὶ
1986 1420 2112 1490 ούχὶ

509 1533 587 1587 ’τὸ
632 1531 686 1583 ἐκ
732 1527 824 1583 δύο
874 1527 1071 1600 φύσεων
1125 1521 1502 1585 συντεθεῖσθαι,
1554 1515 1645 1572 δύο
1691 1515 1983 1589 ἀνθρώπους
2025 1512 2114 1566 τὸν

527 1625 613 1678 ἕνα
649 1622 875 1677 νοεῖσθαι
909 1617 1312 1697 παρασκευάζει.
1341 1611 1458 1666 Ἀλλ’
1481 1612 1568 1665 ἕνα
1588 1610 1674 1663 τὸν
1698 1604 1959 1679 ἄνθρωπον
1986 1602 2117 1657 κατά

529 1718 779 1780 σύνθεσιν,
812 1716 878 1773 ὡς
920 1711 1063 1784 ἔφην,
1094 1711 1179 1765 τόν
1208 1708 1260 1761 ἐκ
1292 1705 1474 1777 ψυχῆς
1496 1706 1575 1756 καί
1602 1703 1861 1770 σώματος.
1883 1697 1991 1750 Ἐάν
2015 1696 2115 1769 γάρ

1890 284 2158 346 VIGILUS
2196 277 2397 339 PAPA.

2198 395 2520 459 uiiitioncm.
2575 388 2831 444 Fatemur
2894 383 3076 453 itaque
3123 374 3396 445 Verbum,
3442 368 3786 445 unigenitum

3670 259 3789 316 τη

2200 486 2295 543 Dei
2315 486 2530 550 Filium,
2564 481 2733 536 Deum
2758 491 2879 534 esse
2903 472 3223 547 perfectum,
3251 477 3308 525 et
3332 466 3632 540 perfectum
3678 465 3784 522 ho-

2199 581 2399 635 minem
2428 586 2657 645 corpore
2671 578 2727 626 et
2749 568 2926 624 anima
2949 564 3161 620 ratione
3179 558 3402 632 praedita
3421 562 3785 625 constantem;

2201 672 2345 744 quod
2392 670 2461 727 ad
2507 668 2762 725 deitatem
2790 663 2999 728 attinet,
3030 675 3098 716 ex
3136 656 3296 713 Patre
3324 662 3511 733 natum
3542 661 3671 709 ante
3696 667 3792 709 sa-

2203 770 2347 836 oula,
2366 763 2614 821 eumdem
2644 768 2825 815 autem
2848 754 3051 813 ultimis
3078 749 3412 822 temporibus
3434 753 3662 820 propter
3688 760 3793 802 nos

2205 872 2260 919 et
2279 865 2505 932 propter
2527 863 2769 912 nostram
2804 851 3032 908 salutem
3061 862 3130 903 ex
3158 844 3326 901 Maria
3358 841 3582 911 Virgine
3603 853 3796 896 secun-

2206 953 2335 1009 dum
2379 948 2769 1006 humanitatem
2802 962 2816 998 :
2865 936 3381 999 consubstantialem
3417 932 3568 989 Patri
3595 946 3794 990 secun-

2205 1043 2334 1101 dum
2356 1039 2708 1102 divinitatem,
2722 1044 2778 1091 et
2796 1028 3308 1091 consubstantialem
3323 1025 3479 1083 nobis
3495 1022 3796 1081 secundum

2208 1132 2622 1191 humanitatem.
2672 1128 2907 1183 Duarum
2961 1137 3103 1180 enim
3157 1128 3473 1176 naturarum
3515 1117 3661 1174 iacta
3719 1123 3800 1173 est

2209 1225 2358 1281 unio.
2390 1222 2519 1278 inde
2547 1228 2649 1288 est,
2679 1218 2823 1289 quod
2845 1230 3008 1273 unum
3039 1212 3339 1278 Christum,
3361 1224 3529 1267 unum
3577 1207 3798 1272 Filium.

2210 1335 2375 1376 unum
2424 1315 2707 1373 Dominum
2754 1310 3096 1378 conﬁtemur,
3148 1313 3311 1377 atque
3355 1305 3519 1360 etiam
3554 1309 3802 1359 sanctam

2212 1410 2486 1479 Virginem
2523 1421 2650 1463 vere
2677 1404 2839 1460 fuisse
2858 1401 3165 1473 Deiparam,
3188 1396 3312 1454 ideo
3340 1395 3488 1467 quod
3501 1395 3650 1451 Deus
3681 1393 3803 1450 Ver-

2213 1501 2340 1557 bum
2361 1510 2577 1556 carnem
2598 1496 2771 1553 induit
2794 1503 2852 1552 et
2878 1495 3043 1560 homo
3072 1492 3249 1547 factus
3276 1498 3381 1557 est,
3411 1495 3575 1559 atque
3601 1486 3660 1543 in
3690 1486 3804 1558 ipsa

2214 1592 2569 1662 conceptione
2596 1589 2701 1645 sibi
2727 1585 2898 1643 univit
2918 1582 3205 1655 templum,
3231 1578 3381 1651 quod
3408 1594 3479 1635 ex
3506 1578 3626 1650 ipsa
3653 1591 3804 1634 assu-

2215 1684 2415 1740 mebat.
2447 1682 2507 1738 Si
2543 1681 2738 1752 placet,
2771 1677 3005 1749 exempli
3053 1676 3175 1732 loco
3204 1672 3531 1745 accipiamus
3556 1672 3803 1729 nostrum

533 1765 779 1780 """"v
816 1765 872 1773 ν·
927 1765 968 1784 ίι
1001 1765 1011 1769 -
1052 1765 1063 1779 1
1305 1765 1314 1776 ι
1368 1765 1410 1777 ι-
1680 1765 1690 1770 -
2024 1765 2033 1769 ,
2084 1765 2092 1767 ,

527 1808 771 1871 ἀνέλωμεν
816 1805 889 1867 τὸ,
921 1801 998 1856 ὅτι
1026 1802 1077 1853 ἐκ
1121 1797 1212 1871 δῷ
1251 1799 1340 1851 καὶ
1365 1794 1611 1871 διαφόρων
1651 1792 1846 1862 φύσεων
1882 1785 1909 1842 ὁ
1939 1783 2008 1847 εἷς
2035 1788 2119 1840 καί

2229 1778 2460 1847 ipsorum
2490 1772 2961 1844 compositionem,
2993 1777 3258 1842 quatenus
3302 1765 3553 1823 homines
3598 1779 3802 1821 smnus.

526 1896 677 1970 μόνος
718 1899 828 1951 ἐστὶ
853 1896 1092 1968 Χριστὸς,
1140 1893 1499 1952 ἀδιάσπαστος
1528 1888 1593 1944 ὢν
1635 1888 1762 1959 μετά
1801 1890 1889 1944 τὴν
1917 1886 2112 1951 ἕνωσιν,

529 1996 730 2066 ἐροῦσιν
752 1992 797 2045 οἱ
816 1989 877 2045 δι’
900 1991 1127 2050 ἐναντίας
1142 2006 1154 2020 ⁸
1182 2017 1249 2029 -·
1270 1989 1325 2041 Εἰ
1341 1989 1434 2058 μία
1455 1984 1600 2060 φύσις
1624 1984 1683 2038 τὸ
1705 1981 1833 2048 ὅλον,
1850 1987 1959 2041 πῶς
1981 1980 2118 2037 ἐνην-

529 2085 794 2159 θρὼπησεν
816 2124 829 2146 ,
862 2081 891 2140 ἦ
926 2085 1077 2135 ποίαν
1126 2078 1257 2134 ἰδίαν
1287 2081 1565 2135 ἐποιήσατο
1595 2076 1796 2149 σάρκας
1821 2099 1888 2112 --
1910 2074 2041 2132 Τούς
2064 2068 2119 2124 δὲ

528 2174 782 2247 λέγοντας,
812 2171 892 2228 ὄτι
928 2180 1132 2247 κρᾶσις,
1157 2172 1186 2230 ἢ
1216 2174 1503 2243 σύγχυσις,
1530 2168 1559 2228 ἣ
1584 2167 1780 2241 φυρμὸς
1809 2165 2002 2237 ἐγένετο
2027 2166 2121 2218 τοῦ

533 2273 662 2320 Θεοῦ
699 2266 844 2337 λόγου
884 2266 1015 2337 πρὸς
1036 2267 1124 2321 τήν
1159 2264 1343 2336 σάρκα,
1373 2259 1730 2323 καταξιωσάτω
1758 2277 1852 2311 σου
1880 2258 1910 2314 ἠ
1947 2255 2120 2308 Oswi-

480 2427 494 2443 ⁸
536 2358 651 2411 Cato:
696 2355 961 2433 προδήλως
1005 2356 1368 2425 ἐπιστομίζειν.
1401 2370 1420 2403 ι
1453 2353 1588 2407 Μετὰ
1615 2348 1668 2403 δέ
1697 2355 1857 2405 ταῦτα
1886 2346 2120 2423 Κνρίλλου

533 2454 948 2514 τελευτήσαντος,
974 2451 1235 2522 ἐπιφύεται
1256 2446 1493 2519 μοναχός
1512 2466 1590 2506 τις
1611 2447 1693 2499 καί
1715 2439 2124 2518 ἀρχιμανδρίτης

534 2547 780 2613 Εύτυχὴς
804 2542 1185 2613 ὀνομαζόμενος,
1211 2543 1297 2594 καί
1321 2541 1536 2609 ἀποσπᾷ
1564 2535 1773 2591 κατόπιν
1792 2536 1947 2589 αὐτοῦ
1970 2534 2124 2606 μέρος

535 2641 627 2692 ούκ
653 2638 813 2706 ὀλίγον
850 2641 939 2690 τοῦ
981 2636 1127 2699 λαοῦ,
1159 2639 1321 2710 κυρῶν
1361 2633 1429 2688 τά
1468 2632 1740 2707 Νεστορίου
1770 2630 1851 2681 καί
1885 2627 1942 2681 τὸ
1971 2628 2125 2680 αὐτοῦ

537 2732 753 2804 πονηρόν
787 2728 983 2801 δόγμα,
1030 2729 1229 2799 φάσκων
1268 2730 1336 2797 μή
1366 2720 1489 2779 εἶναι
1515 2728 1604 2782 τήν
1645 2722 1806 2797 σάρκα
1830 2724 1922 2773 τοῦ
1949 2719 2124 2790 κυρίου

538 2826 657 2896 ἡμῖν
694 2822 982 2894 ὁμοούσιον.
1015 2823 1102 2874 Καί
1140 2817 1199 2878 δή
1232 2819 1379 2874 πάλιν
1407 2815 1515 2890 μετ’
1548 2815 1707 2887 ὀλίγον
1736 2811 2019 2871 διαϐολικῆς
2044 2811 2127 2863 εσ-

543 2919 787 2987 χυςάσης
840 2916 1058 2989 χειρὸς,
1108 2914 1256 2988 ἑτέρα
1296 2908 1507 2970 σύνοδος
1549 2911 1597 2963 ἐν
1646 2905 1833 2978 Ἐφέσῳ
1883 2906 2130 2977 λῃστρικὴ

541 3014 622 3066 καί
643 3013 743 3081 οὐχ
772 3010 893 3065 όσία
911 3011 1122 3080 γίνεται,
1148 3004 1594 3084 παραπεμφθέντπ
1622 3001 1782 3056 ἐκεῖσε
1803 3000 1886 3054 καί
1922 2997 2130 3053 Φλαυια-

538 3111 627 3159 νοῦ
667 3100 1254 3167 Κωνσταντινουπὸλεως,
1284 3104 1375 3158 τήν
1404 3102 1584 3153 πᾶσαν
1603 3095 1831 3160 ἐξουσίαν
1860 3091 2130 3167 Διοσκόρου

540 3196 900 3271 Ἀλεξανδρείας
945 3193 1181 3263 ἔχοντος.

538 3290 673 3347 θεῖος
706 3288 1029 3361 ὑπερμαχῶν
1068 3292 1159 3342 τῆς
1203 3279 1472 3355 ὀρθοδόξου
1504 3281 1748 3341 πίστεως,
1791 3276 2129 3351 ἀνατρέπεται

542 3374 594 3431 δὲ
635 3379 665 3434 ή
712 3377 757 3430 ἐν
783 3375 971 3447 Ἐφέσῳ
1012 3376 1192 3449 πρώτη
1236 3370 1477 3437 σύνοδος,
1509 3369 1916 3441 ύπογραῲάντων
1961 3375 2129 3439 φονικῇ

543 3468 634 3541 βίᾳ
658 3473 806 3521 τινῶν
835 3463 1143 3529 ἐπισκόπων,
1174 3465 1224 3526 ἐξ
1256 3459 1322 3515 ὧν
1366 3463 1575 3535 ἐπῆρχε
1610 3458 1863 3518 Βασίλειος
1897 3456 1923 3511 ὁ
1961 3458 2131 3511 Σελευ-

545 3561 699 3619 κείας.
743 3557 1009 3612 Κάντεῦθεν
1046 3562 1144 3611 τῶν
1188 3560 1281 3610 τοῦ
1316 3555 1588 3630 Νεστορίου
1633 3554 1720 3604 καί
1756 3549 2023 3624 Διοσκόρου
2048 3550 2133 3602 καί

543 3652 813 3719 Εύτυχοῦς
853 3647 1278 3721 δημοσιευομένων
1323 3652 1548 3721 πονηρῶν
1576 3642 1858 3715 δογμάτων,
1888 3644 1969 3696 καί
2008 3640 2132 3696 πολ-

544 3744 635 3805 λῆς
666 3751 908 3818 ταραχῆς
929 3743 1212 3815 γενομένης,
1244 3739 1466 3810 μάλιστα
1501 3738 1550 3790 ἐν
1579 3744 1640 3809 τῇ
1669 3735 1903 3809 ἀνατολῇ,
1935 3734 2133 3807 φονεύε-

544 3857 629 3891 ται
654 3836 917 3912 Προτέριος
952 3832 976 3887 ό
1005 3834 1165 3905 μέγας
1197 3832 1376 3909 ἱερεύς,
1406 3833 1493 3886 καί
1536 3829 1700 3905 ἕτεροι
1730 3829 1987 3884 πλεῖστοι.
2008 3830 2135 3882 Τού-

547 3951 648 3986 των
676 3925 760 3984 οὖν
806 3928 969 3990 οὕτως
1011 3926 1253 3998 ἑχόντων,
1297 3928 1563 3981 ἀνίσταται
1601 3924 1757 3979 θεόθεν
1794 3924 2068 3997 Μαρκιανὸς
2106 3921 2134 3978 ὁ

546 4026 809 4092 Βασιλεύς,
840 4027 926 4078 καὶ
963 4022 1265 4094 συναγαγὼν
1299 4021 1347 4074 ἐν
1388 4016 1664 4076 Χαλκηδόνι
1688 4023 1777 4078 τήν
1798 4026 1895 4073 τῶν
1923 4016 2006 4089 χλ⁴
2034 4039 2138 4073 πα-

546 4121 707 4192 τέρων
735 4118 964 4182 σύνοδον,
1000 4118 1262 4191 παρόντων
1296 4118 1565 4193 Διοσκόρου
1600 4119 1686 4171 καί
1716 4118 2016 4186 Ιίύτυχοῦς,
2051 4116 2139 4169 καί

547 4213 698 4272 αὐτὸς
739 4214 1008 4288 ἐπορεύθη.
1045 4214 1146 4267 Καί
1171 4209 1595 4276 καταδικάζονται
1638 4212 1729 4280 μέν
1764 4209 2034 4283 Διόσκορος
2056 4210 2139 4261 καί

547 4306 809 4376 Εὖτυχής.
844 4309 923 4383 καὶ
953 4306 1220 4381 Νεστόριος
1246 4306 1397 4361 πάλιν
1431 4306 1866 4376 άναθεματίζεται.
1893 4299 2139 4377 Θεοδὼρι-

550 4417 633 4451 τον
663 4395 736 4463 δέ,
763 4400 845 4450 καί
883 4397 1036 4464 ἰϐάν,
1069 4400 1149 4451 καί
1174 4397 1426 4452 Βασίλειον
1452 4396 1737 4455 Σελευκείας
1761 4393 1990 4457 ἐδέξαντο
2020 4392 2141 4446 καθ-

551 4487 983 4563 υπογράύαντας,
1032 4490 1117 4542 καί
1156 4497 1247 4549 τῆς
1274 4488 1549 4563 λῃστρικῆς
1579 4483 1797 4541 συνόδου
1834 4484 2141 4558 ἀνατραπεί-

2221 1868 2545 1924 Constamus
2573 1865 2826 1921 nimirum
2874 1862 3053 1918 anima
3095 1867 3152 1917 et
3176 1873 3432 1930 corpore.
3461 1856 3541 1915 Ac
3564 1856 3806 1915 videntis

2218 1961 2353 2018 duas
2373 1970 2615 2028 naturas,
2641 1959 2799 2014 aliam
2820 1956 3080 2027 corporis,
3105 1954 3263 2010 aliam
3283 1952 3507 2031 animat;
3529 1950 3806 2009 hominem

2220 2069 2371 2121 vero,
2420 2067 2488 2108 ex
2532 2052 2815 2121 utriusque
2862 2049 3107 2105 unitione
3156 2047 3323 2116 facta,
3370 2060 3537 2102 unum
3570 2062 3588 2100 :
3638 2058 3808 2116 neque

2221 2146 2551 2221 compositio
2580 2160 2649 2201 ex
2676 2144 2885 2200 duabus
2914 2141 3122 2199 naturis
3148 2139 3335 2208 efﬁcit,
3368 2146 3430 2196 ut
3452 2154 3554 2211 pro
3582 2155 3697 2196 uno
3721 2138 3808 2195 ho-

2223 2240 2396 2295 mines
2441 2237 2577 2293 duos
2601 2236 2930 2308 cogitemus;
2961 2233 3055 2290 sed
3081 2247 3247 2290 unum
3287 2230 3372 2305 (ut
3392 2230 3526 2303 dixi)
3558 2229 3809 2299 intelligi-

2223 2349 2343 2388 mus
2368 2330 2644 2387 hominem
2669 2343 2738 2385 ex
2779 2328 2959 2383 anima
2988 2333 3044 2383 et
3083 2338 3314 2397 corpore
3337 2323 3725 2394 compositum.
3753 2320 3809 2378 Si

2229 2425 2373 2482 enim
2401 2423 2507 2479 hoc
2533 2423 2813 2491 tollamus,
2839 2436 2909 2477 ex
2937 2418 3145 2475 duabus
3165 2425 3222 2474 et
3244 2415 3625 2473 diﬂ‘erentibus
3652 2423 3808 2470 natu-

2225 2517 2300 2575 ris
2320 2530 2484 2571 unum
2504 2522 2560 2571 et
2578 2512 2904 2569 indivulsum
2925 2510 3197 2566 Christum
3217 2508 3287 2564 ab
3300 2506 3542 2563 unitione
3555 2504 3811 2572 existere,

2225 2610 2407 2666 dicent
2449 2605 2784 2664 adversarii:
2816 2603 2877 2660 Si
2904 2617 3013 2659 una
3041 2609 3233 2658 natura
3278 2600 3444 2657 totius
3479 2596 3683 2654 Christi
3713 2604 3811 2663 est,

2225 2700 2497 2772 quomodo
2539 2700 2717 2772 potuit
2764 2699 3056 2753 humanam
3110 2703 3358 2751 naturam
3406 2690 3672 2761 induere,
3726 2696 3814 2745 aut

2227 2819 2389 2875 quam
2409 2816 2627 2860 carnem
2650 2800 2752 2856 sibi
2775 2799 3048 2872 propriam
3065 2796 3364 2853 asciscere?
3389 2792 3498 2850 Eos
3511 2801 3699 2849 autem
3726 2789 3815 2863 qui

2228 2896 2412 2952 dicunt
2447 2892 3023 2963 contemperationem,
3055 2887 3424 2946 confusionem
3452 2894 3549 2943 aut
3594 2885 3817 2942 mixtio-

2232 3004 2355 3044 nem
2374 2995 2691 3043 naturarum
2713 2985 2879 3041 Vcrbi
2900 2985 2995 3041 Dei
3015 2998 3137 3040 cum
3148 2996 3313 3040 carne
3322 2980 3539 3048 factam,
3560 2979 3819 3052 palamiis

2234 3097 2332 3138 ora
2360 3082 2613 3138 obturare
2640 3086 2734 3135 tua
2779 3079 2957 3151 pietas
2978 3076 3250 3151 dignetur.
3282 3093 3301 3128 ι
3336 3073 3467 3130 Post
3493 3073 3609 3134 lac
3636 3079 3819 3131 autem

1239 3144 1254 3167 υ
1295 3144 1370 3158 ""
1408 3144 1573 3153 """"
1604 3144 1821 3160 ‘7""'"
1862 3144 1963 3147 κατ
2020 3144 2047 3167 τι

1229 3194 1331 3245 Καὶ
1371 3190 1631 3263 φονεύεται
1672 3189 1763 3257 μὲν
1802 3181 2126 3244 Φλαυιανόςό

2233 3172 2433 3245 Cyrillo
2460 3178 2697 3238 mortuo,
2721 3144 2941 3224 emersit
2968 3144 3270 3222 monachhs
3312 3162 3533 3235 quidam
3559 3169 3619 3217 et
3643 3161 3823 3217 archi-

2231 3267 2500 3323 mandrita
2524 3264 2744 3321 nomine
2762 3261 3055 3334 Eutycbes.
3088 3258 3191 3315 Hic
3215 3273 3327 3315 non
3348 3256 3601 3328 exiguam
3637 3253 3823 3328 populi

2229 3369 2444 3433 partem
2464 3359 2568 3414 sibi
2595 3356 2859 3426 adjnnxit,
2888 3352 3121 3410 Nestorii
3147 3359 3351 3412 sectam
3378 3357 3437 3405 et
3464 3347 3691 3419 impium
3712 3345 3826 3415 ejus

2233 3454 2425 3523 dogma
2473 3450 2799 3522 approbans,
2849 3463 2914 3505 ac
2961 3445 3144 3503 dicens
3194 3458 3413 3501 carnem
3453 3441 3672 3498 Domini
3719 3454 3827 3496 non

2234 3558 2357 3599 esse
2394 3540 2907 3598 consubstantialem
2934 3538 3115 3595 nobis.
3146 3535 3211 3591 Et
3236 3549 3449 3592 rursum
3476 3532 3699 3604 quidem
3721 3544 3827 3587 non

2233 3637 2404 3694 multo
2435 3643 2556 3707 post
2584 3634 2849 3691 diabolica
2878 3648 3043 3689 manu
3072 3629 3422 3703 prmvalente,
3451 3626 3597 3682 aliud
3627 3622 3828 3696 Ephesi

2236 3732 2527 3790 concilium
2546 3731 2840 3797 latronum,
2869 3734 2925 3785 et
2947 3739 3289 3797 nequaquam
3316 3728 3562 3777 sanctum
3590 3718 3827 3788 cogitur:

2235 3824 2403 3880 misso
2455 3821 2524 3877 ad
2572 3821 2627 3876 id
2675 3819 2839 3874 etiam
2886 3816 3145 3872 Flaviano
3193 3808 3831 3881 Constantinopolitano,

2238 3932 2363 3973 cum
2391 3929 2559 3986 penes
2586 3912 2905 3969 Dioscorum
2932 3906 3312 3965 Alexandrina:
3355 3904 3670 3977 episcopum
3694 3915 3834 3957 sum-

2238 4023 2327 4063 ma
2347 4021 2533 4063 rerum
2560 4005 2634 4061 ibi
2658 4011 2825 4061 esset.
2854 4000 3076 4058 Divinus
3114 4007 3297 4055 autem
3325 3996 3613 4052 Flavianus
3641 3993 3838 4050 defen-

2240 4110 2375 4165 dens
2396 4106 2756 4164 orthodoxam
2778 4103 2959 4170 ﬁdem,
2987 4100 3253 4159 occiditur
3279 4116 3293 4153 :
3325 4096 3495 4169 priori
3509 4110 3642 4152 vero
3663 4093 3839 4167 Ephe-

2241 4201 2372 4256 sinm
2408 4198 2619 4271 synodo
2665 4196 2965 4253 auctoritas
3009 4194 3325 4263 abrogatur,
3372 4186 3841 4246 subscribentibns

2242 4290 2557 4363 quihusdam
2582 4288 2852 4360 episcopis
2878 4285 3066 4342 lethali
3103 4285 3153 4340 vi
3182 4282 3493 4354 compulsis,
3517 4281 3663 4336 inter
3701 4293 3842 4351 quos

2244 4382 2342 4438 fuit
2358 4381 2521 4438 etiam
2548 4379 2776 4435 Basilius
2796 4377 3059 4434 Seleucia:
3082 4376 3389 4448 episcopus.
3421 4373 3557 4428 Hinc
3577 4387 3706 4428 cum
3737 4387 3843 4443 pu-

2243 4474 2384 4530 blice
2412 4473 2737 4529 docerentur
2775 4468 3030 4536 Nestorii,
3080 4465 3325 4523 Dioscori
3352 4472 3407 4520 et
3434 4462 3695 4535 Eutychis
3726 4477 3844 4533 per-

553 4598 649 4640 a'n:
677 4580 763 4632 καί
799 4579 1297 4651 ἔιναθεματισθείσης,
1348 4580 1419 4639 εἰς
1463 4580 1581 4648 μίαν
1621 4578 1914 4648 συμφωνίαν
1953 4573 2126 4647 ἧγαγοπ

2249 4575 2451 4632 niciosa
2509 4573 2783 4642 dogmata,
2842 4568 3129 4639 magnique
3169 4565 3467 4638 praesertim
3522 4564 3577 4618 in
3618 4562 3846 4619 Oriente

555 4670 751 4729 πάντας
782 4670 827 4724 οἱ
856 4670 981 4723 θεῖοι
1018 4671 1250 4747 πατέρες.
1277 4670 1478 4723 Τούτων
1500 4666 1553 4722 δέ
1574 4674 1673 4722 τῶν
1701 4667 1969 4742 τεσσάρων
1994 4663 2143 4720 συνό-

555 4759 655 4815 δων
693 4759 827 4815 οὕτω
861 4760 1131 4833 γενομένων
1174 4762 1261 4814 καί
1299 4757 1772 4819 ἐπιϐεϐαιωθεισῶν,
1800 4758 1885 4811 καί
1925 4775 2143 4830 κρατου-

555 4860 660 4908 σῶν
683 4854 805 4929 ἐντῇ
832 4860 923 4908 τοῦ
951 4859 1078 4908 Θεοῦ
1107 4853 1359 4927 ἐκκλησίᾳ,
1391 4852 1437 4907 οί
1456 4852 1520 4906 τά
1544 4853 1817 4924 Νεστορίου
1846 4855 2144 4923 φρονοῦντες

476 5002 480 5009 ,
558 4942 884 4999 ἐσπούδασαν
927 4940 1070 5007 αὖθις
1103 4950 1193 5005 τήν
1238 4946 1433 5021 αἵρεσιν
1476 4946 1640 5002 αὐτῶν
1668 4950 1913 5021 κρατῦναι
1943 4940 2027 4999 διά
2054 4950 2146 5003 τῆς

483 5050 491 5061 ’
557 5034 823 5109 Θεοδώρου
855 5042 946 5094 τοῦ
973 5036 1329 5111 Emineant-ia;
1350 5038 1601 5115 ἀφορμῆς.
1625 5036 1793 5104 πολλῷ
1824 5036 2034 5110 χείρονα
2054 5041 2147 5090 τοῦ

556 5129 784 5199 μαθητοῦ
816 5130 975 5186 αὐτοῦ
998 5135 1270 5208 Νιστορίου
1301 5131 1781 5204 βλασφημήσαντος.
1811 5128 1957 5185 Ὀθεν
1980 5132 2149 5185 τοίνυν

490 5230 495 5237 ’
560 5223 647 5275 καί
689 5224 832 5293 ἡμεῖς
870 5224 1254 5284 ἀκολουθοῦντες
1298 5233 1403 5286 τοῖς
1449 5226 1710 5301 ἡμετέροις
1753 5224 2014 5299 πατράσι,
2063 5224 2149 5281 καὶ

494 5326 495 5329 “
560 5314 856 5390 βουλόμενοι
881 5324 970 5377 τὴν
1000 5320 1146 5391 ὀρθὴν
1186 5319 1361 5372 πίστιν
1399 5318 1659 5374 άὶὼϐητον
1699 5315 2145 5390 διαφυλάττεσθαι,

559 5410 915 5485 προτρέπομεν
942 5412 1021 5463 καί
1048 5410 1231 5463 τούτου
1260 5409 1353 5468 τὰς
1375 5409 1702 5483 βλασφημίας
1729 5406 2145 5472 διεξετάσαντας,

562 5496 675 5552 κατ’
701 5498 859 5552 αὐτοῦ
887 5500 974 5550 καὶ
997 5503 1095 5552 τῶν
1124 5496 1412 5571 ὁμοφρόνων
1435 5500 1595 5554 αὐτοῦ
1624 5500 1993 5571 ἀποφήνασθαι.
2018 5497 2148 5569 Πρὸς

560 5588 659 5661 γάρ
709 5594 822 5647 ταῖς
864 5581 1060 5650 ἄλλαις
1096 5589 1453 5664 ἀναριθμήτοις
1506 5594 1663 5648 αὑτοῦ
1718 5589 2027 5666 δυσφημίαις
2074 5592 2148 5652 εἰς

562 5679 776 5751 Χριστόν
831 5679 915 5732 τόν
973 5680 1093 5734 Θεὸν
1133 5683 1270 5752 ἡμῶν
1308 5685 1591 5757 γενομέναις
1616 5725 1631 5751 ,
1688 5681 1835 5740 ἄλλον
1893 5678 2018 5737 εἶναι
2060 5682 2148 5737 τόν

564 5770 689 5824 Θεὸν
723 5769 868 5843 λόγον
908 5772 990 5827 καί
1013 5769 1157 5827 ἄλλον
1196 5776 1281 5830 τόν
1325 5778 1543 5853 Χριστόν
1569 5778 1671 5833 ἀπὸ
1709 5783 1808 5831 τῶν
1847 5782 1940 5836 τῆς
1962 5775 2147 5846 ψυχῆς

565 5864 760 5932 παθῶν,
792 5868 875 5921 καί
897 5873 995 5921 τῶν
1022 5875 1114 5929 τῆς
1139 5869 1329 5945 σαρκός
1360 5869 1632 5945 ἐπιθυμιῶν
1659 5869 2035 5942 ἐνοχλούμενον,
2059 5869 2146 5923 καί

2251 4667 2547 4724 existerent
2594 4662 2871 4729 tumultus,
2903 4660 3067 4717 occisi
3112 4667 3239 4717 sunt
3268 4656 3545 4714 Proterius
3582 4654 3847 4710 sacerdos

2248 4770 2493 4826 magnus,
2523 4762 2580 4809 et
2626 4753 2718 4808 alii
2745 4753 2980 4825 plurimi.
3007 4751 3085 4808 Eo
3129 4765 3311 4808 rerum
3354 4755 3500 4805 statu
3531 4746 3849 4802 Marcianus

2252 4849 2504 4906 divinitus
2525 4854 2746 4903 creatur
2766 4848 3063 4919 imperator
3094 4863 3109 4902 :
3154 4846 3247 4916 qui
3276 4850 3467 4900 coacto
3487 4840 3850 4898 Chalcedone

2254 4949 2635 5000 sexcentorum
2681 4941 2903 5010 triginta
2930 4938 3151 4995 Patrum
3177 4937 3431 5002 concilio,
3476 4936 3854 5007 praesentibus

2254 5035 2516 5091 Dioscoro
2545 5040 2602 5089 ct
2638 5031 2902 5104 Eutyche,
2935 5030 2989 5087 in
3019 5046 3086 5087 eo
3114 5046 3218 5087 una
3239 5045 3364 5086 cum
3391 5028 3523 5102 ipsis
3554 5026 3809 5090 interfuit
3834 5044 3850 5081 :

2250 5127 2429 5197 ibique
2455 5125 2777 5181 damnantur
2796 5122 3016 5193 quidem
3054 5121 3349 5179 Dioscorus
3380 5129 3437 5176 et
3464 5119 3767 5192 Eutyches,
3796 5126 3857 5174 ct

2250 5221 2442 5276 iterum
2472 5217 2752 5275 Nestorius
2772 5215 3259 5272 anathematizatur
3288 5233 3302 5269 :
3341 5213 3726 5271 Theodoretus
3754 5227 3858 5267 au-

2249 5319 2379 5379 tem,
2407 5311 2527 5367 lbas
2546 5318 2603 5366 et
2626 5309 2851 5366 Basilius
2874 5309 3138 5366 Seleuciae
3163 5309 3448 5382 episcopus
3466 5307 3673 5378 recepti
3694 5314 3859 5374 sunt,

2250 5419 2372 5461 cum
2400 5414 2582 5459 tamen
2613 5404 2779 5477 priori
2804 5403 2939 5478 [lege
2962 5404 3133 5476 prius,
3164 5402 3421 5477 urinfra]
3452 5402 3689 5459 concilio
3709 5400 3857 5456 sub-

2252 5497 2619 5568 scripsissent.
2651 5495 2719 5553 Et
2746 5497 2821 5553 ita
2848 5497 3067 5553 abolitis
3104 5495 3441 5569 praedatoria:
3465 5494 3659 5565 synodi
3709 5493 3863 5550 actis

2251 5596 2309 5642 et
2332 5587 2622 5657 damnatis,
2651 5587 2942 5645 concordia
2975 5602 3008 5644 a
3034 5587 3240 5643 sanctis
3274 5585 3526 5642 Patribus
3556 5585 3703 5641 inter
3728 5599 3864 5640 orn-

2250 5694 2348 5737 nes
2376 5679 2664 5735 conciliata
2693 5687 2795 5736 est.
2826 5679 2922 5736 His
2949 5687 3187 5751 quatuor
3213 5677 3457 5735 conciliis
3484 5678 3564 5733 sic
3592 5676 3744 5733 actis
3795 5684 3866 5736 et

2250 5771 2601 5841 conﬁrmatis,
2622 5778 2680 5827 et
2703 5771 3083 5829 auctoritatem
3122 5772 3179 5829 in
3206 5770 3451 5830 Ecclesia
3476 5770 3573 5826 Dei
3595 5769 3867 5826 obtinen-

2248 5863 2413 5938 tibus,
2435 5862 2667 5921 Nestorii
2703 5877 2963 5940 sequaces
2989 5864 3170 5926 denuo
3190 5880 3344 5925 suam
3371 5864 3624 5923 haeresim
3648 5860 3865 5925 οοιιίίτ-
