3988 6346
574 384 683 446 275

1945 385 2168 445 VIGILII

2274 386 2473 446 PAPA.
3735 391 3814 451 270
3842 421 3849 428 -

646 503 732 590 ξιαὲ
773 497 841 590 τὰ
876 502 1029 590 αὑτοῦ
1073 502 1282 590 πουηράἱ
1319 498 1582 588 δόγματα,
1630 502 1715 555 καί
1741 503 1865 590 ἔην,
1894 500 2162 590 λεγομένην

2334 508 2386 590 et
2404 500 2688 590 epistolam
2711 500 2840 590 ,ζόα
2866 501 3078 590 dictum,
3115 517 3208 588 nec
3236 516 3339 590 non
3371 499 3670 590 Theodoriti
3691 501 3813 563 librat

642 568 768 647 'I€a:_
788 572 1075 647 interula»,
1106 568 1294 647 καί’τδι
1327 568 1709 647 συγγράμματα
1737 568 2053 647 Θεοδωρίτου
2096 573 2162 630 τὰ

642 643 777 699 κατὰ
803 650 895 703 τῆς
926 644 1076 717 ὀρθῆς
1100 646 1323 705 πίστεως
1348 643 1695 719 γεγραμμένα.

642 736 933 812 Γράμματα
960 736 1101 808 ὑμῶν
1130 734 1421 807 ἐδεξάμεθα,
1454 734 1586 812 ἅπερ
1610 736 1917 810 ἀναγνῶντες
1947 736 2161 805 ἐθαυμά-

574 849 758 901 σαμεν,
777 830 912 902 ὑμᾶς
940 832 1012 899 μή
1038 830 1370 890 ἐννοήσαντας
1388 832 1480 888 την
1503 835 1595 885 τοῦ
1623 831 1800 905 κυρίου
1833 827 2164 885 διδασκαλίαν

574 922 822 993 λέγοντος,
855 939 873 973 ι
891 922 1083 978 Mitem
1104 922 1194 978 ἀπ’
1213 922 1357 994 ἐμοῦ,
1387 921 1465 979 ὅτι
1491 924 1653 998 πρᾷός
1681 926 1803 994 εἰμι,
1831 927 1917 979 καί
1936 925 2165 987 ταπεινός

576 1019 637 1086 τῇ
658 1009 857 1089 καρδίᾳ,
884 1029 903 1063 ι
931 1011 1035 1067 ἀλλ’
1052 1014 1125 1073 εἰς
1151 1019 1396 1069 τοσοῦτον
1417 1015 1788 1088 ὑπερηφανείας
1817 1016 2075 1089 ἀρθέντας,
2095 1017 2165 1076 ὡς

577 1102 767 1162 πάντας
787 1103 909 1165 τοὺς
933 1104 1091 1179 ἱερεῖς
1118 1110 1211 1164 τῆς
1243 1109 1332 1158 τοῦ
1362 1110 1489 1159 Θεοῦ
1519 1105 1785 1167 ἐκκλησίας
1809 1103 2159 1176 ἐξουδενῶσαι,

577 1195 665 1249 καί
687 1193 870 1264 μόνους
895 1194 1032 1269 ὑμᾶς
1069 1197 1255 1257 αὑτοὺς
1298 1198 1352 1251 ἐκ
1388 1200 1586 1254 πάντων
1621 1195 1910 1263 δικαιῶσαι,
1934 1199 2181 1273 καθάπερ

577 1283 760 1346 ἐκεῖνος
786 1284 813 1341 ό
836 1294 1127 1363 Φαρισαῖος,
1155 1284 1209 1351 ὃς
1234 1287 1351 1344 οὑδέ
1382 1289 1469 1345 τὸν
1498 1289 1710 1350 τελώνην
1737 1293 2037 1364 κατακρίνας
2061 1292 2191 1350 ἐδιοο

577 1377 797 1437 καιῶθη·
824 1380 911 1433 καί
936 1380 984 1433 ἐν
1022 1377 1130 1451 ὅσῳ
1157 1380 1427 1454 ἠλπίζομεν
1450 1386 1609 1453 ὑμᾶς,
1641 1380 1792 1453 ὅμοια
1835 1392 1946 1447 τοῖς
1973 1385 2167 1449 λοιποῖς

576 1469 774 1545 εερεῦσι
796 1480 1013 1545 φρονεῖν,
1042 1472 1263 1551 ηὕρομεν
1290 1474 1416 1547 παρ’
1439 1475 1647 1539 ἐλπίδας
1675 1478 1838 1534 ἐκεῖνα
1865 1480 2002 1551 ὑμᾶς
2032 1481 2166 1537 ἐκδι-

576 1566 785 1624 κοῦντας
803 1555 872 1618 τοὶ
896 1567 980 1617 καί
1006 1572 1078 1638 τῷ
1109 1552 1239 1637 eid,
1266 1567 1351 1621 καί
1369 1573 1434 1642 τῇ
1456 1568 1572 1645 ὀρθῇ
1592 1572 1768 1626 πίστει
1790 1571 2163 1645 ἐναντιούμεναο

578 1656 661 1708 καί
709 1651 846 1726 ὅμως
888 1658 1129 1715 τοιαύτην
1178 1658 1411 1711 ἀσέϐειαν
1461 1658 1802 1728 ἐκδικοῦντες,
1851 1660 2000 1725 ἴσους
2028 1666 2166 1735 ὑμᾶς

578 1748 768 1809 αὐτοὺς
804 1742 929 1803 εἶναι
968 1757 1077 1810 τοῖς
1117 1751 1422 1812 ἀποστόλοις
1466 1752 1745 1809 ὑπελάϐετε
1790 1756 2049 1830 λέγοντες,
2095 1763 2165 1828 μή

579 1836 763 1910 ὀφέλειν
791 1838 905 1893 τινά
931 1840 999 1898 ὡς
1045 1841 1314 1913 ἀγροίκους
1343 1843 1480 1911 ὑμᾶς
1518 1842 1768 1909 ὀνειδίζειν
1787 1862 1798 1874 °
1827 1845 1996 1907 ἐπειδὴ
2030 1848 2165 1904 καίὸ

577 1931 702 1991 Θεὸς
728 1931 985 2006 ἀγροίκοις
1012 1935 1324 2009 προσέταξεν
1361 1937 1627 2011 κηρύττειν
1657 1940 1714 1991 τὸ
1745 1939 2026 2012 εὐαγγέλιον
2045 1956 2058 1970 ·
2089 1943 2170 1997 καί

577 2026 720 2097 ὶμεῖς
729 2028 818 2097 μὲν
831 2029 967 2082 εἶκαὶ
981 2030 1273 2107 ἀγροίκους,
1284 2032 1352 2092 ὡς
1364 2031 1584 2105 λέγεται,
1598 2032 1734 2106 ὑμᾶς
1748 2032 1887 2107 ἐκοιλέ
1894 2054 2075 2103 σαμεν,
2084 2032 2170 2091 διὰ

580 2122 735 2173 τοῦτο
761 2117 927 2179 οὑτως
946 2118 1173 2190 εἴπομεν,
1200 2120 1373 2181 ἒπειδὴ
1393 2124 1689 2195 ἀγνοοῦντες
1710 2128 1799 2182 τὴν
1821 2125 2169 2183 ἐκκλησιαστι-

581 2212 671 2268 κήν
686 2208 829 2275 τάξιν
839 2231 895 2265 τε
910 2212 997 2265 καί
1008 2211 1297 2289 παράδοσιν
1308 2217 1391 2267 καὶ
1403 2219 1490 2273 την
1507 2214 1763 2291 όρθόδοξον
1787 2219 1978 2287 πίστιν,
1996 2221 2170 2275 τοιαὺ-

581 2320 675 2357 την
692 2301 928 2359 ἀσέϐειαν
948 2303 1207 2362 ἐκδικεῖται
1219 2304 1308 2379 [Ρ.
1326 2306 1606 2381 ἐκδικεῖτε]’
1624 2313 1744 2372 τούς
1757 2312 2076 2375 ἀποστόλους
2090 2312 2169 2383 δέ,

580 2391 672 2455 οὓς
690 2394 843 2466 ὑμεῖς
858 2398 1124 2476 ἀγροίκους
1142 2399 1361 2456 καλεῖται
1373 2398 1465 2471 [Ρ.
1481 2400 1698 2473 καλεῖτε]
1708 2444 1723 2468 ,
1736 2403 1759 2458 ό
1772 2405 1891 2464 Θεὸς
1902 2405 2168 2470 ἐπελέξατο

578 2482 770 2559 ἐαυτῷ,
808 2490 893 2544 καί
918 2493 1010 2544 τοῦ
1049 2486 1176 2544 ἰδίου
1204 2492 1494 2562 πνεύματος
1522 2495 1605 2548 καὶ
1630 2495 1852 2569 χάριτος
1878 2498 1962 2550 καί
1988 2498 2171 2569 σοφίας

579 2576 863 2651 ἐπλήρωσε,
889 2583 973 2635 καί
1009 2581 1172 2643 οὕτως
1203 2583 1392 2645 αὑτοὺς
1427 2586 1739 2651 ἀπέστειλεν,
1762 2586 1846 2641 ἵνα
1872 2582 1943 2642 τοὶ
1967 2586 2080 2648 ἔθνη
2106 2591 2173 2646 τὰ

581 2666 668 2723 τόν
694 2669 814 2723 Θεὸν
835 2671 1107 2745 ἀγνοοῦντα
1133 2673 1265 2744 πρὸς
1291 2679 1380 2735 τήν
1407 2684 1498 2736 τῆς
1520 2678 1751 2739 ἀληθείας
1775 2677 1886 2734 ὁδὸν
1910 2678 2172 2755 ὁδηγήσω-

580 2776 681 2812 σιν·
708 2757 816 2815 ὅθεν
832 2765 914 2817 καί
937 2764 1112 2825 αὐτοῖς
1132 2764 1303 2838 μόνοις
1323 2776 1436 2828 τοῖς
1452 2768 1754 2831 ἀποστόλοις
1779 2765 1937 2838 εἶπεν,
1965 2791 1983 2823 ι
2004 2782 2172 2844 Ὑμεῖς

582 2849 697 2905 ἐστε
722 2852 779 2906 τὸ
807 2859 911 2926 φῶς
933 2859 1023 2909 τοῦ
1061 2855 1271 2930 κόσμου·
1296 2874 1314 2907 ›
1349 2860 1547 2934 φανεροὶ
1571 2861 1736 2914 τοίνυν
1767 2861 1908 2926 ἐστέ,
1940 2863 2169 2942 καθάπερ

580 2938 611 2997 ὃ
639 2942 919 3007 ἀπόστολος
944 2941 1111 3025 εἶπεν,
1146 2964 1167 3000 ι
1193 2954 1265 3020 μή
1292 2936 1551 3017 νοοῦντες,
1581 2956 1709 3025 μήτε
1744 2951 1779 3008 ἃ
1814 2953 1980 3027 λέγετε
1999 2997 2011 3019 ,
2042 2936 2168 3028 μήτε

581 3037 703 3112 περί
721 3058 867 3094 τινων
890 3037 1300 3099 διαϐεϐαιοῦσθε·
1326 3062 1347 3096 ι
1373 3042 1451 3101 ὅτι
1473 3046 1782 3119 ἐτολμήσατε
1805 3052 2017 3111 καὶτοῖς
2037 3052 2169 3107 ἀπο-

548 3197 554 3201 _
581 3130 782 3192 στόλοις
796 3132 1014 3195 ἐαυτοὺς
1038 3136 1305 3204 ἐξισῶσαι,
1328 3141 1411 3193 καί
1436 3142 1555 3200 τοὺς
1571 3142 1915 3216 πατριάρχας
1934 3148 2020 3199 καί
2037 3150 2168 3203 πάν-

582 3239 677 3280 τας
700 3223 817 3283 τοὺς
835 3222 985 3300 ἱερεῖς
1001 3226 1287 3300 ἐνυϐρίσαι.
1310 3234 1561 3282 Τοσοῦτον
1575 3226 1628 3282 δὲ
1643 3236 1732 3288 τήν
1754 3231 2169 3293 ἐκκλησιαστικήν

586 3311 910 3368 κατάστασιν
953 3315 1037 3368 οὑκ
1072 3317 1345 3389 ἄφυλάξατε
1363 3361 1376 3385 ,
1407 3316 1486 3373 ὅτι
1515 3316 1604 3389 [Ρ.
1632 3318 1790 3390 ὥστε]
1820 3323 1878 3378 τὸ
1906 3325 1953 3375 ἐν
1996 3324 2170 3395 μηδενὶ

586 3401 765 3473 χρόνῳ
806 3404 1066 3476 γενόμενον
1108 3408 1208 3462 ὑπὸ
1256 3418 1561 3487 Χριστιανῶν
1587 3412 1901 3484 ἐτολμήσατε
1940 3425 2167 3475 ποιῆσαι.

584 3493 785 3549 Πάντων
826 3500 929 3572 γὰρ
963 3505 1063 3554 τῶν
1081 3499 1495 3577 ἓμακαριωτάτων
1539 3513 1880 3581 πατριαρχῶν
1920 3513 2009 3566 την
2044 3511 2172 3583 πρὸς

585 3584 832 3649 ἀλλήλους
874 3590 1052 3645 ἕνωσιν
1096 3592 1320 3663 ἐχόντων
1360 3592 1521 3655 οὐδείς
1552 3595 1733 3651 ἑαυτὸν
1774 3605 1865 3658 τῆς
1908 3600 2171 3662 καθολικῆς

587 3674 857 3739 ἐκκλησίας
892 3677 1165 3757 ἐχώρισεν,
1197 3685 1241 3738 εἰ
1282 3689 1353 3755 μὴ
1382 3692 1604 3760 φανερῶς
1631 3689 1855 3760 αἷρετικὴ
1895 3693 2052 3760 μανία
2080 3714 2171 3746 κα-
2196 3700 2197 3703 “

584 3768 818 3839 τιίχετο*
867 3767 996 3845 ὅπερ
1048 3774 1196 3846 ὑμεῖς
1229 3776 1313 3831 ἐπὶ
1349 3783 1439 3831 τοῦ
1475 3777 1729 3854 παρόντος
1776 3789 1939 3836 ποιεῖν
1980 3784 2173 3838 ἐσπου-

587 3854 804 3915 δάσατε·
833 3862 938 3917 ἀλλ’
956 3865 1001 3917 εί
1023 3868 1106 3919 καί
1134 3872 1288 3923 τοῦτο
1310 3868 1508 3941 γέγονεν
1537 3870 1657 3943 παρ’
1675 3874 1840 3943 ὑμῶν,
1864 3871 2000 3942 ὅμως
2028 3878 2171 3944 ἡμεῖς

585 3951 648 4006 οὐ
690 3951 959 4024 παυόμεθα
986 3961 1095 4011 πᾶν
1119 3956 1147 4011 ὃ
1188 3980 1238 4013 τι
1275 3954 1361 4013 οὖν
1390 3961 1520 4033 πρὸς
1550 3962 1890 4036 ἐπανόρθωσιν
1919 3966 2171 4041 ὑμετέραν

583 4044 669 4099 καί
708 4052 973 4109 ποιοῦντες
1021 4053 1107 4104 καί
1131 4052 1428 4126 γράφοντες.
1457 4052 1656 4113 Ἐπειδή
1693 4059 1862 4109 τοίνυν
1909 4057 2169 4129 ἐγράψατε

581 4130 826 4208 λέγοντες,
852 4135 937 4195 διὰ
961 4148 1116 4196 τοῦτο
1135 4144 1270 4213 ἡμᾶς
1320 4142 1548 4202 σπουδὴν
1592 4148 1906 4205 ποιήσασθαι
1954 4150 2020 4203 τὰ
2057 4152 2171 4225 τρία

582 4233 752 4285 ταῦτα
804 4230 1050 4305 κεφάλαια
1111 4234 1571 4301 καταδικασθῆναι,
1624 4240 1863 4296 τουτέστι
1911 4239 2168 4318 Θεόδωρον

584 4322 715 4407 μετὰ
739 4328 840 4379 τῶν
866 4327 1056 4386 οἰκείων
1084 4332 1516 4407 συγγραμμάτων,
1547 4334 1629 4386 καί
1650 4337 1742 4392 την
1765 4333 2032 4406 λεγομένην
2058 4334 2170 4391 ’Ἰϐα

582 4406 883 4503 ἐπιστολήν,
924 4419 1007 4471 καί
1049 4421 1117 4475 τά
1166 4406 1482 4498 Θεοδωρίτου
1534 4425 1947 4503 συγγράμματα,
1990 4429 2070 4483 ἵνα
2112 4428 2170 4483 τό

582 4501 777 4575 θέλημα
798 4505 1038 4583 πληρωθῇ
1064 4516 1166 4564 τῶν
1210 4512 1313 4566 ἀπὸ
1341 4522 1434 4574 τῆς
1460 4501 1724 4575 naechmis
1762 4516 2025 4578 ἐκκλησίας
2050 4518 2171 4573 ἐαυ-

581 4594 706 4655 τοὺς
748 4599 1113 4673 χωρισάντων,
1141 4604 1415 4672 γινώσκετε
1456 4601 1534 4659 ὅτι
1580 4608 1725 4677 ἡμεῖς
1765 4610 1821 4660 οὑ
1873 4607 1935 4663 δι’
1952 4610 2167 4669 ἐκείνους

2198 1897 2249 1957 B‘

2196 3275 2244 3340 C

2335 580 2521 644 contra
2548 574 2860 630 catholicam
2885 574 3064 644 fidem,
3092 574 3300 643 scriptio
3327 581 3710 644 prapugnantes
3734 586 3770 630 ⁸.

2327 642 2570 700 Litteras
2594 653 2803 703 vestras
2828 642 3163 719 accepimus,
3194 642 3335 713 quas
3366 642 3508 700 cum
3530 644 3813 715 legeremus,

2264 732 2615 790 vehementer
2642 734 2824 791 mirati
2842 750 3046 801 sumus,
3071 749 3169 790 vos
3188 733 3413 789 minime
3440 732 3509 789 ad
3528 748 3656 788 eam
3680 733 3817 793 domi-

2264 827 2441 884 nicam
2463 828 2856 886 institutionem
2882 830 3227 885 advertentes
3242 828 3502 895 animum,
3522 844 3627 900 qua
3649 827 3817 887 dictum

2266 929 2395 989 est:
2420 920 2619 977 Discite
2660 939 2691 975 ιι
2741 938 2823 976 me
2860 920 2979 994 quia
3021 920 3160 975 milia
3208 936 3323 975 sum
3361 928 3411 974 et
3453 918 3656 975 humilis
3700 922 3818 976 corde

2268 1010 2594 1087 (Manium,
2637 1010 2752 1085 29),
2784 1013 2839 1068 in
2868 1013 2919 1068 id
2948 1011 3144 1081 fastigii
3173 1026 3297 1068 esse
3324 1011 3586 1079 sublatos,
3615 1020 3677 1067 ut
3704 1012 3819 1068 nihili

2266 1105 2541 1161 faciendos
2581 1105 2865 1164 universos
2886 1104 3143 1161 Ecclesiae
3162 1102 3261 1160 Dei
3285 1105 3556 1161 antistites
3577 1103 3818 1176 judicetis,

2265 1215 2366 1257 vos
2392 1208 2575 1256 autem
2623 1199 2799 1256 solum
2836 1213 2949 1270 prae
2993 1197 3203 1256 ueteris
3233 1196 3497 1268 justitiam
3535 1206 3821 1253 consecutos

2267 1307 2389 1352 esse
2410 1290 2776 1359 arbitremini;
2796 1289 2912 1360 ejus
2931 1297 3220 1360 propterea
3241 1286 3496 1343 Pharisaei
3523 1287 3744 1353 similes,
3763 1290 3820 1359 qui

2259 1387 2578 1459 justiﬁcatus
2625 1402 2731 1441 non
2776 1393 2871 1450 est,
2917 1382 3054 1453 quod
3097 1381 3429 1454 publicanum
3468 1380 3823 1435 condemnasset

2265 1477 2555 1550 iniquitatis
2587 1475 2737 1549 (Luc.
2765 1491 2915 1543 xvm,
2949 1474 3061 1544 14).
3094 1474 3343 1545 Cumque
3362 1485 3461 1527 vos
3487 1469 3634 1527 haud
3662 1470 3728 1547 ab
3754 1484 3822 1523 cae-

2268 1568 2399 1624 teris
2420 1567 2795 1623 sacerdotibus
2821 1565 3100 1621 dissimilia
3129 1563 3405 1635 sapienter
3434 1561 3637 1618 sentire
3674 1574 3822 1631 spera-

2266 1676 2468 1727 remus,
2513 1659 2794 1731 inopinato
2837 1657 3160 1723 invenimus,
3191 1656 3442 1727 dogmata
3484 1669 3515 1708 a
3555 1652 3708 1709 vobis
3733 1668 3824 1707 cum

2270 1752 2386 1808 Deo
2414 1758 2671 1821 rectaque
2701 1748 2803 1806 [ide
2833 1749 2953 1821 ejus
2980 1747 3273 1820 pugnantia
3295 1745 3570 1814 sustineri,
3596 1743 3825 1813 simulque

2244 1844 2537 1919 ejusmodi
2584 1844 2920 1915 impietatem
2964 1841 3112 1898 omni
3160 1847 3360 1896 conatu
3405 1838 3767 1902 defendentes,
3788 1834 3823 1889 id

2270 1940 2426 1995 vobis
2474 1937 2724 2010 praesidio
2773 1949 3005 2002 sumere,
3055 1933 3201 2004 quod
3248 1932 3508 2004 apostolis
3554 1944 3713 2001 pares
3755 1941 3824 1982 vos

2270 2045 2390 2086 esse
2412 2027 2646 2099 jactetis,
2678 2041 2853 2097 neque
2876 2026 2955 2080 fas
2981 2037 3119 2091 esse,
3150 2030 3209 2078 ut
3238 2038 3268 2077 a
3296 2021 3550 2093 quopiam
3579 2018 3825 2091 imperitia

2271 2128 2435 2189 atque
2493 2119 2741 2175 ruditatis
2806 2112 3311 2188 reprehendamini,
3368 2120 3659 2185 propterea
3713 2106 3824 2179 quod

2273 2211 2446 2266 Deum
2473 2210 2639 2265 etiam
2689 2208 2805 2278 ipse
2845 2206 3068 2262 rudibus
3109 2212 3271 2277 atque
3300 2202 3603 2273 agrestibus
3632 2195 3826 2256 homini-

2272 2302 2372 2359 bus
2419 2299 2752 2356 mandaverit
2800 2297 3076 2367 Evangelii
3131 2290 3214 2352 sui
3267 2295 3723 2366 praedicationem.
3773 2291 3825 2346 Ac

2271 2410 2371 2450 nos
2399 2392 2615 2463 quidem
2636 2434 2652 2460 ,
2677 2406 2800 2446 cum
2828 2397 3067 2459 agrestes
3088 2402 3185 2444 vos
3225 2386 3659 2453 nominaremus,
3688 2398 3747 2438 ea
3770 2380 3826 2437 usi

2272 2499 2455 2541 sumus
2485 2480 2740 2552 loquendi
2781 2479 3015 2545 ratione,
3043 2485 3335 2549 propterea
3361 2475 3504 2547 quod
3533 2472 3827 2530 ecclesiasti-

2273 2591 2366 2633 cas
2404 2572 2616 2644 regulas
2656 2579 2819 2641 atque
2849 2569 3166 2624 traditiones
3193 2567 3558 2638 negligentes,
3591 2564 3830 2635 ipsiusque

2273 2664 2591 2723 orthodoxa:
2619 2662 2740 2718 ﬁdei
2763 2660 3018 2732 imperiti,
3045 2674 3165 2715 eam
3192 2658 3525 2729 impietatem
3553 2667 3830 2725 propugna-

2269 2759 2420 2816 retis.
2454 2756 2746 2829 Apostolos
2773 2766 3027 2823 namque,
3057 2767 3192 2821 quos
3225 2750 3378 2805 vobis
3408 2755 3649 2816 agrestes
3675 2742 3831 2816 appel-

2272 2852 2386 2908 lare
2415 2850 2569 2906 libuit
2596 2848 2698 2905 sibi
2729 2846 3003 2917 praeelegit
3030 2843 3203 2911 Deus,
3235 2842 3547 2915 Spirituque
3574 2854 3673 2895 suo
3700 2847 3832 2908 atque

2272 2943 2538 3015 sapientia
2566 2941 2814 3012 replevit,
2860 2953 3031 3009 eaque
3074 2936 3286 2991 ratione
3325 2940 3655 3005 praeparatos
3692 2930 3831 2994 misit,

2272 3044 2333 3093 ut
2361 3034 2609 3106 gentibus
2629 3047 2748 3102 quae
2770 3032 3021 3101 ignorant
3054 3028 3246 3095 Deum,
3276 3025 3440 3080 duces
3470 3030 3651 3079 essent
3678 3020 3741 3076 ad
3766 3036 3833 3074 sc-

2273 3129 2461 3185 mitam
2489 3126 2749 3183 veritatis.
2782 3124 2967 3194 Itaque
2998 3120 3270 3191 Apostolis
3311 3116 3442 3189 ipsis
3472 3118 3631 3172 unice
3659 3114 3833 3170 dictum

2274 3230 2358 3277 est
2389 3239 2401 3275 :
2444 3220 2549 3277 Vos
2578 3222 2697 3275 estis
2726 3218 2817 3272 lux
2847 3216 3029 3271 mundi
3062 3212 3276 3286 (Matth.
3311 3227 3360 3277 v,
3395 3208 3507 3280 li),
3541 3207 3699 3264 lucidi
3725 3221 3835 3277 ergo

2275 3318 2470 3378 estote,
2502 3308 2952 3381 quemadmodum
2994 3305 3124 3376 ipsis
3154 3306 3347 3358 iterum
3378 3301 3681 3371 subjectum
3713 3308 3785 3354 est
3810 3313 3834 3351 a

2275 3402 2504 3457 Domino
2538 3419 2551 3455 :
2585 3399 2766 3456 Nolite
2805 3401 3054 3470 cogitare,
3102 3411 3261 3467 neque
3296 3394 3419 3465 quid
3448 3394 3743 3466 loquamini,
3768 3408 3836 3445 ne-

2274 3511 2370 3567 que
2398 3511 2499 3566 qua
2528 3493 2591 3548 de
2620 3509 2675 3547 re
2704 3493 2862 3546 laturi
2892 3490 3005 3543 sitis
3036 3488 3385 3543 testimonium
3418 3485 3635 3557 (Matth.
3665 3501 3715 3551 κ,
3739 3482 3837 3553 29).

2273 3586 2403 3640 Ausi
2451 3584 2582 3641 estis
2630 3582 2987 3652 vosmetipsos
3038 3578 3296 3650 apostolis
3345 3592 3690 3648 comparare,
3737 3590 3838 3630 out-

2274 3690 2480 3746 nesque
2518 3677 2829 3731 sacerdotes
2868 3652 3062 3742 injuria
3092 3672 3361 3726 lacessere
3391 3686 3499 3725 non
3530 3670 3657 3725 estis
3684 3668 3836 3733 veriti,

2274 3776 2436 3839 atque
2467 3767 2602 3823 adeo
2626 3782 2657 3821 a
2685 3767 2838 3822 vobis
2867 3763 3123 3833 neglecta:
3162 3772 3288 3819 sunt
3333 3762 3706 3818 ecclesiasticae
3732 3775 3838 3815 san-

2274 3864 2501 3930 ctiones,
2527 3871 2584 3917 ut
2606 3861 2661 3917 id
2686 3860 2863 3916 moliri
2886 3860 3283 3930 per'summam
3308 3856 3588 3911 audaciam
3616 3856 3839 3910 institue-

2273 3957 2419 4021 ritis,
2450 3952 2594 4023 quod
2622 3952 2768 4007 nulla
2799 3966 3035 4022 unquam
3064 3950 3380 4007 Christianm
3408 3934 3679 4018 religionis
3702 3952 3839 4001 mtate

2274 4048 2389 4104 ﬁeri
2418 4063 2449 4102 a
2479 4047 2732 4117 quopiam
2777 4052 3041 4101 tentatum
3084 4051 3185 4100 est.
3240 4043 3572 4099 Beatissimis
3617 4038 3842 4096 videlicet

2272 4136 2594 4208 patriarchis
2614 4144 2854 4192 mutuam
2880 4135 3225 4191 traditionem
3248 4133 3394 4189 omni
3418 4142 3661 4203 tempore
3686 4128 3838 4184 invio.

2273 4231 2439 4286 latam
2490 4229 2729 4285 vicissim
2777 4227 3225 4297 custodientibus,
3282 4241 3442 4281 nemo
3474 4240 3719 4295 unquam,
3750 4220 3840 4275 nisi

2273 4323 2364 4394 qui
2393 4321 2570 4392 palam
2600 4320 2849 4376 haeretica
2877 4320 3099 4376 vesania
3138 4326 3329 4389 captus
3373 4325 3538 4386 esset,
3569 4313 3839 4371 Ecclesiam

2273 4411 2560 4468 schismate
2588 4408 2790 4472 divisit,
2822 4408 2967 4479 quod
3005 4422 3104 4463 vos
3150 4406 3631 4478 impraesentiarum
3679 4410 3732 4458 ut
3759 4398 3840 4453 ﬁe-

2272 4518 2356 4568 ret
2403 4509 2704 4567 curavistis.
2738 4507 2837 4565 Cui
2864 4507 3080 4580 quidem
3128 4507 3273 4563 malo
3321 4506 3468 4577 quod
3519 4514 3732 4576 patrare
3758 4514 3838 4568 ag-

2272 4611 2442 4680 gressi
2470 4610 2633 4678 estis,
2659 4616 2720 4663 ut
2742 4607 2843 4678 ipsi
2873 4606 3201 4675 medeamur,
3231 4606 3541 4662 vehementi
3573 4602 3839 4673 ﬂagramus

580 4685 891 4760 ἐποιήσαμεν
936 4696 1109 4756 τοῦτο,
1135 4692 1261 4749 ἀλλὰ
1303 4702 1505 4770 πρῶτον
1543 4700 1634 4766 μὲν
1677 4696 1761 4753 διὰ
1788 4704 1878 4757 τήν
1924 4702 2166 4757 ἀσέϐειαν

2270 4703 2558 4769 desiderio,
2602 4702 2694 4771 qui
2742 4702 2996 4755 nimirum
3036 4714 3202 4771 opere
3242 4713 3306 4754 ac
3350 4698 3565 4768 scriptis
3604 4697 3656 4752 id
3694 4706 3838 4749 unum

580 4783 689 4834 τῶν
716 4781 1090 4853 προειρημένων
1125 4784 1425 4855 κεφαλαίων,
1466 4786 1649 4844 ἔπειτα
1695 4788 1749 4845 δέ
1772 4831 1785 4853 ,
1816 4788 1893 4847 ὅτι
1933 4796 2063 4853 τινὲς
2107 4795 2165 4849 τὸ

580 4873 856 4949 Νεστορίου
880 4869 1038 4945 ὄνομα
1063 4881 1264 4946 σιωπᾷν
1290 4881 1724 4951 προσποιούμενοι
1754 4880 1838 4937 διὰ
1865 4890 1964 4937 τῶν
1993 4905 2167 4957 προει-

577 4961 833 5035 ρημένων,
877 4964 1031 5019 αὑτὸν
1084 4966 1351 5044 Νεστόριον
1409 4970 1492 5023 καὶ
1533 4974 1622 5028 τήν
1674 4971 1964 5036 κακοδοξίαν
2012 4977 2164 5030 αὑτοῦ

578 5052 867 5126 εἰσαγαγεῖν
903 5056 1208 5132 ἐπεχείρουν
1232 5065 1323 5119 τήν
1350 5061 1590 5116 ἀσέϐειαν
1615 5069 1714 5117 τῶν
1738 5066 2014 5138 κεφαλαίων
2045 5070 2163 5123 τοὺ-

574 5163 678 5200 των
702 5152 767 5219 τῇ
796 5147 1026 5221 καθολικῇ
1051 5150 1296 5227 ἐκκλησίᾳ
1322 5158 1733 5230 προσάπτοντες.

2269 4795 2661 4859 contendimus,
2693 4799 2753 4848 ut
2783 4791 3131 4861 resipiscatis.
3162 4789 3280 4846 Jam
3309 4806 3460 4857 vero,
3493 4805 3616 4845 cum
3638 4789 3689 4844 in
3717 4786 3838 4841 hanc

2270 4886 2596 4943 sententiam
2636 4885 2977 4955 scripseritis,
3025 4899 3055 4939 a
3094 4884 3250 4940 nobis
3295 4883 3579 4957 diligenter
3616 4888 3838 4937 curatum

2269 4993 2409 5044 esse,
2460 4987 2518 5033 ut
2560 4978 2660 5032 tria
2710 4977 2823 5033 haec
2865 4977 3115 5049 capitula,
3159 4976 3475 5033 Theodorus
3502 4975 3705 5033 scilicet
3733 4984 3841 5026 cum

2269 5070 2482 5140 scriptis
2511 5069 2640 5134 suis,
2675 5067 2901 5139 epistola
2940 5084 3062 5139 qua:
3112 5068 3216 5123 Ihm
3259 5068 3476 5133 dicitur,
3516 5061 3844 5122 Theodoriti-

2270 5176 2376 5232 que
2412 5163 2614 5233 pariter
2650 5161 2851 5231 scripta
2879 5160 3392 5226 condemnarentur,
3435 5160 3542 5215 hoc
3569 5159 3769 5219 animo,
3795 5158 3846 5207 ut

2265 5254 2531 5311 voluntati
2554 5263 2752 5310 nostra:
2783 5252 2939 5309 ﬁeret
2967 5253 3115 5320 satis,
3145 5252 3290 5323 quod
3315 5251 3623 5308 incredibili
3653 5244 3847 5319 cupidi-

576 5337 690 5389 tate
740 5333 1185 5407 incenderemur,
1244 5349 1306 5397 ut
1358 5358 1391 5400 a
1447 5343 1717 5402 catholica
1773 5356 2155 5418 separarentur
2208 5344 2450 5404 Ecclesia
2514 5366 2527 5401 :
2595 5346 2936 5416 cognoscite,
3001 5344 3060 5400 id
3119 5346 3341 5417 minium
3386 5360 3417 5398 a
3464 5343 3619 5399 nobis
3670 5352 3849 5396 eorum

574 5436 743 5481 causa
786 5420 987 5484 factum
1030 5423 1224 5497 fuisse;
1266 5433 1364 5488 sed
1403 5433 1579 5504 primo
1621 5435 1838 5505 quidem
1884 5438 2029 5507 quod
2068 5439 2307 5509 graviter
2349 5438 2602 5495 commoti
2645 5452 2887 5493 essemus
2932 5451 3119 5492 eorum
3159 5435 3518 5506 capitulorum
3558 5434 3848 5505 impietate,

573 5526 702 5590 post
719 5525 926 5591 autem,
945 5523 1072 5594 quia
1096 5538 1208 5581 non
1234 5524 1536 5594 defuerant,
1572 5528 1669 5598 qui
1706 5544 1996 5601 suppresso
2035 5531 2268 5587 Nestorii
2296 5531 2548 5598 nomine,
2594 5528 2829 5585 Nestorii
2875 5537 3054 5584 tamen
3096 5527 3374 5583 studentes
3401 5527 3677 5599 partibus,
3710 5536 3854 5579 erro-

572 5623 734 5670 neam
778 5613 899 5687 ejus
943 5614 1107 5674 ﬁdem
1145 5617 1406 5676 inducere
1460 5622 1797 5692 niteremur,-
1822 5620 2187 5698 Ecclesiaeun
2214 5625 2453 5683 tribuere
2506 5640 2612 5680 non
2639 5632 2953 5681 vererentur
2978 5630 3190 5679 ‘eorum
3231 5622 3469 5694 capitum
3498 5623 3851 5693 impietatem.

646 5781 675 5810 ι
854 5771 1071 5857 quidem
1096 5776 1345 5857 epistola,
1371 5795 1492 5857 cum
1516 5782 1762 5857 omnibus
1783 5782 1956 5838 adhuc
1978 5784 2161 5857 ignota

573 5842 813 5931 latuerit,
842 5842 1240 5931 plurimumque
1256 5842 1752 5931 reiecclesiasticie
1780 5842 2161 5931 promovendae

558 5914 1015 6003 Iconieraﬂt,'n_uu‘e
1040 5914 1442 6003 additnuLatina
1470 5914 1922 6003 versipne,_jua_xp
1946 5926 2160 6003 elegan-

556 5990 663 6051 ltet'
685 5988 918 6050 coniecit
953 5987 1177 6055 Clarias.
1214 5991 1579 6054 Dominicanae
1605 5987 1821 6053 familiie
1860 5987 2155 6053 Monachus

2264 5783 2350 5855 Jo.
2386 5783 2694 5855 Dominicus
2733 5781 2989 5855 Stratico,
3025 5782 3088 5855 in
3132 5780 3541 5855 lucem_p_rpd_it,
3574 5792 3856 5855 exAreceuj

2263 5852 2415 5908 sicne
2442 5853 2505 5909 V.
2536 5852 2616 5908 Cl.
2650 5853 2838 5921 Angeli
2864 5851 2997 5909 Mar.
3025 5851 3272 5909 Bandini.
3301 5848 3434 5911 IIU.
3461 5848 3856 5910 D.‘etC:esarei

2261 5923 2513 5991 Nealcen:
2540 5922 2879 5987 bibliotheca
2906 5923 3165 5996 praefecti.
3236 5992 3239 5993 ν
