3988 6346
242 246 336 304 177

1375 245 1746 303 JUSTINIANI
1781 244 1922 300 IMP.
1961 242 2308 302 EPISTOLA.

3372 227 3516 332 9-1εῇ

298 365 382 422 Διά
400 369 548 420 τοῦτο
564 361 741 433 ἧμεῖς,
770 361 816 417 εἰ
843 364 932 418 καί
954 365 1142 438 φανερά
1166 360 1398 424 in}.er
1441 365 1604 420 αὐτῶν
1645 386 1790 440 κεφα-

1973 363 2289 434 Quanquam
2320 364 2486 436 igitur.
2509 365 2868 438 capitulorum
2897 363 3154 436 iniquitas
3195 363 3484 422 manifesto

238 458 367 516 λαίων
401 455 625 523 ἀσέϐεια,
656 452 797 528 ὅμως
836 460 1170 532 ῆρωτιόσαμεν
1213 457 1335 518 τοὺς
1375 457 1524 534 ἱερεῖς
1568 467 1659 520 τῆς
1695 465 1787 515 τοῦ

238 548 646 610 Θιοῦέκκλησίας,
662 552 713 603 τί
733 551 854 626 περὶ
881 550 1074 605 τούτων
1101 556 1385 624 φρονοῦσιν
1410 551 1456 606 οἶ
1479 573 1611 615 τινες
1633 551 1791 618 δεῖξαι

238 642 522 716 βουλόμενοι,
553 638 632 698 ὅτι
660 646 751 701 τήν
775 643 1014 702 τοιαύτην
1041 641 1274 700 ἀσέϐειαν
1295 646 1327 704 ἦ
1353 645 1582 706 καθολικῆ
1623 647 1792 707 ἐκκλη-

237 743 316 794 σία
341 733 462 802 οὐδέ⁸
486 733 627 807 ἔσχε
673 738 817 802 ποτέ,
849 734 961 792 ούδέ
1001 735 1139 808 ἔχει,
1172 736 1511 796 κατεδίκασαν
1535 742 1619 795 καί
1646 741 1791 796 αὐτοὶ

234 827 542 888 τόντοιαύτην
555 825 876 898 δυσσέϐειαν,
896 829 1123 902 ἐξαρχῆς
1141 830 1244 885 ὑπὸ
1263 837 1362 886 τῶν
1381 830 1538 905 ἁγίων
1557 833 1791 910 πατέρων

235 917 718 992 καταδεδχκασμένην·
751 917 864 976 ούδὲ
908 922 1009 994 γὰρ
1036 922 1080 976 οἱ
1107 930 1198 984 τῆς
1233 922 1495 985 καθολικῆς
1523 925 1791 989 ἐκκλησίας

233 1010 571 1084 κεχωρισμένοι
621 1014 740 1090 περί
793 1012 986 1068 τούτων
1028 1019 1126 1068 τῶν
1166 1013 1441 1086 κεφαλαίων
1487 1015 1630 1086 λόγον
1676 1019 1790 1076 τενά

233 1109 485 1170 ποιοῦνται,
519 1101 707 1164 εἰδότες
738 1101 819 1161 ὅτι
845 1109 1018 1162 ταῦτα
1047 1103 1206 1178 οὐδεὶς
1237 1104 1448 1164 δύναται
1476 1116 1786 1184 χριστιανοῦ

231 1199 546 1275 προσηγορίαν
594 1195 730 1269 ἔχων
764 1195 1000 1265 ἐκδικεῖν,
1031 1199 1152 1254 ἀλλά
1197 1207 1270 1274 τῷ
1308 1197 1412 1275 ὅρῳ
1452 1203 1789 1258 ἐναντιοῦνται

229 1297 308 1350 τῆς
338 1288 478 1361 ἁγίας
519 1290 574 1346 ἐν
610 1289 883 1350 Χαλκηδόνι
929 1291 1170 1360 συνόδου,
1194 1301 1266 1364 τῷ
1304 1297 1422 1370 περὶ
1448 1302 1540 1355 τῆς
1567 1299 1790 1358 πίστεως

230 1384 557 1457 προενεχθέντι
585 1384 716 1459 πρὸς
744 1385 1041 1461 κατάκρισιν
1061 1389 1358 1463 Νεστορίου,
1379 1391 1467 1444 καί
1485 1391 1620 1450 Εὐ.)
1627 1395 1785 1462 χοῦς,

228 1478 300 1530 καί
323 1483 408 1535 τῆς
446 1477 621 1530 αὐτῶν
666 1478 935 1539 ἀπιστίας.
959 1479 1020 1533 Οἱ
1045 1481 1140 1558 γὰρ
1165 1487 1272 1541 τοῖς
1303 1481 1472 1556 ὀρθοῖς
1495 1488 1585 1541 τῆς
1613 1481 1788 1540 ἐκκλη-

226 1567 328 1628 σίας
337 1568 704 1638 ἐναντιούμενοι
730 1567 1000 1642 δόγμασιν,
1026 1571 1352 1641 ἐπιθυμοῦσα
1367 1574 1553 1632 μᾶλλον
1572 1577 1637 1630 τὰ
1655 1596 1786 1646 μνη-

224 1657 498 1726 μονευθέντα
507 1659 680 1718 ἀσεϐῆ
701 1661 946 1734 κεφάλαια
969 1662 1175 1720 ἐκδικεῖν
1194 1669 1285 1723 τήν
1300 1665 1447 1739 ἁγίαν
1457 1672 1548 1722 τοῦ
1563 1672 1690 1723 Θεοῦ
1707 1669 1785 1721 ἐκ·

1894 463 2138 530 pateret,
2167 463 2351 512 tamen
2378 457 2546 514 nihilo
2574 459 2750 514 secius
2776 457 3030 515 Ecclesiae
3069 447 3167 514 Dei
3215 457 3484 514 antistites

1894 550 1949 604 in
1978 565 2142 604 unum
2169 557 2528 620 congregatos
2557 550 3005 620 interrogavimus
3030 550 3157 622 quid
3184 551 3252 606 de
3275 550 3361 608 his
3385 551 3486 608 de-

1892 647 2180 696 cernerent
2201 654 2321 696 esse
2349 639 2724 708 sentiendum;
2747 640 2840 712 qui
2868 655 2990 697 cum
3010 641 3296 713 perspicuo
3321 642 3482 698 testi-
3535 655 3541 660 '

1892 728 2077 784 monio
2123 729 2413 786 ostendere
2460 729 2662 785 vellent
2709 729 2973 800 ejusmodi
3019 745 3252 798 errores,
3302 747 3482 802 neque

1892 820 2150 878 Ecclesiae
2194 822 2449 895 probari,
2480 837 2657 894 neque
2684 822 2796 878 ullo
2816 835 3054 893 unquam
3080 829 3326 894 tempore
3349 838 3483 893 pro-

1890 909 2049 968 batos
2077 926 2230 980 esse;
2258 927 2379 969 eam
2408 912 2741 983 impietatem
2770 913 2925 968 initio
2953 927 2987 969 a
3005 912 3208 970 sanctis
3229 911 3480 969 Patrihus

1888 1005 2311 1076 praedamnatam
2334 1020 2433 1062 suo
2456 1019 2644 1062 omnes
2666 1004 2917 1075 suil'ragio
2935 1019 3123 1061 rursus
3147 1003 3468 1074 proscripseo

1891 1104 2036 1152 runt.
2070 1096 2172 1165 Qui
2203 1113 2366 1170 porro
2393 1099 2463 1154 ob
2494 1098 2654 1154 trium
2683 1098 3040 1170 capitulorum
3083 1096 3475 1163 defensionem,

1889 1189 1985 1250 ab:
2003 1188 2245 1247 Ecclesia
2292 1190 2448 1246 divisi
2497 1198 2653 1258 sunt,
2703 1189 2742 1246 ii
2789 1197 2968 1246 tacent
3022 1189 3284 1246 omnino:
3317 1187 3480 1259 plane

1890 1293 2127 1348 namque
2177 1280 2501 1350 intelligunt,
2545 1280 2765 1336 minime
2802 1294 2965 1352 posse
3011 1279 3125 1336 hac
3171 1279 3240 1336 ab
3271 1293 3345 1336 eo
3382 1277 3481 1349 qui

1887 1371 2224 1429 Christianus
2285 1373 2596 1428 nominetur
2653 1371 2898 1438 defendi;
2964 1378 3221 1426 caeterum
3285 1375 3480 1442 aperte

1887 1483 2088 1531 sancta:
2107 1472 2534 1529 Chalcedonensi
2567 1471 2771 1542 synodo
2793 1472 3161 1537 adversantur,
3184 1483 3303 1540 quae
3324 1467 3478 1524 Fidei

1888 1566 2192 1623 doctrinam
2223 1563 2466 1620 deﬁnivit
2493 1563 2548 1618 in
2574 1562 2826 1631 Nestorii,
2856 1561 3173 1633 Eutychetis
3199 1573 3476 1617 errorum-

1890 1673 1997 1728 que
2025 1657 2092 1714 ab
2122 1659 2252 1729 ipsis
2281 1658 2621 1712 invectorum
2656 1654 3183 1711 condemnationem.
3215 1651 3318 1719 Qui
3342 1665 3478 1708 vero

226 1748 406 1807 κλησίαν
417 1792 428 1815 ,
441 1751 524 1808 ἶνα
544 1748 636 1806 διὰ
655 1753 843 1815 ταύτης·
857 1763 948 1816 τῆς
958 1758 1262 1831 προφάσεως
1273 1760 1392 1819 τοὺς
1403 1757 1788 1832 ἁπλουστέρους

1893 1750 2058 1806 rectis
2087 1747 2342 1804 Ecclesim
2371 1745 2711 1817 dogmatibus
2739 1743 3118 1814 adversantur,
3159 1743 3305 1798 omni
3341 1755 3478 1798 con-

223 1843 524 1908 ἀπατῆσωσι,
535 1845 724 1899 καὶτὸν
735 1848 1036 1922 Χριστιανὸν
1047 1848 1163 1903 λαόν
1175 1857 1263 1909 τῆς
1277 1851 1421 1913 ἐκκλη
1429 1855 1550 1918 σίας
1557 1857 1793 1930 χωρίσω-

225 1954 314 2008 σιν.
336 1931 534 1994 Ἐπειδὴ
558 1934 615 1991 δέ
642 1936 895 2012 ἐγράψατε
919 1937 1032 2006 δύο,
1057 1942 1099 1994 εἰ
1125 1938 1186 2001 δὴ
1209 1938 1300 2011 [Γ.
1321 1944 1364 1996 εί
1378 1939 1457 1997 δεῖ
1473 1944 1576 1996 sive
1592 1947 1636 1998 εἰ
1656 1944 1789 2022 χρῆ]

221 2031 299 2086 τήν
317 2029 474 2088 ἀσεϐῆ
489 2031 683 2088 ἐκείνην
697 2035 962 2108 περιέχειν
976 2035 1265 2095 ἐπιστολήν
1289 2033 1337 2090 ἓν
1359 2038 1468 2106 μέν,
1499 2035 1580 2094 ὅτι
1605 2039 1786 2114 ὀρθῶς,

221 2119 282 2180 ὡς
305 2121 513 2192 λέγεται,
546 2125 682 2180 κατὰ
696 2122 1035 2202 ’Δπολιναρίου
1063 2129 1372 2199 ἠγωνίσατοο
1404 2129 1574 2206 ἕτερον
1601 2129 1675 2195 δέ,
1707 2129 1786 2188 ὅτι

222 2204 305 2262 κάν
350 2209 509 2276 ἔδοξεν
559 2211 586 2266 ὁ
636 2213 839 2289 γράψας
866 2219 956 2275 τῆν
998 2217 1262 2276 ἐπιστολὴν
1304 2219 1391 2274 τὸν
1419 2219 1470 2272 ἐν
1503 2217 1664 2292 ἁγίοις
1691 2223 1788 2274 κύ·

223 2304 369 2377 ριλλον
388 2303 678 2384 διασύρειν,
707 2305 848 2378 ὅμως
873 2316 1054 2366 τοῦτον
1082 2311 1166 2365 τὸν
1192 2310 1370 2366 σπῖλον
1401 2320 1491 2372 τῆς
1519 2311 1715 2389 ὕϐρεως
1737 2314 1790 2368 ἓν

222 2401 287 2466 τῷ
311 2403 392 2456 τῆς
422 2398 699 2460 ἐπιστολῆς
725 2399 965 2475 ἀνέτρεψε
992 2401 1143 2468 τέλει,
1175 2405 1259 2457 καὶ
1286 2400 1372 2459 διά
1392 2408 1544 2458 τοῦτο
1570 2404 1788 2476 λέγεται,

223 2484 408 2556 ὀφείλειν
432 2494 527 2549 τῆν
557 2491 718 2550 αύτῆν
745 2493 908 2552 ἀσεϐῆ
938 2494 1205 2553 ἐπιστολήν
1231 2493 1485 2568 ὀρθόδοξον
1515 2500 1787 2571 κρίνεσθαι⁶

219 2575 342 2636 δῆλοι
383 2583 756 2650 καθεστήκατε,
785 2581 864 2641 ὅτι
889 2583 1004 2644 οὔτε
1044 2586 1101 2641 τὸ
1129 2585 1271 2659 ὕφος,
1303 2584 1418 2644 οὔτε
1463 2594 1551 2647 τήν
1580 2587 1791 2662 δύναμιν

217 2667 390 2746 ἴγνωτε
419 2683 515 2736 τῆς
556 2678 715 2740 αὐτῆς
745 2679 966 2740 ἀσεϐοῦς
1012 2679 1310 2746 ἐπιστολῆς,
1359 2685 1489 2740 κατά
1528 2680 1790 2741 ’Δπολινα-

214 2765 315 2853 ρίου
339 2768 441 2842 γὰρ
462 2765 606 2825 οὐδέν
625 2771 884 2845 περιέχει,
899 2770 1003 2828 ἀλλ’
1023 2773 1174 2828 αὐτὸν
1195 2775 1280 2829 τὸν
1303 2776 1352 2828 ἐν
1375 2774 1539 2846 ἁγίοις
1554 2778 1792 2853 κύριλλον

213 2851 660 2937 ’Δπολιναριαστην
687 2863 846 2919 καλεῖ”
873 2867 957 2920 καί
982 2863 1091 2920 οὐδέ
1121 2867 1170 2919 ἐν
1192 2873 1266 2940 τῷ
1291 2867 1424 2921 τέλει
1450 2869 1482 2926 ri
1509 2851 1644 2927 αύτῆ-
1661 2870 1795 2922 ἀσε-

213 2947 295 3010 ϐής
333 2952 584 3014 ἐπιστολή
634 2955 873 3028 ἀνέτρεψε
915 2957 989 3028 ⁸τιῖι
1033 2958 1163 3013 κατά
1203 2963 1292 3013 τοῦ
1331 2960 1490 3013 αὐτοῦ
1539 2960 1587 3012 έν
1635 2959 1794 3028 ἁγίοις

207 3042 449 3115 εἰρημένα
470 3043 729 3116 ευριλλου,
748 3044 934 3114 μᾶλλον
959 3046 1045 3112 μέν
1074 3039 1162 3098 οὖν
1183 3047 1247 3098 τά
1270 3049 1479 3119 χείρονα
1506 3046 1620 3103 κατ’
1637 3050 1792 3103 αὐτοῦ

1889 1841 2134 1896 tentione
2164 1841 2424 1906 nituntur,
2455 1847 2514 1894 ut
2557 1837 2778 1910 pnefata
2810 1837 2910 1892 tria
2938 1837 3120 1905 iniqua
3148 1835 3344 1906 capita,
3374 1848 3477 1892 ceu

1891 1931 1960 1987 ab
1987 1929 2228 1986 Ecclesia
2257 1929 2353 1985 Dei
2381 1929 2614 1985 admissa
2644 1927 2896 1984 sustineri
2931 1925 3258 1997 judicentur,
3288 1929 3348 1978 ut
3374 1921 3479 1977 hac

1890 2022 2143 2078 videlicet
2167 2021 2396 2088 ratione,
2427 2019 2784 2092 simpliciores
2810 2017 3108 2089 decipiant,
3139 2013 3480 2086 populusque

1889 2110 2231 2167 Christianus
2258 2110 2548 2166 schismate
2576 2107 2861 2165 dividatur.
2890 2108 3076 2176 itaque
3095 2120 3218 2160 cum
3244 2105 3353 2160 duo
3377 2117 3480 2175 po-

1892 2203 2156 2260 tissimum
2185 2201 2253 2272 (si
2282 2201 2463 2257 omnia
2491 2215 2611 2271 quae
2636 2200 2813 2270 impiis
2841 2197 2945 2254 illis
2973 2197 3167 2253 litteris
3194 2195 3480 2251 continen-

1890 2301 1980 2350 tur
2032 2293 2422 2349 contrahantur
2472 2291 2528 2346 in
2573 2289 2770 2362 pauca)
2819 2287 3143 2360 scripseritis
3189 2302 3203 2338 :
3247 2283 3479 2338 alterum

1891 2398 2110 2454 nempe,
2135 2392 2284 2439 recte
2311 2381 2444 2438 inibi
2480 2388 2670 2438 contra
2707 2377 3097 2450 Apollinarium
3145 2374 3479 2445 disputatum

1893 2490 2043 2542 esse;
2075 2475 2304 2530 alterum
2324 2489 2476 2539 vero,
2503 2471 2746 2543 epistola:
2774 2470 3112 2541 scriptorem,
3138 2474 3194 2523 et
3223 2466 3269 2522 si
3293 2464 3478 2520 videa—

1892 2574 1981 2622 tur
2010 2565 2068 2622 S.
2101 2564 2358 2638 Cyrillum
2387 2563 2653 2636 principio
2681 2562 2875 2632 injuria
2900 2562 3186 2627 lacessere,
3216 2559 3360 2613 hanc
3395 2563 3478 2612 ιο-

1892 2673 2019 2714 men
2042 2658 2292 2728 irrogata:
2317 2659 2386 2713 ab
2413 2672 2474 2712 se
2501 2657 2710 2728 injuriae
2739 2655 2916 2711 labem
2944 2653 3088 2710 circa
3117 2650 3278 2708 ﬁnem
3305 2650 3478 2720 depu-

1893 2749 2062 2816 lisse;
2091 2757 2423 2820 quaprOpter
2447 2763 2626 2819 operte
2662 2747 2894 2820 pretium
2941 2759 3082 2814 esse,
3122 2752 3184 2802 ut
3224 2745 3386 2815 impia
3412 2757 3478 2800 ea

1894 2842 2122 2913 epistola
2168 2842 2435 2898 catholica
2477 2856 2595 2898 esse
2635 2841 2906 2910 judicetur
2936 2857 2950 2894 :
2981 2839 3088 2894 hoc
3121 2837 3352 2909 primum
3378 2849 3480 2908 pro

1896 2942 2046 2991 certo
2068 2934 2344 2998 habetote,
2375 2949 2473 2990 vos
2501 2945 2675 3002 neque
2695 2933 2984 2989 verborum
3013 2935 3354 2995 contextum,
3383 2943 3481 2982 nc-

1896 3040 2004 3096 que
2029 3025 2416 3080 sententiarum
2457 3023 2567 3080 vim
2610 3023 2752 3080 illius
2789 3022 2966 3093 impia:
3006 3020 3251 3091 epistolas
3291 3033 3510 3091 perccw

205 3128 248 3183 ἐν
278 3138 394 3192 τοῖς
426 3129 734 3193 τελευταίοις
769 3128 908 3188 εἶπεν
927 3146 941 3161 ·
974 3134 1234 3207 προϊόντες
1262 3133 1316 3190 δέ
1346 3134 1480 3207 ὅμως
1508 3142 1594 3194 καί
1619 3144 1790 3196 πᾶσαν

1899 3117 2063 3188 pisse.
2111 3115 2230 3172 Non
2276 3115 2420 3170 enim
2467 3115 2722 3170 adversus
2774 3114 3138 3196 Apollinarem
3187 3111 3481 3180 concludit,

205 3242 288 3280 την
316 3223 566 3278 ἀσέϐειαν
589 3232 680 3286 τῆς
708 3225 971 3297 λεγομένης
1009 3224 1128 3282 Ἵϐα
1157 3229 1442 3296 ἐπιστολῆς,
1473 3234 1556 3286 καί
1579 3237 1670 3291 τῆν
1693 3256 1796 3304 μα-

210 3315 454 3372 ταιότητα
481 3321 579 3368 τῶν
616 3316 913 3388 κεφαλαίων,
943 3313 1107 3398 ὦνπερ
1137 3320 1416 3393 ἐπέμψατε,
1445 3323 1792 3396 ἀποδείξομεν.

214 3408 406 3459 Πάντων
421 3406 526 3479 γάρ
545 3407 959 3478 ἀναγνωσθέντων
984 3416 1081 3464 τῶν
1108 3409 1233 3485 παρ’
1251 3413 1391 3484 ὑμῶν
1414 3418 1794 3492 γεγραμμένων,

215 3496 401 3576 σφόδρα
424 3498 738 3572 ἐλυπήθημεν
755 3541 770 3566 ,
800 3498 880 3557 ὅτι
908 3503 978 3562 είς
1015 3505 1257 3562 τοιαύτην
1283 3506 1552 3562 ἐνεπέσατε
1580 3509 1789 3580 πλάνην,

218 3585 455 3666 ἅνθρωποι
501 3593 552 3657 ἐξ
595 3594 780 3654 ἐκείνης
820 3589 956 3655 ὄντες
1001 3603 1093 3656 τῆς
1138 3599 1357 3668 χώρας,
1406 3597 1535 3656 ὅπου
1579 3602 1656 3656 ἀεὶ
1697 3605 1795 3676 πρὸ

219 3681 348 3753 ὑμῶν
369 3685 400 3742 ἠ
422 3683 546 3760 apes
564 3685 739 3746 πίστις
757 3685 1028 3756 ἀμώμητος
1057 3683 1341 3760 ἐφυλάχθη.
1357 3686 1501 3744 Ὀθεν
1529 3681 1796 3764 ἀναγκαῖον

220 3771 507 3854 ἐνομίσαμεν
557 3769 681 3830 εἶναι
720 3777 808 3829 καί
850 3775 980 3851 πρὸς
1017 3776 1082 3831 τά
1120 3777 1329 3854 ρηθέντα
1373 3779 1513 3850 ὑμῶν
1556 3783 1796 3852 κεφάλαια

220 3861 545 3940 ἀντιγράψαι,
573 3866 660 3920 καί
685 3863 993 3939 παραινέσαι
1029 3865 1147 3937 ύμῖν
1187 3865 1382 3931 ταύτης
1414 3878 1505 3931 τῆς
1532 3873 1792 3939 ἀσεϐείας,

220 3955 296 4008 καί
327 3962 418 4009 τοῦ
461 3955 688 4017 ἀσεϐοῦς
718 3957 858 4027 ὑμῶν
899 3954 1205 4014 διδασκάλου
1251 3961 1559 4023 ἀποστῆναι.
1591 3971 1682 4019 τοῦ
1728 3969 1795 4022 τὰ

218 4045 548 4121 προειρημένα
589 4045 830 4116 κεφάλαια
878 4047 1330 4123 συγγραψαμένου.
1377 4060 1656 4112 ’Λπατῆσαι
1691 4058 1791 4129 γὰρ

219 4135 352 4191 θέλων
394 4143 541 4209 ὑμᾶς
579 4139 783 4226 ῥήματά
809 4133 922 4196 τινα
961 4146 1248 4218 προήγαγεν
1277 4145 1333 4199 ἐκ
1359 4153 1459 4202 τῶν
1487 4149 1628 4202 Θείων
1656 4171 1794 4226 γρα-

220 4233 326 4297 φῶν,
351 4231 383 4280 ἆ
408 4250 526 4285 τινα
550 4225 734 4290 νοήσας
753 4237 920 4292 κακῶς
956 4235 1320 4308 προσαρμόσαι
1351 4237 1544 4310 ῥήμασί
1563 4261 1672 4295 τισι
1690 4225 1794 4303 τῆς

221 4319 573 4394 προειρημένης
615 4321 835 4383 ἀσεϐοῦς
877 4323 1148 4386 ἐπιστολῆς
1193 4327 1535 4405 ἐπεχείρισεν’
1583 4329 1714 4408 ὅπερ
1747 4334 1795 4387 οἱ

220 4409 438 4484 αἱρετικοί
463 4413 655 4475 πάντες
676 4420 907 4480 ποιοῦσι,
929 4415 1139 4488 ῥήματά
1166 4440 1278 4474 τινα
1300 4427 1400 4474 τῶν
1427 4423 1567 4476 Οείων
1591 4431 1794 4497 γραφῶν

1901 3211 1998 3264 sed
2023 3215 2266 3264 sanctum
2305 3205 2562 3279 Cyrillum
2589 3207 2764 3278 ipsum
2805 3194 3198 3278 Apollinaristis
3226 3218 3481 3261 annume-

1897 3307 2002 3366 rat,
2035 3309 2196 3370 atque
2225 3307 2431 3353 tantum
2486 3300 2642 3354 abest
2687 3305 2748 3353 ut
2774 3298 2920 3354 circa
2949 3296 3066 3367 ejus
3111 3296 3275 3350 linem
3324 3294 3482 3364 quid-

1896 3391 2042 3462 piam
2079 3405 2145 3446 ex
2193 3392 2259 3448 iis
2302 3405 2424 3462 quae
2469 3390 2728 3448 adversus
2774 3398 3020 3446 sanctum
3047 3388 3307 3461 Cyrillum
3355 3403 3482 3459 pro-

1897 3483 2144 3538 nuntiata
2192 3490 2334 3547 sunt,
2387 3481 2735 3538 revocatione
2777 3483 3098 3552 castigetur,
3130 3489 3191 3536 ut
3217 3481 3362 3536 circa
3393 3494 3482 3536 ex.

1899 3583 2127 3630 tremum
2154 3572 2336 3644 potius
2356 3572 2471 3644 ejus
2492 3574 2725 3644 scriptor
2751 3573 2806 3629 in
2832 3573 3093 3644 Cyrillum
3123 3572 3361 3628 deterius
3387 3570 3484 3627 de-

1896 3666 2189 3722 bacchatus
2215 3681 2335 3721 esse
2353 3665 2620 3721 videatur.
2645 3664 3007 3732 Quamobrem
3033 3663 3088 3720 id
3118 3663 3295 3734 ipsum
3333 3662 3484 3734 prin-

1897 3755 2064 3828 cipio,
2086 3757 2353 3828 simulque
2379 3757 2684 3814 universam
2714 3756 2876 3828 hujus
2901 3770 3022 3827 quae
3057 3755 3164 3813 Ibat
3204 3769 3483 3828 nuncupa-

1899 3857 1988 3904 tur
2037 3847 2280 3918 epistolze
2332 3848 2694 3920 impietatem,
2753 3862 3052 3919 eorumque
3103 3861 3226 3917 qua
3270 3846 3339 3901 ad
3381 3859 3483 3903 nos

1896 3940 2118 3996 misistis
2145 3939 2385 4012 capitum
2431 3927 2698 3998 insaniam
2742 3939 3072 4012 argumentis
3113 3938 3482 3996 ostendemus.

1895 4030 2032 4087 Cum
2078 4033 2224 4088 enim
2271 4047 2334 4088 ea
2383 4033 2566 4090 omnia
2607 4047 2731 4104 quas
2773 4031 3093 4102 scripsistis,
3140 4031 3482 4100 legissemus,

1895 4134 2210 4204 gravissimo
2239 4131 2415 4189 aﬁ'ecti
2433 4147 2620 4188 sumus
2637 4131 2848 4198 dolore,
2875 4143 2976 4185 vos
3002 4127 3120 4198 ejus
3143 4125 3293 4182 urbis
3313 4125 3482 4194 cives,

1897 4224 1953 4279 in
1980 4237 2328 4294 qua-semper
2355 4221 2423 4278 ad
2446 4222 2563 4276 haec
2591 4233 2762 4290 usque
2787 4229 3035 4290 tempora
3075 4217 3232 4272 unice
3266 4223 3500 4274 servata

1896 4312 1997 4368 fuit
2034 4320 2186 4368 recta
2227 4310 2379 4376 ﬁdes,
2409 4311 2465 4365 in
2495 4315 2702 4364 tantum
2736 4321 3137 4364 errorem‘esse
3174 4307 3480 4380 prolapsos.

1897 4401 2242 4472 Quapropter
2271 4399 2637 4455 necessarium
2673 4413 2796 4455 esse
2821 4387 3252 4455 existimavinms
3291 4399 3479 4456 adver-

221 4505 693 4577 παρερμηνεύοντες,
724 4507 811 4561 καὶ
856 4509 986 4584 πρός
1027 4512 1118 4566 τῆν
1155 4507 1557 4584 διεστραμμένην
1603 4513 1790 4571 ἑαυτῶν

1898 4507 1989 4549 sus
2013 4492 2269 4584 praedicta
2297 4490 2545 4584 capitula
2567 4489 2638 4547 ad
2668 4507 2762 4549 vos
2787 4489 3043 4560 scribere,
3084 4499 3248 4564 atque
3275 4493 3342 4548 de
3381 4507 3478 4550 eo-

225 4594 572 4668 μεταῖρὲροντες
601 4591 816 4650 ἔννοιαν
848 4597 928 4649 καί
959 4594 1096 4651 δοκεῖ
1119 4599 1236 4670 ἡμῖν
1263 4597 1288 4652 ὁ
1319 4600 1510 4662 ἀσεϐής
1545 4601 1686 4674 ὑμῶν
1714 4603 1794 4662 δι·

229 4675 453 4745 δάσκαλος
474 4725 490 4748 ,
518 4684 548 4743 ἦ
593 4687 663 4753 μῆ
705 4687 1033 4755 ἀνεγνωκέναι
1060 4693 1150 4746 τήν
1179 4689 1434 4761 ἀνώνυμον
1466 4692 1652 4750 ἐκείνην
1683 4695 1793 4752 έπε-

225 4771 458 4842 στολῆν,ἣ
504 4776 826 4849 ἀνεγνωκέναι
861 4779 951 4849 μέν
991 4782 1286 4852 κακούργως
1331 4784 1413 4836 καί
1453 4781 1656 4862 ῥήματά
1681 4808 1794 4844 τινα

225 4863 394 4927 ταύτης
415 4877 755 4943 προαγαγεῖν,
780 4870 847 4926 τά
869 4870 1070 4926 πλείονα
1090 4868 1142 4925 δέ
1164 4876 1247 4925 καί
1269 4875 1484 4948 χείρονα
1507 4886 1790 4938 σιωπῆσαι.

227 4957 467 5025 Λεγοίσης
496 4960 594 5033 γὰρ
619 4967 710 5018 τῆς
739 4961 902 5020 αὐτῆς
933 4960 1203 5022 ἐπιστολῆς
1249 4965 1366 5037 περὶ
1406 4972 1497 5020 τοῦ
1532 4989 1788 5044 μακαριου

227 5045 469 5120 Κυρίλλου,
499 5053 577 5104 καὶ
604 5055 698 5104 τοῦ
727 5050 942 5111 ἀσεϐοῦς
978 5054 1272 5131 Νεστορίου,
1321 5052 1402 5111 ὅτι
1430 5055 1654 5136 ἑκάτεροι
1680 5061 1790 5118 κατ’

227 5133 421 5194 ἀλλήλων
457 5140 740 5215 βλαϐερούς
775 5141 949 5213 λόγους
991 5140 1247 5221 ἔγραψαν,
1271 5146 1353 5199 καί
1400 5144 1476 5202 ὅτι
1515 5133 1791 5226 Νε-στόριος

227 5228 303 5292 μέν
331 5227 519 5302 ἔλεγεν,
549 5236 639 5290 τῆν
668 5234 922 5308 μακαρίαν
959 5239 1151 5310 Μαρίαν
1177 5241 1249 5307 μὴ
1278 5231 1403 5293 εἶναι
1433 5241 1693 5306 Θεοτόκον,
1720 5245 1789 5304 ὡς

226 5324 502 5388 νομισθῆναι
537 5330 649 5385 τοῖς
683 5324 882 5386 πολλοῖς
908 5328 962 5381 ἐκ
988 5334 1079 5389 τῆς
1107 5329 1302 5384 Παύλου
1332 5338 1424 5386 τοῦ
1459 5337 1788 5406 Σαμοσατέως

229 5410 456 5501 αἱρέσεως
486 5410 630 5472 εἶναι’
659 5417 905 5490 Κύριλλος
933 5415 987 5472 δέ
1015 5418 1317 5490 βουλόμενος
1355 5423 1476 5484 τοὺς
1515 5429 1785 5501 Νεστορίου

229 5499 489 5578 ἀνατρέψαι
527 5507 729 5582 λόγους,
763 5508 966 5565 ὤλισθεν
993 5512 1076 5565 καί
1105 5512 1335 5567 ἐνέπεσεν
1357 5515 1429 5576 είς
1451 5517 1510 5570 τὸ
1539 5499 1790 5576 ’Δπολινα-

231 5593 330 5666 ρίου
365 5594 546 5671 δόγμα.
577 5600 785 5678 Φανερόν
824 5601 961 5658 ἐστιν
1008 5599 1088 5657 ὅτι
1125 5601 1151 5658 ό
1178 5604 1385 5680 γράψας
1407 5611 1497 5666 τήν
1527 5609 1790 5668 ἐπιστολήν

230 5692 288 5758 τῇ
313 5694 574 5766 Νεστορίου
599 5695 750 5768 μανίᾳ
774 5695 1136 5771 κεκρατημένος
1164 5693 1434 5753 δείκνυται⁶
1462 5695 1516 5761 ὃς
1536 5702 1680 5756 αὐτόν
1701 5705 1792 5775 μέν

230 5782 482 5864 Νεστόριον
506 5784 813 5861 ἀρνούμενον
840 5788 1076 5850 amem
1105 5785 1228 5851 εἶναι
1254 5795 1344 5854 τῆν
1375 5791 1524 5866 ἁγίαν
1551 5798 1794 5872 παρθένον

1898 4599 2021 4640 rum
2067 4583 2344 4655 impietate
2387 4595 2486 4640 vos
2532 4582 2680 4655 ipsos
2723 4584 3036 4652 admonere,
3074 4589 3137 4639 ut
3176 4585 3246 4641 ab
3293 4584 3479 4656 iniquo

1897 4683 2232 4747 praeceptore
2257 4683 2460 4744 vestro,
2489 4673 2583 4745 qui
2610 4689 2674 4731 ea
2702 4675 3062 4732 monumentis
3085 4676 3361 4733 mandavit
3387 4676 3480 4732 lit-

1899 4777 2156 4835 terarum,
2195 4767 2479 4824 recedatis.
2512 4764 2720 4824 Etenim
2741 4781 2868 4822 cum
2895 4766 2944 4823 is
2969 4767 3073 4823 sibi
3110 4768 3480 4839 proposuisset

1895 4867 1953 4926 in
1989 4869 2170 4924 animo
2213 4883 2314 4923 vos
2359 4867 2417 4923 in
2463 4866 2836 4938 deceptionem
2872 4867 3146 4936 inducere,
3192 4869 3477 4926 nonullas

1897 4975 1966 5018 ex
1992 4959 2188 5016 divinis
2215 4958 2408 5016 litteris
2447 4957 2744 5014 sententias
2785 4958 2986 5026 hausit,
3031 4958 3228 5030 quibus
3253 4961 3307 5014 in
3346 4973 3477 5028 pra-

1896 5063 2019 5107 vam
2059 5047 2510 5120 signiﬁcationem
2555 5049 2840 5118 contortis,
2869 5049 3047 5120 impias
3070 5050 3214 5106 illius
3238 5048 3477 5120 epistolae

1893 5142 2176 5215 opiniones
2195 5140 2480 5195 nonnullas
2499 5137 2820 5196 conﬁrmare
2847 5154 3128 5212 aggressus
3151 5147 3252 5209 est,
3283 5155 3476 5210 quem-

1895 5239 2180 5297 admodum
2218 5239 2487 5294 hcereticis
2513 5237 2614 5294 fuit
2654 5252 2870 5311 semper
2914 5240 2971 5295 in
3018 5253 3174 5295 more
3215 5238 3474 5310 positum,

1894 5332 2138 5405 quaedam
2162 5320 2460 5387 divinarum
2480 5330 2780 5388 litterarum
2808 5332 3114 5388 testimonia
3139 5339 3473 5402 pervertere,

1892 5434 2057 5496 atque
2096 5425 2154 5481 in
2201 5425 2528 5480 contrariam
2543 5406 2961 5495 intelligentiam
2991 5423 3332 5495 detorquere.
3364 5425 3475 5483 ita-

1892 5539 1999 5596 que
2023 5522 2113 5580 vel
2140 5530 2529 5594 praeceptorem
2571 5530 2826 5589 vestrum,
2876 5519 3098 5577 nunime
3143 5536 3470 5596 anonymam

1894 5629 2013 5670 eam
2065 5612 2350 5684 epistolam
2399 5611 2694 5683 perlegisse
2746 5610 3144 5682 existimamus,
3191 5611 3280 5671 vel
3329 5614 3476 5672 mala

1895 5704 2182 5760 admodum
2211 5703 2346 5770 ﬁde,
2370 5703 2627 5759 nonnulla
2655 5701 2848 5774 legisse
2870 5701 3086 5772 quidem
3110 5705 3316 5778 ipsum,
3340 5707 3474 5764 mli-

1894 5811 2000 5866 qua
2023 5810 2175 5867 vero,
2201 5809 2324 5867 quae
2347 5794 2515 5854 multo
2541 5793 3058 5874 deteriora_essent,
3086 5799 3302 5860 silentio
3327 5813 3474 5875 pm—
