3988 6346
374 5040 399 5076 ρ

375 5088 391 5134 ἐ

753 229 777 238 ”
808 242 901 299 ἤιέ
930 276 974 305 μ,
1020 229 1034 239 ⁷’
1218 238 1275 262 θ’

419 266 528 348 me

1794 268 1998 331 VIGlLl
2007 268 2093 328 US
2129 266 2327 327 PAPA.

3000 196 3045 213 *κ

3602 265 3708 329 980

419 402 645 481 κειρίαν,
676 397 840 475 μεχρι
866 395 1023 469 μόνης
1062 400 1157 457 τῆς
1184 384 1333 450 τινων
1354 390 1586 462 ὑποψίας
1615 391 1893 453 ἐληλυθέναι
1918 414 2013 468 φη-

2132 386 2351 445 tcriisse.
2383 385 2518 442 Cum
2540 378 2686 442 enim
2727 382 2785 442 in
2822 395 2889 441 ea
2932 382 3164 454 epistola
3198 381 3270 441 de
3311 380 3476 441 beato
3504 380 3710 460 Cyrillo

422 504 528 565 σεν,
556 498 615 553 οὐ
657 499 753 568 μὴν
794 492 1047 569 αἱρετικὸν
1074 492 1130 546 ἐκ
1158 492 1348 548 τούτου
1389 499 1618 565 φανῆναι·
1650 492 1734 549 τὸν
1763 492 1813 546 ἐν
1852 490 2016 566 ἁγίοις

421 589 481 647 δέ
508 587 740 664 ιιύριλλον
765 586 848 641 τὸν
870 592 964 646 τῆς
992 584 1260 645 ἐκκλησίας
1285 581 1605 650 διδάσκαλον,
1636 586 1707 646 εἰς
1732 585 1791 641 τὸ
1819 582 2017 642 ’Δπολι-

421 685 597 760 ναρίου
628 680 798 754 δόγμα
824 678 1087 738 ὀλισθῆσαι
1116 676 1504 751 διῐσχυρίζεται
1530 680 1618 734 καὶ
1641 686 1837 736 πεσεῖν.
1882 678 2017 733 Διότι

421 772 562 832 εἶπεν
596 772 752 830 αὐτὸν
787 770 871 827 τὸν
897 771 1019 826 Θεὸν
1054 769 1196 843 λόγον
1240 769 1562 844 σαρκωθῆναι
1586 772 1674 824 καί
1702 761 2019 843 ἔνανθρωπῆ·

420 879 537 922 σαε⁶
566 867 655 920 καὶ
677 867 841 917 ταῦτα
866 862 958 929 μὲν
983 861 1051 916 τὰ
1074 860 1278 937 ῥήματα
1302 859 1691 934 παραλέλοιπεν,
1721 863 1789 921 ὡς
1813 861 2017 936 εἰρήκα-

421 977 535 1029 μεν,
561 954 588 1011 ό
615 952 916 1013 διδάσκαλος
961 952 1123 1022 ὑμῶν,
1152 954 1412 1023 γινώσκων
1448 949 1529 1008 ὅτι
1574 948 1602 1007 ὃ
1642 951 1798 1026 λέγων
1841 952 1926 1008 τόν
1967 953 2019 1006 ἐν

422 1046 592 1123 ἁγίοις
637 1044 870 1123 Κύριλλον
916 1045 1180 1104 ὀλισθῆσαι
1224 1046 1309 1099 καὶ
1352 1053 1549 1111 πεσεῖν,
1599 1046 1684 1102 καί
1733 1045 2019 1123 αἱρετικούς

417 1141 589 1198 καλῶν
616 1140 738 1200 τοὺς
770 1138 956 1194 τούτου
997 1136 1199 1210 λόγους,
1227 1141 1404 1193 πᾶσαν
1449 1134 1773 1201 καταδικάζει
1810 1141 1901 1197 τήν
1942 1137 2021 1190 ἐκ·

424 1233 661 1302 κλησίαν,
694 1236 785 1290 τήν
826 1231 1028 1301 πατέρα
1071 1231 1158 1284 καί
1199 1228 1502 1286 διδάσκαλον
1545 1229 1749 1290 εἰκότως
1778 1228 2020 1306 Κύριλλον

425 1322 688 1396 ἔχουσαν.
720 1327 832 1383 Πῶς
868 1318 922 1376 δέ
957 1322 1049 1376 οὐκ
1077 1318 1248 1396 ἔφριξε
1294 1321 1471 1394 λέγων,
1505 1319 1625 1383 ὡςό
1655 1327 1701 1375 ἓν
1725 1319 1887 1393 ἁγίοις
1913 1322 2022 1374 Κύ-

426 1416 599 1494 ριλλος
636 1413 890 1490 αἱρετικός
930 1415 1101 1482 ἐστιν,
1128 1412 1301 1472 ιπειδιό
1347 1408 1514 1476 εἶπεν,
1547 1411 1630 1469 ὅτι
1671 1412 1870 1476 αὐτὸςὸ
1897 1415 2022 1475 Θεὸς

426 1505 573 1581 λόγος
597 1503 859 1582 ἅνθρωπος
881 1505 1078 1575 γέγονε,
1100 1506 1184 1558 καί
1215 1501 1298 1559 ὅτι
1322 1502 1457 1560 οὕτω
1481 1503 1635 1575 λέγων
1662 1501 1905 1575 διαφορὰν
1930 1509 2021 1559 τοῦ

426 1605 555 1657 ναοῦ
592 1603 679 1655 καί
716 1605 809 1655 τοῦ
858 1598 1163 1658 ἐνοικοῦντος
1203 1598 1254 1652 ἐν
1295 1598 1436 1669 αὐτῷ
1483 1600 1593 1668 οὺχ
1638 1596 1896 1669 ὁμολογεῖ.
1937 1600 2025 1654 Διὰ

426 1690 625 1747 τούτων
646 1691 748 1762 γὰρ
775 1695 875 1745 τῶν
917 1688 1078 1761 λόγων
1106 1688 1165 1743 οὗ
1201 1688 1351 1759 μόνον
1384 1688 1469 1743 τόν
1497 1689 1548 1742 ἓν
1592 1687 1752 1762 ἁγίοις
1779 1689 2024 1761 Κύριλλον

2116 491 2281 553 atque
2309 479 2479 552 impio
2506 477 2759 537 Nestorio
2786 486 3057 554 narretur,
3087 475 3414 549 proscidisse
3443 492 3540 534 eos
3586 493 3710 538 sese

2116 567 2349 626 invicem
2372 560 2687 633 ‘conviciis;
2730 576 2892 639 atque
2931 566 3235 628 afﬁrmasse
3261 565 3572 624 Nestorium
3608 570 3711 627 mi-

2118 667 2265 724 nime
2289 666 2577 739 Deiparam
2602 680 2722 724 esse
2747 666 2965 723 beatam
2990 662 3290 735 Virginem,
3321 672 3383 720 ut
3408 665 3583 737 ipsam
3612 681 3712 722 no-

2117 759 2315 817 minari
2342 759 2627 832 permultis
2654 773 2726 816 ex
2748 757 2901 815 Pauli
2924 757 3269 815 Samosateni
3295 752 3490 814 haeresi
3526 758 3715 832 place-

2116 852 2247 922 bat;
2274 853 2536 927 Cyrillum
2555 847 2774 922 contra,
2799 851 2894 924 qui
2920 850 3155 908 Ncstorii
3200 862 3445 907 errorem
3474 831 3715 905 re'l'utarc

2076 962 2095 1023 χ
2119 948 2403 1017 niteretur,
2461 947 2671 1020 lapsum
2720 946 2925 1018 pariter
2977 960 3118 1015 esse,
3174 944 3339 1015 inque
3392 942 3716 1010 Apollinarii

2119 1040 2373 1111 dogmata
2400 1039 2745 1097 descendisse
2776 1054 2791 1092 :
2823 1037 2943 1093 luce
2967 1037 3162 1094 clarius
3189 1045 3273 1093 est
3300 1036 3541 1106 epistolae
3570 1034 3718 1105 ejus-

2120 1128 2245 1186 dem
2272 1128 2593 1200 scriptorem
2620 1126 2940 1184 Nestoriana
2965 1126 3240 1183 dementia
3274 1132 3719 1197 praeoccupatum

2122 1220 2363 1292 agnosci,
2403 1221 2496 1296 qui
2540 1220 2849 1278 Nestorium
2896 1229 3142 1277 sanctam
3184 1219 3410 1275 Mariam
3438 1218 3721 1289 Virginem

2122 1295 2428 1383 Deiparam
2456 1295 2617 1367 t‘aterl
2661 1309 3058 1367 detrectantem
3076 1352 3093 1379 ,
3138 1309 3458 1381 suspicionis
3505 1316 3721 1364 tantum

2124 1395 2462 1459 adversnhe
2487 1402 2664 1459 locum
2692 1401 3014 1477 quibusdam
3035 1402 3318 1469 tribuisse;
3342 1401 3567 1458 minime
3589 1416 3723 1457 vero

2125 1493 2323 1552 exinde
2348 1494 2664 1551 bmreticnm
2699 1494 3063 1551 demonstrari
3090 1494 3384 1551 contendat
3412 1512 3425 1548 :
3457 1492 3725 1566 Cyrillum

2126 1597 2309 1644 autem
2350 1593 2600 1642 sanctum
2649 1584 2912 1642 Ecclesiae
2967 1587 3248 1644 doctorem
3294 1586 3352 1642 in
3401 1585 3726 1657 Apollinarii

2127 1677 2375 1735 haeresim
2424 1676 2679 1736 incidisse
2726 1672 2927 1734 diserte
2974 1678 3181 1745 tradat,
3231 1685 3522 1750 propterea
3576 1675 3728 1747 quod

433 1787 705 1859 μέμφεται,
736 1785 863 1841 ἀλλά
890 1784 1074 1839 καὶτὸν
1094 1783 1450 1855 εὐαγγελιστιόν
1475 1782 1563 1839 τὸν
1588 1782 1817 1857 λέγοντα,
1848 1781 1926 1840 ὅτι
1960 1801 1980 1835 ε
2001 1782 2025 1840 ό

2132 1771 2303 1844 ipsum
2332 1771 2503 1828 Deum
2527 1770 2763 1827 Verbum
2794 1771 3134 1827 incarnatum
3162 1786 3285 1828 esse
3311 1770 3528 1838 dixerit,
3560 1779 3728 1841 atque

427 1875 578 1954 λόγος
608 1878 737 1952 σὰρξ
764 1877 982 1950 ἐγένετο,
1008 1892 1028 1929 ι
1058 1877 1143 1931 καί
1164 1875 1361 1936 πάντας
1387 1878 1509 1936 τοὺς
1533 1879 1799 1950 προφήτας
1822 1880 1911 1934 την
1940 1874 2025 1933 διά

428 1971 623 2046 σαρκός
653 1967 924 2043 ἐπιδημίαν
951 1970 1108 2024 αὐτοῦ
1136 1973 1230 2023 τοῦ
1256 1973 1383 2024 Θεοῦ
1409 1966 1559 2023 λόγου
1585 1969 1919 2043 κηρύξαντας,
1946 1968 2025 2022 καί

428 2063 659 2135 μάλιστα
704 2062 950 2136 Ἰερεμίαν
975 2060 1060 2116 τὸν
1099 2059 1307 2130 λέγοντα
1337 2075 1357 2110 ε
1380 2055 1543 2119 Οὗτος
1570 2057 1595 2113 ό
1618 2060 1742 2119 Θεὸς
1771 2060 1940 2130 ἡμῶν,
1969 2059 2026 2112 οὐ

429 2152 790 2227 λογισθήσεται
814 2153 989 2226 ἔτερος
1015 2152 1147 2228 πρὸς
1173 2150 1346 2207 αὐτόν’
1369 2151 1502 2224 μετὰ
1521 2156 1691 2207 ταῦτα
1711 2149 1795 2206 ἐπὶ
1821 2158 1914 2211 τῆς
1932 2158 2027 2223 γῆς

432 2244 573 2315 ὤφθη
594 2284 611 2311 ,
655 2246 741 2298 καὶ
785 2250 892 2304 τοῖς
931 2242 1213 2318 ἀνθρώποις
1260 2242 1668 2316 συνανεστράφηο
1700 2258 1720 2292 ι
1754 2241 1838 2297 καὶ
1878 2240 2027 2296 πάλιν

432 2331 645 2389 Ἠσαίαν
671 2332 906 2406 λέγοντα,
942 2349 962 2383 ε
994 2332 1061 2386 Τὸ
1085 2329 1286 2387 παιδίον
1316 2333 1437 2387 Θεὸν
1474 2330 1698 2406 ἰσχυρόν
1726 2330 1917 2398 (Ἦσαΐ.
1949 2346 2025 2399 lx,

435 2408 522 2495 6)·
561 2440 585 2476 ι
618 2425 703 2478 καί
730 2422 830 2493 πρὸ
858 2422 1060 2483 τούτοις
1091 2422 1177 2478 τὸν
1202 2418 1488 2478 ἀπόστολον
1525 2421 1714 2478 Παῦλον
1749 2422 1955 2494 λέγοντα
1981 2423 2030 2478 ἐν

432 2525 499 2590 τῇ
538 2515 671 2592 πρὸς
713 2515 974 2587 Ἐφεσίους
1019 2514 1279 2590 ἐπιστολῇ,
1309 2529 1330 2565 ε
1366 2511 1425 2568 Ὀ
1454 2514 1684 2574 καταϐὰς
1714 2515 1867 2576 αὐτός
1892 2516 2026 2579 ἐστι,

435 2614 524 2668 καί
547 2608 575 2668 ὁ
595 2609 791 2671 ἀναϐάς
811 2608 1051 2685 ὑπεράνω
1065 2609 1267 2663 πάντων
1286 2613 1387 2663 τῶν
1414 2607 1654 2686 οὐρανῶν,
1676 2606 1760 2661 ἵνα
1784 2606 2030 2682 πληρώσῃ

433 2706 504 2760 τὰ
545 2703 737 2760 πάντα.
767 2718 789 2754 ι
838 2702 926 2756 ιιαί
966 2701 1090 2776 γὰρ,
1120 2701 1187 2761 ὡς
1234 2698 1417 2760 ἐκεῖνος
1459 2698 1602 2770 ὑμῶν
1651 2696 1677 2753 ό
1727 2695 2032 2758 διδάσκαλος

434 2798 775 2871 παραφρονῶν
798 2791 953 2864 λέγει,
982 2788 1225 2862 μέμψεώς
1249 2790 1374 2844 εἰσιν
1399 2785 1531 2854 ἄξιοι
1557 2789 1637 2844 καί
1672 2796 1719 2843 οι
1752 2796 2030 2863 προφῆται,

435 2888 521 2941 καί
549 2885 595 2939 oi
627 2883 1003 2958 εὐαγγελισταί,
1025 2884 1111 2937 καὶ
1131 2880 1179 2936 οἱ
1206 2880 1482 2938 ἀπόστολοι
1506 2880 1754 2954 λέγοντες,
1779 2878 1865 2938 ὅτι
1879 2881 2033 2942 αὐτὸς

2126 1863 2483 1935 assumpsisse
2506 1863 2919 1919 humanitatem.
2940 1862 3069 1919 Haec
3090 1872 3273 1920 autem
3300 1864 3487 1932 verba,
3527 1872 3594 1918 ut
3631 1877 3726 1918 su-

2125 1955 2310 2027 perius
2337 1953 2837 2023 animadvertimus,
2880 1954 3143 2026 praeteriit
3186 1961 3494 2026 praeceptor
3519 1961 3726 2022 vester,

2126 2058 2287 2130 plane
2317 2058 2672 2130 perspiciens,
2703 2072 2826 2114 eum
2854 2057 2947 2129 qui
2975 2056 3236 2130 Cyrillum
3275 2057 3488 2129 lapsum
3516 2070 3647 2113 esse
3673 2055 3728 2110 in

2126 2150 2376 2207 haeresim
2419 2150 2615 2218 tradat,
2646 2150 3049 2231 contendatque
3068 2149 3356 2207 haereticas
3401 2150 3580 2221 ipsum
3632 2149 3731 2206 de-

2127 2242 2364 2301 fendisse
2394 2243 2721 2311 sententias,
2754 2242 2810 2298 in
2837 2241 3146 2298 universam
3174 2241 3476 2301 Ecclesiam
3501 2240 3732 2298 damna-

2127 2336 2296 2393 tionis
2319 2334 2464 2391 ferre
2479 2334 2762 2407 judicium,
2794 2349 2919 2391 cum
2938 2335 3191 2390 universa
3217 2333 3425 2390 scilicet
3442 2330 3730 2405 Cyrillum,

2128 2434 2192 2484 ut
2227 2424 2445 2482 Patrem
2485 2425 2631 2482 colat
2673 2432 2838 2496 atque
2867 2424 3165 2483 doctorem.
3196 2425 3461 2482 Caeterum
3489 2425 3588 2496 qui
3619 2425 3735 2484 ﬁeri

2129 2517 2307 2589 potuit
2335 2523 2396 2573 ut
2419 2531 2530 2573 non
2559 2516 2969 2573 exborresceret
3008 2516 3324 2573 htereticum
3349 2516 3535 2574 dicens
3555 2513 3736 2586 Cyril-

2128 2605 2264 2673 lum,
2293 2614 2583 2679 propterea
2608 2605 2755 2677 quod
2773 2605 2944 2662 Demu
2964 2605 3200 2663 Verbum
3230 2606 3505 2663 hominem
3524 2606 3734 2661 factum

2133 2719 2255 2762 esse
2294 2704 2543 2762 docuerit
2584 2722 2599 2759 :
2647 2704 2885 2775 indeque
2934 2705 3197 2777 consequi
3247 2705 3613 2776 subjungens,
3670 2706 3738 2761 ab

2132 2797 2336 2869 Cyrillo
2384 2796 2503 2854 haec
2554 2796 2786 2853 docente
2838 2796 3131 2854 discrimen
3182 2797 3324 2854 inter
3369 2798 3641 2869 templum
3685 2797 3739 2853 in

2133 2902 2311 2958 eoque
2336 2887 2730 2943 inhabitantem
2760 2903 2873 2945 non
2910 2887 3156 2943 admitti?
3185 2886 3299 2944 Hac
3328 2888 3529 2960 quippe
3555 2887 3738 2943 aiendi

434 2976 467 3032 ὅ
490 2976 613 3038 Θεὸς
639 2976 787 3049 λόγος
815 2975 1215 3050 ὶνηνθρώπησεν,
1243 2976 1311 3035 ὡς
1339 2971 1422 3029 διὰ
1444 2974 1639 3030 τούτων
1666 2981 1765 3030 τῶν
1793 2974 2027 3050 ῥημάτων

2132 2978 2346 3035 ratione
2368 2994 2479 3035 non
2508 2987 2759 3035 sanctum
2788 2977 3045 3051 Cyrillum
3069 2979 3407 3045 criminatur,
3431 2977 3528 3034 sed
3556 2976 3740 3034 Evan-

436 3074 631 3147 τροπὴν
668 3077 762 3129 τῆς
801 3064 1035 3130 θεότητος
1064 3070 1137 3128 εἰς
1165 3071 1256 3127 τήν
1291 3066 1660 3141 ἀνθρωπότητα
1695 3066 1924 3140 λέγοντες
1946 3086 2027 3141 γε·

2133 3070 2407 3141 gelistam,
2444 3070 2669 3126 Verbum
2690 3087 2900 3126 carnem
2937 3073 3131 3144 factum
3163 3088 3275 3127 esse
3320 3071 3540 3143 (Joann.
3570 3088 3615 3138 ι,
3652 3070 3739 3144 14)

436 3165 694 3236 γενῆσθαιο
722 3160 770 3215 οί
806 3158 861 3216 δέ
906 3160 1058 3217 αὐτὸν
1091 3160 1179 3215 τὸν
1210 3159 1334 3215 Θεὸν
1373 3158 1512 3230 λόγον
1557 3159 1938 3233 ἐνανθρωπῆσαι
1963 3162 2027 3230 μὴ

2139 3164 2341 3221 diserte
2394 3164 2859 3236 pronuntiantem,
2911 3164 3007 3221 sed
3048 3166 3342 3237 prophetas
3388 3178 3607 3231 omnes,
3651 3164 3741 3233 qui

436 3255 836 3327 ὁμολογοῦντες,
864 3252 1064 3327 φανεροί
1092 3251 1196 3305 είσι
1221 3251 1307 3306 τόν
1348 3248 1564 3323 Χριστὸν
1602 3248 1743 3320 ψιλὸν
1771 3246 2032 3323 ἄνθρωπον

435 3338 588 3407 εἶναι,
620 3343 707 3398 καί
750 3341 882 3398 κατὰ
907 3341 1068 3417 χάριν
1095 3340 1203 3396 υἱὸν
1249 3345 1379 3396 Θεοῦ
1425 3340 1756 3410 ὀνομάζεσθαι
1783 3338 2030 3412 λέγοντες,

437 3433 514 3497 ὡς
534 3434 567 3493 ἦ
594 3431 862 3499 κακοδοξία
886 3433 1158 3507 Νεστορίου
1193 3433 1282 3489 καί
1307 3429 1567 3496 Θεοδώρου
1593 3437 1692 3490 τοῦ
1722 3430 2030 3491 διδασκάλου

435 3525 602 3586 αὐτοῦ
631 3524 784 3598 λέγει.

2140 3254 2304 3312 Verbi
2333 3253 2431 3311 Dei
2460 3254 2752 3310 adventum
2780 3269 2879 3326 per
2905 3269 3124 3311 carnem
3154 3254 3542 3325 praedixertmt,
3587 3252 3742 3311 Jere—

2139 3348 2305 3405 miam
2330 3346 2673 3420 potissimum
2699 3347 2968 3405 dicentem
2998 3366 3011 3403 :
3040 3348 3145 3404 Hic
3174 3348 3316 3404 Deus
3345 3357 3522 3404 noster
3549 3363 3571 3403 :
3606 3348 3742 3403 alius

2141 3438 2389 3495 adversus
2409 3453 2523 3493 eum
2548 3453 2655 3492 non
2674 3437 3016 3494 wstimabitur
3043 3457 3062 3498 :
3091 3446 3207 3510 post
3236 3440 3348 3495 htec
3375 3440 3433 3493 in
3464 3439 3627 3494 terris
3652 3456 3743 3511 ap—

2141 3531 2335 3601 paruit,
2378 3537 2435 3585 et
2486 3546 2604 3585 cum
2649 3530 2942 3587 hominibus
2993 3538 3321 3587 conversatus
3368 3540 3445 3587 est
3503 3531 3743 3603 (Baruclc

2144 3623 2247 3695 ιιι),
2305 3631 2469 3694 atque
2514 3622 2707 3679 Isaiam
2759 3623 2994 3680 aientem
3044 3624 3332 3681 similiter:
3376 3624 3539 3693 Puer,
3599 3625 3746 3682 Deus

439 3710 884 3790 fortis(1sai.tx,
915 3710 973 3781 6)
1005 3726 1020 3764 :
1048 3710 1145 3768 sed
1166 3710 1474 3782 apostolum
1512 3724 1626 3782 pra:
1668 3710 1877 3768 caeteris
1917 3711 2166 3786 Paulum,
2217 3715 2370 3788 cujus
2398 3717 2514 3773 haec
2563 3724 2648 3773 est
2689 3716 2747 3772 in
2792 3716 3035 3789 Epistola
3083 3733 3175 3774 sua
3207 3718 3275 3774 ad
3302 3717 3569 3791 Ephesios
3623 3736 3746 3777 sen~

436 3804 613 3863 tentia
644 3823 658 3859 :
689 3803 790 3871 Qui
827 3803 1109 3873 descendit,
1140 3807 1251 3877 ipse
1288 3812 1363 3861 est
1399 3814 1449 3860 et
1486 3806 1576 3878 qui
1611 3806 1845 3861 ascendit
1879 3823 2036 3879 super
2071 3825 2250 3866 omnes
2302 3809 2494 3880 εωιοε,
2520 3817 2579 3863 ut
2604 3809 2843 3881 impleret
2882 3810 3061 3865 omnia
3106 3808 3267 3882 (Eph.
3300 3827 3377 3878 ιν,
3416 3811 3503 3883 ,9).
3553 3812 3618 3869 Si
3645 3814 3746 3885 igi-

436 3901 530 3953 utr
563 3893 851 3967 desipienti
889 3895 1100 3953 doctori
1146 3903 1330 3953 vestro
1376 3895 1630 3952 assentiri
1673 3896 1902 3954 velimus
1924 3936 1940 3964 ,
2002 3901 2299 3972 prophetas
2325 3939 2341 3967 ,
2388 3900 2782 3970 evangelistas,
2825 3901 3104 3973 apostolos
3144 3902 3415 3959 haereseos
3457 3906 3749 3962 accusabi-

433 4001 584 4058 mus,
610 3990 706 4060 qui
728 3988 827 4046 Dei
855 3988 1093 4046 Verbum
1132 3989 1368 4046 dixerint
1404 3988 1678 4044 hominem
1715 3988 1917 4046 factum
1941 4005 2085 4059 esse,
2121 3992 2277 4062 quasi
2315 3990 2402 4048 his
2440 3991 2697 4063 loquendi
2738 3989 2917 4047 modis
2959 3990 3275 4051 admiserint
3322 3995 3748 4052 conversionem

433 4077 743 4166 Divinltatis
801 4083 855 4138 in
904 4082 1319 4138 humanitatem.
1376 4081 1580 4137 Verum
1618 4080 1711 4150 qui
1759 4080 1932 4138 Deum
1979 4082 2220 4141 Verbum
2263 4084 2545 4142 hominem
2588 4083 2791 4141 factum
2829 4098 2952 4142 esse
2994 4098 3106 4141 non
3163 4084 3516 4158 conﬁtentur,
3576 4088 3749 4148 iidem

431 4177 726 4265 manifeste
762 4178 1037 4235 Christum
1081 4192 1279 4248 purum
1324 4175 1601 4232 hominem
1646 4175 1877 4247 faciunt,
1928 4191 2027 4249 per
2069 4180 2300 4248 gratiam
2336 4186 2546 4235 tantum
2588 4177 2710 4233 Filii
2756 4177 2854 4235 Dei
2896 4177 3120 4235 nomine
3160 4178 3498 4249 decoratum,
3550 4196 3749 4252 quem-

436 4268 730 4326 admodum
756 4284 985 4327 erronea
1012 4267 1246 4325 Nestorii
1272 4266 1654 4337 Theodorique
1680 4267 1923 4339 magistri
1961 4269 2133 4340 ipsius
2158 4270 2430 4329 sententia
2455 4270 2807 4328 constituitur

512 4360 574 4416 Δῖ
610 4360 712 4434 γάρ
761 4360 889 4415 θεῖαι
934 4361 1160 4432 γραφαί,
1189 4360 1276 4413 καί
1303 4357 1348 4413 οἱ
1375 4356 1511 4433 ἅγιοι
1557 4359 1777 4434 πατέρες
1820 4357 2037 4421 ταύταις

439 4449 863 4516 ἀκολουθοῦντες,
907 4451 1057 4505 αὐτὸν
1087 4448 1174 4504 τὸν
1202 4449 1323 4504 Θεὸν
1367 4447 1507 4523 λόγον
1537 4449 1623 4505 τὸν
1669 4447 1917 4523 ἀόρατον,
1949 4450 2036 4506 τὸν

2216 4360 2419 4417 Divinae
2446 4373 2680 4431 namque
2705 4359 2946 4429 Litterae,
2966 4370 3131 4435 atque
3157 4363 3241 4420 his
3268 4362 3601 4423 inhaerentes
3623 4382 3750 4424 san-

2143 4453 2220 4509 cti
2243 4451 2503 4509 Ecclesiae
2530 4448 2722 4508 Patres
2750 4452 2927 4523 ipsum
2968 4453 3141 4510 Deum
3176 4454 3417 4512 Verbum
3445 4456 3749 4529 invisibile,

438 4542 742 4612 ἀσώματον,
773 4539 857 4595 τὸν
887 4538 940 4593 ἐκ
966 4545 1060 4594 τοῦ
1086 4540 1250 4612 φωτός
1290 4546 1421 4612 φῶς,
1452 4541 1541 4596 τόν
1582 4541 1684 4615 πρὸ
1717 4541 1929 4607 αἰώνων,
1956 4544 2027 4599 καὶ

2141 4544 2388 4616 corporis
2433 4558 2650 4616 expers,
2694 4542 2876 4599 lumen
2902 4544 2973 4601 de
3008 4544 3235 4617 lumine,
3284 4553 3411 4603 ante
3455 4550 3665 4605 saecula
3695 4557 3752 4606 et

438 4632 690 4708 ἃχρόνως
714 4630 769 4684 ἐκ
793 4636 885 4686 τοῦ
913 4630 1111 4703 πατρὸς
1132 4631 1425 4704 γεννηθέντα
1466 4631 1617 4687 αὐτὸν
1648 4632 1929 4698 κατελθεῖν,
1953 4635 2038 4690 καί

438 4726 785 4801 σαρκωθῆναι,
831 4726 914 4778 καί
955 4724 1339 4798 ἐνανθρωπῆσαι
1384 4721 1640 4796 λέγουσιν.
1679 4722 1818 4779 ιιαίό
1846 4724 1938 4794 μέν
1988 4726 2038 4779 ἐν

440 4812 920 4903 ἆγίοιδΓρηγόριος
957 4813 1008 4867 ἐν
1036 4819 1110 4884 τῷ
1146 4811 1277 4883 λόγῳ
1304 4820 1378 4883 τῷ
1407 4816 1481 4873 εἰς
1519 4814 1588 4868 τά
1626 4813 1870 4885 Θεοφάνια
1900 4814 2037 4868 οὕτω

440 4900 641 4983 λέγει’-ε
666 4906 823 4967 Αὐτὸς
845 4906 870 4961 ὸ
898 4914 990 4961 τοῦ
1010 4911 1133 4960 Θεοῦ
1155 4900 1324 4978 λόγος,
1346 4904 1372 4961 ὸ
1394 4907 1717 4981 προαιώνιος,
1738 4905 1765 4961 ὸ
1790 4906 2032 4982 ἀόρατος,

439 4997 469 5055 ὅ
494 4998 870 5075 ἀπερίληπτος,
906 4995 933 5053 ό
961 4998 1261 5068 ἀσώματος,
1290 4997 1321 5054 ἡ
1351 4997 1403 5051 ἐκ
1441 5003 1533 5057 τῆς
1562 4998 1735 5071 ἀρχῆς
1774 4998 1944 5071 ἀρχή,
1974 4999 2034 5055 τὸ

439 5091 499 5147 iu
530 5096 622 5146 τοῦ
647 5091 813 5162 φωτὸς
851 5096 978 5162 φῶς,
1011 5089 1041 5146 ἡ
1078 5090 1216 5158 πηγή
1244 5094 1334 5146 τῆς
1364 5089 1496 5152 ζωῆς
1525 5088 1605 5141 καὶ
1634 5094 1724 5146 τῆς
1754 5086 2037 5148 ἀθανασίας

439 5190 502 5247 τὸ
529 5189 793 5262 ἐκμαγεῖον
821 5191 911 5241 τοῦ
945 5184 1277 5263 ἀρχετύπου,
1309 5184 1339 5241 ἡ
1366 5187 1437 5253 μή
1484 5182 1744 5254 κινουμένη
1790 5185 2030 5255 σφραγίς,

439 5284 473 5345 ἦ
500 5282 887 5357 ἀπαράλλακτος
912 5281 1076 5344 εἰκών,
1109 5278 1135 5334 ὁ
1164 5285 1253 5334 τοῦ
1280 5278 1479 5353 πατρὸς
1506 5274 1624 5350 ὄρος
1668 5279 1753 5333 καὶ
1779 5276 1921 5351 λόγος
1949 5279 2036 5333 ἒπί

438 5382 529 5437 τὴν
571 5375 698 5433 ἰδίαν
729 5376 891 5431 εἰκόνα
916 5380 1088 5448 χωρεῖ
1113 5374 1200 5428 καὶ
1234 5373 1409 5447 σάρκα
1444 5378 1590 5445 ςορεῖ
1615 5369 1697 5426 διά
1724 5376 1811 5430 τήν
1838 5374 2029 5445 σάρκα,

441 5470 529 5524 καὶ
558 5468 712 5539 ψυχὴ
738 5468 888 5543 νοερά
916 5464 999 5522 διὰ
1027 5469 1116 5524 τήν
1144 5462 1265 5538 ἐμὴν
1294 5463 1473 5533 ψυχήν
1503 5465 1759 5534 μίγνυται,
1785 5470 1857 5535 τῷ
1878 5463 2034 5536 ὁμοίῳ

440 5561 503 5617 τὸ
536 5559 704 5630 ὅμοιον
726 5559 1096 5633 άνακαθαίρων,
1112 5559 1198 5612 καὶ
1217 5557 1380 5613 πάντα
1405 5560 1595 5628 γίνεται
1616 5556 1739 5616 πλήν
1760 5566 1846 5618 τῆς
1869 5556 2033 5629 ἆμαρ·

443 5655 556 5713 τίας
586 5649 881 5724 ἅνθρωπος,
907 5652 1103 5711 κυηϐείς
1131 5652 1189 5704 ἑκ
1218 5659 1309 5711 τῆς
1335 5651 1579 5726 παρθένου
1628 5654 1710 5705 καὶ
1739 5650 1919 5722 ψυχήν
1949 5654 2034 5704 καὶ

441 5748 618 5827 σάρκα
662 5745 1093 5819 προκαθαροείσης
1133 5751 1205 5814 τῷ
1247 5747 1515 5818 πνεύματι·
1547 5742 1648 5800 ἔδει
1675 5747 1773 5819 γάρ
1808 5746 1894 5798 καὶ
1918 5745 2033 5818 γέν-

441 5836 909 5913 νησιντιμηθῐηαι,
942 5840 1025 5895 καὶ
1058 5839 1329 5916 παρθενίαν
1367 5840 1752 5915 προτιμηθῆναι.
1776 5858 1794 5891 ι
1829 5837 1903 5895 Τὰ
1932 5859 2034 5898 πα·

2143 4644 2390 4709 tempora
2418 4651 2488 4692 ex
2513 4636 2677 4692 Patre
2703 4636 2980 4709 genitum,
3010 4638 3115 4696 hoc
3157 4639 3300 4696 idem
3335 4639 3663 4710 advenisse,
3696 4651 3754 4701 et

2143 4729 2482 4787 incarnatnm
2512 4743 2653 4797 esse,
2684 4736 2741 4786 et
2767 4731 3044 4788 hominem
3084 4732 3286 4790 factum
3329 4748 3453 4791 esse
3495 4734 3754 4793 disertis-

2142 4821 2281 4878 sime
2302 4821 2647 4878 conlitentur.
2674 4822 2907 4879 Sanctus
2934 4824 3080 4879 enim
3098 4822 3392 4893 Gregorius
3410 4823 3465 4878 in
3487 4839 3753 4883 sermone

2144 4908 2214 4966 de
2239 4908 2627 4982 Theopltaniis,
2648 4928 2747 4969 seu
2766 4913 2834 4969 de
2853 4913 3053 4969 Christi
3080 4913 3373 4971 Nativitate
3397 4915 3515 4971 haec
3545 4916 3719 4974 habet
3744 4936 3758 4972 :

2151 5020 2171 5055 ε
2196 5001 2378 5074 Ipsum
2399 5002 2496 5059 Dei
2517 5003 2785 5061 invisibile
2809 5004 3065 5074 Verbum,
3090 4996 3417 5061 ille'smculis
3442 5007 3757 5077 antiquior,

2144 5090 2235 5171 ille
2257 5091 2834 5163 incomprehensibilis,
2862 5094 2955 5150 ille
2982 5094 3366 5166 incorporeus,
3396 5095 3533 5152 illud
3559 5097 3680 5152 lum
3692 5113 3760 5152 en

2143 5194 2215 5238 ex
2243 5183 2465 5253 lumine,
2490 5198 2562 5242 ex
2590 5184 2855 5256 principio
2883 5184 3227 5255 principium,
3252 5185 3375 5243 fons
3402 5184 3530 5242 vitae
3558 5195 3617 5244 et
3654 5187 3761 5242 im-

2142 5278 2509 5346 mortalitatis,
2541 5278 2632 5334 illa
2660 5279 2939 5350 archetypi
2962 5282 3272 5351 expressio,
3295 5281 3427 5337 illud
3453 5281 3749 5339 immotum

2141 5370 2410 5441 sigillum,
2459 5370 2550 5426 illa
2594 5385 2693 5441 per
2731 5371 2917 5427 omnia
2962 5372 3153 5428 similis
3192 5374 3393 5444 imago,
3432 5373 3524 5429 ille
3564 5373 3749 5430 Patris

2138 5463 2401 5519 terminus
2441 5470 2497 5518 et
2535 5462 2706 5529 ratio;
2748 5462 2857 5530 ille,
2898 5464 3140 5533 inquam,
3172 5463 3241 5519 ad
3266 5464 3557 5535 imaginem
3580 5479 3745 5520 suam

2138 5574 2200 5614 sc
2251 5556 2482 5623 confert,
2513 5565 2567 5613 et
2607 5572 2825 5613 carnem
2869 5557 2939 5613 ob
2982 5572 3203 5615 carnem
3240 5560 3400 5629 gerit,
3449 5569 3504 5616 et
3542 5561 3745 5619 animm

2138 5647 2490 5703 intellectuali
2530 5656 2751 5719 propter
2781 5648 3014 5702 animam
3060 5665 3236 5706 meam
3266 5651 3527 5721 jungitur,
3560 5662 3618 5707 ut
3658 5655 3743 5710 si-

2134 5743 2264 5799 mile
2313 5757 2412 5813 per
2462 5742 2637 5799 simile
2682 5752 2966 5817 repurget,
3018 5752 3183 5815 atque
3234 5746 3470 5803 humana
3526 5748 3740 5818 omnia,

2135 5841 2366 5909 excepto
2392 5846 2637 5909 peccato,
2668 5836 2912 5919 suscipit,
2944 5846 3240 5911 conceptus
3266 5839 3485 5912 quidem
3511 5856 3579 5901 ex
3602 5840 3742 5899 Vir-
