3988 6346
205 289 289 351 Ni

1319 272 1690 335 JUSTINIANI
1724 272 1863 332 IMP.
1903 269 2249 330 EPISTOLA.

3314 273 3425 335 282

208 399 426 486 ραπλῆσια
448 392 500 452 δέ
525 393 607 450 καί
634 392 662 486 ὸ
692 391 747 486 iv
775 389 938 467 ἁγίοις
971 388 1269 486 ςᾼθανὰσιος
1375 400 1448 486 τῷ
1473 395 1594 486 περὶ
1635 398 1728 486 τοῦ
1755 442 1760 455 ,

1865 389 1977 458 ine,
2008 387 2211 456 animo,
2240 393 2298 446 et
2323 399 2555 460 corpore
2582 399 2614 443 a
2641 387 2846 462 Spiritu
2886 397 3251 466 praepurgata;
3296 405 3425 451 nam

209 480 324 569 iqiov
348 487 613 560 πνεύματος
647 484 780 556 λόγῳ
817 485 948 542 κατᾶ
971 480 1243 564 Ἀριιανῶν
1268 481 1405 541 οὕτω
1430 483 1581 559 λέγει’
1619 499 1640 536 ε
1674 481 1736 540 '0

207 584 410 663 γεννηθεὶς
447 577 624 634 ἄνωθεν
670 579 726 632 ix
762 581 856 634 τοῦ
904 579 1101 652 πατρὸς
1138 576 1404 654 ἀρῤήτως,
1434 574 1736 651 ἀφράστως,

207 675 553 739 ἆγαταλῆπτως,
578 668 774 736 ἆίδίως,
799 668 948 732 αὐτὸς
975 669 1026 724 έν
1055 669 1231 746 χρόνῳ
1253 673 1492 741 γεννᾶται
1517 669 1738 725 κάτωθεν

205 773 246 826 ἐκ
267 778 344 830 τῆς
373 767 607 843 παρθένου
652 764 872 841 Μαρίας.
902 779 922 814 ι
950 764 1042 818 Καὶ
1079 762 1229 818 πάλιν
1260 760 1357 818 όέν
1390 759 1550 836 ἁγίοις
1581 761 1742 817 Bazai—

205 862 304 922 λειος
333 859 450 936 πρὸς
478 855 798 930 ’Δμφιλόχιον
841 856 1046 932 γράφων
1088 856 1143 911 έν
1175 862 1250 930 τῷ
1287 851 1447 929 ὀγδόῳ
1490 853 1742 927 κεφαλαίῳ

203 953 328 1013 circa;
353 946 497 1007 εἶπενο
529 967 549 1001 ε
573 950 647 1004 Οὐ
673 950 773 1023 γὰρ
797 955 1040 1004 τοσοῦτον
1071 947 1308 1032 οξρανὸς,
1336 949 1420 1002 καὶ
1445 953 1532 1020 γῆ,
1564 947 1648 1002 καί
1676 947 1744 1002 τὰ

204 1043 352 1114 μεγέθη
385 1045 476 1096 τῶν
500 1039 757 1113 πελαγῶν,
782 1041 870 1095 καί
897 1041 966 1096 τὰ
1014 1039 1064 1093 ἐν
1097 1037 1256 1094 ὕδασι
1303 1035 1629 1109 διαιτώμενα,
1661 1039 1747 1092 καί

202 1135 250 1190 τά
273 1138 483 1206 χερσαῖα
516 1138 620 1188 τῶν
648 1133 807 1198 ζώων,
838 1134 920 1188 καί
954 1131 1106 1205 φυτὰ,
1140 1133 1228 1187 καί
1253 1131 1488 1206 ἀστέρες,
1511 1131 1596 1185 καί
1622 1129 1744 1206 ἀὴρ,

202 1225 268 1277 καί
302 1219 448 1294 ὧραι,
488 1223 576 1276 καί
615 1222 647 1280 ἡ
689 1221 888 1280 ποικίλη
932 1225 1024 1277 τοῦ
1067 1221 1256 1282 παντὸς
1303 1217 1644 1291 διακόσμησις
1689 1217 1748 1275 τὸ

201 1316 423 1391 ὑπερέχον
443 1324 532 1375 τῆς
564 1315 759 1386 ἰσχύος
788 1315 1109 1380 συνίστησιν,
1140 1312 1258 1370 ὅσον
1285 1314 1344 1371 τὸ
1371 1311 1641 1373 δυνηθῆναι
1665 1313 1750 1369 τὸν

199 1409 295 1464 Θεὸν
324 1409 399 1463 τὸν
439 1409 716 1483 ἀχὼρητον
763 1408 976 1470 ἀπαθῶς
1020 1405 1104 1463 διὰ
1149 1406 1346 1481 σαρκὸς
1393 1397 1751 1477 συμπλακῆναι

200 1505 256 1568 τῷ
275 1500 474 1571 θανάτῳ,
502 1501 591 1555 ἴνα
621 1500 744 1570 ἡμῖν
770 1505 842 1570 τῷ
871 1495 981 1570 ἰδίῳ
1025 1498 1180 1554 πάθει
1205 1502 1296 1557 τὴν
1321 1497 1563 1552 ἀπάθειαν
1591 1497 1753 1568 χαρί-

199 1611 339 1647 σηται.
365 1606 384 1641 ι
413 1589 556 1646 Ἀλλά
605 1592 694 1646 καί
738 1588 765 1645 ὁ
806 1591 858 1644 iv
897 1590 1060 1664 ἁγίοις
1092 1591 1435 1664 Αὖγουστῖνος
1462 1589 1752 1656 ⁶έγτίσιιοπος

198 1681 240 1735 ix
259 1690 334 1744 τῆς
355 1689 448 1737 τῶν
472 1681 666 1758 ’Δφρῶν
695 1685 878 1759 χώρας
899 1683 947 1738 ἐν
972 1691 1036 1759 τῇ
1059 1686 1180 1760 περί
1205 1689 1295 1739 τοῦ
1326 1682 1584 1755 συμϐόλου
1615 1680 1754 1738 ἐκθέ-

1838 489 1898 541 et
1921 480 2272 538 Nativitatem
2317 478 2530 537 honore
2575 479 2740 551 aflici,
2782 491 2840 538 et
2885 483 3248 554 virginitatem
3289 500 3430 557 prte-

1839 571 1970 631 ferri
2013 571 2318 644 oportebat.
2355 590 2375 624 ι
2404 569 2580 627 Simili
2626 586 2849 643 prorsus
2893 573 3056 630 modo
3104 573 3432 634 Athanasius

1841 661 2092 719 edisserit
2117 662 2171 718 in
2196 676 2264 717 ea
2298 661 2547 718 oratione
2589 675 2712 732 quae
2751 660 3009 718 adversus
3052 663 3282 723 Arianos
3325 676 3430 733 est,

1842 751 1913 810 de
1937 752 2144 824 Spiritu
2167 761 2376 809 sancto.
2414 770 2436 805 r
2471 752 2588 819 Ille,
2621 752 2813 824 inquit,
2844 754 2938 823 qui
2965 769 3176 810 sursum
3203 757 3254 811 in
3282 758 3436 814 coclis

1843 859 1913 902 ex
1935 843 2095 900 Patre
2140 843 2353 914 genitus
2393 851 2512 900 erat
2549 843 2910 914 ineffabiliter,
2962 845 3433 916 inexplicabilitcr,

1845 935 2272 1004 immutabiliter,
2301 944 2504 992 aeterne
2536 953 2550 989 :
2582 935 2698 1006 ipse
2727 936 2782 991 in
2805 933 2966 994 terris
2995 936 3250 994 deorsum
3281 942 3437 1011 geni-

1846 1035 1935 1084 tus
1973 1034 2057 1084 est
2097 1025 2154 1082 in
2184 1034 2432 1098 tempore
2457 1041 2526 1082 ex
2555 1025 2774 1097 Virgine
2799 1025 2988 1084 Maria.
3027 1046 3049 1083 ι
3083 1027 3312 1088 Basilius
3337 1047 3438 1102 pa.

1847 1120 1981 1177 riter
2009 1128 2204 1177 octavo
2231 1118 2354 1175 libri
2374 1119 2446 1176 ad
2463 1119 2896 1192 Amphilochium
2923 1123 3102 1194 capite
3122 1124 3200 1181 sic
3217 1125 3438 1182 scribit:

1856 1239 1878 1276 ι
1909 1221 2097 1293 Neque
2123 1221 2268 1278 enim
2295 1223 2494 1280 cmlum
2533 1237 2597 1279 ac
2631 1230 2796 1294 terra,
2839 1224 3210 1298 immensaque
3246 1228 3442 1298 maria,

1850 1328 1953 1371 nec
1981 1313 2297 1382 animantia,
2343 1315 2430 1371 vel
2464 1315 2518 1371 in
2559 1316 2732 1386 aquis,
2763 1316 2850 1373 vel
2878 1317 2934 1375 in
2972 1320 3138 1376 terris.
3167 1322 3442 1392 degentia,

1850 1422 1956 1465 nec
1994 1407 2212 1478 plantae,
2239 1420 2344 1464 nec
2369 1417 2538 1475 astra,
2568 1423 2672 1464 nec
2698 1423 2814 1476 aer,
2843 1424 2947 1467 nec
2979 1411 3149 1481 horae,
3179 1427 3282 1468 nec
3305 1413 3444 1470 mul-

1853 1499 2022 1570 tiplex
2051 1498 2290 1556 universi
2329 1506 2554 1556 ornatus
2589 1500 2965 1558 excellentiam
3008 1505 3264 1575 potentiae
3303 1505 3446 1562 illius

1853 1593 2012 1651 nobis
2057 1591 2289 1665 perinde
2331 1593 2739 1660 commendant,
2785 1601 2948 1666 atque
2993 1597 3136 1668 quod
3179 1597 3322 1654 Deus
3359 1597 3448 1654 in-

1859 1685 2361 1756 comprehensibilis
2393 1685 2472 1742 sic
2499 1701 2598 1757 per
2635 1701 2852 1742 carnem
2880 1687 3218 1746 conflictatus
3243 1699 3324 1748 est
3343 1731 3361 1759 ,
3387 1699 3449 1748 ut
3486 1691 3489 1695 ’

195 1794 259 1829 tm
269 1782 418 1830 ταῦτα
431 1775 541 1848 λέγε
549 1791 586 1830 ι·
611 1793 631 1828 ε
650 1778 772 1833 Εἰπέ
787 1779 872 1832 καί
887 1779 954 1833 σὺ
970 1777 1024 1845 *⁵,
1037 1777 1334 1851 ’Δμϐακούμ
1348 1783 1609 1853 προφῆτα,
1620 1797 1756 1852 μαρ-

1865 1777 1977 1848 ipsa
2001 1775 2252 1832 divinitas
2278 1777 2412 1832 nihil
2441 1787 2748 1848 pateretur,
2793 1795 2901 1851 quo
2939 1781 3096 1838 nobis
3134 1797 3231 1838 sua
3273 1792 3450 1842 morte

195 1869 343 1942 τνρίαν
384 1873 500 1938 περὶ
545 1876 638 1926 τοῦ
674 1877 922 1946 Χριστοῦ.
952 1870 1134 1947 Κύριε,
1163 1873 1333 1944 φησίν,
1363 1873 1640 1930 εἱσακήκοα
1665 1874 1756 1930 τήν

191 1963 313 2023 ἀκοήν
333 1985 444 2033 σου,
466 1967 554 2024 καί
581 1967 844 2038 ἐφοϐήθην
873 1949 1159 2025 κατενόησα
1182 1961 1252 2022 τοὶ
1275 1964 1402 2044 ἴργα
1419 1985 1537 2031 σου,
1561 1965 1587 2020 ό
1613 1966 1754 2032 Θεὸς,

192 2057 258 2108 καί
300 2055 509 2121 ἐξέστην.
553 2076 576 2109 ι
624 2065 753 2114 Ποῖα
801 2056 929 2135 ἔργα
978 2065 1071 2115 τοῦ
1115 2064 1243 2114 Θεοῦ
1289 2054 1440 2120 οὗτος
1487 2057 1760 2129 θαυμάσας

189 2143 366 2210 ἐξέστω
393 2151 461 2220 μή
488 2171 542 2206 τι
571 2152 661 2209 τήν
699 2150 865 2205 κτίσιν
907 2155 1000 2206 τοῦ
1042 2148 1265 2222 κόσμου;
1291 2153 1362 2222 μή
1409 2150 1624 2223 γένοιτο³
1655 2146 1760 2203 ἀλλ’

187 2228 382 2292 ἄκουσον
423 2240 561 2316 πρὸς
595 2261 647 2295 τι
683 2240 881 2305 ἐξέστη.
921 2256 942 2292 ε
967 2237 1048 2295 Ἐν
1072 2241 1250 2313 μέσῳ,
1291 2241 1450 2312 φησί,
1480 2237 1573 2295 δύο
1615 2241 1756 2304 ζώων

184 2331 534 2398 γνωσθήσονται
561 2333 627 2389 τὰ
656 2330 792 2409 ἔργα
835 2354 935 2389 σου
955 2349 968 2364 ⁸
1011 2331 1091 2389 ὅτι
1117 2335 1184 2388 σὺ
1215 2331 1242 2389 ό
1281 2334 1409 2395 Θεὸς
1451 2332 1596 2406 λόγος
1623 2333 1756 2407 σάρξ

185 2415 354 2489 έγένου*
377 2422 427 2476 ἐν
451 2424 601 2495 μέσῳ
627 2421 720 2479 δύο
739 2425 880 2490 ζώων
903 2425 1194 2497 γνωσθήσῃ.
1221 2426 1314 2486 Τίς
1341 2421 1407 2480 ὧν
1435 2425 1600 2500 μέχρι
1626 2443 1759 2485 τινος
1791 2423 1796 2432 ’

182 2511 392 2574 Μέθης.
421 2513 695 2575 Ἐκστῆναί
721 2536 784 2589 με
813 2517 1128 2582 πεποίηκας,
1155 2513 1238 2573 ότι
1265 2515 1291 2571 ὸ
1315 2516 1487 2588 λόγος,
1519 2513 1586 2571 δι’
1607 2514 1664 2570 οὗ
1690 2520 1759 2573 τά

179 2599 327 2656 πάντα
352 2603 553 2680 ἐγένετο
578 2606 626 2660 ἓν
648 2607 808 2680 φάτνῃ
850 2605 1086 2677 έτέχθῇς.
1111 2621 1131 2658 ι
1157 2607 1234 2662 Τὰ
1264 2603 1417 2678 ὅμοια
1460 2603 1516 2662 δέ
1545 2607 1628 2662 καί
1654 2604 1680 2662 ὁ
1709 2608 1760 2662 ἐν

176 2686 321 2760 ἆγὶοις
363 2694 508 2750 Λέων
549 2696 731 2758 πάπας
775 2698 966 2768 Ῥώμης
995 2697 1048 2751 iv
1093 2704 1157 2771 τῇ
1198 2697 1326 2774 πρὸς
1368 2696 1644 2752 Φλαυιανὸν
1669 2699 1758 2753 τὸν

175 2779 579 2854 ἆρχιεπίσκοπον
618 2788 1197 2850 Κωνσταντινουπόλεως
1223 2789 1465 2865 ἐπιστολῇ
1497 2789 1662 2850 οὕτως
1684 2784 1759 2843 εἶ-

173 2888 266 2926 πεν
295 2892 316 2926 ε
345 2873 407 2930 ὀ
432 2877 641 2954 ἀπαθής
676 2879 800 2940 Θεὸς
829 2881 916 2936 οὐκ
958 2881 1218 2945 ἀπηξίωσε
1245 2881 1467 2943 παθητὸς
1513 2875 1636 2938 εἶναι
1669 2878 1759 2937 ἆν-

169 2961 376 3038 θρωπος,
408 2971 505 3026 καί
527 2968 553 3025 ό
574 2972 820 3033 ἀθάνατος
845 2972 1017 3044 νόμοις
1040 2973 1350 3029 ὑποκεῖσθαι
1375 2973 1646 3030 θανάτου.»

1859 1869 2148 1940 largiretur
2174 1869 2656 1940 immortalitatem.
2695 1890 2716 1924 ι
2748 1870 2980 1929 Sanctus
3007 1873 3171 1930 etiam
3197 1874 3452 1945 Augusti-

1859 1974 1962 2016 nus
1989 1959 2256 2015 Africanac
2284 1957 2562 2029 cujusdam
2590 1959 2825 2017 civitatis
2858 1963 3166 2034 episcopus,
3200 1965 3255 2020 in
3283 1981 3453 2038 expo-

1861 2048 2058 2105 sitione
2085 2046 2328 2120 Symboli
2355 2047 2573 2105 disserit
2599 2049 2652 2104 in
2679 2049 2827 2106 hunc
2861 2051 3082 2108 modum
3108 2069 3122 2107 :
3172 2071 3192 2106 ι
3221 2052 3454 2111 Protulit

1861 2138 1959 2195 tibi
1980 2137 2371 2212 [Gmaproter
2397 2147 2452 2194 et
2478 2148 2534 2195 tu
2539 2161 2558 2212 ι
2580 2138 2837 2198 Habacuc
2855 2143 3123 2213 propheta
3147 2143 3216 2199 dc
3237 2143 3454 2203 Christo

1863 2231 2272 2288 testimonium:
2308 2231 2554 2299 Domine,
2597 2232 2865 2305 inquiens,
2913 2235 3087 2290 audivi
3135 2237 3456 2294 auditionem

1865 2330 2027 2390 tuam,
2037 2332 2089 2378 et
2111 2323 2275 2391 timui,
2289 2323 2526 2380 intellexi
2547 2342 2707 2394 opera
2721 2335 2826 2396 tua,
2844 2323 3007 2398 Deus,
3020 2337 3070 2383 et
3083 2330 3286 2399 expavi.
3304 2330 3456 2398 Ωιιως

1864 2432 1990 2472 nam
2029 2431 2195 2489 opera
2224 2418 2322 2475 Dei
2360 2419 2450 2474 hic
2479 2419 2775 2478 admiratus
2803 2421 3055 2493 expavit?
3088 2422 3228 2479 Num
3269 2425 3456 2482 mundi

1864 2508 2237 2565 creationem?
2265 2508 2640 2582 Nequaquam.
2667 2511 2778 2568 Cur
2803 2521 2986 2570 autem
3018 2515 3316 2586 expaverit,
3360 2530 3456 2573 ac-

1866 2601 2004 2673 cipe.
2029 2601 2089 2658 In
2109 2601 2506 2676 medio,inquit,
2530 2604 2761 2662 duorum
2788 2606 3101 2662 animalium
3123 2617 3458 2680 cognoscen-

1868 2701 1956 2749 tur
1987 2709 2156 2764 opera
2190 2701 2305 2764 tua,
2327 2694 2488 2763 Deus,
2518 2696 2778 2766 quoniam
2813 2705 2871 2753 tu
2897 2697 3040 2755 Deus
3065 2697 3303 2756 Verbum
3330 2715 3460 2758 caro

1868 2785 2072 2843 factum
2091 2787 2150 2843 in
2168 2785 2350 2843 medio
2379 2787 2609 2844 duorum
2639 2789 2948 2845 animalium
2977 2791 3298 2848 innotesces.
3323 2790 3460 2860 Qua-

1869 2879 1936 2936 lis
1963 2895 2090 2935 cum
2125 2893 2297 2943 esses,
2321 2893 2493 2948 usque
2514 2893 2623 2948 quo
2651 2879 3009 2936 descendisti!
3041 2880 3461 2952 Obstupefacero
3542 2909 3544 2914 λ

1868 2984 1960 3026 me
1986 2969 2180 3037 fecisti,
2211 2969 2472 3040 quoniam
2515 2969 2777 3040 Verbum,
2807 2986 2907 3043 per
2949 2987 3111 3043 quem
3151 2972 3293 3030 facta
3333 2982 3462 3032 sunt

1880 3064 2082 3132 omnia,
2104 3063 2160 3119 in
2185 3077 2428 3135 praesepe
2456 3071 2614 3121 natus
2641 3079 2752 3120 es.»
2785 3064 2990 3121 Horum
3016 3065 3208 3122 similia
3245 3074 3462 3125 sanctus

165 3143 253 3206 Leo
283 3149 586 3208 Romanus
605 3152 849 3224 pontifex
875 3152 1042 3210 habet
1060 3154 1116 3212 in
1144 3155 1374 3225 epistola
1402 3156 1472 3214 ad
1499 3156 1815 3214 Fiavianum
1839 3155 2308 3228 archiepiscopum
2347 3154 3022 3226 Constantinopolitanum.
3055 3176 3074 3211 ε
3096 3143 3462 3230 impassibilis,

166 3238 345 3314 inquit,
380 3241 537 3301 Deus
573 3261 685 3302 non
727 3246 1043 3318 dedignatus
1069 3255 1153 3304 est
1177 3261 1300 3305 esse
1341 3249 1506 3306 homo
1535 3248 1826 3325 passibilis,
1854 3257 1911 3305 et
1935 3247 2254 3304 immortalis
2280 3243 2471 3302 mortis
2496 3245 2703 3315 legibus
2729 3246 3030 3317 subjacere.
3061 3263 3081 3300 ι

221 3340 312 3392 καί
335 3343 523 3394 ταῦτα
545 3340 638 3410 μέν
675 3340 728 3396 αἶ
757 3360 815 3396 τε
853 3343 982 3396 θεῖαι
1013 3343 1238 3418 γραφαί,
1278 3344 1364 3396 καί
1399 3342 1445 3397 οἱ
1485 3341 1619 3416 ἅγιοι
1661 3363 1760 3399 πα-

1938 3337 1999 3394 ln
2029 3339 2171 3393 hanc
2198 3337 2362 3408 igitur
2391 3339 2717 3394 sententiam
2737 3338 2932 3418 divinae
2946 3339 3164 3397 Litterae
3181 3343 3464 3415 sanctique

167 3428 290 3503 είρις
324 3432 618 3505 εἰρήκασινο
665 3429 785 3489 ὅσον
830 3432 884 3490 δέ
929 3435 1062 3509 πρὸς
1104 3437 1224 3498 τοὺς
1264 3435 1544 3510 ὑμετέρους
1585 3435 1764 3509 λόγους

167 3527 468 3601 κατηγορίας
506 3527 634 3583 εἰσίν
675 3523 836 3596 ἄξιοι,
881 3528 951 3589 ὡς
995 3528 1265 3600 σύγχυσιν
1305 3536 1396 3588 τῆς
1433 3529 1655 3601 σαρκὸς,
1683 3530 1766 3584 καί

170 3623 246 3680 τῆς
287 3617 536 3681 θεότητος
580 3620 900 3694 εἰσάγοντες,
939 3618 1114 3681 ἔπειδή
1153 3621 1309 3676 αὐτὸν
1347 3621 1436 3676 τὸν
1462 3621 1584 3676 Θεὸν
1619 3621 1767 3694 λόγον

168 3703 422 3786 ἄνθρωπον
449 3713 758 3791 γεγενῆσθαι
781 3715 1040 3788 εἰρήκασιν
1059 3751 1076 3779 ,
1121 3712 1274 3770 ὁπότε
1309 3716 1395 3770 καί
1420 3715 1506 3769 τὸν
1534 3713 1582 3767 ἐν
1605 3711 1768 3788 ἁγίοις

169 3800 381 3877 rapui»
409 3803 630 3878 λέγοντα
653 3803 814 3871 αὐτὸν,
828 3803 916 3860 τὸν
937 3803 1057 3860 Θεὸν
1077 3802 1220 3878 λόγον
1241 3801 1506 3883 ἄνθρωπον
1530 3807 1768 3879 γενέσθαι

168 3893 426 3967 σύγχυσιν
458 3899 687 3972 εἰσάγειν
731 3897 815 3955 διὰ
853 3903 1049 3956 τούτων
1085 3908 1186 3955 τῶν
1220 3899 1468 3974 ῥημάτων
1508 3906 1766 3980 εἰρήκατε.

167 3994 265 4041 ¹Οτι
286 3987 337 4044 δὲ
360 3988 388 4046 ό
408 3995 508 4051 τήν
532 3990 801 4051 ἐπιστολὴν
820 3991 1028 4071 γράψας
1049 4001 1111 4068 τῇ
1135 3991 1400 4068 Θεοδώρου
1423 3994 1769 4067 κατεχόμενος

328 4087 603 4162 ἠρνήσατο
629 4086 718 4140 τὸν
753 4085 874 4140 Θεὸν
914 4084 1057 4158 λόγον
1099 4082 1364 4161 ἄνθρωπον
1391 4086 1668 4160 γεγονέναι,
1717 4089 1771 4154 ἐξ

167 4173 319 4231 αὐτῶν
350 4175 611 4249 δείξωμεν
645 4184 747 4233 τῶν
778 4177 912 4235 κατὰ
941 4175 1292 4256 ’Λπολιναρίου
1327 4185 1422 4235 τοῦ
1448 4181 1675 4242 ἀσεϐοῦς
1694 4186 1770 4250 τῷ

166 4263 292 4340 αὐτῷ
317 4268 580 4344 αἰρετικῷ
609 4265 859 4344 Θεοδώρῳ
879 4270 1192 4345 γραφέντων.
1219 4267 1296 4325 Ἐν
1317 4272 1418 4345 γὰρ
1439 4279 1509 4342 τῷ
1537 4279 1770 4345 τετάρτῳ

168 4347 279 4437 ut]?
297 4362 485 4435 γράφει
509 4359 702 4422 οὕτως·
732 4377 752 4412 ε
783 4359 1058 4418 Δεδωκέναι
1085 4365 1170 4418 σοί
1202 4383 1344 4423 τινας
1379 4369 1482 4418 τῶν
1516 4363 1772 4437 ἡμετέρων

166 4436 304 4510 εἶπας
327 4453 396 4507 τὰ
426 4453 526 4507 οὐκ
555 4447 616 4508 ἄν
640 4471 763 4507 ποτε
792 4449 1002 4508 δοθέντα
1029 4455 1172 4527 παρὰ
1197 4473 1332 4513 τινος
1355 4459 1454 4509 τῶν
1475 4459 1566 4513 τῆς
1597 4454 1772 4513 ἔκκλη-

169 4551 433 4605 σιαστικῆς
467 4544 792 4616 ἀὺτέχεσθαι
829 4541 979 4610 δόξης
1014 4543 1428 4602 ἐσπουδακότων.
1467 4544 1773 4602 Ἐπυνθανό-

165 4629 288 4698 (nec:
318 4635 418 4710 γὰρ
457 4637 505 4692 εί
539 4636 629 4693 τὸν
661 4634 783 4692 Θεὸν
813 4635 954 4708 λόγον
983 4635 1310 4708 ὁμολογοῦσιν
1338 4633 1604 4708 ἄνθρωπον
1624 4653 1772 4711 γεγε-

1868 3428 2060 3486 Patres
2080 3429 2395 3500 loquuntur,
2413 3437 2592 3486 vestra
2613 3415 2821 3487 scilicet
2849 3431 3116 3488 sententia
3142 3434 3462 3504 castigandi.

1869 3533 2134 3596 tanquam
2185 3525 2365 3581 carnis
2418 3523 2825 3596 divinitatisque
2878 3525 3255 3586 confusionem
3304 3530 3463 3588 indu-

1868 3623 2088 3684 oentes,
2143 3631 2268 3674 cum
2321 3615 2425 3688 ipsi
2485 3631 2704 3689 quoque
2747 3617 2845 3674 Dei
2896 3617 3136 3676 Verbum
3185 3621 3464 3682 hominem

1869 3707 2072 3768 factum
2100 3724 2222 3770 esse
2257 3709 2458 3768 diserte
2483 3712 2868 3782 pronuntient,
2897 3712 3089 3771 eadem
3116 3731 3338 3786 prorsus
3375 3733 3465 3774 ra-

1869 3801 2024 3858 tione
2071 3816 2180 3872 qua
2226 3800 2489 3874 Cyrillum
2537 3802 2790 3870 aientem,
2842 3803 3022 3876 ipsum
3073 3804 3172 3863 Dei
3225 3802 3465 3864 Verbum

1870 3891 2148 3949 hominem
2175 3890 2377 3949 factum
2415 3907 2559 3962 esse,
2585 3895 2740 3965 quasi
2778 3894 3110 3952 confusionis
3140 3897 3247 3954 hoc
3287 3897 3468 3954 aiendi

1870 3985 2036 4043 modo
2056 3986 2414 4055 invectorem,
2432 3987 2766 4045 traduxistis.
2782 3988 3049 4044 Cret-erum
3063 3989 3304 4060 epistolae
3325 3989 3468 4047 illius

1871 4086 2156 4136 auctorem
2209 4078 2483 4137 Theodori
2543 4079 2912 4136 deliramentis
2966 4089 3187 4151 captum
3239 4096 3468 4151 negasse

1872 4168 2046 4226 Deum
2071 4169 2310 4227 Verbum
2351 4170 2630 4226 hominem
2665 4169 2865 4225 factum
2895 4184 3018 4226 esse
3058 4168 3235 4239 fateri,
3276 4187 3348 4228 ex
3384 4173 3469 4231 his

1872 4261 2159 4319 manifeste
2205 4263 2588 4326 conclusimus,
2633 4277 2756 4332 quae
2797 4263 2865 4318 ab
2895 4263 3013 4334 ipso
3042 4264 3111 4320 ad
3153 4267 3469 4326 hmreticum

1873 4351 2222 4410 Theodorum
2277 4361 2464 4410 contra
2527 4353 2752 4423 impium
2811 4353 3204 4426 Apollinarium
3266 4361 3468 4434 scripta

1874 4459 2020 4508 sunt.
2052 4447 2178 4507 Haec
2205 4451 2406 4523 quippe
2426 4451 2483 4507 in
2511 4461 2706 4522 quarto
2731 4467 2982 4511 sermone
3003 4457 3185 4514 scribit
3217 4476 3232 4515 :
3267 4479 3286 4514 ι
3322 4460 3470 4518 Dixi-

1873 4543 1944 4599 sti
1973 4541 2236 4612 quosdam
2265 4558 2336 4600 ex
2377 4544 2578 4601 nostris
2613 4545 2872 4603 nonnulla
2915 4549 3119 4606 sentire
3157 4566 3280 4622 qua:
3326 4569 3469 4610 nun-

1875 4646 2041 4704 quam
2069 4633 2134 4690 iis
2165 4635 2393 4708 probata
2431 4645 2557 4693 sunt
2589 4636 2682 4707 qui
2713 4639 3094 4699 ecclesiasticis
3128 4643 3473 4716 dogmatibus

167 4725 338 4778 νῆσθαι
374 4730 537 4784 εἰπὼν
577 4728 826 4804 ἐπήγαγες
859 4726 1112 4785 ἐδίδοσαν.
1159 4730 1250 4784 lati
1282 4729 1362 4789 τίς
1396 4722 1456 4782 ἂν
1481 4725 1625 4799 ἔχων
1656 4734 1760 4784 νοῦτ

1879 4724 2155 4782 adhaerere
2179 4725 2418 4783 student.
2457 4727 2593 4784 Cum
2623 4728 2768 4784 enim
2806 4732 2875 4787 ab
2920 4730 2986 4789 iis
3023 4733 3279 4792 sciscitati
3318 4752 3472 4795 esse-

167 4807 423 4891 ἄνθρωπον
471 4820 617 4877 εἴποι
660 4821 745 4878 τὸν
783 4822 905 4878 Θεὸν
943 4821 1242 4894 γεγενῆσθαι
1284 4820 1457 4893 λόγον,
1503 4823 1573 4882 ὡς
1616 4821 1769 4891 ὑμεῖς

169 4926 308 4978 pars;
367 4915 415 4968 εί
456 4919 536 4987 μὴ
576 4908 682 4991 ἆρα
708 4920 800 4975 τήν
846 4916 1000 4976 αὐτην
1047 4916 1172 4986 ὑμῖν
1219 4913 1464 4992 πρότερον
1509 4919 1770 4976 νοσήσειεν

171 4991 350 5058 ἄνοιαν.
379 5013 561 5079 Ἦμεῖς
594 5009 694 5083 γὰρ
741 5007 986 5082 εἰληφέναι
1023 4991 1284 5085 ἄνθρωπον
1329 4991 1416 5066 τὸν
1465 5008 1588 5065 Θεὸν
1625 5008 1768 5083 λόγον

167 5096 241 5179 ³ςαί
259 5096 462 5174 σφόδρα
481 5103 675 5174 φαμέν,
693 5102 994 5175 γεγενῆσθαι
1013 5100 1067 5158 δὲ
1085 5099 1341 5179 ἄνθρωπον
1366 5103 1472 5160 καθ’
1493 5103 1652 5174 ὑμᾶς.
1678 5103 1768 5158 οὐκ

169 5177 225 5238 ἄν
249 5207 369 5246 ποτε
399 5196 570 5249 εἰπεῖν
595 5195 974 5268 ἀνασχοίμεθα.
1014 5211 1035 5249 ι

168 5381 281 5453 nem
327 5375 542 5435 factum
587 5395 726 5450 esse,
771 5382 1232 5453 quemadmodum
1274 5385 1585 5456 exprimere
1613 5382 1770 5440 vobis

241 5464 663 5543 Δπὸδειέθέντος
711 5479 875 5532 τοίνυν
917 5474 1000 5532 διὰ
1052 5483 1152 5533 τῶν
1201 5479 1472 5552 εἰρημένων
1524 5475 1769 5550 Θεοδώρῳ

168 5558 436 5633 σύμφωνον
468 5561 597 5623 εἶναι
623 5571 716 5628 τήν
750 5568 984 5625 ἀσέϐειαν
1021 5575 1112 5628 τῆς
1153 5568 1421 5629 έπιστολῆς
1450 5577 1512 5643 τῇ
1542 5569 1771 5644 αἵρετικῇ

164 5645 345 5708 έηίνου
370 5659 562 5730 μανίᾳ,
593 5665 706 5719 πῶς
751 5661 808 5714 οὐ
834 5658 1041 5720 δικαίως
1068 5664 1172 5720 πᾶς
1200 5664 1290 5719 τήν
1319 5658 1498 5714 ἐλπίδα
1527 5657 1670 5730 ἔχων
1701 5661 1771 5720 εἰς

164 5739 243 5798 τὸν
271 5749 616 5818 σαρκωθὲντα
640 5753 720 5806 καί
748 5751 1201 5828 ἑνανθρωπήσαντα
1229 5753 1354 5809 Θεὸν
1393 5752 1554 5824 λόγον,
1586 5750 1773 5824 ὁμοίως

1882 4831 2023 4884 mus,
2039 4834 2169 4874 num
2190 4817 2288 4876 Dei
2314 4819 2560 4878 Verbum
2578 4821 2855 4879 hominem
2877 4823 3080 4882 factum
3098 4843 3218 4885 esse
3236 4817 3472 4886 fatean-

1881 4915 1993 4978 tur,
2005 4907 2281 4966 afﬁrmans
2293 4910 2572 4982 protulere
2585 4905 2925 4984 responsum.
2941 4915 3072 4984 Quis
3087 4926 3269 4976 autem
3287 4921 3472 4976 meriti

1881 4995 1975 5072 [F.
1993 4999 2213 5072 mentis]
2242 5014 2466 5072 compos
2485 5001 2657 5058 Deum
2687 5001 2926 5062 Verbum
2947 5003 3148 5064 factum
3175 5024 3296 5066 esse
3321 5009 3472 5065 dixe-

1880 5097 1974 5165 rit,
1993 5106 2098 5154 uta
2115 5099 2272 5156 vobis
2293 5102 2524 5172 proponi
2553 5103 2710 5171 solet,
2728 5104 2831 5161 nisi
2859 5106 2953 5177 qui
2982 5107 3215 5178 primum
3244 5106 3472 5163 demen-

1881 5191 1968 5247 tiae
1981 5197 2175 5248 vestra:
2195 5193 2389 5250 morbo
2409 5193 2480 5250 sit
2505 5192 2770 5252 affectus?
2795 5195 2906 5255 Nos
2922 5213 3086 5269 porro
3105 5197 3274 5254 Deum
3295 5197 3473 5253 homi-

1879 5297 2004 5340 nem
2026 5285 2381 5357 assumpsisse
2407 5295 2722 5346 constanter
2741 5288 2990 5358 fatemur,
3013 5297 3270 5346 czeterum
3289 5290 3472 5347 homi-

1810 5388 2131 5440 consuetum
2160 5387 2264 5449 est,
2297 5381 2443 5437 nulla
2473 5383 2684 5441 ratione
2711 5382 2817 5440 dici
2847 5383 3160 5441 toleramus.
3199 5403 3219 5438 ι

1945 5472 2082 5529 Cum
2113 5472 2295 5544 itaque
2344 5489 2412 5531 ex
2460 5474 2526 5532 iis
2575 5491 2695 5548 quae
2743 5477 2813 5533 ad
2865 5477 3212 5535 Theodorum
3258 5483 3471 5557 scribit,

1875 5563 2128 5622 ostendat
2154 5577 2277 5621 cum
2305 5565 2531 5637 hujusce
2557 5567 2926 5624 deliramentis
2955 5569 3197 5640 epistola:
3217 5572 3471 5646 impietao

1876 5663 1987 5713 tem
2013 5657 2228 5727 egregie
2256 5660 2570 5729 convenire,
2592 5661 2865 5732 quomodo
2887 5677 2996 5718 non
3016 5663 3247 5736 quisque
3268 5665 3469 5738 justus,

1877 5745 2034 5819 cujus
2079 5748 2153 5805 sit
2195 5748 2250 5805 in
2298 5749 2396 5806 Dei
2434 5749 2617 5808 Verbo
2663 5750 2945 5812 incamato
2971 5755 3302 5831 homineque
3325 5759 3474 5838 farm)

287 5857 615 5934 Legendum
639 5861 748 5928 εἶπε
779 5868 857 5930 καί
890 5889 972 5926 σοι
997 5868 1298 5942 ’Δμϐακοὺμ
1326 5871 1603 5946 προφήτης,
1633 5865 1681 5928 si
1709 5872 1760 5926 to

1865 5875 1958 5925 um
1980 5858 2158 5926 Graeci
2168 5868 2243 5924 -et
2261 5861 2442 5925 Latini
2466 5866 2823 5932 consonantia
2844 5869 3208 5938 desideretur.
3233 5873 3396 5938 Em.

1702 5993 1712 6004 .
1766 6018 1768 6020 ν
1854 5992 2008 6018 μνη,
