3988 6346
468 226 569 281 ειιὸ
646 246 649 247 ⁷

1830 226 2128 284 VIGILIUS
2160 228 2339 285 PAPA

3620 234 3787 295 28L.

471 345 555 397 ειαὶ
575 338 853 415 Θεόδωρον,
885 340 971 393 καί
994 341 1083 397 την
1110 338 1373 414 εἰρημένην
1400 337 1565 396 ἀσεϐῆ
1594 338 1859 397 ἐπιστολήν
1889 361 2044 395 κατα-

2158 348 2324 395 locata
2352 354 2495 410 spes,
2526 336 2891 409 Theodorum,
2921 354 3136 412 unaque
3163 340 3383 412 impiam
3426 341 3583 399 snuul
3609 345 3717 417 epi-

468 433 693 498 δικάσει;
716 430 913 491 Ἐπειδὴ
931 429 983 485 δέ
1009 431 1253 488 ἐπαινεῖτε
1276 437 1366 492 την
1394 432 1554 491 ἀσεϐῆ
1576 432 1849 490 ἐπιστολήν
1877 435 2044 507 περιέ-

470 547 698 598 χουσαν,
732 521 807 581 ὅτι
833 523 859 579 ὸ
884 525 1041 598 λέγων
1068 527 1217 581 αὐτὸν
1250 525 1337 581 τὸν
1383 526 1502 581 Θεὸν
1538 525 1682 599 λόγον
1728 527 2047 601 σαρκωθῆναι

466 620 550 672 καὶ
578 616 940 689 ἐνανῦρωπίσαι
967 624 1056 675 τήν
1083 614 1320 692 διαφορὰν
1342 618 1541 691 ἀναιρεῖ
1566 621 1656 671 τοῦ
1683 623 1803 669 ναοῦ
1842 616 1929 671 καὶ
1957 623 2044 671 τοῦ

466 710 772 768 ἐνοικοῦντος
795 708 843 763 ἐν
873 714 944 779 τῷ
970 715 1102 779 ναῷ,
1132 710 1397 781 γινώσκετε
1434 705 1510 763 ὅτι
1544 705 1783 782 διαφορὰν
1812 710 1902 780 μὲν
1945 715 2045 764 τῶν

466 803 694 876 φύσεων,
743 802 792 865 ἐξ
828 796 945 854 ὧνὸ
992 796 1062 862 εἷς
1089 800 1307 874 Χριστὸς
1336 798 1363 853 5
1401 800 1575 872 κύριος
1620 802 1708 854 καὶ
1744 801 1866 861 Θεὸς
1908 802 2046 870 ἡμῶν

469 894 737 955 συνετέθη,
782 893 941 968 ὀρθῶς
979 893 1010 951 ἡ
1195 897 1288 947 τοῦ
1326 896 1455 948 Θεοῦ
1492 891 1735 950 ἐκκλησία
1777 893 2045 970 κηρύττει·

466 988 701 1069 διαφορὰν
728 987 782 1044 δὲ
810 994 897 1045 τοῦ
926 994 1048 1043 ναοῦ
1074 989 1160 1042 καὶ
1184 993 1271 1043 τοῦ
1295 988 1599 1048 ἐνοικοῦντος
1623 985 1673 1039 ἐν
1695 987 1854 1057 αὐτῷ,
1886 984 2047 1047 οὐδεὶς

474 1092 564 1149 τῶν
590 1083 744 1156 ἁγίων
771 1083 1005 1156 πατέρων
1038 1080 1289 1146 ἐδίδαξεν,
1319 1080 1443 1136 ἀλλά
1480 1081 1624 1153 μόνοι
1646 1081 1692 1135 oi
1731 1080 1933 1141 ἀσεϐεῖς
1955 1092 2046 1136 Νε-

468 1177 673 1251 στὸριος
712 1178 798 1231 καί
832 1173 1091 1250 Θεόδωρος
1116 1177 1382 1250 εἰρήκασι,
1420 1171 1511 1228 δύο
1547 1174 1766 1228 ἐντεῦθεν
1786 1173 2049 1248 πρόσωπα

468 1270 680 1341 εἰσάγειν
708 1267 1018 1341 βουλόμενοι.
1050 1261 1143 1320 κᾶν
1162 1268 1263 1344 γὰρ
1283 1267 1337 1321 αί
1356 1266 1483 1320 θεῖαι
1505 1267 1712 1339 γραφαί,
1739 1268 1824 1320 καὶ
1847 1266 1891 1319 oi
1914 1262 2051 1338 ἅγιοι

469 1362 684 1434 πατέρες
797 1366 888 1416 τοῦ
910 1365 1033 1414 ναοῦ
1061 1359 1308 1432 ὀνομασίᾳ
1334 1359 1634 1433 κέχρηνται,
1664 1357 1789 1413 ἀλλά
1813 1356 1871 1413 τὸ
1896 1364 2050 1427 σῶμα

476 1459 557 1508 τοῦ
581 1457 877 1524 μονογενοῦς
903 1451 1016 1504 υἱοῦ
1036 1457 1126 1505 τοῦ
1142 1454 1270 1505 Θεοῦ
1288 1452 1621 1522 σημαίνοντες
1643 1454 1798 1504 τοῦτο
1822 1449 2048 1520 λέγουσι,

469 1546 630 1605 καθὼς
661 1540 797 1599 εἶπεν
833 1544 859 1599 5
900 1544 1282 1617 εὐαγγελιστήςο
1316 1561 1334 1593 ε
1360 1543 1511 1602 Αὐτὸς
1542 1540 1595 1596 δὲ
1633 1540 1775 1614 ἔλεγε
1813 1545 2047 1618 περὶτοῦ

470 1641 584 1691 ναοῦ
610 1642 698 1691 τοῦ
728 1639 968 1705 σώματος
1002 1637 1177 1689 αὐτοῦ.
1209 1651 1228 1685 ε
1258 1632 1435 1695 Οὐδείς
1461 1633 1561 1708 γὰρ
1587 1640 1678 1687 τοῦ
1712 1633 1820 1693 ἑνὸς
1844 1638 2049 1707 προσώ-

2149 424 2344 487 Stolam
2399 432 2815 489 condemnabit?
2865 431 3000 488 Cum
3054 441 3236 489 autem
3282 433 3335 488 id
3381 434 3717 495 vehementer

2148 522 2409 594 probetis,
2459 522 2604 593 quod
2651 523 2707 579 in
2755 524 3075 580 exsecrabili
3113 539 3179 580 ea
3214 524 3440 596 epistola
3477 524 3714 597 traditur,

2149 612 2453 669 doctrinam
2500 614 2753 670 nimirum
2798 630 2903 685 qua
2954 614 3187 670 Verbum
3233 614 3374 671 Deus
3420 614 3718 674 incarnatus

2148 704 2421 775 homoque
2468 706 2643 763 lactus
2686 707 2902 777 dicitur,
2954 707 3239 763 discrimen
3287 707 3428 765 inter
3466 710 3718 780 templum

2149 804 2312 870 atque
2340 798 2395 852 in
2423 799 2626 869 templo
2655 798 3040 855 inhabitantem
3070 799 3373 869 sustollere,
3398 801 3719 871 cognoscite,

2148 899 2462 947 naturarum
2491 892 2879 963 diversitatem,
2920 907 2989 948 ex
3027 892 3221 963 quibus
3257 893 3444 949 unicus
3488 892 3721 950 Christus

2150 984 2294 1041 Deus
2339 993 2502 1055 atque
2542 984 2795 1044 Salvator
2843 995 3029 1043 noster
3057 986 3423 1055 constituitur,
3465 994 3616 1043 recte
3660 987 3723 1043 ab

2149 1084 2337 1132 sancta
2368 1075 2461 1132 Dei
2492 1074 2730 1134 Ecclesia
2756 1077 3056 1148 prtedicari;
3085 1085 3341 1134 caeterum
3385 1076 3570 1148 templi
3602 1077 3721 1147 hoc,

2150 1176 2312 1240 atque
2358 1168 2415 1224 in
2462 1169 2580 1240 ipso
2628 1170 2975 1227 inhabitantis
3010 1171 3300 1229 discrimen
3327 1186 3359 1227 a
3386 1172 3605 1228 nemine
3635 1188 3724 1227 un-

2151 1275 2313 1331 quam
2339 1269 2649 1317 sanctorum
2680 1262 2899 1321 Patrum
2942 1261 3105 1319 luisse
3132 1262 3487 1335 propositum,
3531 1263 3629 1319 sed
3665 1264 3724 1319 ab

2152 1351 2330 1423 impiis
2352 1353 2526 1409 solum
2555 1352 2842 1411 Theodoro
2889 1363 3050 1427 atque
3073 1355 3323 1412 Nestorio
3347 1356 3725 1425 excogitatum,

2152 1441 2297 1512 quod
2324 1442 2457 1499 duas
2494 1444 2692 1501 exinde
2734 1460 2995 1516 personas
3042 1445 3298 1503 inducere
3347 1447 3726 1503 decrevissent.

2154 1537 2310 1604 Quod
2334 1539 2380 1593 si
2417 1540 2739 1610 quandoque
2765 1541 2955 1597 divinae
3006 1540 3223 1597 Litterae
3250 1542 3528 1613 sanctique
3552 1541 3727 1596 Eccle-

2153 1629 2245 1685 size
2274 1628 2464 1686 Patres
2506 1631 2607 1687 hac
2652 1646 2868 1702 quoque
2906 1633 3091 1704 templi
3125 1632 3444 1688 translatitia
3485 1632 3570 1687 usi
3613 1640 3726 1687 sunt

468 1747 568 1781 που
608 1732 696 1782 τοῦ
728 1732 951 1802 Χριστοῦ
988 1724 1221 1801 διαφορὰν
1262 1726 1390 1797 πρὸς
1420 1726 1570 1779 ἑαυτὸ
1614 1720 1740 1779 εἷναί
1769 1748 1944 1799 φησιν,
1982 1730 2050 1790 ὡς

2158 1724 2535 1795 appellatione,
2567 1724 2622 1780 id
2650 1733 2828 1781 tamen
2848 1767 2863 1793 ,
2891 1733 2951 1781 ut
2977 1724 3344 1795 significarent
3368 1730 3578 1780 tantum
3613 1722 3727 1778 Uni.

469 1811 611 1868 ἄλλον
641 1815 688 1867 ἐν
717 1811 849 1887 ἄλλῳ
870 1810 1017 1883 εἶναι,
1050 1815 1173 1870 ἀλλά
1199 1822 1296 1870 τῶν
1322 1816 1520 1888 φύσεων
1546 1816 1693 1886 μόνον
1715 1856 1731 1880 ,
1754 1818 1804 1881 ἐξ
1835 1814 1900 1871 ὧν
1930 1816 1956 1874 5
1983 1815 2054 1880 εἷς

468 1905 681 1980 Χριστὸς
708 1906 1030 1980 ἀσυγχύτως
1056 1910 1140 1962 καί
1166 1904 1461 1982 ἀδιαιρέτως
1492 1907 1821 1968 ἀπετελέσθη.

2153 1818 2318 1888 geniti
2347 1816 2467 1872 Filii
2499 1817 2594 1872 Dei
2640 1832 2836 1887 corpus
2865 1817 3180 1882 adhibuere,
3210 1832 3277 1872 eo
3304 1823 3528 1887 prorsus
3580 1814 3728 1870 modo

2159 1925 2267 1979 quo
2296 1909 2361 1964 de
2389 1910 2505 1978 ipso
2531 1909 2704 1979 inquit
2733 1907 3074 1977 Evangelista
3101 1926 3115 1962 :
3144 1906 3267 1980 Ipse
3310 1917 3480 1962 autem
3501 1906 3713 1979 loqueba

2159 2008 2242 2053 tur
2287 1999 2349 2053 de
2402 2000 2587 2061 templo
2638 2001 2868 2071 corporis
2911 2003 3015 2053 suis
3065 1998 3244 2071 (Joan.
3298 2015 3356 2065 ll,
3406 1998 3521 2070 21).
3574 1996 3731 2053 Nemo

471 2102 633 2158 porro
663 2087 777 2142 haec
814 2086 870 2141 in
902 2087 1060 2142 unica
1088 2085 1287 2145 Christi
1319 2104 1551 2160 persona
1574 2089 1780 2146 invexit
1807 2089 2116 2147 discrimina
2140 2131 2157 2159 ,
2198 2091 2350 2161 quasi
2380 2091 2483 2145 alia
2514 2096 2568 2146 in
2594 2090 2697 2146 alia
2726 2091 2834 2159 sit,
2872 2105 3060 2148 verum
3086 2090 3484 2146 distinctionem
3533 2097 3732 2161 tantum

471 2188 781 2236 naturarum
809 2178 1168 2248 admiserunt,
1197 2196 1264 2237 ex
1293 2183 1488 2252 quibus
1515 2198 1655 2240 unus
1690 2182 1936 2238 Christus
1955 2180 2248 2255 perﬁcitur,
2281 2198 2389 2238 non
2412 2182 2850 2238 commixtionem
2872 2196 3089 2252 passus,
3115 2194 3289 2249 neque
3316 2179 3656 2234 divisionem.

539 2279 629 2334 Καὶ
655 2276 800 2347 ὑμεῖς
830 2277 995 2332 τοίνυν
1034 2281 1123 2335 τήν
1161 2292 1253 2339 τίς
1285 2279 1555 2338 ἐπιστολῆς
1591 2276 1903 2339 ἐκδικοῦντες
1930 2279 2053 2333 ἀσέ-

472 2368 643 2433 ϐειαν,
686 2377 777 2432 τῆς
804 2369 1109 2443 ἀρνουμένης
1153 2369 1300 2424 αὐτὸν
1327 2370 1414 2426 τὸν
1451 2371 1571 2425 Θεὸν
1604 2370 1747 2440 λόγον
1793 2367 2055 2447 ἄνθρωπον

470 2463 781 2533 γεγενῆσθαι,
802 2457 1041 2538 πρόδηλοι
1064 2462 1402 2521 καθεστήκατε
1424 2461 1515 2518 δύο
1544 2461 1798 2537 πρόσωπα
1821 2463 2053 2536 εἰσάγον·

471 2571 578 2616 τες,
617 2553 697 2606 καὶ
734 2558 901 2608 ταῦτα
921 2558 1152 2613 νοοῦντες
1178 2556 1408 2629 περὶτοῦ
1436 2562 1660 2628 Χριστοῦ
1691 2558 1759 2616 ὡς
1786 2560 1935 2627 ψιλοῦ
1962 2559 2052 2610 ἀν-

472 2644 700 2720 θρώπου⁶
732 2639 858 2721 ὅπερ
893 2641 918 2698 ὸ
947 2644 1224 2706 ἀπόστολος
1262 2639 1398 2702 εἶπεν
1425 2644 1511 2702 διὰ
1532 2650 1653 2708 τοὺς
1680 2650 1899 2710 πιστοὺς
1930 2667 1947 2700 ε
1974 2647 2056 2706 ὅτι

471 2733 614 2807 ὑμεῖς
639 2734 759 2796 ναὸς
797 2741 924 2791 Θεοῦ
959 2741 1076 2794 ἕστε
1095 2777 1110 2802 ,
1140 2738 1226 2793 καὶ
1252 2738 1311 2793 τὸ
1348 2745 1549 2811 πνεῦμα
1572 2747 1665 2797 τοῦ
1689 2747 1820 2798 Θεοῦ
1859 2743 1987 2799 οἰκεῖ
2008 2742 2059 2800 ἐν

472 2826 613 2898 ὑμῖν.
646 2846 667 2882 ι
702 2837 789 2893 Ὠς
834 2831 963 2889 κατά
1002 2834 1093 2893 τήν
1135 2831 1387 2905 ὑμετέραν
1424 2834 1613 2895 πλάνην
1649 2837 1896 2911 μηδεμίαν
1935 2835 2058 2896 εἶναι

471 2918 710 2996 διαφορὰν
737 2925 928 2994 μεταξὺ
959 2926 1098 2997 ἡμῶν
1119 2933 1220 2984 τῶν
1249 2929 1540 3003 ἀνθρώπων,
1581 2933 1666 2986 καί
1694 2938 1787 2986 τοῦ
1813 2939 2057 3007 Χριστοῦ,

471 3014 599 3069 καθά
636 3016 724 3069 καὶ
757 3016 909 3077 αὐτὸς
931 3014 1186 3092 Θεόδωρος
1214 3017 1240 3074 ὸ
1267 3019 1546 3094 αἱρετικὸς,
1576 3020 1602 3077 ὸ
1639 3020 1940 3084 διδάσκαλος
1966 3030 2058 3078 τοῦ

2230 2274 2337 2331 Vos
2366 2275 2546 2344 itaque
2572 2274 2713 2329 illius
2740 2274 2979 2344 epistolae
3008 2272 3343 2343 impietatem
3372 2270 3731 2337 defendentes,

2156 2382 2262 2437 qua
2287 2366 2455 2422 Deum
2490 2365 2727 2421 Verbum
2775 2364 3045 2420 hominem
3085 2363 3287 2419 factum
3330 2377 3451 2418 esse
3495 2371 3731 2431 negatur,

2157 2457 2443 2514 manifesto
2473 2456 2701 2528 duplicis
2731 2457 2783 2510 in
2818 2455 3033 2511 Christo
3058 2453 3305 2509 admissae
3331 2468 3581 2524 persona:
3625 2452 3729 2507 red-

2158 2549 2476 2619 arguimini,
2532 2556 2695 2618 atque
2738 2547 2845 2603 hoc
2892 2546 3053 2602 modo
3094 2546 3161 2600 de
3205 2543 3445 2612 Christo,
3488 2550 3735 2611 tanquam

2158 2655 2297 2710 puro
2341 2639 2560 2694 homine
2601 2637 2789 2693 deliria
2831 2636 3104 2701 docentes,
3149 2634 3202 2690 in
3243 2634 3491 2690 eamdem
3526 2632 3595 2687 de
3623 2633 3739 2704 ipso

2156 2730 2480 2791 sententiam
2509 2729 2807 2803 loquimini,
2838 2744 2944 2800 qua
2971 2727 3039 2785 de
3066 2726 3409 2785 credentibus
3434 2725 3630 2782 dictum
3671 2732 3743 2782 est

2160 2826 2227 2880 ab
2256 2823 2517 2895 Apostolo
2552 2841 2564 2877 :
2605 2821 2863 2888 Quoniam
2890 2822 3136 2894 templum
3162 2820 3261 2877 Dei
3283 2822 3405 2877 estis
3432 2837 3540 2885 vos,
3564 2828 3611 2873 et
3636 2818 3744 2873 .Dei

2159 2915 2389 2988 Spiritus
2435 2914 2691 2969 inhabitat
2728 2915 2781 2968 in
2821 2911 2960 2971 vobis
3000 2910 3055 2983 (Ι
3085 2910 3203 2966 Cor.
3231 2927 3307 2979 ill,
3338 2910 3462 2982 16);
3486 2910 3558 2965 ita
3585 2916 3677 2974 ut,
3705 2906 3745 2961 si

2159 3009 2361 3068 erroris
2384 3007 2549 3063 vestri
2574 3005 2824 3063 habenda
2860 3006 2931 3062 sit
2958 2992 3116 3070 ratio,
3144 3004 3348 3059 nullum
3370 3003 3483 3073 jam
3510 3002 3745 3072 Supersit

471 3106 760 3189 γράψαντος
786 3114 875 3167 τὴν
904 3110 1192 3179 ἐπιστολήν,
1222 3118 1271 3167 δν
1289 3121 1363 3187 τῷ
1385 3116 1542 3189 τρίτῳ
1566 3118 1698 3170 κατά
1716 3116 2054 3193 ’Δπολιναρίου

2158 3124 2259 3166 nos
2296 3108 2541 3164 homines
2579 3108 2719 3162 inter
2752 3104 3142 3179 Christumque
3169 3102 3479 3170 discrimen,
3506 3100 3674 3170 juxta
3700 3098 3746 3153 id

471 3195 601 3268 λόγῳ
639 3206 969 3274 παραφρονῶν
1004 3206 1171 3258 ταῦτα
1197 3203 1265 3262 ὡς
1304 3204 1354 3257 ἐκ
1391 3207 1668 3279 προσώπου
1707 3212 1797 3261 τοῦ
1832 3213 2055 3280 Χριστοῦ

471 3288 624 3359 λέγει·
651 3306 668 3339 ε
690 3289 817 3363 Ἐγώ
845 3295 955 3356 μὲν,
973 3287 1026 3346 5v
1052 3292 1203 3364 ὁρᾶτε
1233 3292 1454 3365 δύναμαι
1473 3299 1565 3367 μὲν
1592 3304 1749 3351 ποιεῖν
1764 3296 1905 3352 οὐδὲν
1925 3301 2056 3356 κατά

472 3388 561 3440 τὴν
604 3384 788 3437 οἰκείαν
834 3387 987 3456 φύσιν
1040 3385 1129 3442 ἆτε
1181 3384 1441 3462 ἅνθρωπος
1493 3388 1578 3444 ὧν.
1621 3392 1924 3463 Ἑργάζομαι
1963 3390 2051 3460 δὲ,

473 3472 642 3532 ἐπειδὴ
675 3475 721 3526 ἐν
749 3476 858 3546 ἐμοὶ
885 3477 1046 3546 μένων
1072 3478 1096 3531 ὁ
1122 3484 1291 3556 πατὴρ
1323 3479 1529 3538 ἅπαντα
1555 3492 1707 3538 ποιεῖ.
1738 3482 1933 3545 Ἐπειδὴ
1956 3489 2055 3559 γὰρ

473 3567 569 3639 ἐγὼ
597 3587 672 3630 τε,
698 3570 870 3640 φησὶν,
892 3568 941 3623 ἓν
966 3573 1249 3645 τῷϊπατρὶ,
1275 3576 1359 3628 καὶ
1380 3572 1407 3628 5
1434 3578 1602 3650 πατὴρ
1623 3575 1672 3628 ἐν
1699 3577 1826 3645 ἐμοὶ,
1849 3578 1972 3635 Θεὸς
2002 3575 2055 3632 δέ

472 3656 617 3728 λόγος
647 3659 695 3712 ἐν
718 3657 877 3729 ἐμοίὸ
906 3668 995 3716 τοῦ
1029 3670 1155 3717 Θεοῦ
1185 3670 1472 3738 μονογενής,
1506 3663 1650 3724 δῆλον
1679 3665 1757 3723 ὅτι
1777 3672 1859 3723 καὶ
1886 3676 2056 3747 πατήρ

472 3750 569 3804 σὺν
588 3750 744 3819 αὐτῷ,
777 3752 827 3805 ἐν
850 3752 958 3837 ξμοί
976 3772 1029 3807 τε
1057 3756 1237 3825 μένων,
1267 3758 1351 3810 καὶ
1370 3759 1437 3811 τὰ
1466 3755 1591 3833 ἔργα
1617 3766 1795 3813 ποιῶν⁶
1826 3764 1911 3816 καὶ
1931 3763 2057 3816 θαυ-

474 3842 667 3910 μαστὸν
693 3863 749 3916 γε
785 3844 927 3899 οὐδὲν
957 3845 1041 3901 ἐπὶ
1066 3854 1158 3902 τοῦ
1187 3856 1405 3923 Χριστοῦ
1436 3858 1589 3906 τοῦτο
1616 3855 1852 3922 νομίζειν,
1884 3861 2057 3925 σαφῶς

473 3932 631 3986 αὐτοῦ
658 3937 895 4008 περὶτῶν
920 3936 1105 3992 λοιπῶν
1124 3936 1352 4012 λέγοντος
1371 3941 1820 4016 ἀνθρώπων,-Ὀ
1844 3945 2056 4017 ἀγαπῶν

472 4043 532 4093 με
554 4024 636 4078 τὸν
661 4024 802 4098 λόγον
829 4048 926 4099 μου
955 4034 1187 4101 τηρήσει,
1217 4035 1300 4089 καὶ
1323 4031 1349 4087 ὸ
1377 4038 1547 4109 πατήρ
1571 4057 1669 4107 μου
1691 4037 1949 4110 ἀγαπήσει
1969 4040 2059 4093 αῦ-

472 4116 589 4182 τὸν,
630 4122 712 4173 καί
739 4120 865 4197 πρὸς
899 4123 1048 4178 αὐτὸν
1081 4124 1419 4196 ἐλευσόμεθα,
1458 4132 1541 4183 καὶ
1580 4131 1736 4196 μονήν
1770 4128 1894 4203 παρ’
1922 4133 2057 4202 αὖτῷ

472 4211 905 4279 sternacium—Ei
921 4216 1018 4286 γὰρ
1031 4215 1159 4289 παρ’
1176 4216 1374 4287 ἑκάστῳ
1394 4222 1488 4272 τῶν
1507 4219 1751 4275 τοιούτων
1770 4218 1798 4273 ὅ
1810 4241 1864 4277 τε
1887 4228 2057 4299 πατὴρ

472 4301 558 4352 καὶ
584 4297 611 4353 ὁ
648 4301 757 4361 υίὸς
786 4308 874 4362 τὴν
901 4317 1054 4373 μονήν
1086 4313 1375 4373 ποιοῦνται,
1417 4312 1470 4364 τί
1495 4310 1787 4384 θαυμαστὸν
1828 4316 1873 4368 εἰ
1900 4312 1949 4366 ἐν
1985 4321 2057 4384 τῷ

472 4388 613 4447 κατά
644 4389 811 4462 σάρκα
845 4389 1065 4468 δεσπότῃ
1093 4404 1296 4469 Χριστῷ
1339 4395 1484 4471 ἄμφω
1522 4403 1654 4457 κατὰ
1698 4402 1881 4459 ταυτὸν
1918 4405 2058 4476 νομί-

2159 3202 2304 3274 quod
2329 3201 2642 3257 Theodorus
2672 3200 2956 3256 hmreticus
2997 3198 3138 3254 illius
3181 3195 3422 3267 epistolae
3465 3193 3747 3263 scripturis

2154 3294 2411 3363 magister
2442 3293 2499 3347 in
2539 3290 2699 3346 tertio
2733 3290 2990 3346 adversus
3030 3288 3420 3359 Apollinarium
3466 3296 3750 3350 sermone,

2156 3384 2426 3441 Christum
2457 3382 2524 3437 de
2550 3396 2609 3437 se
2638 3383 2753 3453 ipso
2783 3379 3469 3451 loquentemintroducens
3497 3378 3598 3432 hoc
3619 3392 3750 3431 rno-

2157 3476 2247 3541 do,
2298 3476 2481 3544 inepte
2528 3482 2867 3530 commentus
2915 3481 2998 3529 est
3030 3490 3045 3526 :
3082 3491 3100 3524 ι
3137 3470 3251 3542 Ego
3290 3470 3539 3543 quidem,
3578 3484 3751 3538 quem

2158 3566 2465 3639 prospicitis
2492 3558 2623 3621 nihil
2652 3564 2830 3622 facere
2858 3579 3078 3636 possum
3108 3562 3402 3621 secundum
3434 3576 3609 3618 meam
3659 3577 3752 3617 na~

2158 3666 2353 3724 turam,
2380 3672 2503 3713 cum
2542 3656 2705 3712 homo
2734 3656 2836 3712 sim
2876 3674 2889 3710 :
2922 3671 3120 3727 operor
3147 3662 3345 3722 autem,
3391 3652 3652 3724 quoniam
3696 3655 3750 3707 in

2158 3765 2249 3805 me
2286 3764 2510 3805 manens
2537 3749 2698 3804 Pater
2725 3756 2913 3805 cuncta
2946 3756 3201 3819 operatur
3231 3766 3245 3801 :
3289 3747 3596 3813 enimvero,
3660 3746 3748 3800 in-

2159 3850 2293 3919 quit,
2324 3858 2379 3905 et
2407 3863 2507 3919 ego
2537 3849 2591 3903 in
2631 3847 2812 3913 Patre,
2845 3856 2901 3904 et
2927 3846 3088 3903 Pater
3129 3848 3183 3904 in
3225 3862 3334 3916 me,
3376 3847 3519 3902 Deus
3565 3856 3775 3913 autem

2157 3941 2397 3996 Verbum
2422 3939 2754 4009 unigenitum
2784 3940 2837 3994 in
2866 3954 2954 3995 me
2980 3946 3062 3995 est
3089 3957 3105 3993 :
3134 3948 3339 3996 certum
3367 3948 3474 4007 est,
3515 3939 3669 4008 quod
3698 3946 3755 3993 et

2161 4028 2322 4084 Pater
2349 4044 2472 4085 cum
2500 4030 2618 4100 ipso
2658 4030 2710 4084 in
2738 4045 2828 4085 me
2855 4038 3055 4097 manet,
3089 4038 3145 4085 et
3172 4044 3335 4101 opera
3359 4028 3503 4085 facit.
3538 4027 3611 4083 Et
3640 4044 3752 4083 non

2160 4130 2244 4178 est
2286 4120 2591 4177 mirandum
2631 4122 2699 4177 de
2736 4122 2952 4179 Christo
2991 4123 3106 4179 haec
3133 4123 3448 4187 existimari,
3481 4138 3608 4179 cum
3635 4124 3757 4178 evi-

2161 4213 2352 4269 denter
2396 4214 2511 4284 ipse
2531 4213 2597 4270 de
2625 4216 2833 4271 caeteris
2861 4215 3167 4271 hominibus
3196 4214 3343 4271 dicat
3381 4232 3401 4270 :
3432 4214 3532 4280 Qui
3576 4215 3756 4286 diligit

2160 4320 2258 4372 me,
2291 4291 2577 4360 sermonem
2622 4322 2789 4360 meum
2827 4304 3068 4376 servabit,
3106 4315 3157 4361 et
3192 4305 3353 4360 Pater
3381 4321 3524 4361 meus
3567 4306 3760 4379 diliget

2160 4412 2293 4464 eum,
2317 4405 2367 4451 et
2392 4397 2459 4451 ad
2486 4414 2600 4452 eum
2627 4399 2905 4465 veniemus,
2925 4406 2982 4454 et
2998 4399 3316 4453 mansionem
3344 4398 3483 4469 apud
3508 4412 3626 4451 eum
3668 4400 3761 4469 fa-

474 4480 632 4541 ζοιντο
655 4481 839 4549 μένειν,
865 4490 956 4543 τῆς
980 4486 1107 4540 κατά
1132 4491 1222 4546 την
1243 4490 1412 4543 οὐσίαν
1432 4491 1683 4554 κοινωνίας
1702 4497 2054 4565 προσιεμένης,

2162 4492 2354 4544 ciemus
2380 4488 2561 4562 (Joan.
2584 4506 2692 4555 xxv,
2722 4487 2833 4561 25).
2868 4490 2923 4545 Si
2958 4491 3102 4545 enim
3135 4489 3275 4561 apud
3304 4504 3572 4560 quemque
3600 4488 3762 4559 ejus-

473 4571 541 4629 ὡς
565 4572 717 4640 ετκὸς,
749 4575 828 4626 καὶ
855 4579 941 4632 τήν
961 4584 1053 4636 τῆς
1077 4587 1231 4647 μονῆς
1259 4582 1528 4635 κοινωνίαν.
1568 4598 1588 4632 ι

543 4663 741 4718 Τούτων
784 4669 952 4745 τοίνυν
998 4668 1133 4723 οὕτω
1162 4672 1307 4745 παρά
1340 4678 1430 4726 τοῦ
1472 4670 1760 4735 δυσσεϐοῦς
1798 4674 2054 4755 Θεοδώρου

472 4756 756 4830 εἰρημένων,
789 4760 845 4811 οὐ
878 4762 1200 4829 θαυμαστὸν,
1241 4761 1381 4837 εἴπερ
1407 4762 1432 4818 ὸ
1461 4766 1683 4821 ἐκπεσὼν
1709 4773 1800 4822 τοῦ
1836 4775 1961 4825 Θεοῦ
1993 4778 2056 4846 τῇ

471 4848 681 4923 ἀσεϐείᾳ
707 4852 1100 4924 συνεζευγμένην
1130 4851 1246 4923 ἔχει
1275 4857 1357 4910 καὶ
1382 4857 1599 4931 μωρίαν,
1630 4859 1795 4920 καθὼς
1820 4863 1937 4934 περί
1959 4870 2059 4918 τᾶν

471 4941 670 4995 ἀσεϐῶν
712 4940 734 4996 ὸ
765 4948 1025 5016 προφήτης
1055 4955 1259 5007 Ἦσαϊας
1286 4948 1435 5020 λέγει,
1471 4967 1489 5001 t
1520 4961 1573 5004 'O
1598 4948 1768 5027 μωρός
1793 4955 1942 5029 μωρὰ
1965 4953 2056 5010 λα-

470 5033 641 5098 λήσει,
671 5038 754 5089 καὶ
788 5038 818 5093 ἡ
850 5034 1033 5110 καρδία
1061 5039 1215 5093 αὐτοῦ
1253 5041 1449 5110 μάταια
1486 5045 1675 5101 νοήσει.
1703 5060 1721 5094 ι
1757 5052 1813 5096 ‘0
1848 5046 1946 5120 γὰρ
1974 5047 2058 5101 τὸν

470 5127 672 5201 πατέρα
713 5128 909 5183 καὶτὸν
936 5130 1043 5182 υἷὸν
1081 5129 1215 5187 οὕτω
1251 5136 1413 5205 μένειν
1441 5136 1490 5189 ἐν
1517 5143 1590 5207 τῷ
1626 5145 1860 5210 Χριστῷ,
1896 5139 2060 5198 καθὼς

472 5219 558 5271 καί
584 5217 631 5269 ἐν
670 5226 777 5278 τοῖς
814 5219 1009 5281 λοιποῖς
1044 5221 1325 5294 ἀνθρώποις
1365 5224 1836 5304 διισχυριζόμενος,
1866 5232 1949 5283 καὶ
1989 5235 2059 5302 μή

473 5308 725 5384 ὁμολογῶν
752 5311 833 5366 τὸν
861 5315 1076 5388 Χριστὸν
1118 5310 1244 5371 εἶναι
1290 5320 1375 5374 τὸν
1411 5320 1529 5374 Θεὸν
1568 5319 1708 5392 λόγον
1738 5322 2062 5397 σαρκωθέντα

475 5404 552 5460 καί
580 5404 1063 5479 ἐνανθρωπήσαντα,
1110 5416 1221 5470 πῶς
1256 5409 1388 5483 λέγει
1433 5412 1653 5483 Χριστὸν
1691 5414 1817 5467 κατά
1863 5413 2057 5484 σάρκα;

472 5496 532 5550 Οἱ
558 5490 657 5573 γάρ
689 5496 823 5570 ἆγιοι
850 5501 1070 5574 πατέρες
1090 5497 1450 5573 ὁμολογοῦντες
1470 5503 1557 5556 τὸν
1586 5503 1807 5576 Χριστὸν
1829 5497 1954 5557 εἶναι
1973 5504 2059 5558 τὸν

473 5590 597 5645 Θεὸν
630 5588 766 5660 λόγιν
803 5593 1127 5667 σαρκωθέντα
1174 5595 1256 5649 καί
1292 5594 1769 5666 ἐνανθρωπήσαντα,
1810 5592 1880 5648 ὅτ’
1910 5592 1971 5649 ἄν
2012 5619 2060 5654 τι

474 5682 593 5754 περὶ
621 5682 781 5736 αὐτοῦ
814 5685 1046 5742 ταπεινὸν
1072 5683 1331 5774 λέγουσιν,
1368 5684 1528 5760 ὀρθῶς
1563 5686 1808 5755 ἐπάγουσι
1834 5688 1890 5739 τὸ
1929 5688 2060 5741 κατὰ

473 5774 663 5849 aptat.
696 5771 817 5829 Ἀλλ’
844 5775 887 5830 εἰ
913 5778 1001 5832 καὶ
1022 5771 1283 5850 προσῆκον
1308 5773 1365 5835 ἧν
1389 5777 1510 5838 τοὺς
1536 5774 1790 5853 Θεόδωρον
1818 5774 2061 5835 ἐκδικοῦν-

2156 4583 2303 4638 modi
2350 4583 2626 4638 hominum
2666 4590 2721 4637 et
2766 4581 2926 4638 Pater
2966 4592 3021 4638 et
3060 4581 3225 4637 Filius
3268 4582 3606 4638 mansionem
3671 4581 3763 4635 fa-

2158 4675 2327 4742 ciunt,
2355 4673 2486 4746 quid
2522 4675 2718 4729 mirum
2746 4675 2789 4730 si
2832 4674 2885 4729 in
2929 4673 3156 4731 Domino
3194 4671 3490 4730 secundum
3524 4687 3764 4730 carnem

2160 4766 2397 4835 Christo,
2426 4767 2586 4822 ambo
2608 4767 2767 4822 simul
2787 4774 3104 4837 putarentur
3130 4781 3370 4834 manere,
3401 4765 3763 4823 communio-

2160 4871 2230 4911 ne
2285 4870 2471 4911 eorum
2537 4855 2831 4911 secundum
2878 4856 3256 4923 substantiam,
3310 4856 3771 4913 communionem

2162 4961 2377 5019 quoque
2416 4946 2712 5002 mansionis
2751 4946 2977 5002 fortasse
3019 4947 3378 5017 suscipiente?
3413 4964 3433 5001 ι
3466 4945 3563 5003 His
3586 4947 3774 5016 igitur

2160 5038 2217 5093 in
2256 5037 2399 5093 hunc
2437 5037 2654 5094 modum
2697 5037 2765 5092 ab
2794 5038 2955 5108 impio
2984 5036 3269 5094 Theodoro
3309 5038 3619 5110 propositis,
3650 5037 3773 5092 mi-

2161 5146 2282 5185 rum
2312 5145 2432 5187 esse
2458 5131 2677 5186 minime
2717 5130 2878 5186 debet
2903 5131 3047 5201 quod
3076 5147 3105 5185 a
3137 5131 3250 5187 Deo
3276 5132 3532 5188 excidens
3556 5132 3778 5201 impie-

2163 5223 2259 5277 tati
2290 5222 2661 5297 desipientiam
2692 5224 3023 5294 adiunxerit,
3057 5225 3509 5295 quemadmodum
3538 5226 3603 5281 de
3643 5226 3776 5280 im-

2162 5316 2265 5386 piis
2288 5315 2601 5387 prophetica
2627 5314 2777 5371 Isaiae
2795 5315 3013 5387 praefert
3038 5318 3305 5374 sententia
3333 5337 3346 5373 :
3380 5318 3474 5373 Vir
3496 5320 3783 5388 insipiens

2166 5406 2323 5462 stulta
2352 5408 2600 5479 loquetur,
2626 5415 2675 5461 et
2699 5423 2790 5462 cor
2814 5408 2925 5479 ejus
2953 5410 3100 5480 fatua
3125 5410 3370 5483 cogitabit
3392 5409 3549 5483 (Isai.
3575 5425 3779 5474 xxxii,

2167 5498 2241 5571 6).
2287 5499 2539 5570 Quisquis
2588 5500 2730 5555 enim
2777 5496 2990 5555 Patrem
3038 5508 3096 5556 et
3116 5500 3311 5557 Filium
3340 5502 3421 5557 sic
3448 5501 3505 5556 in
3533 5499 3786 5556 Christo

2163 5593 2616 5664 quemadmodum
2638 5592 2766 5649 etin
2784 5593 3005 5663 reliquis
3032 5594 3340 5654 hominibus
3358 5609 3574 5651 manere
3598 5592 3772 5649 aﬂir-

2166 5693 2295 5749 mat,
2324 5684 2600 5753 Deumque
2632 5682 2861 5741 Verbum
2890 5686 3160 5743 Christum
3190 5689 3539 5759 incarnatum,
3571 5689 3795 5747 hormia

2166 5791 2399 5835 nemque
2426 5776 2624 5835 factum
2651 5792 2771 5835 esse
2794 5794 2900 5837 non
2928 5781 3236 5852 conﬁtetur,
3265 5782 3535 5853 quomodo
3562 5789 3793 5853 potest
