3988 6346
300 334 397 393 935

1428 330 1794 401 JUSTlfilANl
1832 335 1969 399 IMP.
2012 336 2363 397 EPISTOLA.

3425 350 3545 409 286'

299 487 398 533 τις,
416 468 495 522 καὶ
512 467 569 522 ἐκ
589 466 774 531 ταύτης
794 470 947 528 αὐτοῦ
969 478 1061 534 τῆς
1085 474 1192 531 καθ’
1213 474 1499 547 ὑπερϐολὴν
1523 476 1831 548 βλασφημίας

1946 472 2216 533 Cbris'tum
2239 476 2413 547 ipsum
2438 475 2729 533 secundum
2749 492 2966 536 carnem
2992 478 3307 538 nominare?
3330 479 3518 540 Sancti

298 566 370 619 τήν
389 559 571 615 τούτου
593 561 800 617 ίιαλῐναι
828 561 1149 620 δυσσέϐειαν
1182 566 1287 620 δι>λ’
1312 562 1398 620 οὖν
1426 563 1512 621 διὰ
1536 570 1627 625 τήν
1652 568 1846 622 τούτων

294 648 542 716 ἀναίδειαν,
562 653 648 706 καί
672 649 825 715 ἄλλοις
851 656 1008 712 αὐτοῦ
1026 656 1349 730 βλασφημίας
1365 660 1755 734 προαγὰγωμεν,
1780 656 1848 714 δι’

291 737 347 793 ὧν
370 738 454 795 δύο
479 742 673 812 εἰσάγει
699 744 977 815 πρόσωπα.

350 831 664 904 Μεμφὸμενος
687 835 787 910 γὰρ
830 839 951 898 τούς
994 838 1230 910 λέγοντας
1278 837 1357 894 ὅτι
1401 837 1428 893 ὃ
1461 840 1587 901 Θεὸς
1623 836 1789 911 λόγος,
1819 836 1847 896 ὅ

289 926 378 997 πρὸ
413 927 622 992 αἰώνων,
652 928 852 999 γίγονεν
879 928 960 985 ἐπ’
988 928 1228 1002 ἕσχοίτων
1249 928 1532 1007 ἅνθροηεος,
1559 932 1693 989 οὕτω
1716 933 1849 1008 λέγει

288 1016 331 1069 ἐν
350 1024 419 1087 τῷ
446 1017 572 1071 κατᾶ
593 1015 939 1095 ’Δπολιναρίου
962 1023 1188 1099 τετάρτῳ
1212 1022 1362 1097 λόγῳ·

352 1122 372 1157 ε
394 1116 448 1159 ‘0
472 1109 576 1181 πρὸ
616 1109 837 1177 αἰώνων,
875 1115 1051 1182 φησὶν,
1077 1113 1271 1186 γέγονεν
1296 1113 1375 1168 ἐπ’
1399 1113 1666 1184 ἐσχάτωνο
1696 1112 1848 1171 πάλιν

284 1198 345 1259 ὥς
367 1218 506 1252 τινων
529 1197 845 1268 δεδωκότων,
888 1205 973 1259 καί
1014 1210 1168 1260 τοῦτο
1203 1206 1358 1278 λέγων
1388 1204 1588 1267 οὐδενὸς
1612 1209 1632 1229 ‘
1658 1201 1720 1261 ἂν
1746 1214 1849 1262 τῶν

282 1291 494 1346 εὐσεϐεῖν
547 1293 936 1353 ἐσπουδακότων
983 1297 1171 1359 ταύτην
1212 1300 1440 1371 ἑλομένου
1489 1309 1707 1361 νοσῆσαι
1754 1306 1847 1363 τὴν

280 1377 451 1449 ἄνοιαν,
485 1383 622 1439 ὥστε
650 1385 738 1441 τὸν
762 1388 863 1463 πρό
896 1390 1090 1444 αἰώνων
1134 1392 1290 1446 εἰπεῖν
1324 1380 1406 1447 ἐπ’
1438 1393 1676 1463 ἐσχάτων
1698 1413 1845 1467 γεγε-

278 1474 459 1531 νῆσθαι·
481 1492 501 1526 ι
528 1479 636 1530 Καί
654 1477 761 1547 μεθ’
779 1477 950 1553 ἕτερα·
974 1497 994 1532 ε
1010 1482 1197 1536 Οὐκοῦν
1208 1491 1314 1543 τοῖς
1329 1484 1591 1559 ὑμετέροις
1618 1484 1851 1555 ἑπόμενοι

276 1562 457 1635 νόμοις,
500 1570 592 1622 καί
632 1574 724 1627 τήν
751 1570 853 1625 ὐπὸ
878 1580 970 1633 τῆς
994 1582 1090 1634 σῆς
1123 1575 1390 1647 ἀγχινοίας
1426 1578 1849 1648 νομοθετουμένην

275 1657 627 1734 ἀντιστροφὴν,
656 1661 841 1733 μᾶλλον
870 1661 924 1718 δέ
952 1673 1303 1741 καταστροφήν
1327 1666 1579 1740 δεξάμενοι
1596 1708 1612 1731 ,
1640 1672 1756 1746 φέρε
1783 1669 1846 1730 δὴ

272 1746 427 1802 πάντα
454 1753 527 1811 είς
566 1753 751 1807 ταυτὸν
774 1756 1111 1829 σνγχέωμεν,
1142 1760 1225 1812 καί
1258 1757 1477 1830 μηδεμία
1512 1760 1684 1817 λοιπὸν
1712 1759 1846 1816 ἴστω

1945 568 2141 639 quippe
2161 568 2348 625 Patres
2371 568 2643 625 Christum
2670 568 2837 625 Deum
2865 572 3099 627 Verbum
3126 586 3245 629 esse
3265 573 3519 629 incarna-

1946 665 2079 724 tum,
2104 666 2267 728 atque
2286 659 2561 714 hominem
2589 659 2786 715 factum
2810 661 3148 732 confitentes,
3175 662 3221 719 si
3245 664 3519 735 quidpiam

1945 750 2016 805 de
2052 749 2169 819 ipso
2198 750 2396 805 humile
2418 750 2714 820 proferunt,
2739 758 2884 805 recte
2904 750 2957 805 id
2984 753 3274 807 secundum
3302 769 3519 811 carnem

1948 840 1999 896 ei
2039 841 2332 897 convenire
2370 840 2677 911 subjiciunt.
2710 842 2978 898 Caeterum
3005 857 3215 913 aequum
3239 845 3521 903 videbatur

1948 930 2217 987 Theodori
2238 940 2663 1003 propugnatores
2682 932 2768 987 vel
2788 932 2888 987 hac
2907 933 3250 1003 exsuperanti
3268 933 3521 1004 blasphe-

1946 1022 2054 1077 mia
2069 1030 2371 1079 commotos
2390 1022 2458 1077 ab
2479 1023 2646 1093 ipsius
2658 1023 2932 1093 impietate
2946 1024 3203 1080 recedere
3222 1042 3235 1078 :
3258 1032 3517 1098 attamen,

1948 1123 2009 1169 ut
2052 1115 2293 1185 ipsorum
2331 1113 2606 1170 refellatur
2654 1115 3015 1186 impudentia,
3045 1116 3280 1188 reliquas
3305 1132 3523 1189 quoque

1947 1204 2066 1273 ejus
2088 1203 2448 1274 blasphemias
2474 1202 2805 1275 proferemus
2826 1206 2879 1259 in
2905 1204 3168 1272 medium,
3202 1206 3395 1275 quibus
3420 1206 3520 1261 du-

1946 1295 2141 1366 plicem
2169 1293 2365 1350 Christi
2402 1310 2687 1365 personam
2730 1295 2949 1353 in’ducit.
2995 1295 3312 1352 Insimulans
3339 1297 3522 1367 itaque

1948 1402 2043 1443 eos
2070 1387 2162 1456 qui
2190 1385 2360 1441 Deum
2387 1386 2623 1442 Verbum
2650 1395 2774 1442 ante
2801 1387 2995 1443 saecula
3029 1388 3292 1458 genitum,
3326 1388 3382 1443 in
3416 1402 3521 1444 no-

1949 1479 2168 1535 vissimo
2202 1478 2475 1534 hominem
2501 1477 2701 1533 factum
2730 1494 2849 1534 esse
2875 1478 3213 1549 proﬁtentur,
3244 1480 3298 1534 in
3327 1486 3521 1549 quarto

1947 1579 2136 1628 contra
2174 1569 2561 1640 Apollinarium
2589 1569 2726 1625 libro
2765 1570 2881 1625 haec
2906 1569 3090 1625 scribit
3117 1588 3138 1623 τρ
3166 1588 3186 1622 ι
3220 1570 3336 1627 Hoc
3375 1570 3521 1641 quod

1949 1662 2059 1734 [hic
2083 1662 2174 1730 qui
2202 1659 2395 1731 Gram]
2417 1667 2540 1715 ante
2567 1660 2759 1715 saecula
2786 1670 2923 1730 erat,
2951 1662 3006 1716 in
3045 1662 3346 1717 novissimis
3390 1662 3522 1718 dicit

1947 1753 2144 1808 factum
2172 1767 2292 1807 esse
2313 1752 2665 1822 temporibus,
2696 1760 2883 1823 utpote
2906 1753 3223 1822 quibusdam
3261 1754 3364 1809 hoc
3390 1768 3520 1810 con-

270 1835 532 1917 διάκρισις,
566 1848 636 1913 μή
661 1851 787 1899 Θεοῦ
814 1857 1028 1922 μορφῆς,
1059 1854 1128 1921 μή
1151 1849 1331 1906 δούλου
1359 1860 1582 1927 μορφῆς,
1619 1858 1691 1924 μή
1722 1861 1831 1909 ναοῑ¹

1948 1850 2238 1918 mentibus,
2263 1864 2385 1905 cum
2404 1865 2565 1905 nemo
2585 1864 2652 1905 ex
2672 1849 2754 1905 his
2772 1849 2863 1920 qui
2883 1849 3099 1920 pietatis
3118 1865 3299 1906 curam
3318 1850 3519 1906 habent

269 1928 539 2003 ληφθέντος,
571 1941 643 2007 μὴ
661 1944 755 1992 τοῦ
779 1938 1084 2003 ἐνοικοῦντος
1111 1942 1161 1996 ἐν
1184 1951 1256 2013 τῷ
1282 1951 1414 2013 ναῷ,
1447 1949 1520 2015 μη
1560 1951 1650 1999 τοῦ
1677 1946 1846 2002 λυθέν-

268 2041 371 2086 τος,
402 2030 472 2093 μή
505 2033 603 2083 τοῦ
631 2028 943 2104 ἐγείραντος,
976 2038 1045 2102 μὴ
1074 2040 1164 2088 τοῦ
1191 2034 1533 2095 τελειωθέντος
1562 2036 1609 2089 ἐν
1637 2035 1840 2102 πάθεσι,

266 2117 331 2181 μή
346 2121 432 2169 τοῦ
448 2117 827 2182 τελειώσαντος.
849 2127 919 2192 μή
937 2129 1029 2177 τοῦ
1050 2126 1590 2196 μνημονευθίντοςίμγ)
1604 2132 1697 2181 τοῦ
1716 2149 1842 2197 μνη-

268 2209 627 2273 μονεύσαντος,
678 2218 748 2285 μη
787 2220 878 2269 τοῦ
918 2216 1313 2288 ἐπισκεφθὲντος,
1343 2225 1411 2289 μὴ
1447 2223 1538 2273 τοῦ
1564 2219 1840 2292 ἐπισκεψα-

268 2298 434 2368 μένον,
477 2306 555 2373 μή
583 2309 670 2358 τοῦ
709 2306 888 2383 βραχύ
926 2308 1052 2382 παρ’
1079 2309 1319 2382 ἀγγέλους
1348 2310 1731 2379 ἒλαττωθέντος,
1767 2318 1839 2384 μή

264 2393 344 2439 τοῦ
368 2389 749 2455 ἐλαττώσαντος
764 2437 779 2462 ,
810 2400 880 2466 μὴ
904 2403 993 2451 τοῦ
1017 2396 1135 2471 δόξῃ
1162 2402 1245 2452 καί
1270 2408 1391 2471 τιμῇ
1417 2402 1835 2473 στεφανωθέντος,

259 2481 324 2546 μὴ
339 2485 431 2534 τοῦ
458 2486 902 2554 στεφανώσαντος,
925 2492 995 2556 μή
1023 2493 1108 2542 τοῦ
1135 2486 1475 2550 καταστάντος
1504 2492 1587 2545 ἐπί
1619 2493 1693 2563 rei
1710 2489 1837 2567 ἔργα

257 2574 350 2622 τῶν
374 2578 570 2645 χειρῶν
585 2581 689 2629 τοῦ
705 2583 853 2643 Θεοῦ,
868 2584 938 2649 μὴ
956 2585 1046 2634 τοῦ
1071 2584 1511 2648 καταστήσαντος,
1541 2588 1610 2654 μή
1629 2590 1721 2639 τοῦ
1746 2585 1838 2640 λα-

255 2658 421 2725 ϐόντος
445 2667 579 2723 αὐτά
609 2668 659 2721 ἐν
688 2670 955 2749 ὑποταγῇ,
983 2678 1055 2743 μὴ
1081 2680 1171 2729 τοῦ
1200 2673 1376 2735 δόντος
1400 2682 1491 2735 τήν
1515 2677 1830 2749 ὑποταγὴν.»

315 2762 394 2808 Ἐκ
416 2758 616 2811 τούτων
639 2762 802 2816 τοίνυν
825 2769 927 2817 τῶν
953 2765 1154 2820 ἀσεϐῶν
1178 2764 1440 2838 Θεοδώρου
1468 2769 1723 2843 ῥημάτων,
1749 2772 1837 2825 καί

248 2850 335 2904 τῆς
355 2846 526 2909 οὕτως
549 2852 706 2907 αὐτοῦ
734 2862 1019 2928 προφανοῦς
1045 2858 1364 2930 βλασφημίας
1391 2859 1761 2933 ἐρυθριοίσωσιν
1788 2863 1836 2916 el

243 2935 649 3013 ἀντιποιούμενοι
687 2947 843 3000 αὐτοῦ
881 2969 935 3002 τε
963 2952 1157 3009 καὶτῆς
1184 2951 1404 3010 ἀσεϐοῦς
1444 2952 1727 3012 ἐπιστολῆς.
1770 2956 1859 3009 Τὸν

240 3027 336 3114 γὰρ
358 3029 585 3092 ἀναιδῶς
610 3037 694 3087 καί
716 3035 958 3098 πολλάκις
983 3035 1127 3093 ἄλλον
1153 3036 1274 3095 εἶναι
1293 3042 1375 3095 τὸν
1402 3043 1526 3096 Θεὸν
1551 3042 1721 3114 λόγον,
1750 3047 1835 3100 καί

234 3112 388 3171 ἄλλον
408 3119 499 3174 τὸν
515 3124 729 3195 Χριστὸν
750 3124 908 3198 λέγειν
928 3129 1079 3183 αὐτὸν
1093 3170 1107 3193 ,
1132 3133 1213 3184 καί
1234 3132 1319 3185 τὸν
1344 3136 1433 3201 μὲν
1456 3134 1831 3207 εὐεργετοῦντα,

1947 1943 2110 1998 istum
2152 1957 2211 1997 se
2245 1942 2481 2012 patiatur
2519 1940 2765 1996 morbum
2792 1941 2990 1996 habere
3019 1940 3319 2005 dementia},
3353 1949 3410 1994 ut
3433 1940 3518 1996 di-

1944 2038 2050 2097 cat,
2088 2046 2210 2087 eum
2235 2030 2327 2100 qui
2366 2038 2450 2086 est
2480 2038 2606 2085 ante
2645 2030 2847 2099 secula,
2890 2030 2942 2084 in
2983 2030 3275 2086 novissimo
3317 2028 3516 2085 factum

1943 2138 2080 2179 esse.
2117 2140 2140 2176 ι
2170 2121 2237 2177 Et
2275 2129 2399 2193 post
2440 2136 2611 2193 pauca
2634 2122 2848 2177 subdit:
2889 2139 2907 2172 ι
2941 2120 3159 2176 Vestras
3188 2121 3348 2189 igitur
3372 2121 3517 2188 leges

1941 2221 2248 2283 sequentes,
2292 2221 2350 2268 et
2385 2228 2415 2267 a
2457 2219 2550 2267 tua
2576 2212 2836 2281 sapientia
2869 2211 3212 2266 constitutam
3239 2209 3515 2265 obversio-

1940 2320 2063 2360 nem
2084 2347 2100 2375 ,
2154 2306 2263 2360 imo
2309 2302 2478 2373 magis
2523 2302 2924 2358 subversionem
2972 2300 3355 2369 suscipientes,
3413 2312 3514 2367 age

1938 2395 2095 2451 simul
2123 2394 2303 2451 omnia
2331 2392 2735 2459 confundamus,
2760 2401 2816 2447 et
2840 2391 2984 2446 nulla
3006 2390 3117 2460 jam
3145 2390 3217 2445 sit
3243 2390 3512 2459 discrepa-

1940 2486 2033 2551 tio,
2077 2500 2178 2541 nec
2214 2484 2311 2541 Dei
2350 2483 2556 2551 formae,
2603 2486 2705 2539 nec
2747 2483 2887 2538 servi
2936 2480 3140 2549 forum,
3185 2496 3285 2536 nec
3328 2480 3511 2551 templi
3544 2508 3549 2513 -

1936 2579 2154 2650 sumpti,
2185 2592 2286 2633 nec
2325 2577 2443 2647 ejus
2477 2576 2569 2646 qui
2609 2577 2665 2631 in
2702 2575 2902 2645 templo
2944 2572 3220 2637 habitavit,
3257 2585 3369 2640 nec,
3394 2570 3511 2641 ejus

1937 2669 2028 2737 qui
2057 2669 2265 2724 solutus
2292 2675 2395 2733 est,
2428 2682 2529 2722 nec
2555 2665 2673 2735 ejus
2702 2666 2794 2735 qui
2821 2664 3116 2730 suscitavit,
3149 2677 3251 2718 nec
3276 2661 3393 2731 ejus
3416 2661 3508 2732 qui

1936 2758 2206 2826 perlectus
2232 2765 2317 2811 est
2342 2758 2398 2811 in
2425 2757 2789 2827 passionibus,
2836 2770 2939 2811 nec
2977 2754 3094 2824 ejus
3130 2754 3222 2823 qui
3257 2752 3506 2824 perfecit,

1936 2865 2039 2905 nec
2077 2849 2194 2919 ejus
2230 2850 2321 2918 qui
2362 2850 2676 2904 memoriam
2720 2849 2941 2904 meritus
2979 2858 3080 2913 est,
3126 2862 3226 2903 nec
3264 2847 3380 2916 ejus
3415 2846 3508 2916 qui

1936 2954 2144 2995 memor
2166 2940 2338 2995 factus
2354 2948 2455 3005 est,
2485 2955 2586 2995 nec
2612 2939 2727 3008 ejus
2752 2940 2845 3008 qui
2863 2939 3109 2995 visitatus
3135 2946 3236 3005 est,
3268 2953 3369 2995 nec
3391 2939 3508 3007 ejus

1937 3032 2028 3101 qui
2074 3029 2328 3095 visitavit,
2372 3043 2473 3085 nec
2511 3028 2627 3097 ejus
2664 3030 2756 3100 qui
2794 3029 2955 3099 paulo
2991 3028 3163 3083 minus
3200 3029 3269 3083 ab
3306 3028 3509 3096 angelis

1936 3123 2234 3179 minoratus
2264 3130 2364 3186 est,
2390 3136 2491 3177 nec
2518 3121 2635 3191 ejus
2660 3122 2751 3191 qui
2779 3120 3084 3187 minoravit,
3128 3134 3229 3176 nec
3264 3118 3379 3189 ejus
3415 3118 3507 3188 qui

233 3207 325 3263 τὸν
345 3206 405 3261 δέ
434 3211 874 3286 εὐεργετούμενον,
902 3220 984 3273 καί
1010 3219 1094 3274 τὸν
1124 3223 1215 3290 μὲν
1247 3224 1484 3278 σώσαντα
1501 3265 1513 3287 ,
1539 3225 1627 3280 τὸν
1654 3224 1706 3280 δέ
1732 3248 1828 3281 σω-

1934 3216 2104 3287 gloria
2149 3223 2206 3272 et
2240 3216 2449 3271 honore
2500 3222 2789 3271 coronatus
2817 3222 2928 3277 est,
2959 3227 3062 3269 nec
3090 3212 3207 3283 ejus
3232 3212 3325 3283 qui
3350 3226 3505 3267 coro-

237 3298 417 3363 Θίντα,
454 3311 680 3381 φανερῶς
717 3306 941 3376 ἀρνεῖται
982 3315 1072 3368 την
1109 3310 1193 3366 διὰ
1220 3319 1309 3367 τοῦ
1338 3314 1556 3386 μεγάλου
1580 3322 1710 3371 Θεοῦ
1742 3321 1829 3371 καί

239 3398 472 3469 σωτῆρος
512 3395 651 3464 ἡμῶν
679 3394 840 3455 Ἰησοῦ
875 3408 1098 3469 Χριστοῦ
1135 3404 1541 3478 προσγενομένην
1570 3408 1684 3476 ἡμῖν
1718 3429 1826 3462 σω·

240 3485 438 3554 τηρίαν.
469 3489 528 3535 σο
550 3487 651 3560 γὰρ
677 3487 803 3560 παρ’
842 3485 991 3543 ἄλλον
1018 3492 1302 3565 εὐεργεσίαν
1340 3494 1506 3548 λαϐὼν
1525 3534 1540 3560 ,
1570 3497 1679 3554 ἢτοι
1720 3521 1826 3553 σω-

240 3570 367 3637 θεὶς,
398 3571 608 3647 ἐτέρους
641 3584 753 3637 πῶς
784 3575 996 3635 δύναται
1032 3584 1237 3647 σώζειν;
1270 3586 1328 3636 ΟΞ
1366 3586 1523 3637 τοίνυν
1549 3590 1634 3640 τὸν
1661 3594 1825 3644 ταῦτα

241 3660 677 3734 βλασφημήσαντα
718 3666 1059 3736 ἐκδικοῦντες,
1114 3674 1250 3735 τίνος
1300 3671 1484 3728 οἴονται
1537 3683 1687 3746 σῶμα
1742 3681 1823 3732 καί

240 3752 359 3825 αξιια
383 3758 681 3831 λαμϐάνειν,
721 3769 811 3817 τοῦ
839 3763 1241 3836 εὐεργετηθέντος
1273 3763 1304 3823 ἢ
1340 3772 1427 3819 τοῦ
1459 3768 1822 3842 εὐεργετήσαν-
1848 3794 1851 3797 λ

238 3866 345 3914 res;
385 3852 495 3906 ἀλλ’
526 3856 573 3907 εἰ
603 3856 694 3924 μίν
729 3862 821 3911 τοῦ
862 3858 1281 3933 εὐεργετήσαντος
1317 3864 1446 3911 Θεοῦ
1491 3858 1671 3929 λόγου,
1713 3868 1824 3922 πῶς·

237 3949 376 3998 τοῦτο
403 3945 641 4017 λέγουσιν
665 3953 735 4019 μή
770 3946 1126 4021 ὁμολογοῦντες
1156 3950 1316 4005 αὐτὸν
1344 3950 1664 4025 σαρκωθῆναι
1682 3990 1695 4014 ,
1738 3954 1825 4005 καὶ

236 4033 648 4116 ὶνανθρωπῆσαις
695 4044 739 4096 εί
772 4039 828 4097 δὲ
854 4047 948 4097 τοῦ
975 4042 1402 4119 εὐεργετηθέντος,
1436 4045 1628 4114 ματαία
1655 4045 1822 4099 αὐτῶν

236 4130 263 4185 ἦ
280 4130 414 4195 ἐλπὶς
434 4134 909 4212 ἀνθρωπολατρείαν
930 4138 1335 4213 πρεσϐεύοντων,
1362 4134 1438 4193 ὅτι
1460 4136 1819 4197 ἠσεϐοἱσθοσαν

236 4224 314 4283 καὶ
336 4225 653 4302 ἐλάτρευσαν
678 4235 740 4303 τῇ
769 4230 928 4285 κτίσει
952 4231 1095 4307 παρά
1116 4231 1201 4286 τὸν
1232 4234 1495 4288 κτίσαντα.

1930 3308 2097 3373 navit,
2139 3323 2240 3363 nec
2273 3307 2389 3377 ejus
2417 3308 2507 3375 qui
2543 3308 2867 3363 constitutus
2887 3313 2971 3362 est
3002 3320 3165 3375 super
3190 3318 3353 3375 opera
3390 3318 3506 3358 ma-

1930 3422 2094 3461 nuum
2135 3406 2251 3474 Dei,
2292 3420 2393 3461 nec
2430 3405 2545 3476 ejus
2573 3406 2664 3475 qui
2694 3404 2986 3473 constituit,
3021 3418 3123 3461 nec
3158 3404 3273 3475 ejus
3308 3404 3398 3474 qui
3436 3403 3502 3460 ad

1929 3497 2350 3552 sublevationem
2372 3497 2485 3552 haec
2514 3497 2737 3566 accepit,
2764 3510 2863 3552 nec
2887 3496 3001 3567 ejus
3028 3496 3119 3566 qui
3149 3482 3293 3551 dedit
3320 3494 3503 3551 suble-

1926 3590 2219 3646 vationcm.
2259 3608 2277 3641 ι
2311 3588 2390 3643 Ex
2414 3589 2607 3658 quibus
2636 3588 2811 3658 impiis
2840 3587 3107 3642 Theodori
3140 3586 3336 3653 verbis,
3376 3600 3502 3656 pro-

1926 3682 2159 3750 fanoque
2191 3681 2640 3751 blasphemiarum
2670 3694 2868 3749 genere
2911 3680 3159 3736 etfectum
3188 3686 3269 3733 est
3297 3686 3356 3733 ut
3403 3692 3499 3747 pu-

1924 3773 2055 3828 dore
2126 3771 2471 3828 afﬁcerentur
2523 3788 2711 3829 omnes
2777 3773 2868 3845 qui
2921 3773 3023 3844 ipsi
3077 3771 3359 3843 impiaeque
3426 3769 3499 3826 illi

1927 3864 2165 3934 epistolm
2191 3864 2629 3920 adversabantur.
2658 3864 2896 3934 Namque
2924 3864 3114 3920 crebro
3141 3869 3197 3917 et
3223 3859 3499 3931 impuden-

1928 3965 2024 4029 ter.
2053 3957 2194 4013 aliud
2241 3973 2360 4014 esse
2404 3957 2501 4012 Dei
2540 3958 2772 4013 Verbum
2820 3958 3085 4027 inquiens,
3129 3954 3292 4008 alium
3317 3959 3497 4007 autem

1925 4046 2227 4116 Christum;
2272 4050 2431 4104 alium
2459 4048 2551 4118 q'ui
2576 4048 2896 4104 beneﬁcium
2933 4044 3186 4114 suscepit,
3218 4043 3380 4097 alium
3407 4041 3497 4111 qui

1926 4141 2183 4207 contulit;
2216 4139 2377 4195 alium
2404 4141 2496 4209 qui
2517 4140 2707 4201 salvat,
2734 4138 2894 4191 alium
2916 4136 3007 4204 qui
3032 4134 3291 4199 salvetur,
3313 4138 3496 4200 aperte

1922 4234 2150 4288 salutem
2190 4232 2459 4286 inllciatur
2487 4224 2693 4299 partam
2730 4227 2885 4282 nobis
2913 4241 3011 4296 per
3046 4237 3296 4292 magnum
3327 4221 3497 4279 Deum

1928 4330 1982 4378 et
2020 4322 2353 4377 Salvatorem
2394 4327 2636 4374 nostrum
2677 4316 2857 4372 Jesum
2892 4314 3181 4373 Christum.
3214 4311 3497 4381 Quomodo

235 4403 365 4459 enim
410 4404 601 4464 salvos
638 4407 817 4465 facere
864 4417 1042 4480 potest
1085 4412 1339 4483 reliquos,
1373 4413 1445 4478 is,
1476 4412 1568 4481 qui
1598 4426 1703 4467 non
1729 4426 1885 4469 secus
1924 4426 1990 4466 ac
2020 4412 2199 4466 caeteri
2226 4409 2539 4466 beneficium
2569 4409 2811 4479 percepit
2836 4407 3043 4475 salutis,
3072 4414 3234 4478 atque
3260 4406 3495 4462 salvatus

235 4497 341 4550 est?
380 4496 678 4567 Cujusnam
723 4500 885 4569 igitur
928 4500 1126 4573 corpus
1174 4500 1576 4572 et‘sanguinem
1626 4517 1837 4559 sumere
1881 4520 1940 4560 se
1979 4503 2305 4569 existimant,
2364 4501 2453 4572 qui
2498 4501 2616 4557 haec
2670 4501 3130 4573 blasphemantem
3171 4499 3494 4556 defendunt?

238 4578 418 4652 Eiusue
443 4589 547 4659 qui
574 4588 893 4645 beneﬁcium
918 4590 1160 4657 contulit,
1199 4606 1267 4646 an
1305 4591 1419 4660 ejus
1462 4589 1554 4661 qui
1591 4591 1863 4660 suscepit?
1900 4590 2051 4658 Quod
2078 4590 2124 4645 si
2156 4589 2312 4645 Verbi
2339 4588 2435 4646 Dei
2484 4588 2805 4646 beneﬁcium
2840 4586 3167 4645 conferentis
3203 4601 3399 4658 capere
3434 4602 3493 4643 se

242 4687 562 4737 sacramenta
601 4684 1006 4754 responderint,
1036 4684 1309 4754 quomodo
1349 4683 1401 4739 id
1440 4685 1642 4756 dicant,
1675 4701 1796 4741 cum
1840 4686 2014 4756 ipsum
2062 4686 2397 4741 incarnatum
2445 4693 2501 4741 et
2547 4686 2820 4741 hominem
2864 4685 3064 4741 factum
3117 4698 3236 4741 esse
3273 4686 3494 4741 minime

239 4767 622 4829 conﬁteantur?
660 4773 757 4831 Sin
784 4782 965 4831 autem
994 4774 1109 4846 ejus
1149 4776 1234 4833 cui
1274 4776 1590 4833 beneficium
1629 4778 1885 4835 collatum
1913 4787 1997 4835 est
2036 4779 2286 4846 dixerint,
2336 4778 2499 4834 stulta
2542 4787 2624 4835 est
2665 4792 2793 4848 ergo
2840 4793 3029 4835 eorum
3058 4793 3201 4850 spes,
3251 4779 3343 4850 qui
3388 4780 3491 4836 bo-

237 4866 420 4924 miuem
461 4870 613 4926 cultu
649 4883 973 4930 venerantur
1017 4876 1259 4946 quoniam
1306 4886 1594 4931 creaturam
1633 4894 1786 4949 super
1810 4875 2053 4933 Creatore
2084 4877 2427 4932 aderam-unt
2452 4873 2605 4948 (Sap.
2638 4889 2726 4940 xv,
2758 4872 2834 4944 ὅ).

298 4971 460 5035 Ἦμεῖς
487 4963 541 5020 δέ
568 4964 759 5028 πάντες
792 4968 842 5022 ei
875 4977 963 5030 τῆς
988 4969 1250 5031 καθολικῆς
1278 4971 1541 5032 ἐκκλησίας
1568 4973 1653 5027 τὸν
1679 4974 1803 5026 Θεῦν

1978 4970 2088 5025 Nos
2117 4976 2296 5024 autem
2324 4982 2533 5035 omnes,
2566 4966 2657 5036 qui
2678 4965 2957 5021 catholicae
2984 4961 3237 5020 Ecclesia:
3277 4977 3483 5028 sumus,

236 5052 365 5127 λόγον
384 5061 727 5133 σαρκωθῶτα,
751 5063 832 5117 καί
866 5063 1315 5139 ἔνανθρωπήσαντα
1334 5106 1347 5128 ,
1379 5066 1465 5120 ἕνα
1492 5087 1546 5121 τε
1577 5062 1694 5121 ὄντα
1718 5073 1812 5125 τῆς

237 5144 372 5218 ἆῚίας
401 5150 625 5227 τριάδος
651 5153 1028 5225 ὁμολογοῦντες,
1059 5158 1215 5211 αὐτοῦ
1244 5160 1329 5212 καί
1353 5158 1411 5213 τὸ
1436 5169 1608 5228 σῶμα,
1640 5161 1723 5212 καί
1752 5159 1809 5213 τὸ

237 5235 351 5306 αἷμα
375 5240 635 5312 δεχόμεθα
680 5246 752 5304 είς
786 5242 962 5316 ἄφεσιν
1003 5246 1279 5322 ἁμαρτιῶν,
1310 5251 1392 5303 καί
1418 5252 1488 5309 εἰς
1514 5253 1644 5313 ζωὴν
1685 5250 1811 5302 αἰώ-

235 5347 342 5391 νιον,
383 5334 550 5393 καθώς
577 5336 664 5388 καί
706 5336 858 5395 αὐτὸς
884 5336 910 5391 ὁ
937 5337 1109 5413 κύριος
1136 5339 1268 5411 λέγει
1296 5353 1308 5366 ·
1345 5356 1365 5390 ε
1393 5337 1451 5391 ⁸0
1479 5342 1683 5413 τρώγων
1714 5358 1808 5393 μου

236 5424 314 5477 ’τήν
340 5426 525 5495 σάρκα,
554 5428 636 5479 καί
660 5429 819 5483 πίνων
861 5449 960 5500 μου
992 5429 1051 5485 τὸ
1094 5427 1242 5502 αἷμα,
1272 5428 1395 5502 ἔχει
1419 5435 1547 5495 ζωὴν
1587 5432 1805 5498 αἰώνιον,

236 5510 361 5581 κᾶγὼ
388 5517 658 5575 ἀναστήσω
685 5518 835 5575 αὐτὸν
859 5520 910 5574 ἐν
936 5527 997 5593 τῇ
1028 5521 1230 5595 ἐσχάτῃ
1258 5521 1422 5596 ἡμέρᾳ
1447 5537 1460 5551 ’
1488 5522 1518 5580 ἡ
1544 5522 1641 5599 γὰρ
1671 5523 1799 5599 σάρξ

236 5618 324 5666 μου
351 5606 542 5668 ἀληθῶς
579 5610 692 5665 ἐστι
720 5611 936 5685 βρῶσις,
964 5616 1046 5666 καί
1082 5613 1137 5667 τὸ
1162 5609 1284 5685 αἷμά
1308 5634 1407 5683 μου
1447 5614 1637 5673 ἀληθῶς
1683 5615 1797 5669 ἔστι

238 5691 399 5754 πόσις.
448 5707 502 5754 ‘0
528 5702 733 5778 τρώγων
774 5723 876 5772 μου
918 5709 1013 5763 ,τήν
1046 5703 1246 5780 σάρκα,
1291 5707 1372 5758 καὶ
1409 5703 1562 5758 πίνων
1595 5724 1691 5775 μου
1740 5704 1797 5758 τὸ

241 5776 376 5852 ἅμα.
407 5788 453 5842 ἐν
479 5776 590 5861 ἐμοὶ
617 5796 772 5861 μένει,
796 5794 933 5864 κᾶγώ
961 5795 1007 5847 ἐν
1224 5796 1387 5855 Καθὼς
1417 5796 1703 5850 ἀπέστειλέν
1732 5815 1796 5865 με

1914 5058 2008 5115 Dei
2036 5058 2265 5113 Verbum
2293 5058 2630 5113 incarnatum
2675 5065 2731 5111 et
2785 5056 3059 5112 hominem
3087 5054 3288 5111 factum
3317 5069 3486 5109 unum

1914 5164 1980 5204 ex
2002 5156 2198 5204 sancta:
2228 5146 2504 5204 Trinitatis
2547 5147 2793 5217 personis
2835 5161 2954 5203 esse
2980 5143 3320 5212 conﬁtentes,
3367 5160 3487 5201 cor-

1912 5256 2013 5311 pus
2041 5239 2156 5309 ejus
2180 5248 2236 5296 et
2260 5240 2570 5310 sanguinem
2603 5240 2865 5296 sumimus
2894 5240 2949 5295 in
2969 5238 3339 5294 remissionem
3360 5250 3487 5307 pec-

1912 5338 2177 5399 catorum,
2219 5340 2273 5387 et
2301 5332 2353 5387 in
2382 5333 2547 5387 vitam
2576 5339 2867 5388 aeternam:
2910 5328 3361 5401 quemadmodum
3389 5329 3484 5386 doc

1912 5422 2023 5480 cuit
2048 5436 2149 5477 nos
2177 5422 2289 5492 ipse
2318 5422 2576 5478 Dominus
2614 5421 2836 5478 dicens:
2882 5419 2982 5485 Qui
3011 5418 3291 5473 manducet
3316 5434 3483 5475 meam

1912 5531 2120 5569 carnem
2149 5524 2198 5569 et
2226 5513 2350 5569 bibit
2380 5532 2545 5569 meum
2576 5514 2877 5586 sanguinem
2897 5554 2913 5580 ,
2962 5509 3113 5565 habet
3153 5510 3306 5566 vitam
3334 5520 3483 5568 ater-

1907 5623 2049 5671 nam,
2097 5614 2147 5660 et
2183 5623 2277 5677 ego
2307 5605 2619 5661 resuscitabo
2647 5621 2763 5660 eum
2787 5606 2843 5657 in
2876 5603 3156 5658 nouissimo
3198 5604 3323 5660 die:
3357 5621 3480 5661 care

1906 5702 2040 5754 enim
2069 5716 2182 5753 mea
2224 5716 2337 5753 vere
2364 5708 2439 5753 est
2483 5697 2644 5762 cibus,
2674 5705 2724 5750 et
2750 5697 2960 5767 sanguis
3002 5712 3142 5751 metu
3188 5707 3263 5753 est
3291 5705 3437 5770 potus
3458 5713 3479 5753 :

1904 5794 1993 5862 qui
2018 5794 2296 5846 mamlucat
2317 5805 2482 5844 meam
2503 5804 2708 5843 carnem
2739 5796 2788 5841 et
2813 5786 2938 5841 bibit
2966 5805 3132 5843 meum
3175 5788 3479 5860 sanguinem

302 5875 327 5904 '
354 5874 518 5938 Forte
544 5881 826 5953 legendum
853 5901 866 5938 :
898 5884 956 5942 Ὀ
982 5889 1225 5961 πρὸω...
1252 5888 1490 5959 ἐσχάτων
1514 5890 1681 5955 πάλιν,
1710 5890 1776 5949 ὧς
1798 5907 1829 5944 τ

1933 5908 1944 5938 ρ
1968 5883 2303 5945 διδασκόντων
2326 5889 2475 5937 τοῦτο
2505 5884 2584 5936 καί
2604 5877 2863 5953 λεγόντων,
2891 5881 3147 5945 οὐδενὸς...
3178 5880 3330 5940 Ευιτ.
