3988 6346
402 335 504 395 28⁸1

1772 337 2066 399 νιοιιιυδ
2101 339 2299 400 PAPA.

3549 340 3652 402 288

398 455 427 513 ὃ
449 462 547 522 ζῶν
569 456 762 532 «mp.
784 458 923 529 κάγὼ
942 460 1015 523 ζῶ
1041 453 1127 515 διά
1153 457 1237 515 τόν
1260 456 1479 535 πατέρα,
1504 459 1595 514 καί
1632 455 1661 514 ὃ
1683 461 1894 533 τρώγων
1914 480 1980 529 με

2089 463 2137 516 in
2165 477 2246 517 me
2274 468 2467 528 manet,
2491 468 2543 517 et
2560 477 2654 533 ego
2674 462 2729 517 in
2755 477 2815 517 eo
2838 460 3017 532 (Joan.
3048 473 3139 527 τι,
3168 444 3281 530 δε).
3332 457 3485 515 Sicut
3512 462 3647 519 ηιὶείι

398 548 623 609 κάκεῖνος
649 552 798 611 ζήσει
837 545 902 601 δι’
930 547 1038 618 ἔμε.
1066 565 1086 599 ε
1128 549 1229 603 Καὶ
1269 554 1437 604 ταῦτα
1594 548 1729 605 οὕτω
1768 551 1852 605 καί
1892 571 1981 605 πι-

399 638 657 706 στεύομεν,
683 639 771 693 καί
795 636 1153 709 ὁμολογοῦμεν.

470 820 636 876 Πόσον
662 817 717 875 δὲ
746 819 967 891 ψεύδους
993 820 1134 877 ἐστίν
1162 820 1363 875 κάκεῖνο
1388 820 1563 894 μεσόν,
1590 818 1717 895 ὅπερ
1756 830 1820 893 τῇ
1858 842 1980 891 μνηε

402 914 696 985 μονευθείσῇ
725 913 907 968 ἀσεϐεῖ
929 913 1170 988 ἐπιστολῇ
1198 914 1500 989 περιέχεται
1525 917 1644 989 περί
1666 921 1767 968 τῶν
1786 912 1982 969 δώδεκα

400 1005 673 1076 κεφαλαίων
698 1012 791 1059 τοῦ
831 1006 881 1060 εν
909 1005 1069 1079 ἁγίοις
1097 1006 1373 1081 Κυρίλλου;
1413 1013 1718 1077 Συκοφαντεῖ
1749 1007 1847 1081 γὰρ
1886 1006 1982 1060 αὖ·

399 1096 502 1161 τόν,
543 1097 611 1155 ὡς
638 1097 757 1167 μίαν
788 1098 934 1169 φύσιν
970 1105 1061 1157 τῆς
1086 1097 1334 1157 θεότητος
1370 1099 1453 1153 καί
1477 1105 1570 1157 τῆς
1595 1097 1983 1171 ἁνθρωπότητος

399 1192 494 1242 τοῦ
536 1194 759 1262 Χριστοῦ
797 1187 847 1241 ἐν
871 1188 1070 1248 τούτοις
1110 1189 1343 1261 λέγοντα,
1381 1191 1467 1243 καί
1509 1186 1595 1244 διά
1622 1196 1774 1243 τοῦτο
1812 1189 1984 1251 πάσης

376 1281 639 1341 «ἀσεϐείας
676 1281 1041 1355 πεπληρῶσθαι
1074 1283 1141 1337 τὰ
1184 1284 1315 1339 αὐτὰ
1357 1282 1600 1354 κεφάλαια
1641 1282 1792 1354 λέγει.
1816 1279 1980 1357 Ὀπερ

400 1369 430 1427 ὃ
452 1372 695 1446 ὑμέτερος
713 1368 1019 1433 διδάσκαλος
1044 1374 1341 1445 πανούργως
1363 1372 1669 1447 ἑρμηνευσαι
1701 1371 1856 1442 λέγων
1885 1368 1978 1443 [1".

400 1463 714 1533 ἑρμηνεύσας
761 1459 945 1534 Mysi].
981 1467 1052 1531 μή
1097 1462 1181 1519 διά
1223 1464 1287 1518 τὰ
1326 1459 1520 1518 δώδεκα
1569 1461 1814 1534 κεφάλαια
1840 1464 1888 1516 ἐν
1919 1470 1983 1535 τῇ

401 1553 646 1626 ἐπιστολῇ
685 1553 915 1624 εἰρῆσθαι
933 1550 1013 1607 ὅτι
1037 1558 1205 1609 ταῦτα
1230 1553 1399 1613 πάσης
1426 1552 1667 1614 ἀσεϐείας
1694 1552 1984 1630 πεπλήρων·

404 1667 510 1711 ται,
550 1646 654 1700 ἀλλ’
680 1644 758 1701 ὅτι
783 1644 977 1719 εἴρηται
1001 1646 1121 1717 μίαν
1156 1641 1283 1701 εἶναι
1321 1645 1472 1721 φύσιν
1504 1644 1741 1708 θεότητος
1777 1649 1863 1702 καί
1903 1648 1984 1702 ἀν-

403 1738 747 1813 θρωπότητος.
766 1736 927 1814 Ὀπερ
956 1740 1205 1817 προςανές
1229 1736 1417 1810 ψεῦδός
1441 1740 1605 1794 ἔστιν.

473 1826 532 1882 Ὀ
576 1829 673 1900 γάρ
703 1829 750 1882 ἐν
777 1828 940 1903 ἁγίοις
978 1829 1212 1904 κὺριλλος
1237 1826 1352 1884 οὔτε
1394 1830 1445 1884 ἐν
1484 1836 1597 1891 τοῖς
1632 1826 1795 1892 ἄλλοις
1824 1829 1978 1884 αὑτοῦ

404 1919 816 1993 συγγράμμασιν,
850 1916 967 1975 οὔτε
1001 1919 1051 1972 ἐν
1092 1927 1155 1991 τῇ
1196 1919 1456 1994 ἐπιστολῇ,
1569 1941 1667 1976 τινι
1695 1922 1760 1975 τά
1788 1917 1987 1976 δώδεκα

330 2064 337 2069 ,
405 2010 645 2081 κεφάλαια
671 2011 1028 2078 ὑποτέτακται,
1056 2010 1163 2066 ἀλλ’
1205 2009 1322 2068 οὑδὲ
1362 2012 1411 2066 ἐν
1455 2013 1635 2073 αὑτοῖς
1682 2021 1793 2075 τοῖς
1837 2033 1988 2085 κεφα-

404 2100 560 2163 λαίοις
588 2104 709 2174 μίαν
736 2104 883 2174 φύσιν
914 2104 1148 2165 θεότητος
1192 2106 1276 2160 καί
1315 2104 1699 2180 ἀνθρωπότητος
1737 2103 1986 2162 δείκνυται

406 2197 647 2268 εἰρηκώς,
693 2190 817 2249 ἀλλά
850 2199 968 2267 μίαν
994 2196 1280 2253 ὑπόστασιν
1306 2197 1416 2256 ἤτοι
1440 2195 1719 2272 πρόσωπον
1749 2206 1841 2260 τῇς
1880 2196 1986 2252 θεό-

406 2304 558 2345 τητος
595 2286 677 2339 καί
717 2293 806 2346 τῆς
835 2284 1219 2360 ἀνθρωπότητος
1260 2293 1349 2342 τοῦ
1391 2293 1613 2363 Χριστοῦ
1652 2283 1779 2343 εἶναι
1806 2283 1984 2342 διδάσ-

407 2396 503 2431 κει.
528 2372 690 2449 Ὀπερ
726 2378 811 2430 καί
837 2377 864 2434 ri
891 2375 1013 2447 ἁγία
1037 2384 1129 2433 τοῦ
1158 2382 1285 2432 Θεοῦ
1328 2377 1566 2436 ἐκκλησία
1607 2379 1862 2454 κηρύττει,
1903 2377 1988 2432 καί

407 2463 597 2525 πάντες
623 2465 670 2519 oi
704 2466 925 2539 πατέρες
958 2464 1220 2533 ἐδίδαξαν,
1250 2467 1691 2538 ἀναθεματίζοντες
1728 2469 1844 2528 τοὺς
1871 2470 1989 2537 μίαν

409 2554 560 2626 φύσιν
586 2560 677 2614 τῇς
702 2554 935 2615 θεότητος
962 2557 1047 2609 καί
1085 2562 1179 2615 τῆς
1216 2555 1605 2632 ἀνθρωπότητος
1645 2564 1737 2613 τοῦ
1768 2565 1987 2632 Χριστοῦ

408 2642 658 2716 λέγοντας.
686 2641 831 2699 ’Δλλο
875 2647 974 2724 γάρ
1016 2647 1127 2701 ἐστι
1164 2647 1333 2719 φύσις,
1378 2651 1466 2703 καί
1504 2646 1621 2703 ἄλλο
1674 2649 1983 2718 ὑπόστασις,

408 2734 521 2794 ἤτοι
546 2736 844 2808 πρόσωπον.
877 2739 966 2792 καί
1003 2738 1036 2796 ἡ
1062 2742 1160 2806 μην
1194 2740 1347 2811 φύσις
1372 2739 1432 2795 τὸ
1473 2746 1642 2801 κοινῶς
1670 2743 1751 2795 καί
1782 2748 1988 2812 γενικῶς

411 2831 539 2885 κατά
584 2830 786 2887 πάντων
838 2832 1126 2906 προσώπων
1173 2833 1608 2908 κατηγορούμενον
1656 2834 1908 2903 σημαίνει,
1958 2836 1990 2893 ἡ

410 2919 697 2983 ὑπόστασις
723 2919 778 2976 δέ
827 2920 938 2979 ἦτοι
978 2923 1249 2997 πρόσωπον
1276 2924 1335 2978 τό
1370 2921 1526 2979 ίδικόν
1560 2922 1802 2980 δείκνυσι⁶
1831 2924 1991 2999 πρόσω

409 3031 546 3067 ωπον
592 3013 693 3089 γὰρ
737 3010 786 3065 iv
819 3007 950 3083 ἄλλῳ
977 3015 1236 3087 προσώπῳ
1275 3009 1367 3067 οὑκ
1395 3013 1765 3088 ἐπιθεωρείται.
1794 3010 1909 3068 Ὀτι
1935 3012 1989 3068 δέ

410 3103 442 3160 vi
470 3103 680 3175 μυσαρά
708 3101 951 3163 ἐπιστολῇ
991 3106 1112 3177 περί
1144 3111 1244 3160 τῶν
1281 3101 1476 3159 δώδεκα
1514 3104 1785 3175 κεφαλαίων
1820 3110 1913 3160 τοῦ
1942 3105 1991 3158 ἔν

2080 570 2161 610 me
2186 556 2356 611 uiuens
2393 553 2573 624 Pater,
2598 564 2650 608 et
2676 570 2770 627 ego
2808 555 2918 609 vive
2946 562 3158 623 propter
3202 550 3437 618 Patrem,
3470 562 3523 607 et
3565 555 3649 623 qui

2080 646 2361 701 manducet
2404 662 2487 701 me
2534 654 2587 700 et
2620 646 2732 717 ipse
2774 646 2902 701 vivet
2948 652 3158 715 propter
3186 659 3288 698 me.
3319 642 3498 713 Atque
3538 644 3652 702 hac

2079 738 2298 810 quidem
2324 737 2596 795 credimus
2621 744 2677 793 et
2702 736 3039 794 conﬁtemur.

2149 829 2348 896 Quanti
2396 844 2613 901 quoque
2656 826 2925 885 mendacii
2968 827 3187 898 plenum
3232 836 3319 884 est
3346 827 3400 884 id
3426 826 3573 899 quod
3602 828 3654 886 in

2080 932 2377 979 memorata
2406 922 2568 993 impia
2594 920 2822 992 epistola
2870 919 2941 976 de
2959 919 3244 976 duodecim
3272 920 3444 975 sancti
3472 919 3655 992 Cyrilli

2081 1015 2344 1085 capitibus
2370 1013 2679 1071 continetur
2703 1013 2719 1067 !
2750 1012 3119 1069 Calumniatur
3139 1027 3372 1081 namque
3397 1009 3657 1084 Cyrillum

2081 1106 2276 1177 ipsum,
2305 1104 2453 1175 quod
2488 1119 2653 1160 unam
2678 1103 2972 1167 divinitatis
2995 1103 3454 1173 humanitatisque
3494 1112 3657 1159 natu-

2080 1209 2199 1251 ram
2226 1194 2281 1250 in
2307 1193 2544 1263 Christo,
2570 1194 2626 1249 in
2653 1193 2889 1265 prmlatis
2928 1193 3193 1263 capitibus
3219 1192 3519 1259 admiserit,
3569 1193 3656 1248 in-

2080 1287 2258 1357 deque
2297 1293 2507 1341 scatere
2554 1299 2620 1340 ea
2647 1285 2825 1354 capita
2863 1282 3139 1340 concludit
3164 1283 3310 1340 omni
3357 1283 3659 1352 iniquitate,

2080 1376 2229 1449 quod
2255 1376 2432 1447 ipsum
2458 1370 2653 1431 callide
2680 1375 2748 1431 ab
2775 1381 3110 1446 praeceptore
3142 1381 3324 1430 vestro
3345 1373 3655 1445 expositum

2081 1478 2184 1536 est,
2233 1467 2464 1535 dicente,
2510 1482 2621 1524 non
2665 1475 2726 1522 ut
2769 1467 2872 1537 ipsi
2916 1466 3110 1537 injuria
3158 1466 3312 1524 ﬁeret
3356 1480 3423 1523 ea
3463 1474 3660 1523 vocata

2080 1561 2247 1619 fuisse
2276 1561 2538 1617 universae
2585 1559 2880 1631 impietatis
2922 1560 3116 1631 plena,
3166 1558 3264 1615 sed
3288 1559 3545 1629 quoniam
3584 1559 3661 1615 ibi

2083 1656 2298 1712 unicam
2322 1669 2444 1711 esse
2468 1652 2696 1709 docetur
2721 1652 3016 1708 divinitatis
3059 1651 3516 1721 humanitatisque
3555 1666 3656 1708 na-

2082 1754 2280 1801 turam.
2318 1743 2376 1799 ld
2400 1750 2583 1799 autem
2608 1742 2854 1815 putidum
2879 1749 2965 1799 est
2984 1751 3282 1812 patensque
3294 1741 3657 1798 mendacium.

2010 1840 2060 1901 Β
2082 1834 2280 1890 Nullibi
2315 1833 2458 1889 enim
2501 1832 2905 1889 demonstratur
2954 1828 3237 1903 Cyrillum,
3275 1846 3453 1902 neque
3487 1831 3542 1887 iu
3593 1846 3658 1889 ea

2083 1924 2314 1997 epistola
2340 1938 2460 1993 quae
2486 1922 2767 1979 duodecim
2793 1921 3030 1993 capitula
3054 1921 3451 1991 complectitur,
3483 1936 3661 1992 neque

2084 2014 2140 2070 in
2167 2029 2355 2071 eorum
2381 2012 2619 2085 capitum
2655 2012 2861 2083 aliquo,
2910 2026 3090 2082 neque
3115 2011 3174 2067 in
3198 2013 3411 2069 ceteris
3436 2012 3657 2082 quibus-

2084 2106 2218 2162 libet
2261 2104 2412 2159 libris
2453 2104 2567 2161 suis
2611 2103 2828 2160 unicam
2871 2104 3167 2162 divinitatis
3207 2104 3661 2174 humanitatisque

2084 2205 2330 2254 naturam
2357 2196 2575 2265 dixisse,
2605 2210 2728 2251 cum
2756 2204 2946 2252 contra
2973 2197 3176 2254 diserte
3201 2196 3415 2264 doceat,
3446 2196 3659 2253 unicam

2086 2303 2207 2345 esse
2234 2290 2289 2344 in
2316 2288 2530 2345 Christo
2585 2286 2880 2343 divinitatis
2926 2288 3378 2359 humanitatisque
3404 2288 3661 2360 hyposta-

2084 2380 2187 2436 sim
2216 2381 2331 2436 sive
2358 2392 2664 2449 personam,
2710 2377 2857 2448 quod
2897 2388 3086 2437 sancta
3112 2378 3210 2435 Dei
3244 2378 3531 2451 proﬁtetur
3556 2376 3656 2434 Ec-

2086 2472 2271 2539 clesia,
2316 2469 2662 2539 universique
2706 2467 2895 2527 Patres
2936 2479 3198 2542 perpetuo
3245 2471 3499 2539 docuere,
3539 2485 3660 2526 ana-

2087 2566 2270 2622 thema
2316 2564 2371 2619 in
2399 2578 2496 2619 eos
2549 2562 2792 2619 dicentes
2834 2562 2929 2633 qui
2960 2565 3174 2620 unicam
3223 2563 3522 2620 divinitatis
3564 2563 3659 2618 hu-

2085 2657 2466 2725 manitatisque
2528 2662 2776 2711 naturam
2805 2711 2813 2720 ,
2841 2669 2963 2712 esse
3017 2655 3074 2711 in
3127 2654 3342 2713 Christo
3381 2655 3657 2722 dicerent;

2089 2746 2235 2802 aliud
2297 2745 2495 2817 quippe
2549 2751 2743 2800 natura
2797 2752 2915 2815 est,
2988 2745 3132 2801 aliud
3189 2746 3496 2819 hypostasis
3545 2747 3661 2802 sive

2091 2850 2347 2909 persona.
2390 2834 2594 2889 Natura
2619 2833 2874 2891 videlicet
2899 2835 3258 2892 communiter
3306 2844 3471 2904 atque
3497 2848 3660 2903 gene-

2089 2928 2203 2984 rice
2228 2927 2299 2983 de
2338 2925 2527 2997 quavis
2552 2939 2784 2996 persona
2810 2925 3157 2996 praedicatur,
3204 2940 3437 2997 persona
3463 2931 3660 2990 autem,

2096 3018 2211 3076 sive
2236 3017 2545 3090 hypostasis
2569 3017 2826 3088 exprimit
2856 3017 3284 3089 proprietatem;
3314 3018 3663 3088 quamobrem

2095 3125 2201 3166 una
2245 3125 2478 3180 persona
2523 3108 2745 3165 minime
2795 3111 2851 3165 in
2894 3109 3064 3165 altera
3094 3109 3485 3166 consideratur.
3516 3107 3661 3176 Quo-

410 3188 571 3262 ἁγίοις
614 3191 851 3266 ιυρίλλου
888 3192 1039 3264 λέγει,
1069 3195 1137 3252 ὡς
1165 3192 1339 3251 πάσης
1362 3193 1601 3252 ἀσεϐείας
1641 3194 1987 3265 πεπλήρωται,

2093 3201 2238 3256 niam
2262 3207 2441 3255 autem
2462 3199 2514 3255 in
2540 3199 2784 3269 improba
2806 3214 2869 3256 ea
2884 3199 3107 3272 epistola
3119 3200 3186 3257 de
3199 3202 3481 3258 duodecim
3496 3199 3664 3257 sancti

409 3278 604 3344 ἔξεστιν
627 3280 745 3351 ὑμῖν
772 3278 829 3335 έκ
857 3289 957 3336 τῶν
974 3283 1143 3354 ίφεξῆς
1168 3290 1261 3342 τῇς
1289 3283 1447 3341 αὑτῆς
1472 3277 1695 3342 ἀσεϐοῦς
1721 3283 1991 3344 ἐπιστολῆς

410 3378 563 3427 τοῦτο
592 3373 784 3446 εὑρεῖν,
817 3373 865 3426 έν
908 3369 981 3433 οἷς
1006 3380 1227 3449 φανερῶς
1267 3370 1403 3431 εἶπεν
1429 3376 1495 3429 τά
1531 3377 1662 3430 αὑτά
1688 3374 1879 3432 δώδεκα
1906 3397 1991 3431 κε-

412 3464 598 3538 φάλαια
623 3464 821 3519 ἐναντία
841 3459 967 3519 εἶναι
1080 3467 1200 3541 ὀρθῇ
1219 3467 1412 3521 πίστει.
1434 3464 1637 3527 Ἐπειδὴ
1667 3467 1720 3524 δέ
1748 3470 1993 3541 μέμφεται

412 3557 443 3615 ἡ
470 3556 596 3615 αὑτή
634 3556 825 3616 ἀσεϐής
868 3556 1106 3615 ἄπιστολή
1147 3558 1178 3615 ἡ
1217 3557 1451 3629 λεγομένη
1471 3555 1586 3614 Ἴϐα
1612 3560 1699 3615 τὸν
1746 3557 1794 3614 ἐν
1832 3558 1993 3631 ἁγίοις

412 3645 665 3723 κύριλλον,
699 3647 766 3707 ώς
794 3655 964 3718 φωνῶν
1010 3646 1247 3722 διαφορὰν
1276 3650 1671 3724 ἀπαρνούμενοι),
1720 3653 1991 3723 γινώσκετε

416 3737 499 3795 ὅτι
540 3740 624 3793 καί
661 3740 712 3793 έν
751 3740 917 3808 τούτῳ
944 3741 1030 3793 καί
1056 3738 1083 3794 ό
1109 3740 1314 3815 γράψας
1354 3745 1445 3801 τήν
1490 3743 1653 3801 ἀσεϐῇ
1704 3743 1989 3810 έπιστοληίν⁹

417 3830 501 3884 καί
538 3826 565 3883 ὁ
601 3829 843 3907 ὑμέτερος
868 3827 1172 3892 διδάσκαλος
1210 3830 1476 3902 ψεύδεται.
1499 3832 1572 3887 Ἐν
1600 3838 1729 3889 πᾶσι
1754 3834 1852 3908 γὰρ
1889 3841 1994 3893 τοῖς

412 3921 559 3985 ἰδίοις
584 3923 747 3996 λόγοις
773 3922 800 3978 ό
824 3925 873 3978 ἐν
902 3922 1064 3996 ἁγίοις
1094 3925 1350 4003 Κύριλλος,
1391 3929 1511 4001 περὶ
1537 3932 1627 3982 τοῦ
1657 3928 1831 3997 κυρίου
1856 3929 1994 3999 ἡμῶν

421 4023 571 4076 ιησοῦ
596 4023 820 4092 Χριστοῦ
847 4015 1119 4083 διδάσκων,
1150 4026 1317 4092 φωνῶν
1342 4019 1475 4092 λέγει
1498 4018 1759 4093 διαφοράν,
1789 4024 1875 4075 καί
1899 4021 1994 4082 τὰς

411 4110 501 4174 μέν
543 4108 741 4175 ὑψηλὰς
783 4111 913 4166 κατά
958 4115 1048 4170 τήν
1082 4111 1296 4168 θεότητα
1340 4112 1530 4176 αὑτοῦ,
1556 4111 1648 4173 τάς
1674 4109 1727 4166 δέ
1753 4112 1992 4171 ταπεινὰς

411 4203 536 4257 κατά
571 4207 661 4261 την
699 4203 1058 4277 ὼθρωπὸτητα
1097 4204 1279 4268 αὑτοῦ,
1321 4205 1497 4262 πάσας
1525 4200 1577 4256 δέ
1608 4201 1743 4274 ὅμως
1781 4202 1830 4266 ἐξ
1858 4201 1990 4267 ἑνός,

410 4292 496 4346 καί
529 4293 646 4366 περί
678 4291 808 4357 ἑνὸς,
840 4295 926 4349 καί
953 4298 1044 4348 τοῦ
1088 4293 1243 4347 αὑτοῦ
1273 4296 1399 4347 θεοῦ
1428 4291 1572 4363 λόγου
1601 4294 1991 4367 σεσαρκωμὲνου

412 4384 665 4461 εἰρῆσθαι·
711 4385 1015 4461 ἀπαγορεύει
1066 4382 1119 4439 δέ
1164 4384 1192 4439 ὁ
1236 4386 1384 4445 αὐτὸς
1427 4386 1477 4439 ἓν
1523 4384 1685 4459 ἁγίοις
1726 4386 1992 4461 Κύριλλος,

411 4474 546 4545 ἄλλῳ
599 4476 682 4528 καί
736 4471 867 4544 ἄλλῳ
913 4478 1172 4548 προσώπῳ
1223 4474 1541 4545 διανέμεσθαι
1586 4477 1799 4537 ταύτας.
1852 4474 1994 4533 ’Δλλά

411 4565 756 4637 ἀναμφιϐόλως
777 4566 923 4636 ὑμεῖς
946 4564 1037 4621 δύο
1066 4569 1366 4642 προσώποις
1386 4564 1633 4638 διανέμειν
1658 4569 1876 4629 θέλοντες
1898 4570 1993 4631 τὰς
2018 4597 2071 4658 D

410 4655 610 4730 φωνὰς,
642 4653 727 4712 διὰ
763 4663 916 4711 τοῦτο
956 4655 1123 4730 λέγετε
1161 4657 1245 4713 τόν
1286 4658 1335 4711 ἐν
1374 4656 1535 4727 ἁγίοις
1566 4655 1797 4734 εὑριλλον
1825 4665 1993 4731 φωνῶν

410 4745 649 4821 διαφορὰν
697 4746 1110 4822 ἀπαρνήσασθαι.
1150 4743 1354 4805 Ἐπειδή
1400 4744 1453 4800 δέ
1507 4745 1803 4819 βουλόμενος
1859 4747 1996 4815 ὑμᾶς

411 4840 680 4901 ἀπατῆσαι
724 4840 811 4894 καί
839 4839 889 4892 έν
913 4842 1079 4909 τούτῳ
1112 4839 1138 4894 ό
1183 4837 1482 4901 διδάσκαλος
1515 4840 1656 4911 ὑμῶν
1694 4834 1862 4904 εἶπεν,
1909 4845 1997 4899 τὴν

406 4931 564 4991 αὑτήν
598 4929 760 4989 ἀσεϐῇ
806 4930 1066 4989 ἐπιστολήν
1102 4935 1191 4991 τὴν
1225 4930 1494 5003 λεγομένην
1532 4929 1650 4987 ’Ίϐα
1675 4940 1766 4990 τῆς
1802 4932 1996 4987 ’Δπολιυ

406 5024 583 5099 ναρίου
604 5021 843 5082 ἀσεϐείας
863 5021 1217 5098 καταγράφειν,
1240 5024 1323 5076 καί
1338 5020 1419 5077 διὰ
1437 5028 1590 5079 τοῦτο
1612 5023 1813 5095 ὀφείλειν
1834 5024 1993 5083 αὐτην

410 5111 666 5187 ὀροόδοξον
690 5114 998 5186 νομίζεσθαι’
1036 5113 1216 5171 εἰδέναι
1240 5114 1375 5186 ὑμᾶς
1402 5120 1511 5193 χρή
1545 5113 1623 5171 ὅτι
1649 5119 1733 5173 καί
1755 5117 1803 5171 ἐν
1823 5118 1992 5188 τούτῳ

409 5206 681 5277 ἐψεύσατο·
705 5204 821 5262 οὔτε
842 5207 942 5282 γὰρ
963 5209 1089 5262 κατά
1114 5206 1480 5283 ’Δπολιναρίου,
1500 5205 1730 5284 καθάπερ
1761 5210 1992 5283 ἀνωτέρω

408 5302 702 5373 εἰρήκαμεν,
732 5299 1037 5371 γέγραπται·
1065 5296 1204 5369 ὅμως
1226 5296 1278 5353 δέ
1303 5300 1347 5352 εί
1368 5302 1450 5353 καί
1473 5297 1581 5354 καθ’
1607 5299 1742 5368 ὑμᾶς
1761 5307 1909 5355 τοῦτο
1934 5298 1992 5361 ἧν

405 5389 604 5456 ἀληθές,
627 5390 685 5444 οὑ
708 5387 792 5445 διὰ
811 5396 963 5447 τοῦτο
985 5391 1311 5465 ἠλευθεροῦτο
1332 5398 1424 5451 τῆς
1444 5391 1785 5465 κατακρίσεως
1807 5394 1835 5451 ἠ
1860 5394 1994 5452 αὑτὴ

406 5482 668 5540 ἐπιστολή.
709 5477 806 5537 κάν
840 5480 937 5556 γὰρ
977 5479 1124 5543 εἴτις
1165 5482 1414 5557 αίρετικὸς
1445 5478 1573 5538 κατὰ
1614 5483 1895 5562 αἱρετικοῦ,
1935 5482 1995 5538 οὑ

406 5570 489 5626 διὰ
512 5576 663 5625 τοῦτο
684 5572 836 5633 αὑτὸς
851 5570 1111 5647 ὀρθόδοξος
1133 5570 1400 5629 δείκνυται.
1425 5577 1511 5629 Καί
1532 5571 1729 5650 ’Ἄρειος
1748 5576 1844 5651 γὰρ
1868 5578 1996 5633 κατὰ

407 5660 669 5715 Σαϐελλίου
699 5656 838 5723 εἶπεν
858 5702 871 5726 ,
904 5666 989 5717 καὶ
1011 5662 1355 5738 Ἀπολινάριος
1381 5664 1509 5721 κατά
1536 5667 1721 5744 ’ᾼρείου
1740 5712 1753 5733 ,
1792 5672 1876 5724 καὶ
1905 5671 1994 5723 Εὑ-

406 5760 580 5821 τυχῆς
622 5745 761 5805 κατά
805 5755 1103 5828 Νεστορίου.
1145 5756 1235 5807 Καὶ
1274 5751 1363 5809 κάν
1406 5758 1472 5811 τά
1511 5757 1738 5825 μάλιστα
1773 5758 1995 5835 διαφόρῳ

406 5841 565 5899 πλάνη
593 5841 780 5902 πάντες
815 5840 954 5929 οῦτοι
995 5846 1323 5923 κατείχοντο,
1370 5845 1506 5920 ὅμως
1546 5847 1711 5912 οὐδεὶς
1741 5851 1905 5906 αὑτῶν
1941 5851 1994 5903 ἐκ

2093 3290 2275 3363 Cyrilli
2297 3289 2560 3361 capitibus
2595 3290 2809 3356 dicitur,
2848 3290 2965 3362 ipsa
2993 3306 3113 3348 esse
3141 3291 3439 3362 iniquitatis
3482 3292 3664 3363 plena,

2093 3384 2147 3440 id
2187 3396 2347 3453 quam
2392 3380 2583 3435 falsum
2631 3381 2703 3436 sit
2728 3395 2797 3439 ex
2826 3382 2942 3453 ipsa
2964 3383 3205 3455 epistolm
3248 3383 3392 3440 serie
3417 3381 3665 3455 pervesti-

2092 3489 2221 3545 gare
2246 3472 2427 3529 licebit
2456 3472 2655 3543 illaque
2683 3474 3019 3544 perquirere,
3065 3476 3122 3533 in
3162 3477 3359 3547 quibus
3381 3476 3668 3533 duodecim

2092 3581 2158 3623 ea
2186 3565 2362 3637 capita
2389 3563 2622 3619 afﬁrmat
2645 3579 2769 3620 cum
2798 3574 2947 3621 recta
2975 3566 3081 3624 ﬁde
3102 3582 3363 3639 pugnare.
3407 3567 3543 3624 Cum
3565 3580 3665 3623 au-

2094 3663 2205 3711 tem
2228 3654 2392 3723 impia
2419 3668 2482 3709 ea
2508 3654 2736 3724 epistola
2763 3669 2882 3726 quae
2904 3655 3010 3713 Iba:
3032 3657 3249 3727 dicitur,
3278 3660 3461 3730 negati
3485 3659 3669 3731 appel-

2093 3743 2357 3800 lationum
2385 3743 2708 3799 discriminis
2726 3754 2971 3802 sanctum
2990 3745 3249 3820 Cyrillum
3268 3757 3505 3818 accuset,
3527 3750 3667 3805 scia-

2094 3836 2185 3904 tis,
2231 3836 2375 3892 circa
2423 3836 2529 3892 hoc
2573 3836 2753 3908 ipsum
2797 3851 3014 3907 quoque
3058 3853 3169 3894 non
3214 3838 3381 3895 modo
3425 3839 3672 3910 epistola:

2094 3926 2235 3983 illius
2261 3927 2601 3997 scriptorem,
2629 3943 2815 3984 verum
2842 3930 3155 3999 magistrum
3184 3946 3402 4002 quoque
3428 3940 3671 3989 vestrum

2094 4032 2214 4074 esse
2264 4019 2571 4075 mentitum.
2622 4018 2912 4078 Enimvero
2955 4037 3278 4093 quocunque
3321 4025 3375 4080 in
3416 4039 3673 4080 sermone

2092 4123 2191 4165 suo
2218 4116 2435 4166 sanctus
2458 4109 2688 4182 Cyrillus
2715 4110 2783 4167 de
2808 4110 2937 4167 Jesu
2978 4110 3194 4170 Christo
3222 4114 3452 4171 Domino
3481 4122 3671 4170 nostro

2092 4212 2399 4254 sermonem
2423 4199 2674 4266 instituit,
2705 4201 3123 4271 appellationum
3143 4204 3258 4261 sive
3277 4190 3672 4260 denominatio-

2094 4305 2220 4345 num
2245 4291 2533 4347 discrimen
2555 4292 2659 4347 hoc
2684 4292 2864 4361 docet,
2889 4302 2945 4350 et
2965 4295 3220 4351 sublimes
3240 4295 3457 4366 quidem
3483 4296 3671 4352 dicen-

2093 4382 2149 4439 di
2182 4382 2421 4439 rationes
2449 4383 2551 4454 ipsi
2586 4384 2885 4441 secundum
2912 4386 3266 4455 divinitatem,
3312 4388 3543 4444 humiles
3584 4403 3673 4443 au-

2094 4482 2203 4529 tem
2255 4480 2311 4529 et
2339 4472 2600 4531 demissas
2627 4476 2919 4531 secundum
2946 4477 3338 4534 humanitatem
3362 4480 3671 4543 convenire,

2095 4579 2283 4621 omnes
2310 4572 2490 4621 tamen
2540 4581 2608 4622 ex
2638 4582 2745 4622 uno
2774 4574 2937 4639 atque
2976 4568 3045 4625 de
3075 4585 3184 4626 uno
3233 4569 3511 4626 incarnato
3560 4571 3674 4627 Deo

2099 4652 2282 4709 Verbo
2311 4654 2609 4725 prmdicari.
2648 4656 2812 4733 Vetat
2831 4667 3013 4715 autem
3039 4660 3270 4732 Cyrillus
3297 4676 3367 4717 ne
3410 4662 3674 4732 ejusmodi

2097 4744 2563 4806 denominationes
2590 4749 2680 4804 alii
2731 4759 2788 4806 et
2816 4750 2907 4805 alii
2936 4767 3181 4822 persona:
3204 4754 3414 4810 divisim
3443 4756 3676 4810 tribuan-

2098 4843 2206 4891 tur.
2240 4836 2353 4892 Vos
2383 4844 2565 4893 autem
2593 4841 2782 4910 procul
2811 4841 2975 4898 dubio
3003 4842 3205 4914 duplici
3236 4844 3521 4916 sejunctim
3551 4860 3676 4917 per-

2097 4960 2246 5002 sonae
2309 4946 2573 5017 ejusmodi
2630 4952 3020 5021 appellationes
3090 4955 3331 5012 tribuere
3387 4956 3635 5013 volentes
3655 4998 3671 5024 ,

2098 5038 2357 5111 Cyrillum
2403 5041 2525 5098 ideo
2574 5044 2993 5115 appellationum
3038 5047 3347 5105 discrimina
3391 5049 3677 5106 sustulisse

2095 5130 2515 5188 calumniamini.
2558 5132 2692 5190 Cum
2739 5136 2885 5191 enim
2925 5138 3069 5194 circa
3106 5138 3213 5196 hoc
3240 5154 3456 5209 quoque
3491 5155 3591 5197 vos
3620 5140 3674 5195 in

2096 5233 2332 5277 errorem
2352 5222 2605 5281 inducere
2628 5225 2727 5281 sibi
2751 5228 3118 5298 proposuisset
3146 5230 3201 5286 in
3220 5231 3398 5287 animo
3420 5233 3677 5302 magister

2097 5318 2295 5378 vester,
2345 5313 2528 5382 itaque
2576 5324 2913 5373 commentus
2936 5325 3080 5374 esset
3109 5334 3231 5376 eam
3258 5336 3377 5390 qum
3404 5320 3509 5376 Iba:
3539 5321 3676 5377 dici-

2103 5408 2190 5455 tur
2218 5401 2504 5472 epistolam
2525 5402 2784 5461 adversus
2813 5405 3127 5476 Apollinarii
3154 5409 3486 5480 impietatem
3516 5409 3677 5467 fuisse

2101 5494 2488 5564 perscriptam,
2539 5495 2871 5568 proindeque
2938 5500 3194 5571 expedire
3249 5510 3310 5559 ut
3366 5502 3672 5559 orthodoxa

2095 5579 2449 5651 judicaretur,
2482 5583 2919 5643 animadvertatis
2962 5597 3200 5659 oportet,
3233 5606 3299 5647 eo
3322 5606 3543 5662 quoque
3570 5590 3672 5646 loci

2099 5677 2379 5727 mentitum
2409 5673 2612 5743 pariter
2640 5690 2757 5730 esse
2786 5694 2799 5727 :
2840 5694 2946 5733 non
2977 5680 3142 5744 enim,
3175 5690 3235 5736 ut
3262 5682 3507 5751 superius
3537 5682 3671 5737 indi-

2086 5762 2356 5827 .cavimus,
2374 5762 2628 5819 adversus
2642 5765 3022 5835 Apollinarium
3044 5771 3244 5841 scripta
3267 5780 3369 5827 est.
3383 5770 3667 5835 Caeterum,

2081 5850 2330 5912 'ctiamsi.
2362 5860 2417 5906 ut
2450 5853 2602 5911 vobis
2632 5856 2825 5927 placet,
2859 5858 2909 5916 id
2933 5862 3104 5931 ipsum
3130 5878 3228 5933 pro
3252 5877 3384 5921 vero
3409 5862 3668 5922 conceda-
