3988 6346
458 304 573 371 391

1854 300 2149 365 VlGleS
2185 304 2361 364 PAPA
2372 351 2387 365 .

3620 300 3744 374 ἓξὲξ

470 431 645 488 Deum
690 435 934 487 nostrum
982 424 1165 485 Iesum
1203 423 1502 491 Christum,
1550 416 1846 478 secundum
1893 421 2229 477 divinitatem
2273 424 2420 479 Patri
2472 424 2985 484 consubstantialem
3025 438 3187 498 esse,
3224 428 3393 487 τιοῶ
3436 435 3620 490 amem
3662 452 3745 491 se-

467 520 703 577 cundum
763 518 1154 574 humanitatem
1204 530 1325 572 esse
1382 512 1894 571 consubstantialem
1952 512 2275 569 docuerunt.

539 616 686 671 Πάλιν
717 614 770 670 δέ
801 615 849 668 ἐν
877 621 950 684 τῷ
976 613 1312 687 προλεχθέντι
1335 612 1469 685 λόγῳ
1501 609 1524 664 ό
1554 608 1817 669 δυσσεϐὴς
1856 603 2058 663 Θεόδω-

2228 608 2441 669 Βιπειιε
2481 620 2661 669 autem
2686 668 2687 675 η
2712 613 2907 685 impius
2938 614 3262 674 Theodorus
3286 618 3351 674 'in
3383 621 3607 691 pmhto
3630 638 3745 680 ser-

450 726 557 781 ερος
585 707 892 779 βλασφημῶν
916 708 999 760 καί
1025 712 1188 760 ταῦτα
1208 705 1360 777 λέγει·
1399 721 1418 754 ι
1440 702 1563 757 Ἀλλ’
1580 704 1682 772 ούχ
1705 704 1736 761 ἡ
1767 701 1876 756 θεία
1903 703 2056 773 φύσις

454 798 524 852 ίὲκ
548 801 799 874 παρθένου
843 799 1160 869 γεγέννηται·
1206 796 1499 869 γεγέννηται
1527 792 1580 848 δὲ
1612 796 1665 847 ἐκ
1692 801 1783 855 τῆς
1806 793 2056 867 παρθένου

467 890 494 946 6
524 892 576 945 ἐκ
602 901 694 952 τῆς
724 892 903 952 οὐσίας
925 897 1017 952 τῆς
1040 890 1295 963 παρθένου
1325 888 1540 947 συστάς·
1571 888 1672 957 ούχ
1706 884 1731 940 ὸ
1759 886 1884 945 Θεὸς
1913 882 2059 958 λόγος

456 982 524 1037 in
547 990 638 1042 τῆς
664 985 857 1057 Μαρίας
885 982 1172 1053 γεγίννηται
1193 996 1205 1010 ’
1235 980 1519 1053 γεγέννηται
1549 976 1603 1033 δέ
1634 977 1686 1030 ἐκ
1727 981 1921 1054 Μαρίας
1951 975 1977 1030 6
2008 976 2060 1029 ἐκ

467 1076 767 1150 σπέρματος
798 1073 975 1129 Δαϐίδ.
1014 1075 1135 1143 Οὐχ
1165 1077 1189 1125 ὁ
1214 1073 1337 1131 Θεὸς
1365 1071 1510 1140 λόγος
1540 1072 1590 1123 ἐκ
1616 1071 1853 1142 γυναικὸς
1885 1070 2056 1141 γεγίνο

463 1183 633 1224 νηται·
664 1169 953 1240 γεγέννηται
980 1164 1035 1222 δὲ
1077 1169 1131 1220 ἐκ
1159 1166 1389 1237 γυναικός
1420 1164 1442 1219 ὸ
1467 1173 1530 1238 τῇ
1576 1170 1666 1221 τοῦ
1712 1165 1857 1237 ἁγίου
1903 1162 2059 1219 πνεύ-

467 1280 630 1330 ματος
678 1258 886 1331 δυνάμει
932 1259 1265 1320 διαπλασθείς
1310 1258 1359 1312 ἐν
1408 1260 1572 1331 αὐτῇ·
1621 1258 1713 1310 οὐκ
1759 1257 1811 1309 ἐκ
1858 1261 2059 1331 μήτρας

465 1354 697 1408 τέτεκται
726 1353 751 1409 6
780 1353 1055 1423 ὸμοούσιος
1082 1362 1156 1426 τῷ
1181 1355 1361 1427 πατρί,
1392 1354 1601 1428 ἀμήτωρ
1622 1354 1722 1425 γὰρ
1759 1346 1910 1409 οὗτος
1932 1351 2061 1406 κατά

464 1449 556 1503 τήν
598 1451 692 1499 τοῦ
741 1447 988 1520 μακαρίου
1034 1446 1230 1500 Παύλου
1277 1449 1453 1517 parum,
1489 1443 1612 1497 ἀλλά
1662 1442 1687 1495 6
1731 1444 1781 1495 ἐν
1825 1442 2061 1515 ὑστέροις

465 1544 665 1613 καιροῖς
702 1538 749 1590 ἓν
786 1546 849 1612 τῇ
879 1540 1090 1611 μητρῷα
1128 1539 1316 1609 γαστρί
1434 1542 1526 1589 τοῦ
1576 1533 1723 1603 ἁγίου
1773 1535 2063 1605 πνεύματος

458 1623 677 1698 δυνάμει
704 1626 1049 1691 διαπλασθείς,
1077 1627 1163 1683 ἅτε
1195 1631 1281 1684 καί
1310 1627 1526 1702 ἀπάτωρ
1570 1625 1653 1682 διὰ
1674 1632 1825 1680 τοῦτο
1855 1626 2062 1698 λεγόμε-

465 1738 571 1782 νος.
595 1741 614 1775 ε
643 1728 731 1779 Καὶ
757 1731 925 1780 ταῦτα
954 1726 1044 1795 μὲν
1072 1724 1097 1779 6
1124 1724 1317 1786 ἀσεϐής
1333 1723 1592 1799 Θεόδωρος
1611 1723 2066 1801 παραλογιζόμενος

462 1822 556 1877 τὴν
584 1822 702 1895 περί
730 1821 913 1875 τούτου
930 1818 1275 1876 ’διδασκαλίαν
1302 1829 1393 1876 τοῦ
1424 1821 1707 1876 ἀποστόλου
1755 1820 1985 1894 λέγοντος
2014 1823 2064 1875 ἐν

462 1917 530 1985 τῇ
572 1914 705 1989 πρὸς
747 1911 1016 1989 Ἐϐραίους
1062 1914 1303 1990 ἐπιστολῇ
1344 1915 1463 1991 περί
1508 1920 1599 1968 τοῦ
1641 1917 1820 1987 κυρίου
1863 1913 2062 1973 οὕτως·

2160 716 2323 759 mone
2364 705 2480 762 haec
2509 722 2727 777 quoque
2753 708 3111 780 blasphemat.
3152 729 3172 763 ε
3200 711 3317 767 Non
3348 721 3532 769 autem
3563 715 3743 773 divina

2146 804 2354 853 natura
2382 812 2451 854 ex
2478 799 2697 871 Virgine
2725 811 2852 858 nata
2879 812 2982 872 est,
3013 805 3107 860 sed
3128 812 3284 861 natus
3311 814 3397 863 est
3417 823 3484 863 ex
3504 806 3743 879 Virgine,

2159 891 2252 959 qui
2273 906 2341 946 ex
2362 893 2657 948 substantia
2683 893 2909 963 Virginis
2935 903 3147 950 constat
3172 915 3185 950 :
3210 911 3316 951 non
3344 896 3485 953 Deus
3507 897 3743 955 Verbum

2160 996 2229 1037 ex
2258 983 2423 1038 Maria
2451 994 2607 1040 natus
2635 995 2753 1050 est;
2787 997 2945 1043 natus
2990 996 3071 1043 est
3111 997 3289 1044 autem
3331 1005 3398 1044 ex
3440 990 3608 1046 Maria
3655 994 3744 1061 qui

2161 1088 2229 1129 ex
2256 1077 2463 1132 semine
2506 1086 2591 1132 est
2617 1078 2802 1134 David.
2836 1079 2952 1134 Non
2983 1080 3124 1135 Deus
3156 1078 3388 1136 verbum
3420 1097 3488 1136 ex
3518 1083 3744 1141 muliere

2163 1177 2320 1223 natus
2350 1178 2452 1233 est,
2504 1169 2598 1225 sed
2628 1180 2785 1227 natus
2814 1180 2897 1227 est
2943 1188 3010 1227 ex
3040 1173 3284 1240 muliere,
3332 1174 3425 1244 qui
3452 1188 3520 1230 ex
3546 1175 3744 1231 virtute

2162 1260 2395 1331 Spiritus
2422 1264 2592 1318 sancti
2622 1265 2918 1334 plasmatus
2948 1273 3031 1321 est
3077 1267 3127 1320 in
3160 1279 3221 1321 ea
3249 1284 3260 1319 :
3309 1282 3417 1322 non
3471 1282 3541 1323 ex
3570 1277 3743 1326 matre

2162 1362 2321 1409 natus
2348 1366 2430 1411 est
2454 1357 2928 1412 consubstantialis
2942 1356 3109 1423 Patri,
3140 1359 3257 1415 sine
3279 1367 3452 1417 matre
3472 1362 3619 1417 enim
3644 1371 3743 1431 est,

2162 1449 2459 1505 secundum
2488 1451 2634 1505 beati
2663 1448 2814 1505 Pauli
2842 1466 3059 1516 vocem,
3101 1452 3197 1506 sed
3223 1454 3316 1521 qui
3344 1453 3397 1507 in
3427 1455 3745 1524 posteriori-

2162 1539 2263 1595 bus
2317 1541 2648 1611 temporibus
2693 1542 2748 1595 in
2798 1549 3045 1598 materno
3090 1551 3281 1599 ventre
3315 1544 3489 1600 sancti
3518 1544 3749 1617 Spiritus

2163 1632 2365 1687 virtute
2394 1632 2690 1701 plasmatus
2719 1641 2821 1699 est,
2852 1634 2969 1689 sine
3003 1632 3162 1690 Patre
3189 1637 3696 1707 proptereadictus.
3725 1656 3743 1690 ε

2165 1722 2292 1779 Περι)
2320 1724 2514 1795 impius
2539 1725 2859 1781 Theodorus
2903 1735 3221 1797 pervertens
3256 1728 3566 1784 doctrinam
3608 1730 3749 1801 Apo-

2163 1820 2290 1876 stoli
2320 1820 2374 1873 in
2405 1818 2645 1890 Epistola
2682 1820 2748 1874 ad
2789 1818 3044 1876 Hebrteos
3071 1821 3141 1877 de
3170 1820 3387 1878 Christo
3402 1820 3642 1879 Domino
3673 1824 3748 1879 df-

2166 1912 2340 1967 centis
2367 1930 2379 1964 :
2416 1910 2593 1966 Primo
2620 1912 2827 1983 quidem
2848 1913 3217 1983 interpretatus
3246 1925 3322 1968 est
3352 1913 3469 1969 Rea:
3488 1916 3746 1986 justitite;

470 2017 495 2055 ε
540 1987 744 2079 Πρῶτον
938 2005 1330 2081 ἑρμηνευόμενος
1395 2005 1639 2076 βασιλεὺς
1691 2003 2055 2069 δικαιοσύνης,

2167 2002 2351 2058 deinde
2393 2019 2512 2057 vero
2559 2006 2715 2058 etiam
2762 2021 2856 2059 rea:
2899 2004 3101 2071 Salem,
3149 2008 3286 2077 quod
3332 2018 3409 2061 est
3451 2006 3570 2062 Rea:
3590 2011 3750 2079 pacis,

464 2088 645 2149 ἔπειτα
672 2093 726 2149 δέ
754 2098 839 2149 καί
868 2095 1108 2166 βασιλεὺς
1134 2098 1299 2166 Σαλήμ
1320 2136 1334 2161 ,
1360 2093 1389 2150 ὅ
1417 2097 1529 2151 ἔστι
1567 2095 1811 2166 βασιλεὺς
1842 2100 2056 2165 εἰρήνης,

465 2187 702 2263 ἀπάτωρ,
744 2192 976 2267 ἀμήτωρ,
1011 2193 1414 2263 ἀγενεαλόγητος,
1446 2203 1572 2264 μήτε
1617 2193 1790 2266 ἀρχὴν
1833 2194 2055 2266 ἡμερῶν,

465 2281 592 2349 μήτε
615 2282 746 2342 ζωῆς
767 2280 906 2340 τέλος
929 2278 1096 2351 ἔχων.
1116 2298 1135 2331 ι
1160 2288 1262 2335 Τοῦ
1280 2284 1380 2356 γάρ
1401 2282 1692 2337 ἀποστόλου
1716 2285 1833 2356 περὶ
1853 2282 1956 2343 ἑνὸς
1977 2286 2060 2337 καί

464 2376 559 2427 1νοῦ
580 2370 736 2425 αὐτοῦ
753 2372 997 2432 εἰπόντος.
1028 2372 1312 2449 ἀπάτωρ,
1346 2376 1627 2448 ἀμήτωρ,
1659 2374 2061 2449 ἀγενεαλόγη·

460 2479 590 2525 τος,
614 2467 766 2536 μήτε
790 2466 997 2542 ἀρχὴν
1021 2468 1285 2542 ἡμερῶν,
1311 2470 1464 2538 μήτε
1494 2470 1651 2530 ζωῆς
1671 2466 1844 2528 τέλος
1867 2466 2054 2538 ἔχων,

462 2551 494 2610 6
539 2552 794 2618 δυσσεϐὴς
832 2557 1092 2638 Θεόδωρος
1123 2557 1267 2615 ἄλλον
1303 2560 1435 2632 λέγει
1476 2561 1747 2636 ἀπάτορα,
1789 2564 1875 2616 καί
1917 2559 2061 2617 ἄλλον

426 2646 723 2723 ’διμήτορω
775 2650 898 2706 ἀλλά
942 2650 1247 2725 διελέγξομεν
1294 2658 1383 2712 τήν
1429 2660 1529 2709 τῶν
1573 2653 1707 2710 οὕτω
1751 2656 2060 2731 φρονούντων

465 2736 719 2801 ἀσέϐειαν,
754 2744 836 2796 καί
878 2744 932 2797 ἐκ
969 2753 1062 2805 τῆς
1109 2752 1208 2799 τῶν
1253 2744 1408 2816 ἁγίων
1439 2738 1676 2822 πατέρων
1707 2744 2056 2807 διδασκαλίας.

467 2834 614 2908 Λέγει
638 2836 739 2911 γάρ
769 2833 795 2891 6
824 2837 875 2891 ἐν
916 2835 1076 2910 ἁγίοις
1114 2837 1387 2913 ι’ρηγόριος
1424 2837 1449 2891 6
1475 2842 1757 2903 Ναζιανζοῦ
1784 2841 2063 2899 ἐπίσκοπος

468 2922 519 2978 ἔν
544 2932 615 2993 τῷ
636 2930 753 3001 περί
773 2935 873 2983 τῶν
894 2932 1160 3001 θεοφανίων
1178 2929 1306 3001 λόγῳ
1329 2930 1510 2991 οὕτως·
1540 2948 1559 2980 ε
1585 2933 1671 2991 Τίς
1705 2933 1763 2985 ού
1786 2939 2070 3003 προσκυνεῖ

465 3015 555 3072 τὸν
595 3019 875 3095 ἀπαρχῦς;
905 3025 984 3083 τίς
1011 3024 1069 3076 ού
1098 3021 1297 3087 δοξάζει
1343 3026 1429 3079 τὸν
1475 3023 1799 3083 τελευταῖον;
1833 3025 1979 3080 πάλιν
2004 3028 2063 3081 τὸ

468 3108 650 3171 σκότος
686 3110 876 3182 λύεται,
908 3114 1057 3170 πάλιν
1083 3116 1141 3170 τὸ
1180 3123 1282 3188 φῶς
1308 3115 1603 3188 ὑφίσταται,
1634 3117 1783 3172 πάλιν
1808 3116 2065 3190 Αἴγυπτος

467 3199 638 3273 σκότῳ
679 3204 960 3270 κολάζεται,
1005 3208 1155 3262 πάλιν
1200 3207 1403 3283 Ἰσραὴλ
1444 3209 1615 3278 στύλῳ
1661 3210 1947 3280 φωτίζεται.
2002 3220 2058 3264 Ὁ

467 3288 590 3355 λαὸς
616 3293 641 3350 ὸ
667 3298 943 3369 καθήμενος
971 3299 1020 3353 ἐν
1049 3299 1221 3355 σκότει
1248 3307 1338 3361 τῆς
1365 3302 1591 3372 ἀγνοίας,
1621 3300 1768 3356 ἰδέτω
1809 3309 1909 3373 φῶς
1936 3301 2065 3374 μέγα

2163 2096 2274 2149 sine
2300 2104 2464 2164 patre,
2495 2097 2608 2149 sine
2636 2107 2821 2162 matre,
2856 2097 2967 2151 sine
2997 2097 3323 2169 genealogia,
3353 2115 3518 2170 neque
3546 2100 3750 2154 initium

2162 2186 2363 2241 dierum
2404 2187 2618 2253 habens,
2668 2204 2829 2260 neque
2868 2190 3067 2243 vivendi
3113 2190 3270 2259 linem
3313 2189 3503 2263 (Hebr.
3537 2206 3643 2257 vn,
3676 2189 3748 2261 5).

2161 2277 2296 2333 Cum
2337 2280 2483 2335 enim
2515 2279 2806 2350 Apostolus
2848 2281 2919 2337 de
2966 2297 3075 2337 uno
3103 2281 3408 2352 eodemque
3435 2282 3602 2349 dicat,
3645 2285 3753 2337 sine

2159 2381 2327 2439 patre,
2364 2371 2479 2425 sine
2502 2380 2690 2440 matre,
2715 2373 2828 2426 sine
2857 2373 3179 2444 genealogia,
3212 2389 3374 2444 neque
3402 2374 3614 2429 initium
3642 2375 3749 2429 die-

2161 2479 2278 2518 rum
2300 2462 2523 2528 habens,
2562 2479 2725 2535 neque
2748 2465 2947 2520 vivendi
2972 2467 3166 2536 ﬁnem;
3197 2467 3391 2535 impius
3421 2466 3537 2537 ipse
3576 2466 3751 2522 Theo-

2159 2556 2327 2613 dorus
2370 2557 2600 2613 alterum
2643 2558 2761 2617 sine
2804 2565 2960 2628 patre
2988 2559 3068 2614 ab
3097 2558 3269 2614 altero
3296 2559 3415 2616 sine
3442 2568 3618 2614 matre
3643 2558 3752 2615 dis-

2162 2650 2356 2707 cernit.
2422 2648 2691 2705 Cteterum
2748 2664 2818 2705 ex
2887 2659 3201 2706 sanctormu
3254 2666 3474 2721 quoque
3529 2651 3747 2707 Patrum

2162 2740 2410 2798 doctrina
2462 2741 2733 2811 ejusmodi
2777 2741 3160 2813 desipientium
3218 2744 3472 2815 impietas
3519 2743 3747 2801 demon-

2163 2839 2389 2887 stratur.
2422 2830 2654 2887 Sanctus
2682 2833 2828 2889 enim
2856 2834 3153 2904 Gregorius
3188 2835 3441 2891 Nazianzi
3470 2836 3756 2908 episcopus

2164 2924 2220 2979 in
2245 2938 2312 2979 eo
2341 2939 2594 2980 sermone
2620 2925 2713 2993 qui
2759 2924 2826 2980 de
2854 2926 3059 2981 sanctis
3103 2924 3494 2997 Theophaniis,
3542 2928 3665 2983 sive
3694 2927 3757 2983 de

2162 3014 2364 3073 Christi
2384 3015 2677 3073 Nativitate
2699 3017 3032 3087 inscribitur,
3058 3019 3172 3075 haec
3197 3018 3394 3074 habet:
3430 3038 3449 3072 ι
3468 3019 3756 3086 Quis-eum,

2166 3110 2261 3182 qui
2307 3124 2339 3164 a
2368 3109 2635 3180 principio
2672 3117 2773 3177 est,
2827 3126 2938 3166 non
2983 3109 3224 3167 adoret?
3253 3113 3375 3181 quis
3406 3112 3759 3169 novissimum

2165 3216 2276 3258 non
2305 3201 2489 3257 laudet
2525 3217 2590 3257 ac
2619 3202 2902 3258 celebret?
2937 3203 3231 3259 Solvuntur
3272 3204 3469 3260 iterum
3500 3204 3757 3269 tenebrze,

2167 3310 2383 3351 rursum
2426 3303 2642 3351 creatur
2684 3295 2809 3363 lux;
2840 3296 3035 3352 iterum
3066 3297 3302 3353 tenebris
3328 3296 3563 3353 vexatur
3591 3296 3759 3367 Egy-

467 3393 563 3448 τῆς
580 3389 919 3463 ἐπιγνώσεως.
936 3394 1011 3448 Τά
1028 3394 1238 3468 ἀρχαῖα
1259 3393 1502 3464 παρῆλθε,
1522 3398 1603 3450 καί
1624 3395 1790 3467 γέγονε
1810 3398 1875 3451 τά
1896 3397 2063 3453 πάντα

2173 3395 2314 3457 ptus,
2346 3402 2533 3442 rursus
2558 3386 2725 3443 Israel
2759 3403 2855 3458 per
2898 3388 3208 3445 columnam
3248 3388 3607 3445 illuminatur.
3654 3367 3760 3444 Po-

470 3484 637 3547 καινά,
666 3486 725 3539 τὸ
757 3487 970 3560 γράμμα
995 3488 1287 3563 ὑποχωρεῖ,
1320 3489 1378 3543 τὸ
1407 3496 1609 3562 πνεῦμα
1634 3492 2061 3569 παρρησιάζεται·

470 3584 527 3633 αἱ
556 3581 701 3633 σκιαί
725 3583 1173 3657 παρατρέχουσιν,
1198 3584 1227 3641 ἡ
1254 3582 1455 3641 ἀλήθεια
1486 3584 1866 3660 ἐπεισέρχεται·
1892 3584 1917 3639 ὸ
1944 3586 2070 3639 Μελ-

474 3665 689 3738 χισεδέκ
715 3672 1008 3740 συνάγεται·
1039 3671 1063 3726 ό
1093 3674 1323 3750 ἀμήτωρ,
1360 3674 1572 3751 ἀπάτωρ
1613 3676 1820 3745 γίνεται,
1857 3675 2068 3751 ἀμήτωρ

471 3762 534 3818 τὸ
560 3763 822 3837 πρότερον,
846 3764 1064 3843 ἀπάτωρ
1094 3766 1151 3822 τὸ
1182 3765 1434 3843 δεύτερον.
1481 3767 1641 3839 Νόμοι
1670 3765 1871 3840 φύσεως
1910 3789 2070 3825 κατα-

473 3849 700 3917 λύονται,
734 3856 1052 3928 πληρωθῆναι
1093 3854 1174 3911 δεῖ
1216 3856 1299 3911 τὸν
1350 3853 1451 3911 ἅνω
1499 3857 1709 3928 κόσμον·
1738 3858 1956 3932 Χριστὸς
1985 3879 2069 3913 κε·

472 3941 608 4000 λεύει
636 3951 705 4017 μὴ
731 3949 1104 4019 ἀντιτείνωμεν.
1146 3965 1164 3999 ε
1200 3948 1326 4023 Πρὸς
1364 3945 1562 4010 τούτοις
1582 3946 1637 4003 δὲ
1666 3952 1749 4003 καί
1775 3948 1800 4004 6
1828 3952 1877 4003 ἐν
1908 3948 2072 4021 ἁγίοις

416 4068 421 4071 η
470 4038 687 4115 Πρόκλος
716 4038 741 4095 ό
772 4041 1048 4102 ἐπίσκοπος
1110 4039 1688 4099 Κωνσταντινουπόλεως
1743 4039 1791 4093 ἐν
1828 4047 1902 4111 τῷ
1940 4041 2072 4113 λόγῳ

472 4139 546 4205 τῷ
571 4135 640 4193 είς
670 4138 759 4192 τήν
781 4134 1023 4190 Θεοτόκον
1048 4132 1180 4188 οὕτω
1204 4134 1355 4205 λέγει’
1388 4151 1406 4185 ε
1432 4132 1490 4188 Ὀ
1521 4132 1587 4188 ὧν
1613 4135 1744 4190 κατά
1772 4137 1919 4207 φύσιν
1941 4136 2074 4190 ἀπα-

473 4225 582 4289 θὴς,
614 4228 779 4298 γέγονε
807 4225 871 4282 δι’
893 4222 1052 4282 οἶκτον
1076 4227 1392 4287 πολυπαθής·
1426 4229 1517 4281 οὐκ
1547 4229 1600 4281 ἐκ
1623 4235 1881 4303 προκοπῆς
1901 4230 2071 4300 γέγονε

473 4315 618 4381 Θεὸς,
654 4315 679 4370 6
707 4320 949 4387 Χριστὸς,
980 4325 1047 4388 μή
1075 4321 1290 4391 γένοιτο,
1320 4319 1445 4374 ἀλλά
1475 4314 1944 4394 διὀἷκτονιγέγονεν
1972 4316 2072 4374 ἅν-

473 4404 674 4481 θρωπος
700 4405 725 4461 6
756 4410 910 4474 Θεὸς,
952 4408 990 4482 ᾧ
1035 4416 1365 4480 πιστεύομεν·
1408 4413 1494 4465 ούκ
1543 4409 1805 4487 ἄνθρωπον
1850 4413 2076 4466 ἀποθεω-

473 4501 619 4555 θέντα
647 4504 983 4578 κηρύττομεν,
1014 4504 1139 4559 ἀλλά
1178 4506 1299 4559 Θεὸν
1339 4508 1661 4580 σαρκωθέντα
1712 4505 2071 4579 ὁμολογοῦμεν.

472 4596 573 4650 Τήν
621 4594 806 4648 οἰκείαν
847 4592 1025 4653 δούλην
1072 4595 1396 4671 ἐπεγράψατο
1451 4600 1645 4673 μητέρα
1694 4597 1718 4653 6
1767 4599 1878 4654 κατ’
1898 4601 2072 4655 οὐσίαν

475 4688 690 4757 ἀμήτωρ
710 4727 724 4751 ,
757 4690 843 4742 καί
871 4687 983 4744 κατ’
997 4690 1273 4761 οἰκονομίαν
1314 4693 1549 4766 ἀπάτωρ·
1583 4694 1693 4746 ὶπεί
1722 4701 1830 4753 πῶς
1862 4693 1885 4747 6
1916 4695 2070 4755 αὐτὸς

474 4781 603 4836 κατά
630 4780 819 4835 Παῦλον
865 4783 1077 4857 ἀμήτωρ
1120 4786 1203 4838 καί
1232 4784 1481 4856 ἀπάτωρς
1514 4788 1570 4837 Εἰ
1597 4784 1740 4856 ψιλὸς
1783 4781 2066 4854 ἅνθρωπος,

474 4875 563 4928 οὐκ
595 4875 828 4949 ἀμήτωρ,
855 4871 974 4945 ἔχει
1011 4877 1108 4952 γὰρ
1149 4878 1367 4951 μητέρα·
1414 4881 1502 4930 νῦν
1530 4874 1583 4932 δέ
1614 4875 1638 4931 ό
1671 4876 1821 4935 αὐτὸς
1856 4876 2067 4950 ἀμήτωρ

474 4968 542 5027 ὡς
582 4965 834 5030 πλάστης,
872 4967 1083 5041 ἀπάτωρ
1130 4969 1197 5028 ὡς
1233 4967 1459 5040 πλάσμα.
1493 4987 1511 5021 ι
1550 4971 1634 5023 Καί
1661 4967 1684 5023 ὸ
1715 4969 1764 5023 ἐν
1811 4966 1974 5040 ἁγίοις
2016 4966 2069 5024 δὲ

472 5059 805 5130 Δύγουστῖνος
827 5056 874 5110 ἔν
896 5064 967 5127 τῷ
990 5060 1109 5130 περὶ
1134 5066 1225 5119 τῆς
1256 5058 1496 5120 ἐκθέσεως
1526 5066 1616 5114 τοῦ
1648 5058 1907 5131 συμϐόλου
1937 5058 2067 5133 λόγῳ

474 5151 640 5213 οὕτως
666 5152 817 5226 λέγει·
852 5168 871 5203 ε
900 5152 1204 5225 Πιστεύομεν
1234 5155 1306 5212 εἰς
1332 5154 1416 5207 τόν
1445 5154 1555 5207 υἱόν
1585 5155 1739 5207 αὐτοῦ
1768 5151 1961 5211 Ἰησοῦν
1982 5154 2067 5208 τὸν

471 5244 687 5318 Χριστὸν
715 5244 1005 5315 γεννηθέντα
1030 5245 1082 5298 ἐκ
1109 5244 1404 5315 πνεύματος
1445 5244 1614 5319 ἁγίου,
1646 5247 1732 5300 καί
1759 5253 1848 5306 τῆς
1876 5248 2062 5317 παρθέ-

468 5354 551 5388 νου
600 5340 816 5414 Μαρίας.
868 5340 1010 5391 Διατί
1055 5337 1247 5394 ταύτην
1288 5340 1379 5394 τήν
1414 5337 1660 5409 γέννησιν,
1688 5332 1727 5389 ὦ
1755 5334 1959 5403 ἄπιστε,
1988 5337 2070 5392 ἕκ-

398 5432 399 5435 “
475 5428 747 5495 aliast-sig;
779 5435 848 5502 μὴ
873 5432 1088 5485 πίστευε
1130 5433 1173 5483 εἰ
1198 5429 1349 5500 μόνον
1388 5426 1648 5509 ἅνθρωπος
1672 5428 1775 5493 ἧνὸ
1804 5433 2065 5506 γεννηθεὶς·

470 5525 516 5577 εἰ
537 5521 590 5577 δέ
614 5525 736 5585 Θεὸς
758 5521 1020 5602 ἅνθρωπος
1041 5522 1118 5588 ἦν,
1136 5524 1247 5588 ἑξῆς
1270 5522 1363 5597 [Γ.
1390 5526 1437 5590 ἐξ
1460 5522 1541 5596 ἧς]
1560 5527 1795 5587 ἠθέλησεν
1818 5527 2067 5600 ἐγεννήθη,

470 5616 645 5678 insidii
666 5622 734 5681 ὡς
755 5621 988 5679 ἠθέλησεν
1015 5621 1262 5692 ἐγεννήθη·
1286 5621 1445 5676 ἐκεῖνο
1467 5622 1725 5696 θαύμασον
1752 5622 1954 5691 μᾶλλον,
1984 5619 2066 5675 ὅτι

469 5711 499 5769 ὸ
519 5713 660 5787 λόγος
684 5712 857 5768 ἔλαϐεν
882 5713 1076 5786 σάρκα,
1104 5716 1183 5768 καὶ
1213 5716 1297 5769 οὐκ
1326 5716 1519 5791 ἐτράπη
1546 5717 1619 5776 είς
1647 5717 1834 5792 σάρκα·
1870 5712 1948 5770 ὅτι
1974 5715 2066 5783 μὲ-

394 5866 407 5891 ο

392 5898 407 5921 δ

467 5825 563 5861 νων
610 5804 730 5865 Θεὸς
775 5806 973 5878 γέγονεν
1013 5802 1303 5885 ἄνθρωπος·
1337 5809 1464 5868 πλήν
1505 5810 1559 5865 τί
1598 5809 1874 5878 θαυμάζεις
1912 5804 1995 5861 ὅτι
2034 5806 2064 5863 ἡ

474 5904 779 5985 γεννήσασα,
808 5900 890 5955 τὸν
936 5898 1058 5956 ἴδιον
1104 5903 1359 5976 ἐγέννησεν
1403 5903 1632 5969 κτίστην,
1668 5898 1747 5957 ὅτι
1773 5900 1840 5971 ,τὸ
1868 5901 2067 5970 ποίημα

2171 3481 2331 3554 pulus
2372 3482 2464 3551 qui
2519 3483 2572 3537 in
2614 3484 2855 3539 tenebris
2898 3484 3081 3547 sedet,
3133 3494 3383 3554 magnam
3432 3484 3762 3554 cognitionis

2172 3571 2349 3627 lucem
2380 3572 2647 3642 inspiciat,
2678 3581 2866 3629 vetera
2894 3575 3293 3645 praeterierunt,
3324 3589 3455 3631 ecce
3478 3575 3624 3631 facta
3638 3584 3762 3632 sunt

2174 3666 2355 3719 omnia
2385 3679 2525 3721 nova
2553 3682 2566 3719 :
2621 3665 2802 3720 littera
2842 3666 3005 3733 cedit,
3038 3667 3261 3738 spiritus
3286 3676 3531 3738 superat,
3562 3668 3761 3725 umbra:

2171 3765 2523 3830 pmtereunt,
2554 3759 2755 3815 veritas
2777 3759 3105 3830 ingreditur;
3137 3759 3537 3818 Melchisedech
3552 3762 3763 3832 colligi-

2173 3856 2290 3904 tur:
2311 3850 2403 3919 qui
2431 3850 2550 3906 sine
2576 3858 2752 3906 matre
2777 3860 2918 3915 erat,
2948 3851 3067 3906 sine
3095 3860 3252 3923 patre
3272 3850 3350 3918 ﬁt,
3375 3853 3529 3924 prius
3549 3853 3763 3924 quidem

2174 3939 2293 3997 sine
2323 3950 2518 4007 matre,
2549 3949 2673 4013 post
2696 3949 2876 3997 autem
2899 3943 3019 3999 sine
3041 3952 3214 4013 patre.
3256 3943 3475 4001 Naturae
3496 3947 3646 4016 leges
3672 3947 3765 4003 οὺ·

2176 4043 2496 4103 vertuntur,
2556 4052 2871 4106 supremum
2930 4037 3190 4094 mundum
3238 4039 3453 4111 impleri
3508 4048 3765 4111 oportet;

2175 4126 2420 4185 Christus
2440 4128 2594 4198 jubet
2623 4144 2691 4184 ne
2719 4131 3066 4186 obsistamus.
3091 4150 3109 4185 ι
3140 4131 3344 4188 Horum
3369 4131 3586 4211 similia
3609 4133 3767 4189 habet

2174 4219 2230 4277 S.
2253 4220 2473 4277 Proclus
2488 4222 3118 4294 Constantinopolitanus
3129 4227 3416 4297 episcopus
3438 4228 3492 4283 in
3516 4241 3766 4283 sermone

2174 4313 2419 4371 suodeS.
2437 4315 2683 4385 Deipara.
2706 4336 2724 4368 ι
2747 4316 2845 4383 Qui
2861 4326 3074 4386 natura,
3091 4318 3281 4390 inquit,
3299 4318 3650 4389 impassibilis
3663 4316 3762 4386 est,

2175 4408 2348 4464 factus
2377 4418 2459 4464 est
2479 4424 2576 4479 per
2594 4410 2928 4467 calamitates
2951 4410 3141 4484 [Gram
3168 4427 3266 4483 per
3285 4410 3737 4485 misericordiam]
3751 4456 3766 4482 ,

2176 4500 2360 4556 multis
2381 4499 2655 4570 subjectus
2679 4502 3016 4572 passionibus
3033 4520 3046 4556 :
3064 4517 3173 4558 non
3195 4518 3260 4558 ex
3284 4516 3574 4574 progressu
3600 4504 3766 4559 factus

2177 4603 2259 4650 est
2279 4593 2441 4661 Deus,
2455 4595 2743 4665 quominus
2762 4595 3005 4652 Christus
3026 4595 3308 4667 Ηίθεοι,εώ
3329 4613 3429 4669 per
3452 4598 3761 4655 misericor-

2180 4685 2325 4741 diam
2354 4687 2498 4743 Deus
2527 4686 2701 4743 factus
2729 4696 2810 4743 est
2834 4689 3020 4754 homo,
3052 4689 3107 4743 in
3135 4704 3297 4759 quem
3324 4689 3639 4758 credimus;
3665 4706 3765 4746 non

2098 4762 2153 4825 Ῑ)
2176 4779 2450 4835 hominem
2471 4780 2784 4836 Deilicatum
2809 4782 3181 4852 praedicamus,
3198 4783 3297 4839 sed
3327 4782 3494 4839 Deum
3517 4782 3766 4839 incarna-

2176 4876 2288 4924 tum
2317 4870 2638 4926 conﬁtemur
2666 4890 2679 4925 :
2712 4873 2961 4928 ancillam
2979 4888 3133 4929 suam
3163 4874 3264 4931 sibi
3284 4883 3513 4931 matrem
3539 4875 3758 4944 delegit,

2174 4960 2267 5031 qui
2297 4967 2487 5015 natura
2515 4961 2630 5017 sine
2658 4970 2830 5019 matre
2857 4971 2968 5031 est,
3007 4971 3064 5018 et
3090 4963 3496 5034 dispensatione
3523 4964 3647 5021 sine
3671 4978 3765 5033 pa-

2174 5062 2281 5109 tre.
2319 5053 2602 5121 Quomodo
2652 5056 2797 5112 enim
2853 5057 3002 5127 ipse,
3040 5056 3196 5127 juxta
3245 5056 3398 5114 Pauli
3441 5059 3763 5115 sententiam

2173 5148 2292 5203 sine
2338 5156 2492 5220 patre
2533 5158 2588 5205 et
2631 5151 2750 5206 sine
2778 5160 2948 5207 matre
2978 5154 3104 5208 est?
3152 5152 3210 5208 Si
3237 5164 3407 5223 purus
3432 5152 3629 5221 homo,
3664 5166 3768 5206 non

2173 5241 2289 5297 sine
2320 5250 2528 5309 matre;
2579 5251 2806 5297 matrem
2834 5243 2980 5298 enim
3010 5242 3213 5300 habet:
3264 5244 3348 5300 sin
3377 5251 3561 5300 autem
3594 5242 3767 5299 nudus

2173 5333 2332 5402 Deus,
2364 5350 2470 5389 non
2499 5335 2616 5389 sine
2644 5343 2818 5405 patre,
2851 5334 3064 5391 Patrem
3094 5336 3292 5408 quippe
3310 5336 3485 5393 habet
3509 5354 3524 5391 :
3553 5344 3643 5393 est
3668 5335 3770 5390 ita-

2172 5442 2279 5497 que
2324 5425 2468 5482 idem
2517 5426 2633 5497 ipse
2679 5426 2867 5482 matris
2912 5442 3129 5499 expers,
3157 5437 3216 5483 ut
3261 5436 3523 5497 creator;
3574 5441 3769 5505 carens

2173 5529 2353 5578 autem
2384 5529 2560 5591 patre,
2591 5529 2653 5574 ut
2680 5528 2948 5575 creatura.
2984 5539 3001 5574 ι
3050 5521 3292 5578 Sanctus
3320 5522 3485 5578 etiam
3515 5519 3769 5590 Augusti-

2173 5630 2274 5669 nus
2304 5614 2356 5667 in
2384 5628 2636 5667 sermone
2664 5612 2731 5667 de
2761 5612 3101 5683 expositione
3130 5613 3375 5685 Symboli
3415 5614 3537 5669 haec
3567 5611 3762 5668 habet:

2179 5725 2197 5757 ι
2224 5704 2505 5759 Credimus
2534 5704 2588 5757 in
2614 5702 2809 5758 Filium
2855 5704 2974 5773 ejus
3016 5703 3199 5761 Jesum
3247 5707 3527 5763 Christum
3578 5711 3764 5759 natum

2173 5797 2242 5852 dc
2258 5796 2455 5867 Spiritu
2488 5802 2694 5862 sancto,
2723 5804 2859 5851 etex
2882 5797 3049 5853 Maria
3068 5797 3308 5869 Virgine.
3348 5797 3480 5867 Cur,
3512 5794 3764 5859 inﬁdelis,

2171 5885 2316 5944 hanc
2363 5878 2705 5941 nativitatem
2747 5890 3079 5960 perturbas?
3124 5890 3203 5947 Ne
3251 5891 3442 5950 credas
3469 5891 3553 5949 vel
3580 5888 3762 5949 solum
