3988 6346
243 375 346 442 εεε
1436 377 1806 441 JUSTINIANI
1841 377 1979 439 IMP.
2025 377 2374 440 EPISTOLA.
3397 378 3506 443 ενι

248 503 324 559 τόν
351 501 554 558 ποιητήν
577 493 872 574 ἐγέννησεν-ζ
915 498 1076 563 οὕτως
1115 499 1370 561 ἠϐουλήθη
1407 499 1434 557 ό
1468 500 1686 573 ὕψιστος
1710 521 1820 574 γιν-

1927 499 2201 556 hominem
2228 513 2348 556 esse
2376 497 2470 572 qui
2498 503 2656 554 natus
2683 503 2787 564 est,
2814 493 2903 554 vel
2931 497 2977 556 si
2999 495 3144 556 Deus
3167 492 3332 557 homo
3363 507 3505 570 erat,

249 595 430 653 νηθῆναι
455 591 712 660 ταπεινός,
737 593 824 650 ἵνα
847 593 896 648 ἐν
1073 601 1136 668 τῇ
1174 597 1474 652 ταπεινώσει
1503 593 1813 660 ἐπιδείξηται

1927 591 2178 664 deinceps
2206 591 2356 648 nasci
2386 589 2619 646 voluisse
2661 609 2674 643 :
2728 604 2853 644 nam
2897 591 3347 660 quemadmodum
3387 589 3507 664 ipse

246 697 324 752 τήν
349 687 720 764 μεγαλειότητα.
735 706 755 741 ›

1927 687 2108 754 voluit,
2139 687 2220 743 sic
2248 696 2406 743 natus
2435 694 2536 741 est.
2567 682 2702 740 Illud
2732 670 2910 755 potius
2942 685 3160 751 mirare,
3189 685 3336 756 quod
3364 682 3505 742 Ver-

1916 781 2048 838 bum
2076 795 2204 838 caro
2234 778 2432 835 factum
2461 785 2559 843 est,
2593 785 2647 833 et
2687 792 2795 832 non
2821 783 2904 832 est
2945 791 3266 832 conversum
3296 777 3349 832 in
3381 791 3504 833 car-

244 890 374 943 nem,
403 872 654 945 quodque
699 887 923 930 manens
971 873 1114 930 Deus
1137 914 1153 942 ,
1203 872 1378 931 factus
1414 882 1496 934 est
1543 874 1728 931 homo.
1779 872 1889 931 Sed
1925 873 2054 945 quid
2080 875 2297 940 mirare,
2329 886 2450 928 eam
2481 886 2598 942 quae
2629 870 2815 938 genuit
2841 869 3116 940 proprium
3146 870 3393 936 genuisse
3424 871 3505 923 fn-

242 975 429 1022 ctorem
451 1006 467 1032 ,
513 972 926 1033 creaturamque
963 978 1118 1018 suum
1163 973 1468 1020 creatorem
1506 963 1843 1036 protulisse?
1899 963 1993 1022 Sic
2029 963 2204 1023 voluit
2231 962 2539 1020 Altissimus
2565 961 2781 1018 humilis
2808 959 2993 1026 nasci,
3043 967 3101 1015 ut
3129 975 3278 1018 suam
3306 959 3359 1014 in
3390 961 3504 1032 ipsa

240 1057 527 1116 humilitate
551 1055 1006 1127 magniﬁcentiam
1032 1057 1364 1114 ostenderet.
1396 1077 1415 1111 ι

302 1157 384 1208 Καὶ
409 1159 579 1210 ταῦτα
607 1153 698 1224 μέν
733 1153 796 1208 οῖ’
824 1152 959 1227 ἅγιοι
991 1157 1232 1230 πατέρες.
1258 1152 1374 1212 Ὀτι
1401 1154 1453 1211 δέ
1482 1159 1567 1212 καί
1599 1159 1650 1213 αἱ
1679 1159 1814 1214 θεῖαι

241 1250 430 1320 γραφαὶ,
473 1241 558 1306 αῖς
599 1246 934 1306 ἠκολούθησαν
963 1249 1011 1302 οἱ
1062 1247 1195 1321 ἅγιοι
1220 1250 1488 1328 πατέρες,
1535 1251 1688 1307 αὐτόν
1726 1253 1812 1308 τόν

239 1341 347 1395 Θεὸν
385 1338 526 1412 λόγον
557 1340 875 1417 σαρκωθῆναι
918 1343 1000 1395 καί
1032 1343 1276 1413 τεχθῆναι
1307 1343 1361 1396 ἐκ
1387 1352 1478 1403 τῆς
1507 1341 1657 1416 ἁγίας
1679 1364 1813 1420 παρα

237 1432 360 1486 θένου
387 1434 610 1506 Μαρίας,
634 1434 721 1488 καὶ
743 1433 1117 1508 ἐνανθρωπῆσαι
1143 1430 1450 1487 διδάσκουσι
1474 1431 1619 1493 δῆλον
1648 1434 1816 1510 ὑπάρ-

237 1545 332 1596 χει.
363 1524 504 1597 Λέγει
549 1527 651 1600 γὰρ
692 1530 890 1602 πρῷτον
928 1521 954 1578 ό
995 1528 1258 1598 προφήτης
1297 1524 1530 1592 Ἠσαίας,
1575 1543 1592 1575 ι
1620 1523 1742 1580 Ἰδοὺ
1785 1527 1816 1584 ἡ

237 1617 465 1692 παρθένος
497 1618 555 1670 ἐν
583 1617 775 1692 γαστρί
801 1616 900 1680 ἔξει
927 1617 1007 1669 καὶ
1035 1617 1229 1680 τέξεται
1258 1615 1385 1682 υἱόν,
1423 1619 1508 1672 καὶ
1541 1616 1814 1674 καλέσουσι

235 1705 286 1760 τό
324 1701 474 1778 ὄνομα
515 1707 679 1762 αὐτοῦ
713 1704 1045 1776 Ἐμμανουήλ,
1079 1724 1098 1760 ι
1134 1704 1293 1764 ὅέστι
1334 1709 1816 1783 μεθερμηνευόμενον

234 1797 351 1871 μεθ’
377 1801 546 1870 ἡμῶν
577 1798 603 1854 ό
639 1800 792 1861 Θεὸς
807 1840 822 1854 .
872 1796 993 1857 Εἶτα
1011 1804 1098 1856 καί
1117 1800 1273 1857 Δαϐὶδ
1291 1800 1316 1856 ό
1337 1806 1598 1878 προφήτης
1617 1803 1749 1873 λέγει
1769 1804 1817 1856 ἐν

234 1899 298 1959 τῷ
322 1893 584 1964 ἑκατοστῷ
607 1893 738 1967 ἕκτῳ
757 1893 963 1967 Ψαλμῷ·
994 1912 1013 1945 ε
1033 1893 1344 1953 ’Δπέστειλεν
1365 1897 1448 1952 τόν
1475 1897 1620 1970 λόγον
1639 1899 1819 1966 αὐτοῦ,

233 1985 306 2037 καὶ
335 1985 513 2050 ἰάσατο
540 1985 748 2052 αὐτοὺς,
785 1988 866 2040 καὶ
909 1986 1165 2064 έρῥύσατο
1199 1989 1390 2049 αὐτοὺς
1415 1988 1468 2044 ἐκ
1498 1996 1596 2044 τῶν
1617 1987 1818 2060 διαφθο-

233 2079 323 2150 ρῶν
348 2076 528 2130 αὐτῶν.
556 2093 577 2128 ι
605 2073 750 2132 ’Δλλά
791 2079 876 2132 καί
901 2075 927 2131 ό
959 2074 1100 2150 ἅγιος
1147 2077 1427 2140 ἀπόστολος
1458 2080 1652 2140 Παῦλος
1683 2080 1819 2136 οὕτω

231 2161 369 2239 λέγει·
397 2187 414 2216 ι
441 2163 570 2223 Ὀτε
599 2165 650 2223 δὲ
673 2165 782 2227 ἦλθε
806 2169 862 2223 τό
880 2168 1132 2243 πλήρωμα
1170 2177 1269 2226 τῶν
1295 2178 1500 2248 καιρῶν,
1532 2172 1820 2236 ἐξαπέστει-

233 2251 310 2310 λεν
334 2256 358 2313 ό
384 2260 503 2320 οεός
530 2261 618 2315 τὸν
637 2262 746 2316 υἱὸν
771 2261 931 2318 αὐτοῦ
958 2261 1219 2336 γενόμενον
1245 2263 1300 2318 ἐκ
1327 2265 1587 2338 γυναικός,
1615 2265 1821 2348 γενρμε·

236 2369 308 2405 νον
335 2353 430 2409 ὑπὸ
457 2354 632 2426 νόμον,
653 2356 738 2410 ἶνα
783 2357 906 2418 τούς
953 2355 1055 2412 ὑπὸ
1099 2356 1252 2428 νόμον
1295 2357 1598 2433 ἐξαγοράσῃ,
1620 2360 1702 2412 ’ἱνα
1730 2363 1822 2418 τήν

229 2442 471 2500 υἱοθεσίαν
503 2446 858 2514 ἀπολάϐωμεν.
891 2465 910 2499 ι
943 2449 1146 2505 Τούτων
1173 2451 1340 2504 τοίνυν
1377 2450 1541 2512 οὕτως
1568 2450 1816 2523 ἐχόντων,

228 2540 302 2600 τίς
327 2539 459 2594 οὕτω
490 2541 745 2612 μαίνεται,
769 2543 840 2603 ὥς
869 2562 924 2598 τε
964 2543 1216 2614 τολμῆσαι
1240 2547 1415 2610 εἰπεῖν,
1447 2544 1530 2602 ὅτι
1557 2543 1822 2621 ἅνθρωπος

221 2623 282 2687 ’ἦν
327 2631 377 2683 ἐν
422 2639 539 2694 τοῖς
585 2633 848 2706 οὐρανοῖς,
879 2634 1112 2694 κάκεῖνος
1153 2636 1417 2695 ἀπεστάλη
1461 2636 1544 2690 ἵνα
1588 2643 1825 2709 γεννῆται

226 2718 278 2776 ἐκ
301 2725 564 2796 γυναικός,
592 2727 678 2780 καὶ
712 2724 817 2780 ὑπὸ
849 2724 1024 2798 νόμον;
1055 2726 1115 2780 Oi
1151 2723 1406 2802 ἅνθρωποι
1446 2729 1546 2805 γὰρ
1592 2728 1694 2800 πρὸ
1733 2735 1824 2787 τῆς

223 2816 312 2866 τοῦ
339 2813 500 2886 λόγου
523 2816 838 2891 σαρκώσιως
865 2816 968 2872 ὑπὸ
997 2815 1146 2889 νόμον
1172 2814 1323 2876 ἦσαν·
1355 2817 1461 2872 ἀλλ’
1477 2817 1623 2877 αὐτὸς
1652 2816 1678 2871 ό
1700 2819 1826 2880 Θεὸς

219 2899 363 2976 λόγος
392 2905 422 2963 ό
465 2910 736 2982 μονογένης
763 2909 872 2970 υἱός
913 2917 1002 2964 τοῦ
1047 2915 1198 2977 Θεοῦ,
1229 2909 1255 2964 ό
1287 2916 1356 2982 μὴ
1396 2909 1464 2966 ὢν
1504 2911 1606 2966 ὑπὸ
1651 2911 1823 2980 νόμον,

216 3000 497 3062 ἀλλάῦτὸς
513 2999 742 3062 δεδωκὼς
762 3003 846 3056 τὸν
865 2999 1034 3074 νόμον,
1051 3003 1312 3062 ἀπεστάλη
1334 3005 1481 3080 παρὰ
1499 3009 1592 3059 τοῦ
1609 3007 1826 3079 πατρὸς,

212 3093 297 3146 καί
329 3092 386 3145 ἐκ
411 3093 654 3163 γυναικός
687 3091 952 3163 γενόμενος
990 3092 1190 3164 γέγονεν
1236 3092 1337 3146 ὑπὸ
1367 3091 1540 3162 νόμον,
1568 3094 1652 3148 ’ἱνα
1694 3096 1830 3163 ἡμᾶς

179 3181 340 3243 ’τοὺς
391 3181 500 3236 ὑπὸ
545 3181 693 3255 νόμον
739 3183 1057 3258 ἐξαγοράσῃ,
1085 3186 1170 3238 καὶ
1202 3187 1291 3245 τήν
1333 3184 1585 3241 υἱοθεσίαν
1629 3186 1828 3242 ἀπολα-

218 3277 415 3349 ϐωμεν.
1479 3289 1482 3292 ’

285 3373 351 3422 Εἰ
373 3369 570 3431 τοίνυν,
610 3369 678 3429 ὡς
707 3366 734 3422 ό
760 3368 962 3442 γράψας
986 3374 1076 3430 τήν
1117 3370 1279 3430 ἀσεϐῆ
1309 3371 1490 3430 ἐκείνην
1535 3372 1827 3438 ἐπιστολήν,

217 3463 306 3516 καί
332 3460 360 3516 ό
390 3461 648 3536 αἱρετικός
675 3459 962 3538 Θεόδωρος,
997 3463 1278 3534 μαίνονται,
1309 3462 1400 3516 οὐκ
1427 3459 1488 3522 ἧν
1514 3462 1708 3526 ἀληθῶς
1745 3466 1831 3518 καί

223 3556 408 3629 κυρίως
453 3554 566 3614 υἱός
613 3560 706 3609 τοῦ
751 3561 880 3609 Θεοῦ
909 3553 934 3609 ὁ
963 3555 1168 3624 τεχθεὶς
1196 3557 1250 3609 ἐκ
1276 3557 1534 3629 γυναικός,
1565 3564 1675 3620 πῶς
1703 3554 1829 3618 ἠδύ-

223 3661 340 3702 νατο
354 3648 476 3716 ἡμῖν
491 3645 747 3706 υἱοθεσίας
764 3643 1123 3722 δωρήσασθαι;
1149 3648 1279 3721 Πρός
1301 3650 1507 3709 τούτοις
1527 3650 1831 3723 περιέχεται

227 3737 278 3792 ἐν
300 3746 363 3814 τῇ
542 3737 725 3794 ἀσεϐεῖ
740 3737 1001 3810 ἐπιστολῇ,
1025 3735 1102 3794 ὅτι
1127 3740 1208 3803 τό,
1238 3738 1616 3800 ἠλάττωσας
1644 3741 1830 3795 αὐτὸν

230 3826 446 3900 βραχύ
476 3851 541 3885 τι
568 3829 720 3904 παρ’
751 3829 1094 3903 ἀγγέλους,
1123 3831 1208 3884 οὐκ
1238 3828 1576 3887 ἕστιδυνατόν
1594 3836 1714 3909 περὶ
1739 3839 1830 3893 τῆς

193 3917 460 3982 ’θεότητος
509 3925 604 3975 τοῦ
646 3927 943 3992 μονογενοῦς
987 3921 1219 3994 ῥηθῆναιδ
1252 3917 1376 4000 ὅπερ
1422 3923 1506 3978 καὶ
1549 3923 1716 3995 ὑμεῖς,
1761 3925 1830 3984 ὡς

197 4025 202 4030 ‘
225 4007 384 4084 ὀρθῶς
416 4009 569 4084 ῥηθὲν
592 4009 946 4088 προτεθείκατε
969 4011 1198 4083 λέγοντες
1215 4051 1229 4078 ,
1262 4010 1344 4067 ὅτι
1371 4015 1490 4088 περὶ
1516 4019 1608 4070 τοῦ
1636 4014 1832 4090 ἀνθρὼ-

228 4119 341 4163 nov,
373 4103 459 4155 καί
507 4101 630 4170 οὐχί
672 4105 792 4177 περὶ
836 4106 930 4157 τοῦ
980 4109 1108 4158 Θεοῦ
1157 4103 1308 4176 λόγου
1347 4111 1438 4160 τοῦ
1489 4105 1844 4180 σαρκωθὲντςς

223 4200 372 4250 τοῦτο
395 4194 620 4250 δύναται
644 4193 900 4267 λέγεσθαι.
919 4191 1038 4251 Ὀτι
1061 4194 1115 4251 δέ
1146 4199 1229 4252 καί
1257 4199 1451 4256 ταύτην
1478 4205 1567 4255 τήν
1592 4199 1830 4254 ἀσέϐειαν

229 4287 362 4358 παρὰ
387 4283 663 4361 Θεοδώρου
692 4292 782 4341 τοῦ
811 4286 1064 4357 αἱρετικοῦ
1090 4286 1356 4359 διδαχθεὶς
1391 4290 1418 4343 ὁ
1445 4294 1534 4348 τήν
1563 4291 1832 4350 ἐπιστολήν

229 4377 424 4450 γράψας
446 4379 524 4432 τά
548 4383 764 4434 τοιαῦτα
793 4379 1200 4451 ἐϐλασφήμησεν,
1226 4383 1436 4454 φανερὸν
1464 4386 1756 4453 ποιήσωμεν
1777 4383 1831 4436 ἐκ

231 4466 323 4522 τῶν
349 4478 420 4541 τῷ
451 4471 602 4542 αὐτῷ
653 4469 899 4546 Θεοδώρῳ
943 4474 1212 4549 εἰρημένων
1241 4475 1290 4527 ἐν
1321 4483 1394 4548 τῷ
1430 4476 1660 4548 τετάρτῳ
1699 4475 1832 4546 λόγῳ

233 4569 302 4634 τῷ
317 4565 445 4617 κατὰ
466 4563 842 4640 ’Δπολιναρίου.
863 4561 1018 4636 Ἐχει
1035 4563 1088 4620 δέ
1110 4565 1295 4627 οὕτως’
1325 4583 1343 4617 ε
1366 4569 1457 4620 Τὸν
1477 4565 1529 4621 δέ
1554 4563 1830 4640 ἄνθρωπον,

237 4656 348 4726 περὶ
382 4651 440 4710 οὗ
488 4657 660 4711 ταῦτά
705 4677 854 4729 φησιν
901 4655 927 4711 ό
971 4660 1253 4731 προφήτης,
1285 4665 1459 4730 σαφῶς
1509 4656 1534 4713 ό
1578 4658 1825 4732 μακάριος

239 4737 372 4802 δηλοῖ
391 4747 612 4814 Παῦλος,
634 4749 720 4804 τὸν
739 4749 843 4804 ὑπό
870 4755 961 4803 τοῦ
993 4755 1289 4822 μονογενοῦς
1315 4750 1602 4822 εἰλημμένον
1631 4747 1825 4828 ἅνθρω-

236 4854 326 4892 πον
350 4835 502 4896 εἶναι·
534 4842 748 4916 εἰρηκὼς
773 4843 892 4921 γάρ,
917 4837 994 4897 ὅτι
1021 4840 1402 4919 διεμαρτύρατο
1429 4841 1482 4899 δέ
1509 4845 1610 4900 πού
1636 4865 1712 4906 τις
1742 4843 1824 4900 λέ·

235 4945 356 5001 των,
376 4959 446 4974 --
471 4935 537 4988 Ti
561 4935 702 4990 ἐστιν
741 4932 1019 5013 ἅνθρωπος,
1051 4933 1132 4991 ὅτι
1157 4941 1413 5012 μιμνήσκῃ
1443 4939 1626 5006 αὐτοῦ,
1657 4937 1687 4998 ἢ
1716 4939 1824 5000 υἱός

237 5019 518 5098 ἀνθρώπου,
552 5022 630 5080 ὅτι
671 5029 948 5101 ἐπισκέπτῃ
977 5029 1158 5111 «dedit;
1188 5028 1492 5091 ἠλάττωσας
1519 5032 1668 5086 αὐτόν
1693 5031 1825 5108 βρα-

239 5114 310 5181 χύ
327 5136 378 5169 τι
407 5117 538 5192 παρ’
557 5117 831 5190 ἀγγέλους,
863 5117 980 5192 δόξῃ
1007 5123 1090 5175 καὶ
1113 5128 1235 5192 τιμῇ
1265 5123 1614 5195 ἐστεφάνωσας
1643 5124 1814 5190 αὐτόν,

239 5209 316 5260 καί
342 5211 662 5272 κατέστησας
708 5213 858 5267 αὐτὸν
899 5214 985 5268 ἐπὶ
1030 5215 1096 5270 τὰ
1138 5213 1272 5288 ἔργα
1317 5223 1416 5270 τῶν
1464 5225 1656 5293 χειρῶν
1698 5239 1814 5285 σου,

237 5302 396 5358 πάντα
414 5307 674 5372 ὑπέταξας
698 5305 940 5363 ὑποκάτω
968 5314 1068 5365 τῶν
1094 5306 1264 5364 ποδῶν
1291 5309 1450 5365 αὐτοῦ
1466 5351 1482 5378 ,
1511 5339 1578 5351 -—
1607 5312 1813 5386 ἐπάγει*

237 5395 402 5448 α-Τόν
421 5394 474 5450 δέ
499 5397 682 5474 βραχύ
709 5421 762 5455 τι
781 5398 906 5472 παρ’
927 5399 1171 5473 ἀγγέλους
1189 5400 1530 5473 ἠλαττωμένον
1555 5403 1819 5478 βλέπωμεν

238 5477 449 5554 Ἰησοῦν,
478 5485 563 5545 διὰ
585 5491 649 5546 τό
667 5491 881 5566 πάθημα
899 5497 994 5547 τοῦ
1018 5492 1235 5546 θανάτου
1267 5489 1382 5566 δόξῃ
1422 5496 1504 5549 καί
1528 5477 1646 5569 τιμῇ
1669 5495 1820 5552 ἐστε-

237 5581 537 5663 φανωμένον·
548 5589 799 5657 -σαφῶς
816 5581 1010 5644 δεικνὺς
1028 5580 1106 5638 ὅτι
1123 5589 1315 5644 Ἰησοῦς
1342 5580 1603 5662 ἅνθρωπος
1623 5589 1742 5663 περὶ
1763 5583 1822 5642 οὗ

238 5661 266 5720 ό
288 5673 530 5751 mpii;
551 5695 673 5747 φησι
701 5674 856 5732 Δαειδ
881 5676 1273 5748 ἐκπληττόμενος
1298 5673 1376 5733 ὅτι
1398 5661 1561 5737 ἡθεία
1585 5661 1735 5749 φύσις
1763 5680 1823 5740 ἣν

237 5751 366 5831 ἧχι
391 5765 506 5822 τότε
527 5770 680 5824 αὐτοῦ
701 5770 1012 5828 ποιήσασθαι
1031 5775 1227 5843 μνήμην
1251 5769 1396 5843 (sic)°
1419 5775 1503 5827 καὶ
1529 5769 1590 5833 δὴ
1607 5776 1690 5829 καί
1713 5775 1824 5829 ἐπι-

237 5851 462 5942 ςκέψιως
479 5860 740 5926 ἀξιώσασα
755 5865 964 5924 οἰκείας-⁸
989 5863 1171 5938 βραχύ
1194 5865 1283 5934 μέν
1304 5886 1354 5920 τι
1380 5865 1518 5942 παρὰ
1536 5869 1656 5927 τοὺς
1676 5868 1819 5940 ἀγγέ-

235 5933 354 6004 λους
525 5953 817 6015 tilia-ruerat
834 5955 955 6021 (sic)
969 5959 1029 6016 τό
1046 5959 1331 6022 γισὶσασθαι
1353 5968 1565 6019 ποιῆσαι
1583 5963 1796 6015 θανάτου
1807 6003 1818 6024 ,

1991 1158 2062 1215 Et
2101 1160 2216 1216 haec
2243 1157 2464 1229 quidem
2493 1172 2526 1213 a
2561 1157 2660 1213 SS.
2693 1157 2944 1215 Patribus
2990 1157 3349 1226 disputantur.
3399 1150 3504 1207 Sed

1920 1250 2063 1307 haud
2092 1250 2430 1322 perspicuum
2453 1249 2725 1306 estminus
2754 1249 2960 1304 divinas
2981 1247 3230 1312 Litteras,
3259 1261 3395 1316 quas
3421 1259 3506 1301 se-

1921 1345 2035 1400 cuti
2064 1351 2190 1400 sunt
2211 1343 2381 1399 sancti
2409 1342 2664 1398 Ecclesia:
2693 1341 2884 1398 Patres
2915 1341 3145 1412 idipsum
3173 1338 3393 1408 docere,
3423 1337 3505 1392 ni-

1922 1438 2116 1494 mirum
2146 1438 2315 1494 Deum
2353 1438 2591 1494 Verbum
2619 1439 2976 1506 incamatum,
3006 1445 3063 1492 et
3085 1451 3152 1492 ex
3177 1440 3367 1492 sancta
3394 1431 3504 1487 Ma-

1922 1527 2004 1585 ria
2053 1527 2272 1596 Virgine
2323 1535 2532 1596 natum,
2589 1536 2645 1583 et
2691 1528 2967 1584 hominem
3013 1529 3213 1583 factum
3259 1539 3399 1582 esse.
3430 1523 3507 1579 Ac

1922 1619 2096 1692 primo
2126 1619 2290 1676 Isaias
2315 1619 2577 1692 propheta
2603 1637 2615 1673 :
2647 1618 2803 1687 Ecce,
2833 1619 3024 1689 inquit,
3056 1618 3214 1690 Virgo
3234 1617 3504 1688 concipiet,

1923 1718 1972 1764 et
1997 1712 2163 1780 pariet
2191 1713 2382 1781 ﬁlium,
2429 1720 2479 1768 et
2521 1711 2783 1768 vocabitur
2812 1729 3000 1767 nomen
3037 1713 3148 1784 ejus
3176 1711 3506 1777 Emmanuel,

1925 1802 2070 1874 quod
2119 1809 2203 1858 est
2248 1805 2693 1874 interpretatum,
2748 1803 3035 1858 Nobiscum
3083 1802 3243 1858 Deus.
3304 1801 3510 1856 Rursus

1854 1887 1898 1948 Β
1924 1892 2094 1948 David
2119 1893 2384 1966 prepheta
2413 1894 2622 1966 psalmo
2652 1893 2952 1950 centesimo
2992 1899 3148 1948 sexto
3183 1890 3329 1945 canit
3354 1888 3510 1966 {Mi-

1923 1984 1991 2039 sit
2027 1981 2251 2038 Verbum
2273 2001 2442 2051 suum,
2473 1994 2523 2039 et
2551 1984 2755 2039 sanavit
2783 1999 2890 2049 eos,
2923 1989 2972 2036 et
2993 1981 3181 2052 eripuit
3212 1997 3298 2035 eos
3337 1979 3399 2033 de
3423 1979 3509 2032 in-

1921 2074 2244 2130 teritionibus
2273 2091 2468 2131 eorum.
2501 2075 2794 2145 Apostolus
2820 2073 3022 2144 pariter
3035 2071 3266 2127 Paulus:
3292 2069 3510 2135 Quando

1921 2176 2112 2233 autem,
2171 2166 2366 2236 inquit,
2413 2168 2552 2221 venit
2599 2165 2868 2236 plenitudo
2909 2164 3170 2234 temporis,
3203 2163 3344 2217 misit
3373 2161 3510 2217 Deus

1921 2256 2122 2312 Filium
2151 2273 2322 2325 suum,
2356 2253 2552 2329 factum
2574 2272 2639 2310 ex
2667 2255 2904 2319 muliere,
2946 2256 3144 2326 factum
3170 2251 3263 2307 sub
3303 2251 3430 2323 lege,
3456 2259 3512 2304 ut

1920 2367 2006 2406 eos
2031 2351 2116 2421 qui
2143 2350 2234 2405 sub
2261 2350 2370 2421 lege
2391 2357 2542 2404 erant
2572 2349 2866 2414 redimeret,
2898 2353 2955 2401 ut
2995 2346 3328 2417 adoptionem
3367 2344 3512 2416 ﬁlio-

1922 2459 2039 2496 rum
2067 2442 2430 2512 reciperemus.
2465 2438 2596 2507 Qua:
2615 2454 2740 2494 cum
2766 2439 2841 2494 ita
2867 2451 2928 2493 se
2955 2437 3212 2501 habeant,
3230 2434 3350 2504 quis
3374 2433 3512 2488 adeo

1923 2532 2174 2602 desipiet,
2227 2540 2286 2586 ut
2331 2530 2511 2587 dicere
2558 2529 2754 2586 audeat
2803 2528 3078 2588 hominem
3119 2525 3426 2596 quempiam
3457 2524 3513 2582 in

1924 2625 2074 2681 caelis
2100 2624 2286 2691 fuisse,
2333 2625 2618 2695 ipsumque
2643 2623 2865 2678 missum
2909 2635 3050 2686 esse,
3103 2626 3164 2674 ut
3191 2633 3256 2673 ex
3287 2617 3514 2676 muliere

1924 2725 2088 2786 atque
2114 2716 2212 2772 sub
2243 2716 2362 2784 lege
2387 2717 2745 2771 nasceretur?
2774 2713 2988 2770 Etenim
3016 2713 3266 2768 homines
3294 2711 3512 2780 quidem

1926 2813 2054 2860 ante
2101 2805 2535 2860 Incarnationem
2584 2805 2685 2860 sub
2714 2803 2834 2874 lege
2879 2810 3072 2870 erant;
3116 2811 3173 2858 at
3217 2803 3336 2874 ipse
3374 2802 3515 2858 Deus

1927 2897 2163 2954 Verbum
2195 2897 2501 2966 unigenitus
2528 2897 2625 2951 Dei
2654 2895 2838 2963 Filius,
2873 2895 2967 2964 qui
2997 2911 3105 2950 non
3127 2894 3516 2964 subjiciebatur

1926 2988 2052 3056 legi,
2085 2987 2180 3043 sed
2209 2995 2327 3043 erat
2349 2986 2465 3057 ipse
2493 2986 2788 3060 legislator,
2839 2985 3032 3040 missus
3060 2993 3144 3040 est
3171 3000 3202 3038 a
3224 2983 3404 3051 Patre,
3461 2992 3516 3040 et

1933 3079 2110 3138 factus
2140 3097 2209 3136 ex
2236 3080 2482 3148 muliere,
2535 3079 2711 3134 factus
2752 3087 2837 3134 est
2863 3079 2965 3135 sub
2994 3078 3130 3148 lege,
3181 3084 3242 3133 ut
3271 3092 3392 3143 nos,
3425 3076 3517 3146 qui

1929 3173 2032 3230 sub
2057 3173 2174 3243 lege
2203 3187 2439 3242 eramus,
2470 3171 2781 3239 redimeret,
2817 3178 2875 3226 ut
2904 3169 3249 3242 adoptionem
3289 3168 3518 3226 [illorum

1849 3261 1895 3324 C
1927 3264 2311 3335 reciperemus.

2002 3355 2058 3412 Si
2089 3356 2272 3426 itaque
2299 3354 2346 3410 is
2373 3354 2466 3426 qui
2495 3369 2564 3410 ex
2593 3353 2822 3409 muliere
2848 3359 3010 3410 natus
3037 3359 3151 3418 est,
3182 3365 3312 3408 vere
3341 3347 3496 3406 excel

1929 3449 2212 3520 lenterque
2237 3463 2348 3504 non
2381 3447 2524 3509 foret
2551 3447 2649 3503 Dei
2679 3447 2870 3515 Filius,
2918 3445 3374 3518 quemadmodum
3420 3441 3517 3498 im-

1931 3541 2046 3614 piae.
2061 3540 2207 3598 illius
2243 3539 2489 3611 epistolae
2515 3539 2748 3614 scriptor
2777 3539 3174 3608 htereticusque
3202 3535 3518 3593 Theodorus

1931 3557 2207 3614 praeimus
2243 3557 2489 3611 epistoue
2515 3557 2618 3596 scrl
2664 3557 2748 3596 tor
2777 3557 3174 3608 naereucusque
3210 3557 3518 3593 mecum-us

1931 3635 2114 3706 inepte
2143 3634 2496 3702 contendunt,
2527 3557 2800 3705 quognodo
2827 3635 3091 3705 potuisset
3113 3632 3268 3690 nobis
3289 3631 3520 3687 ﬁliorum

1932 3733 2278 3805 adoptionem
2310 3732 2560 3803 elargiri?
2591 3730 2863 3788 Praeterea
2891 3735 2948 3788 in
2971 3731 3297 3788 exsecrabili
3323 3745 3387 3787 ea
3415 3729 3514 3804 epi

1931 3828 2072 3886 stola
2103 3827 2412 3883 continetur
2439 3825 2569 3882 illud
2595 3826 2806 3898 psalmi,
2838 3827 3074 3881 minuisti
3102 3841 3220 3880 eum
3240 3824 3396 3895 paulo
3425 3823 3515 3878 mi-

1931 3936 2030 3977 nus
2058 3919 2122 3974 ab
2153 3921 2379 3994 angelis,
2417 3919 2642 3974 minime
2669 3917 2928 3974 ofﬁrmari
2966 3931 3126 3988 posse
3153 3916 3222 3972 de
3252 3913 3518 3983 Unigeniti

1932 4011 2211 4069 divinitate
2233 4012 2437 4067 dictum
2465 4026 2604 4077 esse,
2636 4009 2784 4081 quod
2807 4024 2927 4078 vos,
2955 4023 3056 4064 ceu
3091 4005 3362 4062 catholice
3390 4017 3518 4074 pro-

1933 4106 2240 4161 nuntiatum
2270 4104 2473 4174 pariter
2501 4099 2881 4173 proposuistis,
2909 4099 3117 4153 aientes
3145 4095 3381 4162 homini,
3411 4109 3520 4151 non

1933 4203 2116 4250 autem
2139 4191 2318 4248 Verbo
2347 4193 2628 4247 incarnato
2659 4189 2713 4245 id
2743 4187 2908 4243 tribui
2933 4201 3118 4258 posse.
3163 4185 3317 4242 Hanc
3341 4193 3520 4242 autem

1933 4285 2182 4344 similiter
2212 4283 2544 4354 impietatem
2576 4281 2644 4334 ab
2675 4278 2931 4334 hmretico
2961 4276 3249 4334 Theodoro
3270 4275 3520 4352 edoctum

1932 4375 2176 4448 epistolae
2195 4374 2512 4444 scriptorem
2526 4368 2790 4439 ejusmodi
2812 4368 3098 4439 protulisse
3111 4367 3519 4439 blasphemiam.

1933 4465 2276 4541 perspicuum
2307 4481 2337 4518 a
2365 4463 2523 4519 nobis
2553 4461 2644 4516 ﬁet
2671 4477 2740 4518 ex
2768 4461 2834 4518 iis
2861 4476 2983 4533 qua:
3009 4460 3244 4532 ipsemet
3273 4459 3518 4519 Theodo-

1934 4575 2027 4615 rus
2057 4557 2274 4613 disserit
2321 4556 2376 4611 in
2404 4563 2600 4626 quarto
2629 4554 2886 4611 adversus
2924 4554 3316 4627 Apollinarium
3359 4556 3518 4612 libro.

1853 4650 1902 4710 Ι)
1936 4671 1954 4704 ι
1983 4647 2289 4716 Hominem,
2319 4648 2511 4719 inquit,
2541 4647 2609 4702 de
2635 4661 2743 4716 quo
2769 4645 3036 4717 propheta
3067 4645 3322 4716 loquitur,
3350 4645 3520 4702 mani-

1930 4742 2066 4799 feste
2081 4741 2274 4797 beatus
2295 4740 2494 4796 indicat
2514 4737 2733 4806 Paulus,
2756 4753 2879 4792 eum
2897 4751 3016 4794 esse
3037 4737 3130 4806 qui
3147 4739 3214 4793 ab
3232 4735 3520 4808 Unigcnito

1931 4843 2237 4908 assumptus
2265 4844 2388 4902 est;
2417 4833 2668 4903 inquiens
2696 4829 2888 4906 [Graia
2925 4846 3048 4886 cum
3088 4831 3230 4886 enim
3275 4829 3518 4906 dixisset;

1931 4929 2293 4987 testimonium
2322 4927 2389 4984 de
2419 4927 2534 4998 ipso
2575 4941 2696 4982 esse
2725 4927 2996 4998 prolatum
3037 4925 3106 4980 ab
3139 4941 3205 4982 eo
3249 4925 3340 4994 qui
3386 4923 3518 4978 dixit

1911 5021 2104 5095 ‘(Psal.
2132 5037 2246 5088 vm,
2269 5021 2423 5091 6seq.
2447 5037 2458 5072 :
2486 5015 2624 5083 Quid
2649 5027 2724 5074 est
2748 5019 2900 5074 homo
2922 5017 3058 5092 quod
3095 5031 3288 5072 memor
3307 5031 3362 5068 es
3382 5014 3514 5084 ejus,

1929 5124 2018 5170 aut
2039 5115 2178 5186 ﬁlius
2210 5112 2452 5179 hominis,
2475 5113 2598 5184 quia
2627 5111 2925 5166 consideras
2949 5109 3108 5165 eum?
3129 5105 3367 5160 Minuisti
3401 5120 3516 5159 eum

1925 5205 2082 5276 paulo
2102 5206 2274 5258 minus
2287 5201 2351 5256 ab
2373 5202 2600 5275 angelis;
2623 5203 2791 5274 gloria
2811 5212 2860 5258 et
2881 5202 3075 5257 honore
3095 5196 3358 5254 coronasti
3377 5211 3514 5265 eum,

1925 5313 1976 5360 et
1995 5302 2306 5360 constituisti
2323 5317 2438 5358 eum
2457 5317 2611 5374 super
2631 5318 2789 5380 opera
2810 5315 3056 5356 manuum
3078 5306 3313 5360 tuarum;
3339 5295 3516 5352 omnia

1927 5396 2189 5470 subjecisti
2240 5396 2332 5454 sub
2359 5395 2575 5469 pedibus
2630 5395 2760 5468 ejus,
2794 5394 2873 5451 sic
2905 5392 3081 5465 pergit
3105 5388 3294 5461 (Hebr.
3325 5404 3382 5458 ιι,
3415 5387 3471 5464 9)
3498 5408 3511 5446 :

1927 5489 2251 5548 Minoratum
2271 5507 2390 5546 vero
2409 5488 2566 5561 paulo
2587 5487 2756 5544 minus
2777 5485 2841 5542 ab
2863 5483 3064 5557 angelis
3085 5481 3312 5537 videmus
3332 5480 3513 5538 Iesum

1922 5595 2135 5660 prapter
2160 5587 2457 5658 passionem
2471 5583 2675 5652 mortis,
2691 5582 2862 5655 gloria
2881 5589 2930 5636 et
2951 5579 3145 5634 honore
3164 5587 3468 5634 coronatum
3494 5593 3512 5632 :

1923 5680 2205 5737 evidenter
2232 5680 2512 5737 declarans
2531 5677 2712 5733 Jesum
2733 5692 2858 5732 eum
2880 5673 3155 5731 hominem
3176 5687 3298 5730 esse
3318 5670 3384 5728 de
3403 5685 3511 5741 quo

1921 5783 2141 5832 sanctus
2170 5774 2405 5845 loquitur
2427 5771 2596 5827 David
2624 5778 2846 5843 stupore
2872 5767 3114 5836 allectus,
3145 5765 3292 5840 quod
3319 5764 3512 5821 divina:

1921 5881 2084 5938 quam
2115 5865 2358 5923 "habebat
2406 5873 2610 5920 naturae
2659 5863 2729 5919 ibi
2779 5863 2981 5920 mentio
3029 5862 3170 5922 facta
3218 5865 3402 5924 esset;
3452 5861 3510 5918 et

1911 5960 2065 6028 quod
2101 5963 2312 6026 propria
2365 5961 2534 6026 ipsum
2577 5957 2826 6026 dignatus
2858 5967 3000 6017 esset
3029 5954 3373 6013 visitationo:
3413 5947 3486 6006 mi
