3988 6346
167 424 264 489 ειη
1346 418 1715 485 JUSTlNlANl
1751 425 1890 485 mp.
1932 423 2287 485 EPlSTOLA.
3319 392 3433 489 ass

168 539 349 607 ἑαυτὸν,
377 535 512 610 ὅμως
551 538 685 596 πᾶσι
709 545 813 602 τοῖς
842 533 1126 615 όρθοδόξοις
1156 539 1300 603 δῆλόν
1335 545 1505 612 ίστιν,
1540 544 1566 598 ό
1594 544 1728 601 ἀπό·
1759 601 1760 604 η

1869 549 2078 598 )cututn
2104 555 2225 597 esse
2247 538 2566 610 Apostolum
2586 534 2875 610 dicentem,
2906 544 3052 614 quod
3077 552 3434 617 semetipsum

166 630 329 690 στολος
376 628 534 686 ἀὑτὸν
584 630 671 685 τὸν
717 631 842 687 Θεὸν
890 630 1033 706 λόγον
1085 632 1267 690 ἑαυτὸν
1317 636 1530 691 κενῶσαί
1572 657 1739 708 φησιν,

1869 634 2162 699 :xinanivit,
2221 632 2389 689 nihilo
2421 640 2600 688 tamen
2645 632 2841 699 secius,
2871 636 3213 706 exploratum
3242 638 3438 693 catho-

166 720 321 782 mea
368 722 415 777 έν
459 730 624 799 μορφῇ
667 730 796 779 Θεοῦ
825 725 1111 804 ὑπάρχων,
1152 729 1419 784 τουτέστιν
1460 728 1508 783 ἐν
1544 736 1607 803 τῇ
1636 730 1745 805 θείᾳ

1869 726 1965 782 icis
1986 726 2236 782 omnibus
2263 732 2365 792 est,
2399 723 2718 795 Apostolum
2746 724 2815 780 de
2842 725 2959 796 ipso
3000 726 3114 784 Deo
3137 728 3318 785 Verbo
3349 727 3437 785 sui

167 817 323 887 φύσει,
353 817 565 879 ἠξίωσεν
603 822 797 892 μορφήν
826 814 1009 873 δούλου
1053 819 1241 875 λαϐεῖν·
1287 821 1318 879 ἡ
1364 817 1419 875 δέ
1459 825 1623 896 μορφὴ
1648 826 1739 877 τοῦ

1870 820 2018 891 psius
2041 818 2464 875 exinanitionem
2491 817 2708 874 docere.
2735 817 3001 885 Quoniam
3030 835 3154 875 cum
3183 820 3237 876 in
3264 819 3441 877 forma

166 905 327 964 δούλου
354 912 444 969 τήν
470 910 785 985 ἀνθρωπίνην
807 912 956 985 φύσιν
985 913 1218 984 σημαίνει
1238 952 1252 976 ,
1283 913 1340 972 ἣν
1376 913 1425 967 έν
1456 920 1519 989 τῇ
1550 914 1744 991 γαστρί

1869 911 1946 969 )ei
1967 921 2130 978 esset,
2158 911 2214 968 in
2242 910 2421 967 divina
2465 910 2673 967 scilicet
2702 920 2916 979 natura,
2939 910 3188 981 dignatus
3217 920 3303 968 est
3325 912 3439 969 for-

166 1010 243 1061 τῆς
266 1001 544 1076 παρθένου,
590 1004 679 1058 καί
704 1002 754 1067 ἐξ
791 1004 948 1064 αὐτῆς
974 1012 1037 1079 τῇ
1075 1001 1179 1079 ίδίᾳ
1216 1004 1506 1061 ὑποστάσει
1545 1003 1573 1060 5
1616 1006 1740 1068 Θεὸς

1869 1020 1992 1060 nam
2013 1004 2157 1061 servi
2180 1002 2455 1075 accipere:
2478 1000 2651 1059 forma
2680 1017 2844 1073 porro
2865 1002 3009 1059 servi
3031 1003 3323 1058 humanam
3347 1017 3444 1058 na-

167 1092 293 1165 λόγος
316 1094 527 1152 ἥνωσεν.
567 1097 673 1151 Καί
709 1097 766 1151 οὑ
797 1094 1267 1173 προδιαπλασθέντι
1293 1099 1535 1175 ἀνθρώπῳ
1555 1101 1738 1167 ήνῶθη,

1871 1113 2022 1153 uram
2050 1096 2339 1166 significat,
2386 1111 2547 1166 quam
2584 1111 2652 1151 ex
2679 1094 2936 1165 Virgineo
2991 1103 3149 1152 utero
3178 1106 3338 1168 atque
3367 1111 3440 1153 ex

165 1186 363 1263 καθάπερ
391 1188 425 1245 ἧ
444 1190 721 1261 Νεστορίοῦ
751 1190 841 1245 καί
865 1188 1127 1269 Θεοδώρου
1154 1190 1505 1267 παραδέδωκεν
1531 1193 1741 1250 ἀσέϐεια

1869 1192 2064 1263 ιεοριίιι
2108 1189 2453 1246 subsistentia
2482 1189 2625 1244 Deus
2670 1187 2910 1243 Verbum
2949 1189 3053 1244 sibi
3081 1188 3351 1259 perfecit:
3383 1194 3445 1244 et

166 1287 254 1339 τοῖς
291 1279 650 1337 ἀκολουθοῦσιν
677 1282 869 1343 αὑτοῖς.
899 1283 1171 1360 Νεοτόριος
1204 1286 1293 1357 μέν
1320 1286 1423 1361 γὰρ
1458 1285 1592 1353 λέγει
1611 1328 1625 1352 ,
1661 1282 1744 1342 ὅτι

1870 1299 1959 1340 ιοιι
1980 1282 2129 1354 prius
2150 1282 2416 1353 plasmato
2437 1280 2644 1336 homini
2666 1280 3003 1337 extrinsecus
3024 1281 3241 1351 adjecit,
3258 1296 3445 1352 quem-
3504 1342 3523 1357 η,

169 1374 191 1428 o'
212 1375 322 1437 Θεὸς
343 1376 491 1450 λόγος
520 1386 675 1437 συνῆν
701 1387 775 1454 τῷ
801 1380 1049 1456 ἀνθρώπῳ
1076 1387 1151 1455 τῷ
1179 1379 1234 1435 ίκ
1261 1384 1459 1457 Μαρίας
1479 1381 1740 1453 τεχθέντι.

166 1467 402 1546 Θεόδωρος
434 1468 488 1527 δέ
514 1470 647 1545 λέγει
674 1468 799 1544 [ὅτι]
824 1473 933 1532 ἐνῆν
958 1474 1027 1534 ὡς
1055 1473 1184 1536 εἰκός
1206 1480 1281 1544 τῷ
1300 1473 1557 1545 τεχθέντι.

1869 1466 2017 1521 litum
2069 1473 2171 1521 est.
2203 1463 2381 1535 lnquit
2409 1462 2554 1519 enim
2594 1462 2874 1519 Nestorius
2913 1464 3009 1519 Dei
3035 1464 3272 1521 Verbum
3321 1481 3444 1523 esse

1847 1558 2008 1616 simul
2028 1573 2151 1615 cum
2177 1571 2244 1614 eo
2264 1555 2485 1613 homine
2512 1554 2605 1627 qui
2628 1570 2699 1612 ex
2723 1554 2892 1612 Maria
2912 1555 3091 1615 editus
3119 1567 3230 1616 est:
3262 1559 3442 1619 Theo—

1850 1372 2142 1429 admodum
2171 1372 2335 1441 impia
2362 1370 2596 1427 Nestorii
2624 1370 3004 1443 Theodorique
3031 1372 3312 1444 disciplina
3338 1383 3445 1430 tra-
3514 1418 3525 1425 .
3580 1365 3587 1372 ’

166 1653 307 1710 dorus
322 1662 527 1721 autem,
542 1665 688 1725 quod
709 1653 759 1711 ei
781 1669 851 1711 ex
876 1653 1045 1712 Maria
1071 1656 1218 1714 edito
1239 1655 1437 1727 inerat,
1452 1662 1512 1711 ut
1531 1652 1725 1723 simile,
1766 1652 2156 1725 pronuntiavit.

223 1746 325 1806 Ὀτι
362 1747 426 1806 δέ
446 1751 575 1827 περί
595 1755 688 1806 τοῦ
726 1756 857 1808 Θεοῦ
884 1750 1029 1825 λόγου
1059 1759 1149 1809 τοῦ
1179 1753 1527 1829 σαρκωθέντος
1548 1748 1745 1826 εἴρηται

1920 1744 2077 1813 Quod
2121 1752 2303 1800 autem
2349 1743 2418 1799 de
2444 1742 2558 1801 Deo
2584 1744 2766 1803 Verbo
2823 1746 3107 1803 incarnato
3134 1746 3340 1802 dictum
3374 1747 3449 1802 sit

165 1838 240 1907 τὸ,
271 1856 290 1892 ε
314 1838 626 1903 ἠλάττωσας
658 1838 811 1899 αὑτὸν
840 1842 1025 1919 βραχὺ
1072 1867 1123 1901 τι
1150 1843 1278 1921 παρ’
1304 1844 1579 1917 ἀγγέλους,
1611 1859 1629 1893 ι
1662 1843 1750 1897 καί

169 1948 186 1983 ι
201 1933 425 1991 ίκένωσεν
443 1935 622 1993 ἑαυτὸν
639 1941 831 2012 μορφήν
852 1935 1030 1993 δούλου
1046 1938 1237 2004 λαϐὼν,
1260 1956 1278 1990 ν
1305 1939 1390 1993 καί
1410 1939 1461 2002 έξ
1483 1934 1641 1992 ἄλλων
1656 1936 1744 2013 ρη-

166 2025 313 2093 μάτων
341 2033 443 2083 τοῦ
479 2028 771 2084 ἀποστόλου
807 2026 1147 2100 διδασκόμεθα
1183 2029 1317 2087 οὑτω
1335 2029 1581 2099 λέγοντος⁶
1617 2044 1635 2077 ί
1656 2037 1744 2085 Γι-

168 2116 355 2174 νώσκετε
378 2118 485 2194 γὰρ
513 2123 606 2179 την
633 2120 791 2199 χάριν
810 2126 905 2176 τοῦ
924 2121 1102 2197 κυρίου
1129 2122 1269 2194 ἡμῶν
1294 2118 1464 2179 Ἰησοῦ
1491 2124 1741 2196 Χριστοῦ,

166 2204 231 2264 ὅτι
254 2206 313 2265 δι’
331 2213 474 2284 ὑμᾶς
493 2211 831 2283 ἐπτώχευσεν
858 2212 1107 2275 πλοὺσιος
1135 2210 1220 2278 ῶν,
1250 2212 1339 2267 ἵνα
1363 2214 1505 2284 ἡμεῖς
1532 2219 1595 2284 τῇ
1626 2212 1748 2266 έκεί·

167 2319 242 2353 ιον
260 2304 505 2378 πτωχείᾳ
532 2302 917 2376 πλουτήσωμεν.
949 2320 971 2357 ι
1003 2307 1089 2366 Τίς
1112 2305 1280 2361 τοίνυν
1298 2304 1540 2377 τολμήσει
1568 2302 1747 2379 λέγειν,

166 2386 239 2445 ὅτι
262 2389 519 2469 ἅνθρωπος
559 2394 811 2458 πλοὺσιος
850 2394 909 2457 ἦν
927 2437 943 2466 ,
974 2400 1060 2453 καί
1088 2399 1427 2470 ἐπτώχευσεν
1445 2439 1461 2465 ,
1488 2398 1572 2453 ἶνα
1614 2398 1750 2467 ἡμᾶς

166 2481 441 2559 «lout-rion;
473 2485 675 2548 Ἐπειδή
714 2485 768 2543 δέ
809 2487 976 2561 λέγετε
996 2531 1011 2558 ,
1051 2486 1130 2545 ὅτι
1173 2487 1225 2545 εἴ
1254 2511 1333 2551 τις
1361 2487 1478 2562 εἴπῃ
1506 2490 1626 2563 περί
1657 2494 1746 2545 τοῦ

166 2576 494 2650 εαρκωθέντος
522 2585 653 2634 Θεοῦ
687 2579 838 2653 λόγου
866 2587 957 2637 τοῦ
999 2586 1301 2655 μονογενοῦς
1325 2581 1439 2636 υἱοῦ
1474 2587 1566 2637 τοῦ
1594 2586 1746 2648 Θεοῦ,

167 2659 237 2717 ὅτι
260 2666 409 2729 αὐτὸς
434 2667 721 2737 ἠλαττώθη,
743 2668 773 2729 ἦ
797 2669 1030 2735 έκενώθη,
1053 2676 1248 2747 τροπὴν
1276 2680 1368 2732 τῆς
1390 2671 1524 2733 θείας
1548 2672 1752 2743 φύσεως

170 2762 285 2809 ποιεῖ
326 2758 462 2814 κατά
488 2763 581 2819 την
605 2758 950 2840 ’Δπολιναρίου
979 2763 1240 2831 ἀσέϐειαν,
1267 2762 1298 2823 ἢ
1320 2767 1543 2825 παθητὴν
1564 2766 1757 2839 εἰσάγει

158 2850 243 2905 «τόν
260 2850 478 2910 θεότητα
500 2855 632 2911 κατά
660 2860 751 2915 τήν
769 2852 960 2934 ’Δρείου
988 2860 1197 2929 μανίαν,
1229 2855 1438 2932 ἁρμόζει
1468 2859 1598 2935 πρὸς
1620 2859 1759 2929 ὑμᾶς

154 2937 237 2997 xiv
254 2944 573 3020 εὑαγγελικόν
593 2947 774 3003 έκεῖνον
787 2948 932 3023 λόγον
951 2950 1135 3005 εἰπεῖν’
1165 2968 1184 3002 ι
1202 2950 1453 3007 Πλανᾶσθε
1475 2957 1546 3023 μη
1567 2950 1756 3014 εἰδότες

166 3029 243 3093 *ἃς
268 3038 506 3115 γραφὰς,
551 3037 679 3109 μηδέ
707 3044 797 3099 τήν
834 3036 1045 3114 δύναμιν
1080 3047 1173 3096 τοῦ
1206 3047 1333 3095 Θεοῦ
1355 3043 1702 3115 ἐπιστάμενοι.
1731 3059 1753 3094 s

1851 1837 1984 1893 illud
2018 1857 2037 1892 ι
2058 1837 2296 1894 Minuisti
2326 1852 2449 1893 eum
2473 1839 2635 1910 paulo
2663 1840 2843 1896 minus
2862 1840 2930 1897 ab
2952 1839 3179 1910 angelis,
3201 1858 3220 1892 ι
3253 1846 3445 1910 atque,

1859 1950 1878 1985 ε
1895 1929 2565 2002 Exinanivitscmetipsum
2586 1932 2815 1989 formam
2828 1934 2969 1991 servi
2982 1934 3276 2004 accipiens,
3296 1952 3314 1986 ι
3335 1933 3445 1989 alio

1851 2023 2099 2095 Apostoli
2149 2023 2273 2081 loco
2312 2024 2570 2082 docemur
2615 2028 2685 2083 de
2712 2028 2832 2099 ipso
2859 2028 3090 2085 dicentis
3119 2046 3131 2082 :
3169 2046 3190 2082 ε
3224 2028 3446 2097 Cogno-

1856 2115 1997 2171 scite
2040 2115 2270 2186 gratiam
2315 2116 2529 2172 Domini
2558 2118 2731 2174 nostri
2765 2116 2893 2175 Jesu
2940 2117 3158 2185 Christi,
3189 2119 3451 2187 quoniam

1852 2222 1978 2265 cum
2003 2207 2154 2265 dives
2202 2215 2367 2268 esset.
2408 2217 2630 2282 pr0pter
2675 2225 2775 2265 nos
2820 2223 3025 2280 egenus
3050 2209 3226 2265 factus
3252 2216 3359 2277 est,
3388 2214 3451 2265 ut

1854 2314 1956 2355 nos
2005 2297 2122 2369 ejus
2165 2297 2349 2369 inopia
2389 2297 2582 2354 divites
2610 2314 2851 2356 essemus
2882 2298 2971 2371 (ΙΙ
2999 2300 3118 2355 Cor.
3165 2315 3273 2366 vm,
3304 2299 3382 2370 9).
3421 2317 3445 2352 ε

1856 2391 1989 2461 Quis
2010 2401 2195 2449 autem
2214 2391 2397 2448 dicere
2417 2390 2615 2447 audeat
2641 2390 2917 2448 hominem
2938 2391 3159 2447 divitem
3190 2390 3375 2462 fuisse,
3395 2399 3453 2449 et

1856 2499 2088 2558 egenum
2128 2483 2336 2541 factum
2388 2499 2527 2554 esse,
2582 2492 2642 2540 ut
2667 2500 2769 2541 nos
2797 2484 3174 2557 locupletaret.
3205 2482 3454 2556 Cumque

1855 2593 2044 2635 rursus
2068 2576 2261 2634 dicatis
2288 2592 2413 2633 eum
2457 2576 2549 2646 qui
2571 2575 2640 2632 de
2668 2576 2948 2633 incarnato
2968 2575 3081 2631 Deo
3108 2574 3309 2642 Verbo,
3331 2575 3453 2631 uni-

1857 2671 2148 2743 genitoque
2191 2668 2290 2724 Dei
2330 2667 2465 2725 Filio
2506 2668 2738 2725 afﬁrmet
2763 2668 3091 2725 minoratum
3120 2681 3241 2723 esse
3271 2667 3453 2738 ipsum

1859 2770 2024 2832 atque
2067 2760 2423 2826 exinanitum,
2455 2760 2866 2815 conversionem
2896 2758 3090 2815 divina:
3123 2765 3332 2814 natura:
3369 2759 3453 2814 in-

1860 2854 2061 2912 ducere
2082 2852 2240 2923 juxta
2268 2850 2589 2923 Apollinarii
2638 2852 2991 2924 impietatem,
3028 2851 3117 2907 vel
3156 2853 3455 2911 secundum

1862 2946 1977 3003 Arii
2005 2960 2247 3002 errorem
2276 2944 2614 3001 divinitatem
2661 2945 2970 3016 passibilem
2998 2947 3200 3017 facere,
3238 2949 3459 3018 egregie

1866 3037 2127 3095 adversus
2152 3051 2250 3093 vos
2294 3034 2529 3106 quadrat
2574 3034 2884 3106 evangeliea
2924 3037 3194 3094 sententia
3221 3037 3407 3094 dicens
3437 3054 3454 3091 :

165 3124 212 3179 τί
234 3126 334 3203 γάρ
372 3130 536 3183 εἰπεῖν
577 3126 730 3198 ἴχετε
762 3132 884 3205 περὶ
912 3136 1006 3185 τοῦ
1050 3130 1286 3209 ῥηθέντος
1313 3129 1418 3187 ὑπό
1457 3138 1549 3188 τοῦ
1579 3134 1760 3209 κυρίου

1869 3130 2074 3187 Erratis
2099 3168 2117 3198 ,
2169 3130 2451 3185 nescientes
2505 3127 2809 3201 Scripturas
2862 3146 3025 3203 neque
3075 3131 3313 3188 virtutem
3356 3130 3463 3189 Dei

171 3231 185 3265 ι
208 3215 288 3275 ὅτε
316 3216 491 3280 οὐδεὶς
519 3219 832 3279 ἀναϐέϐηκεν
860 3223 933 3282 είς
960 3221 1047 3277 τόν
1076 3224 1321 3298 οὑρανόν,
1353 3224 1398 3278 εί
1428 3226 1499 3295 μὴ
1529 3222 1556 3279 5
1591 3224 1644 3280 ἔκ
1670 3231 1762 3280 τοῦ

169 3308 377 3383 οὐρανοῦ
399 3309 653 3377 καταϐὰς,
680 3309 706 3367 5
735 3311 847 3374 υίὸς
875 3318 968 3369 τοῦ
997 3314 1270 3399 ἀνθρρπου
1293 3313 1319 3370 5
1342 3312 1409 3369 ῶν
1432 3316 1484 3369 ἐν
1504 3323 1575 3386 τῷ
1603 3316 1761 3390 οὐρα-

171 3406 243 3468 νῷ.
262 3419 283 3453 s
306 3403 391 3459 Μὴ
415 3396 684 3475 ἄνθρωπον
702 3401 897 3477 λέγεται
918 3396 1319 3464 καταϐεϐηκέναι
1339 3406 1394 3461 έκ
1412 3412 1503 3461 τοῦ
1524 3408 1762 3485 οὐρανοῦ,

175 3489 282 3547 ἆλλά
307 3490 563 3568 πρόδηλον
605 3492 687 3551 ὅτι
730 3496 886 3557 αὑτὸς
927 3493 954 3550 5
986 3495 1110 3558 Θεὸς
1135 3496 1281 3569 λόγος
1311 3498 1547 3553 ἐκένωσεν
1584 3499 1763 3556 ἑαυτὸν

178 3582 222 3637 ia
246 3591 344 3640 τῶν
372 3586 604 3662 οὐρανῶν
634 3587 913 3655 κατελθών,
941 3589 1028 3644 καί
1055 3589 1335 3665 σαρκωθείς
1362 3591 1465 3645 ἀπό
1492 3597 1585 3653 τῆς
1617 3589 1766 3663 ἀγίας

180 3674 400 3734 θεοτόκου
458 3681 546 3735 καί
580 3681 908 3756 ἀειπαρθένου
945 3684 1174 3758 Μαρίας,
1230 3684 1312 3737 καί
1352 3684 1766 3762 ἐνανθρωπήσας,

182 3769 252 3821 καί
274 3770 482 3841 τεχθεὶς
516 3772 568 3838 έξ
594 3777 784 3839 αὑτῆς,
830 3776 914 3829 καί
941 3771 968 3830 5
1003 3774 1232 3837 καταϐὰς
1256 3778 1412 3838 αὑτός
1452 3777 1594 3835 ἔστιν
1631 3783 1718 3836 καί
1742 3779 1769 3835 5

185 3858 376 3931 ἀναϐὰς,
405 3868 497 3921 καί
538 3869 694 3923 αὑτοῦ
727 3865 929 3942 λέγεται
969 3869 1001 3928 ἦ
1028 3867 1340 3940 ἕλάττωσις,
1366 3873 1454 3926 καί
1491 3873 1521 3931 η
1557 3873 1768 3935 κένωσις

185 3945 257 4008 διὰ
277 3959 361 4019 τήν
380 3959 693 4019 κατάϐασιν.

1866 3220 2085 3295 (Matth.
2105 3237 2240 3291 χχιι,
2261 3220 2372 3291 20).
2404 3218 2543 3287 Quid
2563 3219 2706 3277 enim
2734 3221 2890 3277 vobis
2913 3223 3200 3292 supererit,
3224 3231 3287 3279 ut
3310 3223 3460 3281 dica-

1868 3317 1957 3386 tis,
1988 3316 2056 3373 de
2078 3332 2146 3373 eo
2172 3315 2316 3387 quod
2347 3314 2553 3371 dictum
2581 3324 2667 3371 est
2694 3330 2726 3370 a
2748 3316 2998 3383 Domino,
3033 3315 3202 3375 Nemo
3225 3318 3458 3376 ascendit

1867 3412 1924 3468 in
1945 3409 2147 3477 celum,
2167 3410 2269 3464 nisi
2288 3409 2376 3482 qui
2391 3409 2652 3465 descendit
2673 3408 2738 3464 de
2756 3409 2903 3477 caelo,
2920 3409 3091 3466 Filius
3112 3412 3359 3480 hominis,
3372 3430 3460 3486 qut

1871 3504 2028 3561 estin
2056 3503 2182 3559 caelo
2238 3501 2416 3576 (Joan.
2469 3518 2548 3568 ιιι,
2597 3501 2711 3569 15).
2761 3501 2881 3559 Non
2935 3502 3206 3560 hominem
3235 3504 3367 3561 dicit
3393 3505 3460 3564 de

1873 3598 2015 3656 coelo
2050 3595 2431 3665 descendisse,
2487 3595 2583 3653 sed
2631 3595 3034 3654 evidentissime
3063 3597 3255 3656 astruit
3291 3597 3461 3655 Deum

1873 3692 2113 3749 Verbum
2135 3707 2260 3748 eum
2288 3706 2410 3748 esse
2428 3691 2523 3761 qui
2543 3691 2894 3762 semetipsum
2919 3692 3235 3760 exinanivit,
3265 3692 3359 3762 qui
3379 3692 3462 3749 de-

1876 3783 2087 3841 scendit
2114 3783 2182 3839 de
2207 3783 2370 3853 caelo,
2401 3791 2456 3839 et
2480 3784 2788 3840 incarnatus
2815 3791 2898 3841 est
2923 3798 2990 3841 ex
3018 3792 3208 3842 sancta
3235 3784 3462 3857 Deipara

1875 3892 2198 3950 semperque
2243 3877 2451 3947 virgine
2493 3876 2684 3945 Maria,
2713 3886 2770 3935 et
2813 3878 2977 3936 homo
3003 3878 3176 3936 factus
3194 3886 3297 3945 est,
3319 3886 3377 3934 et
3398 3893 3461 3935 ex

1873 3968 1991 4042 ipsa
2015 3979 2193 4037 natus,
2208 3975 2264 4026 et
2283 3969 2329 4025 is
2354 3968 2445 4040 qui
2471 3968 2751 4027 descendit
2776 3970 2868 4026 ille
2887 3970 3030 4026 idem
3050 3980 3133 4027 est
3161 3970 3251 4039 qui
3280 3984 3460 4025 ascen-

1875 4060 1974 4129 dit,
2023 4062 2110 4118 cui
2159 4062 2229 4119 ob
2257 4060 2665 4120 descensionem
2720 4060 3017 4118 exinanitio
3070 4059 3462 4128 minoratiqu

1878 4152 2209 4209 tribuuntur.

249 4234 435 4300 ἐπειδή
463 4237 526 4298 δέ
567 4239 655 4295 καί
694 4240 747 4297 έν
784 4236 919 4312 ἄλλῳ
954 4239 1096 4313 τόπῳ
1134 4233 1273 4297 εἶπεν
1305 4239 1332 4296 5
1372 4241 1548 4317 κύριος
1583 4239 1635 4297 έν
1658 4249 1760 4304 τοῖς

1886 4242 1913 4251 “
1942 4250 2167 4307 Dicente
2194 4250 2361 4307 etiam
2389 4250 2512 4306 alibi
2534 4263 2750 4320 quoque
2776 4247 3008 4305 Domino
3037 4248 3094 4305 in
3122 4246 3461 4319 Evangeliis:

195 4329 500 4407 εὐαγγελίοις,
535 4350 554 4386 ε
582 4330 661 4389 ὅτι
680 4337 707 4387 ό
725 4337 899 4413 πατήρ
921 4355 1020 4407 μου
1041 4335 1226 4406 μείζων
1246 4354 1344 4407 μου
1366 4334 1500 4405 έστί,
1525 4352 1544 4387 ι
1571 4340 1641 4407 μη
1667 4329 1770 4412 ἆρα

196 4420 430 4497 ἄνθρωπόν
449 4446 570 4483 τινα
598 4427 713 4497 περί
740 4427 900 4483 αὑτοῦ
930 4431 1099 4483 ταῦτα
1131 4426 1380 4501 εἰρηκέναι
1405 4428 1662 4499 νομίζετε,
1687 4431 1772 4485 καί

199 4514 304 4586 οὐχί
329 4519 410 4574 τὸν
440 4520 574 4578 Θεὸν
598 4519 744 4595 λόγον
772 4520 857 4577 τὸν
884 4522 1369 4601 ἐνανθρωπησαντα,
1406 4522 1533 4578 ἀλλά
1560 4524 1771 4598 φανερόν

202 4604 337 4694 ign»,
353 4611 471 4671 ὅτεὸ
493 4617 673 4683 εἰπών,
698 4633 716 4667 ι
737 4613 943 4694 ὃπατήρ
963 4637 1062 4687 μου
1084 4616 1266 4687 μείζων
1281 4635 1379 4689 μου
1396 4614 1553 4684 ἐστίν,
1576 4633 1596 4669 ν
1617 4618 1772 4677 αὑτός

202 4690 341 4766 εἶπεν,
360 4718 381 4754 ε
400 4704 494 4778 ίγώ
513 4707 602 4762 καί
621 4704 647 4761 5
666 4710 838 4785 πατὴρ
858 4707 908 4761 έν
930 4708 1104 4780 έσμεν.
1132 4725 1151 4759 ι
1181 4705 1304 4761 Ἀλλ’
1318 4707 1368 4763 έν
1383 4712 1473 4781 μέν
1493 4716 1567 4783 τῷ
1586 4710 1766 4778 εἰπεῖν,

205 4809 222 4844 ί
356 4803 438 4856 καί
462 4801 488 4858 5
508 4806 684 4877 πατήρ
704 4803 755 4857 ἓν
774 4802 948 4873 ἔσμεν,
971 4819 990 4853 ν
1014 4807 1103 4862 τήν
1127 4802 1359 4872 ίσότητα,
1385 4807 1443 4866 ἣν
1470 4804 1625 4865 αὑτὸς
1645 4802 1677 4859 ἴ
1679 4823 1768 4875 χει

202 4888 315 4958 πρὸς
348 4893 431 4949 τόν
456 4896 664 4970 πατέρα
691 4897 820 4951 κατὰ
846 4899 937 4954 τήν
964 4895 1100 4951 θείαν
1138 4896 1289 4970 φύσιν
1330 4894 1489 4957 δηλοῖ.
1512 4902 1591 4950 Ἐν
1619 4893 1673 4950 δέ
1696 4902 1770 4969 τῷ

205 4976 427 5053 λέγειντόν
444 4981 624 5054 ἀὺτὸν,
648 5004 668 5039 ε
688 4985 904 5063 όπατήρ
920 5008 1020 5060 μου
1046 4992 1228 5061 μείζων
1248 5011 1346 5062 μου
1373 4992 1535 5051 έστίν,
1556 5006 1574 5040 ι
1595 4992 1687 5048 τὴν
1706 4984 1771 5042 δι’

208 5070 318 5142 isti;
354 5080 679 5153 οἰκονομικῶς
711 5082 973 5155 γενομένην
1009 5082 1287 5139 έλάττωσιν
1314 5081 1469 5142 δηλοῖ.
1503 5084 1768 5159 Ἑκάτερον

210 5161 271 5229 δέ.
292 5175 367 5226 καί
388 5176 418 5233 ἦ
440 5174 620 5236 ἰσότης
657 5175 739 5230 καί
774 5177 805 5233 ἠ
838 5175 1134 5247 ἐλάττωσις,
1163 5178 1282 5253 περί
1304 5177 1409 5239 ένός
1438 5180 1521 5232 καί
1548 5182 1637 5233 τοῦ
1669 5177 1766 5231 αὑ-

209 5264 282 5311 τοῦ
304 5268 471 5338 κυρίου
490 5269 577 5321 καί
604 5272 732 5324 Θεοῦ
758 5268 895 5342 ἡμῶν
919 5265 1081 5327 ἰησοῦ
1106 5275 1361 5347 Χριστοῦ,
1391 5271 1654 5328 τουτέστιν
1677 5273 1769 5325 τοῦ

211 5354 313 5407 Θεοῦ
329 5353 475 5429 λόγου
502 5364 596 5416 τοῦ
628 5360 997 5433 σαρκωθέντος,
1022 5360 1241 5433 λέγεται.

265 5541 348 5595 lui
384 5546 624 5620 ’Δρειανοί
672 5544 765 5616 μέν
805 5549 999 5622 πονηρᾷ
1043 5541 1241 5620 διανοίᾳ
1286 5544 1342 5600 έκ
1385 5550 1485 5601 τῶν
1520 5549 1769 5601 ταπεινῶν

214 5623 420 5698 βημάτων
453 5635 724 5708 όμοοὺσιον
753 5633 875 5694 εἶναι
912 5644 985 5709 τῷ
1022 5639 1185 5713 πατρί
1212 5636 1294 5692 τόν
1332 5636 1439 5692 υίόν
1467 5638 1731 5711 ἀρνοῦνται
1750 5676 1767 5702 ,

212 5722 282 5774 καὶ
303 5720 380 5780 διὰ
396 5733 551 5783 τοῦτο
572 5728 812 5785 ίλάττονα
832 5728 985 5784 αὑτὸν
1011 5723 1138 5784 εἶναι
1165 5725 1599 5785 διαϐεϐαιοῦνται·
1623 5730 1772 5799 ὑμεῖς

212 5803 254 5862 δὶ
275 5820 335 5879 μὴ
362 5819 582 5883 θέλοντες
605 5824 727 5897 περί
759 5826 850 5878 τοῦ
876 5822 1219 5899 σαρκωθέντος
1254 5826 1385 5877 Θεοῦ
1404 5820 1556 5897 λόγου
1584 5819 1650 5876 τά
1676 5842 1767 5876 τα-

212 5909 334 5965 rtari
356 5910 608 5984 δέξασθαι,
634 5915 753 5974 ἀλλο
774 5919 1050 5998 πρόσωπον
1073 5928 1136 5997 τῇ
1159 5919 1327 5997 τριάδι
1364 5921 1593 5994 είσάγετε
1635 5925 1769 5980 κατά

215 6000 287 6057 ’σὺν
309 6004 563 6084 Θεοδώρου
589 6012 677 6067 καί
701 6013 978 6089 Νεστορίου
1014 6011 1340 6071 δυσσέϐειαν.
1362 6011 1483 6071 Ἀλλ’
1510 6013 1654 6076 iuste
1681 6011 1771 6071 καί

430 6117 702 6187 Ρετιιοι..
732 6120 946 6186 LXIX

1879 4339 2043 4397 Pater
2078 4340 2248 4411 major
2293 4356 2375 4394 me
2403 4348 2480 4395 est
2505 4338 2686 4412 (Joan.
2720 4355 2830 4404 xtv,
2861 4337 2979 4411 29),
3006 4355 3076 4396 ne
3115 4340 3363 4411 cogitetis
3390 4344 3463 4401 ibi

1876 4432 2151 4489 hominem
2196 4431 2538 4503 quempiam,
2588 4446 2695 4487 non
2742 4439 2923 4488 autem
2975 4432 3144 4489 Deum
3189 4433 3462 4493 hominem

1878 4522 2081 4579 factum
2126 4539 2192 4579 eo
2220 4522 2383 4579 modo
2427 4521 2496 4578 de
2524 4538 2584 4579 se
2628 4521 2791 4579 fuisse
2818 4522 3077 4580 locutum.
3111 4524 3462 4583 Evidentissi-

1878 4630 2027 4673 mum
2048 4616 2248 4687 quippe
2273 4622 2357 4673 est
2380 4614 2625 4671 eumdem
2657 4615 2830 4687 ipsum
2852 4616 2943 4686 qui
2971 4616 3129 4687 dixit,
3160 4616 3325 4673 Pater
3351 4636 3462 4674 ma-

1868 4711 1960 4783 jor
1985 4726 2067 4765 me
2093 4718 2190 4777 est,
2221 4709 2422 4767 dixisse
2450 4708 2673 4780 pariter,
2693 4706 2807 4782 Ego
2836 4718 2887 4764 et
2908 4708 3071 4765 Pater
3098 4726 3256 4766 unum
3285 4728 3460 4767 sumus

1879 4802 2127 4876 (Ibidem,
2156 4820 2210 4873 x,
2241 4804 2353 4876 50).
2402 4803 2520 4872 Quo
2561 4804 2705 4860 enim
2759 4802 2881 4861 loco
2929 4805 3024 4873 ait,
3074 4804 3188 4878 Ego
3215 4816 3266 4861 et
3299 4806 3463 4862 Pater

1879 4912 2039 4954 unum
2061 4915 2257 4966 sumus,
2281 4897 2642 4969 aequalitatem
2670 4897 2864 4953 divina:
2890 4896 3126 4969 Naturae,
3155 4915 3316 4970 quam
3337 4915 3462 4957 cum

1878 4989 2040 5046 Patre
2063 4990 2247 5056 habet,
2269 4988 2549 5059 designat:
2576 5003 2686 5061 quo
2708 4997 2887 5045 autem
2910 4990 3072 5058 illud,
3100 4989 3266 5047 Pater
3293 4993 3463 5063 major

1875 5100 1958 5139 me
1977 5092 2073 5150 est,
2104 5083 2327 5154 profert,
2358 5081 2773 5139 minorationem
2800 5099 2952 5140 suam
2974 5091 3197 5156 propter
3220 5099 3343 5151 nos,
3363 5100 3462 5141 sua

1868 5176 2267 5248 dispensatione
2288 5214 2305 5243 ,
2341 5174 2539 5232 factam
2588 5177 2838 5234 ostendit.
2884 5177 3178 5250 Utrumque
3227 5180 3457 5245 scilicet,

1870 5266 2151 5339 aequalitas
2189 5274 2351 5336 atque
2378 5266 2688 5336 minoratio,
2711 5267 2780 5324 de
2807 5284 2917 5325 uno
2944 5278 3108 5340 atque
3135 5268 3330 5325 eodem
3351 5269 3460 5325 Do-

1868 5357 2017 5414 mino
2042 5366 2229 5414 nostro
2249 5355 2378 5413 Jcsu
2431 5357 2668 5428 Christo,
2696 5358 2802 5416 hoc
2829 5358 3008 5416 estde
3049 5360 3330 5419 incarnato
3359 5363 3458 5419 Dei

1880 5447 2076 5517 Verbo,
2102 5449 2305 5505 dictum
2329 5457 2432 5506 est.

1948 5540 2125 5611 Atque
2145 5540 2350 5610 Ariani,
2375 5542 2594 5613 quidem
2621 5558 2848 5601 errones
2869 5545 3182 5616 opinatione
3217 5561 3286 5604 ex
3312 5549 3465 5621 ejus;

1878 5631 2027 5689 modi
2055 5632 2306 5703 loquendi
2354 5631 2603 5691 demissis
2627 5634 2802 5692 modis
2827 5634 3023 5692 Filium
3049 5635 3196 5695 Patri
3224 5644 3463 5700 consub-

1876 5724 2187 5784 stantialem
2214 5741 2336 5783 esse
2380 5725 2711 5795 inﬁciantur,
2742 5727 2999 5799 aiuntque
3026 5741 3315 5804 propterea
3340 5752 3465 5795 esse

1874 5818 2050 5892 ipsum
2093 5819 2258 5876 Patre
2285 5819 2578 5877 minorem:
2606 5836 2705 5876 vos
2731 5829 2913 5879 autem
2946 5822 3106 5882 fateri
3149 5839 3468 5899 renuentes.

1874 5913 2097 5970 humilia
2124 5912 2241 5970 haec
2265 5913 2407 5971 dicta
2431 5911 2499 5969 de
2522 5912 2804 5973 incarnato
2831 5915 2928 5974 Dei
2955 5917 3136 5978 Verbo
3158 5937 3279 5981 esse
3302 5924 3458 5980 intel-

1874 6005 2109 6083 ligenda,
2154 6022 2352 6066 novam
2401 6005 2658 6066 invehitis
2710 6008 2769 6067 in
2822 6010 3089 6070 Trinitate
3143 6028 3456 6087 personam,

2952 6126 3029 6191 10
