3988 6346
494 336 602 396 505

1865 321 2157 381 VlGILIUS
2204 321 2404 378 PAPA.

3662 302 3773 362 τοι

496 456 799 523 τεθείκαμεν,
822 450 907 507 ἵνα
950 455 1119 507 ταῦτα
1153 453 1515 508 κατανοοῦντες
1541 446 1735 518 γνοίητε
1764 446 1831 506 ὡς
1862 445 1925 499 τά
1959 443 2083 516 παρ’

2199 440 2359 496 ctrina
2399 434 2805 508 proposuimus,
2844 438 2904 485 ut
2939 444 3002 487 ea
3043 426 3403 499 percipientes
3438 422 3771 493 intelligatis,

495 550 636 614 ὑμῶν
661 544 1049 618 προτεθειμένα,
1075 545 1161 597 καί
1187 541 1451 618 Ἄρειανοί,
1491 543 1574 594 καί
1603 538 1923 612 Νεστοριανοί
1950 537 2081 589 κατά

494 645 585 693 τοῦ
608 639 785 709 κυρίου
810 638 896 690 καί
922 641 1050 692 Θεοῦ
1080 636 1217 705 ἡμῶν
1243 632 1414 691 Ἰησοῦ
1442 639 1665 708 Χριστοῦ
1692 631 1927 702 λέγουσιν
1952 630 2080 682 ἀσε-

496 728 619 789 ϐῶς.
641 728 700 782 Oi
726 730 818 799 μὲν
838 728 935 802 γάρ
959 725 1202 805 ’Δρειανοί
1225 721 1603 787 σπουδάζοντες
1627 721 1713 777 τὸν
1733 721 1839 775 υἱὸν
1866 721 2081 789 κτίσμα,

492 824 582 879 καί
622 820 882 895 ἀλλότριον
922 827 1015 879 τῆς
1052 824 1304 896 πατρικῆς
1352 817 1528 875 οὐσίας
1569 811 1863 877 ἀποδεῖξαι,
1901 813 1987 866 καί
2026 809 2085 863 τό

495 916 679 983 πάθος,
691 918 774 970 καί
788 919 853 971 τὰ
873 911 998 970 ἄλλα
1012 916 1080 970 τά
1104 911 1316 967 ταπεινά
1336 919 1400 985 τῇ
1419 910 1618 968 θεότητι
1640 909 1793 964 αὑτοῦ
1824 905 1950 979 μόνη
1965 906 2087 963 ἐπά-

495 1031 688 1084 γουσιν,
731 1009 778 1064 οί
806 1006 860 1065 δέ
884 1009 1207 1084 Νεστοριανοὶ
1234 1004 1326 1060 δύο
1361 1004 1503 1063 υἱοὺς
1529 1004 1746 1073 εἰσάγειν
1774 999 2082 1072 βουλόμενοι,

480 1104 888 1179 ’κεχωρισμένως
911 1102 1118 1173 λέγουσι
1146 1100 1232 1155 τὸν
1258 1098 1379 1154 Θεὸν
1402 1096 1567 1168 λόγον,
1587 1098 1671 1150 καί
1690 1093 2085 1169 κεχωρισμένως

496 1198 584 1253 τὸν
609 1197 829 1271 Χριστὸν
864 1193 1007 1267 ψιλὸν
1045 1191 1327 1269 ἄνθρωπον,
1357 1192 1442 1245 καί
1470 1188 1603 1260 μόνῳ
1648 1196 1722 1261 τῷ
1748 1189 1995 1262 ἀνθρώπῳ
2023 1185 2088 1241 τά

496 1290 709 1346 ταπεωά
736 1289 1104 1361 ἀπονέμουσιν.
1143 1284 1267 1342 Ἀλλ’
1289 1285 1389 1354 οὑχ
1429 1283 1592 1342 οὑτως
1620 1280 1667 1335 οί
1694 1278 1827 1353 ἄγιοι
1865 1279 2087 1351 πατέρες

496 1381 845 1439 διδάσκουσιν·
878 1378 995 1436 οὑδὲ
1038 1380 1138 1454 γάρ
1169 1377 1254 1434 διά
1284 1380 1345 1432 τά
1388 1377 1607 1433 ταπεινά
1634 1378 1828 1450 τροπήν
1854 1372 2086 1445 λέγουσιν

497 1486 592 1538 τῆς
612 1477 852 1533 τοῦυίοὺ
884 1475 1136 1539 θεότητος,
1170 1469 1282 1526 οὑδέ
1306 1468 1391 1527 διὰ
1420 1470 1485 1526 τά
1520 1467 1692 1540 ὑψηλά
1717 1465 1974 1543 διαιροῦσι
1998 1470 2087 1523 τήν

498 1567 866 1647 ἀνθρωπότητα
889 1575 982 1628 τῆς
1007 1567 1264 1633 θεότητος,
1295 1564 1419 1620 ἀλλά
1446 1568 1537 1619 τοῦ
1568 1562 1675 1623 ἐνὸς
1703 1563 1788 1617 καί
1812 1565 1902 1614 τοῦ
1930 1559 2087 1615 αὑτοῦ

499 1670 795 1737 μονογενοῦς
833 1666 961 1717 Θεοῦ
999 1660 1151 1730 λόγου
1203 1656 1599 1729 σεσαρκωμένου
1644 1657 1726 1709 καὶ
1771 1654 2089 1725 ἐνανορωπή-

498 1774 708 1820 σαντος,
735 1756 818 1808 καί
868 1754 939 1808 τά
984 1750 1180 1822 ὑψηλὰ,
1212 1751 1295 1804 καί
1334 1749 1404 1803 τά
1452 1746 1664 1804 ταπεινά
1705 1740 1830 1801 εἶναι
1867 1740 2087 1821 παραδι-

498 1844 694 1902 δόασιν.

565 2028 766 2091 Ἐπειδή
795 2028 847 2086 δὲ
875 2032 959 2085 καὶ
994 2034 1144 2085 τοῦτο
1167 2034 1280 2088 τοῖς
1307 2026 1576 2101 ὑμετέροις
1604 2024 1902 2080 ἔντεθείκατε
1938 2041 2091 2094 κεφα-

501 2122 661 2185 λαίοις
688 2124 741 2177 ἐκ
771 2130 863 2182 τῆς
890 2124 1051 2183 αὑτῆς
1079 2119 1373 2185 ἐπιστολῆς,
1403 2115 1481 2174 ὅτι
1508 2117 1672 2179 καλῶς
1701 2111 1839 2171 εἶπεν
1872 2112 1964 2169 δύο
2000 2114 2095 2185 φὺ-

502 2236 612 2275 σεις
632 2256 648 2282 ,
692 2217 810 2285 μίαν
859 2214 1126 2278 ἐξουσίαν,
1160 2209 1211 2264 ἓν
1249 2210 1560 2287 πρόσωπον,
1587 2210 1674 2263 καί
1708 2207 1757 2260 ἕν
1796 2207 1966 2276 τούτῳ
2001 2208 2095 2264 τόν

502 2311 743 2380 πονηρίαν
782 2315 875 2364 τοῦ
904 2307 1195 2385 γράψαντος
1220 2309 1313 2365 τὴν
1351 2304 1622 2362 ἐπιστολὴν
1663 2300 2009 2373 διελέγξωμεν.
2036 2297 2095 2355 Ὀ

502 2402 602 2477 γὰρ
628 2405 698 2472 μὴ
724 2399 1011 2474 ὁμολογῶν,
1039 2397 1118 2455 ὅτι
1143 2397 1294 2457 αὑτὸς
1319 2396 1347 2452 ό
1375 2396 1498 2455 Θεὸς
1540 2395 1687 2467 λόγος
1730 2392 2010 2467 σαρκωθείς
2038 2391 2095 2445 ἐκ

502 2503 595 2554 τῆς
616 2496 869 2569 παρθένου
898 2495 1298 2563 ἐνηνθρώπησεν,
1323 2493 1461 2551 τίνος
1489 2491 1583 2550 τάς
1608 2487 1701 2544 δύο
1727 2490 1909 2562 φύσεις
1933 2487 2094 2560 Mysi;

506 2584 647 2644 ’Δλλά
672 2586 943 2664 πρόδηλον,
971 2586 1053 2643 ὅτι
1078 2589 1192 2643 ἀντί
1214 2577 1506 2663 προσώπων
1531 2585 1627 2644 τάς
1656 2581 1748 2638 δύο
1776 2583 1953 2655 φύσεις
1976 2581 2097 2652 λαμ-

506 2678 666 2743 ϐάνει,
690 2681 824 2735 κατά
849 2677 1117 2757 Νεστόριον
1155 2681 1244 2732 καί
1267 2674 1541 2754 Θεόδωρον,
1569 2673 1661 2735 οὓς
1687 2676 1888 2729 ἓπαινεῖ
1913 2674 1946 2731 ἡ
1972 2674 2099 2728 ἀσεο

507 2777 602 2839 ϐιὸς
644 2780 775 2837 αὑτὴ
813 2777 1075 2836 ἐπιστολή.
1125 2778 1182 2831 Εἰ
1219 2776 1317 2853 γάρ
1353 2777 1436 2830 καί
1474 2773 1525 2828 ἓν
1562 2774 1860 2849 πρόσωπον,
1892 2774 1978 2826 καί
2010 2771 2097 2825 ἕνα

505 2869 613 2923 υίῖν
650 2866 792 2924 δοκεῖ
825 2868 983 2941 λέγειν
1030 2869 1062 2926 ἡ
1104 2867 1376 2927 ἐπιστολή.
1407 2871 1557 2921 τοῦτο
1591 2867 1675 2929 καὶ
1708 2861 1973 2940 Θεόδωρος
2012 2863 2097 2916 καί

504 2961 779 3035 Νεστόριος
826 2962 915 3015 καί
956 2960 1218 3032 λέγουσιν,
1244 2959 1330 3014 τόν
1370 2958 1586 3036 Χριστὸν
1634 2953 1899 3031 ἄνθρωπον
1943 2952 2096 3025 μόνον

504 3051 732 3125 λέγοντες
777 3053 984 3124 ἐπέχειν
1027 3053 1087 3106 τὸ
1129 3051 1402 3127 πρόσωπον
1442 3055 1530 3105 τοῦ
1572 3054 1703 3104 Θεοῦ
1748 3047 1921 3120 λόγου,
1951 3043 2095 3117 ἔχειν

505 3149 595 3203 τὴν
624 3146 766 3209 ἀξίαν
806 3146 889 3197 καί
913 3148 1004 3201 τήν
1025 3146 1175 3213 τιμὴν
1198 3147 1286 3196 τοῦ
1317 3147 1444 3196 Θεοῦ
1481 3139 1662 3213 λόγου,
1694 3141 1777 3192 καὶ
1809 3143 1899 3197 τήν
1934 3138 2095 3211 χάριν

506 3243 599 3294 τῆς
643 3235 924 3299 υἱοθεσίας,
958 3237 1046 3287 καί
1080 3236 1150 3294 εἰς
1190 3233 1342 3287 τόπον
1370 3233 1524 3286 αὑτοῦ
1553 3232 1981 3301 προσκυνεῖσθαι,
2013 3232 2097 3283 καί

508 3328 596 3385 διά
617 3336 769 3384 τοῦτο
797 3332 1155 3403 ὑποκρίνονται
1189 3328 1348 3400 λέγειν
1372 3328 1462 3382 ἕνα
1496 3327 1605 3380 υίὸν
1626 3330 1708 3380 καὶ
1742 3324 1793 3379 ἓν
1819 3326 2097 3402 πρόσωπον

511 3429 606 3478 τοῦ
635 3418 788 3493 λόγου
829 3422 915 3475 καί
941 3426 1029 3475 τοῦ
1060 3425 1308 3493 Χριστοῦ,
1332 3424 1687 3478 κοινωνοῦντος
1714 3417 1849 3487 μόνῳ
1887 3424 1960 3487 τῷ
1987 3417 2097 3470 ὀνό-

509 3534 636 3586 ματι
670 3520 763 3573 τῆς
806 3512 1071 3573 υίότητος⁸
1101 3518 1253 3566 τοῦτο
1280 3509 1336 3566 δέ
1374 3508 1624 3565 δείκνυται
1668 3517 1894 3583 φανερῶς
1919 3510 1973 3563 ἐκ
2007 3515 2096 3564 τοῦ

509 3602 667 3677 λέγειν
693 3610 783 3664 την
829 3603 1097 3662 ἐπιστολήν
1125 3610 1225 3657 τῶν
1266 3602 1356 3657 δύο
1384 3603 1585 3674 φύσεων
1610 3604 1731 3672 μίαν
1760 3601 2007 3665 ἐξουσίαν.
2032 3601 2101 3660 ὡς

512 3700 599 3755 καί
618 3698 769 3769 ὑμεῖς
795 3694 1075 3770 ἐγράψατε.
1122 3697 1220 3750 Μία
1245 3697 1345 3769 γάρ
1374 3695 1575 3759 ἐξουσία
1614 3695 1705 3748 οὑκ
1731 3695 1817 3748 ἐπὶ
1852 3691 2100 3768 διαφόρων

513 3791 733 3864 φύσεων,
757 3788 859 3842 ἀλλ’
904 3788 988 3844 ἔπι
1009 3786 1257 3861 διαφόρων
1282 3787 1482 3860 λέγεται
1508 3788 1821 3863 προσώπων,
1856 3782 1985 3862 ὅπερ
2016 3786 2102 3839 ἐπί

512 3892 608 3944 τῆς
635 3882 781 3955 ἁγίας
809 3879 1013 3955 τριάδος
1041 3879 1396 3952 ὁμολογοῦμεν.
1424 3877 1572 3935 Ὀθεν
1598 3882 1684 3934 καὶ
1711 3879 1757 3932 oi
1784 3876 1919 3952 ἅγιοι
1945 3877 2103 3932 πατέ-

514 3993 603 4050 ρες
631 3973 999 4043 ἀνεθεμάτισαν
1025 3973 1146 4031 τοὺς
1174 3971 1412 4045 λέγοντας
1437 3973 1569 4026 κατά
1597 3968 1845 4040 δύναμιν,
1875 3967 1905 4027 ἦ
1932 3969 2098 4033 ἀξίαν,

512 4064 543 4125 ἦ
572 4066 853 4127 αὑθεντίαν,
875 4063 906 4123 ἧ
951 4066 1164 4137 σχέσιν,
1197 4060 1227 4123 ἧ
1255 4070 1407 4136 τιμὴν
1453 4065 1685 4121 ἡνῶσθαι
1721 4071 1796 4135 τῷ
1843 4061 1972 4135 λόγῳ
2015 4060 2100 4116 τόν

511 4152 795 4234 ἄνθρωπον,
826 4158 913 4211 καί
942 4161 1011 4228 μή
1039 4155 1402 4229 ὁμολογοῦντας
1438 4154 1541 4208 καθ’
1561 4155 1852 4209 ὑπόστασιν
1880 4162 1981 4207 τῶν
2011 4152 2101 4209 δύο

512 4249 708 4320 φύσεων
733 4253 823 4307 την
848 4247 1022 4302 ἕνωσιν
1055 4247 1396 4320 γεγεννῆσθαι.
1423 4242 1599 4306 Ὀπως
1637 4242 1692 4300 δὲ
1718 4246 1800 4298 καὶ
1824 4248 1979 4299 τοῦτο
2008 4244 2099 4319 ὀρ-

512 4342 612 4399 θῶς
656 4342 913 4415 εἰρημένον
955 4347 1066 4400 τοῖς
1108 4340 1268 4411 ἁγίοις
1315 4340 1548 4409 πατράσι
1581 4339 1701 4409 περὶ
1731 4335 1971 4412 διαφορᾶς
2001 4344 2101 4391 τῶν

512 4431 605 4487 δύο
625 4433 841 4504 φύσεων,
867 4431 913 4484 οί
933 4433 997 4486 τά
1019 4436 1295 4505 Νεστορίου
1318 4430 1627 4497 δοξάζοντες,
1652 4427 1717 4483 ὧν
1742 4439 1834 4490 τῆς
1854 4430 2102 4489 ἀπιστίας

512 4523 752 4597 ἀρχηγός
788 4523 900 4577 ἐστι
939 4520 1217 4594 Θεόδωρος,
1241 4522 1441 4581 ἀσεϐῶς
1470 4521 1861 4592 ἐκλαμϐάνουσι,
1890 4523 1983 4583 τὰς
2011 4522 2104 4594 φύ-

2182 548 2248 589 ea
2275 547 2395 602 quae
2442 528 2731 585 constituta
2759 540 2789 579 a
2817 523 2968 578 vobis
3009 529 3168 588 sunt,
3208 534 3274 576 ea
3300 519 3417 590 ipsa
3444 517 3513 572 ab
3559 514 3775 569 Arianis

2184 633 2349 694 atque
2366 618 2702 678 Nestorianis
2728 615 2987 672 adversus
3007 613 3291 669 Dominum
3318 616 3565 665 nostrum
3586 604 3773 661 Jesum

2183 718 2455 774 Christum
2504 715 2667 785 impie
2732 710 3004 768 sustineri.
3073 704 3257 762 Ariani
3309 702 3515 760 scilicet
3580 696 3780 754 Filium

2185 819 2492 866 creaturam
2521 822 2642 863 esse
2668 816 2830 875 atque
2859 811 3175 861 extraneum
3204 813 3237 851 ιι
3265 804 3491 867 paterna
3516 789 3777 847 substan—

2187 906 2260 960 tia
2289 903 2659 960 demonstrare
2709 896 2931 961 conati,
2974 892 3284 965 passionem
3322 887 3441 957 ejus
3472 894 3781 952 ceteraque

2186 996 2407 1051 humilia
2456 994 2559 1049 soli
2589 992 2829 1046 tribuunt
2873 983 3171 1050 divinitati;
3223 976 3530 1036 Nestoriani
3565 980 3779 1039 contra,

2186 1090 2277 1159 qui
2305 1088 2441 1144 duos
2489 1086 2743 1142 invehere
2789 1080 2927 1136 ﬁlios
2972 1078 3233 1143 nituntur,
3281 1071 3575 1144 separatim
3609 1068 3781 1123 Deum

2191 1179 2452 1247 Verbum,
2480 1175 2879 1247 separatimque
2914 1184 3107 1241 purum
3138 1167 3410 1223 hominem
3436 1162 3779 1235 proﬁtentur,

2188 1286 2416 1341 quaeque
2463 1269 2529 1323 ad
2582 1266 2943 1322 humilitatem
2986 1259 3262 1332 pertinent
3328 1252 3598 1327 passionis
3663 1250 3781 1307 solo

2188 1340 2393 1417 homini
2423 1355 2776 1428 adjudicanda
2804 1367 2925 1410 esse
2952 1353 3268 1407 decernunt.
3296 1347 3500 1404 Verum
3525 1359 3639 1400 non
3666 1340 3783 1397 haec

2190 1468 2223 1508 a
2247 1451 2449 1509 sanctis
2475 1449 2727 1505 Patrihus
2750 1446 3012 1502 docemur
3042 1461 3055 1497 :
3086 1455 3264 1513 neque
3291 1439 3435 1496 enim
3460 1452 3527 1493 ex
3550 1436 3638 1493 his
3664 1448 3785 1505 qua:

2190 1544 2423 1601 demisse
2451 1543 2595 1599 dicta
2618 1548 2745 1597 sunt
2771 1538 3068 1596 divinitatis
3094 1534 3217 1592 Filii
3248 1531 3663 1590 conversionem
3691 1527 3784 1584 ad-

2190 1637 2431 1702 mittunt,
2462 1632 2917 1705 quemadmodum
2948 1644 3123 1700 neque
3149 1643 3218 1684 ex
3244 1626 3563 1684 sublimibus
3586 1621 3784 1680 divini-

2192 1736 2361 1784 tatem
2388 1727 2637 1784 dividunt
2659 1726 2727 1781 ah
2754 1724 3111 1788 humanitate,
3136 1720 3230 1777 sed
3252 1719 3321 1775 de
3343 1733 3451 1774 uno
3478 1715 3783 1785 eodemque

2119 1826 2169 1892 Β
2192 1820 2307 1877 Deo
2335 1819 2516 1875 Verbo
2544 1818 2823 1874 incarnato
2874 1815 3201 1884 homineque
3229 1811 3371 1867 facto
3400 1818 3510 1865 tam
3535 1806 3787 1865 sublimia

2191 1927 2356 1982 quam
2382 1911 2605 1967 humilia
2633 1909 2776 1965 dicta
2808 1923 2928 1963 esse
2958 1904 3310 1962 tradiderunt.

2266 2002 2402 2058 Cum
2430 2008 2612 2056 autem
2662 1999 2717 2053 in
2743 1996 2939 2053 vestris
2980 1995 3170 2051 iisdem
3214 1993 3479 2065 capitibus
3507 1992 3615 2047 hoc
3640 1987 3785 2060 adje-

2196 2094 2377 2151 ceritis
2401 2093 2565 2148 etiam
2590 2133 2608 2161 ,
2636 2106 2705 2147 ex
2743 2089 2931 2145 eadem
2959 2087 3213 2145 haustum
3242 2084 3466 2157 epistola
3491 2123 3507 2151 ,
3536 2088 3691 2139 recte
3716 2079 3787 2139 ibi

2196 2186 2330 2241 duas
2356 2192 2575 2239 naturas
2593 2223 2609 2249 ,
2640 2182 2857 2237 unicam
2888 2186 3071 2235 autem
3100 2192 3414 2250 personam,
3445 2174 3661 2231 unicam
3687 2187 3786 2244 po-

2197 2282 2449 2331 testatem
2477 2274 2611 2341 dici,
2639 2272 2780 2328 circa
2827 2271 3060 2342 idipsum
3093 2283 3311 2342 quoque
3339 2268 3480 2323 illius
3506 2264 3785 2336 scriptoris

2197 2375 2537 2446 impietatem
2574 2387 2756 2445 operte
2798 2372 3033 2443 pretium
3061 2370 3167 2426 erit
3192 2368 3465 2440 detegere.
3514 2365 3617 2433 Qui
3647 2365 3785 2420 enim

2196 2491 2307 2530 non
2335 2471 2625 2530 conﬁtetur
2666 2471 2837 2526 Deum
2864 2468 3101 2525 Verbum
3137 2468 3472 2524 incarnatum
3509 2480 3583 2521 ex
3622 2463 3785 2519 Maria

2196 2565 2419 2635 Virgine
2441 2604 2457 2631 ,
2502 2571 2558 2619 et
2586 2562 2859 2617 hominem
2901 2558 3099 2616 factum
3139 2573 3293 2628 esse,
3339 2556 3623 2627 cujusnam
3664 2554 3787 2611 dicit

2194 2659 2330 2716 duas
2375 2673 2495 2714 esse
2539 2656 2799 2711 naturas?
2850 2653 2958 2710 Sed
3003 2661 3160 2725 patet
3203 2653 3377 2724 ipsum
3413 2651 3547 2707 duas
3576 2658 3789 2705 naturas

2198 2752 2320 2808 loco
2348 2766 2637 2823 personam
2660 2749 2968 2816 admittere,
2999 2746 3234 2804 Nestorii
3260 2745 3644 2815 Theodorique
3663 2755 3789 2802 εαι-

2196 2861 2261 2901 ειι
2286 2887 2304 2913 ,
2342 2859 2482 2915 quos
2523 2843 2748 2899 summis
2787 2840 3033 2896 laudibus
3074 2837 3419 2895 exsecrabilis
3465 2852 3533 2893 ea
3582 2832 3788 2892 extollit

2197 2937 2444 3007 epistola.
2483 2934 2540 2991 Si
2576 2935 2719 2991 enim
2769 2932 2984 2990 unicam
3013 2946 3301 3003 personam
3340 2928 3672 2999 unicumque
3696 2925 3784 2983 Fi-

2197 3029 2328 3084 lium
2356 3026 2593 3083 indicare
2619 3027 2831 3081 videtur
2868 3022 3117 3095 epistola,
3152 3021 3256 3078 hac
3297 3019 3553 3091 loquendi
3582 3017 3789 3073 ratione

2196 3120 2282 3177 usi
2308 3128 2435 3175 sunt
2461 3117 2744 3174 Nestorius
2768 3117 2932 3173 etiam
2960 3124 3017 3171 et
3044 3112 3377 3179 Theodorus,
3408 3111 3619 3167 aientes
3642 3107 3789 3164 Chri—

2121 3205 2167 3268 C
2199 3220 2343 3268 stum
2371 3226 2566 3281 purum
2594 3209 2870 3265 hominem
2898 3206 3262 3277 superhahere
3291 3204 3389 3258 Dei
3417 3202 3581 3258 Verbi
3611 3215 3790 3274 perso-

2202 3318 2346 3370 nam,
2370 3303 2677 3372 habercque
2697 3301 2793 3357 Dei
2810 3300 2973 3357 Verbi
2993 3300 3256 3355 honorem
3276 3304 3437 3367 atque
3456 3295 3787 3365 dignitatem,

2201 3403 2536 3472 gratiamque
2582 3401 2888 3472 adoptionis
2934 3408 3199 3472 prmterea
3230 3439 3247 3466 ,
3295 3404 3460 3468 atque
3512 3395 3633 3463 ejus
3678 3392 3790 3449 loco

2203 3494 2452 3560 adorari;
2486 3493 2839 3562 quamobrem
2863 3506 2925 3547 se
2953 3491 3171 3547 unicum
3221 3488 3414 3544 Filium
3472 3486 3791 3555 unicamque

2204 3585 2403 3643 Christi
2434 3601 2726 3657 personam
2755 3584 2936 3641 dicere
2962 3584 3236 3650 simulant,
3267 3581 3386 3637 solo
3413 3578 3791 3636 convenientes

2203 3680 2484 3737 ﬁliationis
2528 3679 2749 3736 nomine
2771 3721 2787 3748 ,
2826 3678 2974 3748 quod
3008 3674 3291 3732 manifeste
3316 3688 3386 3730 ex
3412 3673 3791 3728 sententiarum

2203 3773 2365 3829 modo
2388 3814 2404 3841 ,
2435 3773 2580 3844 quod
2609 3772 2665 3827 in
2694 3769 2925 3842 epistola
2968 3767 3255 3824 adhibetur
3277 3807 3295 3834 ,
3335 3763 3611 3835 colligitur
3629 3805 3645 3831 ,
3692 3774 3794 3831 quo

2202 3862 2397 3919 dicitur
2448 3862 2679 3933 duplicis
2740 3868 2947 3916 natura:
3000 3859 3216 3915 unicam
3269 3872 3391 3914 esse
3436 3863 3791 3927 potestatem,

2203 3953 2654 4025 quemadmodum
2699 3952 2902 4024 pariter
2942 3966 3042 4007 vos
3089 3949 3193 4021 ipsi
3246 3947 3562 4019 scripsistis.
3631 3943 3794 4001 Unica

2203 4061 2399 4118 nempe
2458 4052 2700 4117 potestas
2761 4059 2871 4100 non
2930 4044 3000 4100 de
3064 4041 3289 4099 diversis
3375 4039 3621 4107 naturis,
3702 4034 3794 4093 sed

2202 4137 2270 4193 de
2350 4137 2575 4193 diversis
2665 4135 2910 4207 personis
2986 4134 3209 4204 dicitur,
3271 4131 3417 4204 quod
3503 4129 3669 4185 etiam
3740 4127 3793 4182 in

2202 4238 2388 4286 sancta
2459 4228 2724 4284 Trinitate
2798 4228 3140 4298 agnoscimus
3224 4233 3387 4295 atque
3453 4221 3792 4278 conﬁtemur.

2204 4322 2565 4390 Quamobrem
2647 4321 2744 4377 SS.
2804 4319 2995 4377 Patres
3068 4319 3354 4374 anathema
3423 4314 3676 4370 dixerunt
3732 4311 3795 4367 iis

2203 4415 2295 4483 qui
2342 4412 2672 4469 afﬁrmarent
2721 4412 2996 4469 hominem
3041 4411 3154 4467 Deo
3206 4408 3384 4465 Verbo
3432 4407 3641 4462 unitum
3680 4415 3794 4459 esse

2204 4506 2500 4563 secundum
2536 4507 2868 4577 potentiam,
2907 4505 2993 4560 vel
3028 4510 3379 4575 potestatem,
3410 4499 3499 4556 vel
3524 4496 3786 4559 habitum,

513 4636 623 4675 σεις
651 4615 763 4669 ἀντί
791 4616 1085 4689 προσώπων
1114 4614 1355 4685 λέγοντες,
1381 4615 1463 4667 καί
1488 4614 1776 4687 προσώπων
1804 4615 1933 4668 κατὰ
1969 4613 2096 4683 σχέ-

2207 4600 2293 4655 vel
2319 4600 2665 4669 dignitatem;
2698 4614 2878 4671 neque
2910 4598 3168 4653 unionem
3190 4595 3385 4651 factam
3406 4591 3601 4649 essein
3622 4585 3793 4659 dupli-

513 4728 595 4761 σιν
647 4705 827 4758 ἕνωσιν
882 4704 1283 4779 πρεσϐεύοντες,
1332 4702 1383 4756 ἓν
1427 4703 1701 4780 πρόσωπον
1755 4705 2104 4779 ὑποκρίνονται

511 4794 691 4870 λέγειν,
716 4798 870 4858 αὑτὸς
894 4796 918 4852 ὁ
943 4797 1137 4856 ἀσεϐής
1160 4794 1419 4872 Θεόδωρος
1440 4795 1685 4851 δείκνυσιν
1709 4797 1759 4850 ἐν
1780 4804 1850 4866 τῷ
1871 4798 2105 4873 τετάρτῳ

511 4888 642 4962 λόγῳ
668 4896 766 4945 τῶν
797 4887 1284 4964 κατά’Δπολιναρίου
1309 4895 1401 4943 τοῦ
1420 4889 1667 4963 αἱρετικοῦ
1690 4890 1891 4965 γράφων
1917 4888 2105 4949 οὕτως’

518 5002 539 5036 ε
561 4985 835 5055 Δὺτάρκως
867 4983 929 5044 δη
955 4982 1271 5059 τὸξδιάφορον
1297 4990 1396 5039 τῶν
1421 4986 1618 5057 φύσεων
1639 4986 1754 5055 ἡμῖν
1780 4982 2108 5040 ὑποδείκνυσι

515 5077 603 5135 διά
625 5080 839 5135 τούτων’
872 5077 921 5135 εἴ
942 5100 997 5151 γε
1025 5081 1084 5136 τό
1127 5081 1216 5150 μὲν
1249 5079 1600 5146 ἐκπλήττεται,
1626 5080 1695 5139 ὡς
1734 5076 1799 5135 δι’
1822 5078 2105 5157 ὑπερϐολήν

515 5171 886 5246 φιλανθρωπίας
927 5173 1178 5244 ἑλόμενον,
1207 5177 1403 5246 μνήμην
1443 5194 1498 5230 τε
1542 5175 1628 5229 καὶ
1660 5172 1929 5245 ἐπίσκεψιν
1956 5177 2107 5233 ποιή-

516 5266 711 5320 σασθαι
738 5273 829 5319 τοῦ
873 5264 1036 5326 οὕτως
1060 5265 1314 5325 εὐτελοῦς·
1346 5266 1435 5321 τὸν
1477 5264 1530 5320 δὲ
1561 5267 1873 5341 μακαριστὸν
1910 5268 2105 5340 ἡγεῖται

516 5359 587 5419 ὡς
608 5360 845 5415 τοιούτων
867 5360 1152 5431 ἠξιωμένων
1182 5357 1336 5427 (Sic).
1364 5357 1506 5413 Ἀλλά
1535 5359 1632 5434 γάρ
1659 5357 1794 5412 οὑτω
1823 5361 1912 5429 μὲν
1937 5362 2026 5418 τήν
2048 5379 2103 5415 τε

514 5451 763 5529 διαίρεσιν
785 5460 887 5509 τῶν
908 5455 1106 5527 φύσεων
1128 5460 1349 5508 ποιεῖται
1365 5493 1377 5517 ,
1404 5453 1486 5504 καί
1509 5454 1604 5519 μὴν
1628 5453 1713 5503 καί
1739 5455 1829 5509 τήν
1859 5448 2104 5523 διαφοράν

518 5553 610 5605 τῆς
636 5566 691 5601 τε
718 5552 809 5601 τοῦ
846 5545 1089 5605 λαϐόντος
1133 5545 1333 5618 φύσεως
1354 5545 1437 5597 καί
1464 5550 1555 5602 τῆς
1581 5547 1674 5596 τοῦ
1698 5541 1959 5615 ληφθέντος
1988 5543 2105 5611 ἡμῖν

515 5635 869 5693 ὑποδείκνυσιν
897 5640 927 5696 ἡ
962 5640 1071 5693 θεία
1099 5641 1281 5715 γραφή·
1323 5638 1661 5712 φροντίζουσα
1698 5632 1753 5689 δὲ
1794 5639 1887 5688 τοῦ
1913 5635 1996 5688 καί
2015 5637 2105 5693 τήν

513 5726 696 5785 ἕνωσιν
741 5732 857 5799 ἡμῖν
901 5728 1289 5797 ὑποδεικνύναι,
1319 5727 1349 5787 ἦ
1374 5735 1447 5799 τῷ
1477 5727 1700 5798 ληφθέντι
1740 5726 2098 5801 προσγέγονεν,

516 5818 650 5889 λέγει
680 5820 917 5881 πολλάκις
942 5821 1046 5877 καθ’
1069 5823 1249 5877 ἕνωσιν
1272 5823 1339 5878 τά
1363 5819 1583 5895 ἑκάτερα
1618 5825 1718 5873 τῶν
1744 5818 1940 5890 φύσεων
1967 5815 2103 5874 ἰδια-

518 5913 708 5980 ζόντως
749 5912 879 5986 πρὸς
923 5909 1066 5975 ὅντα.
1094 5918 1160 5975 ὡς
1187 5910 1245 5970 ἂν
1273 5920 1362 5974 τήν
1386 5911 1519 5983 πρὸς
1554 5908 1640 5964 τὸν
1666 5905 1887 5967 λαϐόντα
1923 5908 2104 5965 ἕνωσιν

2207 4695 2284 4751 cis
2312 4704 2517 4751 naturae
2548 4696 2703 4752 unica
2726 4692 3069 4751 subsistentia
3088 4690 3404 4747 faterentur.
3435 4682 3793 4755 Quemadmo-

2209 4793 2336 4849 dum
2362 4790 2507 4862 quod
2534 4790 2740 4861 pariter
2765 4794 2915 4844 recte
2937 4786 3138 4842 dictum
3167 4800 3198 4839 a
3227 4782 3428 4839 sanctis
3447 4779 3694 4836 Patribus
3714 4782 3793 4832 est

2207 4883 2277 4939 de
2300 4883 2526 4952 duplicis
2552 4888 2759 4936 naturae
2785 4878 3115 4946 discrimine,
3137 4876 3191 4933 id
3219 4874 3451 4932 Nestorii
3470 4876 3791 4936 sectatores,

2210 4972 2508 5030 Theodoro
2528 4970 2864 5028 inﬁdelitatis
2910 4971 3051 5026 duce
3073 5012 3089 5039 ,
3121 4969 3223 5025 sibi
3250 4972 3550 5032 assumunt,
3580 4970 3794 5019 naturas

2210 5067 2333 5123 loco
2351 5078 2701 5138 personarum
2723 5063 3085 5131 nominantes,
3107 5068 3163 5118 et
3181 5071 3535 5132 personarum
3553 5054 3796 5111 habitu:-

2208 5160 2314 5216 lem
2338 5159 2591 5216 unionem
2611 5164 2955 5222 venerantes,
2976 5163 3036 5211 ut
3054 5169 3219 5210 unam
3237 5151 3494 5208 simulent
3512 5158 3795 5220 personam

2206 5270 2270 5314 se
2313 5254 2514 5311 dicere.
2558 5253 2758 5326 Impius
2800 5252 2916 5323 ipse
2964 5249 3017 5305 id
3067 5246 3307 5304 ostendit
3352 5242 3705 5309 Theodorus,
3743 5240 3796 5293 in

2207 5363 2403 5428 quarto
2450 5354 2708 5411 adversus
2745 5350 3136 5426 Apollinarium
3186 5346 3503 5404 haereticum
3546 5352 3798 5398 sermone

2206 5449 2323 5505 haec
2350 5447 2593 5504 scribens
2625 5464 2637 5500 :
2678 5465 2696 5499 ι
2724 5444 2868 5501 Satis
2907 5443 3153 5515 profecto
3191 5440 3349 5497 nobis
3373 5443 3691 5494 naturarum
3719 5431 3799 5487 di-

2205 5541 2441 5596 scrimen
2468 5537 2789 5605 ostenditur,
2818 5551 2917 5606 per
2942 5535 3058 5591 haec
3096 5547 3216 5603 quas
3243 5528 3523 5603 proposita
3548 5533 3695 5591 sunt,
3723 5522 3797 5579 si-

2206 5631 2424 5703 quidem
2471 5629 2577 5685 hoc
2624 5626 2981 5693 concluditur,
3010 5632 3267 5694 tanquam
3313 5636 3412 5695 per
3453 5613 3799 5689 benignitatis

2203 5721 2754 5796 superabundantiam
2781 5720 3083 5777 institutum
3118 5732 3241 5775 esse
3267 5723 3328 5773 ut
3354 5715 3437 5773 sic
3462 5711 3667 5785 sumpti
3701 5708 3799 5766 h0-

2203 5814 2365 5872 minis
2391 5812 2651 5869 memoria
2681 5819 2739 5867 et
2765 5810 3005 5867 visitatio
3034 5808 3207 5876 ﬁeret,
3237 5806 3609 5864 beatissimum
3634 5811 3798 5874 porro

2204 5908 2566 5974 existimatur,
2587 5903 2758 5962 veluti
2778 5902 2966 5962 talium
2984 5916 3147 5961 causa
3173 5899 3546 5973 dignationum
3566 5893 3727 5973 (Sic).
3743 5887 3798 5949 ιι
