3988 6346
201 425 295 486 305

1323 414 1694 474 JUSTINIANI
1729 411 1868 469 IMP.
1909 407 2265 466 EPISTOLA.

203 550 282 606 τοῦ
298 542 539 614 ληφθέντος
563 538 678 611 ὑμῖν
700 535 1133 614 παραδηλώσειεν,
1167 533 1271 591 ὅσα
1293 555 1348 592 τε
1379 535 1546 606 τούτῳ
1575 534 1628 588 ἐκ
1649 539 1740 592 τῆς

1862 543 2021 599 psum
2043 533 2224 580 autem
2250 529 2563 578 naturarum
2590 519 2984 579 distinctionem
3013 523 3274 594 ostendit,
3290 523 3443 595 quod

200 638 304 716 πρός
334 642 500 690 εκεῑνον
523 633 716 705 γέγονεν
735 633 1026 705 συναφείας.
1042 627 1444 694 ι’Δποδείξαντες
1469 630 1632 686 τοίνυν
1655 628 1743 684 τὸν

151 757 156 788 ς
201 727 400 791 δυσσεϐῆ
425 723 674 797 Θεόδωρον
701 725 794 786 τὰς
823 725 1000 798 φύσεις
1045 725 1156 779 ἀντὶ
1190 724 1485 798 προσώπων
1510 720 1744 795 λέγοντα,

201 820 270 880 ἐτι
292 825 476 894 μείζονα
512 819 884 894 προαγάγωμεν
916 817 1069 873 αὑτοῦ
1103 816 1424 889 βλασφημίαν
1451 813 1748 884 διελέγχου-

203 934 284 970 m
306 913 466 976 αὑτὸν,
493 911 636 964 ποίαν
670 907 800 983 λέγει
833 915 924 968 τήν
951 910 1130 965 ἕνωσιν
1165 907 1295 986 πρὸς
1322 906 1620 981 κατάκρισιν
1646 911 1746 962 τῶν

200 1005 483 1063 έκδικοὺντων
520 1001 696 1059 αὑτόν.
728 1002 806 1056 Ἐν
829 1002 927 1076 γὰρ
956 1007 1029 1073 τῷ
1054 1002 1176 1074 περί
1212 1001 1634 1075 ένανθρωπήσεως
1662 999 1749 1070 ὀγ-

199 1100 279 1173 ὂόῳ
308 1100 426 1171 λόγῳ
452 1097 585 1153 οὕτω
613 1097 765 1168 λέγει·
799 1112 818 1147 ε
853 1093 1097 1166 Πρόδηλον
1125 1092 1180 1149 δέ
1205 1095 1273 1154 ὡς
1304 1094 1362 1148 τὸ
1397 1100 1490 1154 τῆς
1523 1091 1750 1151 ένώσεώς

199 1191 459 1266 ἐφαρμόζεν
491 1186 578 1244 διά
620 1188 720 1264 γὰρ
762 1190 957 1248 ταύτης
998 1187 1337 1256 συναχθεῖσαι
1385 1185 1440 1240 αί
1474 1185 1672 1256 φύσεις,
1698 1180 1750 1238 έν

197 1283 432 1360 πρόσωπον
477 1278 613 1335 κατά
650 1282 742 1338 τὴν
777 1278 960 1335 ἕνωσιν
998 1278 1338 1335 ἀπετέλεσαν’
1373 1279 1442 1338 ὥς
1468 1297 1523 1330 τε
1565 1273 1695 1351 ὅπερ
1723 1272 1752 1330 ὃ

197 1374 338 1446 κύριος
365 1373 443 1427 έπί
482 1392 536 1426 τε
579 1377 670 1427 τοῦ
697 1368 880 1446 ἀνδρὸς
906 1372 992 1425 καί
1016 1377 1111 1432 τῆς
1135 1369 1370 1442 γυναικός
1397 1390 1569 1441 φησιν,
1597 1369 1666 1429 ὧς
1694 1387 1751 1425 τε

200 1464 343 1518 οὐκέτι
367 1464 490 1518 εἰσίν
513 1460 634 1528 δὺο,
663 1462 789 1519 ἀλλὰ
817 1461 946 1534 σάρξ
971 1462 1084 1534 μία,
1117 1458 1343 1533 εἴποιμεν
1387 1454 1447 1514 ἂν
1491 1463 1574 1516 καὶ
1608 1461 1752 1531 ἡμεῖς

197 1554 368 1615 εἰκότως
403 1555 529 1610 κατά
552 1556 641 1610 τὸν
669 1562 762 1616 τῆς
803 1554 1031 1619 ἐνώσεως
1059 1551 1227 1628 λόγον,
1254 1555 1324 1615 ὥς
1352 1573 1408 1608 τε
1437 1554 1602 1610 οὑκέτι
1629 1555 1754 1609 εἰσίν

195 1641 270 1699 δύο
304 1645 571 1720 πρόσωπα,
595 1643 703 1701 ἀλλ’
736 1643 809 1708 ἓν,
847 1643 1069 1704 δηλονότι
1123 1651 1223 1699 τῶν
1251 1645 1450 1718 φύσεων
1499 1641 1755 1720 διακεκρι-

195 1737 348 1806 μένων.
374 1734 573 1813 Ὠσπερ
626 1739 728 1815 γὰρ
765 1739 871 1793 ἐκεῖ
911 1739 969 1794 οὑ
1006 1738 1301 1809 λυμαίνεται
1333 1745 1408 1810 τῷ
1438 1739 1636 1813 ἀριθμῷ
1662 1744 1756 1798 τῆς

195 1823 356 1889 δυάδος
383 1830 440 1884 τὸ
473 1832 596 1903 μίαν
630 1829 862 1902 λέγεσθαι
904 1835 996 1890 τήν
1024 1831 1192 1906 σάρκα
1222 1827 1490 1907 (πρόδηλον
1513 1835 1611 1906 γὰρ
1634 1827 1756 1882 καθὸ

195 1919 272 1990 μία
306 1919 540 1994 λέγεται),
565 1919 732 1981 οὕτως
776 1921 1034 1976 κάνταῦθα
1078 1921 1138 1974 οὑ
1179 1919 1478 1990 λυμαίνεται
1520 1922 1611 1978 τήν
1653 1923 1754 1973 τῶν

195 2011 366 2083 φύσεων
408 2011 654 2087 διαφορὰν
692 2017 785 2069 τοῦ
825 2015 1104 2090 προσώπου
1147 2013 1179 2070 ἡ
1225 2011 1425 2071 ῖνωσις.
1479 2005 1633 2064 Ὀταν
1662 2009 1752 2080 μέν

194 2103 278 2177 γὰρ
302 2104 386 2165 τὰς
411 2105 590 2178 φύσεις
613 2102 967 2181 διακρίνωμεν,
995 2104 1190 2161 τελείαν
1214 2107 1305 2163 τήν
1329 2103 1482 2176 φύσιν
1505 2107 1598 2159 τοῦ
1621 2107 1754 2158 Θεοῦ

195 2192 324 2266 λόγου
347 2197 523 2270 φαμέν,
557 2197 646 2252 καί
672 2197 858 2252 τέλειον
881 2196 939 2253 τὸ
964 2196 1260 2270 πρόσωπον·
1287 2192 1399 2250 οὐδέ
1427 2197 1527 2270 γὰρ
1551 2193 1754 2271 ἀπρόσ-

197 2284 316 2357 uno»
344 2286 472 2342 ἐστιν
506 2283 803 2344 ὑπόστασιν
840 2288 1027 2344 εἰπεῖν·
1077 2287 1270 2342 τελείαν
1306 2284 1362 2342 δέ
1403 2290 1488 2341 καί
1519 2290 1611 2345 τήν
1657 2291 1752 2342 τοῦ

193 2375 429 2452 ἀνθρώπου
448 2383 622 2453 φύσιν,
655 2383 738 2435 καί
767 2383 822 2437 τό
846 2381 1122 2458 πρόσωπον
1148 2379 1353 2452 ὁμοίως.
1377 2376 1536 2436 Ὀταν
1561 2381 1652 2452 μέν
1672 2400 1755 2434 τοι

192 2463 266 2521 ἐπὶ
305 2473 389 2528 τὴν
431 2472 704 2545 συνάφειαν
732 2469 960 2543 εἴδωμεν,
986 2471 1038 2526 ἓν
1067 2471 1348 2547 πρόσωπον
1371 2470 1484 2528 τότε
1518 2471 1694 2542 φαμέν.
1726 2488 1747 2523 ε

191 2560 343 2614 Ταῦτα
377 2561 555 2631 ἡμεῖς,
582 2563 626 2616 εἰ
672 2563 758 2617 καί
799 2562 1000 2639 φρικτόν
1045 2563 1161 2618 ἐστι
1206 2563 1364 2637 λέγειν
1403 2568 1752 2640 χριστιανοῖς,

192 2641 312 2716 ὅμως
337 2647 420 2706 δά
451 2657 544 2714 τήν
569 2656 754 2724 μανίαν
779 2661 879 2709 τῶν
905 2653 1222 2710 ἐκδικοῦντων
1271 2651 1529 2729 Θεόδωρον
1557 2657 1637 2708 καί
1661 2659 1751 2714 τήν

186 2737 328 2803 ἀσεϐῆ
355 2744 544 2806 έκείνην
567 2747 856 2815 ἐπιστολήν,
879 2756 1192 2824 προαγαγεῖν
1205 2748 1612 2822 ἠυαγκάσθημεν,
1633 2747 1752 2800 ’ίλεω

182 2830 254 2888 τόν
287 2836 406 2890 Θεὸν
443 2838 567 2909 ἡμῖν
607 2839 1019 2914 παρακαλοῦντες
1067 2840 1320 2911 γενέσθαι·
1355 2836 1420 2894 δι’
1442 2835 1510 2892 ὧν
1549 2837 1752 2892 πάντων

177 2918 540 2996 ἀποδέδεικται,
570 2928 650 2985 ὅτι
681 2932 854 2992 πάσης
882 2938 974 2991 τῆς
1000 2929 1266 3006 Θεοδώρου
1305 2931 1544 2990 ἀσεϐείας
1587 2932 1752 3000 μεστή

174 3011 296 3072 ἔστιν
313 3019 346 3078 ὁ
375 3022 669 3095 κατάρατος
695 3019 852 3082 ἐκείνη
879 3023 1140 3080 ἐπιστολή.

1845 617 2062 688 quidem
2085 614 2345 672 sumentis
2373 613 2682 686 sumptique
2710 621 2916 669 naturae
2943 615 3232 673 discrimen
3255 615 3442 674 divina

1847 709 1964 782 ipsa
1991 709 2146 764 nobis
2191 706 2427 764 ostendit
2470 705 2772 778 Scriptura.
2822 705 3065 763 lndieare
3091 709 3293 779 quippe
3314 721 3442 766 eam

1846 801 2106 858 unitatem
2135 800 2322 857 volens
2348 813 2468 870 qua:
2507 798 2576 854 ad
2615 798 2669 853 id
2696 797 2841 868 quod
2867 806 3139 870 sumptum
3165 806 3250 854 est
3273 799 3442 870 perti-

1850 905 1963 963 net,
1978 895 2127 952 elicit
2147 909 2245 966 per
2265 894 2523 949 unitatem
2546 893 2661 948 sive
2680 893 2934 948 unionem
2949 898 3206 961 utrasque
3221 898 3445 951 natural

1848 987 1950 1044 sibi
1979 986 2167 1044 fecisse
2195 985 2477 1057 proprias;
2499 984 2576 1040 ita
2597 991 2676 1053 ut,
2700 998 2853 1053 aeque
2879 982 2996 1052 ejus
3023 983 3114 1052 qui
3145 990 3264 1038 erat
3278 993 3444 1054 atque

1847 1079 2075 1150 sumpsit
2094 1085 2159 1136 ac
2178 1079 2294 1148 ejus
2313 1078 2404 1148 qui
2418 1083 2664 1148 sumptus
2683 1084 2769 1132 est
2785 1074 2942 1132 nobis
2961 1075 3256 1131 ostenderit
3269 1076 3444 1132 unita—

1851 1191 1981 1253 tem,
2006 1197 2127 1254 qute
2149 1196 2216 1237 ex
2236 1179 2377 1236 facta
2407 1194 2530 1234 cum
2551 1178 2670 1250 ipso
2690 1175 3074 1249 conjunctione
3099 1176 3387 1246 processit.
3416 1193 3440 1230 ι

1921 1277 2059 1334 Cum
2102 1276 2284 1345 itaque
2319 1274 2748 1330 demonstratum
2797 1271 3098 1331 luculenter
3122 1270 3194 1326 sit
3220 1270 3446 1342 impium

1851 1367 2200 1426 Theodorum
2236 1374 2443 1421 naturae
2481 1378 2678 1420 nomen
2715 1377 2817 1433 pro
2854 1377 3088 1434 persona
3131 1376 3445 1434 usurpasse,

1851 1459 2177 1517 deteriorem
2207 1456 2382 1512 adhuc
2407 1455 2526 1525 ejus
2569 1453 2962 1525 blasphemiam
3000 1453 3344 1524 proferemus
3386 1453 3445 1511 in

1853 1551 2110 1617 medium,
2138 1564 2245 1620 qua
2273 1548 2453 1616 docet,
2484 1545 2615 1617 quid
2641 1546 2757 1617 ipse
2783 1545 3006 1602 unitatis
3033 1545 3255 1603 nomine
3279 1544 3442 1602 intel-

1855 1643 2023 1712 ligat,
2055 1648 2116 1698 ut
2139 1639 2352 1712 plenius
2374 1637 2804 1695 condemnentur
2838 1637 2956 1706 ejus
2991 1637 3445 1709 patrocinatores.

1854 1736 1914 1792 in
1942 1742 2137 1792 octavo
2175 1733 2338 1804 igitur
2370 1745 2622 1788 sermone
2670 1730 2738 1786 de
2764 1730 3142 1787 lncarnatione
3167 1731 3286 1788 haec
3307 1731 3447 1790 scri-

1855 1827 1935 1884 bit
1965 1844 1978 1880 :
2015 1845 2034 1880 ε
2065 1825 2295 1882 Constat
2339 1831 2523 1881 autem
2567 1823 2696 1894 quid
2725 1824 2930 1879 unitate
2956 1824 3277 1895 importetur
3305 1842 3320 1879 :
3348 1838 3450 1896 per

1782 1908 1833 1970 Β
1858 1928 1999 1984 hanc
2047 1928 2190 1983 enim
2233 1926 2604 1982 coalescentes
2649 1933 2857 1981 natura:
2907 1926 3120 1982 unicam
3159 1939 3452 1996 personam

1860 2019 2068 2075 unitate
2094 2016 2405 2090 perﬁciunt;
2434 2017 2510 2073 ita
2536 2029 2617 2085 ut,
2639 2018 3093 2087 quemadmodum
3119 2019 3188 2074 de
3210 2019 3452 2077 masculo

1860 2119 1918 2167 et
1934 2109 2132 2166 femina
2153 2108 2414 2164 Dominus
2434 2109 2606 2179 inquit
2623 2124 2722 2166 eos
2742 2125 2852 2166 non
2865 2109 2978 2179 jam
2997 2110 3151 2177 duos,
3173 2110 3268 2166 sed
3289 2125 3454 2167 unam

1859 2217 2077 2259 carnem
2103 2217 2255 2269 esse;
2303 2201 2552 2258 similiter
2576 2203 2740 2258 etiam
2764 2244 2781 2270 ,
2811 2203 3032 2259 unitatis
3057 2203 3300 2260 rationes
3341 2220 3454 2261 non

1855 2293 1970 2364 jam
1993 2294 2113 2350 dua:
2134 2333 2151 2361 ,
2193 2293 2289 2350 sed
2315 2294 2472 2350 unica
2501 2294 2573 2349 sit
2611 2309 2844 2365 persona
2869 2336 2885 2362 ,
2926 2303 3215 2352 constante
3239 2311 3455 2370 semper

1859 2383 2204 2442 distinctione
2231 2391 2563 2440 naturarum.
2592 2384 3054 2452 Quemadmodum
3075 2387 3222 2442 enim
3249 2385 3326 2442 ibi
3352 2403 3455 2443 nu-

1855 2477 1991 2532 meri
2019 2493 2128 2532 non
2154 2475 2364 2532 tollitur
2390 2475 2678 2546 duplicitas
2698 2517 2714 2544 ,
2753 2476 2904 2546 quod
2926 2492 3031 2532 una
3060 2492 3189 2533 caro
3217 2475 3451 2544 dicatur,

1854 2567 2025 2637 liquet
2045 2568 2190 2622 enim
2211 2566 2665 2638 quemadmodum
2687 2583 2793 2623 una
2819 2567 3054 2638 dicatur,
3083 2568 3279 2624 eodem
3304 2569 3452 2639 pari-

1857 2667 1939 2715 ter
1965 2659 2128 2714 modo
2149 2659 2372 2714 minime
2400 2665 2606 2714 natum
2633 2658 3038 2732 aufertuereg.
3054 2657 3457 2731 aufert]discri-

1855 2768 1978 2808 men
2010 2754 2186 2807 unitas
2213 2754 2326 2822 ipsa
2352 2768 2617 2823 personaz.
2645 2753 2782 2809 Cum
2810 2769 2974 2825 porro
3001 2762 3221 2810 naturas
3247 2753 3455 2812 discet-

1855 2841 2360 2912 nimus,perfcctam
2381 2844 2473 2899 Dei
2505 2844 2668 2900 Verbi
2695 2853 2944 2900 naturam
2975 2843 3456 2915 profitemur,per-

1853 2933 2158 3002 lectamque
2180 2947 2470 3003 personam
2486 2932 2618 3005 (non
2631 2933 2775 2989 enim
2794 2934 3101 3006 hypostasis
3119 2933 3226 2988 diei
3249 2934 3456 3003 absque

1855 3040 2088 3096 persona
2104 3023 2642 3096 potest),perfectam
2665 3026 2868 3096 pariter
2887 3027 3179 3081 humanam
3205 3032 3456 3081 naturam

1865 3129 2260 3186 personamque
2279 3114 2547 3173 similiter.
2570 3113 2708 3171 Cum
2729 3125 2910 3173 autem
2935 3117 2990 3173 in
3013 3117 3204 3172 barum
3235 3115 3457 3188 copula-

171 3200 365 3264 tionem
393 3207 514 3264 sive
547 3209 976 3278 conjunctionem
1003 3210 1243 3268 animum
1269 3211 1613 3279 intendimus,
1645 3209 1858 3266 unicam
1898 3217 2024 3268 tunc
2047 3225 2168 3266 esse
2196 3225 2483 3282 personam
2511 3211 2883 3281 praedicamus.
2907 3230 2925 3264 ι
2957 3210 3085 3268 Haec
3120 3227 3253 3279 nos,
3284 3227 3458 3282 quan-

173 3313 318 3371 quam
344 3302 500 3359 dictu
529 3303 863 3392 .(ibristianis
899 3304 1174 3361 horribilia
1199 3345 1216 3373 ,
1267 3304 1569 3375 producere
1603 3305 1658 3360 in
1708 3304 1944 3362 medium
1987 3305 2166 3362 coacti
2213 3320 2399 3361 sumus
2449 3320 2518 3361 ex
2565 3303 2836 3361 Theodori
2883 3305 3164 3376 impiaeque
3216 3307 3458 3379 epistolae

177 3398 517 3459 patronorum
565 3395 793 3459 insania,
844 3395 1136 3466 propitium
1182 3395 1338 3451 nobis
1386 3393 1558 3450 Deum
1609 3394 1726 3451 fieri
1773 3397 2150 3467 postulantes:
2195 3395 2392 3468 quibus
2434 3406 2612 3454 tamen
2641 3397 3069 3455 demonstratum
3097 3407 3182 3457 est
3207 3401 3457 3459 universa

184 3477 540 3539 Theodoriana
572 3485 848 3556 impietate
875 3487 1262 3543 exsecrabilem
1300 3499 1424 3541 eam
1468 3485 1754 3556 epistolam

243 3579 510 3634 καὶταῦτα
528 3579 620 3650 μέν
633 3577 833 3635 ἅπαντα
844 3581 1216 3654 ἀπεκρινάμεθα
1227 3581 1353 3654 πρὸς
1369 3580 1434 3636 τά
1444 3587 1518 3653 τῷ
1527 3580 1757 3655 ὑμετέρῳ

191 3668 594 3744 ιε9αλαιογραφίῳ
625 3669 758 3742 (SiC)
786 3673 1130 3747 περιεχόμενα
1148 3713 1164 3737 ,
1195 3670 1257 3727 δι’
1288 3671 1353 3725 ὧν
1393 3669 1755 3728 ἐσπουδάσατε

189 3765 263 3822 τήν
285 3765 441 3824 ἀσεϐῆ
468 3765 654 3823 ἐκείνην
691 3765 955 3824 ἐπιστολὴν
991 3763 1287 3830 ὶκδικῆσαι,
1320 3766 1406 3818 καί
1443 3761 1528 3818 διά
1567 3765 1757 3822 ταύτην

191 3857 265 3909 τήν
290 3854 551 3934 Θεοδώρου
592 3859 677 3912 καί
704 3859 974 3929 Νεστορίου
1021 3853 1312 3919 κακοδοξίαν
1359 3855 1756 3918 ἀνανεώσασθαι,

192 3942 246 3998 ὗν
264 3955 342 4007 τήν
389 3950 634 4004 ἀσέϐειαν
687 3951 717 4008 ἡ
763 3948 888 4009 αὑτή
940 3949 1177 4007 ἐπιστολή
1217 3950 1436 4003 ἐπαινεῖ.
1478 3946 1677 4005 Ἐπειδὴ
1706 3946 1761 4002 δέ

194 4039 330 4094 πολλὰ
355 4052 442 4103 τῆς
467 4044 894 4117 μνημονευθείσης
918 4042 1188 4102 ἐπιστολῆς
1216 4049 1307 4102 τῆς
1343 4041 1475 4117 πρὸς
1493 4042 1653 4115 Μάριν
1674 4041 1761 4095 τόν

193 4129 412 4204 αἱρετικὸν
444 4137 800 4210 γεγραμμένης
832 4133 1260 4208 παραλελοίπατε,
1305 4136 1387 4190 καί
1413 4134 1499 4188 οὑκ
1544 4131 1759 4203 ἐτολμή-

195 4241 295 4278 σατε
319 4234 485 4284 ταῦτα
520 4235 640 4289 τοῖς
675 4229 937 4306 ὑμετέροις
987 4227 1271 4300 κεφαλαίοις
1313 4228 1532 4288 ἐνθεῖναι,
1577 4227 1663 4280 ἵνα
1692 4230 1762 4296 μὴ

195 4325 265 4377 καί
284 4325 334 4380 ἐκ
357 4328 554 4385 τούτων
576 4331 666 4386 τήν
694 4328 743 4392 ἐξ
770 4327 911 4398 ὑμῶν
935 4324 1282 4396 έκδικουμένην
1317 4325 1555 4380 ἀσέϐειαν
1583 4323 1610 4377 ὁ
1636 4322 1762 4397 παρ’

196 4411 298 4483 ὑμῖν
319 4426 412 4473 τῶν
436 4426 753 4496 Χριστιανῶν
789 4420 923 4490 μάθῃ
960 4419 1098 4486 λαὸς,
1150 4420 1423 4487 ἀναγκαῖον
1462 4417 1764 4486 ἐνομίσαμεν

197 4498 297 4560 εἶναι
317 4512 393 4563 κιί
416 4517 593 4568 ταῦτα
621 4508 705 4566 διὰ
734 4511 981 4585 βραχέων
1005 4516 1312 4584 φανερῶσαι.
1345 4507 1644 4583 Περιέχεται
1663 4500 1765 4579 γάρ

197 4604 285 4658 τοῖς
303 4602 418 4678 παρ’
446 4605 597 4674 ὑμῶν
634 4603 1113 4679 παραλελειμμένοις
1160 4602 1356 4675 ῥήμασι
1405 4608 1495 4659 τῆς
1545 4599 1767 4661 ἀσεϐοῦς

196 4688 458 4760 ἐπιστολῆς,
480 4715 497 4748 ε
529 4694 614 4752 ὅτι
643 4696 887 4771 Κὺριλλος
909 4697 1002 4756 τάς
1025 4697 1180 4756 ἀκοὰς
1199 4691 1405 4748 πάντων
1431 4698 1531 4746 τῶν
1557 4689 1765 4746 ἐπισκό-

196 4799 294 4834 πων
323 4792 412 4840 τῶν
447 4790 498 4843 ἐν
528 4796 597 4863 τῇ
642 4785 746 4843 κατ’
768 4784 976 4857 ³’Ἐφεσον
1023 4782 1222 4855 συνόδῳ
1273 4781 1635 4847 συνελθόντων,
1693 4788 1768 4852 τῷ

199 4876 418 4950 ςαρμάκῳ
457 4888 535 4954 τῷ
569 4883 817 4954 πηροῦντι
861 4879 982 4936 τοὺς
1011 4875 1292 4949 ὀφθαλμοὺς
1321 4879 1420 4929 τῶν
1452 4877 1620 4944 σοφῶν
1645 4893 1768 4927 κατ-

199 4961 353 5036 έσχεν,
383 4967 524 5046 εὗρεν
556 4968 612 5025 δὲ
641 4971 864 5045 ἀφορμήν
890 4971 944 5022 ἐκ
971 4973 1064 5021 τοῦ
1097 4967 1232 5020 κοιτά
1255 4965 1530 5039 Νεστορίου
1558 4963 1764 5035 μίσους,

203 5059 272 5108 καὶ
292 5055 362 5113 ὅτι
387 5061 580 5117 καθεῖλε
605 5070 696 5122 τῆς
725 5062 1002 5118 ἐπισκοπῆς
1027 5059 1292 5132 Νεστόριον
1312 5059 1342 5116 ἡ
1371 5059 1423 5112 έν
1437 5055 1626 5131 Ἐφέσῳ
1647 5057 1768 5111 σὺν-

201 5143 315 5214 οδος,
341 5156 557 5228 κρίσεως
580 5157 663 5207 καί
690 5158 952 5216 ζητήσεως
973 5155 1041 5220 μή
1073 5151 1356 5222 γενομένης.
1373 5168 1389 5198 ι
1413 5151 1506 5204 Καὶ
1531 5149 1690 5203 πάλιν
1720 5148 1769 5200 έν

203 5245 254 5312 τῇ
419 5245 665 5321 ἐπιστολῇ
693 5246 1000 5317 περιέχεται
1019 5258 1033 5270 ·
1067 5259 1086 5292 t
1116 5240 1193 5296 ὅτι
1220 5244 1284 5296 τά
1317 5239 1512 5297 δώδεκα
1536 5239 1770 5311 κεφάλαια

203 5334 258 5388 τεὶ
279 5341 414 5415 ποιρά
441 5338 681 5416 ευρίλλου
706 5341 984 5415 γραφέντα,
1015 5337 1212 5392 ἐναντία
1237 5332 1360 5392 ὄντα
1384 5343 1474 5396 τῆς
1505 5334 1652 5408 ὀρθῆς
1681 5335 1770 5388 πί-

206 5445 365 5498 στεως,
394 5435 683 5511 προέθηκαν
709 5434 755 5488 οί
795 5432 847 5488 ἐν
864 5433 1050 5504 Ἐφέσῳ
1081 5431 1427 5502 συναχθέντες
1464 5432 1732 5485 ἐπίσκοποι
1751 5465 1768 5494 ,

207 5523 273 5573 καί
296 5525 625 5596 ἐϐεϐαίωσαν,
677 5529 765 5582 καί
804 5533 1092 5602 συνῄνεσαν
1121 5525 1318 5589 αὑτοῖς,
1355 5525 1422 5583 ὡς
1448 5530 1508 5597 τῇ
1539 5521 1659 5596 ὀρθῇ
1683 5521 1769 5574 πί·

206 5629 300 5670 πει
317 5619 638 5695 συνᾴδουσιν·
691 5624 778 5676 καί
809 5619 886 5677 ὅτι
935 5620 1208 5698 Νεστόριος
1245 5616 1416 5676 ἐπειδή
1457 5619 1679 5688 ἐμισεῖτο
1718 5618 1768 5670 ἐν

205 5719 260 5783 τῇ
283 5713 377 5790 ἰδίᾳ
403 5717 566 5781 πόλει,
597 5722 682 5774 καί
711 5719 852 5795 παρά
877 5724 975 5772 τῶν
995 5719 1212 5793 πρώτων
1237 5717 1411 5778 αὑτῆς,
1443 5711 1768 5787 ὑποστρέψαι

207 5800 297 5860 διιεῖ
316 5813 401 5863 οὑκ
421 5809 659 5872 ἠδυνήθη.
693 5832 712 5864 ι
747 5815 834 5865 Καὶ
865 5809 948 5865 διὰ
972 5812 1174 5866 πάντων
1202 5808 1228 5864 ὁ
1257 5807 1458 5884 γράψας
1491 5812 1583 5866 τήν
1609 5807 1768 5864 αὑτήν

1792 3502 1913 3544 esse
1939 3487 2214 3544 refertam.

1785 3583 1832 3646 ο
1931 3578 2002 3633 Et
2029 3579 2146 3635 haec
2174 3580 2396 3650 quidem
2438 3580 2621 3638 omnia
2661 3582 3036 3654 respondimus
3065 3583 3133 3638 ad
3160 3599 3226 3640 ea
3255 3598 3376 3656 quas
3399 3583 3458 3641 in

1861 3680 2043 3728 vestro
2069 3673 2432 3743 capitulorum
2471 3672 2610 3730 libro
2648 3675 3097 3744 continebantur,
3127 3676 3323 3746 quibus
3354 3676 3458 3732 im-

1862 3763 2006 3835 piam
2035 3764 2313 3835 prtefatam
2342 3766 2624 3835 epistolam
2654 3767 2930 3823 vindicare
2957 3767 3272 3823 nitebamini
3293 3807 3307 3834 ,
3335 3782 3462 3838 pra-

1861 3871 2065 3926 vasque
2113 3865 2402 3926 propterea
2453 3856 2725 3914 Theodori
2771 3857 3110 3927 Nestoriique
3159 3859 3462 3914 instaurare

1864 3947 2182 4014 sententias,
2215 3962 2443 4017 quorum
2473 3947 2690 4018 praefata
2729 3947 2956 4017 epistola
2985 3946 3331 4003 commendat
3357 3946 3458 3999 im-

1865 4037 2139 4108 pietatem.
2185 4038 2451 4105 Quoniam
2483 4055 2613 4094 vero
2650 4040 2918 4110 permulta
2946 4039 3000 4092 in
3029 4043 3330 4094 memorata
3357 4037 3459 4090 int-

1865 4129 1952 4200 pia
1976 4129 2203 4200 epistola
2225 4130 2294 4184 ad
2314 4129 2505 4184 Marim
2535 4130 2848 4184 haereticum
2877 4127 3079 4198 scripta
3107 4126 3459 4197 prteteriistis,

1865 4236 2040 4291 neque
2061 4222 2178 4276 ausi
2199 4222 2332 4276 estis
2351 4236 2412 4276 ea
2439 4221 2633 4275 vestris
2661 4218 2926 4290 capitibus
2945 4217 3206 4285 inserere,
3227 4231 3297 4274 ne
3323 4217 3463 4272 forte

1865 4327 1932 4368 ex
1960 4312 2026 4368 iis
2046 4312 2210 4366 etiam
2237 4310 2576 4366 Christianus
2596 4309 2843 4381 populus,
2867 4317 3070 4379 quanta
3099 4325 3130 4365 a
3157 4311 3312 4369 vobis
3336 4326 3464 4386 pro-

1867 4411 2200 4474 pugnaretur
2243 4401 2493 4474 impietas
2535 4399 2894 4470 intelligeret,
2934 4402 3298 4458 necessarium
3343 4418 3465 4459 esse

1863 4502 2224 4573 judicavimus
2246 4539 2261 4565 ,
2314 4501 2432 4556 haec
2467 4514 2683 4571 quoque
2719 4500 2906 4570 paucis
2952 4501 3260 4558 ostendere.
3312 4502 3371 4558 ln
3399 4516 3464 4558 ea

1867 4596 2014 4652 enim
2042 4594 2286 4664 epistola:
2323 4600 2479 4665 parte
2501 4633 2518 4660 ,
2566 4608 2686 4664 qua:
2734 4592 3093 4664 praatermissa
3119 4608 3153 4648 a
3182 4593 3332 4650 vobis
3355 4602 3466 4664 est,

1867 4685 2098 4741 habetur
2125 4695 2150 4721 ιι
2183 4702 2196 4738 :
2232 4704 2251 4737 ε
2279 4683 2538 4758 Cyrillum
2562 4699 2722 4741 aures
2744 4684 2984 4741 omnium
3007 4685 3389 4758 episcoporum
3410 4685 3514 4743 itr.

1868 4776 2142 4848 Ephesum
2171 4777 2605 4834 convenientium
2639 4790 2852 4833 veneno
2887 4777 3185 4834 obczecanti
3221 4777 3466 4835 omnium

1870 4869 2059 4926 oculos
2088 4869 2385 4926 obtinuisse
2427 4869 2786 4940 sapientium;
2839 4869 3110 4926 invenisse
3136 4879 3320 4927 autem
3348 4885 3466 4926 mo-

1795 4973 1849 5034 D
1872 4966 2001 5024 dum
2028 4981 2098 5023 ex
2119 4966 2244 5022 odio
2268 4966 2322 5020 in
2347 4963 2652 5021 Nestorium
2680 4973 3058 5036 przeconcepto
3087 4982 3100 5018 :
3131 4971 3298 5034 atque
3320 4961 3466 5018 nulla

1870 5065 2116 5120 instituta
2144 5062 2515 5132 disquisitione
2539 5072 2594 5118 et
2618 5061 2819 5132 judicio
2841 5061 3148 5117 Nestorium
3177 5060 3246 5115 ab
3274 5057 3465 5114 eadem

1873 5153 2145 5225 Ephesina
2191 5152 2399 5226 synodo
2466 5154 2600 5210 sede
2671 5169 2767 5211 sua
2823 5153 2984 5211 fuisse
3033 5153 3398 5209 deturbatum.
3437 5168 3458 5202 ι

1874 5244 2084 5301 Pariter
2112 5246 2166 5300 in
2209 5246 2402 5301 eadem
2448 5244 2676 5316 epistola
2723 5245 2997 5303 habetur:
3033 5263 3052 5297 ε
3079 5240 3374 5298 Duodecim
3400 5255 3469 5300 ea

1876 5337 2112 5410 capitula
2148 5337 2216 5392 ab
2248 5336 2448 5409 Cyrillo
2476 5336 2798 5407 conscripta,
2833 5349 3138 5406 quanquam
3164 5347 3288 5388 cum
3316 5341 3467 5390 recta

1878 5431 1983 5486 fide
2009 5439 2328 5501 pugnarent,
2354 5429 2423 5485 ab
2451 5427 2733 5500 Ephesina:
2759 5428 2949 5500 synodi
2978 5425 3241 5498 episcopis
3262 5442 3466 5498 propo-

1876 5523 1978 5577 sita
2031 5519 2194 5576 fuisse
2241 5528 2404 5592 atque
2450 5518 2766 5576 conﬁrmata
2792 5559 2806 5585 ,
2841 5517 3051 5587 illisque
3080 5531 3174 5573 eos
3211 5524 3467 5588 tanquam

1875 5629 2020 5669 verte
2062 5612 2182 5667 tidei
2213 5611 2636 5667 consonantibus
2674 5609 3045 5675 consensisse;
3086 5619 3247 5679 atque
3275 5608 3467 5666 Nesto-

1877 5707 2036 5772 rium,
2058 5714 2348 5776 propterea
2370 5702 2516 5774 quod
2543 5702 2668 5758 odio
2693 5701 2984 5757 haberetur
3010 5701 3078 5757 ab
3098 5701 3318 5759 civitate
3345 5719 3460 5769 sua,

1876 5798 2249 5870 primariisque
2279 5795 2488 5850 civibus
2516 5793 2632 5862 ejus
2657 5833 2672 5859 ,
2715 5792 2841 5848 illuc
2867 5793 3086 5851 minime
3115 5795 3353 5866 potuisse
3378 5808 3466 5849 re-

207 5896 354 5962 ἀσεϐἦ
389 5906 682 5969 ἐπιστολὴν,
723 5906 782 5958 οὑ
812 5901 959 5974 μόνον
996 5904 1116 5961 τοὺς
1151 5901 1432 5976 αἱρετικῶς
1474 5895 1662 5952 έκδεκεῖ
1690 5917 1757 5951 και

1879 5891 2038 5949 verti.
2078 5907 2097 5942 ι
2135 5891 2312 5960 Atque
2339 5888 2446 5943 hoc
2470 5885 2633 5943 modo
2659 5885 2866 5943 nefarie
2891 5885 3034 5946 illius
3060 5887 3301 5961 epistolae
3327 5886 3464 5943 scri-

272 5999 294 6026 α
329 5991 520 6052 Exstat
547 5997 602 6058 in
638 5996 773 6053 actis
813 6007 972 6051 conc.
1012 5993 1420 6064 Constantinop.
1459 6005 1518 6061 ιι,
1549 5987 1687 6050 Coll.
1717 5983 1770 6058 5.

1810 5983 1975 6060 apud.
2007 5983 2172 6040 Labb.

2396 6019 2405 6032 ε
2453 6040 2461 6049 .
2489 6013 2516 6036 ll
2591 6019 2606 6040 ς
