  <div class='ocr_page' id='page_1' title='image "/cluster/home/n/w/nwhite01/storage/ocr_20150623/69/hvd.32044015469349/163.png"; bbox 0 0 3988 6346; ppageno 0'>
   <div class='ocr_carea' id='block_1_1' title="bbox 496 332 593 391">
    <p class='ocr_par' dir='ltr' id='par_1_1' title="bbox 496 332 593 391">
     <span class='ocr_line' id='line_1_1' title="bbox 496 332 593 391; baseline -0.031 0"><span class='ocrx_word' id='word_1_1' title='bbox 496 332 593 391; x_wconf 71' lang='lat' dir='ltr'><strong>3H</strong></span> 
     </span>
    </p>
   </div>
   <div class='ocr_carea' id='block_1_2' title="bbox 1876 328 2405 390">
    <p class='ocr_par' dir='ltr' id='par_1_2' title="bbox 1876 328 2405 390">
     <span class='ocr_line' id='line_1_2' title="bbox 1876 328 2405 390; baseline -0.011 0"><span class='ocrx_word' id='word_1_2' title='bbox 1876 331 2078 390; x_wconf 83' lang='lat' dir='ltr'><strong>VlGlLl</strong></span> <span class='ocrx_word' id='word_1_3' title='bbox 2087 330 2168 390; x_wconf 89' lang='lat' dir='ltr'><strong>US</strong></span> <span class='ocrx_word' id='word_1_4' title='bbox 2204 328 2405 387; x_wconf 82' lang='lat' dir='ltr'><strong>PAPA.</strong></span> 
     </span>
    </p>
   </div>
   <div class='ocr_carea' id='block_1_3' title="bbox 3661 327 3762 385">
    <p class='ocr_par' dir='ltr' id='par_1_3' title="bbox 3661 327 3762 385">
     <span class='ocr_line' id='line_1_3' title="bbox 3661 327 3762 385; baseline 0.02 -2"><span class='ocrx_word' id='word_1_5' title='bbox 3661 327 3762 385; x_wconf 72' lang='grc' dir='ltr'><strong>5ίὶ</strong></span> 
     </span>
    </p>
   </div>
   <div class='ocr_carea' id='block_1_4' title="bbox 492 436 2078 526">
    <p class='ocr_par' dir='ltr' id='par_1_4' title="bbox 492 444 2078 526">
     <span class='ocr_line' id='line_1_4' title="bbox 492 444 2078 526; baseline -0.004 -18"><span class='ocrx_word' id='word_1_6' title='bbox 492 456 563 512; x_wconf 76' lang='grc' dir='ltr'><strong>τὰ</strong></span> <span class='ocrx_word' id='word_1_7' title='bbox 589 452 711 526; x_wconf 76' lang='grc' dir='ltr'>ἅγια</span> <span class='ocrx_word' id='word_1_8' title='bbox 733 448 996 524; x_wconf 77' lang='grc' dir='ltr'>ευαγγέλεα</span> <span class='ocrx_word' id='word_1_9' title='bbox 1015 485 1032 514; x_wconf 90' lang='grc'><strong>,</strong></span> <span class='ocrx_word' id='word_1_10' title='bbox 1061 444 1178 504; x_wconf 72' lang='grc' dir='ltr'>οὔτε</span> <span class='ocrx_word' id='word_1_11' title='bbox 1222 446 1249 505; x_wconf 88' lang='grc' dir='ltr'><strong>ό</strong></span> <span class='ocrx_word' id='word_1_12' title='bbox 1283 446 1605 517; x_wconf 79' lang='grc' dir='ltr'>ἀπόστολος,</span> <span class='ocrx_word' id='word_1_13' title='bbox 1656 446 1772 504; x_wconf 77' lang='grc' dir='ltr'>οὔτε</span> <span class='ocrx_word' id='word_1_14' title='bbox 1816 447 1871 504; x_wconf 91' lang='grc' dir='ltr'><strong>αί</strong></span> <span class='ocrx_word' id='word_1_15' title='bbox 1908 448 2078 504; x_wconf 86' lang='grc' dir='ltr'>λοιπαί</span> 
     </span>
    </p>
   </div>
   <div class='ocr_carea' id='block_1_5' title="bbox 2183 436 3763 526">
    <p class='ocr_par' dir='ltr' id='par_1_5' title="bbox 2183 436 3763 514">
     <span class='ocr_line' id='line_1_5' title="bbox 2183 436 3763 514; baseline -0.001 -14"><span class='ocrx_word' id='word_1_16' title='bbox 2183 451 2394 501; x_wconf 84' lang='lat' dir='ltr'><strong>morata</strong></span> <span class='ocrx_word' id='word_1_17' title='bbox 2420 441 2597 514; x_wconf 78' lang='lat' dir='ltr'><strong>capita</strong></span> <span class='ocrx_word' id='word_1_18' title='bbox 2644 438 3046 514; x_wconf 71' lang='lat' dir='ltr'><strong>oppugnabant.</strong></span> <span class='ocrx_word' id='word_1_19' title='bbox 3094 438 3164 496; x_wconf 89' lang='lat' dir='ltr'><strong>Ut</strong></span> <span class='ocrx_word' id='word_1_20' title='bbox 3192 438 3335 496; x_wconf 89' lang='lat' dir='ltr'><strong>enim</strong></span> <span class='ocrx_word' id='word_1_21' title='bbox 3362 451 3459 494; x_wconf 87' lang='lat' dir='ltr'><strong>vos</strong></span> <span class='ocrx_word' id='word_1_22' title='bbox 3487 436 3592 511; x_wconf 85' lang='lat' dir='ltr'><strong>ipsi</strong></span> <span class='ocrx_word' id='word_1_23' title='bbox 3634 436 3763 498; x_wconf 85' lang='lat' dir='ltr'><strong>fate-</strong></span> 
     </span>
    </p>
   </div>
   <div class='ocr_carea' id='block_1_6' title="bbox 493 538 2084 620">
    <p class='ocr_par' dir='ltr' id='par_1_6' title="bbox 493 538 2084 620">
     <span class='ocr_line' id='line_1_6' title="bbox 493 538 2084 620; baseline -0.005 -18"><span class='ocrx_word' id='word_1_24' title='bbox 493 550 619 602; x_wconf 87' lang='grc' dir='ltr'>θεῖαι</span> <span class='ocrx_word' id='word_1_25' title='bbox 636 544 825 620; x_wconf 83' lang='grc' dir='ltr'>γραφαὶ</span> <span class='ocrx_word' id='word_1_26' title='bbox 848 539 1023 597; x_wconf 88' lang='grc' dir='ltr'>δεκταί</span> <span class='ocrx_word' id='word_1_27' title='bbox 1043 543 1193 605; x_wconf 78' lang='grc' dir='ltr'>εἰσιν,</span> <span class='ocrx_word' id='word_1_28' title='bbox 1220 544 1265 596; x_wconf 83' lang='grc' dir='ltr'><strong>εί</strong></span> <span class='ocrx_word' id='word_1_29' title='bbox 1284 546 1355 613; x_wconf 74' lang='grc' dir='ltr'>μή</span> <span class='ocrx_word' id='word_1_30' title='bbox 1378 540 1458 598; x_wconf 83' lang='grc' dir='ltr'>ὅτι</span> <span class='ocrx_word' id='word_1_31' title='bbox 1480 542 1523 598; x_wconf 87' lang='grc' dir='ltr'><strong>οί</strong></span> <span class='ocrx_word' id='word_1_32' title='bbox 1548 540 1686 614; x_wconf 79' lang='grc' dir='ltr'>ἅγιοι</span> <span class='ocrx_word' id='word_1_33' title='bbox 1709 542 1929 618; x_wconf 84' lang='grc' dir='ltr'>πατέρες</span> <span class='ocrx_word' id='word_1_34' title='bbox 1951 538 2084 598; x_wconf 86' lang='grc' dir='ltr'>ταύ-</span> 
     </span>
    </p>
   </div>
   <div class='ocr_carea' id='block_1_7' title="bbox 489 632 2083 717">
    <p class='ocr_par' dir='ltr' id='par_1_7' title="bbox 489 632 2083 717">
     <span class='ocr_line' id='line_1_7' title="bbox 489 632 2083 717; baseline -0.004 -22"><span class='ocrx_word' id='word_1_35' title='bbox 489 660 587 700; x_wconf 85' lang='grc' dir='ltr'><strong>τας</strong></span> <span class='ocrx_word' id='word_1_36' title='bbox 610 640 947 717; x_wconf 70' lang='grc' dir='ltr'>ἡρμήνευσαν.</span> <span class='ocrx_word' id='word_1_37' title='bbox 977 634 1242 710; x_wconf 81' lang='grc' dir='ltr'>Ἐρυθριᾷν</span> <span class='ocrx_word' id='word_1_38' title='bbox 1275 632 1329 689; x_wconf 81' lang='grc' dir='ltr'><strong>δέ</strong></span> <span class='ocrx_word' id='word_1_39' title='bbox 1369 634 1583 707; x_wconf 74' lang='grc' dir='ltr'><strong>ὀφείλετε</strong></span> <span class='ocrx_word' id='word_1_40' title='bbox 1610 635 1875 710; x_wconf 84' lang='grc' dir='ltr'>λέγοντες,</span> <span class='ocrx_word' id='word_1_41' title='bbox 1916 633 1997 690; x_wconf 85' lang='grc' dir='ltr'>ὄτι</span> <span class='ocrx_word' id='word_1_42' title='bbox 2036 634 2083 689; x_wconf 81' lang='grc' dir='ltr'>οἱ</span> 
     </span>
    </p>
   </div>
   <div class='ocr_carea' id='block_1_8' title="bbox 489 725 2084 803">
    <p class='ocr_par' dir='ltr' id='par_1_8' title="bbox 489 725 2084 803">
     <span class='ocr_line' id='line_1_8' title="bbox 489 725 2084 803; baseline -0.003 -17"><span class='ocrx_word' id='word_1_43' title='bbox 489 729 771 786; x_wconf 75' lang='grc' dir='ltr'>ἀνατολικοί</span> <span class='ocrx_word' id='word_1_44' title='bbox 788 729 833 784; x_wconf 75' lang='grc' dir='ltr'>οἱ</span> <span class='ocrx_word' id='word_1_45' title='bbox 857 726 1126 803; x_wconf 83' lang='grc' dir='ltr'>Νεστόριον</span> <span class='ocrx_word' id='word_1_46' title='bbox 1154 726 1463 788; x_wconf 77' lang='grc' dir='ltr'><strong>ἐκδικοῦντες</strong></span> <span class='ocrx_word' id='word_1_47' title='bbox 1490 725 1718 793; x_wconf 74' lang='grc' dir='ltr'>ἐδέξαντο</span> <span class='ocrx_word' id='word_1_48' title='bbox 1736 727 1821 785; x_wconf 81' lang='grc' dir='ltr'><strong>τὸν</strong></span> <span class='ocrx_word' id='word_1_49' title='bbox 1849 729 1901 783; x_wconf 82' lang='grc' dir='ltr'><strong>έν</strong></span> <span class='ocrx_word' id='word_1_50' title='bbox 1919 725 2084 799; x_wconf 85' lang='grc' dir='ltr'>ἁγίοις</span> 
     </span>
    </p>
   </div>
   <div class='ocr_carea' id='block_1_9' title="bbox 490 818 2082 901">
    <p class='ocr_par' dir='ltr' id='par_1_9' title="bbox 490 818 2082 901">
     <span class='ocr_line' id='line_1_9' title="bbox 490 818 2082 901; baseline -0.003 -22"><span class='ocrx_word' id='word_1_51' title='bbox 490 824 730 901; x_wconf 69' lang='grc' dir='ltr'>κύριλλον</span> <span class='ocrx_word' id='word_1_52' title='bbox 756 824 825 880; x_wconf 88' lang='grc' dir='ltr'><strong>τά</strong></span> <span class='ocrx_word' id='word_1_53' title='bbox 840 818 950 878; x_wconf 76' lang='grc' dir='ltr'>ἴδια</span> <span class='ocrx_word' id='word_1_54' title='bbox 978 819 1221 895; x_wconf 72' lang='grc' dir='ltr'>κεφάλαια</span> <span class='ocrx_word' id='word_1_55' title='bbox 1245 820 1608 896; x_wconf 79' lang='grc' dir='ltr'>ἓρμηνεύοντα.</span> <span class='ocrx_word' id='word_1_56' title='bbox 1634 820 1716 876; x_wconf 77' lang='grc' dir='ltr'>Ἐκ</span> <span class='ocrx_word' id='word_1_57' title='bbox 1735 826 1824 878; x_wconf 84' lang='grc' dir='ltr'>τοῦ</span> <span class='ocrx_word' id='word_1_58' title='bbox 1851 822 2082 878; x_wconf 81' lang='grc' dir='ltr'>έναντίου</span> 
     </span>
    </p>
   </div>
   <div class='ocr_carea' id='block_1_10' title="bbox 490 911 2081 991">
    <p class='ocr_par' dir='ltr' id='par_1_10' title="bbox 490 911 2081 991">
     <span class='ocr_line' id='line_1_10' title="bbox 490 911 2081 991; baseline -0.002 -21"><span class='ocrx_word' id='word_1_59' title='bbox 490 917 589 991; x_wconf 84' lang='grc' dir='ltr'>γὰρ</span> <span class='ocrx_word' id='word_1_60' title='bbox 620 919 651 976; x_wconf 75' lang='grc' dir='ltr'>ἡ</span> <span class='ocrx_word' id='word_1_61' title='bbox 699 916 1010 973; x_wconf 82' lang='grc' dir='ltr'>ἀποστολική</span> <span class='ocrx_word' id='word_1_62' title='bbox 1047 912 1263 988; x_wconf 80' lang='grc' dir='ltr'><strong>καθέδρα</strong></span> <span class='ocrx_word' id='word_1_63' title='bbox 1306 916 1526 985; x_wconf 80' lang='grc' dir='ltr'>Ῥώμης,</span> <span class='ocrx_word' id='word_1_64' title='bbox 1572 916 1660 969; x_wconf 77' lang='grc' dir='ltr'><strong>καί</strong></span> <span class='ocrx_word' id='word_1_65' title='bbox 1697 911 1933 991; x_wconf 68' lang='grc' dir='ltr'>κύριλλος</span> <span class='ocrx_word' id='word_1_66' title='bbox 1977 912 2081 969; x_wconf 85' lang='grc' dir='ltr'><strong>όέν</strong></span> 
     </span>
    </p>
   </div>
   <div class='ocr_carea' id='block_1_11' title="bbox 489 1003 2082 1083">
    <p class='ocr_par' dir='ltr' id='par_1_11' title="bbox 489 1003 2082 1083">
     <span class='ocr_line' id='line_1_11' title="bbox 489 1003 2082 1083; baseline -0.002 -20"><span class='ocrx_word' id='word_1_67' title='bbox 489 1008 657 1083; x_wconf 85' lang='grc' dir='ltr'>ἁγίοις</span> <span class='ocrx_word' id='word_1_68' title='bbox 676 1009 797 1067; x_wconf 88' lang='grc' dir='ltr'>τούς</span> <span class='ocrx_word' id='word_1_69' title='bbox 817 1006 1138 1066; x_wconf 85' lang='grc' dir='ltr'>ἀνατολικούς</span> <span class='ocrx_word' id='word_1_70' title='bbox 1160 1005 1469 1067; x_wconf 80' lang='grc' dir='ltr'><strong>ἐπισκόπους</strong></span> <span class='ocrx_word' id='word_1_71' title='bbox 1489 1004 1879 1081; x_wconf 71' lang='grc' dir='ltr'>κατακρίναντας</span> <span class='ocrx_word' id='word_1_72' title='bbox 1896 1003 2082 1060; x_wconf 73' lang='grc' dir='ltr'>Νεστό-</span> 
     </span>
    </p>
   </div>
   <div class='ocr_carea' id='block_1_12' title="bbox 491 1095 2083 1178">
    <p class='ocr_par' dir='ltr' id='par_1_12' title="bbox 491 1095 2083 1178">
     <span class='ocr_line' id='line_1_12' title="bbox 491 1095 2083 1178; baseline -0.001 -25"><span class='ocrx_word' id='word_1_73' title='bbox 491 1122 620 1178; x_wconf 81' lang='grc' dir='ltr'>ριον,</span> <span class='ocrx_word' id='word_1_74' title='bbox 660 1102 747 1154; x_wconf 85' lang='grc' dir='ltr'>καὶ</span> <span class='ocrx_word' id='word_1_75' title='bbox 771 1104 860 1157; x_wconf 70' lang='grc' dir='ltr'>τήν</span> <span class='ocrx_word' id='word_1_76' title='bbox 888 1099 1042 1153; x_wconf 79' lang='grc' dir='ltr'>αὐτοῦ</span> <span class='ocrx_word' id='word_1_77' title='bbox 1073 1098 1339 1163; x_wconf 81' lang='grc' dir='ltr'>ἀσέϐειαν,</span> <span class='ocrx_word' id='word_1_78' title='bbox 1373 1099 1445 1159; x_wconf 86' lang='grc' dir='ltr'>εἰς</span> <span class='ocrx_word' id='word_1_79' title='bbox 1473 1101 1727 1153; x_wconf 80' lang='grc' dir='ltr'>κοινωνίαν</span> <span class='ocrx_word' id='word_1_80' title='bbox 1753 1095 1982 1162; x_wconf 77' lang='grc' dir='ltr'>ἑδέξαντο</span> <span class='ocrx_word' id='word_1_81' title='bbox 2012 1100 2083 1159; x_wconf 87' lang='grc' dir='ltr'>ὡς</span> 
     </span>
    </p>
   </div>
   <div class='ocr_carea' id='block_1_13' title="bbox 491 1188 2083 1266">
    <p class='ocr_par' dir='ltr' id='par_1_13' title="bbox 491 1188 2083 1266">
     <span class='ocr_line' id='line_1_13' title="bbox 491 1188 2083 1266; baseline 0 -18"><span class='ocrx_word' id='word_1_82' title='bbox 491 1198 575 1248; x_wconf 78' lang='grc' dir='ltr'><strong>καί</strong></span> <span class='ocrx_word' id='word_1_83' title='bbox 602 1193 627 1249; x_wconf 90' lang='grc' dir='ltr'><strong>ό</strong></span> <span class='ocrx_word' id='word_1_84' title='bbox 652 1195 701 1247; x_wconf 84' lang='grc' dir='ltr'>ἐν</span> <span class='ocrx_word' id='word_1_85' title='bbox 740 1191 897 1265; x_wconf 88' lang='grc' dir='ltr'>ἁγίοις</span> <span class='ocrx_word' id='word_1_86' title='bbox 928 1191 1105 1250; x_wconf 81' lang='grc' dir='ltr'>πάποις</span> <span class='ocrx_word' id='word_1_87' title='bbox 1131 1191 1320 1260; x_wconf 72' lang='grc' dir='ltr'>Ῥώμης</span> <span class='ocrx_word' id='word_1_88' title='bbox 1360 1190 1561 1251; x_wconf 84' lang='grc' dir='ltr'>Ξύστος</span> <span class='ocrx_word' id='word_1_89' title='bbox 1587 1188 1795 1266; x_wconf 81' lang='grc' dir='ltr'>γράφων</span> <span class='ocrx_word' id='word_1_90' title='bbox 1830 1191 1963 1261; x_wconf 88' lang='grc' dir='ltr'><strong>μετά</strong></span> <span class='ocrx_word' id='word_1_91' title='bbox 1989 1196 2083 1252; x_wconf 74' lang='grc' dir='ltr'>τῆς</span> 
     </span>
    </p>
   </div>
   <div class='ocr_carea' id='block_1_14' title="bbox 492 1279 2080 1357">
    <p class='ocr_par' dir='ltr' id='par_1_14' title="bbox 492 1279 2080 1357">
     <span class='ocr_line' id='line_1_14' title="bbox 492 1279 2080 1357; baseline 0 -21"><span class='ocrx_word' id='word_1_92' title='bbox 492 1282 625 1345; x_wconf 73' lang='grc' dir='ltr'>ἰδίας</span> <span class='ocrx_word' id='word_1_93' title='bbox 654 1279 873 1338; x_wconf 83' lang='grc' dir='ltr'>συνόδου</span> <span class='ocrx_word' id='word_1_94' title='bbox 901 1280 1029 1357; x_wconf 86' lang='grc' dir='ltr'>πρὸς</span> <span class='ocrx_word' id='word_1_95' title='bbox 1057 1282 1143 1337; x_wconf 85' lang='grc' dir='ltr'>τὸν</span> <span class='ocrx_word' id='word_1_96' title='bbox 1177 1282 1228 1335; x_wconf 78' lang='grc' dir='ltr'>ἐν</span> <span class='ocrx_word' id='word_1_97' title='bbox 1250 1280 1415 1353; x_wconf 77' lang='grc' dir='ltr'><strong>ἁγίοις</strong></span> <span class='ocrx_word' id='word_1_98' title='bbox 1443 1281 1699 1357; x_wconf 74' lang='grc' dir='ltr'>Κύριλλον,</span> <span class='ocrx_word' id='word_1_99' title='bbox 1732 1283 1815 1336; x_wconf 83' lang='grc' dir='ltr'><strong>καί</strong></span> <span class='ocrx_word' id='word_1_100' title='bbox 1840 1282 1961 1341; x_wconf 87' lang='grc' dir='ltr'>τούς</span> <span class='ocrx_word' id='word_1_101' title='bbox 1986 1302 2080 1336; x_wconf 91' lang='grc' dir='ltr'>κα-</span> 
     </span>
    </p>
   </div>
   <div class='ocr_carea' id='block_1_15' title="bbox 491 1372 2082 1448">
    <p class='ocr_par' dir='ltr' id='par_1_15' title="bbox 491 1372 2082 1448">
     <span class='ocr_line' id='line_1_15' title="bbox 491 1372 2082 1448; baseline 0 -20"><span class='ocrx_word' id='word_1_102' title='bbox 491 1374 690 1445; x_wconf 78' lang='grc' dir='ltr'>μάτους</span> <span class='ocrx_word' id='word_1_103' title='bbox 735 1375 952 1429; x_wconf 73' lang='grc' dir='ltr'>ἐπαινῶν</span> <span class='ocrx_word' id='word_1_104' title='bbox 996 1373 1114 1432; x_wconf 89' lang='grc' dir='ltr'>τούς</span> <span class='ocrx_word' id='word_1_105' title='bbox 1160 1374 1316 1427; x_wconf 79' lang='grc' dir='ltr'>αὐτοῦ</span> <span class='ocrx_word' id='word_1_106' title='bbox 1362 1373 1487 1435; x_wconf 87' lang='grc' dir='ltr'>τούς</span> <span class='ocrx_word' id='word_1_107' title='bbox 1531 1373 1663 1448; x_wconf 83' lang='grc' dir='ltr'>ύπέρ</span> <span class='ocrx_word' id='word_1_108' title='bbox 1708 1379 1801 1433; x_wconf 77' lang='grc' dir='ltr'>τῆς</span> <span class='ocrx_word' id='word_1_109' title='bbox 1850 1372 2082 1437; x_wconf 74' lang='grc' dir='ltr'>ένώσεως</span> 
     </span>
    </p>
   </div>
   <div class='ocr_carea' id='block_1_16' title="bbox 488 1460 2082 1543">
    <p class='ocr_par' dir='ltr' id='par_1_16' title="bbox 488 1460 2082 1543">
     <span class='ocr_line' id='line_1_16' title="bbox 488 1460 2082 1543; baseline -0.001 -20"><span class='ocrx_word' id='word_1_110' title='bbox 488 1470 779 1541; x_wconf 85' lang='grc' dir='ltr'>γενομένους</span> <span class='ocrx_word' id='word_1_111' title='bbox 804 1468 990 1539; x_wconf 84' lang='grc' dir='ltr'>μεταξύ</span> <span class='ocrx_word' id='word_1_112' title='bbox 1020 1463 1181 1521; x_wconf 78' lang='grc' dir='ltr'>ἄλλων</span> <span class='ocrx_word' id='word_1_113' title='bbox 1210 1465 1374 1528; x_wconf 84' lang='grc' dir='ltr'>οὕτως</span> <span class='ocrx_word' id='word_1_114' title='bbox 1402 1460 1557 1521; x_wconf 75' lang='grc' dir='ltr'>εἶπεν*</span> <span class='ocrx_word' id='word_1_115' title='bbox 1589 1482 1608 1518; x_wconf 80' lang='grc' dir='ltr'><strong>ι</strong></span> <span class='ocrx_word' id='word_1_116' title='bbox 1626 1464 1924 1525; x_wconf 79' lang='grc' dir='ltr'>Ἐπανῆλθον</span> <span class='ocrx_word' id='word_1_117' title='bbox 1950 1466 2082 1543; x_wconf 85' lang='grc' dir='ltr'>πρὸς</span> 
     </span>
    </p>
   </div>
   <div class='ocr_carea' id='block_1_17' title="bbox 490 1554 2081 1634">
    <p class='ocr_par' dir='ltr' id='par_1_17' title="bbox 490 1554 2081 1634">
     <span class='ocr_line' id='line_1_17' title="bbox 490 1554 2081 1634; baseline 0.001 -22"><span class='ocrx_word' id='word_1_118' title='bbox 490 1561 659 1629; x_wconf 77' lang='grc' dir='ltr'>ἡμᾶς,</span> <span class='ocrx_word' id='word_1_119' title='bbox 702 1559 748 1612; x_wconf 91' lang='grc' dir='ltr'><strong>οί</strong></span> <span class='ocrx_word' id='word_1_120' title='bbox 786 1556 1021 1630; x_wconf 83' lang='grc' dir='ltr'>ἀδελφοί,</span> <span class='ocrx_word' id='word_1_121' title='bbox 1050 1558 1181 1634; x_wconf 86' lang='grc' dir='ltr'>πρὸς</span> <span class='ocrx_word' id='word_1_122' title='bbox 1214 1558 1350 1629; x_wconf 73' lang='grc' dir='ltr'>ἡμᾶς</span> <span class='ocrx_word' id='word_1_123' title='bbox 1376 1579 1523 1630; x_wconf 83' lang='grc' dir='ltr'>φημι,</span> <span class='ocrx_word' id='word_1_124' title='bbox 1547 1554 1609 1611; x_wconf 76' lang='grc' dir='ltr'><strong>ού</strong></span> <span class='ocrx_word' id='word_1_125' title='bbox 1642 1562 1735 1617; x_wconf 79' lang='grc' dir='ltr'>τήν</span> <span class='ocrx_word' id='word_1_126' title='bbox 1763 1557 1912 1613; x_wconf 84' lang='grc' dir='ltr'>νόσον</span> <span class='ocrx_word' id='word_1_127' title='bbox 1943 1565 2081 1633; x_wconf 84' lang='grc' dir='ltr'>κοινῇ</span> 
     </span>
    </p>
   </div>
   <div class='ocr_carea' id='block_1_18' title="bbox 492 1648 2080 1727">
    <p class='ocr_par' dir='ltr' id='par_1_18' title="bbox 492 1648 2080 1727">
     <span class='ocr_line' id='line_1_18' title="bbox 492 1648 2080 1727; baseline -0.002 -21"><span class='ocrx_word' id='word_1_128' title='bbox 492 1650 696 1727; x_wconf 73' lang='grc' dir='ltr'>σπουδῇ</span> <span class='ocrx_word' id='word_1_129' title='bbox 746 1648 1118 1714; x_wconf 76' lang='grc' dir='ltr'>ἀποδιὼξαντες</span> <span class='ocrx_word' id='word_1_130' title='bbox 1179 1656 1273 1711; x_wconf 64' lang='lat' dir='ltr'><strong>Ti:</strong></span> <span class='ocrx_word' id='word_1_131' title='bbox 1321 1657 1424 1706; x_wconf 87' lang='grc' dir='ltr'><strong>τῶν</strong></span> <span class='ocrx_word' id='word_1_132' title='bbox 1476 1649 1667 1721; x_wconf 76' lang='grc' dir='ltr'>ψυχῶν</span> <span class='ocrx_word' id='word_1_133' title='bbox 1720 1650 2080 1726; x_wconf 83' lang='grc' dir='ltr'>έφροντίσαμεν</span> 
     </span>
    </p>
   </div>
   <div class='ocr_carea' id='block_1_19' title="bbox 490 1735 2076 1820">
    <p class='ocr_par' dir='ltr' id='par_1_19' title="bbox 490 1735 2076 1820">
     <span class='ocr_line' id='line_1_19' title="bbox 490 1735 2076 1820; baseline 0.003 -23"><span class='ocrx_word' id='word_1_134' title='bbox 490 1735 781 1819; x_wconf 78' lang='grc' dir='ltr'>θεραπείας.</span> <span class='ocrx_word' id='word_1_135' title='bbox 812 1762 831 1795; x_wconf 75' lang='grc' dir='ltr'><strong>ι</strong></span> <span class='ocrx_word' id='word_1_136' title='bbox 879 1748 964 1799; x_wconf 72' lang='grc' dir='ltr'><strong>Καὶ</strong></span> <span class='ocrx_word' id='word_1_137' title='bbox 991 1745 1169 1800; x_wconf 73' lang='grc' dir='ltr'>πάλινο</span> <span class='ocrx_word' id='word_1_138' title='bbox 1207 1760 1228 1796; x_wconf 79' lang='grc' dir='ltr'><strong>ε</strong></span> <span class='ocrx_word' id='word_1_139' title='bbox 1254 1746 1563 1818; x_wconf 74' lang='grc' dir='ltr'>Εὐφραίνου,</span> <span class='ocrx_word' id='word_1_140' title='bbox 1590 1744 1768 1820; x_wconf 79' lang='grc' dir='ltr'>ἀδελφέ</span> <span class='ocrx_word' id='word_1_141' title='bbox 1811 1746 2076 1819; x_wconf 50' lang='grc' dir='ltr'>ἀγαπητὴ</span> 
     </span>
    </p>
   </div>
   <div class='ocr_carea' id='block_1_20' title="bbox 489 1836 2080 1911">
    <p class='ocr_par' dir='ltr' id='par_1_20' title="bbox 489 1836 2080 1911">
     <span class='ocr_line' id='line_1_20' title="bbox 489 1836 2080 1911; baseline 0.001 -21"><span class='ocrx_word' id='word_1_142' title='bbox 489 1837 733 1910; x_wconf 86' lang='grc' dir='ltr'>καὶπρὸς</span> <span class='ocrx_word' id='word_1_143' title='bbox 769 1838 904 1907; x_wconf 77' lang='grc' dir='ltr'>ἡμᾶς</span> <span class='ocrx_word' id='word_1_144' title='bbox 945 1836 1029 1891; x_wconf 83' lang='grc' dir='ltr'><strong>ἐπὶ</strong></span> <span class='ocrx_word' id='word_1_145' title='bbox 1071 1838 1426 1907; x_wconf 79' lang='grc' dir='ltr'>συναχθέντων</span> <span class='ocrx_word' id='word_1_146' title='bbox 1465 1843 1565 1893; x_wconf 84' lang='grc' dir='ltr'><strong>τῶν</strong></span> <span class='ocrx_word' id='word_1_147' title='bbox 1610 1836 1830 1911; x_wconf 88' lang='grc' dir='ltr'>ἀδελφῶν</span> <span class='ocrx_word' id='word_1_148' title='bbox 1878 1842 2080 1900; x_wconf 74' lang='grc' dir='ltr'>νικητης</span> 
     </span>
    </p>
   </div>
   <div class='ocr_carea' id='block_1_21' title="bbox 488 1922 2083 2002">
    <p class='ocr_par' dir='ltr' id='par_1_21' title="bbox 488 1922 2083 2002">
     <span class='ocr_line' id='line_1_21' title="bbox 488 1922 2083 2002; baseline 0.005 -23"><span class='ocrx_word' id='word_1_149' title='bbox 488 1925 729 1998; x_wconf 87' lang='grc' dir='ltr'>ἀγαλλιῶ.</span> <span class='ocrx_word' id='word_1_150' title='bbox 764 1922 953 1989; x_wconf 81' lang='grc' dir='ltr'>Ἐζήτει</span> <span class='ocrx_word' id='word_1_151' title='bbox 973 1927 1003 1984; x_wconf 76' lang='grc' dir='ltr'>ἡ</span> <span class='ocrx_word' id='word_1_152' title='bbox 1032 1925 1262 1987; x_wconf 72' lang='grc' dir='ltr'>ἐκκλησία</span> <span class='ocrx_word' id='word_1_153' title='bbox 1289 1925 1375 1990; x_wconf 75' lang='grc' dir='ltr'>οὓς</span> <span class='ocrx_word' id='word_1_154' title='bbox 1396 1928 1670 1983; x_wconf 76' lang='grc' dir='ltr'>ἀπέλαϐεν.</span> <span class='ocrx_word' id='word_1_155' title='bbox 1698 1931 1754 1981; x_wconf 80' lang='grc' dir='ltr'><strong>Εἰ</strong></span> <span class='ocrx_word' id='word_1_156' title='bbox 1773 1928 1870 2002; x_wconf 77' lang='grc' dir='ltr'>γὰρ</span> <span class='ocrx_word' id='word_1_157' title='bbox 1893 1926 2083 1999; x_wconf 79' lang='grc' dir='ltr'>μηδένα</span> 
     </span>
    </p>
   </div>
   <div class='ocr_carea' id='block_1_22' title="bbox 490 2019 2085 2096">
    <p class='ocr_par' dir='ltr' id='par_1_22' title="bbox 490 2019 2085 2096">
     <span class='ocr_line' id='line_1_22' title="bbox 490 2019 2085 2096; baseline 0.003 -23"><span class='ocrx_word' id='word_1_158' title='bbox 490 2025 591 2073; x_wconf 88' lang='grc' dir='ltr'><strong>τῶν</strong></span> <span class='ocrx_word' id='word_1_159' title='bbox 611 2026 803 2095; x_wconf 78' lang='grc' dir='ltr'>μικρῶν</span> <span class='ocrx_word' id='word_1_160' title='bbox 829 2019 1105 2075; x_wconf 78' lang='grc' dir='ltr'>ἀπολέσθαι</span> <span class='ocrx_word' id='word_1_161' title='bbox 1132 2020 1357 2091; x_wconf 87' lang='grc' dir='ltr'>θέλομεν,</span> <span class='ocrx_word' id='word_1_162' title='bbox 1385 2021 1534 2095; x_wconf 88' lang='grc' dir='ltr'>πόσῳ</span> <span class='ocrx_word' id='word_1_163' title='bbox 1564 2020 1748 2093; x_wconf 83' lang='grc' dir='ltr'>μᾶλλον</span> <span class='ocrx_word' id='word_1_164' title='bbox 1775 2019 1856 2076; x_wconf 84' lang='grc' dir='ltr'>δεῖ</span> <span class='ocrx_word' id='word_1_165' title='bbox 1880 2026 2085 2096; x_wconf 79' lang='grc' dir='ltr'>χαίρειν</span> 
     </span>
    </p>
   </div>
   <div class='ocr_carea' id='block_1_23' title="bbox 491 2112 2083 2189">
    <p class='ocr_par' dir='ltr' id='par_1_23' title="bbox 491 2112 2083 2189">
     <span class='ocr_line' id='line_1_23' title="bbox 491 2112 2083 2189; baseline 0.005 -24"><span class='ocrx_word' id='word_1_166' title='bbox 491 2112 627 2181; x_wconf 73' lang='grc' dir='ltr'>ἡμᾶς</span> <span class='ocrx_word' id='word_1_167' title='bbox 648 2113 736 2167; x_wconf 73' lang='grc' dir='ltr'>ἒπί</span> <span class='ocrx_word' id='word_1_168' title='bbox 761 2120 824 2184; x_wconf 82' lang='grc' dir='ltr'><strong>τῇ</strong></span> <span class='ocrx_word' id='word_1_169' title='bbox 845 2112 1013 2187; x_wconf 83' lang='grc' dir='ltr'>ύγιείᾳ</span> <span class='ocrx_word' id='word_1_170' title='bbox 1036 2118 1135 2167; x_wconf 87' lang='grc' dir='ltr'><strong>τῶν</strong></span> <span class='ocrx_word' id='word_1_171' title='bbox 1161 2115 1477 2186; x_wconf 74' lang='grc' dir='ltr'>ἡγουμένωνς</span> <span class='ocrx_word' id='word_1_172' title='bbox 1509 2113 1796 2189; x_wconf 77' lang='grc' dir='ltr'>’Λνέγνομεν</span> <span class='ocrx_word' id='word_1_173' title='bbox 1821 2113 1945 2186; x_wconf 89' lang='lat' dir='ltr'><strong>[leg.</strong></span> <span class='ocrx_word' id='word_1_174' title='bbox 1979 2117 2083 2173; x_wconf 86' lang='grc' dir='ltr'>ἀνέ-</span> 
     </span>
    </p>
   </div>
   <div class='ocr_carea' id='block_1_24' title="bbox 492 2203 2081 2284">
    <p class='ocr_par' dir='ltr' id='par_1_24' title="bbox 492 2203 2081 2284">
     <span class='ocr_line' id='line_1_24' title="bbox 492 2203 2081 2284; baseline 0.003 -26"><span class='ocrx_word' id='word_1_175' title='bbox 492 2204 705 2276; x_wconf 87' lang='grc' dir='ltr'>γνωμεν]</span> <span class='ocrx_word' id='word_1_176' title='bbox 722 2203 884 2264; x_wconf 86' lang='grc' dir='ltr'>πόσην</span> <span class='ocrx_word' id='word_1_177' title='bbox 909 2206 1081 2279; x_wconf 69' lang='grc' dir='ltr'>χαρὰ)</span> <span class='ocrx_word' id='word_1_178' title='bbox 1097 2208 1367 2284; x_wconf 86' lang='grc' dir='ltr'>παρέσχεν</span> <span class='ocrx_word' id='word_1_179' title='bbox 1383 2206 1432 2261; x_wconf 82' lang='grc' dir='ltr'>ἓν</span> <span class='ocrx_word' id='word_1_180' title='bbox 1455 2204 1714 2284; x_wconf 80' lang='grc' dir='ltr'>πρόϐατον</span> <span class='ocrx_word' id='word_1_181' title='bbox 1729 2209 2081 2279; x_wconf 71' lang='grc' dir='ltr'>ἀνακομισθὲν,</span> 
     </span>
    </p>
   </div>
   <div class='ocr_carea' id='block_1_25' title="bbox 490 2295 2084 2371">
    <p class='ocr_par' dir='ltr' id='par_1_25' title="bbox 490 2295 2084 2371">
     <span class='ocr_line' id='line_1_25' title="bbox 490 2295 2084 2371; baseline 0.005 -23"><span class='ocrx_word' id='word_1_182' title='bbox 490 2296 581 2349; x_wconf 79' lang='grc' dir='ltr'><strong>καί</strong></span> <span class='ocrx_word' id='word_1_183' title='bbox 599 2301 748 2350; x_wconf 82' lang='grc' dir='ltr'>τοῦτο</span> <span class='ocrx_word' id='word_1_184' title='bbox 765 2296 945 2350; x_wconf 72' lang='grc' dir='ltr'>ἐννοεῖν</span> <span class='ocrx_word' id='word_1_185' title='bbox 968 2295 1241 2370; x_wconf 83' lang='grc' dir='ltr'>ὀφείλομεν,</span> <span class='ocrx_word' id='word_1_186' title='bbox 1265 2297 1429 2353; x_wconf 79' lang='grc' dir='ltr'>πόσον</span> <span class='ocrx_word' id='word_1_187' title='bbox 1447 2296 1648 2355; x_wconf 70' lang='grc' dir='ltr'>ἔπαινον</span> <span class='ocrx_word' id='word_1_188' title='bbox 1670 2297 1705 2354; x_wconf 74' lang='grc' dir='ltr'><strong><em>ἒ</em></strong></span> <span class='ocrx_word' id='word_1_189' title='bbox 1698 2320 1788 2371; x_wconf 90' lang='grc' dir='ltr'><strong>χει</strong></span> <span class='ocrx_word' id='word_1_190' title='bbox 1802 2302 2084 2362; x_wconf 82' lang='grc' dir='ltr'>τοσούτους</span> 
     </span>
    </p>
   </div>
   <div class='ocr_carea' id='block_1_26' title="bbox 490 2386 2079 2466">
    <p class='ocr_par' dir='ltr' id='par_1_26' title="bbox 490 2386 2079 2466">
     <span class='ocr_line' id='line_1_26' title="bbox 490 2386 2079 2466; baseline 0.002 -22"><span class='ocrx_word' id='word_1_191' title='bbox 490 2388 738 2458; x_wconf 78' lang='grc' dir='ltr'>ποιμένας</span> <span class='ocrx_word' id='word_1_192' title='bbox 768 2387 1201 2461; x_wconf 81' lang='grc' dir='ltr'>συγκαλέσασθαι.</span> <span class='ocrx_word' id='word_1_193' title='bbox 1224 2386 1301 2445; x_wconf 85' lang='grc' dir='ltr'>Ἐν</span> <span class='ocrx_word' id='word_1_194' title='bbox 1325 2389 1527 2462; x_wconf 78' lang='grc' dir='ltr'>ἑκάστῳ</span> <span class='ocrx_word' id='word_1_195' title='bbox 1551 2392 1725 2465; x_wconf 87' lang='grc' dir='ltr'>ἀγέλαι</span> <span class='ocrx_word' id='word_1_196' title='bbox 1754 2394 2079 2466; x_wconf 81' lang='grc' dir='ltr'>θεωροῦνται,</span> 
     </span>
    </p>
   </div>
   <div class='ocr_carea' id='block_1_27' title="bbox 490 2479 2082 2564">
    <p class='ocr_par' dir='ltr' id='par_1_27' title="bbox 490 2479 2082 2564">
     <span class='ocr_line' id='line_1_27' title="bbox 490 2479 2082 2564; baseline 0.008 -31"><span class='ocrx_word' id='word_1_197' title='bbox 490 2480 601 2550; x_wconf 86' lang='grc' dir='ltr'><strong>ούχ</strong></span> <span class='ocrx_word' id='word_1_198' title='bbox 630 2479 739 2542; x_wconf 76' lang='grc' dir='ltr'>ἑνός</span> <span class='ocrx_word' id='word_1_199' title='bbox 770 2482 984 2539; x_wconf 81' lang='grc' dir='ltr'>ἐνταῦθα</span> <span class='ocrx_word' id='word_1_200' title='bbox 1020 2484 1080 2540; x_wconf 88' lang='grc' dir='ltr'>τὸ</span> <span class='ocrx_word' id='word_1_201' title='bbox 1115 2490 1335 2560; x_wconf 84' lang='grc' dir='ltr'>πρᾶγμα</span> <span class='ocrx_word' id='word_1_202' title='bbox 1366 2490 1612 2550; x_wconf 80' lang='grc' dir='ltr'>ζητεῖται,</span> <span class='ocrx_word' id='word_1_203' title='bbox 1647 2486 1827 2548; x_wconf 80' lang='grc' dir='ltr'>ὁσάκις</span> <span class='ocrx_word' id='word_1_204' title='bbox 1858 2490 2082 2564; x_wconf 83' lang='grc' dir='ltr'>πράττε-</span> 
     </span>
    </p>
   </div>
   <div class='ocr_carea' id='block_1_28' title="bbox 488 2574 2083 2655">
    <p class='ocr_par' dir='ltr' id='par_1_28' title="bbox 488 2574 2083 2655">
     <span class='ocr_line' id='line_1_28' title="bbox 488 2574 2083 2655; baseline 0.005 -30"><span class='ocrx_word' id='word_1_205' title='bbox 488 2592 580 2626; x_wconf 83' lang='grc' dir='ltr'><strong>ται</strong></span> <span class='ocrx_word' id='word_1_206' title='bbox 604 2574 724 2646; x_wconf 77' lang='grc' dir='ltr'>περὶ</span> <span class='ocrx_word' id='word_1_207' title='bbox 749 2581 841 2636; x_wconf 83' lang='grc' dir='ltr'><strong>τῆς</strong></span> <span class='ocrx_word' id='word_1_208' title='bbox 870 2574 1065 2648; x_wconf 79' lang='grc' dir='ltr'>ὑγιείας</span> <span class='ocrx_word' id='word_1_209' title='bbox 1090 2584 1190 2632; x_wconf 85' lang='grc' dir='ltr'><strong>τῶν</strong></span> <span class='ocrx_word' id='word_1_210' title='bbox 1227 2578 1440 2633; x_wconf 81' lang='grc' dir='ltr'>πολλῶν.</span> <span class='ocrx_word' id='word_1_211' title='bbox 1474 2597 1493 2631; x_wconf 73' lang='grc' dir='ltr'><strong>ι</strong></span> <span class='ocrx_word' id='word_1_212' title='bbox 1527 2581 1618 2634; x_wconf 73' lang='grc' dir='ltr'><strong>καί</strong></span> <span class='ocrx_word' id='word_1_213' title='bbox 1641 2579 1815 2635; x_wconf 82' lang='grc' dir='ltr'>πάλιν·</span> <span class='ocrx_word' id='word_1_214' title='bbox 1844 2597 1861 2631; x_wconf 81' lang='grc' dir='ltr'><strong>ι</strong></span> <span class='ocrx_word' id='word_1_215' title='bbox 1889 2582 2083 2655; x_wconf 79' lang='grc' dir='ltr'>Χαίρω-</span> 
     </span>
    </p>
   </div>
   <div class='ocr_carea' id='block_1_29' title="bbox 492 2662 2085 2747">
    <p class='ocr_par' dir='ltr' id='par_1_29' title="bbox 492 2662 2085 2747">
     <span class='ocr_line' id='line_1_29' title="bbox 492 2662 2085 2747; baseline 0.006 -32"><span class='ocrx_word' id='word_1_216' title='bbox 492 2682 587 2731; x_wconf 76' lang='grc' dir='ltr'><strong>μεν</strong></span> <span class='ocrx_word' id='word_1_217' title='bbox 614 2662 700 2718; x_wconf 71' lang='grc' dir='ltr'><strong>ἐπὶ</strong></span> <span class='ocrx_word' id='word_1_218' title='bbox 717 2671 791 2737; x_wconf 85' lang='grc' dir='ltr'><strong>τῷ</strong></span> <span class='ocrx_word' id='word_1_219' title='bbox 814 2665 1077 2721; x_wconf 85' lang='grc' dir='ltr'>καλεῖσθαι</span> <span class='ocrx_word' id='word_1_220' title='bbox 1102 2668 1186 2722; x_wconf 85' lang='grc' dir='ltr'>τὸν</span> <span class='ocrx_word' id='word_1_221' title='bbox 1208 2677 1299 2728; x_wconf 83' lang='grc' dir='ltr'><strong>τῆς</strong></span> <span class='ocrx_word' id='word_1_222' title='bbox 1316 2667 1618 2738; x_wconf 79' lang='grc' dir='ltr'>’Δντιοχέων</span> <span class='ocrx_word' id='word_1_223' title='bbox 1646 2670 1913 2732; x_wconf 79' lang='grc' dir='ltr'>ἐκκλησίας</span> <span class='ocrx_word' id='word_1_224' title='bbox 1941 2670 2085 2747; x_wconf 84' lang='grc' dir='ltr'>ἱερέα</span> 
     </span>
    </p>
   </div>
   <div class='ocr_carea' id='block_1_30' title="bbox 454 2754 2085 2837">
    <p class='ocr_par' dir='ltr' id='par_1_30' title="bbox 454 2754 2085 2837">
     <span class='ocr_line' id='line_1_30' title="bbox 454 2754 2085 2837; baseline 0.004 -28"><span class='ocrx_word' id='word_1_225' title='bbox 454 2754 639 2831; x_wconf 29' lang='grc' dir='ltr'>ιπαρά</span> <span class='ocrx_word' id='word_1_226' title='bbox 664 2762 755 2815; x_wconf 80' lang='grc' dir='ltr'>τῆς</span> <span class='ocrx_word' id='word_1_227' title='bbox 783 2762 878 2815; x_wconf 79' lang='grc' dir='ltr'>σῆς</span> <span class='ocrx_word' id='word_1_228' title='bbox 921 2754 1209 2828; x_wconf 78' lang='grc' dir='ltr'>ἁγιωσύνης</span> <span class='ocrx_word' id='word_1_229' title='bbox 1242 2757 1347 2817; x_wconf 65' lang='grc' dir='ltr'>ἤδη</span> <span class='ocrx_word' id='word_1_230' title='bbox 1381 2766 1469 2813; x_wconf 82' lang='grc' dir='ltr'>νῦν</span> <span class='ocrx_word' id='word_1_231' title='bbox 1509 2760 1880 2816; x_wconf 83' lang='grc' dir='ltr'>εύλαϐέστατον</span> <span class='ocrx_word' id='word_1_232' title='bbox 1921 2756 2085 2837; x_wconf 79' lang='grc' dir='ltr'>ἄνδρα</span> 
     </span>
    </p>
   </div>
   <div class='ocr_carea' id='block_1_31' title="bbox 489 2846 2082 2928">
    <p class='ocr_par' dir='ltr' id='par_1_31' title="bbox 489 2846 2082 2928">
     <span class='ocr_line' id='line_1_31' title="bbox 489 2846 2082 2928; baseline 0.007 -30"><span class='ocrx_word' id='word_1_233' title='bbox 489 2846 575 2898; x_wconf 78' lang='grc' dir='ltr'><strong>καί</strong></span> <span class='ocrx_word' id='word_1_234' title='bbox 596 2847 786 2919; x_wconf 83' lang='grc' dir='ltr'>κύριον⁶</span> <span class='ocrx_word' id='word_1_235' title='bbox 815 2850 903 2903; x_wconf 85' lang='grc' dir='ltr'><strong>καί</strong></span> <span class='ocrx_word' id='word_1_236' title='bbox 928 2848 1136 2911; x_wconf 80' lang='grc' dir='ltr'>εἰκότως</span> <span class='ocrx_word' id='word_1_237' title='bbox 1154 2850 1385 2908; x_wconf 87' lang='grc' dir='ltr'>καλεῖται</span> <span class='ocrx_word' id='word_1_238' title='bbox 1411 2854 1603 2928; x_wconf 90' lang='grc' dir='ltr'>κύριος,</span> <span class='ocrx_word' id='word_1_239' title='bbox 1626 2851 1801 2912; x_wconf 70' lang='grc' dir='ltr'>ἐπειδὴ</span> <span class='ocrx_word' id='word_1_240' title='bbox 1820 2854 1910 2908; x_wconf 86' lang='grc' dir='ltr'><strong>τὸν</strong></span> <span class='ocrx_word' id='word_1_241' title='bbox 1928 2853 2082 2909; x_wconf 86' lang='grc' dir='ltr'>κοινὸν</span> 
     </span>
    </p>
   </div>
   <div class='ocr_carea' id='block_1_32' title="bbox 491 2937 2084 3024">
    <p class='ocr_par' dir='ltr' id='par_1_32' title="bbox 491 2937 2084 3024">
     <span class='ocr_line' id='line_1_32' title="bbox 491 2937 2084 3024; baseline 0.01 -37"><span class='ocrx_word' id='word_1_242' title='bbox 491 2937 665 3011; x_wconf 85' lang='grc' dir='ltr'>κύριον</span> <span class='ocrx_word' id='word_1_243' title='bbox 700 2939 915 3013; x_wconf 81' lang='grc' dir='ltr'>ἐπέγνω,</span> <span class='ocrx_word' id='word_1_244' title='bbox 949 2938 1005 3002; x_wconf 83' lang='grc' dir='ltr'>ὃς</span> <span class='ocrx_word' id='word_1_245' title='bbox 1043 2943 1103 2999; x_wconf 88' lang='grc' dir='ltr'><strong>τό</strong></span> <span class='ocrx_word' id='word_1_246' title='bbox 1144 2951 1237 3004; x_wconf 77' lang='grc' dir='ltr'>τῆς</span> <span class='ocrx_word' id='word_1_247' title='bbox 1272 2948 1583 3024; x_wconf 83' lang='grc' dir='ltr'>σαρκώσεως</span> <span class='ocrx_word' id='word_1_248' title='bbox 1611 2949 1769 3001; x_wconf 76' lang='grc' dir='ltr'>αὑτοῦ</span> <span class='ocrx_word' id='word_1_249' title='bbox 1800 2949 2084 3023; x_wconf 77' lang='grc' dir='ltr'>μυστήριον</span> 
     </span>
    </p>
   </div>
   <div class='ocr_carea' id='block_1_33' title="bbox 490 3030 2082 3113">
    <p class='ocr_par' dir='ltr' id='par_1_33' title="bbox 490 3030 2082 3113">
     <span class='ocr_line' id='line_1_33' title="bbox 490 3030 2082 3113; baseline 0.01 -31"><span class='ocrx_word' id='word_1_250' title='bbox 490 3030 736 3105; x_wconf 82' lang='grc' dir='ltr'>ὀρθοδόξῳ</span> <span class='ocrx_word' id='word_1_251' title='bbox 758 3043 892 3109; x_wconf 82' lang='grc' dir='ltr'>φωνῇ</span> <span class='ocrx_word' id='word_1_252' title='bbox 917 3034 1024 3110; x_wconf 81' lang='grc' dir='ltr'>μεθ’</span> <span class='ocrx_word' id='word_1_253' title='bbox 1048 3039 1189 3107; x_wconf 78' lang='grc' dir='ltr'>ἡμῶν</span> <span class='ocrx_word' id='word_1_254' title='bbox 1212 3037 1500 3113; x_wconf 73' lang='grc' dir='ltr'>ὁμολογεῖ.»</span> <span class='ocrx_word' id='word_1_255' title='bbox 1527 3045 1616 3096; x_wconf 72' lang='grc' dir='ltr'><strong>καί</strong></span> <span class='ocrx_word' id='word_1_256' title='bbox 1636 3042 1803 3097; x_wconf 71' lang='grc' dir='ltr'>πάλιν*</span> <span class='ocrx_word' id='word_1_257' title='bbox 1838 3059 1857 3093; x_wconf 78' lang='grc' dir='ltr'><strong>ι</strong></span> <span class='ocrx_word' id='word_1_258' title='bbox 1890 3045 2082 3098; x_wconf 80' lang='grc' dir='ltr'>Εύκταί</span> 
     </span>
    </p>
   </div>
   <div class='ocr_carea' id='block_1_34' title="bbox 490 3121 2078 3209">
    <p class='ocr_par' dir='ltr' id='par_1_34' title="bbox 490 3121 2078 3209">
     <span class='ocr_line' id='line_1_34' title="bbox 490 3121 2078 3209; baseline 0.009 -35"><span class='ocrx_word' id='word_1_259' title='bbox 490 3123 594 3176; x_wconf 83' lang='grc' dir='ltr'>εἰσι</span> <span class='ocrx_word' id='word_1_260' title='bbox 642 3121 726 3178; x_wconf 87' lang='grc' dir='ltr'><strong>διά</strong></span> <span class='ocrx_word' id='word_1_261' title='bbox 765 3127 958 3188; x_wconf 82' lang='grc' dir='ltr'>παντὸς</span> <span class='ocrx_word' id='word_1_262' title='bbox 1001 3128 1054 3182; x_wconf 87' lang='grc' dir='ltr'><strong>αί</strong></span> <span class='ocrx_word' id='word_1_263' title='bbox 1082 3128 1273 3201; x_wconf 74' lang='grc' dir='ltr'>θλίψεις</span> <span class='ocrx_word' id='word_1_264' title='bbox 1299 3139 1375 3205; x_wconf 85' lang='grc' dir='ltr'>τῷ</span> <span class='ocrx_word' id='word_1_265' title='bbox 1405 3136 1497 3192; x_wconf 75' lang='grc' dir='ltr'>τήν</span> <span class='ocrx_word' id='word_1_266' title='bbox 1531 3135 1708 3188; x_wconf 85' lang='grc' dir='ltr'>πίστιν</span> <span class='ocrx_word' id='word_1_267' title='bbox 1750 3134 2078 3209; x_wconf 84' lang='grc' dir='ltr'>κηρύσσοντι.</span> 
     </span>
    </p>
   </div>
   <div class='ocr_carea' id='block_1_35' title="bbox 489 3218 2154 3327">
    <p class='ocr_par' dir='ltr' id='par_1_35' title="bbox 489 3218 2154 3327">
     <span class='ocr_line' id='line_1_35' title="bbox 489 3218 2154 3327; baseline 0.009 -59"><span class='ocrx_word' id='word_1_268' title='bbox 489 3218 581 3269; x_wconf 68' lang='grc' dir='ltr'><strong>Καὶ</strong></span> <span class='ocrx_word' id='word_1_269' title='bbox 606 3219 707 3323; x_wconf 75' lang='grc' dir='ltr'>γὰρ</span> <span class='ocrx_word' id='word_1_270' title='bbox 752 3222 954 3281; x_wconf 79' lang='grc' dir='ltr'>τούτοις</span> <span class='ocrx_word' id='word_1_271' title='bbox 996 3222 1127 3292; x_wconf 88' lang='grc' dir='ltr'><strong>μετά</strong></span> <span class='ocrx_word' id='word_1_272' title='bbox 1165 3231 1490 3299; x_wconf 84' lang='grc' dir='ltr'>μακαρισμοῦ</span> <span class='ocrx_word' id='word_1_273' title='bbox 1528 3225 1771 3286; x_wconf 90' lang='grc' dir='ltr'>πλούσιος</span> <span class='ocrx_word' id='word_1_274' title='bbox 1810 3228 1991 3297; x_wconf 86' lang='grc' dir='ltr'>μισθὸς</span> <span class='ocrx_word' id='word_1_275' title='bbox 2036 3228 2082 3282; x_wconf 85' lang='grc' dir='ltr'><strong>έν</strong></span> <span class='ocrx_word' id='word_1_276' title='bbox 2106 3264 2154 3327; x_wconf 80' lang='lat' dir='ltr'>c</span> 
     </span>
    </p>
   </div>
   <div class='ocr_carea' id='block_1_36' title="bbox 488 3309 2080 3393">
    <p class='ocr_par' dir='ltr' id='par_1_36' title="bbox 488 3309 2080 3393">
     <span class='ocr_line' id='line_1_36' title="bbox 488 3309 2080 3393; baseline 0.014 -35"><span class='ocrx_word' id='word_1_277' title='bbox 488 3314 604 3365; x_wconf 87' lang='grc' dir='ltr'>τοῖς</span> <span class='ocrx_word' id='word_1_278' title='bbox 650 3309 875 3383; x_wconf 83' lang='grc' dir='ltr'>οὐρανοῖς</span> <span class='ocrx_word' id='word_1_279' title='bbox 922 3313 1258 3385; x_wconf 79' lang='grc' dir='ltr'>ἡτοίμασται,</span> <span class='ocrx_word' id='word_1_280' title='bbox 1308 3312 1383 3376; x_wconf 82' lang='grc' dir='ltr'>οἷς</span> <span class='ocrx_word' id='word_1_281' title='bbox 1428 3316 1561 3393; x_wconf 74' lang='grc' dir='ltr'>ὑπὲρ</span> <span class='ocrx_word' id='word_1_282' title='bbox 1618 3326 1710 3377; x_wconf 79' lang='grc' dir='ltr'><strong>τῆς</strong></span> <span class='ocrx_word' id='word_1_283' title='bbox 1760 3315 2080 3380; x_wconf 72' lang='grc' dir='ltr'>δικαιοσύνης</span> 
     </span>
    </p>
   </div>
   <div class='ocr_carea' id='block_1_37' title="bbox 491 3395 2081 3482">
    <p class='ocr_par' dir='ltr' id='par_1_37' title="bbox 491 3395 2081 3482">
     <span class='ocr_line' id='line_1_37' title="bbox 491 3395 2081 3482; baseline 0.01 -33"><span class='ocrx_word' id='word_1_284' title='bbox 491 3395 696 3471; x_wconf 81' lang='grc' dir='ltr'>ὕϐρεις,</span> <span class='ocrx_word' id='word_1_285' title='bbox 728 3395 1013 3471; x_wconf 79' lang='grc' dir='ltr'>διωγμοὺς,</span> <span class='ocrx_word' id='word_1_286' title='bbox 1050 3406 1137 3457; x_wconf 86' lang='grc' dir='ltr'><strong>καί</strong></span> <span class='ocrx_word' id='word_1_287' title='bbox 1173 3408 1280 3459; x_wconf 82' lang='grc' dir='ltr'>πᾶν</span> <span class='ocrx_word' id='word_1_288' title='bbox 1316 3405 1464 3460; x_wconf 85' lang='grc' dir='ltr'>κακόν</span> <span class='ocrx_word' id='word_1_289' title='bbox 1490 3408 1874 3482; x_wconf 88' lang='grc' dir='ltr'>προστέτακται</span> <span class='ocrx_word' id='word_1_290' title='bbox 1893 3409 2081 3482; x_wconf 85' lang='grc' dir='ltr'>ύπομέ-</span> 
     </span>
    </p>
   </div>
   <div class='ocr_carea' id='block_1_38' title="bbox 489 3485 2079 3575">
    <p class='ocr_par' dir='ltr' id='par_1_38' title="bbox 489 3485 2079 3575">
     <span class='ocr_line' id='line_1_38' title="bbox 489 3485 2079 3575; baseline 0.016 -35"><span class='ocrx_word' id='word_1_291' title='bbox 489 3506 607 3543; x_wconf 84' lang='grc' dir='ltr'>νειν.</span> <span class='ocrx_word' id='word_1_292' title='bbox 652 3485 948 3560; x_wconf 80' lang='grc' dir='ltr'>’Υπέμεινας</span> <span class='ocrx_word' id='word_1_293' title='bbox 998 3494 1059 3550; x_wconf 83' lang='grc' dir='ltr'><strong>τό</strong></span> <span class='ocrx_word' id='word_1_294' title='bbox 1098 3494 1319 3566; x_wconf 72' lang='grc' dir='ltr'>ψεῦδος,</span> <span class='ocrx_word' id='word_1_295' title='bbox 1371 3499 1455 3554; x_wconf 82' lang='grc' dir='ltr'>ἵνα</span> <span class='ocrx_word' id='word_1_296' title='bbox 1498 3508 1695 3560; x_wconf 79' lang='grc' dir='ltr'>νικῆσαι</span> <span class='ocrx_word' id='word_1_297' title='bbox 1738 3506 1957 3575; x_wconf 75' lang='grc' dir='ltr'>ποιήσῃς</span> <span class='ocrx_word' id='word_1_298' title='bbox 1987 3509 2079 3565; x_wconf 72' lang='grc' dir='ltr'><strong>τήν</strong></span> 
     </span>
    </p>
   </div>
   <div class='ocr_carea' id='block_1_39' title="bbox 489 3580 2093 3675">
    <p class='ocr_par' dir='ltr' id='par_1_39' title="bbox 489 3580 2093 3675">
     <span class='ocr_line' id='line_1_39' title="bbox 489 3580 2093 3675; baseline 0.013 -41"><span class='ocrx_word' id='word_1_299' title='bbox 489 3580 738 3640; x_wconf 77' lang='grc' dir='ltr'>ἀληθειαν.</span> <span class='ocrx_word' id='word_1_300' title='bbox 765 3586 852 3638; x_wconf 75' lang='grc' dir='ltr'><strong>Καὶ</strong></span> <span class='ocrx_word' id='word_1_301' title='bbox 898 3583 982 3642; x_wconf 88' lang='grc' dir='ltr'><strong>διά</strong></span> <span class='ocrx_word' id='word_1_302' title='bbox 1022 3594 1174 3645; x_wconf 79' lang='grc' dir='ltr'>τοῦτο</span> <span class='ocrx_word' id='word_1_303' title='bbox 1209 3596 1298 3645; x_wconf 84' lang='grc' dir='ltr'>νῦν</span> <span class='ocrx_word' id='word_1_304' title='bbox 1342 3597 1806 3654; x_wconf 87' lang='grc' dir='ltr'>κατεπανίστασθαι</span> <span class='ocrx_word' id='word_1_305' title='bbox 1834 3604 1943 3675; x_wconf 77' lang='grc' dir='ltr'>χρή</span> <span class='ocrx_word' id='word_1_306' title='bbox 1982 3606 2093 3657; x_wconf 68' lang='grc' dir='ltr'>τοῦ</span> 
     </span>
    </p>
   </div>
   <div class='ocr_carea' id='block_1_40' title="bbox 489 3672 2074 3765">
    <p class='ocr_par' dir='ltr' id='par_1_40' title="bbox 489 3672 2074 3765">
     <span class='ocr_line' id='line_1_40' title="bbox 489 3672 2074 3765; baseline 0.013 -38"><span class='ocrx_word' id='word_1_307' title='bbox 489 3672 735 3744; x_wconf 74' lang='grc' dir='ltr'>ψεύδους,</span> <span class='ocrx_word' id='word_1_308' title='bbox 767 3678 939 3740; x_wconf 81' lang='grc' dir='ltr'>ἐπειδὴ</span> <span class='ocrx_word' id='word_1_309' title='bbox 966 3680 1141 3752; x_wconf 82' lang='grc' dir='ltr'>μηδείς</span> <span class='ocrx_word' id='word_1_310' title='bbox 1164 3686 1394 3742; x_wconf 75' lang='grc' dir='ltr'>ἀπώλετο</span> <span class='ocrx_word' id='word_1_311' title='bbox 1514 3689 1770 3765; x_wconf 73' lang='grc' dir='ltr'>ἀληθείᾳ.)</span> <span class='ocrx_word' id='word_1_312' title='bbox 1796 3672 1888 3748; x_wconf 71' lang='grc' dir='ltr'><strong>καί</strong></span> <span class='ocrx_word' id='word_1_313' title='bbox 1902 3694 2074 3750; x_wconf 84' lang='grc' dir='ltr'>πάλιν·</span> 
     </span>
    </p>
   </div>
   <div class='ocr_carea' id='block_1_41' title="bbox 495 3769 2077 3857">
    <p class='ocr_par' dir='ltr' id='par_1_41' title="bbox 495 3769 2077 3857">
     <span class='ocr_line' id='line_1_41' title="bbox 495 3769 2077 3857; baseline 0.016 -42"><span class='ocrx_word' id='word_1_314' title='bbox 495 3781 517 3814; x_wconf 84' lang='grc' dir='ltr'><strong>ε</strong></span> <span class='ocrx_word' id='word_1_315' title='bbox 549 3772 724 3823; x_wconf 83' lang='grc' dir='ltr'>Ταῦτα</span> <span class='ocrx_word' id='word_1_316' title='bbox 747 3769 875 3846; x_wconf 81' lang='grc' dir='ltr'>πρὸς</span> <span class='ocrx_word' id='word_1_317' title='bbox 898 3776 988 3829; x_wconf 74' lang='grc' dir='ltr'>τήν</span> <span class='ocrx_word' id='word_1_318' title='bbox 1012 3777 1106 3831; x_wconf 78' lang='grc' dir='ltr'><strong>σήν</strong></span> <span class='ocrx_word' id='word_1_319' title='bbox 1136 3774 1400 3833; x_wconf 77' lang='grc' dir='ltr'>εὐλάϐειαν</span> <span class='ocrx_word' id='word_1_320' title='bbox 1427 3780 1459 3837; x_wconf 77' lang='grc' dir='ltr'><em>ἢ</em></span> <span class='ocrx_word' id='word_1_321' title='bbox 1487 3780 1596 3851; x_wconf 84' lang='grc' dir='ltr'>μετ’</span> <span class='ocrx_word' id='word_1_322' title='bbox 1619 3779 1744 3852; x_wconf 81' lang='grc' dir='ltr'>ἐμοῦ</span> <span class='ocrx_word' id='word_1_323' title='bbox 1775 3781 1893 3857; x_wconf 86' lang='grc' dir='ltr'>ἁγία</span> <span class='ocrx_word' id='word_1_324' title='bbox 1931 3782 2077 3839; x_wconf 87' lang='grc' dir='ltr'>ἀδελ-</span> 
     </span>
    </p>
   </div>
   <div class='ocr_carea' id='block_1_42' title="bbox 486 3856 2077 3941">
    <p class='ocr_par' dir='ltr' id='par_1_42' title="bbox 486 3856 2077 3941">
     <span class='ocr_line' id='line_1_42' title="bbox 486 3856 2077 3941; baseline 0.013 -31"><span class='ocrx_word' id='word_1_325' title='bbox 486 3856 644 3927; x_wconf 74' lang='grc' dir='ltr'>φότης</span> <span class='ocrx_word' id='word_1_326' title='bbox 668 3860 983 3935; x_wconf 71' lang='grc' dir='ltr'>ἀντέγραψεν</span> <span class='ocrx_word' id='word_1_327' title='bbox 1009 3863 1365 3938; x_wconf 80' lang='grc' dir='ltr'>ἀποδεχομένη</span> <span class='ocrx_word' id='word_1_328' title='bbox 1396 3872 1517 3931; x_wconf 87' lang='grc' dir='ltr'>τούς</span> <span class='ocrx_word' id='word_1_329' title='bbox 1549 3874 1672 3934; x_wconf 90' lang='grc' dir='ltr'>σούς</span> <span class='ocrx_word' id='word_1_330' title='bbox 1700 3875 1748 3926; x_wconf 87' lang='grc' dir='ltr'>ἐν</span> <span class='ocrx_word' id='word_1_331' title='bbox 1778 3856 1962 3941; x_wconf 82' lang='grc' dir='ltr'>ἅπασι,</span> <span class='ocrx_word' id='word_1_332' title='bbox 1993 3880 2077 3933; x_wconf 84' lang='grc' dir='ltr'>καὶ</span> 
     </span>
    </p>
   </div>
   <div class='ocr_carea' id='block_1_43' title="bbox 486 3948 2078 4043">
    <p class='ocr_par' dir='ltr' id='par_1_43' title="bbox 486 3948 2078 4043">
     <span class='ocr_line' id='line_1_43' title="bbox 486 3948 2078 4043; baseline 0.014 -41"><span class='ocrx_word' id='word_1_333' title='bbox 486 3948 773 4019; x_wconf 78' lang='grc' dir='ltr'>βεϐαιοῦσα</span> <span class='ocrx_word' id='word_1_334' title='bbox 807 3952 1088 4025; x_wconf 75' lang='grc' dir='ltr'>καμάτους,</span> <span class='ocrx_word' id='word_1_335' title='bbox 1120 3959 1169 4012; x_wconf 83' lang='grc' dir='ltr'>οἵ</span> <span class='ocrx_word' id='word_1_336' title='bbox 1195 3980 1327 4021; x_wconf 84' lang='grc' dir='ltr'>τινες</span> <span class='ocrx_word' id='word_1_337' title='bbox 1354 3962 1552 4037; x_wconf 84' lang='grc' dir='ltr'>βαρεῖς,</span> <span class='ocrx_word' id='word_1_338' title='bbox 1590 3963 1621 4024; x_wconf 77' lang='grc' dir='ltr'>ἢ</span> <span class='ocrx_word' id='word_1_339' title='bbox 1647 3970 1821 4043; x_wconf 82' lang='grc' dir='ltr'>πικροὶ</span> <span class='ocrx_word' id='word_1_340' title='bbox 1847 3969 1907 4022; x_wconf 90' lang='grc' dir='ltr'><strong>ού</strong></span> <span class='ocrx_word' id='word_1_341' title='bbox 1932 3969 2078 4042; x_wconf 81' lang='grc' dir='ltr'>γεγό-</span> 
     </span>
    </p>
   </div>
   <div class='ocr_carea' id='block_1_44' title="bbox 483 4046 2075 4126">
    <p class='ocr_par' dir='ltr' id='par_1_44' title="bbox 483 4046 2075 4126">
     <span class='ocr_line' id='line_1_44' title="bbox 483 4046 2075 4126; baseline 0.015 -30"><span class='ocrx_word' id='word_1_342' title='bbox 483 4065 663 4109; x_wconf 80' lang='grc' dir='ltr'>νασιν,</span> <span class='ocrx_word' id='word_1_343' title='bbox 694 4046 864 4108; x_wconf 79' lang='grc' dir='ltr'>ἐπειδή</span> <span class='ocrx_word' id='word_1_344' title='bbox 899 4049 1031 4126; x_wconf 87' lang='grc' dir='ltr'>ύπέρ</span> <span class='ocrx_word' id='word_1_345' title='bbox 1074 4053 1261 4108; x_wconf 69' lang='grc' dir='ltr'>έκείνου</span> <span class='ocrx_word' id='word_1_346' title='bbox 1299 4056 1697 4123; x_wconf 79' lang='grc' dir='ltr'>κατεϐλήθησαν,</span> <span class='ocrx_word' id='word_1_347' title='bbox 1740 4057 1798 4114; x_wconf 82' lang='grc' dir='ltr'>οὗ</span> <span class='ocrx_word' id='word_1_348' title='bbox 1837 4082 1973 4124; x_wconf 90' lang='grc' dir='ltr'>τινος</span> <span class='ocrx_word' id='word_1_349' title='bbox 2014 4065 2075 4120; x_wconf 84' lang='grc' dir='ltr'>τὸ</span> 
     </span>
    </p>
   </div>
   <div class='ocr_carea' id='block_1_45' title="bbox 477 4136 2015 4224">
    <p class='ocr_par' dir='ltr' id='par_1_45' title="bbox 477 4136 2015 4224">
     <span class='ocr_line' id='line_1_45' title="bbox 477 4136 2015 4224; baseline 0.012 -36"><span class='ocrx_word' id='word_1_350' title='bbox 477 4136 690 4214; x_wconf 80' lang='grc' dir='ltr'>ἐλαφρόν</span> <span class='ocrx_word' id='word_1_351' title='bbox 716 4141 940 4215; x_wconf 78' lang='grc' dir='ltr'>φορτίον,</span> <span class='ocrx_word' id='word_1_352' title='bbox 970 4144 1158 4198; x_wconf 82' lang='grc' dir='ltr'>καὶτὸν</span> <span class='ocrx_word' id='word_1_353' title='bbox 1181 4148 1415 4221; x_wconf 85' lang='grc' dir='ltr'>χρηστὸν</span> <span class='ocrx_word' id='word_1_354' title='bbox 1444 4152 1597 4221; x_wconf 80' lang='grc' dir='ltr'>ζυγόν</span> <span class='ocrx_word' id='word_1_355' title='bbox 1621 4151 1962 4224; x_wconf 80' lang='grc' dir='ltr'>βαστάζομεν.</span> <span class='ocrx_word' id='word_1_356' title='bbox 1994 4172 2015 4206; x_wconf 74' lang='grc' dir='ltr'><strong>ι</strong></span> 
     </span>
    </p>
   </div>
   <div class='ocr_carea' id='block_1_46' title="bbox 556 4234 2073 4320">
    <p class='ocr_par' dir='ltr' id='par_1_46' title="bbox 556 4234 2073 4320">
     <span class='ocr_line' id='line_1_46' title="bbox 556 4234 2073 4320; baseline 0.013 -37"><span class='ocrx_word' id='word_1_357' title='bbox 556 4234 647 4284; x_wconf 64' lang='grc' dir='ltr'><strong>Καὶ</strong></span> <span class='ocrx_word' id='word_1_358' title='bbox 670 4237 832 4288; x_wconf 82' lang='grc' dir='ltr'>ταῦτα</span> <span class='ocrx_word' id='word_1_359' title='bbox 985 4234 1010 4289; x_wconf 89' lang='grc' dir='ltr'><strong>ό</strong></span> <span class='ocrx_word' id='word_1_360' title='bbox 1047 4236 1095 4289; x_wconf 82' lang='grc' dir='ltr'><strong>έν</strong></span> <span class='ocrx_word' id='word_1_361' title='bbox 1122 4235 1283 4309; x_wconf 85' lang='grc' dir='ltr'>ἁγίοις</span> <span class='ocrx_word' id='word_1_362' title='bbox 1313 4236 1508 4300; x_wconf 85' lang='grc' dir='ltr'>Ξύστος</span> <span class='ocrx_word' id='word_1_363' title='bbox 1533 4244 1663 4317; x_wconf 83' lang='grc' dir='ltr'>πρὸς</span> <span class='ocrx_word' id='word_1_364' title='bbox 1700 4245 1786 4299; x_wconf 87' lang='grc' dir='ltr'>τὸν</span> <span class='ocrx_word' id='word_1_365' title='bbox 1828 4246 1877 4298; x_wconf 83' lang='grc' dir='ltr'>ἐν</span> <span class='ocrx_word' id='word_1_366' title='bbox 1910 4244 2073 4320; x_wconf 82' lang='grc' dir='ltr'>ἁγίοις</span> 
     </span>
    </p>
   </div>
   <div class='ocr_carea' id='block_1_47' title="bbox 481 4320 2070 4409">
    <p class='ocr_par' dir='ltr' id='par_1_47' title="bbox 481 4320 2070 4409">
     <span class='ocr_line' id='line_1_47' title="bbox 481 4320 2070 4409; baseline 0.014 -38"><span class='ocrx_word' id='word_1_367' title='bbox 481 4320 715 4393; x_wconf 71' lang='grc' dir='ltr'>κύριλλον</span> <span class='ocrx_word' id='word_1_368' title='bbox 770 4327 888 4398; x_wconf 80' lang='grc' dir='ltr'>περὶ</span> <span class='ocrx_word' id='word_1_369' title='bbox 944 4334 1044 4381; x_wconf 84' lang='grc' dir='ltr'><strong>τῶν</strong></span> <span class='ocrx_word' id='word_1_370' title='bbox 1099 4330 1403 4385; x_wconf 85' lang='grc' dir='ltr'>ἀνατολικῶν</span> <span class='ocrx_word' id='word_1_371' title='bbox 1458 4330 1707 4409; x_wconf 70' lang='grc' dir='ltr'>ἔγραψεν.</span> <span class='ocrx_word' id='word_1_372' title='bbox 1759 4333 1959 4397; x_wconf 84' lang='grc' dir='ltr'>Ἐπειδή</span> <span class='ocrx_word' id='word_1_373' title='bbox 2017 4338 2070 4394; x_wconf 82' lang='grc' dir='ltr'><strong>δέ</strong></span> 
     </span>
    </p>
   </div>
   <div class='ocr_carea' id='block_1_48' title="bbox 477 4414 2071 4503">
    <p class='ocr_par' dir='ltr' id='par_1_48' title="bbox 477 4414 2071 4503">
     <span class='ocr_line' id='line_1_48' title="bbox 477 4414 2071 4503; baseline 0.013 -37"><span class='ocrx_word' id='word_1_374' title='bbox 477 4414 742 4474; x_wconf 82' lang='grc' dir='ltr'>ἀσυνέτως</span> <span class='ocrx_word' id='word_1_375' title='bbox 769 4419 852 4471; x_wconf 81' lang='grc' dir='ltr'><strong>καί</strong></span> <span class='ocrx_word' id='word_1_376' title='bbox 877 4426 1027 4474; x_wconf 81' lang='grc' dir='ltr'>τοῦτο</span> <span class='ocrx_word' id='word_1_377' title='bbox 1067 4422 1294 4497; x_wconf 74' lang='grc' dir='ltr'>εἰρήκατε</span> <span class='ocrx_word' id='word_1_378' title='bbox 1310 4463 1325 4489; x_wconf 88' lang='grc'><strong>,</strong></span> <span class='ocrx_word' id='word_1_379' title='bbox 1354 4421 1432 4480; x_wconf 86' lang='grc' dir='ltr'>ὅτι</span> <span class='ocrx_word' id='word_1_380' title='bbox 1460 4426 1676 4497; x_wconf 83' lang='grc' dir='ltr'>βλάπτει</span> <span class='ocrx_word' id='word_1_381' title='bbox 1700 4433 1791 4488; x_wconf 76' lang='grc' dir='ltr'><strong>τήν</strong></span> <span class='ocrx_word' id='word_1_382' title='bbox 1818 4430 2071 4503; x_wconf 63' lang='grc' dir='ltr'>ὑπόληψιν</span> 
     </span>
    </p>
   </div>
   <div class='ocr_carea' id='block_1_49' title="bbox 477 4504 2070 4598">
    <p class='ocr_par' dir='ltr' id='par_1_49' title="bbox 477 4504 2070 4598">
     <span class='ocr_line' id='line_1_49' title="bbox 477 4504 2070 4598; baseline 0.015 -41"><span class='ocrx_word' id='word_1_383' title='bbox 477 4511 572 4564; x_wconf 81' lang='grc' dir='ltr'>τῆς</span> <span class='ocrx_word' id='word_1_384' title='bbox 601 4504 747 4577; x_wconf 80' lang='grc' dir='ltr'>ἁγίας</span> <span class='ocrx_word' id='word_1_385' title='bbox 792 4510 842 4561; x_wconf 88' lang='grc' dir='ltr'>ἐν</span> <span class='ocrx_word' id='word_1_386' title='bbox 868 4510 1140 4570; x_wconf 79' lang='grc' dir='ltr'>Χαλκηδόνι</span> <span class='ocrx_word' id='word_1_387' title='bbox 1179 4515 1394 4571; x_wconf 83' lang='grc' dir='ltr'>συνόδου</span> <span class='ocrx_word' id='word_1_388' title='bbox 1422 4520 1454 4576; x_wconf 76' lang='grc' dir='ltr'><strong><em>ἦ</em></strong></span> <span class='ocrx_word' id='word_1_389' title='bbox 1492 4524 1791 4598; x_wconf 81' lang='grc' dir='ltr'>κατάκρισις</span> <span class='ocrx_word' id='word_1_390' title='bbox 1828 4531 1920 4585; x_wconf 73' lang='grc' dir='ltr'>τῆς</span> <span class='ocrx_word' id='word_1_391' title='bbox 1948 4526 2070 4582; x_wconf 90' lang='grc' dir='ltr'>ἀσε-</span> 
     </span>
    </p>
   </div>
   <div class='ocr_carea' id='block_1_50' title="bbox 2181 529 3765 605">
    <p class='ocr_par' dir='ltr' id='par_1_50' title="bbox 2181 529 3765 605">
     <span class='ocr_line' id='line_1_50' title="bbox 2181 529 3765 605; baseline -0.002 -14"><span class='ocrx_word' id='word_1_392' title='bbox 2181 535 2334 602; x_wconf 90' lang='lat' dir='ltr'><strong>mini,</strong></span> <span class='ocrx_word' id='word_1_393' title='bbox 2364 549 2544 605; x_wconf 88' lang='lat' dir='ltr'><strong>neque</strong></span> <span class='ocrx_word' id='word_1_394' title='bbox 2569 541 2758 589; x_wconf 86' lang='lat' dir='ltr'><strong>sancta</strong></span> <span class='ocrx_word' id='word_1_395' title='bbox 2784 532 3091 604; x_wconf 75' lang='lat' dir='ltr'><strong>Evangelia,</strong></span> <span class='ocrx_word' id='word_1_396' title='bbox 3124 546 3299 602; x_wconf 89' lang='lat' dir='ltr'><strong>neque</strong></span> <span class='ocrx_word' id='word_1_397' title='bbox 3326 529 3640 602; x_wconf 71' lang='lat' dir='ltr'><strong>Apostolus,</strong></span> <span class='ocrx_word' id='word_1_398' title='bbox 3656 530 3765 593; x_wconf 77' lang='lat' dir='ltr'><strong>‘nec</strong></span> 
     </span>
    </p>
   </div>
   <div class='ocr_carea' id='block_1_51' title="bbox 2179 625 3767 700">
    <p class='ocr_par' dir='ltr' id='par_1_51' title="bbox 2179 625 3767 700">
     <span class='ocr_line' id='line_1_51' title="bbox 2179 625 3767 700; baseline 0 -15"><span class='ocrx_word' id='word_1_399' title='bbox 2179 627 2402 700; x_wconf 65' lang='lat' dir='ltr'><strong>reliquae</strong></span> <span class='ocrx_word' id='word_1_400' title='bbox 2428 626 2623 684; x_wconf 70' lang='lat' dir='ltr'><strong>divinas</strong></span> <span class='ocrx_word' id='word_1_401' title='bbox 2642 626 2835 684; x_wconf 78' lang='lat' dir='ltr'><strong>litterae</strong></span> <span class='ocrx_word' id='word_1_402' title='bbox 2854 627 3263 699; x_wconf 80' lang='lat' dir='ltr'><strong>perciperentur</strong></span> <span class='ocrx_word' id='word_1_403' title='bbox 3281 625 3428 694; x_wconf 88' lang='lat' dir='ltr'><strong>satis,</strong></span> <span class='ocrx_word' id='word_1_404' title='bbox 3459 627 3564 683; x_wconf 86' lang='lat' dir='ltr'><strong>nisi</strong></span> <span class='ocrx_word' id='word_1_405' title='bbox 3591 636 3767 686; x_wconf 87' lang='lat' dir='ltr'><strong>essent</strong></span> 
     </span>
    </p>
   </div>
   <div class='ocr_carea' id='block_1_52' title="bbox 2182 719 3768 794">
    <p class='ocr_par' dir='ltr' id='par_1_52' title="bbox 2182 719 3768 794">
     <span class='ocr_line' id='line_1_52' title="bbox 2182 719 3768 794; baseline 0.003 -17"><span class='ocrx_word' id='word_1_406' title='bbox 2182 734 2216 777; x_wconf 78' lang='grc' dir='ltr'><strong>ιι</strong></span> <span class='ocrx_word' id='word_1_407' title='bbox 2238 720 2441 777; x_wconf 76' lang='lat' dir='ltr'><strong>sanctis</strong></span> <span class='ocrx_word' id='word_1_408' title='bbox 2463 719 2711 778; x_wconf 85' lang='lat' dir='ltr'><strong>Patribus</strong></span> <span class='ocrx_word' id='word_1_409' title='bbox 2730 721 3112 793; x_wconf 71' lang='lat' dir='ltr'><strong>iuterpretataa.</strong></span> <span class='ocrx_word' id='word_1_410' title='bbox 3138 720 3405 778; x_wconf 67' lang='lat' dir='ltr'><strong>Caeterum</strong></span> <span class='ocrx_word' id='word_1_411' title='bbox 3431 722 3486 777; x_wconf 93' lang='lat' dir='ltr'><strong>in</strong></span> <span class='ocrx_word' id='word_1_412' title='bbox 3514 738 3614 779; x_wconf 88' lang='lat' dir='ltr'><strong>vos</strong></span> <span class='ocrx_word' id='word_1_413' title='bbox 3629 722 3768 794; x_wconf 85' lang='lat' dir='ltr'><strong>ipsos</strong></span> 
     </span>
    </p>
   </div>
   <div class='ocr_carea' id='block_1_53' title="bbox 2182 814 3768 885">
    <p class='ocr_par' dir='ltr' id='par_1_53' title="bbox 2182 814 3768 885">
     <span class='ocr_line' id='line_1_53' title="bbox 2182 814 3768 885; baseline 0.001 -16"><span class='ocrx_word' id='word_1_414' title='bbox 2182 822 2502 884; x_wconf 89' lang='lat' dir='ltr'><strong>argumenta</strong></span> <span class='ocrx_word' id='word_1_415' title='bbox 2552 814 2885 871; x_wconf 84' lang='lat' dir='ltr'><strong>confusionis</strong></span> <span class='ocrx_word' id='word_1_416' title='bbox 2936 815 3249 885; x_wconf 88' lang='lat' dir='ltr'><strong>congeritis,</strong></span> <span class='ocrx_word' id='word_1_417' title='bbox 3281 815 3487 870; x_wconf 88' lang='lat' dir='ltr'><strong>aientes</strong></span> <span class='ocrx_word' id='word_1_418' title='bbox 3529 821 3660 870; x_wconf 88' lang='lat' dir='ltr'><strong>tunc</strong></span> <span class='ocrx_word' id='word_1_419' title='bbox 3706 816 3768 871; x_wconf 86' lang='lat' dir='ltr'><strong>ab</strong></span> 
     </span>
    </p>
   </div>
   <div class='ocr_carea' id='block_1_54' title="bbox 2182 903 3769 980">
    <p class='ocr_par' dir='ltr' id='par_1_54' title="bbox 2182 903 3769 980">
     <span class='ocr_line' id='line_1_54' title="bbox 2182 903 3769 980; baseline 0.001 -19"><span class='ocrx_word' id='word_1_420' title='bbox 2182 903 2417 963; x_wconf 83' lang='lat' dir='ltr'><strong>Orientis</strong></span> <span class='ocrx_word' id='word_1_421' title='bbox 2440 906 2673 964; x_wconf 85' lang='lat' dir='ltr'><strong>Nestorii</strong></span> <span class='ocrx_word' id='word_1_422' title='bbox 2700 908 3193 979; x_wconf 78' lang='lat' dir='ltr'><strong>propugnatoribus</strong></span> <span class='ocrx_word' id='word_1_423' title='bbox 3221 915 3499 980; x_wconf 87' lang='lat' dir='ltr'><strong>receptum</strong></span> <span class='ocrx_word' id='word_1_424' title='bbox 3523 923 3646 964; x_wconf 87' lang='lat' dir='ltr'><strong>esse</strong></span> <span class='ocrx_word' id='word_1_425' title='bbox 3669 907 3769 979; x_wconf 82' lang='lat' dir='ltr'><strong>Cy-</strong></span> 
     </span>
    </p>
   </div>
   <div class='ocr_carea' id='block_1_55' title="bbox 2182 998 3769 1071">
    <p class='ocr_par' dir='ltr' id='par_1_55' title="bbox 2182 998 3769 1071">
     <span class='ocr_line' id='line_1_55' title="bbox 2182 998 3769 1071; baseline -0.003 -14"><span class='ocrx_word' id='word_1_426' title='bbox 2182 1001 2387 1068; x_wconf 89' lang='lat' dir='ltr'><strong>rillum,</strong></span> <span class='ocrx_word' id='word_1_427' title='bbox 2418 1015 2543 1056; x_wconf 91' lang='lat' dir='ltr'><strong>cum</strong></span> <span class='ocrx_word' id='word_1_428' title='bbox 2569 1014 2667 1056; x_wconf 91' lang='lat' dir='ltr'><strong>sua</strong></span> <span class='ocrx_word' id='word_1_429' title='bbox 2695 998 2933 1070; x_wconf 90' lang='lat' dir='ltr'><strong>capitula</strong></span> <span class='ocrx_word' id='word_1_430' title='bbox 2974 998 3335 1071; x_wconf 83' lang='lat' dir='ltr'><strong>exposuisset.</strong></span> <span class='ocrx_word' id='word_1_431' title='bbox 3379 998 3583 1054; x_wconf 87' lang='lat' dir='ltr'><strong>Contra</strong></span> <span class='ocrx_word' id='word_1_432' title='bbox 3622 1014 3769 1053; x_wconf 81' lang='lat' dir='ltr'><strong>nam-</strong></span> 
     </span>
    </p>
   </div>
   <div class='ocr_carea' id='block_1_56' title="bbox 2182 1089 3769 1167">
    <p class='ocr_par' dir='ltr' id='par_1_56' title="bbox 2182 1089 3769 1167">
     <span class='ocr_line' id='line_1_56' title="bbox 2182 1089 3769 1167; baseline -0.001 -17"><span class='ocrx_word' id='word_1_433' title='bbox 2182 1108 2291 1167; x_wconf 88' lang='lat' dir='ltr'><strong>que</strong></span> <span class='ocrx_word' id='word_1_434' title='bbox 2316 1091 2613 1163; x_wconf 90' lang='lat' dir='ltr'><strong>apostolica</strong></span> <span class='ocrx_word' id='word_1_435' title='bbox 2634 1090 2879 1148; x_wconf 81' lang='lat' dir='ltr'><strong>Romana</strong></span> <span class='ocrx_word' id='word_1_436' title='bbox 2902 1090 3076 1157; x_wconf 86' lang='lat' dir='ltr'><strong>sedes,</strong></span> <span class='ocrx_word' id='word_1_437' title='bbox 3106 1098 3269 1163; x_wconf 89' lang='lat' dir='ltr'><strong>atque</strong></span> <span class='ocrx_word' id='word_1_438' title='bbox 3294 1089 3526 1162; x_wconf 86' lang='lat' dir='ltr'><strong>Cyrillus‘</strong></span> <span class='ocrx_word' id='word_1_439' title='bbox 3543 1091 3598 1145; x_wconf 94' lang='lat' dir='ltr'><strong>in</strong></span> <span class='ocrx_word' id='word_1_440' title='bbox 3621 1105 3769 1148; x_wconf 75' lang='lat' dir='ltr'><strong>suam</strong></span> 
     </span>
    </p>
   </div>
   <div class='ocr_carea' id='block_1_57' title="bbox 2183 1185 3769 1260">
    <p class='ocr_par' dir='ltr' id='par_1_57' title="bbox 2183 1185 3769 1260">
     <span class='ocr_line' id='line_1_57' title="bbox 2183 1185 3769 1260; baseline -0.005 -11"><span class='ocrx_word' id='word_1_441' title='bbox 2183 1191 2618 1249; x_wconf 86' lang='lat' dir='ltr'><strong>communionem</strong></span> <span class='ocrx_word' id='word_1_442' title='bbox 2665 1189 3000 1245; x_wconf 89' lang='lat' dir='ltr'><strong>admiserunt</strong></span> <span class='ocrx_word' id='word_1_443' title='bbox 3027 1188 3313 1260; x_wconf 90' lang='lat' dir='ltr'><strong>episcopos</strong></span> <span class='ocrx_word' id='word_1_444' title='bbox 3338 1187 3431 1259; x_wconf 85' lang='lat' dir='ltr'><strong>qui</strong></span> <span class='ocrx_word' id='word_1_445' title='bbox 3477 1186 3533 1242; x_wconf 89' lang='lat' dir='ltr'><strong>in</strong></span> <span class='ocrx_word' id='word_1_446' title='bbox 3577 1185 3769 1242; x_wconf 86' lang='lat' dir='ltr'><strong>Nesto-</strong></span> 
     </span>
    </p>
   </div>
   <div class='ocr_carea' id='block_1_58' title="bbox 2183 1279 3770 1351">
    <p class='ocr_par' dir='ltr' id='par_1_58' title="bbox 2183 1279 3770 1351">
     <span class='ocr_line' id='line_1_58' title="bbox 2183 1279 3770 1351; baseline -0.003 -12"><span class='ocrx_word' id='word_1_447' title='bbox 2183 1283 2323 1339; x_wconf 84' lang='lat' dir='ltr'><strong>rium</strong></span> <span class='ocrx_word' id='word_1_448' title='bbox 2344 1282 2666 1339; x_wconf 90' lang='lat' dir='ltr'><strong>seuteutiam</strong></span> <span class='ocrx_word' id='word_1_449' title='bbox 2696 1281 2967 1350; x_wconf 80' lang='lat' dir='ltr'><strong>dixerant,</strong></span> <span class='ocrx_word' id='word_1_450' title='bbox 2997 1279 3222 1351; x_wconf 82' lang='lat' dir='ltr'><strong>ejusque</strong></span> <span class='ocrx_word' id='word_1_451' title='bbox 3260 1279 3595 1350; x_wconf 84' lang='lat' dir='ltr'><strong>impietatem</strong></span> <span class='ocrx_word' id='word_1_452' title='bbox 3641 1294 3770 1335; x_wconf 88' lang='lat' dir='ltr'><strong>con-</strong></span> 
     </span>
    </p>
   </div>
   <div class='ocr_carea' id='block_1_59' title="bbox 2182 1369 3771 1444">
    <p class='ocr_par' dir='ltr' id='par_1_59' title="bbox 2182 1369 3771 1444">
     <span class='ocr_line' id='line_1_59' title="bbox 2182 1369 3771 1444; baseline -0.003 -13"><span class='ocrx_word' id='word_1_453' title='bbox 2182 1374 2586 1431; x_wconf 86' lang='lat' dir='ltr'><strong>demnaverant.</strong></span> <span class='ocrx_word' id='word_1_454' title='bbox 2617 1372 2803 1444; x_wconf 84' lang='lat' dir='ltr'><strong>Itaque</strong></span> <span class='ocrx_word' id='word_1_455' title='bbox 2831 1379 3051 1430; x_wconf 90' lang='lat' dir='ltr'><strong>sanctus</strong></span> <span class='ocrx_word' id='word_1_456' title='bbox 3077 1371 3195 1443; x_wconf 90' lang='lat' dir='ltr'><strong>ipse</strong></span> <span class='ocrx_word' id='word_1_457' title='bbox 3220 1370 3498 1426; x_wconf 84' lang='lat' dir='ltr'><strong>Romanus</strong></span> <span class='ocrx_word' id='word_1_458' title='bbox 3531 1369 3771 1440; x_wconf 78' lang='lat' dir='ltr'><strong>pontlfex</strong></span> 
     </span>
    </p>
   </div>
   <div class='ocr_carea' id='block_1_60' title="bbox 2183 1462 3770 1541">
    <p class='ocr_par' dir='ltr' id='par_1_60' title="bbox 2183 1462 3770 1541">
     <span class='ocr_line' id='line_1_60' title="bbox 2183 1462 3770 1541; baseline -0.004 -18"><span class='ocrx_word' id='word_1_459' title='bbox 2183 1466 2400 1541; x_wconf 80' lang='lat' dir='ltr'><strong>Xystus,</strong></span> <span class='ocrx_word' id='word_1_460' title='bbox 2433 1482 2556 1525; x_wconf 90' lang='lat' dir='ltr'><strong>cum</strong></span> <span class='ocrx_word' id='word_1_461' title='bbox 2577 1467 2809 1523; x_wconf 88' lang='lat' dir='ltr'><strong>concilio</strong></span> <span class='ocrx_word' id='word_1_462' title='bbox 2848 1480 2948 1521; x_wconf 83' lang='lat' dir='ltr'><strong>suo</strong></span> <span class='ocrx_word' id='word_1_463' title='bbox 2989 1464 3060 1521; x_wconf 89' lang='lat' dir='ltr'><strong>ad</strong></span> <span class='ocrx_word' id='word_1_464' title='bbox 3094 1464 3153 1520; x_wconf 92' lang='lat' dir='ltr'><strong>S.</strong></span> <span class='ocrx_word' id='word_1_465' title='bbox 3202 1462 3462 1536; x_wconf 85' lang='lat' dir='ltr'><strong>Cyrillum</strong></span> <span class='ocrx_word' id='word_1_466' title='bbox 3510 1462 3770 1530; x_wconf 89' lang='lat' dir='ltr'><strong>scribens,</strong></span> 
     </span>
    </p>
   </div>
   <div class='ocr_carea' id='block_1_61' title="bbox 2183 1553 3771 1631">
    <p class='ocr_par' dir='ltr' id='par_1_61' title="bbox 2183 1553 3771 1631">
     <span class='ocr_line' id='line_1_61' title="bbox 2183 1553 3771 1631; baseline -0.005 -16"><span class='ocrx_word' id='word_1_467' title='bbox 2183 1557 2505 1631; x_wconf 86' lang='lat' dir='ltr'><strong>laboresque</strong></span> <span class='ocrx_word' id='word_1_468' title='bbox 2523 1557 2592 1614; x_wconf 90' lang='lat' dir='ltr'><strong>ab</strong></span> <span class='ocrx_word' id='word_1_469' title='bbox 2619 1572 2687 1614; x_wconf 90' lang='lat' dir='ltr'><strong>eo</strong></span> <span class='ocrx_word' id='word_1_470' title='bbox 2714 1571 2813 1631; x_wconf 91' lang='lat' dir='ltr'><strong>pro</strong></span> <span class='ocrx_word' id='word_1_471' title='bbox 2841 1555 3098 1613; x_wconf 73' lang='lat' dir='ltr'><strong>Ecclesiae</strong></span> <span class='ocrx_word' id='word_1_472' title='bbox 3126 1554 3333 1611; x_wconf 90' lang='lat' dir='ltr'><strong>unitate</strong></span> <span class='ocrx_word' id='word_1_473' title='bbox 3352 1561 3635 1625; x_wconf 83' lang='lat' dir='ltr'><strong>susceptos</strong></span> <span class='ocrx_word' id='word_1_474' title='bbox 3655 1553 3771 1608; x_wconf 81' lang='lat' dir='ltr'><strong>lau-</strong></span> 
     </span>
    </p>
   </div>
   <div class='ocr_carea' id='block_1_62' title="bbox 2182 1645 3773 1708">
    <p class='ocr_par' dir='ltr' id='par_1_62' title="bbox 2182 1645 3773 1708">
     <span class='ocr_line' id='line_1_62' title="bbox 2182 1645 3773 1708; baseline -0.006 -1"><span class='ocrx_word' id='word_1_475' title='bbox 2182 1650 2317 1708; x_wconf 88' lang='lat' dir='ltr'><strong>dans</strong></span> <span class='ocrx_word' id='word_1_476' title='bbox 2346 1650 2486 1707; x_wconf 90' lang='lat' dir='ltr'><strong>inter</strong></span> <span class='ocrx_word' id='word_1_477' title='bbox 2509 1657 2704 1706; x_wconf 62' lang='lat' dir='ltr'><strong>cetera</strong></span> <span class='ocrx_word' id='word_1_478' title='bbox 2728 1649 2843 1705; x_wconf 68' lang='lat' dir='ltr'><strong>haec</strong></span> <span class='ocrx_word' id='word_1_479' title='bbox 2861 1647 3063 1704; x_wconf 90' lang='lat' dir='ltr'><strong>habet:</strong></span> <span class='ocrx_word' id='word_1_480' title='bbox 3094 1665 3114 1701; x_wconf 83' lang='grc' dir='ltr'><strong>ι</strong></span> <span class='ocrx_word' id='word_1_481' title='bbox 3152 1645 3236 1702; x_wconf 85' lang='lat' dir='ltr'><strong>Ad</strong></span> <span class='ocrx_word' id='word_1_482' title='bbox 3262 1661 3363 1702; x_wconf 92' lang='lat' dir='ltr'><strong>uos</strong></span> <span class='ocrx_word' id='word_1_483' title='bbox 3402 1645 3607 1702; x_wconf 81' lang='lat' dir='ltr'><strong>reversi</strong></span> <span class='ocrx_word' id='word_1_484' title='bbox 3650 1651 3773 1699; x_wconf 88' lang='lat' dir='ltr'><strong>sunt</strong></span> 
     </span>
    </p>
   </div>
   <div class='ocr_carea' id='block_1_63' title="bbox 2182 1737 3771 1813">
    <p class='ocr_par' dir='ltr' id='par_1_63' title="bbox 2182 1737 3771 1813">
     <span class='ocr_line' id='line_1_63' title="bbox 2182 1737 3771 1813; baseline -0.004 -13"><span class='ocrx_word' id='word_1_485' title='bbox 2182 1742 2398 1811; x_wconf 79' lang='lat' dir='ltr'><strong>fratres,</strong></span> <span class='ocrx_word' id='word_1_486' title='bbox 2420 1742 2486 1799; x_wconf 90' lang='lat' dir='ltr'><strong>ad</strong></span> <span class='ocrx_word' id='word_1_487' title='bbox 2508 1759 2631 1812; x_wconf 88' lang='lat' dir='ltr'><strong>nos,</strong></span> <span class='ocrx_word' id='word_1_488' title='bbox 2653 1742 2891 1812; x_wconf 89' lang='lat' dir='ltr'><strong>inquam,</strong></span> <span class='ocrx_word' id='word_1_489' title='bbox 2915 1741 3009 1813; x_wconf 90' lang='lat' dir='ltr'><strong>qui</strong></span> <span class='ocrx_word' id='word_1_490' title='bbox 3029 1741 3277 1797; x_wconf 87' lang='lat' dir='ltr'><strong>morbum</strong></span> <span class='ocrx_word' id='word_1_491' title='bbox 3297 1738 3570 1795; x_wconf 88' lang='lat' dir='ltr'><strong>communi</strong></span> <span class='ocrx_word' id='word_1_492' title='bbox 3598 1737 3771 1794; x_wconf 87' lang='lat' dir='ltr'><strong>studio</strong></span> 
     </span>
    </p>
   </div>
   <div class='ocr_carea' id='block_1_64' title="bbox 2110 1830 3771 1935">
    <p class='ocr_par' dir='ltr' id='par_1_64' title="bbox 2110 1830 3771 1935">
     <span class='ocr_line' id='line_1_64' title="bbox 2110 1830 3771 1935; baseline -0.005 -41"><span class='ocrx_word' id='word_1_493' title='bbox 2110 1874 2159 1935; x_wconf 77' lang='grc' dir='ltr'><strong>Β</strong></span> <span class='ocrx_word' id='word_1_494' title='bbox 2183 1844 2570 1909; x_wconf 84' lang='lat' dir='ltr'><strong>persequentes</strong></span> <span class='ocrx_word' id='word_1_495' title='bbox 2617 1836 2918 1891; x_wconf 89' lang='lat' dir='ltr'><strong>animarum</strong></span> <span class='ocrx_word' id='word_1_496' title='bbox 2963 1832 3268 1890; x_wconf 86' lang='lat' dir='ltr'><strong>curavimus</strong></span> <span class='ocrx_word' id='word_1_497' title='bbox 3308 1831 3614 1887; x_wconf 79' lang='lat' dir='ltr'><strong>sanitatem.</strong></span> <span class='ocrx_word' id='word_1_498' title='bbox 3653 1849 3673 1882; x_wconf 77' lang='grc' dir='ltr'><strong>ι</strong></span> <span class='ocrx_word' id='word_1_499' title='bbox 3708 1830 3771 1886; x_wconf 84' lang='lat' dir='ltr'><strong>Et</strong></span> 
     </span>
    </p>
   </div>
   <div class='ocr_carea' id='block_1_65' title="bbox 2184 1925 3771 2004">
    <p class='ocr_par' dir='ltr' id='par_1_65' title="bbox 2184 1925 3771 2004">
     <span class='ocr_line' id='line_1_65' title="bbox 2184 1925 3771 2004; baseline -0.006 -16"><span class='ocrx_word' id='word_1_500' title='bbox 2184 1940 2310 2004; x_wconf 90' lang='lat' dir='ltr'><strong>post</strong></span> <span class='ocrx_word' id='word_1_501' title='bbox 2331 1946 2499 2002; x_wconf 85' lang='lat' dir='ltr'><strong>pauca</strong></span> <span class='ocrx_word' id='word_1_502' title='bbox 2528 1949 2543 1985; x_wconf 89' lang='lat'><strong><em>:</em></strong></span> <span class='ocrx_word' id='word_1_503' title='bbox 2577 1950 2596 1983; x_wconf 86' lang='grc' dir='ltr'><strong>ι</strong></span> <span class='ocrx_word' id='word_1_504' title='bbox 2630 1929 2872 1995; x_wconf 82' lang='lat' dir='ltr'><strong>Exsulta,</strong></span> <span class='ocrx_word' id='word_1_505' title='bbox 2904 1926 3072 1984; x_wconf 77' lang='lat' dir='ltr'><strong>frater</strong></span> <span class='ocrx_word' id='word_1_506' title='bbox 3111 1927 3448 1993; x_wconf 87' lang='lat' dir='ltr'><strong>charissime,</strong></span> <span class='ocrx_word' id='word_1_507' title='bbox 3487 1935 3544 1982; x_wconf 89' lang='lat' dir='ltr'><strong>et</strong></span> <span class='ocrx_word' id='word_1_508' title='bbox 3579 1925 3649 1981; x_wconf 91' lang='lat' dir='ltr'><strong>ad</strong></span> <span class='ocrx_word' id='word_1_509' title='bbox 3678 1940 3771 1980; x_wconf 87' lang='lat' dir='ltr'><strong>uos</strong></span> 
     </span>
    </p>
   </div>
   <div class='ocr_carea' id='block_1_66' title="bbox 2184 2018 3767 2088">
    <p class='ocr_par' dir='ltr' id='par_1_66' title="bbox 2184 2018 3767 2088">
     <span class='ocr_line' id='line_1_66' title="bbox 2184 2018 3767 2088; baseline -0.004 -8"><span class='ocrx_word' id='word_1_510' title='bbox 2184 2024 2490 2081; x_wconf 86' lang='lat' dir='ltr'><strong>recollectis</strong></span> <span class='ocrx_word' id='word_1_511' title='bbox 2517 2024 2773 2079; x_wconf 80' lang='lat' dir='ltr'><strong>fratribus</strong></span> <span class='ocrx_word' id='word_1_512' title='bbox 2804 2022 2979 2079; x_wconf 87' lang='lat' dir='ltr'><strong>victor</strong></span> <span class='ocrx_word' id='word_1_513' title='bbox 3006 2021 3236 2078; x_wconf 85' lang='lat' dir='ltr'><strong>exsulta.</strong></span> <span class='ocrx_word' id='word_1_514' title='bbox 3275 2020 3559 2088; x_wconf 63' lang='lat' dir='ltr'><strong>Quaerebat</strong></span> <span class='ocrx_word' id='word_1_515' title='bbox 3587 2018 3767 2074; x_wconf 86' lang='lat' dir='ltr'><strong>Eccle-</strong></span> 
     </span>
    </p>
   </div>
   <div class='ocr_carea' id='block_1_67' title="bbox 2184 2108 3771 2187">
    <p class='ocr_par' dir='ltr' id='par_1_67' title="bbox 2184 2108 3771 2187">
     <span class='ocr_line' id='line_1_67' title="bbox 2184 2108 3771 2187; baseline -0.004 -15"><span class='ocrx_word' id='word_1_516' title='bbox 2184 2116 2265 2172; x_wconf 87' lang='lat' dir='ltr'><strong>sia</strong></span> <span class='ocrx_word' id='word_1_517' title='bbox 2292 2131 2429 2187; x_wconf 88' lang='lat' dir='ltr'><strong>quos</strong></span> <span class='ocrx_word' id='word_1_518' title='bbox 2457 2116 2681 2187; x_wconf 87' lang='lat' dir='ltr'><strong>recepit.</strong></span> <span class='ocrx_word' id='word_1_519' title='bbox 2706 2114 2840 2171; x_wconf 90' lang='lat' dir='ltr'><strong>Nam</strong></span> <span class='ocrx_word' id='word_1_520' title='bbox 2860 2115 2907 2171; x_wconf 89' lang='lat' dir='ltr'><strong>si</strong></span> <span class='ocrx_word' id='word_1_521' title='bbox 2934 2113 3206 2170; x_wconf 88' lang='lat' dir='ltr'><strong>neminem</strong></span> <span class='ocrx_word' id='word_1_522' title='bbox 3232 2112 3410 2184; x_wconf 90' lang='lat' dir='ltr'><strong>perire</strong></span> <span class='ocrx_word' id='word_1_523' title='bbox 3433 2111 3683 2167; x_wconf 75' lang='lat' dir='ltr'><strong>volumus</strong></span> <span class='ocrx_word' id='word_1_524' title='bbox 3709 2108 3771 2165; x_wconf 83' lang='lat' dir='ltr'><strong>de</strong></span> 
     </span>
    </p>
   </div>
   <div class='ocr_carea' id='block_1_68' title="bbox 2183 2205 3771 2281">
    <p class='ocr_par' dir='ltr' id='par_1_68' title="bbox 2183 2205 3771 2281">
     <span class='ocr_line' id='line_1_68' title="bbox 2183 2205 3771 2281; baseline 0 -19"><span class='ocrx_word' id='word_1_525' title='bbox 2183 2209 2413 2281; x_wconf 87' lang='lat' dir='ltr'><strong>pusillis,</strong></span> <span class='ocrx_word' id='word_1_526' title='bbox 2444 2216 2648 2279; x_wconf 85' lang='lat' dir='ltr'><strong>quanto</strong></span> <span class='ocrx_word' id='word_1_527' title='bbox 2674 2208 2846 2277; x_wconf 89' lang='lat' dir='ltr'><strong>magis</strong></span> <span class='ocrx_word' id='word_1_528' title='bbox 2871 2206 3107 2277; x_wconf 90' lang='lat' dir='ltr'><strong>gaudere</strong></span> <span class='ocrx_word' id='word_1_529' title='bbox 3152 2220 3251 2262; x_wconf 91' lang='lat' dir='ltr'><strong>nos</strong></span> <span class='ocrx_word' id='word_1_530' title='bbox 3282 2213 3498 2276; x_wconf 89' lang='lat' dir='ltr'><strong>oportet</strong></span> <span class='ocrx_word' id='word_1_531' title='bbox 3540 2205 3771 2262; x_wconf 78' lang='lat' dir='ltr'><strong>sanitate</strong></span> 
     </span>
    </p>
   </div>
   <div class='ocr_carea' id='block_1_69' title="bbox 2184 2296 3769 2369">
    <p class='ocr_par' dir='ltr' id='par_1_69' title="bbox 2184 2296 3769 2369">
     <span class='ocr_line' id='line_1_69' title="bbox 2184 2296 3769 2369; baseline -0.003 -13"><span class='ocrx_word' id='word_1_532' title='bbox 2184 2308 2478 2357; x_wconf 89' lang='lat' dir='ltr'><strong>rectorum.</strong></span> <span class='ocrx_word' id='word_1_533' title='bbox 2512 2298 2763 2369; x_wconf 79' lang='lat' dir='ltr'><strong>Legimus</strong></span> <span class='ocrx_word' id='word_1_534' title='bbox 2800 2306 3065 2369; x_wconf 90' lang='lat' dir='ltr'><strong>quantum</strong></span> <span class='ocrx_word' id='word_1_535' title='bbox 3091 2298 3271 2368; x_wconf 82' lang='lat' dir='ltr'><strong>gaudii</strong></span> <span class='ocrx_word' id='word_1_536' title='bbox 3298 2311 3404 2353; x_wconf 92' lang='lat' dir='ltr'><strong>uua</strong></span> <span class='ocrx_word' id='word_1_537' title='bbox 3433 2296 3551 2353; x_wconf 86' lang='lat' dir='ltr'><strong>ovis</strong></span> <span class='ocrx_word' id='word_1_538' title='bbox 3578 2311 3769 2369; x_wconf 85' lang='lat' dir='ltr'><strong>repor-</strong></span> 
     </span>
    </p>
   </div>
   <div class='ocr_carea' id='block_1_70' title="bbox 2185 2388 3769 2463">
    <p class='ocr_par' dir='ltr' id='par_1_70' title="bbox 2185 2388 3769 2463">
     <span class='ocr_line' id='line_1_70' title="bbox 2185 2388 3769 2463; baseline -0.002 -15"><span class='ocrx_word' id='word_1_539' title='bbox 2185 2399 2299 2448; x_wconf 87' lang='lat' dir='ltr'><strong>tata</strong></span> <span class='ocrx_word' id='word_1_540' title='bbox 2340 2391 2671 2463; x_wconf 70' lang='lat' dir='ltr'><strong>praastiterit,</strong></span> <span class='ocrx_word' id='word_1_541' title='bbox 2721 2399 2775 2447; x_wconf 90' lang='lat' dir='ltr'><strong>et</strong></span> <span class='ocrx_word' id='word_1_542' title='bbox 2820 2390 3021 2447; x_wconf 88' lang='lat' dir='ltr'><strong>idcirco</strong></span> <span class='ocrx_word' id='word_1_543' title='bbox 3060 2388 3466 2460; x_wconf 87' lang='lat' dir='ltr'><strong>intelligendum</strong></span> <span class='ocrx_word' id='word_1_544' title='bbox 3514 2397 3602 2444; x_wconf 89' lang='lat' dir='ltr'><strong>est</strong></span> <span class='ocrx_word' id='word_1_545' title='bbox 3647 2389 3769 2460; x_wconf 85' lang='lat' dir='ltr'><strong>quid</strong></span> 
     </span>
    </p>
   </div>
   <div class='ocr_carea' id='block_1_71' title="bbox 2183 2481 3769 2555">
    <p class='ocr_par' dir='ltr' id='par_1_71' title="bbox 2183 2481 3769 2555">
     <span class='ocr_line' id='line_1_71' title="bbox 2183 2481 3769 2555; baseline -0.003 -14"><span class='ocrx_word' id='word_1_546' title='bbox 2183 2482 2357 2541; x_wconf 89' lang='lat' dir='ltr'><strong>laudis</strong></span> <span class='ocrx_word' id='word_1_547' title='bbox 2382 2484 2582 2541; x_wconf 88' lang='lat' dir='ltr'><strong>habeat</strong></span> <span class='ocrx_word' id='word_1_548' title='bbox 2618 2491 2703 2540; x_wconf 87' lang='lat' dir='ltr'><strong>tot</strong></span> <span class='ocrx_word' id='word_1_549' title='bbox 2736 2498 3026 2540; x_wconf 82' lang='lat' dir='ltr'><strong>revocasse</strong></span> <span class='ocrx_word' id='word_1_550' title='bbox 3071 2490 3338 2555; x_wconf 88' lang='lat' dir='ltr'><strong>pastores.</strong></span> <span class='ocrx_word' id='word_1_551' title='bbox 3385 2481 3592 2552; x_wconf 85' lang='lat' dir='ltr'><strong>Greges</strong></span> <span class='ocrx_word' id='word_1_552' title='bbox 3632 2481 3769 2554; x_wconf 52' lang='lat' dir='ltr'><strong>aspi.</strong></span> 
     </span>
    </p>
   </div>
   <div class='ocr_carea' id='block_1_72' title="bbox 2184 2575 3769 2647">
    <p class='ocr_par' dir='ltr' id='par_1_72' title="bbox 2184 2575 3769 2647">
     <span class='ocr_line' id='line_1_72' title="bbox 2184 2575 3769 2647; baseline -0.001 -16"><span class='ocrx_word' id='word_1_553' title='bbox 2184 2576 2403 2632; x_wconf 89' lang='lat' dir='ltr'><strong>ciuntur</strong></span> <span class='ocrx_word' id='word_1_554' title='bbox 2427 2576 2483 2632; x_wconf 91' lang='lat' dir='ltr'><strong>in</strong></span> <span class='ocrx_word' id='word_1_555' title='bbox 2522 2576 2765 2647; x_wconf 81' lang='lat' dir='ltr'><strong>singulis,</strong></span> <span class='ocrx_word' id='word_1_556' title='bbox 2816 2591 2916 2633; x_wconf 90' lang='lat' dir='ltr'><strong>nec</strong></span> <span class='ocrx_word' id='word_1_557' title='bbox 2945 2575 3103 2631; x_wconf 89' lang='lat' dir='ltr'><strong>unius</strong></span> <span class='ocrx_word' id='word_1_558' title='bbox 3139 2576 3230 2631; x_wconf 90' lang='lat' dir='ltr'><strong>hic</strong></span> <span class='ocrx_word' id='word_1_559' title='bbox 3275 2590 3439 2631; x_wconf 88' lang='lat' dir='ltr'><strong>causa</strong></span> <span class='ocrx_word' id='word_1_560' title='bbox 3486 2581 3769 2642; x_wconf 84' lang='lat' dir='ltr'><strong>tractatur,</strong></span> 
     </span>
    </p>
   </div>
   <div class='ocr_carea' id='block_1_73' title="bbox 2182 2667 3769 2742">
    <p class='ocr_par' dir='ltr' id='par_1_73' title="bbox 2182 2667 3769 2742">
     <span class='ocr_line' id='line_1_73' title="bbox 2182 2667 3769 2742; baseline -0.002 -16"><span class='ocrx_word' id='word_1_561' title='bbox 2182 2672 2398 2742; x_wconf 89' lang='lat' dir='ltr'><strong>quoties</strong></span> <span class='ocrx_word' id='word_1_562' title='bbox 2434 2670 2610 2741; x_wconf 86' lang='lat' dir='ltr'><strong>agitur</strong></span> <span class='ocrx_word' id='word_1_563' title='bbox 2636 2670 2705 2728; x_wconf 91' lang='lat' dir='ltr'><strong>de</strong></span> <span class='ocrx_word' id='word_1_564' title='bbox 2748 2669 2980 2728; x_wconf 89' lang='lat' dir='ltr'><strong>sanitate</strong></span> <span class='ocrx_word' id='word_1_565' title='bbox 3024 2668 3339 2725; x_wconf 89' lang='lat' dir='ltr'><strong>multorum.</strong></span> <span class='ocrx_word' id='word_1_566' title='bbox 3372 2687 3391 2720; x_wconf 76' lang='grc' dir='ltr'><strong>ι</strong></span> <span class='ocrx_word' id='word_1_567' title='bbox 3437 2667 3507 2721; x_wconf 89' lang='lat' dir='ltr'><strong>Et</strong></span> <span class='ocrx_word' id='word_1_568' title='bbox 3547 2682 3769 2723; x_wconf 88' lang='lat' dir='ltr'><strong>rursus:</strong></span> 
     </span>
    </p>
   </div>
   <div class='ocr_carea' id='block_1_74' title="bbox 2190 2748 3769 2832">
    <p class='ocr_par' dir='ltr' id='par_1_74' title="bbox 2190 2748 3769 2832">
     <span class='ocr_line' id='line_1_74' title="bbox 2190 2748 3769 2832; baseline -0.001 -17"><span class='ocrx_word' id='word_1_569' title='bbox 2190 2780 2211 2815; x_wconf 85' lang='grc' dir='ltr'><strong>ε</strong></span> <span class='ocrx_word' id='word_1_570' title='bbox 2245 2760 2487 2829; x_wconf 88' lang='lat' dir='ltr'><strong>Gaudeo,</strong></span> <span class='ocrx_word' id='word_1_571' title='bbox 2520 2748 2715 2832; x_wconf 86' lang='lat' dir='ltr'><strong>inquit,</strong></span> <span class='ocrx_word' id='word_1_572' title='bbox 2758 2760 3107 2817; x_wconf 65' lang='lat' dir='ltr'><strong>Antiochenae</strong></span> <span class='ocrx_word' id='word_1_573' title='bbox 3152 2759 3406 2816; x_wconf 73' lang='lat' dir='ltr'><strong>Ecclesiae</strong></span> <span class='ocrx_word' id='word_1_574' title='bbox 3433 2758 3769 2816; x_wconf 84' lang='lat' dir='ltr'><strong>sacerdotem</strong></span> 
     </span>
    </p>
   </div>
   <div class='ocr_carea' id='block_1_75' title="bbox 2182 2851 3770 2925">
    <p class='ocr_par' dir='ltr' id='par_1_75' title="bbox 2182 2851 3770 2925">
     <span class='ocr_line' id='line_1_75' title="bbox 2182 2851 3770 2925; baseline -0.001 -15"><span class='ocrx_word' id='word_1_575' title='bbox 2182 2854 2367 2911; x_wconf 82' lang='lat' dir='ltr'><strong>vocari</strong></span> <span class='ocrx_word' id='word_1_576' title='bbox 2407 2854 2521 2925; x_wconf 90' lang='lat' dir='ltr'><strong>jam</strong></span> <span class='ocrx_word' id='word_1_577' title='bbox 2550 2869 2581 2908; x_wconf 91' lang='lat' dir='ltr'><strong>a</strong></span> <span class='ocrx_word' id='word_1_578' title='bbox 2608 2854 2898 2910; x_wconf 86' lang='lat' dir='ltr'><strong>sanctitate</strong></span> <span class='ocrx_word' id='word_1_579' title='bbox 2937 2861 3028 2910; x_wconf 91' lang='lat' dir='ltr'><strong>tua</strong></span> <span class='ocrx_word' id='word_1_580' title='bbox 3075 2852 3436 2910; x_wconf 86' lang='lat' dir='ltr'><strong>venerabilem</strong></span> <span class='ocrx_word' id='word_1_581' title='bbox 3481 2851 3681 2922; x_wconf 85' lang='lat' dir='ltr'><strong>virum,</strong></span> <span class='ocrx_word' id='word_1_582' title='bbox 3719 2857 3770 2909; x_wconf 81' lang='lat' dir='ltr'><strong>et</strong></span> 
     </span>
    </p>
   </div>
   <div class='ocr_carea' id='block_1_76' title="bbox 2184 2945 3769 3015">
    <p class='ocr_par' dir='ltr' id='par_1_76' title="bbox 2184 2945 3769 3015">
     <span class='ocr_line' id='line_1_76' title="bbox 2184 2945 3769 3015; baseline -0.003 -12"><span class='ocrx_word' id='word_1_583' title='bbox 2184 2947 2474 3015; x_wconf 90' lang='lat' dir='ltr'><strong>domuum;</strong></span> <span class='ocrx_word' id='word_1_584' title='bbox 2499 2953 2554 3003; x_wconf 90' lang='lat' dir='ltr'><strong>et</strong></span> <span class='ocrx_word' id='word_1_585' title='bbox 2573 2947 2769 3003; x_wconf 89' lang='lat' dir='ltr'><strong>merito</strong></span> <span class='ocrx_word' id='word_1_586' title='bbox 2797 2954 3024 3004; x_wconf 84' lang='lat' dir='ltr'><strong>vocatur</strong></span> <span class='ocrx_word' id='word_1_587' title='bbox 3054 2946 3283 3002; x_wconf 90' lang='lat' dir='ltr'><strong>domnus</strong></span> <span class='ocrx_word' id='word_1_588' title='bbox 3309 2945 3401 3015; x_wconf 90' lang='lat' dir='ltr'><strong>qui</strong></span> <span class='ocrx_word' id='word_1_589' title='bbox 3431 2958 3769 3000; x_wconf 87' lang='lat' dir='ltr'><strong>communem</strong></span> 
     </span>
    </p>
   </div>
   <div class='ocr_carea' id='block_1_77' title="bbox 2184 3037 3769 3111">
    <p class='ocr_par' dir='ltr' id='par_1_77' title="bbox 2184 3037 3769 3111">
     <span class='ocr_line' id='line_1_77' title="bbox 2184 3037 3769 3111; baseline -0.003 -15"><span class='ocrx_word' id='word_1_590' title='bbox 2184 3039 2473 3096; x_wconf 89' lang='lat' dir='ltr'><strong>Dominum</strong></span> <span class='ocrx_word' id='word_1_591' title='bbox 2504 3040 2840 3110; x_wconf 80' lang='lat' dir='ltr'><strong>recognovit,</strong></span> <span class='ocrx_word' id='word_1_592' title='bbox 2874 3040 2967 3111; x_wconf 89' lang='lat' dir='ltr'><strong>qui</strong></span> <span class='ocrx_word' id='word_1_593' title='bbox 2996 3038 3380 3096; x_wconf 89' lang='lat' dir='ltr'><strong>incarnationis</strong></span> <span class='ocrx_word' id='word_1_594' title='bbox 3429 3037 3769 3111; x_wconf 85' lang='lat' dir='ltr'><strong>mysterium,</strong></span> 
     </span>
    </p>
   </div>
   <div class='ocr_carea' id='block_1_78' title="bbox 2183 3126 3769 3198">
    <p class='ocr_par' dir='ltr' id='par_1_78' title="bbox 2183 3126 3769 3198">
     <span class='ocr_line' id='line_1_78' title="bbox 2183 3126 3769 3198; baseline -0.002 -11"><span class='ocrx_word' id='word_1_595' title='bbox 2183 3147 2319 3189; x_wconf 85' lang='lat' dir='ltr'><strong>voce</strong></span> <span class='ocrx_word' id='word_1_596' title='bbox 2329 3132 2616 3198; x_wconf 84' lang='lat' dir='ltr'><strong>catholica,</strong></span> <span class='ocrx_word' id='word_1_597' title='bbox 2636 3133 2917 3189; x_wconf 88' lang='lat' dir='ltr'><strong>nobiscum</strong></span> <span class='ocrx_word' id='word_1_598' title='bbox 2931 3130 3236 3188; x_wconf 84' lang='lat' dir='ltr'><strong>conﬁtetur.</strong></span> <span class='ocrx_word' id='word_1_599' title='bbox 3261 3148 3279 3184; x_wconf 76' lang='grc' dir='ltr'><strong>ι</strong></span> <span class='ocrx_word' id='word_1_600' title='bbox 3301 3128 3603 3186; x_wconf 87' lang='lat' dir='ltr'><strong>Etiterum:</strong></span> <span class='ocrx_word' id='word_1_601' title='bbox 3626 3147 3646 3181; x_wconf 83' lang='grc' dir='ltr'><strong>ε</strong></span> <span class='ocrx_word' id='word_1_602' title='bbox 3664 3126 3769 3184; x_wconf 79' lang='lat' dir='ltr'><strong>Vo-</strong></span> 
     </span>
    </p>
   </div>
   <div class='ocr_carea' id='block_1_79' title="bbox 2184 3222 3768 3296">
    <p class='ocr_par' dir='ltr' id='par_1_79' title="bbox 2184 3222 3768 3296">
     <span class='ocr_line' id='line_1_79' title="bbox 2184 3222 3768 3296; baseline -0.001 -17"><span class='ocrx_word' id='word_1_603' title='bbox 2184 3225 2327 3291; x_wconf 64' lang='lat' dir='ltr'><strong>tivaa,</strong></span> <span class='ocrx_word' id='word_1_604' title='bbox 2358 3225 2454 3290; x_wconf 90' lang='lat' dir='ltr'><strong>ait,</strong></span> <span class='ocrx_word' id='word_1_605' title='bbox 2481 3232 2608 3280; x_wconf 86' lang='lat' dir='ltr'><strong>sunt</strong></span> <span class='ocrx_word' id='word_1_606' title='bbox 2628 3240 2845 3296; x_wconf 90' lang='lat' dir='ltr'><strong>semper</strong></span> <span class='ocrx_word' id='word_1_607' title='bbox 2863 3224 3124 3283; x_wconf 64' lang='lat' dir='ltr'><strong>molestiae</strong></span> <span class='ocrx_word' id='word_1_608' title='bbox 3156 3223 3319 3280; x_wconf 81' lang='lat' dir='ltr'><strong>ﬁdem</strong></span> <span class='ocrx_word' id='word_1_609' title='bbox 3338 3222 3768 3295; x_wconf 63' lang='lat' dir='ltr'><strong>praedicandum;</strong></span> 
     </span>
    </p>
   </div>
   <div class='ocr_carea' id='block_1_80' title="bbox 2183 3314 3769 3389">
    <p class='ocr_par' dir='ltr' id='par_1_80' title="bbox 2183 3314 3769 3389">
     <span class='ocr_line' id='line_1_80' title="bbox 2183 3314 3769 3389; baseline -0.001 -15"><span class='ocrx_word' id='word_1_610' title='bbox 2183 3317 2268 3374; x_wconf 90' lang='lat' dir='ltr'><strong>his</strong></span> <span class='ocrx_word' id='word_1_611' title='bbox 2279 3331 2514 3387; x_wconf 89' lang='lat' dir='ltr'><strong>namque</strong></span> <span class='ocrx_word' id='word_1_612' title='bbox 2533 3331 2656 3373; x_wconf 89' lang='lat' dir='ltr'><strong>cum</strong></span> <span class='ocrx_word' id='word_1_613' title='bbox 2676 3317 3010 3373; x_wconf 88' lang='lat' dir='ltr'><strong>beatitudine</strong></span> <span class='ocrx_word' id='word_1_614' title='bbox 3020 3317 3239 3389; x_wconf 92' lang='lat' dir='ltr'><strong>copiosa</strong></span> <span class='ocrx_word' id='word_1_615' title='bbox 3250 3330 3460 3373; x_wconf 87' lang='lat' dir='ltr'><strong>merces</strong></span> <span class='ocrx_word' id='word_1_616' title='bbox 3474 3323 3699 3387; x_wconf 84' lang='lat' dir='ltr'><strong>paratur</strong></span> <span class='ocrx_word' id='word_1_617' title='bbox 3716 3314 3769 3372; x_wconf 89' lang='lat' dir='ltr'><strong>in</strong></span> 
     </span>
    </p>
   </div>
   <div class='ocr_carea' id='block_1_81' title="bbox 2183 3408 3769 3480">
    <p class='ocr_par' dir='ltr' id='par_1_81' title="bbox 2183 3408 3769 3480">
     <span class='ocr_line' id='line_1_81' title="bbox 2183 3408 3769 3480; baseline -0.001 -14"><span class='ocrx_word' id='word_1_618' title='bbox 2183 3408 2343 3476; x_wconf 61' lang='lat' dir='ltr'><strong>celo,</strong></span> <span class='ocrx_word' id='word_1_619' title='bbox 2360 3409 2554 3480; x_wconf 92' lang='lat' dir='ltr'><strong>quibus</strong></span> <span class='ocrx_word' id='word_1_620' title='bbox 2574 3418 2797 3480; x_wconf 90' lang='lat' dir='ltr'><strong>propter</strong></span> <span class='ocrx_word' id='word_1_621' title='bbox 2805 3409 3067 3480; x_wconf 86' lang='lat' dir='ltr'><strong>justitiam</strong></span> <span class='ocrx_word' id='word_1_622' title='bbox 3088 3409 3769 3480; x_wconf 86' lang='lat' dir='ltr'><strong>maledictiones,persecu-</strong></span> 
     </span>
    </p>
   </div>
   <div class='ocr_carea' id='block_1_82' title="bbox 2181 3500 3771 3574">
    <p class='ocr_par' dir='ltr' id='par_1_82' title="bbox 2181 3500 3771 3574">
     <span class='ocr_line' id='line_1_82' title="bbox 2181 3500 3771 3574; baseline 0.004 -20"><span class='ocrx_word' id='word_1_623' title='bbox 2181 3500 2380 3567; x_wconf 91' lang='lat' dir='ltr'><strong>tiones,</strong></span> <span class='ocrx_word' id='word_1_624' title='bbox 2402 3508 2460 3557; x_wconf 90' lang='lat' dir='ltr'><strong>et</strong></span> <span class='ocrx_word' id='word_1_625' title='bbox 2477 3516 2639 3559; x_wconf 88' lang='lat' dir='ltr'><strong>omne</strong></span> <span class='ocrx_word' id='word_1_626' title='bbox 2658 3502 2861 3558; x_wconf 90' lang='lat' dir='ltr'><strong>malum</strong></span> <span class='ocrx_word' id='word_1_627' title='bbox 2871 3504 3177 3574; x_wconf 65' lang='lat' dir='ltr'><strong>praecipitur</strong></span> <span class='ocrx_word' id='word_1_628' title='bbox 3189 3504 3475 3560; x_wconf 88' lang='lat' dir='ltr'><strong>sustinere.</strong></span> <span class='ocrx_word' id='word_1_629' title='bbox 3495 3501 3695 3559; x_wconf 88' lang='lat' dir='ltr'><strong>Passus</strong></span> <span class='ocrx_word' id='word_1_630' title='bbox 3713 3517 3771 3560; x_wconf 78' lang='lat' dir='ltr'><strong>ea</strong></span> 
     </span>
    </p>
   </div>
   <div class='ocr_carea' id='block_1_83' title="bbox 2180 3590 3769 3663">
    <p class='ocr_par' dir='ltr' id='par_1_83' title="bbox 2180 3590 3769 3663">
     <span class='ocr_line' id='line_1_83' title="bbox 2180 3590 3769 3663; baseline 0.004 -18"><span class='ocrx_word' id='word_1_631' title='bbox 2180 3590 2491 3659; x_wconf 81' lang='lat' dir='ltr'><strong>falsitatem,</strong></span> <span class='ocrx_word' id='word_1_632' title='bbox 2513 3592 2855 3650; x_wconf 87' lang='lat' dir='ltr'><strong>utvictricem</strong></span> <span class='ocrx_word' id='word_1_633' title='bbox 2873 3592 3082 3651; x_wconf 84' lang='lat' dir='ltr'><strong>faceres</strong></span> <span class='ocrx_word' id='word_1_634' title='bbox 3090 3595 3392 3663; x_wconf 84' lang='lat' dir='ltr'><strong>veritatem,</strong></span> <span class='ocrx_word' id='word_1_635' title='bbox 3406 3603 3463 3650; x_wconf 89' lang='lat' dir='ltr'><strong>et</strong></span> <span class='ocrx_word' id='word_1_636' title='bbox 3482 3593 3606 3651; x_wconf 90' lang='lat' dir='ltr'><strong>ideo</strong></span> <span class='ocrx_word' id='word_1_637' title='bbox 3628 3609 3769 3652; x_wconf 88' lang='lat' dir='ltr'><strong>nunc</strong></span> 
     </span>
    </p>
   </div>
   <div class='ocr_carea' id='block_1_84' title="bbox 2180 3683 3767 3760">
    <p class='ocr_par' dir='ltr' id='par_1_84' title="bbox 2180 3683 3767 3760">
     <span class='ocr_line' id='line_1_84' title="bbox 2180 3683 3767 3760; baseline 0.003 -20"><span class='ocrx_word' id='word_1_638' title='bbox 2180 3683 2541 3742; x_wconf 89' lang='lat' dir='ltr'><strong>insultandum</strong></span> <span class='ocrx_word' id='word_1_639' title='bbox 2570 3694 2652 3743; x_wconf 89' lang='lat' dir='ltr'><strong>est</strong></span> <span class='ocrx_word' id='word_1_640' title='bbox 2669 3686 2918 3756; x_wconf 79' lang='lat' dir='ltr'><strong>falsitati,</strong></span> <span class='ocrx_word' id='word_1_641' title='bbox 2940 3687 3067 3759; x_wconf 90' lang='lat' dir='ltr'><strong>quia</strong></span> <span class='ocrx_word' id='word_1_642' title='bbox 3086 3686 3264 3744; x_wconf 89' lang='lat' dir='ltr'><strong>nullus</strong></span> <span class='ocrx_word' id='word_1_643' title='bbox 3277 3687 3456 3759; x_wconf 91' lang='lat' dir='ltr'><strong>perire</strong></span> <span class='ocrx_word' id='word_1_644' title='bbox 3480 3688 3661 3760; x_wconf 88' lang='lat' dir='ltr'><strong>potuit</strong></span> <span class='ocrx_word' id='word_1_645' title='bbox 3679 3702 3767 3745; x_wconf 87' lang='lat' dir='ltr'><strong>ve-</strong></span> 
     </span>
    </p>
   </div>
   <div class='ocr_carea' id='block_1_85' title="bbox 2180 3776 3767 3851">
    <p class='ocr_par' dir='ltr' id='par_1_85' title="bbox 2180 3776 3767 3851">
     <span class='ocr_line' id='line_1_85' title="bbox 2180 3776 3767 3851; baseline 0.003 -19"><span class='ocrx_word' id='word_1_646' title='bbox 2180 3776 2346 3833; x_wconf 90' lang='lat' dir='ltr'><strong>ritati.</strong></span> <span class='ocrx_word' id='word_1_647' title='bbox 2381 3798 2401 3831; x_wconf 77' lang='grc'><strong>»</strong></span> <span class='ocrx_word' id='word_1_648' title='bbox 2436 3778 2516 3835; x_wconf 87' lang='lat' dir='ltr'><strong>Ac</strong></span> <span class='ocrx_word' id='word_1_649' title='bbox 2534 3778 2781 3851; x_wconf 90' lang='lat' dir='ltr'><strong>denique.</strong></span> <span class='ocrx_word' id='word_1_650' title='bbox 2818 3798 2838 3833; x_wconf 83' lang='grc' dir='ltr'><strong>ι</strong></span> <span class='ocrx_word' id='word_1_651' title='bbox 2873 3778 3019 3847; x_wconf 65' lang='lat' dir='ltr'><strong>Haac,</strong></span> <span class='ocrx_word' id='word_1_652' title='bbox 3052 3779 3241 3850; x_wconf 89' lang='lat' dir='ltr'><strong>inquit,</strong></span> <span class='ocrx_word' id='word_1_653' title='bbox 3266 3779 3336 3836; x_wconf 89' lang='lat' dir='ltr'><strong>ad</strong></span> <span class='ocrx_word' id='word_1_654' title='bbox 3363 3780 3767 3836; x_wconf 87' lang='lat' dir='ltr'><strong>venerationem</strong></span> 
     </span>
    </p>
   </div>
   <div class='ocr_carea' id='block_1_86' title="bbox 2181 3869 3767 3943">
    <p class='ocr_par' dir='ltr' id='par_1_86' title="bbox 2181 3869 3767 3943">
     <span class='ocr_line' id='line_1_86' title="bbox 2181 3869 3767 3943; baseline 0.003 -19"><span class='ocrx_word' id='word_1_655' title='bbox 2181 3876 2327 3926; x_wconf 87' lang='lat' dir='ltr'><strong>tuam</strong></span> <span class='ocrx_word' id='word_1_656' title='bbox 2350 3869 2660 3927; x_wconf 88' lang='lat' dir='ltr'><strong>fraternitas</strong></span> <span class='ocrx_word' id='word_1_657' title='bbox 2681 3886 2895 3928; x_wconf 90' lang='lat' dir='ltr'><strong>mecum</strong></span> <span class='ocrx_word' id='word_1_658' title='bbox 2936 3880 3124 3928; x_wconf 87' lang='lat' dir='ltr'><strong>sancta</strong></span> <span class='ocrx_word' id='word_1_659' title='bbox 3149 3871 3355 3942; x_wconf 85' lang='lat' dir='ltr'><strong>scribit,</strong></span> <span class='ocrx_word' id='word_1_660' title='bbox 3378 3872 3619 3943; x_wconf 88' lang='lat' dir='ltr'><strong>probans</strong></span> <span class='ocrx_word' id='word_1_661' title='bbox 3650 3881 3767 3929; x_wconf 86' lang='lat' dir='ltr'><strong>tuos</strong></span> 
     </span>
    </p>
   </div>
   <div class='ocr_carea' id='block_1_87' title="bbox 2180 3964 3766 4036">
    <p class='ocr_par' dir='ltr' id='par_1_87' title="bbox 2180 3964 3766 4036">
     <span class='ocr_line' id='line_1_87' title="bbox 2180 3964 3766 4036; baseline 0.001 -16"><span class='ocrx_word' id='word_1_662' title='bbox 2180 3964 2236 4020; x_wconf 89' lang='lat' dir='ltr'><strong>in</strong></span> <span class='ocrx_word' id='word_1_663' title='bbox 2265 3966 2536 4033; x_wconf 90' lang='lat' dir='ltr'><strong>omnibus,</strong></span> <span class='ocrx_word' id='word_1_664' title='bbox 2565 3972 2621 4022; x_wconf 91' lang='lat' dir='ltr'><strong>et</strong></span> <span class='ocrx_word' id='word_1_665' title='bbox 2645 3965 2970 4021; x_wconf 83' lang='lat' dir='ltr'><strong>conﬁrmans</strong></span> <span class='ocrx_word' id='word_1_666' title='bbox 2997 3965 3230 4033; x_wconf 87' lang='lat' dir='ltr'><strong>labores,</strong></span> <span class='ocrx_word' id='word_1_667' title='bbox 3255 3965 3345 4036; x_wconf 90' lang='lat' dir='ltr'><strong>qui</strong></span> <span class='ocrx_word' id='word_1_668' title='bbox 3372 3973 3556 4021; x_wconf 89' lang='lat' dir='ltr'><strong>tamen</strong></span> <span class='ocrx_word' id='word_1_669' title='bbox 3576 3978 3766 4035; x_wconf 81' lang='lat' dir='ltr'><strong>graves</strong></span> 
     </span>
    </p>
   </div>
   <div class='ocr_carea' id='block_1_88' title="bbox 2181 4058 3765 4132">
    <p class='ocr_par' dir='ltr' id='par_1_88' title="bbox 2181 4058 3765 4132">
     <span class='ocr_line' id='line_1_88' title="bbox 2181 4058 3765 4132; baseline 0.004 -21"><span class='ocrx_word' id='word_1_670' title='bbox 2181 4063 2273 4111; x_wconf 90' lang='lat' dir='ltr'><strong>aut</strong></span> <span class='ocrx_word' id='word_1_671' title='bbox 2309 4058 2479 4113; x_wconf 88' lang='lat' dir='ltr'><strong>amari</strong></span> <span class='ocrx_word' id='word_1_672' title='bbox 2522 4073 2642 4115; x_wconf 90' lang='lat' dir='ltr'><strong>esse</strong></span> <span class='ocrx_word' id='word_1_673' title='bbox 2687 4074 2794 4115; x_wconf 88' lang='lat' dir='ltr'><strong>non</strong></span> <span class='ocrx_word' id='word_1_674' title='bbox 2840 4067 3150 4132; x_wconf 82' lang='lat' dir='ltr'><strong>potuertmt,</strong></span> <span class='ocrx_word' id='word_1_675' title='bbox 3194 4060 3321 4132; x_wconf 86' lang='lat' dir='ltr'><strong>quia</strong></span> <span class='ocrx_word' id='word_1_676' title='bbox 3368 4059 3494 4117; x_wconf 91' lang='lat' dir='ltr'><strong>huic</strong></span> <span class='ocrx_word' id='word_1_677' title='bbox 3538 4058 3765 4131; x_wconf 82' lang='lat' dir='ltr'><strong>impensi</strong></span> 
     </span>
    </p>
   </div>
   <div class='ocr_carea' id='block_1_89' title="bbox 2178 4150 3758 4224">
    <p class='ocr_par' dir='ltr' id='par_1_89' title="bbox 2178 4150 3758 4224">
     <span class='ocr_line' id='line_1_89' title="bbox 2178 4150 3758 4224; baseline 0.002 -21"><span class='ocrx_word' id='word_1_678' title='bbox 2178 4154 2323 4216; x_wconf 89' lang='lat' dir='ltr'><strong>sunt,</strong></span> <span class='ocrx_word' id='word_1_679' title='bbox 2367 4150 2519 4219; x_wconf 89' lang='lat' dir='ltr'><strong>cujus</strong></span> <span class='ocrx_word' id='word_1_680' title='bbox 2546 4165 2684 4207; x_wconf 89' lang='lat' dir='ltr'><strong>onus</strong></span> <span class='ocrx_word' id='word_1_681' title='bbox 2711 4150 2849 4218; x_wconf 88' lang='lat' dir='ltr'><strong>leve,</strong></span> <span class='ocrx_word' id='word_1_682' title='bbox 2877 4160 2935 4208; x_wconf 90' lang='lat' dir='ltr'><strong>et</strong></span> <span class='ocrx_word' id='word_1_683' title='bbox 2973 4150 3161 4222; x_wconf 88' lang='lat' dir='ltr'><strong>jugum</strong></span> <span class='ocrx_word' id='word_1_684' title='bbox 3194 4166 3362 4208; x_wconf 85' lang='lat' dir='ltr'><strong>suave</strong></span> <span class='ocrx_word' id='word_1_685' title='bbox 3399 4160 3701 4224; x_wconf 89' lang='lat' dir='ltr'><strong>portamus.</strong></span> <span class='ocrx_word' id='word_1_686' title='bbox 3738 4169 3758 4206; x_wconf 79' lang='grc' dir='ltr'><strong>ι</strong></span> 
     </span>
    </p>
   </div>
   <div class='ocr_carea' id='block_1_90' title="bbox 2251 4239 3762 4318">
    <p class='ocr_par' dir='ltr' id='par_1_90' title="bbox 2251 4239 3762 4318">
     <span class='ocr_line' id='line_1_90' title="bbox 2251 4239 3762 4318; baseline 0.004 -23"><span class='ocrx_word' id='word_1_687' title='bbox 2251 4239 2377 4298; x_wconf 65' lang='lat' dir='ltr'><strong>Haec</strong></span> <span class='ocrx_word' id='word_1_688' title='bbox 2405 4242 2473 4298; x_wconf 91' lang='lat' dir='ltr'><strong>ad</strong></span> <span class='ocrx_word' id='word_1_689' title='bbox 2492 4241 2550 4298; x_wconf 90' lang='lat' dir='ltr'><strong>S.</strong></span> <span class='ocrx_word' id='word_1_690' title='bbox 2581 4242 2838 4316; x_wconf 88' lang='lat' dir='ltr'><strong>Cyrillum</strong></span> <span class='ocrx_word' id='word_1_691' title='bbox 2885 4244 2956 4300; x_wconf 91' lang='lat' dir='ltr'><strong>de</strong></span> <span class='ocrx_word' id='word_1_692' title='bbox 3004 4242 3368 4301; x_wconf 86' lang='lat' dir='ltr'><strong>Orientalibus</strong></span> <span class='ocrx_word' id='word_1_693' title='bbox 3415 4244 3475 4302; x_wconf 89' lang='lat' dir='ltr'><strong>S.</strong></span> <span class='ocrx_word' id='word_1_694' title='bbox 3526 4244 3762 4318; x_wconf 82' lang='lat' dir='ltr'><strong>Xystus;</strong></span> 
     </span>
    </p>
   </div>
   <div class='ocr_carea' id='block_1_91' title="bbox 2177 4331 3763 4411">
    <p class='ocr_par' dir='ltr' id='par_1_91' title="bbox 2177 4331 3763 4411">
     <span class='ocr_line' id='line_1_91' title="bbox 2177 4331 3763 4411; baseline 0.005 -24"><span class='ocrx_word' id='word_1_695' title='bbox 2177 4331 2275 4388; x_wconf 89' lang='lat' dir='ltr'><strong>sed</strong></span> <span class='ocrx_word' id='word_1_696' title='bbox 2300 4347 2423 4388; x_wconf 93' lang='lat' dir='ltr'><strong>cum</strong></span> <span class='ocrx_word' id='word_1_697' title='bbox 2449 4332 2615 4389; x_wconf 91' lang='lat' dir='ltr'><strong>stulte</strong></span> <span class='ocrx_word' id='word_1_698' title='bbox 2637 4333 2923 4391; x_wconf 90' lang='lat' dir='ltr'><strong>admodum</strong></span> <span class='ocrx_word' id='word_1_699' title='bbox 2948 4335 3282 4406; x_wconf 90' lang='lat' dir='ltr'><strong>protuleritis</strong></span> <span class='ocrx_word' id='word_1_700' title='bbox 3308 4338 3533 4408; x_wconf 91' lang='lat' dir='ltr'><strong>pariter,</strong></span> <span class='ocrx_word' id='word_1_701' title='bbox 3562 4352 3630 4394; x_wconf 89' lang='lat' dir='ltr'><strong>ea</strong></span> <span class='ocrx_word' id='word_1_702' title='bbox 3652 4338 3763 4411; x_wconf 87' lang='lat' dir='ltr'><strong>epi-</strong></span> 
     </span>
    </p>
   </div>
   <div class='ocr_carea' id='block_1_92' title="bbox 2176 4416 3762 4497">
    <p class='ocr_par' dir='ltr' id='par_1_92' title="bbox 2176 4416 3762 4497">
     <span class='ocr_line' id='line_1_92' title="bbox 2176 4416 3762 4497; baseline 0.006 -16"><span class='ocrx_word' id='word_1_703' title='bbox 2176 4425 2329 4482; x_wconf 68' lang='lat' dir='ltr'><strong>stolae</strong></span> <span class='ocrx_word' id='word_1_704' title='bbox 2363 4416 2485 4497; x_wconf 50' lang='lat' dir='ltr'><strong>quas</strong></span> <span class='ocrx_word' id='word_1_705' title='bbox 2503 4425 2572 4480; x_wconf 90' lang='lat' dir='ltr'><strong>ad</strong></span> <span class='ocrx_word' id='word_1_706' title='bbox 2598 4425 2790 4482; x_wconf 74' lang='lat' dir='ltr'><strong>Marini</strong></span> <span class='ocrx_word' id='word_1_707' title='bbox 2819 4425 3039 4484; x_wconf 88' lang='lat' dir='ltr'><strong>Persam</strong></span> <span class='ocrx_word' id='word_1_708' title='bbox 3069 4428 3380 4487; x_wconf 83' lang='lat' dir='ltr'><strong>inscribitur</strong></span> <span class='ocrx_word' id='word_1_709' title='bbox 3417 4430 3762 4491; x_wconf 81' lang='lat' dir='ltr'><strong>damnatione</strong></span> 
     </span>
    </p>
   </div>
   <div class='ocr_carea' id='block_1_93' title="bbox 2177 4516 3758 4595">
    <p class='ocr_par' dir='ltr' id='par_1_93' title="bbox 2177 4516 3758 4595">
     <span class='ocr_line' id='line_1_93' title="bbox 2177 4516 3758 4595; baseline 0.006 -23"><span class='ocrx_word' id='word_1_710' title='bbox 2177 4516 2298 4574; x_wconf 65' lang='lat' dir='ltr'><strong>laedi</strong></span> <span class='ocrx_word' id='word_1_711' title='bbox 2369 4518 2543 4574; x_wconf 88' lang='lat' dir='ltr'><strong>sancti</strong></span> <span class='ocrx_word' id='word_1_712' title='bbox 2583 4517 3037 4577; x_wconf 89' lang='lat' dir='ltr'><strong>Chalcedonensis</strong></span> <span class='ocrx_word' id='word_1_713' title='bbox 3085 4523 3302 4578; x_wconf 91' lang='lat' dir='ltr'><strong>concilii</strong></span> <span class='ocrx_word' id='word_1_714' title='bbox 3352 4523 3758 4595; x_wconf 82' lang='lat' dir='ltr'><strong>deﬁnitionem,</strong></span> 
     </span>
    </p>
   </div>
   <div class='ocr_carea' id='block_1_94' title="bbox 478 4594 2078 4718">
    <p class='ocr_par' dir='ltr' id='par_1_94' title="bbox 478 4594 2066 4718">
     <span class='ocr_line' id='line_1_94' title="bbox 478 4594 2066 4689; baseline 0.014 -41"><span class='ocrx_word' id='word_1_715' title='bbox 478 4594 604 4655; x_wconf 77' lang='grc' dir='ltr'>ϐοῦς</span> <span class='ocrx_word' id='word_1_716' title='bbox 632 4597 759 4674; x_wconf 83' lang='grc' dir='ltr'>πρὸς</span> <span class='ocrx_word' id='word_1_717' title='bbox 782 4598 954 4673; x_wconf 82' lang='grc' dir='ltr'>Μοίριν</span> <span class='ocrx_word' id='word_1_718' title='bbox 978 4601 1267 4670; x_wconf 77' lang='grc' dir='ltr'>ἐπιστολῆς,</span> <span class='ocrx_word' id='word_1_719' title='bbox 1297 4607 1560 4679; x_wconf 76' lang='grc' dir='ltr'>ἐρωτῶμεν</span> <span class='ocrx_word' id='word_1_720' title='bbox 1583 4594 1749 4677; x_wconf 70' lang='grc' dir='ltr'>ύμάς,</span> <span class='ocrx_word' id='word_1_721' title='bbox 1779 4616 1909 4687; x_wconf 87' lang='grc' dir='ltr'>ποίῳ</span> <span class='ocrx_word' id='word_1_722' title='bbox 1937 4615 2066 4689; x_wconf 85' lang='grc' dir='ltr'>λόγῳ</span> 
     </span>
     <span class='ocr_line' id='line_1_95' title="bbox 478 4687 1953 4718; baseline 0 0"><span class='ocrx_word' id='word_1_723' title='bbox 478 4690 629 4718; x_wconf 56' lang='grc' dir='ltr'>-Αῧηιιι</span> <span class='ocrx_word' id='word_1_724' title='bbox 654 4687 955 4718; x_wconf 65' lang='grc' dir='ltr'><strong>ι’.-...ι.3.ι..--</strong></span> <span class='ocrx_word' id='word_1_725' title='bbox 991 4692 1196 4718; x_wconf 53' lang='grc' dir='ltr'><strong>-.-3μ--μ.</strong></span> <span class='ocrx_word' id='word_1_726' title='bbox 1250 4707 1291 4718; x_wconf 76' lang='grc'>.-</span> <span class='ocrx_word' id='word_1_727' title='bbox 1312 4700 1321 4716; x_wconf 72' lang='lat' dir='ltr'><strong>r</strong></span> <span class='ocrx_word' id='word_1_728' title='bbox 1366 4691 1392 4713; x_wconf 68' lang='grc' dir='ltr'><strong><em>τ</em></strong></span> <span class='ocrx_word' id='word_1_729' title='bbox 1411 4717 1420 4718; x_wconf 56' lang='lat'><strong><em>,</em></strong></span> <span class='ocrx_word' id='word_1_730' title='bbox 1599 4704 1644 4718; x_wconf 69' lang='lat' dir='ltr'><strong>u-</strong></span> <span class='ocrx_word' id='word_1_731' title='bbox 1800 4708 1810 4718; x_wconf 81' lang='grc'><em>.</em></span> <span class='ocrx_word' id='word_1_732' title='bbox 1880 4704 1908 4718; x_wconf 75' lang='grc' dir='ltr'>ιο</span> <span class='ocrx_word' id='word_1_733' title='bbox 1931 4708 1953 4718; x_wconf 71' lang='grc' dir='ltr'>ιι</span> 
     </span>
    </p>
   </div>
   <div class='ocr_carea' id='block_1_95' title="bbox 2183 4594 3759 4718">
    <p class='ocr_par' dir='ltr' id='par_1_95' title="bbox 2183 4594 3759 4682">
     <span class='ocr_line' id='line_1_96' title="bbox 2183 4594 3759 4682; baseline 0.009 -19"><span class='ocrx_word' id='word_1_734' title='bbox 2183 4609 2464 4679; x_wconf 64' lang='lat' dir='ltr'><strong>quaerimus</strong></span> <span class='ocrx_word' id='word_1_735' title='bbox 2491 4626 2595 4682; x_wconf 90' lang='lat' dir='ltr'><strong>qua</strong></span> <span class='ocrx_word' id='word_1_736' title='bbox 2636 4611 2849 4667; x_wconf 87' lang='lat' dir='ltr'><strong>tandem</strong></span> <span class='ocrx_word' id='word_1_737' title='bbox 2878 4614 3089 4671; x_wconf 91' lang='lat' dir='ltr'><strong>ratione</strong></span> <span class='ocrx_word' id='word_1_738' title='bbox 3126 4619 3383 4674; x_wconf 88' lang='lat' dir='ltr'><strong>commoti</strong></span> <span class='ocrx_word' id='word_1_739' title='bbox 3433 4618 3487 4674; x_wconf 92' lang='lat' dir='ltr'><strong>id</strong></span> <span class='ocrx_word' id='word_1_740' title='bbox 3522 4594 3759 4677; x_wconf 82' lang='lat' dir='ltr'><strong>scribere</strong></span> 
     </span>
    </p>
   </div>
   <div class='ocr_carea' id='block_1_96' title="bbox 478 4687 2063 4770">
    <p class='ocr_par' dir='ltr' id='par_1_96' title="bbox 478 4687 2063 4770">
     <span class='ocr_line' id='line_1_97' title="bbox 478 4687 2063 4770; baseline 0.015 -32"><span class='ocrx_word' id='word_1_741' title='bbox 478 4690 630 4741; x_wconf 78' lang='grc' dir='ltr'>τοῦτο</span> <span class='ocrx_word' id='word_1_742' title='bbox 654 4687 955 4758; x_wconf 79' lang='grc' dir='ltr'>ὑπεμείνατε</span> <span class='ocrx_word' id='word_1_743' title='bbox 990 4692 1216 4765; x_wconf 77' lang='grc' dir='ltr'>γράφειν.</span> <span class='ocrx_word' id='word_1_744' title='bbox 1250 4700 1326 4755; x_wconf 74' lang='grc' dir='ltr'><strong>Μὴ</strong></span> <span class='ocrx_word' id='word_1_745' title='bbox 1361 4691 1465 4770; x_wconf 82' lang='grc' dir='ltr'>ἆρα</span> <span class='ocrx_word' id='word_1_746' title='bbox 1497 4704 1722 4769; x_wconf 84' lang='grc' dir='ltr'>νομίζετε</span> <span class='ocrx_word' id='word_1_747' title='bbox 1751 4708 1842 4762; x_wconf 73' lang='grc' dir='ltr'>τὴν</span> <span class='ocrx_word' id='word_1_748' title='bbox 1873 4687 2063 4765; x_wconf 69' lang='grc' dir='ltr'>ἔκθεσιν</span> 
     </span>
    </p>
   </div>
   <div class='ocr_carea' id='block_1_97' title="bbox 474 4776 2062 4860">
    <p class='ocr_par' dir='ltr' id='par_1_97' title="bbox 474 4776 2062 4860">
     <span class='ocr_line' id='line_1_98' title="bbox 474 4776 2062 4860; baseline 0.016 -32"><span class='ocrx_word' id='word_1_749' title='bbox 474 4790 567 4839; x_wconf 76' lang='grc' dir='ltr'>τῆς</span> <span class='ocrx_word' id='word_1_750' title='bbox 596 4776 745 4849; x_wconf 87' lang='grc' dir='ltr'>ἁγίας</span> <span class='ocrx_word' id='word_1_751' title='bbox 779 4781 828 4833; x_wconf 79' lang='grc' dir='ltr'><strong>έν</strong></span> <span class='ocrx_word' id='word_1_752' title='bbox 858 4780 1126 4842; x_wconf 81' lang='grc' dir='ltr'>Χαλκηδόνι</span> <span class='ocrx_word' id='word_1_753' title='bbox 1150 4783 1397 4854; x_wconf 85' lang='grc' dir='ltr'>συνόδου,</span> <span class='ocrx_word' id='word_1_754' title='bbox 1431 4785 1601 4858; x_wconf 82' lang='grc' dir='ltr'>ὅμοιόν</span> <span class='ocrx_word' id='word_1_755' title='bbox 1633 4812 1684 4844; x_wconf 90' lang='grc' dir='ltr'><strong>τι</strong></span> <span class='ocrx_word' id='word_1_756' title='bbox 1715 4799 1808 4853; x_wconf 78' lang='grc' dir='ltr'>τῆς</span> <span class='ocrx_word' id='word_1_757' title='bbox 1839 4796 2062 4860; x_wconf 81' lang='grc' dir='ltr'>ἀσεϐοῦς</span> 
     </span>
    </p>
   </div>
   <div class='ocr_carea' id='block_1_98' title="bbox 2172 4701 3760 4778">
    <p class='ocr_par' dir='ltr' id='par_1_98' title="bbox 2172 4701 3760 4778">
     <span class='ocr_line' id='line_1_99' title="bbox 2172 4701 3760 4778; baseline 0.011 -24"><span class='ocrx_word' id='word_1_758' title='bbox 2172 4701 2573 4758; x_wconf 86' lang='lat' dir='ltr'><strong>sustinueritis?</strong></span> <span class='ocrx_word' id='word_1_759' title='bbox 2603 4702 2720 4760; x_wconf 84' lang='lat' dir='ltr'><strong>Non</strong></span> <span class='ocrx_word' id='word_1_760' title='bbox 2748 4704 2933 4777; x_wconf 89' lang='lat' dir='ltr'><strong>itaque</strong></span> <span class='ocrx_word' id='word_1_761' title='bbox 2973 4707 3191 4778; x_wconf 89' lang='lat' dir='ltr'><strong>putetis,</strong></span> <span class='ocrx_word' id='word_1_762' title='bbox 3224 4718 3421 4767; x_wconf 70' lang='lat' dir='ltr'><strong>sanctas</strong></span> <span class='ocrx_word' id='word_1_763' title='bbox 3457 4709 3760 4771; x_wconf 69' lang='lat' dir='ltr'><strong>Chalcedm</strong></span> 
     </span>
    </p>
   </div>
   <div class='ocr_carea' id='block_1_99' title="bbox 2170 4793 3760 4875">
    <p class='ocr_par' dir='ltr' id='par_1_99' title="bbox 2170 4793 3760 4875">
     <span class='ocr_line' id='line_1_100' title="bbox 2170 4793 3760 4875; baseline 0.011 -29"><span class='ocrx_word' id='word_1_764' title='bbox 2170 4793 2351 4849; x_wconf 89' lang='lat' dir='ltr'><strong>uensis</strong></span> <span class='ocrx_word' id='word_1_765' title='bbox 2370 4794 2560 4866; x_wconf 88' lang='lat' dir='ltr'><strong>synodi</strong></span> <span class='ocrx_word' id='word_1_766' title='bbox 2579 4795 2875 4853; x_wconf 90' lang='lat' dir='ltr'><strong>doctrinam</strong></span> <span class='ocrx_word' id='word_1_767' title='bbox 2903 4799 3175 4871; x_wconf 89' lang='lat' dir='ltr'><strong>quidpiam</strong></span> <span class='ocrx_word' id='word_1_768' title='bbox 3211 4817 3398 4859; x_wconf 88' lang='lat' dir='ltr'><strong>eorum</strong></span> <span class='ocrx_word' id='word_1_769' title='bbox 3426 4819 3547 4875; x_wconf 73' lang='lat' dir='ltr'><strong>qua:</strong></span> <span class='ocrx_word' id='word_1_770' title='bbox 3575 4806 3632 4861; x_wconf 89' lang='lat' dir='ltr'><strong>in</strong></span> <span class='ocrx_word' id='word_1_771' title='bbox 3661 4807 3760 4862; x_wconf 86' lang='lat' dir='ltr'><strong>im-</strong></span> 
     </span>
    </p>
   </div>
   <div class='ocr_carea' id='block_1_100' title="bbox 416 4871 2078 4977">
    <p class='ocr_par' dir='ltr' id='par_1_100' title="bbox 416 4871 2066 4977">
     <span class='ocr_line' id='line_1_101' title="bbox 416 4871 2066 4977; baseline 0.015 -55"><span class='ocrx_word' id='word_1_772' title='bbox 416 4922 437 4977; x_wconf 45' lang='grc' dir='ltr'>ἵ</span> <span class='ocrx_word' id='word_1_773' title='bbox 470 4871 737 4945; x_wconf 80' lang='grc' dir='ltr'>περιέχειν</span> <span class='ocrx_word' id='word_1_774' title='bbox 763 4872 1058 4940; x_wconf 81' lang='grc' dir='ltr'>έπιστολῆς;</span> <span class='ocrx_word' id='word_1_775' title='bbox 1084 4873 1228 4932; x_wconf 79' lang='grc' dir='ltr'>’Δλλά</span> <span class='ocrx_word' id='word_1_776' title='bbox 1264 4883 1334 4947; x_wconf 78' lang='grc' dir='ltr'>μή</span> <span class='ocrx_word' id='word_1_777' title='bbox 1357 4880 1548 4953; x_wconf 89' lang='grc' dir='ltr'>γένοιτο</span> <span class='ocrx_word' id='word_1_778' title='bbox 1577 4887 1880 4958; x_wconf 86' lang='grc' dir='ltr'>χριστιανόν</span> <span class='ocrx_word' id='word_1_779' title='bbox 1914 4894 2066 4945; x_wconf 84' lang='grc' dir='ltr'>τοῦτο</span> 
     </span>
    </p>
   </div>
   <div class='ocr_carea' id='block_1_101' title="bbox 2183 4871 3757 4977">
    <p class='ocr_par' dir='ltr' id='par_1_101' title="bbox 2183 4871 3757 4977">
     <span class='ocr_line' id='line_1_102' title="bbox 2183 4871 3757 4977; baseline 0.01 -38"><span class='ocrx_word' id='word_1_780' title='bbox 2183 4883 2259 4977; x_wconf 81' lang='lat' dir='ltr'><strong>pia</strong></span> <span class='ocrx_word' id='word_1_781' title='bbox 2298 4886 2524 4955; x_wconf 89' lang='lat' dir='ltr'><strong>epistola</strong></span> <span class='ocrx_word' id='word_1_782' title='bbox 2561 4890 2906 4947; x_wconf 83' lang='lat' dir='ltr'><strong>continentur</strong></span> <span class='ocrx_word' id='word_1_783' title='bbox 2942 4892 3117 4949; x_wconf 90' lang='lat' dir='ltr'><strong>simile</strong></span> <span class='ocrx_word' id='word_1_784' title='bbox 3147 4871 3465 4967; x_wconf 50' lang='lat' dir='ltr'><strong>complecti;</strong></span> <span class='ocrx_word' id='word_1_785' title='bbox 3511 4898 3566 4955; x_wconf 89' lang='lat' dir='ltr'><strong>id</strong></span> <span class='ocrx_word' id='word_1_786' title='bbox 3615 4899 3757 4955; x_wconf 89' lang='lat' dir='ltr'><strong>enim</strong></span> 
     </span>
    </p>
   </div>
   <div class='ocr_carea' id='block_1_102' title="bbox 410 4965 2078 5054">
    <p class='ocr_par' dir='ltr' id='par_1_102' title="bbox 410 4965 2069 5054">
     <span class='ocr_line' id='line_1_103' title="bbox 410 4965 2069 5054; baseline 0.015 -40"><span class='ocrx_word' id='word_1_787' title='bbox 469 4965 650 5017; x_wconf 84' lang='grc' dir='ltr'>εἰπιῐν.</span> <span class='ocrx_word' id='word_1_788' title='bbox 699 4970 1055 5024; x_wconf 82' lang='grc' dir='ltr'>Κατανοήσατε</span> <span class='ocrx_word' id='word_1_789' title='bbox 1099 4970 1232 5043; x_wconf 77' lang='grc' dir='ltr'>γὰρ,</span> <span class='ocrx_word' id='word_1_790' title='bbox 1280 4968 1359 5028; x_wconf 83' lang='grc' dir='ltr'>ὅτι</span> <span class='ocrx_word' id='word_1_791' title='bbox 1399 4974 1566 5032; x_wconf 86' lang='grc' dir='ltr'>πάντα</span> <span class='ocrx_word' id='word_1_792' title='bbox 1592 4977 1658 5032; x_wconf 88' lang='grc' dir='ltr'><strong>τά</strong></span> <span class='ocrx_word' id='word_1_793' title='bbox 1692 4977 1740 5032; x_wconf 74' lang='grc' dir='ltr'>ἐν</span> <span class='ocrx_word' id='word_1_794' title='bbox 1778 4987 1843 5054; x_wconf 77' lang='grc' dir='ltr'><strong>τῇ</strong></span> <span class='ocrx_word' id='word_1_795' title='bbox 1886 4981 2069 5040; x_wconf 78' lang='grc' dir='ltr'>ἀσεϐεῖ</span> 
     </span>
    </p>
   </div>
   <div class='ocr_carea' id='block_1_103' title="bbox 2183 4965 3757 5054">
    <p class='ocr_par' dir='ltr' id='par_1_103' title="bbox 2183 4965 3757 5053">
     <span class='ocr_line' id='line_1_104' title="bbox 2183 4965 3757 5053; baseline 0.01 -20"><span class='ocrx_word' id='word_1_796' title='bbox 2183 4976 2352 5033; x_wconf 67' lang='lat' dir='ltr'><strong>dicere</strong></span> <span class='ocrx_word' id='word_1_797' title='bbox 2379 4977 2742 5038; x_wconf 85' lang='lat' dir='ltr'><strong>Christianum</strong></span> <span class='ocrx_word' id='word_1_798' title='bbox 2772 4999 2883 5040; x_wconf 88' lang='lat' dir='ltr'><strong>non</strong></span> <span class='ocrx_word' id='word_1_799' title='bbox 2914 4993 3016 5041; x_wconf 89' lang='lat' dir='ltr'><strong>est.</strong></span> <span class='ocrx_word' id='word_1_800' title='bbox 3045 4965 3297 5053; x_wconf 80' lang='lat' dir='ltr'><strong>Quinimo</strong></span> <span class='ocrx_word' id='word_1_801' title='bbox 3322 4990 3520 5046; x_wconf 89' lang='lat' dir='ltr'><strong>scitote</strong></span> <span class='ocrx_word' id='word_1_802' title='bbox 3546 5006 3613 5047; x_wconf 90' lang='lat' dir='ltr'><strong>ea</strong></span> <span class='ocrx_word' id='word_1_803' title='bbox 3642 5008 3757 5048; x_wconf 85' lang='lat' dir='ltr'><strong>om-</strong></span> 
     </span>
    </p>
   </div>
   <div class='ocr_carea' id='block_1_104' title="bbox 409 5053 2078 5160">
    <p class='ocr_par' dir='ltr' id='par_1_104' title="bbox 409 5053 2063 5160">
     <span class='ocr_line' id='line_1_105' title="bbox 409 5053 2063 5160; baseline 0.024 -83"><span class='ocrx_word' id='word_1_804' title='bbox 409 5057 420 5119; x_wconf 24' lang='lat'><strong><em>:</em></strong></span> <span class='ocrx_word' id='word_1_805' title='bbox 466 5053 633 5160; x_wconf 42' lang='lat' dir='ltr'><strong>‘1&#39;;in</strong></span> <span class='ocrx_word' id='word_1_806' title='bbox 662 5057 927 5160; x_wconf 54' lang='grc' dir='ltr'>ἐπιστολῇ,</span> <span class='ocrx_word' id='word_1_807' title='bbox 958 5062 1045 5160; x_wconf 78' lang='grc' dir='ltr'>καὶ</span> <span class='ocrx_word' id='word_1_808' title='bbox 1070 5069 1179 5122; x_wconf 87' lang='grc' dir='ltr'>τοῖς</span> <span class='ocrx_word' id='word_1_809' title='bbox 1203 5062 1472 5160; x_wconf 43' lang='grc' dir='ltr'>θεοδὼρου</span> <span class='ocrx_word' id='word_1_810' title='bbox 1500 5053 1866 5146; x_wconf 82' lang='grc' dir='ltr'>συγγράμμασι</span> <span class='ocrx_word' id='word_1_811' title='bbox 1893 5096 2063 5152; x_wconf 73' lang='grc' dir='ltr'>περιε-</span> 
     </span>
    </p>
   </div>
   <div class='ocr_carea' id='block_1_105' title="bbox 2183 5053 3755 5160">
    <p class='ocr_par' dir='ltr' id='par_1_105' title="bbox 2183 5070 3755 5151">
     <span class='ocr_line' id='line_1_106' title="bbox 2183 5070 3755 5151; baseline 0.009 -27"><span class='ocrx_word' id='word_1_812' title='bbox 2183 5070 2260 5124; x_wconf 83' lang='lat' dir='ltr'><strong>nia</strong></span> <span class='ocrx_word' id='word_1_813' title='bbox 2288 5085 2407 5139; x_wconf 79' lang='lat' dir='ltr'><strong>qua:</strong></span> <span class='ocrx_word' id='word_1_814' title='bbox 2435 5071 2489 5127; x_wconf 89' lang='lat' dir='ltr'><strong>iu</strong></span> <span class='ocrx_word' id='word_1_815' title='bbox 2533 5072 2722 5130; x_wconf 89' lang='lat' dir='ltr'><strong>eadem</strong></span> <span class='ocrx_word' id='word_1_816' title='bbox 2764 5077 3011 5146; x_wconf 85' lang='lat' dir='ltr'><strong>epistola,</strong></span> <span class='ocrx_word' id='word_1_817' title='bbox 3044 5077 3420 5151; x_wconf 88' lang='lat' dir='ltr'><strong>Theodorique</strong></span> <span class='ocrx_word' id='word_1_818' title='bbox 3462 5082 3616 5141; x_wconf 91' lang='lat' dir='ltr'><strong>libris</strong></span> <span class='ocrx_word' id='word_1_819' title='bbox 3662 5084 3755 5138; x_wconf 81' lang='lat' dir='ltr'><strong>ha-</strong></span> 
     </span>
    </p>
   </div>
   <div class='ocr_carea' id='block_1_106' title="bbox 465 5149 2078 5240">
    <p class='ocr_par' dir='ltr' id='par_1_106' title="bbox 465 5149 2062 5231">
     <span class='ocr_line' id='line_1_107' title="bbox 465 5149 2062 5231; baseline 0.018 -35"><span class='ocrx_word' id='word_1_820' title='bbox 465 5149 698 5214; x_wconf 84' lang='grc' dir='ltr'>χόμενα,</span> <span class='ocrx_word' id='word_1_821' title='bbox 730 5149 929 5206; x_wconf 83' lang='grc' dir='ltr'>ἐναντία</span> <span class='ocrx_word' id='word_1_822' title='bbox 968 5152 1068 5206; x_wconf 77' lang='grc' dir='ltr'>εἰσί</span> <span class='ocrx_word' id='word_1_823' title='bbox 1092 5160 1166 5227; x_wconf 87' lang='grc' dir='ltr'>τῷ</span> <span class='ocrx_word' id='word_1_824' title='bbox 1196 5152 1300 5231; x_wconf 85' lang='grc' dir='ltr'><strong>ὅρῳ</strong></span> <span class='ocrx_word' id='word_1_825' title='bbox 1324 5165 1416 5218; x_wconf 76' lang='grc' dir='ltr'>τῆς</span> <span class='ocrx_word' id='word_1_826' title='bbox 1441 5160 1571 5215; x_wconf 89' lang='grc' dir='ltr'><strong>κατά</strong></span> <span class='ocrx_word' id='word_1_827' title='bbox 1595 5161 1886 5221; x_wconf 80' lang='grc' dir='ltr'>Χαλκηδόνα</span> 
     </span>
    </p>
   </div>
   <div class='ocr_carea' id='block_1_107' title="bbox 2183 5149 3753 5240">
    <p class='ocr_par' dir='ltr' id='par_1_107' title="bbox 2183 5149 3753 5240">
     <span class='ocr_line' id='line_1_108' title="bbox 2183 5149 3753 5240; baseline 0.01 -24"><span class='ocrx_word' id='word_1_828' title='bbox 2183 5169 2383 5232; x_wconf 62' lang='lat' dir='ltr'><strong>tentur,</strong></span> <span class='ocrx_word' id='word_1_829' title='bbox 2425 5178 2547 5219; x_wconf 90' lang='lat' dir='ltr'><strong>cum</strong></span> <span class='ocrx_word' id='word_1_830' title='bbox 2589 5175 2788 5223; x_wconf 64' lang='lat' dir='ltr'><strong>sancta:</strong></span> <span class='ocrx_word' id='word_1_831' title='bbox 2831 5167 2954 5223; x_wconf 80' lang='lat' dir='ltr'><strong>fidei</strong></span> <span class='ocrx_word' id='word_1_832' title='bbox 2994 5149 3348 5240; x_wconf 40' lang='lat' dir='ltr'><strong>deﬁnitione,</strong></span> <span class='ocrx_word' id='word_1_833' title='bbox 3373 5188 3405 5228; x_wconf 91' lang='lat' dir='ltr'><strong>a</strong></span> <span class='ocrx_word' id='word_1_834' title='bbox 3452 5171 3753 5231; x_wconf 77' lang='lat' dir='ltr'><strong>Chalcedo-</strong></span> 
     </span>
    </p>
   </div>
   <div class='ocr_carea' id='block_1_108' title="bbox 466 5233 2078 5344">
    <p class='ocr_par' dir='ltr' id='par_1_108' title="bbox 466 5233 2059 5344">
     <span class='ocr_line' id='line_1_109' title="bbox 466 5233 2059 5344; baseline 0.017 -56"><span class='ocrx_word' id='word_1_835' title='bbox 466 5233 556 5344; x_wconf 74' lang='grc' dir='ltr'><strong>δον</strong></span> <span class='ocrx_word' id='word_1_836' title='bbox 581 5244 661 5344; x_wconf 62' lang='grc' dir='ltr'><strong>τῶ</strong></span> <span class='ocrx_word' id='word_1_837' title='bbox 681 5242 800 5344; x_wconf 59' lang='grc' dir='ltr'>περί</span> <span class='ocrx_word' id='word_1_838' title='bbox 825 5249 917 5301; x_wconf 78' lang='grc' dir='ltr'>τῆς</span> <span class='ocrx_word' id='word_1_839' title='bbox 941 5243 1164 5306; x_wconf 84' lang='grc' dir='ltr'>πίστεως</span> <span class='ocrx_word' id='word_1_840' title='bbox 1190 5243 1457 5321; x_wconf 82' lang='grc' dir='ltr'>δεδομένῳ.</span> <span class='ocrx_word' id='word_1_841' title='bbox 1486 5249 1747 5328; x_wconf 84' lang='grc' dir='ltr'>Θεόδωρος</span> <span class='ocrx_word' id='word_1_842' title='bbox 1773 5258 1893 5332; x_wconf 82' lang='grc' dir='ltr'>γὰρ,</span> <span class='ocrx_word' id='word_1_843' title='bbox 1924 5263 2007 5315; x_wconf 86' lang='grc' dir='ltr'><strong>καί</strong></span> <span class='ocrx_word' id='word_1_844' title='bbox 2028 5263 2059 5320; x_wconf 74' lang='grc' dir='ltr'>ἡ</span> 
     </span>
    </p>
   </div>
   <div class='ocr_carea' id='block_1_109' title="bbox 2183 5233 3753 5344">
    <p class='ocr_par' dir='ltr' id='par_1_109' title="bbox 2183 5233 3753 5344">
     <span class='ocr_line' id='line_1_110' title="bbox 2183 5233 3753 5344; baseline 0.013 -35"><span class='ocrx_word' id='word_1_845' title='bbox 2183 5257 2323 5312; x_wconf 66' lang='lat' dir='ltr'><strong>mensi</strong></span> <span class='ocrx_word' id='word_1_846' title='bbox 2371 5259 2603 5315; x_wconf 88' lang='lat' dir='ltr'><strong>concilio</strong></span> <span class='ocrx_word' id='word_1_847' title='bbox 2653 5263 2868 5331; x_wconf 88' lang='lat' dir='ltr'><strong>tradita,</strong></span> <span class='ocrx_word' id='word_1_848' title='bbox 2926 5267 3147 5323; x_wconf 89' lang='lat' dir='ltr'><strong>omnino</strong></span> <span class='ocrx_word' id='word_1_849' title='bbox 3198 5233 3455 5340; x_wconf 79' lang='lat' dir='ltr'><strong>pugnare.</strong></span> <span class='ocrx_word' id='word_1_850' title='bbox 3517 5270 3753 5344; x_wconf 87' lang='lat' dir='ltr'><strong>Epistola</strong></span> 
     </span>
    </p>
   </div>
   <div class='ocr_carea' id='block_1_110' title="bbox 462 5329 2078 5435">
    <p class='ocr_par' dir='ltr' id='par_1_110' title="bbox 462 5329 2059 5418">
     <span class='ocr_line' id='line_1_111' title="bbox 462 5329 2059 5418; baseline 0.018 -36"><span class='ocrx_word' id='word_1_851' title='bbox 462 5330 701 5391; x_wconf 72' lang='grc' dir='ltr'>ἐπιστολή</span> <span class='ocrx_word' id='word_1_852' title='bbox 739 5329 882 5388; x_wconf 80' lang='grc' dir='ltr'>ἄλλον</span> <span class='ocrx_word' id='word_1_853' title='bbox 913 5335 1140 5409; x_wconf 80' lang='grc' dir='ltr'>λέγουσιν</span> <span class='ocrx_word' id='word_1_854' title='bbox 1171 5335 1297 5395; x_wconf 83' lang='grc' dir='ltr'>εἶναι</span> <span class='ocrx_word' id='word_1_855' title='bbox 1322 5343 1409 5398; x_wconf 86' lang='grc' dir='ltr'><strong>τόν</strong></span> <span class='ocrx_word' id='word_1_856' title='bbox 1436 5345 1561 5399; x_wconf 83' lang='grc' dir='ltr'>Θεὸν</span> <span class='ocrx_word' id='word_1_857' title='bbox 1587 5345 1763 5418; x_wconf 81' lang='grc' dir='ltr'>λόγον,</span> <span class='ocrx_word' id='word_1_858' title='bbox 1801 5329 1888 5407; x_wconf 84' lang='grc' dir='ltr'><strong>καί</strong></span> <span class='ocrx_word' id='word_1_859' title='bbox 1917 5350 2059 5411; x_wconf 78' lang='grc' dir='ltr'>ἄλλον</span> 
     </span>
    </p>
   </div>
   <div class='ocr_carea' id='block_1_111' title="bbox 2183 5329 3751 5435">
    <p class='ocr_par' dir='ltr' id='par_1_111' title="bbox 2183 5329 3751 5433">
     <span class='ocr_line' id='line_1_112' title="bbox 2183 5329 3751 5433; baseline 0.011 -30"><span class='ocrx_word' id='word_1_860' title='bbox 2183 5348 2312 5405; x_wconf 67' lang='lat' dir='ltr'><strong>anim</strong></span> <span class='ocrx_word' id='word_1_861' title='bbox 2364 5365 2426 5408; x_wconf 90' lang='lat' dir='ltr'><strong>ac</strong></span> <span class='ocrx_word' id='word_1_862' title='bbox 2483 5351 2802 5412; x_wconf 89' lang='lat' dir='ltr'><strong>Theodorus</strong></span> <span class='ocrx_word' id='word_1_863' title='bbox 2868 5358 3031 5415; x_wconf 89' lang='lat' dir='ltr'><strong>alium</strong></span> <span class='ocrx_word' id='word_1_864' title='bbox 3088 5376 3208 5417; x_wconf 90' lang='lat' dir='ltr'><strong>esse</strong></span> <span class='ocrx_word' id='word_1_865' title='bbox 3262 5362 3433 5419; x_wconf 88' lang='lat' dir='ltr'><strong>Deum</strong></span> <span class='ocrx_word' id='word_1_866' title='bbox 3487 5329 3751 5433; x_wconf 66' lang='lat' dir='ltr'><strong>Verbum,</strong></span> 
     </span>
    </p>
   </div>
   <div class='ocr_carea' id='block_1_112' title="bbox 464 5422 2078 5529">
    <p class='ocr_par' dir='ltr' id='par_1_112' title="bbox 464 5422 2058 5529">
     <span class='ocr_line' id='line_1_113' title="bbox 464 5422 2058 5529; baseline 0.016 -55"><span class='ocrx_word' id='word_1_867' title='bbox 464 5422 551 5529; x_wconf 56' lang='grc' dir='ltr'><strong>τόν</strong></span> <span class='ocrx_word' id='word_1_868' title='bbox 587 5422 826 5496; x_wconf 79' lang='grc' dir='ltr'>Χριστόν.</span> <span class='ocrx_word' id='word_1_869' title='bbox 858 5422 913 5480; x_wconf 77' lang='grc' dir='ltr'><strong>Ἦ</strong></span> <span class='ocrx_word' id='word_1_870' title='bbox 951 5424 1004 5482; x_wconf 82' lang='grc' dir='ltr'><strong>δέ</strong></span> <span class='ocrx_word' id='word_1_871' title='bbox 1046 5426 1168 5502; x_wconf 87' lang='grc' dir='ltr'>ἁγία</span> <span class='ocrx_word' id='word_1_872' title='bbox 1213 5433 1345 5487; x_wconf 84' lang='grc' dir='ltr'>κατὰ</span> <span class='ocrx_word' id='word_1_873' title='bbox 1391 5433 1675 5495; x_wconf 80' lang='grc' dir='ltr'>Χαλκηδόνα</span> <span class='ocrx_word' id='word_1_874' title='bbox 1717 5437 1931 5504; x_wconf 86' lang='grc' dir='ltr'>σύνοδος</span> <span class='ocrx_word' id='word_1_875' title='bbox 1969 5446 2058 5503; x_wconf 82' lang='grc' dir='ltr'>ἕνα</span> 
     </span>
    </p>
   </div>
   <div class='ocr_carea' id='block_1_113' title="bbox 2183 5422 3752 5529">
    <p class='ocr_par' dir='ltr' id='par_1_113' title="bbox 2183 5422 3752 5521">
     <span class='ocr_line' id='line_1_114' title="bbox 2183 5422 3752 5521; baseline 0.013 -23"><span class='ocrx_word' id='word_1_876' title='bbox 2183 5443 2332 5499; x_wconf 78' lang='lat' dir='ltr'><strong>ilium</strong></span> <span class='ocrx_word' id='word_1_877' title='bbox 2375 5444 2646 5503; x_wconf 89' lang='lat' dir='ltr'><strong>Christum</strong></span> <span class='ocrx_word' id='word_1_878' title='bbox 2679 5457 2949 5521; x_wconf 89' lang='lat' dir='ltr'><strong>statuunt;</strong></span> <span class='ocrx_word' id='word_1_879' title='bbox 2993 5468 3180 5512; x_wconf 84' lang='lat' dir='ltr'><strong>sancta</strong></span> <span class='ocrx_word' id='word_1_880' title='bbox 3222 5465 3405 5515; x_wconf 91' lang='lat' dir='ltr'><strong>autem</strong></span> <span class='ocrx_word' id='word_1_881' title='bbox 3450 5422 3752 5517; x_wconf 47' lang='lat' dir='ltr'><strong>Chalcedo;</strong></span> 
     </span>
    </p>
   </div>
   <div class='ocr_carea' id='block_1_114' title="bbox 460 5506 2078 5623">
    <p class='ocr_par' dir='ltr' id='par_1_114' title="bbox 460 5506 2055 5609">
     <span class='ocr_line' id='line_1_115' title="bbox 460 5506 2055 5609; baseline 0.018 -45"><span class='ocrx_word' id='word_1_882' title='bbox 460 5506 593 5585; x_wconf 69' lang='grc' dir='ltr'>λέγει</span> <span class='ocrx_word' id='word_1_883' title='bbox 619 5515 705 5567; x_wconf 79' lang='grc' dir='ltr'><strong>τόν</strong></span> <span class='ocrx_word' id='word_1_884' title='bbox 749 5518 920 5593; x_wconf 86' lang='grc' dir='ltr'>κύριον</span> <span class='ocrx_word' id='word_1_885' title='bbox 955 5520 1093 5593; x_wconf 81' lang='grc' dir='ltr'>ἡμῶν</span> <span class='ocrx_word' id='word_1_886' title='bbox 1136 5517 1326 5580; x_wconf 85' lang='grc' dir='ltr'>Ἰησοῦν</span> <span class='ocrx_word' id='word_1_887' title='bbox 1373 5529 1588 5599; x_wconf 83' lang='grc' dir='ltr'>Χριστόν</span> <span class='ocrx_word' id='word_1_888' title='bbox 1627 5531 1711 5585; x_wconf 84' lang='grc' dir='ltr'>τὸν</span> <span class='ocrx_word' id='word_1_889' title='bbox 1753 5534 1875 5587; x_wconf 85' lang='grc' dir='ltr'>Θεόν</span> <span class='ocrx_word' id='word_1_890' title='bbox 1913 5534 2055 5609; x_wconf 87' lang='grc' dir='ltr'>λόγον</span> 
     </span>
    </p>
   </div>
   <div class='ocr_carea' id='block_1_115' title="bbox 2183 5506 3753 5623">
    <p class='ocr_par' dir='ltr' id='par_1_115' title="bbox 2183 5540 3753 5617">
     <span class='ocr_line' id='line_1_116' title="bbox 2183 5540 3753 5617; baseline 0.012 -25"><span class='ocrx_word' id='word_1_891' title='bbox 2183 5540 2348 5595; x_wconf 66' lang='lat' dir='ltr'><strong>mensis</strong></span> <span class='ocrx_word' id='word_1_892' title='bbox 2376 5544 2632 5612; x_wconf 85' lang='lat' dir='ltr'><strong>synodus,</strong></span> <span class='ocrx_word' id='word_1_893' title='bbox 2662 5545 2878 5603; x_wconf 89' lang='lat' dir='ltr'><strong>unicum</strong></span> <span class='ocrx_word' id='word_1_894' title='bbox 2916 5551 3161 5617; x_wconf 82' lang='lat' dir='ltr'><strong>agnoscit</strong></span> <span class='ocrx_word' id='word_1_895' title='bbox 3191 5552 3479 5610; x_wconf 89' lang='lat' dir='ltr'><strong>Dominum</strong></span> <span class='ocrx_word' id='word_1_896' title='bbox 3507 5564 3753 5613; x_wconf 87' lang='lat' dir='ltr'><strong>nostrum</strong></span> 
     </span>
    </p>
   </div>
   <div class='ocr_carea' id='block_1_116' title="bbox 462 5610 2078 5719">
    <p class='ocr_par' dir='ltr' id='par_1_116' title="bbox 462 5610 2050 5719">
     <span class='ocr_line' id='line_1_117' title="bbox 462 5610 2050 5695; baseline 0.015 -37"><span class='ocrx_word' id='word_1_897' title='bbox 462 5610 805 5681; x_wconf 77' lang='grc' dir='ltr'>σαρκωθέντα,</span> <span class='ocrx_word' id='word_1_898' title='bbox 830 5613 910 5665; x_wconf 78' lang='grc' dir='ltr'><strong>καί</strong></span> <span class='ocrx_word' id='word_1_899' title='bbox 927 5613 1191 5687; x_wconf 80' lang='grc' dir='ltr'>ἀτρέπτως</span> <span class='ocrx_word' id='word_1_900' title='bbox 1206 5615 1683 5692; x_wconf 76' lang='grc' dir='ltr'>ἐνανθρωπήσαντα.</span> <span class='ocrx_word' id='word_1_901' title='bbox 1710 5633 1761 5677; x_wconf 81' lang='grc' dir='ltr'><strong>Ἦ</strong></span> <span class='ocrx_word' id='word_1_902' title='bbox 1787 5626 2050 5695; x_wconf 74' lang='grc' dir='ltr'>ἐπιστολὴ,</span> 
     </span>
     <span class='ocr_line' id='line_1_118' title="bbox 466 5699 1619 5719; baseline 0 0"><span class='ocrx_word' id='word_1_903' title='bbox 466 5718 469 5719; x_wconf 65' lang='lat'>,</span> <span class='ocrx_word' id='word_1_904' title='bbox 532 5701 541 5717; x_wconf 74' lang='grc' dir='ltr'><strong>ε</strong></span> <span class='ocrx_word' id='word_1_905' title='bbox 575 5708 610 5719; x_wconf 60' lang='grc' dir='ltr'>,ι</span> <span class='ocrx_word' id='word_1_906' title='bbox 650 5699 698 5719; x_wconf 72' lang='grc' dir='ltr'><strong>σε.</strong></span> <span class='ocrx_word' id='word_1_907' title='bbox 894 5707 905 5719; x_wconf 87' lang='grc'><strong>.</strong></span> <span class='ocrx_word' id='word_1_908' title='bbox 993 5706 1004 5719; x_wconf 97' lang='grc'><strong>.</strong></span> <span class='ocrx_word' id='word_1_909' title='bbox 1079 5707 1096 5719; x_wconf 78' lang='lat'><strong>.</strong></span> <span class='ocrx_word' id='word_1_910' title='bbox 1202 5714 1224 5719; x_wconf 91' lang='lat'><strong><em>_</em></strong></span> <span class='ocrx_word' id='word_1_911' title='bbox 1350 5713 1359 5719; x_wconf 93' lang='lat'><strong>.</strong></span> <span class='ocrx_word' id='word_1_912' title='bbox 1498 5716 1506 5719; x_wconf 69' lang='grc'><strong>-</strong></span> <span class='ocrx_word' id='word_1_913' title='bbox 1570 5716 1581 5719; x_wconf 80' lang='lat'><strong><em>_</em></strong></span> <span class='ocrx_word' id='word_1_914' title='bbox 1610 5716 1619 5719; x_wconf 70' lang='lat'><strong>-</strong></span> 
     </span>
    </p>
   </div>
   <div class='ocr_carea' id='block_1_117' title="bbox 2183 5610 3753 5719">
    <p class='ocr_par' dir='ltr' id='par_1_117' title="bbox 2183 5630 3753 5719">
     <span class='ocr_line' id='line_1_119' title="bbox 2183 5630 3753 5719; baseline 0.014 -36"><span class='ocrx_word' id='word_1_915' title='bbox 2183 5630 2343 5685; x_wconf 83' lang='lat' dir='ltr'><strong>Iesum</strong></span> <span class='ocrx_word' id='word_1_916' title='bbox 2394 5633 2665 5693; x_wconf 74' lang='lat' dir='ltr'><strong>Christum</strong></span> <span class='ocrx_word' id='word_1_917' title='bbox 2731 5640 2901 5696; x_wconf 86' lang='lat' dir='ltr'><strong>Deum</strong></span> <span class='ocrx_word' id='word_1_918' title='bbox 2959 5643 3192 5700; x_wconf 84' lang='lat' dir='ltr'><strong>Verbum</strong></span> <span class='ocrx_word' id='word_1_919' title='bbox 3257 5647 3633 5719; x_wconf 87' lang='lat' dir='ltr'><strong>iucarnatum,</strong></span> <span class='ocrx_word' id='word_1_920' title='bbox 3691 5665 3753 5705; x_wconf 91' lang='lat' dir='ltr'><strong>ac</strong></span> 
     </span>
    </p>
   </div>
   <div class='ocr_carea' id='block_1_118' title="bbox 461 5699 2078 5811">
    <p class='ocr_par' dir='ltr' id='par_1_118' title="bbox 461 5699 2051 5811">
     <span class='ocr_line' id='line_1_120' title="bbox 461 5699 2051 5793; baseline 0.016 -42"><span class='ocrx_word' id='word_1_921' title='bbox 461 5701 544 5752; x_wconf 86' lang='grc' dir='ltr'><strong>καί</strong></span> <span class='ocrx_word' id='word_1_922' title='bbox 572 5699 828 5778; x_wconf 86' lang='grc' dir='ltr'>Θεόδωρος</span> <span class='ocrx_word' id='word_1_923' title='bbox 857 5707 957 5774; x_wconf 80' lang='grc' dir='ltr'><strong>ούχ</strong></span> <span class='ocrx_word' id='word_1_924' title='bbox 985 5706 1289 5779; x_wconf 82' lang='grc' dir='ltr'>ὁμολογοῦσι</span> <span class='ocrx_word' id='word_1_925' title='bbox 1309 5713 1394 5767; x_wconf 85' lang='grc' dir='ltr'><strong>τόν</strong></span> <span class='ocrx_word' id='word_1_926' title='bbox 1422 5716 1541 5769; x_wconf 81' lang='grc' dir='ltr'>Θεὸν</span> <span class='ocrx_word' id='word_1_927' title='bbox 1570 5716 1713 5789; x_wconf 88' lang='grc' dir='ltr'>λόγον</span> <span class='ocrx_word' id='word_1_928' title='bbox 1734 5724 2051 5793; x_wconf 81' lang='grc' dir='ltr'>σαρκωθῆναι</span> 
     </span>
     <span class='ocr_line' id='line_1_121' title="bbox 471 5792 1711 5811; baseline 0.006 -6"><span class='ocrx_word' id='word_1_929' title='bbox 471 5792 1197 5811; x_wconf 68' lang='grc'>....,.,,.,,.</span> <span class='ocrx_word' id='word_1_930' title='bbox 1672 5810 1711 5811; x_wconf 31' lang='grc' dir='ltr'><strong>κν</strong></span> 
     </span>
    </p>
   </div>
   <div class='ocr_carea' id='block_1_119' title="bbox 2183 5699 3749 5811">
    <p class='ocr_par' dir='ltr' id='par_1_119' title="bbox 2183 5699 3749 5811">
     <span class='ocr_line' id='line_1_122' title="bbox 2183 5699 3749 5811; baseline 0.015 -35"><span class='ocrx_word' id='word_1_931' title='bbox 2183 5724 2365 5794; x_wconf 71' lang='grc' dir='ltr'>ὼειιιιο</span> <span class='ocrx_word' id='word_1_932' title='bbox 2412 5730 2497 5783; x_wconf 89' lang='lat' dir='ltr'><strong>sui</strong></span> <span class='ocrx_word' id='word_1_933' title='bbox 2568 5733 2867 5789; x_wconf 76' lang='lat' dir='ltr'><strong>mitatione</strong></span> <span class='ocrx_word' id='word_1_934' title='bbox 2914 5736 3187 5792; x_wconf 87' lang='lat' dir='ltr'><strong>hominem</strong></span> <span class='ocrx_word' id='word_1_935' title='bbox 3232 5740 3451 5794; x_wconf 84' lang='lat' dir='ltr'><strong>factum.</strong></span> <span class='ocrx_word' id='word_1_936' title='bbox 3514 5699 3749 5811; x_wconf 71' lang='lat' dir='ltr'><strong>Epistoia</strong></span> 
     </span>
    </p>
   </div>
   <div class='ocr_carea' id='block_1_120' title="bbox 459 5794 2078 5904">
    <p class='ocr_par' dir='ltr' id='par_1_120' title="bbox 459 5794 2046 5885">
     <span class='ocr_line' id='line_1_123' title="bbox 459 5794 2046 5885; baseline 0.015 -42"><span class='ocrx_word' id='word_1_937' title='bbox 459 5794 513 5844; x_wconf 76' lang='grc' dir='ltr'>ἐκ</span> <span class='ocrx_word' id='word_1_938' title='bbox 540 5800 630 5854; x_wconf 80' lang='grc' dir='ltr'>τῆς</span> <span class='ocrx_word' id='word_1_939' title='bbox 658 5794 802 5865; x_wconf 85' lang='grc' dir='ltr'>ἁγίας</span> <span class='ocrx_word' id='word_1_940' title='bbox 829 5794 1021 5862; x_wconf 81' lang='grc' dir='ltr'>ἐνδόξου</span> <span class='ocrx_word' id='word_1_941' title='bbox 1048 5801 1315 5868; x_wconf 83' lang='grc' dir='ltr'>Θεοτόκου,</span> <span class='ocrx_word' id='word_1_942' title='bbox 1346 5808 1431 5860; x_wconf 85' lang='grc' dir='ltr'><strong>καί</strong></span> <span class='ocrx_word' id='word_1_943' title='bbox 1452 5807 1531 5861; x_wconf 84' lang='grc' dir='ltr'>ἀεὶ</span> <span class='ocrx_word' id='word_1_944' title='bbox 1549 5810 1800 5882; x_wconf 81' lang='grc' dir='ltr'>παρθένου</span> <span class='ocrx_word' id='word_1_945' title='bbox 1832 5815 2046 5885; x_wconf 81' lang='grc' dir='ltr'>Μαρίας,</span> 
     </span>
    </p>
   </div>
   <div class='ocr_carea' id='block_1_121' title="bbox 2183 5794 3750 5904">
    <p class='ocr_par' dir='ltr' id='par_1_121' title="bbox 2183 5794 3750 5904">
     <span class='ocr_line' id='line_1_124' title="bbox 2183 5794 3750 5904; baseline 0.013 -34"><span class='ocrx_word' id='word_1_946' title='bbox 2183 5825 2320 5886; x_wconf 60' lang='lat' dir='ltr'><strong>itque</strong></span> <span class='ocrx_word' id='word_1_947' title='bbox 2350 5817 2669 5879; x_wconf 79' lang='lat' dir='ltr'><strong>Theodorus</strong></span> <span class='ocrx_word' id='word_1_948' title='bbox 2694 5825 2789 5881; x_wconf 84' lang='lat' dir='ltr'><strong>Dei</strong></span> <span class='ocrx_word' id='word_1_949' title='bbox 2823 5827 3054 5885; x_wconf 82' lang='lat' dir='ltr'><strong>Verbum</strong></span> <span class='ocrx_word' id='word_1_950' title='bbox 3097 5846 3167 5886; x_wconf 81' lang='lat' dir='ltr'><strong>ex</strong></span> <span class='ocrx_word' id='word_1_951' title='bbox 3206 5840 3394 5887; x_wconf 88' lang='lat' dir='ltr'><strong>sancta</strong></span> <span class='ocrx_word' id='word_1_952' title='bbox 3423 5794 3750 5904; x_wconf 39' lang='lat' dir='ltr'><strong>atque—git;</strong></span> 
     </span>
    </p>
   </div>
   <div class='ocr_carea' id='block_1_122' title="bbox 459 5887 2078 5995">
    <p class='ocr_par' dir='ltr' id='par_1_122' title="bbox 459 5887 2045 5976">
     <span class='ocr_line' id='line_1_125' title="bbox 459 5887 2045 5976; baseline 0.014 -35"><span class='ocrx_word' id='word_1_953' title='bbox 459 5887 540 5941; x_wconf 77' lang='grc' dir='ltr'><strong>καί</strong></span> <span class='ocrx_word' id='word_1_954' title='bbox 567 5890 806 5957; x_wconf 81' lang='grc' dir='ltr'>τεχθῆναι</span> <span class='ocrx_word' id='word_1_955' title='bbox 835 5890 883 5956; x_wconf 83' lang='grc' dir='ltr'><strong>ἐξ</strong></span> <span class='ocrx_word' id='word_1_956' title='bbox 911 5893 1089 5960; x_wconf 69' lang='grc' dir='ltr'>αὐτῆς.</span> <span class='ocrx_word' id='word_1_957' title='bbox 1110 5899 1190 5951; x_wconf 80' lang='grc' dir='ltr'>καὶ</span> <span class='ocrx_word' id='word_1_958' title='bbox 1218 5894 1300 5953; x_wconf 87' lang='grc' dir='ltr'><strong>διά</strong></span> <span class='ocrx_word' id='word_1_959' title='bbox 1327 5904 1476 5956; x_wconf 85' lang='grc' dir='ltr'>τοῦτο</span> <span class='ocrx_word' id='word_1_960' title='bbox 1505 5900 1777 5976; x_wconf 79' lang='grc' dir='ltr'>ἀρνοῦνται</span> <span class='ocrx_word' id='word_1_961' title='bbox 1809 5906 2045 5967; x_wconf 85' lang='grc' dir='ltr'>Θεοτόκον</span> 
     </span>
    </p>
   </div>
   <div class='ocr_carea' id='block_1_123' title="bbox 2183 5887 3744 5995">
    <p class='ocr_par' dir='ltr' id='par_1_123' title="bbox 2183 5887 3744 5995">
     <span class='ocr_line' id='line_1_126' title="bbox 2183 5887 3744 5995; baseline 0.013 -30"><span class='ocrx_word' id='word_1_962' title='bbox 2183 5911 2300 5967; x_wconf 82' lang='lat' dir='ltr'><strong>iosa</strong></span> <span class='ocrx_word' id='word_1_963' title='bbox 2325 5910 2570 5983; x_wconf 82' lang='lat' dir='ltr'><strong>Deipara,</strong></span> <span class='ocrx_word' id='word_1_964' title='bbox 2603 5932 2666 5973; x_wconf 85' lang='lat' dir='ltr'><strong>ac</strong></span> <span class='ocrx_word' id='word_1_965' title='bbox 2691 5933 2903 5991; x_wconf 72' lang='lat' dir='ltr'><strong>semper</strong></span> <span class='ocrx_word' id='word_1_966' title='bbox 2930 5923 3140 5995; x_wconf 79' lang='lat' dir='ltr'><strong>virgine</strong></span> <span class='ocrx_word' id='word_1_967' title='bbox 3180 5923 3349 5982; x_wconf 81' lang='lat' dir='ltr'><strong>Maria</strong></span> <span class='ocrx_word' id='word_1_968' title='bbox 3388 5938 3609 5983; x_wconf 86' lang='lat' dir='ltr'><strong>carnem</strong></span> <span class='ocrx_word' id='word_1_969' title='bbox 3637 5887 3744 5985; x_wconf 59' lang='grc' dir='ltr'><strong>νιε-</strong></span> 
     </span>
    </p>
   </div>
   <div class='ocr_carea' id='block_1_124' title="bbox 2894 6027 2937 6087">
    <p class='ocr_par' dir='ltr' id='par_1_124' title="bbox 2894 6027 2937 6087">
     <span class='ocr_line' id='line_1_127' title="bbox 2894 6027 2937 6087; baseline 0 0"><span class='ocrx_word' id='word_1_970' title='bbox 2894 6027 2937 6087; x_wconf 57' lang='grc' dir='ltr'><strong><em>ἐ</em></strong></span> 
     </span>
    </p>
   </div>
  </div>
