3988 6346
205 340 299 399 315

1329 339 1700 400 JUSTINIANI
1736 342 1875 402 IMP.
1915 344 2273 410 EPISTOLA.

3331 372 3442 434 διε

211 455 311 520 hac
332 461 418 519 τήν
443 453 590 529 ἁγίαν
614 454 858 532 παρθένον
883 458 1097 537 Μαρίαν·
1137 457 1184 513 οί
1221 455 1277 515 δὲ
1307 457 1442 531 ἅγιοι
1471 460 1687 561 πατέρες
1709 461 1749 517 οε

1858 466 2174 536 sumpsisse,
2205 483 2270 527 ac
2303 483 2374 526 ex
2416 471 2532 544 ipsa
2568 479 2754 535 natum
2775 493 2898 539 esse
2945 498 3057 542 non
3096 485 3444 561 conﬁtentur,

208 552 246 611 ἂν
271 543 523 607 Χαλκηδόνι
563 545 878 608 συνελθόντες
906 546 1208 616 συνοδικῶς,
1237 549 1474 607 Θεοτόκον
1507 547 1635 609 εἶναι
1666 558 1760 614 τήν

208 643 330 716 πηίου
351 640 588 716 παρθένον
614 640 807 715 Μαρίαν
835 640 1180 715 ὡμολόγησαν.
1199 641 1460 721 Θεόδωρος
1488 643 1515 701 ό
1545 647 1760 714 ἀσεϐής,

207 737 320 794 ιαίή
364 734 617 802 ἀνώνυμος
662 731 904 793 έπεστολη
949 730 1043 789 δύο
1083 734 1334 812 πρόσωπα
1379 737 1607 812 λέγοντες
1633 742 1764 797 κατά

204 831 420 899 σχετικὴν
443 826 620 882 ἕνωσιν
643 824 693 882 έν
719 827 993 905 πρόσωπον
1021 829 1445 889 ἀναπλάττουσιν.
1474 843 1528 888 Ἦ
1549 832 1760 896 σύνοδος

205 917 246 976 δέ
269 926 356 972 τῶν
382 917 470 974 δύο
495 921 697 991 φύσεων
733 925 824 982 τήν
861 923 974 979 καθ’
1003 923 1292 980 ὑπόστασιν
1317 925 1494 981 ἕνωσιν
1518 927 1756 1002 λέγουσα,

203 1008 242 1064 ἓν
260 1010 480 1084 κηρύττει
507 1010 806 1086 πρόσωπον,
835 1012 947 1086 ᾕτοι
965 1015 1086 1086 μίαν
1109 1015 1398 1073 ὑπόστασιν
1420 1024 1637 1096 Χριστοῦ
1671 1027 1759 1077 τοῦ

201 1107 472 1173 μονογενοῦς
507 1109 636 1158 Θεοῦ
661 1103 830 1178 λόγου.
868 1105 1011 1162 Πάλιν
1037 1107 1068 1164 ἡ
1108 1107 1299 1171 ἀσεϐής
1325 1110 1478 1168 ἐκείνη
1518 1109 1760 1174 ἐπιστολή

197 1191 496 1258 καταδικάζει
531 1199 622 1254 τήν
663 1194 714 1249 έν
741 1193 930 1269 Ἐφέσῳ
972 1201 1180 1273 πρώτην
1223 1198 1452 1271 σύνοδον,
1485 1204 1680 1259 καὶτὸν
1707 1205 1760 1260 έν

198 1282 332 1356 ἁγίοις
349 1284 626 1358 Κύριλλον,
661 1287 748 1341 καί
778 1287 942 1346 ἀσεϐῆ
967 1290 1035 1344 τά
1061 1290 1218 1346 αὐτοῦ
1247 1291 1484 1364 κεφάλαια
1506 1293 1756 1366 ὀνομάζει.

197 1377 430 1454 Νεστὸριον
473 1376 528 1434 δέ
552 1380 640 1435 καί
677 1377 938 1457 Θεόδωρον
965 1379 1156 1438 έκδικεῖ
1195 1385 1282 1439 καί
1318 1384 1540 1441 ἐπαινεῖ·
1570 1389 1602 1447 ἡ
1628 1385 1682 1443 δέ
1709 1386 1760 1444 έν

194 1468 434 1528 Χαλκηδόνι
469 1468 686 1532 σύνοδος
713 1469 798 1528 διά
829 1473 1033 1529 πάντων
1055 1473 1320 1530 ἀκολουθεῖ
1577 1480 1758 1556 πρώτῃ

193 1565 232 1618 έν
251 1561 416 1635 Ἐφέσῳ
443 1563 648 1637 συνόδῳ
666 1603 684 1630 ,
718 1567 802 1622 καί
828 1567 1032 1643 πατέρα
1059 1571 1145 1623 καί
1181 1566 1482 1626 διδάσκαλον
1512 1571 1760 1650 Ιξύριλλον

191 1656 526 1734 έπιγράφετοιι,
553 1662 637 1714 καί
772 1659 1035 1722 συνοδικήν
1065 1665 1220 1718 αὐτοῦ
1248 1665 1535 1733 ἐπιστολήν,
1563 1668 1612 1721 ἐν
1691 1670 1758 1726 τά

189 1747 358 1806 δώδεκα
381 1751 638 1825 κεφάλαια
656 1753 1018 1821 ὑποτέτακται,
1049 1755 1270 1827 βεϐαιοῖ,
1302 1758 1571 1835 Νεστόριον
1591 1757 1645 1816 δέ
1672 1761 1757 1816 τόν

1863 571 2032 630 quare
2055 560 2217 618 etiam
2245 564 2635 624 sanctissimam
2662 568 2936 642 Virginem
2954 575 3176 636 Mariam
3204 560 3447 640 inﬁcian-

1865 659 1955 708 tur
1977 652 2268 725 Deiparam
2295 671 2450 715 esse:
2477 661 2651 718 sancti
2681 677 2814 719 vero
2841 665 3029 725 Patres
3064 671 3121 726 in
3146 670 3447 731 Chalcedo-

1863 747 2017 803 nensi
2046 750 2278 808 concilio
2306 756 2617 824 congregati
2644 757 3035 815 sanctissimam
3073 761 3298 820 Mariam
3324 765 3450 824 Dei-

1861 859 2050 916 param
2075 847 2307 906 confessi
2333 859 2478 906 sunt.
2534 850 2732 924 Impius
2759 849 3076 914 Theodorus
3112 868 3275 932 atque
3314 879 3450 922 auo-

1862 951 2026 1009 nyma
2064 940 2288 1010 epistola
2329 943 2464 999 duas
2505 945 2853 1004 admittentes
2890 964 3178 1022 personas,
3232 954 3448 1012 unicam

1861 1034 2044 1085 tamen
2075 1045 2362 1101 personam
2389 1048 2487 1104 per
2528 1035 2860 1094 habitualem
2906 1040 3160 1097 unionem
3204 1043 3449 1113 proﬁteri

1860 1133 1920 1176 se
1946 1120 2200 1178 simulant
2225 1141 2238 1178 :
2264 1125 2500 1196 synodus
2524 1135 2705 1184 autem
2731 1129 2931 1201 duplici
2959 1137 3167 1189 natura:
3193 1133 3451 1206 hyposta-

1861 1208 2025 1266 ticam
2067 1227 2188 1270 esse
2236 1215 2492 1272 unionem
2539 1217 2846 1286 affirmans,
2900 1223 3110 1280 unicam
3163 1240 3449 1296 personam

1861 1299 2140 1370 praedicat,
2185 1304 2300 1360 sive
2340 1307 2519 1376 potius
2547 1309 2763 1366 unicam
2807 1312 3207 1372 subsistentiam
3249 1315 3450 1376 Christi

1861 1391 2123 1462 unigeniti
2143 1392 2262 1450 Filii
2290 1395 2406 1451 Dei.
2437 1396 2644 1456 Rursus
2665 1416 2731 1456 ea
2759 1401 2988 1473 epistola
3009 1405 3246 1476 priorem
3270 1407 3449 1480 Ephe—

1860 1481 2034 1538 sinam
2061 1485 2344 1556 synodum,
2376 1503 2442 1544 ac
2467 1499 2712 1548 sanctum
2738 1491 2997 1567 Cyrillum
3023 1497 3266 1568 damnat,
3297 1501 3452 1572 cujus

1861 1573 2024 1629 etiam
2081 1576 2313 1642 capitula
2340 1578 2502 1650 impia
2547 1590 2753 1638 vocat:
2807 1583 3111 1643 Nestorium
3161 1598 3343 1648 autem
3393 1601 3452 1652 et

1859 1663 2205 1724 Theodorum
2234 1670 2471 1727 vindicat
2499 1687 2564 1731 ac
2590 1674 2776 1731 laudat
2801 1694 2813 1730 :
2838 1677 3291 1738 Chalcedonensis
3317 1698 3450 1742 vero

1859 1759 2097 1844 synodus
2137 1761 2193 1816 in
2227 1762 2478 1820 omnibus
2520 1763 2849 1836 Ephesinam
2895 1770 3130 1841 priorem
3185 1775 3449 1845 synodum

188 1842 323 1903 ἀσεϐῆ
347 1846 661 1920 κατακρίνει,
691 1849 772 1902 καί
798 1847 931 1923 πρὸς
946 1847 1149 1909 τούτοις
1175 1850 1232 1904 τό
1260 1847 1532 1906 Ἰουδαϊκὸν
1560 1850 1749 1924 σύμϐο-

1863 1842 2127 1920 sequitur,
2166 1851 2423 1925 Cyrillum
2462 1855 2640 1914 Patris
2669 1858 3017 1933 doctorisque
3061 1842 3230 1921 titulis
3269 1877 3448 1939 ornat,

187 1933 256 1988 λον
279 1936 332 1991 τό
357 1935 466 1992 ὑπὸ
489 1936 750 2015 Θεοδώρου
784 1939 1242 2013 συμπεπλασμένον
1257 1983 1272 2008 ,
1297 1941 1356 1998 τό
1377 1945 1464 1998 καί
1486 1945 1536 1999 έν
1556 1952 1618 2021 τῇ
1643 1944 1757 2002 κατ’

185 2023 366 2100 Ἔφεσον
401 2031 590 2104 πρώτῃ
625 2029 826 2103 συνόδῳ
865 2035 1183 2110 κατακριθέν,
1229 2035 1310 2090 καί
1350 2035 1402 2090 έν
1428 2036 1560 2110 αύτῇ
1600 2045 1662 2114 τῇ
1708 2039 1758 2092 ἐν

183 2119 431 2179 Χαλκηδόνι
484 2121 680 2196 συνόδῳ
730 2125 861 2196 μετά
904 2131 1074 2182 ταῦτα
1113 2129 1454 2204 προκομισθέν
1493 2129 1623 2200 μετά
1662 2135 1752 2185 τοῦ

181 2211 457 2287 γράψαντος
481 2214 609 2272 αύτό
634 2216 1010 2292 παραπλησίως
1029 2217 1367 2285 καταδικάζει.

1863 1943 2284 2017 synodicamque
2311 1946 2453 2004 illius
2474 1948 2776 2021 epistolam,
2807 1954 2896 2010 cui
2917 1953 3202 2013 duodecim
3231 1973 3295 2014 ea
3320 1959 3448 2017 sub-

1866 2049 2006 2092 nexa
2041 2043 2166 2092 sunt
2194 2037 2450 2108 capitula,
2481 2041 2786 2114 conﬁrmat,
2836 2044 3142 2103 Nestorium
3187 2051 3446 2118 damnat;

1862 2134 2026 2198 atque
2052 2126 2121 2183 ad
2142 2127 2259 2184 haec
2280 2127 2558 2208 Iudaicum
2587 2134 2890 2205 symbolum
2925 2152 2956 2193 a
2997 2138 3286 2198 Theodoro
3313 2157 3447 2199 con-

1858 2217 2202 2285 sarcinatum,
2229 2220 2374 2291 quod
2393 2221 2523 2278 olim
2549 2225 2712 2279 etiam
2739 2225 2794 2281 in
2819 2229 2991 2298 prima
3017 2229 3286 2301 Ephesina
3312 2249 3443 2306 syn-

181 2303 276 2361 odo
316 2304 624 2363 damnatum
665 2306 876 2374 fuerat,
928 2316 984 2365 et
1027 2317 1150 2380 post
1198 2325 1264 2367 ea
1309 2325 1428 2382 quae
1475 2309 1720 2383 superius
1777 2309 2147 2368 recensuimus
2190 2311 2246 2367 in
2294 2313 2482 2370 eadem
2525 2324 2712 2372 sancta
2759 2315 3188 2381 Chalcedonensi
3233 2303 3444 2398 synodo

210 2398 426 2456 relatum
477 2399 672 2470 fuerat,
721 2401 968 2458 similiter
1020 2413 1353 2476 exsecratur,
1403 2412 1567 2477 atque
1618 2420 1742 2462 cum
1781 2410 2002 2461 auctore
2028 2419 2127 2462 suo
2153 2405 2588 2464 anathematizat.

237 2498 404 2549 Ταῦτα
431 2491 491 2550 δέ
517 2493 566 2547 έν
595 2503 701 2553 τοῖς
727 2494 1005 2572 ὁρισθεῖσιν
1030 2499 1061 2556 ἡ
1088 2497 1208 2570 ἁγία
1231 2499 1281 2554 έν
1299 2498 1571 2559 Χαλκηδόνι
1601 2501 1750 2557 σύνο-

174 2577 250 2644 δος
275 2585 497 2650 ἐξέθετο,
526 2586 586 2639 ού
606 2587 903 2650 καινίζουσά
935 2609 986 2642 τι
1013 2592 1132 2662 περὶ
1151 2593 1244 2648 τήν
1270 2589 1530 2667 ὀρθόδοξον
1551 2592 1747 2658 πίστιν,

173 2671 283 2728 ἀλλὰ
315 2673 401 2732 διὰ
420 2678 626 2733 πάντων
654 2678 1000 2734 ἀκολουθοῦσα
1026 2688 1088 2756 τῇ
1118 2681 1358 2758 ὁμολογίᾳ
1383 2691 1475 2743 τῆς
1500 2685 1746 2750 πίστεως,

172 2767 222 2825 ἣν
247 2765 272 2823 ό
295 2770 478 2844 κύριος
505 2767 591 2825 διὰ
619 2777 718 2826 τῶν
746 2769 900 2845 ἁγίων
919 2772 1218 2830 ἀποστόλων
1243 2773 1562 2849 ἐδωρήσατο,
1593 2777 1679 2830 καί
1704 2776 1751 2830 οί

169 2858 290 2931 ἅγιοι
307 2863 591 2920 ἀπόστολοι
615 2865 878 2940 έκήρυξαν,
901 2869 986 2921 καί
1005 2867 1051 2922 οἱ
1069 2867 1352 2945 τριακόσιοι
1377 2865 1499 2924 δέκα
1517 2871 1599 2922 καί
1620 2869 1748 2925 ὀκτὼ

165 2952 286 3027 ἅγιοι
311 2957 543 3032 πατέρες
576 2954 978 3030 παραδεδώκασι
1001 2966 1065 3034 τῇ
1090 2964 1184 3014 τοῦ
1215 2965 1342 3014 Θεοῦ
1365 2960 1602 3034 ἐκκλησίᾳ
1617 3000 1634 3025 ,
1666 2964 1751 3016 καὶ

162 3047 200 3100 οἱ
224 3048 410 3104 έκατόν
437 3051 751 3106 πεντήκοντα
783 3051 1000 3126 πατέρες
1027 3049 1360 3118 έϐεϐοιίωσαν,
1391 3054 1753 3124 σαφηνίσαντες

161 3145 264 3218 περί
289 3147 391 3200 τῆς
421 3136 662 3198 θεότητος
686 3145 780 3195 τοῦ
805 3139 948 3212 ἁγίου
973 3142 1280 3214 πνεύματος.
1310 3144 1484 3216 Ταύτῃ
1515 3141 1568 3198 δέ
1595 3147 1682 3200 καί
1707 3145 1754 3200 oi

159 3230 426 3303 ίνἙφέσῳ
458 3231 520 3286 τό
557 3232 734 3306 πρώην
759 3232 1102 3302 συναχθέντες
1129 3229 1262 3305 ἅγιοι
1295 3233 1517 3307 πατέρες
1539 3233 1754 3293 ἠκολού-

160 3325 326 3385 θησαν.
355 3322 414 3380 ’Β
441 3323 496 3380 δέ
537 3325 588 3378 έν
614 3324 886 3384 Χαλκηδόνι
924 3325 1046 3399 ἁγία
1072 3324 1281 3387 σύνοδος
1306 3329 1389 3380 καί
1421 3327 1749 3398 ἀνεθεμάτισε
1775 3351 1822 3416 C

165 3423 269 3482 τοὺς
295 3421 476 3494 ἕτερον
511 3419 768 3492 σύμϐολον
801 3418 834 3480 ἢ
873 3417 1063 3475 ἔκθεσιν
1097 3420 1320 3482 πίστεως
1345 3419 1747 3496 παραδιδόντας,

164 3516 293 3591 παρὰ
313 3517 374 3569 τὸ
394 3513 500 3569 ύπό
527 3521 627 3570 τῶν
652 3516 956 3590 τριακοσίων
990 3511 1117 3570 δέκα
1153 3516 1239 3571 καί
1265 3514 1396 3571 ὀκτώ
1417 3513 1572 3588 ἁγίων
1595 3517 1749 3572 πατέσ

165 3626 252 3678 ρων
275 3605 588 3684 παραδοθέν.

222 3790 398 3854 οὕτως
421 3793 594 3847 τοίνυν
632 3801 725 3852 τῆς
751 3792 984 3854 ἀληθείας
1007 3791 1258 3864 έχούσης,
1288 3791 1382 3864 ὀψέ
1423 3798 1546 3864 γοῦν
1585 3815 1744 3850 κατα-

165 3885 363 3940 νοήσατε
383 3921 399 3946 ,
430 3887 514 3944 τίς
541 3885 703 3960 ὀρθῶς
734 3888 825 3944 τήν
858 3883 1008 3956 ἁγίαν
1035 3882 1087 3939 έν
1121 3881 1392 3944 Χαλκηδόνι
1431 3883 1642 3942 σύνοδον
1669 3886 1746 3941 έκ-

163 3968 312 4039 dmi;
353 3974 581 4050 Πότερον
631 3973 660 4030 ὁ
697 3972 933 4030 δεικνύων
975 3973 1050 4031 ὅτι
1096 3983 1203 4036 τοῖς
1247 3977 1526 4048 εἰρημένοις
1583 3977 1746 4052 ἁγίοις

164 4069 406 4141 πατράσιν
436 4067 830 4128 ἀκολουθήσασα
854 4065 1024 4125 πάντα
1051 4069 1207 4147 ὀρθῶς
1245 4069 1433 4134 ἐξέθετο
1449 4109 1463 4135 ,
1502 4067 1533 4129 ἢ
1573 4068 1600 4124 ό
1623 4071 1745 4133 τούς

163 4161 348 4227 ἀσεϐεῖς
392 4169 503 4220 τῶν
549 4163 810 4236 αίρετικῶν
853 4163 1032 4236 λόγους
1077 4164 1393 4238 προσάπτειν
1440 4162 1745 4230 σπουδάζων

164 4255 303 4333 αὐτῇ
349 4259 490 4318 Τοὺς
528 4259 630 4328 γὰρ
675 4257 871 4335 καθαρᾷ
920 4255 1202 4317 συνειδήσει
1222 4296 1236 4322 ,
1279 4259 1362 4312 καί
1403 4257 1534 4331 ὀρθῷ
1567 4264 1744 4328 σκοπῷ

163 4341 466 4420 δεχομένους
509 4354 601 4409 τὴν
650 4349 698 4404 έν
728 4349 917 4422 Ἐφέσῳ
960 4353 1170 4425 πρώτην
1207 4348 1445 4416 σύνοδον,
1495 4354 1580 4406 καί
1622 4353 1745 4414 τούς

165 4431 323 4508 Ws
345 4444 585 4518 πατέρας
609 4443 1239 4518 Κελεστῖνον,.κύριλλον,
1283 4447 1368 4499 καί
1407 4444 1620 4512 Λέοντα,
1662 4445 1746 4499 καὶ

166 4530 240 4584 τόν
285 4529 397 4610 ὅρον
446 4543 545 4596 τῆς
595 4537 647 4590 έν
696 4534 969 4594 Χαλκηδόνι
1020 4533 1255 4600 συνόδου,
1311 4532 1558 4590 ἀδύνατόν
1610 4537 1746 4591 ἐστιν

165 4615 391 4693 δέχισθοιι
435 4629 574 4698 μετὰ
618 4627 813 4682 τούτων
860 4630 942 4682 καί
987 4633 1078 4686 τήν
1125 4626 1254 4702 πρός
1295 4627 1463 4700 Μάριν
1505 4629 1745 4702 μυσαράν

166 4710 416 4776 έπιστολήν
434 4722 531 4777 τὴν
551 4721 684 4774 κατά
701 4719 868 4774 πάντα
887 4719 1086 4777 τούτοις
1113 4718 1508 4786 ἐναντιουμένην.
1537 4722 1623 4778 Τίς
1641 4723 1742 4796 γάρ

1925 2494 2052 2552 Haec
2075 2497 2260 2570 itaque
2293 2496 2694 2559 deﬁnitionibus
2745 2514 2945 2563 sanctae
2991 2507 3446 2573 Chalcedonensis

1852 2591 2044 2662 synodi
2073 2593 2366 2650 constituta
2391 2603 2537 2664 sunt,
2568 2611 2669 2653 nec
2695 2598 2986 2657 obscurum
3012 2603 3286 2676 quidpiam
3317 2623 3456 2680 pro-r

1852 2681 2034 2738 locuta
2064 2690 2148 2739 est
2174 2683 2318 2740 circa
2343 2685 2502 2742 ﬁdem
2531 2689 2798 2759 synodus,
2842 2707 3032 2749 verum
3058 2695 3257 2768 ubique
3282 2708 3338 2754 et
3387 2700 3443 2756 in

1851 2773 2100 2830 omnibus
2119 2789 2241 2832 eam
2261 2786 2465 2834 sectata
2485 2789 2568 2836 est
2588 2780 2980 2842 confessionem
3002 2787 3144 2857 fidei,
3169 2805 3200 2847 a
3215 2790 3444 2851 Domino

1852 2863 2088 2935 benigne
2113 2880 2428 2924 concessam
2459 2886 2557 2941 per
2576 2875 2855 2942 apostolos
2893 2893 3039 2948 suos,
3068 2897 3230 2951 quam
3270 2886 3442 2943 sancti

1854 2956 1956 3027 ipsi
1984 2957 2346 3028 praedicarunt
2371 2964 2623 3032 apostoli,
2656 2981 2818 3036 quam
2847 2973 3017 3027 sancti
3048 2975 3276 3030 trecenti
3301 2986 3430 3035 octo

1854 3047 2031 3106 decim
2070 3051 2258 3109 Patres
2293 3053 2388 3110 Dei
2435 3053 2690 3114 Ecclesia:
2739 3060 3092 3130 tradiderunt,
3121 3080 3282 3136 quam
3311 3084 3442 3126 cen-

1857 3149 1972 3198 tum
1999 3150 2053 3199 et
2080 3145 2464 3217 quinquaginta
2493 3146 2678 3208 Patres
2709 3152 2893 3209 itidem
2923 3154 2991 3211 de
3017 3155 3249 3227 Spiritus
3269 3161 3443 3220 sancti

1855 3233 2139 3293 divinitate
2161 3237 2412 3310 dogmata
2432 3241 2777 3302 declarantes
2794 3245 3269 3309 conﬂrmavermit.
3291 3254 3442 3316 Hauc

1853 3327 2026 3382 secuti
2055 3335 2182 3386 sunt
2207 3331 2377 3387 sancti
2403 3331 2594 3390 Patres
2620 3333 2894 3406 Ephesum
2929 3345 3310 3403 convenientes
3331 3347 3441 3420 pri-

1852 3433 2032 3488 mum;
2061 3419 2204 3479 hanc
2224 3424 2469 3496 amplexa
2492 3435 2576 3504 est
2602 3437 2788 3486 sancta
2805 3429 3162 3495 Chalcedonis
3181 3419 3440 3512 synodus,

1853 3530 1974 3588 qua:
2001 3518 2348 3576 anathemate
2387 3519 2548 3590 feriit,
2579 3524 2888 3598 quicunque
2940 3530 3086 3587 aliud
3137 3535 3439 3606 symbolum

1854 3609 2110 3678 traderet,
2144 3611 2258 3668 sive
2286 3611 2408 3668 ﬁdei
2437 3615 2852 3686 expositionem,
2879 3629 3075 3690 praeter
3101 3639 3220 3680 eam
3245 3642 3363 3699 qua:
3407 3643 3438 3684 a

1851 3704 2054 3760 sanctis
2081 3705 2340 3762 trecentis
2374 3713 2432 3762 et
2458 3707 2758 3765 octodecim
2786 3709 3036 3770 Patribus
3067 3717 3259 3774 tradita
3284 3729 3388 3776 est.

1925 3794 2055 3863 Quae
2079 3810 2202 3852 cum
2230 3795 2305 3852 ita
2335 3811 2394 3853 se
2422 3798 2674 3866 habeant,
2705 3816 2830 3860 sero
2859 3805 3075 3863 tandem
3106 3813 3435 3880 cognoscite,

1852 3896 1973 3945 uter
1999 3889 2202 3946 rectius
2230 3899 2470 3948 sanctam
2498 3891 2996 3958 Chalcedonensem
3033 3908 3250 3957 tueatur
3275 3919 3436 3975 syno-

1851 3981 1978 4038 dum
2001 4023 2017 4050 ,
2050 3983 2167 4041 isne
2188 3984 2280 4053 qui
2303 3999 2424 4040 eam
2463 3986 2714 4057 praefatos
2742 3989 2840 4045 SS.
2880 3989 3071 4048 Patres
3099 3991 3328 4051 tideliter
3355 4012 3435 4052 se-

1851 4080 2052 4142 cutam,
2080 4083 2230 4131 recte
2251 4076 2500 4134 universa
2531 4076 2805 4134 deﬁniisse
2832 4082 3130 4150 contendit,
3161 4098 3231 4138 an
3271 4085 3318 4140 is
3345 4087 3435 4156 qui

1850 4167 1902 4223 ei
1929 4167 2162 4223 tribuere
2187 4169 2379 4223 nititur
2403 4169 2598 4240 impios
2635 4169 2886 4238 loquendi
2926 4171 3118 4228 modos
3153 4175 3434 4234 hmretico-

1851 4262 2009 4314 rum?
2055 4259 2198 4315 Fieri
2239 4274 2471 4330 namque
2514 4260 2735 4316 minime
2788 4270 2968 4331 potest
3022 4273 3081 4319 ut
3133 4267 3226 4338 qui
3274 4283 3435 4340 puras

1853 4351 2041 4422 prima:
2085 4349 2370 4420 Ephesium
2417 4349 2608 4420 synodi
2657 4352 2985 4419 sanctiones,
3035 4355 3434 4432 catholicasque

1852 4455 2014 4497 voces
2035 4439 2342 4504 admittunt,
2372 4439 2572 4509 quique
2599 4440 2695 4497 SS.
2728 4440 2831 4498 PP.
2869 4443 3240 4518 leestinum,
3262 4451 3433 4525 Cyril-

1852 4531 1998 4598 lum,
2042 4529 2282 4587 Leonem
2327 4546 2392 4587 ac
2432 4529 2886 4592 Chalcedonensis
2933 4540 3124 4610 synodi
3165 4541 3428 4602 deﬁnitio-

1853 4636 1978 4679 nem
2025 4621 2310 4692 recipiunt,
2363 4622 2400 4678 ii
2428 4622 2716 4680 scelestam
2743 4640 2960 4698 quoque
2999 4631 3067 4686 ad
3100 4631 3292 4690 Marim
3321 4637 3432 4709 epi-

1850 4713 2069 4784 stolam,
2094 4727 2216 4768 cum
2251 4713 2316 4770 iis
2343 4728 2464 4785 quae
2491 4718 2914 4794 percensuimus,
2946 4723 3166 4781 omnino
3193 4741 3431 4797 pugnan-

166 4804 277 4864 τοὺς
295 4804 634 4871 διδασκάλους
659 4817 752 4870 τῆς
777 4809 1062 4876 ἐκκλησίας,
1095 4803 1177 4863 καί
1199 4810 1321 4868 τούς
1347 4811 1413 4863 τὰ
1441 4806 1640 4866 ἐναντία
1669 4809 1746 4868 δι-

1858 4815 1958 4862 tem
1987 4805 2287 4863 admittant.
2335 4809 2466 4878 Quis
2494 4785 2638 4867 enim
2666 4791 2925 4872 Ecclesiae
2951 4785 3238 4889 magistros
3267 4785 3430 4893 atque

167 4892 434 4964 δάσκοντας
453 4943 470 4968 ν
497 4902 528 4962 ἧ
568 4906 690 4964 τούς
715 4901 1044 4980 όρθοδόξους,
1093 4904 1180 4959 καί
1205 4906 1326 4964 τούς
1362 4903 1680 4979 αἱρετικούς,
1712 4907 1744 4968 ἦ

166 4993 269 5052 τοὺς
294 4995 765 5063 καταδικάσαντας,
788 4999 1014 5059 καὶτοὺς
1032 4998 1424 5074 κατακριθέντας
1445 4996 1570 5069 ὁμοῦ
1591 4997 1746 5055 δύνα-

165 5100 240 5140 ται
263 5083 529 5154 δέξασθαις
575 5087 683 5146 Ἰνα
715 5089 771 5147 δέ
805 5091 1111 5167 τελειότερον
1137 5093 1201 5148 τά
1229 5088 1316 5147 διά
1343 5087 1486 5146 Ἰϐαν
1513 5095 1595 5148 καί
1621 5103 1737 5150 8co-

168 5170 360 5247 δῶριτον
401 5185 705 5256 κεκινημένα
757 5190 945 5257 γνῶτε,
994 5185 1262 5257 ἀναγκαῖον
1311 5183 1614 5256 ἐνομίσαμεν
1663 5186 1742 5240 καί

169 5274 316 5328 ταῦτα
336 5274 460 5346 ύμῖν
488 5284 798 5354 φανερῶσαι.

222 5366 484 5424 Γενὼσκττε
520 5371 690 5424 τοίνυν
715 5367 794 5427 ὅτι
825 5369 952 5425 κατά
984 5367 1251 5442 διαφόρους
1281 5368 1491 5440 καιρούς
1537 5366 1622 5423 διὰ
1647 5373 1738 5428 τήν

164 5447 382 5512 ἀσέϐειαν
410 5458 678 5532 Θεοδώρου
705 5463 786 5516 καί
812 5461 1088 5534 Νεστορίου
1124 5464 1215 5518 τήν
1251 5467 1312 5533 τῇ
1337 5460 1469 5533 αὐτῇ
1500 5459 1737 5533 ἐπιστολῇ

165 5550 535 5624 περιεχομένην,
560 5555 645 5606 καί
675 5549 761 5607 διά
781 5553 874 5613 τὰς
904 5551 1076 5626 ῦϐρεις
1105 5553 1198 5610 τὰς
1223 5551 1356 5605 κατὰ
1383 5555 1474 5604 τοῦ
1499 5551 1548 5603 ἐν
1576 5549 1735 5622 όιγίοις

165 5637 383 5710 Ιυρίλλου
425 5645 510 5697 καὶ
546 5650 647 5698 τῶν
672 5644 826 5699 αὐτοῦ
863 5643 1131 5715 κεφαλαίων
1171 5641 1474 5712 λεχθείσας,
1516 5661 1728 5711 κατηγο·-

164 5730 378 5795 ρηθέντος
397 5730 512 5791 Ἰϐα
539 5739 686 5811 παρά
720 5735 974 5805 Θεοδοσίῳ
1007 5742 1080 5808 τῷ
1109 5743 1198 5795 τῆς
1227 5733 1468 5793 εὐσεϐοῦς
1497 5732 1680 5798 λήξεως
1709 5732 1725 5764 ¹

1846 4899 2116 4955 contraria
2146 4899 2406 4958 docentes
2423 4904 2509 4959 vel
2531 4905 2864 4965 orthodoxos
2891 4910 3051 4967 simul
3073 4920 3237 4984 atque
3264 4916 3425 4971 haere-

1849 4991 2002 5060 ticos,
2051 4992 2139 5048 vel
2186 4993 2574 5070 condemnatos
2626 5013 2733 5054 una
2783 5015 2904 5057 cum
2951 4997 3430 5064 condemnantibus

1844 5083 2024 5138 valeat
2041 5084 2326 5154 amplecti?
2345 5084 2631 5156 Caeterum,
2661 5099 2720 5145 ut
2743 5092 2952 5163 plenius
2971 5109 3036 5150 ea
3054 5109 3174 5164 quae
3195 5111 3227 5151 a
3249 5095 3428 5153 Theo-

1846 5172 2037 5230 doreto
2066 5183 2123 5230 et
2146 5173 2238 5231 lba
2269 5177 2480 5232 turbata
2511 5164 2632 5235 sunt
2660 5181 2987 5253 intelligatis,
3019 5185 3134 5240 hzec
3161 5185 3266 5241 alia
3295 5203 3429 5257 quo-

1847 5278 1954 5334 que
1981 5265 2133 5320 vobis
2161 5281 2432 5337 exponere
2473 5282 2652 5339 operm
2704 5272 2936 5342 pretium
2985 5272 3426 5332 existimavimus.

1918 5355 2183 5412 Noveritis
2230 5357 2442 5428 itaque,
2487 5360 2630 5431 quod
2668 5376 2788 5418 cum
2827 5363 3050 5419 diversis
3098 5365 3429 5435 temporibus

1845 5458 2126 5505 accusatus
2175 5459 2318 5505 esset
2368 5450 2486 5506 ibas
2541 5452 2682 5522 apud
2737 5452 2987 5524 piissinne
3040 5454 3427 5514 recordationis

1842 5555 2024 5611 regem
2048 5535 2431 5611 Theodosium,
2464 5545 2534 5600 ob
2561 5545 2938 5601 Nestorianam
2967 5545 3425 5607 Theodorianam—
3489 5547 3492 5550 ’

1843 5649 1948 5705 que
1985 5635 2313 5706 impietatem
2352 5636 2404 5689 in
2446 5652 2540 5690 sua
2596 5653 2657 5691 ea
2712 5637 2940 5707 epistola
2987 5647 3314 5706 contentam,
3363 5659 3425 5700 ac

1835 5739 2058 5802 propter
2103 5731 2458 5786 contumelias
2497 5731 2548 5786 in
2601 5741 2843 5786 sanctum
2890 5731 3148 5806 Cyrillum
3199 5735 3424 5808 ejusque

164 5817 374 5889 βασιλεῖ,
402 5831 485 5882 καί
519 5832 662 5907 ποιρά
699 5829 904 5906 Πρόκλῳ
936 5836 1009 5899 τῷ
1048 5830 1097 5884 ἐν
1144 5827 1303 5900 ἁγίοις
1330 5826 1726 5902 ἀρχιεπισκόπῳ

235 5915 249 5936 I
288 5914 384 5936 ‘7_I
411 5919 431 5936 ς
449 5923 488 5936 εν
630 5933 666 5936 _
714 5923 724 5936 ι
760 5923 779 5936 \
1229 5917 1267 5936 ἱ.

1858 5823 2068 5896 :apitula
2115 5822 2369 5894 prolatas,
2404 5831 2459 5878 ct
2498 5823 2639 5893 apud
2688 5822 2939 5883 Proclqu
2983 5836 3230 5886 sanctqu
3269 5827 3419 5892 Cou-

235 5915 250 5946 ¹
288 5914 388 5974 Vel
411 5919 607 5987 λέξεως.
630 5923 844 5986 Πρόκλος
871 5937 1203 5980 κωνσταντιν.
1229 5917 1470 5994 ’Δρχιεπκ
