3988 6346
489 410 591 471 819

1863 401 2153 462 VIGILIUS
2192 403 2386 461 PAPA.

3653 399 3753 460 δῦ)

492 535 658 587 δοοῦσι
700 529 929 587 σκοτεινά
957 522 1085 584 εἶναι
1109 525 1247 584 δοκεῖ
1274 526 1339 583 τά
1362 526 1509 605 παρᾶ
1545 531 1645 583 τῶν
1682 532 1775 586 τῆς
1800 523 2065 584 ἐκκλησίας

2178 522 2457 593 ligentibus
2484 537 2550 582 ea
2576 536 2695 594 quae
2723 522 2792 579 ab
2816 522 3076 580 Ecclesiae
3102 519 3371 591 magistris
3398 520 3595 579 tradita
3616 536 3757 594 sunt,

488 625 818 694 διδασκάλων,
837 629 919 682 καί
942 633 1043 682 τῶν
1064 626 1207 679 θείων
1226 634 1425 699 γραφῶν
1444 620 1773 693 ἔκτεθειμένα.
1798 622 1887 674 Καὶ
1907 625 2074 674 ταῦτα

488 722 574 774 uir
614 722 681 775 τὰ
726 722 848 797 περί
885 715 1021 784 Ἴϐα,
1053 720 1138 773 καί
1190 724 1282 777 τῆς
1330 717 1551 776 ἀσεϐοῦς
1591 716 1775 773 ἐκείνης
1807 712 2073 772 ἐπιστολῆς

487 813 618 868 οὕτω
637 813 1152 885 παρακολουθήσαντος
1179 809 1235 866 ἕν
1254 832 1362 868 τισι
1387 810 1597 882 βιϐλίοις
1628 809 1960 883 εὑρίσκονται.

460 928 463 929 ν
554 902 743 958 Εἰδέναι
788 902 842 958 δέ
884 904 1021 976 ὑμᾶς
1062 908 1171 980 χρὴ
1205 901 1283 959 ὅτι
1325 903 1389 957 τά
1427 903 1798 977 πεπραγμένα,
1836 901 1884 952 ἐν
1925 895 1997 961 οἷς
2042 900 2072 957 ἡ

487 998 680 1057 ἀσεϐὴς
729 997 881 1055 ἐκείνη
936 998 1174 1056 ἐπιστολή
1218 998 1544 1071 περιέχεται,
1576 998 1681 1065 οὐχ
1729 993 2073 1049 ὑποτέτακται

488 1101 594 1152 τοῖς
618 1091 941 1156 αὐθεντικοῖς,
969 1088 1042 1151 οἷς
1072 1092 1117 1145 οί
1158 1091 1422 1145 ἐπίσκοποι
1458 1088 1783 1162 ὑπέγραψαν,
1812 1083 1876 1139 ὧν
1900 1088 1984 1140 καί
2008 1085 2074 1139 τά

490 1183 717 1239 ίσότυπα
745 1184 1026 1247 αὐθεντικά,
1060 1180 1110 1237 ἕν
1130 1203 1185 1238 τε
1216 1189 1278 1256 τῇ
1305 1181 1564 1253 ἁγιωτάτῃ
1592 1178 1826 1252 ἐκκλησία
1850 1176 2069 1246 Ῥώμης,

488 1279 572 1333 καί
599 1278 649 1330 ἒν
670 1284 732 1351 τῇ
758 1275 1303 1342 Κωνσταντινουπόλει,
1336 1279 1415 1329 καί
1443 1275 1493 1327 ἐν
1535 1280 1608 1345 τῷ
1648 1273 1763 1343 θείῳ
1792 1273 1933 1342 ἡμῶν
1971 1291 2074 1324 πα·-

488 1367 644 1443 λατίῳ
665 1367 1107 1441 παραδεδώκασιν.
1133 1368 1271 1423 Ἐπεί
1292 1372 1458 1421 τοίνυν
1477 1365 1729 1421 δείκνυται
1748 1362 2073 1432 πανταχόθεν

488 1462 660 1522 πάσης
704 1462 943 1523 ἀσεϐείας
968 1461 1336 1535 πεπληρωμένη
1367 1461 1397 1517 ἡ
1426 1460 1553 1517 αὐτὴ
1584 1456 1777 1516 ἀσεϐής
1806 1455 2068 1518 ἐπιστολή,

489 1557 569 1609 καί
595 1555 796 1611 ἐναντία
824 1550 959 1609 οὖσα
985 1562 1091 1614 τοῖς
1120 1552 1388 1627 ὁρισθεῖσιν
1413 1551 1514 1606 ὑπὸ
1540 1557 1631 1609 τῆς
1674 1548 1825 1621 ἁγίας
1853 1548 1903 1601 ἐν
1939 1550 2072 1602 Χαλ-

490 1645 659 1704 κηδόνι
700 1646 934 1707 συνόδου,
963 1648 1007 1700 οί
1049 1643 1239 1703 ταύτην
1282 1645 1508 1717 λέγοντες
1550 1642 1791 1715 δεδέχθαι
1837 1644 1937 1698 ὑπὸ
1982 1650 2074 1703 τῆς·

490 1736 639 1809 ἁγίας
665 1740 714 1791 ἐν
737 1735 1007 1795 Χαλκηδόνι
1033 1736 1249 1792 συνόδου
1270 1777 1285 1803 ,
1318 1741 1376 1791 οὺ
1405 1738 1551 1807 μόνον
1577 1742 1668 1795 τήν
1697 1737 1883 1791 οἰκείαν
1922 1756 2075 1789 κακο-

490 1825 655 1892 δοξίαν
702 1828 1078 1893 σπουδάζουσιν
1123 1826 1348 1894 ἐκδικεῖν,
1374 1828 1495 1882 ἀλλά
1522 1829 1608 1882 καί
1647 1827 1796 1903 ὕϐριν
1842 1834 1905 1901 τῇ
1945 1827 2072 1900 αὖτῇ

489 1921 613 1996 όιγίᾳ
638 1921 835 1993 συνόδῳ
874 1924 1214 2000 προσάπτειν.
1241 1923 1317 1977 Τά
1342 1923 1443 1996 γὰρ
1469 1920 1719 1993 δεχθέντα
1742 1923 1825 1974 καί
1854 1920 2075 1990 βεϐαιω-

489 2014 634 2069 θέντα
661 2016 805 2088 παρὰ
831 2023 923 2076 τῆς
950 2015 1376 2085 μνημονευθείσης
1397 2013 1547 2087 ἁγίας
1570 2011 1806 2079 συνόδου,
1830 2012 2078 2082 ὀνομαστί

491 2106 541 2160 ἐν
568 2113 640 2175 τῷ
666 2107 790 2181 παρ’
818 2108 976 2168 αὐτῆς
1004 2105 1256 2177 δεδομένῳ
1282 2107 1401 2183 περὶ
1429 2114 1522 2166 Tn“;
1544 2107 1769 2166 πίστεως
1794 2101 1897 2177 ὅρῳ
1937 2124 2076 2180 περι-

492 2198 694 2267 ἕχεται.

563 2383 825 2436 Γινώσκειν
864 2378 917 2437 δὲ
964 2382 1100 2452 ὑμᾶς
1141 2381 1421 2453 βουλόμεθα
1446 2422 1461 2448 ,
1508 2378 1590 2437 ὅτι
1624 2382 1706 2435 καί
1738 2378 2074 2459 Θεοδώριτος,

491 2471 663 2532 ἔπειδύ
685 2474 817 2529 κατά
839 2480 938 2530 τῶν
973 2472 1170 2529 δώδεκα
1209 2474 1484 2545 κεφαλαίων
1512 2478 1604 2528 τοῦ
1630 2473 1682 2526 ἐν
1711 2470 1874 2546 ἁγίοις
1901 2473 2075 2544 Κυρίλ-

489 2562 577 2623 λου
610 2565 833 2641 ἔγραψε,
865 2569 1166 2644 Νεστόριον,
1196 2570 1281 2624 καί
1308 2573 1400 2628 τὴν
1432 2568 1586 2622 αὑτοῦ
1620 2565 1915 2632 κακοδοξίαν
1942 2565 2077 2623 ἐκδι-

491 2666 607 2722 κῶν.
638 2662 770 2731 μετὰ
812 2661 895 2714 τὸν
946 2658 1064 2735 ὅρον
1108 2668 1199 2720 τῆς
1243 2661 1293 2713 ἐν
1338 2656 1616 2716 Χαλκηδόνι
1664 2656 1813 2731 ἁγίας
1858 2654 2075 2713 συνόδου

492 2752 748 2811 συνωθήθη
768 2793 785 2819 ,
824 2759 1027 2824 πρῶτον
1064 2754 1154 2825 μὲν
1190 2752 1552 2824 ἁναθεματίσαι
1586 2749 1850 2823 Νεστόριον
1878 2752 1964 2805 καί
1987 2755 2077 2809 τὴν

489 2843 730 2901 ἀσέϐειαν
754 2847 844 2902 τήν
887 2846 1067 2911 αὑτοῦ,
1096 2844 1177 2898 καί
1207 2840 1517 2915 ὁμολογῆσαι
1560 2838 1784 2896 θεοτόκον
1812 2845 1902 2901 τὴν
1928 2839 2077 2913 ἁγίαν

487 2932 684 3001 ἔνδοξον
732 2937 1055 3011 ἀειπάρθενον
1098 2935 1308 3005 Μαρίαν,
1354 2935 1438 2989 καί
1477 2933 1641 2993 οὕτως
1681 2930 1891 3003 ἐδέχθη.
1935 2928 2079 2986 Ὀθεν

490 3030 574 3085 καί
601 3025 747 3090 Ἴϐας
776 3032 860 3085 καί
909 3027 1220 3107 Θεοδὼριτος
1244 3031 1350 3101 οὐχ
1380 3030 1449 3089 ὠς
1487 3024 1779 3084 διδάσκαλοι
1814 3027 1894 3080 καί
1921 3026 2078 3081 πατέ-

486 3141 594 3197 ρες,
610 3121 715 3175 ἀλλ’
738 3122 807 3181 ὡς
830 3127 1212 3192 μετανοοῦντες,
1228 3123 1315 3176 καί
1340 3121 1791 3192 άναθεματίζοντες
1820 3124 1910 3177 τὴν
1939 3137 2077 3173 κακὼ

486 3211 673 3278 δοξίαν,
707 3213 837 3289 ὑπὲρ
862 3210 924 3273 ἧς
949 3213 1386 3288 κατηγορήθησαν,
1410 3213 1494 3265 καί
1533 3208 1795 3281 δεξάμενοι
1837 3210 1926 3265 τὸν
1958 3208 2076 3283 ὅρον

2175 624 2340 686 atque
2369 633 2436 673 ex
2465 617 2658 673 divinis
2704 616 2897 673 litteris
2936 616 3129 672 hausta
3156 616 3386 672 obscura
3415 632 3537 673 esse
3571 618 3757 675 viden-

2175 716 2281 762 tur.
2308 708 2483 778 Atque
2504 709 2617 764 htec
2645 708 2862 778 quidem
2890 707 2958 763 de
2984 706 3077 763 Iba
3097 714 3258 777 atque
3306 706 3470 778 impia
3515 708 3606 764 illa
3644 711 3757 784 epi-

2173 799 2313 855 stola
2338 799 2391 853 in
2424 799 2691 871 aliquibus
2722 799 2872 855 libris
2899 807 3235 870 perscrutata
3257 800 3619 871 reperiuntur.

2245 890 2488 961 Namque
2514 904 2694 961 opera:
2721 891 2955 962 pretium
2993 898 3076 947 est
3117 898 3178 947 ut
3205 892 3391 948 sciatis
3434 900 3561 949 acta
3598 907 3667 950 ea
3706 893 3761 951 in
3784 888 3803 905 ⁸

2174 983 2368 1054 quibus
2397 983 2559 1054 impia
2591 984 2681 1039 illa
2723 984 3033 1039 continetur
3055 984 3305 1056 epistola,
3345 985 3570 1044 minime
3611 1001 3760 1044 eom-

2173 1075 2336 1147 plecti
2363 1074 2417 1130 in
2442 1074 2768 1131 authenticis
2802 1075 2869 1132 iis
2904 1075 3100 1146 quibus
3147 1076 3388 1148 episcopi
3431 1078 3760 1151 subscripse-

2175 1176 2322 1236 runt,
2351 1182 2583 1239 quorum
2622 1167 2936 1223 authentica
2969 1168 3301 1240 exemplaria
3333 1168 3389 1224 in
3425 1172 3762 1228 sanctissima

2176 1258 2421 1315 Romana
2469 1258 2709 1315 Ecclesia
2747 1267 2803 1315 et
2847 1259 2903 1314 in
2946 1259 3543 1332 Constantinopolitica,
3603 1272 3766 1335 atque

2176 1352 2340 1408 etiam
2366 1352 2421 1407 in
2447 1366 2605 1408 sacro
2633 1359 2818 1408 nostro
2847 1350 3050 1421 palatio
3078 1360 3291 1409 servata
3317 1361 3461 1409 sunt.
3500 1354 3766 1421 Quoniam

2176 1443 2339 1513 igitur
2379 1444 2613 1513 undique
2642 1441 2983 1499 manifestum
3012 1451 3096 1501 est
3132 1445 3353 1516 impiam
3395 1460 3517 1502 eam
3561 1447 3763 1518 episto-

2178 1536 2283 1590 lam
2315 1535 2463 1591 omni
2491 1535 2773 1606 iniquitate
2799 1534 3055 1591 refertam
3083 1551 3221 1604 esse,
3253 1537 3566 1608 sanctisque
3598 1554 3767 1596 sacra:

2178 1625 2633 1682 Chalcedonensis
2661 1625 2852 1697 synodi
2881 1625 3281 1683 deﬁnitionibus
3321 1614 3617 1699 adversari,
3646 1630 3766 1686 reli-

2177 1733 2343 1789 quum
2371 1727 2452 1775 est
2481 1727 2538 1774 ut
2567 1720 2659 1788 qui
2685 1719 2919 1774 dixerint
2965 1720 3135 1791 ipsam
3172 1722 3226 1776 in
3261 1734 3446 1778 sancta
3470 1721 3767 1781 Chalcedo-

2179 1810 2333 1865 neusi
2353 1809 2558 1882 synodo
2588 1810 2875 1876 contineri,
2908 1811 2945 1865 ii
2977 1827 3083 1867 non
3114 1813 3277 1869 modo
3302 1798 3580 1885 propriam
3608 1815 3765 1874 tutari

2108 1925 2155 1985 Β
2182 1905 2442 1960 malitiam
2464 1907 2610 1961 omui
2640 1915 2839 1962 conatu
2874 1906 3007 1961 eniti
3033 1914 3394 1974 censeantur;
3432 1922 3622 1962 verum
3645 1906 3767 1962 insi-

2180 2012 2339 2068 gnem
2368 2014 2584 2069 quoque
2610 2008 2794 2055 sancto
2823 2000 3055 2055 concilio
3086 2000 3289 2055 faciant
3316 2000 3590 2070 injuriam.
3618 2000 3768 2068 Quaa-

2180 2107 2393 2163 cunque
2435 2096 2579 2150 enim
2609 2096 2907 2166 approbata
2947 2104 3108 2166 atque
3136 2094 3453 2152 conﬁrmata
3494 2112 3526 2151 a
3564 2112 3767 2153 memo-

2180 2193 2296 2240 rata
2345 2194 2531 2241 sancta
2577 2187 2784 2259 synodo
2827 2196 2973 2267 sunt,
3018 2202 3084 2243 ea
3131 2188 3314 2243 omnia
3362 2187 3679 2243 nominatim
3721 2189 3768 2243 iu

2182 2275 2304 2333 ﬁdei
2331 2276 2644 2335 deﬁnitione
2672 2281 2740 2335 ab
2766 2280 2882 2351 ipsa
2913 2280 3110 2337 tradita
3139 2281 3504 2337 continentur.

2252 2371 2509 2428 Volumus
2530 2382 2709 2429 autem
2731 2374 2882 2430 vobis
2910 2373 3068 2430 simul
3088 2382 3358 2440 constare,
3387 2372 3767 2429 Theodoritum

2179 2479 2413 2535 quoque,
2444 2475 2730 2537 postquam
2764 2467 3024 2524 adversus
3052 2467 3338 2523 duodecim
3376 2467 3551 2522 sancti
3590 2466 3769 2539 Cyrilli

2180 2558 2360 2627 capita
2407 2559 2671 2614 calamum
2725 2560 3147 2630 perstrinxisset,
3199 2560 3505 2617 Nestorium
3550 2559 3771 2631 ejusque

2180 2650 2502 2721 pravitatem
2525 2650 2923 2718 defendentem,
2951 2661 3075 2723 post
3111 2660 3311 2709 sanctae
3348 2651 3540 2724 synodi
3583 2651 3770 2708 defini-

2181 2740 2384 2796 tionem
2420 2739 2475 2795 id
2512 2741 2765 2797 habuisse
2806 2742 2861 2797 in
2888 2743 3175 2810 mandatis,
3228 2745 3403 2815 primo
3450 2744 3671 2813 quidem
3722 2751 3775 2798 ut

2181 2831 2659 2887 anathematizaret
2684 2832 3014 2901 Nestorium,
3039 2842 3389 2904 sanctamque
3411 2843 3465 2891 et
3484 2834 3772 2904 gloriosam

2180 2937 2396 2994 semper
2421 2923 2686 2993 virginem
2725 2923 2949 2980 Mariam
2987 2926 3273 2997 Deiparam
3315 2924 3691 2992 conﬁteretur,
3724 2934 3772 2983 et

2181 3014 2412 3085 idipsum
2468 3025 2756 3073 exsecutus
2802 3027 2902 3072 est.
2950 3016 3129 3084 Quare
3191 3017 3313 3075 Ibas
3364 3019 3575 3089 pariter
3602 3026 3768 3089 atque

2181 3105 2558 3175 Theodoritus,
2597 3124 2705 3164 non
2740 3108 2905 3164 veluti
2926 3110 3170 3179 magistri
3214 3118 3308 3166 aut
3336 3110 3548 3177 Patres,
3579 3111 3677 3167 sed
3705 3120 3765 3169 ut

2180 3197 2525 3267 poenitentes,
2558 3208 2612 3253 et
2644 3199 2978 3269 perniciosas
3019 3203 3317 3258 sententias
3344 3201 3685 3261 detestantes
3713 3204 3775 3261 de

487 3309 579 3360 τῆς
607 3303 657 3353 ἐν
681 3286 957 3359 Χαλκηδόνι
997 3286 1240 3363 συνόδου,
1277 3302 1360 3355 καί
1399 3298 1792 3373 ὑπογράψαντες
1825 3299 1876 3352 ἐν
1901 3300 2068 3369 αὐτῷ,

2179 3286 2375 3356 quibus
2402 3288 2615 3343 fuerant
2638 3293 2899 3360 accusati,
2926 3303 3089 3365 atque
3131 3293 3503 3350 deﬁnitionem
3546 3294 3772 3352 Chalceo

487 3389 792 3461 ἐδέχθησαν.
828 3387 1026 3451 Ἐπειδή
1067 3389 1178 3451 ἔθος
1220 3390 1357 3447 ἐστίν
1400 3393 1449 3444 ἓν
1473 3399 1537 3464 τῇ
1572 3390 1804 3464 καθολικῇ
1833 3390 2071 3465 ἐκκλησίᾳ

487 3481 720 3541 ἅπαντας
748 3482 869 3543 τούς
895 3482 1178 3557 αἱρετικούς
1198 3490 1290 3542 τῆς
1316 3483 1495 3541 οἰκείας
1524 3482 1713 3542 πλάνης
1745 3484 2070 3557 ἀναχωροῦν-

487 3596 601 3637 τας,
624 3576 707 3628 καί
728 3574 856 3648 πρὸς
882 3578 973 3633 τήν
996 3571 1255 3652 ὀρθόδοξον
1279 3574 1574 3634 ἓπανιὸντας
1600 3576 1796 3641 πίστιν,
1823 3571 2070 3646 δεχθῆναι

487 3670 557 3729 είς
604 3669 882 3734 κοινωνίαν,
925 3671 986 3721 ου
1032 3672 1129 3741 μην
1180 3670 1247 3729 ὡς
1296 3665 1630 3728 διδασκάλους
1679 3674 1793 3727 τοῖς
1835 3666 2069 3742 πατράσι

486 3764 912 3838 συναριθμεῖσθαι.
956 3759 1101 3816 Ὀθεν
1139 3764 1367 3824 καὶτοὺς
1405 3759 1582 3825 ἄλλους
1610 3762 1931 3823 ἀνατολικοὺς
1960 3764 2069 3819 ἐπι-

486 3856 746 3920 σκόπους,
792 3858 837 3910 οῖ
880 3876 1011 3917 τινες
1054 3855 1322 3931 Νεστόριον
1366 3853 1674 3917 ἐκδικοῦντες
1721 3858 1961 3911 ἀντεῖπον
2006 3865 2067 3931 τῇ

485 3950 663 4023 πρώτῃ
710 3954 757 4002 ἰν
799 3946 983 4020 Ἐφέσῳ
1031 3948 1252 4019 συνόδῳ,
1281 3951 1364 4004 καί
1410 3956 1482 4022 τῷ
1521 3950 1569 4003 ἐν
1616 3948 1778 4020 ἁγίοις
1824 3951 2065 4026 Κυρίλλῳ,

484 4039 658 4101 ἐπειδὴ
686 4043 817 4112 μετὰ
854 4049 1022 4097 ταῦτα
1067 4043 1334 4117 Νεστόριον
1374 4044 1456 4096 καί
1513 4046 1599 4101 την
1628 4040 1918 4107 κακοδοξίαν
1944 4045 2064 4098 ἀνε-

485 4140 763 4210 θεμάτισαν
790 4143 879 4199 την
912 4139 1094 4203 αὐτοῦ,
1125 4136 1321 4203 ἐδέξατο
1350 4136 1376 4191 ὀ
1402 4138 1533 4193 κατὰ
1562 4135 1748 4205 Ῥώμην
1787 4137 2067 4194 ἀποστολι-

484 4229 569 4290 κὸς
596 4229 788 4306 θρόνος,
815 4229 949 4285 καὶὸ
981 4230 1029 4284 ἐν
1057 4230 1220 4302 ἁγίοις
1244 4228 1498 4302 κύριλλος,
1525 4230 1607 4284 καί
1636 4226 1721 4287 διὰ
1748 4235 1902 4288 τοῦτο
1929 4232 2011 4287 καί
2038 4231 2069 4290 ἡ

484 4320 608 4394 ἆγίια
631 4328 718 4381 τοῦ
748 4330 875 4379 Θεοῦ
905 4323 1146 4381 ἐκκλησία
1169 4320 1381 4393 δέχεται
1410 4322 1616 4383 αὐτούς.

555 4594 648 4648 [ἰαί
684 4600 835 4649 τοῦτο
880 4591 933 4648 δὲ
978 4599 1114 4667 ὑμᾶς
1150 4592 1329 4651 εἰδέναι
1367 4596 1658 4668 βουλόμεθα,
1686 4595 1764 4654 ὅτι
1810 4602 1868 4653 οὺ
1920 4600 2066 4670 μόνον

2175 3376 2430 3435 donensis
2470 3382 2663 3453 synodi
2710 3384 2964 3455 amplexi,
3010 3386 3218 3457 ipsique
3259 3388 3687 3456 subscribentes,
3721 3390 3772 3445 in

2173 3484 2239 3527 ea
2278 3474 2485 3543 recepti
2523 3482 2675 3542 sunt;
2707 3491 2830 3532 cum
2870 3477 2924 3532 in
2971 3477 3217 3536 Ecclesia
3266 3481 3537 3537 catholica
3582 3482 3656 3536 sit
3705 3482 3759 3537 in

2146 3577 2328 3619 more
2360 3564 2594 3634 positum
2635 3566 2920 3625 haereticos
2962 3570 3055 3640 qui
3098 3571 3381 3643 proprium
3420 3581 3775 3630 exsecrentur

2172 3671 2415 3712 errorem
2437 3657 2505 3714 ad
2528 3658 2997 3733 orthodoxamque
3016 3661 3176 3718 ﬁdem
3188 3672 3552 3733 revertantur,
3575 3665 3776 3738 suscipi

2173 3748 2229 3803 in
2257 3750 2718 3816 communionem,
2749 3767 2857 3807 non
2882 3760 3062 3808 autem
3092 3755 3257 3811 veluti
3283 3758 3572 3827 magistros
3597 3757 3777 3814 Patri-

2171 3839 2271 3895 bus
2300 3843 2697 3898 connumerari.
2721 3843 2908 3915 Itaque
2932 3847 3069 3903 alios
3112 3847 3276 3903 etiam
3321 3848 3621 3906 Orientales
3660 3849 3777 3922 epi-

2171 3947 2387 4003 scopos,
2417 3949 2647 4005 quorum
2678 3936 2894 4006 quidam
2932 3952 2961 3992 a
3006 3937 3239 3995 Nestorii
3267 3942 3511 4011 partibus
3539 3951 3774 4011 stantes,

2171 4026 2341 4097 priori
2361 4025 2648 4097 Ephesium
2689 4027 2896 4099 synodo
2937 4039 3233 4101 sanctoque
3260 4030 3464 4105 Cyrillo
3501 4035 3775 4091 contradi-

2173 4126 2385 4183 xerant,
2435 4134 2559 4173 eum
2607 4126 2797 4188 postea
2851 4121 3138 4177 anathema
3182 4122 3447 4179 dixissent
3501 4124 3777 4193 Nestorio,

2172 4232 2544 4289 perverseeque
2600 4218 2770 4288 ipsius
2823 4220 3130 4291 sementim,
3171 4223 3472 4292 apostolica
3526 4224 3777 4280 Romana

2171 4310 2330 4368 sedes
2350 4318 2680 4381 sanctusque
2699 4308 2932 4382 Cyrillus
2971 4311 3026 4368 in
3066 4314 3505 4371 communionem
3544 4330 3776 4387 recepe-

2172 4413 2321 4471 runt,
2355 4410 2519 4474 atque
2543 4410 2833 4474 propterea
2861 4404 2930 4460 ab
2957 4412 3145 4461 sancta
3173 4405 3271 4462 Dei
3310 4405 3557 4463 Ecclesia
3583 4421 3777 4463 susce-

2172 4496 2252 4566 pti
2268 4494 2660 4566 intelliguntur.

2246 4588 2305 4644 Id
2333 4596 2515 4645 autem
2537 4602 2569 4643 a
2589 4586 2741 4644 vobis
2769 4586 2933 4643 etiam
2960 4588 3315 4646 animadverti
3341 4582 3615 4660 cupimus,
3660 4605 3778 4647 non

485 4683 632 4746 Ἴϐας
685 4689 771 4741 καί
821 4685 1127 4761 Θεοδὼριτος
1174 4686 1261 4745 διὰ
1306 4689 1365 4745 τὸ
1412 4690 1662 4745 ἀντειπεῖν
1707 4697 1815 4749 τοῖς
1880 4688 2074 4749 δώδεκα
2097 4688 2151 4751 ι)
2174 4679 2325 4736 Ibam
2356 4688 2565 4735 tantum
2612 4687 2667 4734 et
2706 4676 3092 4735 Theodoritu'm
3120 4680 3191 4736 ob
3220 4689 3530 4752 oppugnata
3578 4682 3777 4739 duode-

485 4775 767 4848 κεφαλαίοις
802 4782 889 4831 τοῦ
921 4777 968 4829 ἐν
1004 4776 1166 4849 ἁγίοις
1211 4776 1450 4851 κυρίλλου
1472 4777 1801 4841 ἐξεϐλήθησαν
1838 4786 1930 4839 τῆς
1958 4780 2068 4835 ἑπι-

483 4877 701 4933 σκοπῆς,
741 4869 864 4924 ἀλλὰ
905 4871 988 4924 καί
1012 4867 1250 4940 Δόμνοςό
1290 4866 1603 4941 ’Δντιοχείας
1653 4870 2068 4945 ἀρχιεπίσκοπος

483 4961 569 5018 διά
588 4968 739 5019 τοῦτο
766 4960 1121 5027 κατεδικάσθη,
1140 4964 1207 5021 ὡς
1229 4960 1437 5036 γράψας
1466 4961 1667 5035 ὀφείλειν
1693 4962 1841 5031 μόνον
1865 4984 2066 5021 σιωπη-

482 5059 623 5115 9ἦναι
664 5057 732 5111 τά
776 5056 904 5110 αὐτὰ
945 5053 1135 5110 δώδεκα
1187 5055 1450 5129 κεφάλαια·
1498 5057 1557 5114 ἦν
1603 5077 1715 5112 τινα
1764 5057 2067 5133 κατάκρισιν

482 5151 611 5207 κατὰ
656 5149 843 5220 Δόμνου
893 5152 1173 5222 γενομένην,
1205 5153 1286 5206 καί
1326 5152 1459 5221 μετὰ
1505 5151 1713 5206 θάνατον
1760 5154 1920 5206 αὑτοῦ
1956 5154 1987 5210 ἡ
2015 5153 2066 5206 ἐν

483 5241 752 5302 Χαλκηδόνι
776 5241 987 5302 σύνοδος
1030 5241 1234 5306 ἐδέξατό
1273 5263 1326 5297 τε
1370 5246 1456 5297 καί
1494 5243 1818 5297 ἐϐεϐαίωσεν.
1868 5241 1983 5297 Ὀτι
2011 5240 2065 5297 δέ

480 5342 631 5393 τοῦτο
659 5334 832 5396 ἀληθές
875 5335 1005 5400 ἐστι,
1034 5336 1115 5388 καί
1144 5334 1300 5394 αὐτὸς
1341 5332 1653 5409 Θεοδώριτος
1692 5335 1820 5410 πρὸς
1847 5333 2065 5392 Ἰωάννην

480 5430 562 5487 τὸν
588 5429 914 5507 Γερμανικίας
940 5428 1218 5482 ἐπίσκοπον
1241 5434 1493 5502 μαρτυρεῖ
1508 5427 1711 5501 γράφων
1740 5425 1926 5486 οὕτως’
1964 5444 1982 5475 ι
2007 5428 2067 5479 Τί

479 5518 665 5581 δήποτε
696 5521 781 5573 καί
812 5526 1081 5592 προφανῶς
1108 5516 1402 5588 ψεύδονται,
1429 5521 1511 5572 καί
1545 5537 1671 5588 φασι
1711 5514 1955 5587 μηδεμίαν
1984 5538 2065 5586 γε·

477 5616 714 5687 γενῆσθαι
756 5616 876 5689 περί
920 5612 1085 5686 δόγμα
1137 5614 1488 5683 καινοτομίαν;
1541 5611 1622 5665 διὰ
1668 5615 1845 5672 ποίους
1889 5613 2066 5685 φόνους

477 5709 561 5764 καί
589 5705 821 5779 γοητείας
853 5706 1083 5769 ἐξηλάθην
1123 5705 1247 5776 ἒγὼς
1279 5703 1304 5758 ό
1332 5703 1471 5757 δεῖνα
1493 5706 1628 5763 τίνας
1656 5705 1896 5775 μοιχείας
1926 5706 2062 5759 ἐτόλ-

478 5815 643 5875 pnas;
675 5801 855 5859 ποίους
883 5796 910 5852 ὁ
934 5796 1064 5851 δεῖνα
1085 5797 1294 5871 διώρυξε
1321 5800 1535 5868 τάφουςς
1558 5795 1703 5855 δῆλόν
1723 5799 1832 5853 ἐστι
1852 5801 1939 5852 καὶ
1960 5805 2062 5858 τοῖς

477 5891 783 5966 βαρϐάροις’
817 5886 1094 5961 παρακαλῶ
1121 5884 1241 5955 (sic)
1268 5888 1330 5947 ὡς
1358 5883 1617 5957 δογμάτων
1647 5888 1803 5961 χάριν
1826 5889 1955 5958 κάμὲ
1980 5893 2061 5943 καί

478 5987 598 6044 τοὺς
622 5982 800 6043 ἄλλους
829 5979 1085 6045 ἐξήλασαν.
1118 5979 1206 6032 Καὶ
1241 5979 1338 6049 γὰρ
1362 5979 1448 6036 τόν
1470 5981 1642 6054 κύριον
1672 5981 1868 6051 adpare),
1902 5986 1967 6042 ὡς
1996 5983 2059 6036 τὰ

2176 4773 2284 4828 cim
2312 4787 2376 4826 ea
2397 4772 2572 4827 sancti
2605 4771 2791 4843 Cyrilli
2830 4772 3006 4842 capita
3035 4770 3200 4830 fuisse
3227 4774 3296 4829 ab
3324 4775 3644 4845 episcopatu
3674 4775 3777 4831 de-

2170 4866 2366 4937 jectos,
2390 4881 2577 4920 verum
2607 4865 2874 4921 Domnum
2901 4881 3118 4937 quoque
3143 4868 3567 4925 Antiochensem
3595 4868 3777 4926 archi-

2174 4967 2483 5037 episcopum
2528 4965 2991 5022 condemnationis
3042 4968 3271 5025 subiisse
3303 4968 3599 5038 judicium,
3638 4983 3777 5039 pro-

2174 5065 2367 5128 pterea
2413 5055 2563 5126 quod
2611 5057 2937 5127 scripsisset,
2984 5058 3239 5127 expedire
3269 5067 3329 5113 ut
3366 5058 3658 5115 duodecim
3710 5073 3775 5114 ea

2174 5147 2352 5217 capita
2379 5146 2592 5203 silentio
2612 5156 3010 5218 premerentur;
3049 5147 3197 5219 quod
3220 5148 3483 5218 judicium
3516 5151 3574 5205 in
3603 5151 3776 5206 Dom-

2175 5253 2305 5293 num
2335 5238 2659 5307 institutum,
2689 5239 2927 5311 synodus
2948 5238 3425 5307 Chalcedonensis,
3455 5256 3524 5298 eo
3551 5256 3777 5313 quoque

2174 5346 2208 5386 e
2253 5331 2388 5386 vivis
2429 5333 2659 5397 sublato,
2718 5333 2968 5403 probavit
3016 5341 3180 5403 atque
3235 5335 3594 5394 conﬁrmavit.
3642 5337 3777 5394 Haec

2172 5437 2335 5492 porro
2387 5424 2665 5479 verissima
2709 5440 2857 5491 esse,
2906 5435 3067 5496 atque
3113 5427 3187 5482 ita
3225 5428 3680 5498 quemadmodum
3739 5448 3774 5486 a

2173 5514 2327 5570 nobis
2356 5516 2598 5585 exposita
2629 5524 2773 5581 sunt,
2818 5532 2875 5571 se
2904 5517 3103 5573 habere
3151 5521 3379 5589 ipsemet
3407 5520 3777 5579 Theodoritus

2178 5615 2404 5662 testatur
2432 5608 2483 5661 iu
2511 5609 2735 5680 cpistola
2767 5610 2830 5663 ad
2859 5609 3120 5666 Joannem
3158 5613 3515 5671 Germanicis:
3556 5616 3775 5687 episco-

2174 5717 2300 5771 pum
2326 5702 2436 5755 hacc
2456 5702 2724 5757 scribens:
2745 5721 2762 5751 ι
2785 5702 2920 5769 Quid
2943 5706 3085 5760 enim
3111 5707 3321 5776 profani
3344 5709 3679 5763 mentiuntur
3705 5722 3777 5764 ac

2171 5793 2376 5860 dicunt,
2419 5792 2619 5847 nullam
2657 5794 2802 5849 circa
2846 5795 3097 5865 dogmata
3138 5815 3335 5853 novam
3392 5799 3592 5856 factam
3644 5813 3775 5855 esse

2169 5884 2484 5948 sectionem,
2518 5895 2740 5955 propter
2767 5902 2902 5956 quas
2929 5890 3104 5945 caedes
3137 5891 3318 5959 igitur,
3349 5893 3463 5950 sive
3492 5892 3774 5965 prmstigia

2168 5979 2420 6048 expulsus
2467 5992 2566 6049 ego
2615 5982 2769 6036 sum?
2819 5998 3077 6051 quasnam
3122 5986 3384 6046 mccchias
3433 5981 3773 6060 perpetravit
