3988 6346
210 358 291 420 521

1335 353 1707 415 ιυδΤιΝιΑΝι
1741 352 1878 412 IMP.
1921 352 2273 415 EPISTOLA.

3321 356 3424 412 522

212 478 413 552 κεφάλαια
435 477 502 548 μή
539 469 798 546 δεξάμενον
829 474 1051 561 καθεῖλον
1074 472 1129 532 οἱ
1158 475 1412 550 βέλτιστοι
1452 476 1755 548 πανεύφημα

1878 474 2163 545 [uispiam?
2186 487 2430 544 quaenam
2460 474 2582 544 quis
2600 475 2847 546 sepulcra
2882 472 3181 547 pervertit?
3210 474 3303 530 sed
3332 491 3433 532 no-

209 578 346 631 ταῦτα
371 567 682 634 καλέσαντες,
717 571 803 625 καί
825 566 1050 643 ίμμένειν
1079 570 1279 630 τούτοις
1322 567 1742 640 ὁμολογήσαντες.

210 660 307 735 Ἑγὼ
326 663 416 737 γάρ
451 660 614 715 αὐτῶν
644 661 738 721 τάς
765 663 1062 725 καταθέσεις
1093 664 1306 736 ἀνέγνων
1324 701 1338 727 ,
1369 662 1455 732 ἐμὲ
1482 659 1535 717 δέ
1560 663 1628 721 ὦς
1655 671 1746 721 τῆς

209 756 414 831 ιίρίσεως
428 750 651 828 ἔξαρχον
677 754 1017 830 ἀπεκήρυξαν.
1041 754 1122 811 Ἐκ
1143 757 1336 812 τούτων
1358 754 1527 810 τοίνυν
1549 753 1745 810 δείκνυ-

209 869 293 914 ται,
315 844 384 901 ὅτι
406 842 486 901 διά
513 845 582 902 τά
606 846 847 917 κεφάλαια
867 854 959 905 τοῦ
988 849 1037 903 ἐν
1076 848 1239 924 όιγίοις
1265 848 1500 925 Κυρίλλου
1523 847 1590 903 τὰ
1616 848 1746 902 κατά

209 938 443 1011 Νεστορέην
470 937 800 1012 προτεθέντα,
830 943 912 995 καί
957 939 1163 1014 Δόμνος,
1192 943 1275 994 καὶ
1311 940 1467 1000 αὐτὸς
1502 937 1748 1011 Θεοδὼρι·

208 1050 297 1093 τος,
329 1030 404 1084 καὶ
441 1024 608 1095 Ἰϐας,
639 1031 727 1085 καί
773 1028 913 1086 ἄλλοι
954 1034 1084 1093 τινὲς
1128 1031 1479 1097 ἐξεϐλήθησαν
1520 1032 1606 1085 καὶ
1632 1038 1753 1085 Θεο-

208 1119 381 1191 ὂῶριτον
420 1123 532 1194 μὲν,
560 1125 647 1179 καί
679 1120 823 1179 Ἴϐαν
863 1125 1315 1196 μεταμεληθέντας,
1347 1126 1432 1179 καί
1458 1122 1753 1195 δεξαμένους

209 1214 261 1268 τά
290 1214 669 1285 μνημονευθίντα
713 1215 972 1287 κεφάλαια.
1001 1219 1088 1271 καί
1126 1218 1193 1271 τά
1233 1211 1381 1279 ἄλλα,
1409 1212 1473 1269 δι’
1493 1212 1526 1269 ἃ
1556 1212 1754 1278 ἐξεϐλή-

208 1304 352 1369 θησαν,
376 1303 404 1360 ό
429 1301 552 1376 ἁγία
583 1302 792 1366 σύνοδος
817 1308 847 1364 ἡ
875 1307 925 1362 ἐν
950 1305 1226 1365 Χαλκηδόνι
1271 1304 1492 1372 ἐδέξατο.
1524 1306 1583 1360 Οἱ
1616 1303 1755 1361 ἄλλοι

207 1391 249 1448 δὲ
282 1393 321 1447 οἱ
354 1397 419 1465 μὴ
456 1395 883 1465 μεταμεληθέντες
924 1398 1016 1451 οὐκ
1050 1396 1372 1468 ἐδέχθησαν·
1404 1398 1435 1456 ἡ
1464 1395 1517 1453 δὲ
1560 1396 1752 1466 Δόμνου

207 1484 460 1560 κατάκρισις
480 1486 573 1543 καί
597 1488 730 1557 μετὰ
755 1487 963 1545 θάνατον
988 1488 1146 1545 αὐτοῦ
1168 1488 1468 1547 ἐϐεϐαιώθη.

1854 573 1969 621 tum
1990 564 2122 638 ipsis
2148 580 2365 635 quoque
2392 563 2647 620 Barbaris
2666 574 2751 620 est
2774 574 2937 636 atque
2960 567 3327 638 perspicuum,
3348 582 3439 624 me

1854 667 2187 729 aeterosque
2227 658 2537 729 dogmatum
2568 673 2731 715 causa
2769 657 2934 715 fuisse
2968 658 3228 728 dejectos.
3280 659 3437 714 Enim

1853 767 1983 808 vero
2030 751 2306 807 dominum
2350 750 2514 807 etiam
2564 750 2851 821 Domnum,
2901 758 3157 823 tanquam
3204 752 3440 823 capitula

1855 856 1965 899 non
1988 842 2357 906 admiuentem
2387 842 2732 913 expulerunt,
2773 856 2838 897 ea
2866 841 3012 897 omni
3062 841 3221 897 laude
3256 842 3439 912 digna,

1857 933 2046 1003 optimi
2070 933 2146 988 illi
2168 943 2447 1003 vocantes,
2468 947 2635 1005 seque
2667 932 2722 988 in
2751 932 2837 988 his
2864 948 3244 1004 permansuros
3275 933 3443 1003 proli.

1858 1029 2052 1078 tentes.
2083 1020 2169 1079 Me
2211 1031 2390 1079 autem
2420 1023 2512 1093 qui
2542 1024 2783 1093 ipsorum
2831 1024 3244 1082 constitutiones
3289 1023 3441 1093 lege-

1859 1130 2009 1183 rem,
2067 1125 2128 1171 ut
2182 1117 2449 1173 haereseos
2506 1114 2803 1188 principem
2877 1116 3238 1186 divulgarunt.
3283 1135 3303 1168 ε
3362 1114 3443 1171 Ex

1860 1208 2055 1279 quibus
2102 1216 2287 1279 aperte
2333 1208 2605 1278 colligitur
2668 1208 2737 1263 ob
2793 1208 2963 1264 sancti
3017 1206 3202 1279 Cyrilli
3264 1206 3443 1277 capita

1864 1299 2121 1355 adversus
2146 1298 2449 1354 Nestorium
2471 1299 2769 1370 proposita,
2786 1307 2843 1356 et
2860 1299 3125 1356 Domuum
3147 1341 3164 1369 ,
3196 1308 3252 1355 et
3276 1298 3445 1356 Theo-

1862 1388 2112 1446 doretum
2143 1389 2334 1461 ipsum,
2368 1396 2424 1444 et
2449 1388 2614 1457 Ibam,
2644 1398 2701 1445 et
2737 1391 3022 1448 nonnullos
3062 1398 3323 1463 praeterea
3352 1391 3445 1446 de-

1861 1482 2107 1538 turbatos
2134 1482 2354 1537 sedibus
2374 1482 2487 1537 suis
2514 1479 2697 1548 fuisse,
2721 1497 2787 1537 ac
2806 1482 3204 1541 Thcodoretum
3229 1482 3446 1553 quidem

1861 1584 1918 1631 et
1979 1575 2127 1630 Ibam
2180 1574 2599 1646 resipiscentes,
2649 1583 2811 1646 atque
2856 1586 3152 1633 memorata
3207 1577 3444 1649 capitula

206 1668 477 1741 probantes,
506 1684 577 1727 ac
593 1670 802 1743 reliqua
845 1672 1025 1729 omnia
1062 1688 1292 1744 quorum
1335 1685 1502 1730 causa
1546 1671 1658 1728 suis
1694 1668 1836 1743 pulsi
1872 1666 2088 1725 sedibus
2141 1666 2385 1735 fuerant,
2444 1681 2478 1723 a
2528 1676 2714 1723 sancta
2762 1666 3186 1727 Chalcedonensi
3240 1668 3447 1741 synodo

205 1761 340 1818 fuisse
373 1770 623 1835 receptos

206 1860 294 1907 tem
311 1852 417 1924 ejus
441 1852 611 1912 fuisse
638 1853 1027 1911 conﬁrmatam.

673 1781 687 1817 :
731 1763 953 1822 minime
1000 1780 1132 1823 vero
1182 1780 1278 1823 eos
1318 1765 1409 1837 qui
1450 1780 1562 1823 non
1610 1764 1992 1835 resipuerant:
2024 1760 2217 1817 Domni
2261 1774 2394 1818 vero
2434 1760 2941 1818 condemnationem
2974 1760 3136 1817 etiam
3156 1768 3279 1832 post
3298 1776 3447 1818 mor-

261 1941 444 2006 Ἐπειδή
467 1944 526 2003 δὲ
556 1946 833 2023 ἐγράψατε,
865 1946 944 2005 ὅτι
981 1950 1077 2011 τὰς
1127 1946 1392 2023 Θεοδώρου
1439 1948 1763 2021 βλασφημίας

1943 1941 2077 1999 Cum
2098 1947 2280 1996 autem
2307 1939 2632 2011 scripseritis
2675 1940 2879 2011 pariter
2921 1940 3195 1996 exsecrari
3230 1954 3263 1995 a
3299 1939 3450 1997 vobis

207 2038 283 2098 τὰς
321 2037 438 2114 παρ’
460 2040 606 2111 ἡμῶν
638 2040 951 2113 πεμφθείσας
980 2041 1098 2110 ύμῖν
1125 2041 1531 2111 άναθεματίζετε,
1553 2037 1603 2094 εἴ
1626 2060 1762 2100 τινος

205 2122 255 2181 ἂν
276 2124 407 2199 «item,
424 2130 582 2187 αὐτόν
601 2127 656 2185 δὲ
677 2128 937 2206 Θεόδωρον
956 2129 1272 2202 ἀμφεϐάλετε
1293 2130 1657 2204 ἀναθεματίσαι
1676 2127 1762 2186 διά

205 2223 255 2278 τὸ
276 2221 360 2283 ἤδη
381 2224 785 2301 προτελευτῆσαι
811 2224 959 2280 αὐτόν
985 2225 1033 2278 ἐν
1066 2232 1129 2299 τῇ
1175 2225 1422 2299 κοινωνίᾳ,
1450 2226 1519 2285 ὡς
1545 2224 1760 2296 λέγεται,

206 2319 294 2391 τῶν
325 2314 606 2383 ὶκκλησιῶν,
632 2318 899 2389 γινώσκετε
924 2313 1014 2388 [Ὲ.
1038 2331 1189 2387 supp.
1222 2312 1324 2387 ὅτι]
1366 2316 1413 2371 οί
1439 2316 1664 2390 λέγοντες
1691 2320 1763 2389 μή

205 2403 293 2467 ἐξόν
306 2400 421 2461 εἷναι
436 2404 694 2485 Θεόδωρον
710 2408 1185 2479 άναθεματίζεσθαι,
1199 2407 1320 2463 ἀλλά
1337 2416 1447 2469 τοῖς
1466 2406 1764 2470 ἐπισκόποις

204 2500 617 2574 συναριθμεῖσθαι,
648 2500 819 2561 ἐπειδή
846 2503 897 2557 ἐν
922 2509 986 2576 τῇ
1024 2504 1275 2577 κοινωνίᾳ,
1304 2503 1464 2563 καθὼς
1508 2503 1762 2577 εἰρήκατε,

202 2596 280 2648 τῆς
324 2591 592 2653 ἐκκλησίας
632 2592 984 2661 ἐτελεύτησεν,
1016 2593 1293 2666 ὀφείλουσιν
1316 2597 1401 2650 καί
1439 2591 1631 2649 Ἰούδαν
1658 2599 1766 2653 τοῖς

201 2680 487 2746 ἀποστόλοις
530 2688 854 2760 συναριθμεῖν
906 2686 991 2741 τὸν
1035 2688 1104 2746 ὡς
1147 2685 1376 2756 ἐνόμισεν
1422 2684 1635 2740 λαθόντα
1682 2684 1767 2739 τὸν

198 2775 489 2841 γινώσκοντα
530 2776 598 2831 τά
638 2776 845 2850 κρυπτά
876 2784 978 2845 τῶν
1024 2776 1298 2851 ἀνθρώπων
1343 2777 1486 2841 Θεὸν,
1511 2778 1597 2831 καὶ
1640 2775 1769 2848 μετά

195 2869 282 2919 τῶν
307 2864 470 2923 ἄλλων
499 2869 732 2941 μαθητῶν
758 2871 1011 2925 κοινωνίαν
1035 2867 1299 2941 δεξάμενον
1322 2869 1412 2925 ἀπ’
1432 2871 1611 2926 αὑτοῦ·
1646 2866 1768 2924 ὅσον

192 2957 276 3031 γὰρ
303 2956 418 3022 ἧκεν
443 2962 519 3021 εἰς
563 2963 685 3022 τοὺς
725 2967 898 3017 ταῦτα
936 2961 1196 3032 λέγοντας,
1222 2960 1463 3031 μέμψεώς
1489 2961 1615 3015 εἰσιν
1644 2957 1771 3024 ἄξιοι

189 3053 259 3106 καὶ
287 3050 335 3105 οἱ
360 3048 644 3109 ἀπόστολοι
669 3053 869 3123 οἱμετά
895 3053 983 3108 τὸν
1026 3055 1181 3109 αὐτοῦ
1218 3055 1423 3109 θάνατον
1456 3051 1618 3125 ψῆφον
1662 3054 1773 3109 κατ’
1821 3097 1829 3104 .

186 3142 344 3197 αὐτοῦ
377 3143 774 3217 προαγάγοντες,
798 3146 1181 3218 κατακρίναντες
1210 3144 1380 3211 αὐτόν,
1406 3146 1493 3198 καί
1518 3146 1592 3204 είς
1619 3143 1772 3200 τόπον

186 3231 337 3286 αὑτοῦ
379 3227 533 3286 ἄλλον
576 3233 1050 3307 άντεισαγαγόντες.
1070 3237 1182 3291 ιαί
1214 3235 1365 3291 πάλιν
1393 3234 1565 3296 ἐπειδὴ
1591 3238 1640 3291 ἐν
1665 3244 1774 3299 τοῖς

188 3319 345 3395 ἁγίοις
379 3323 695 3395 εὐαγγελίοις
738 3325 797 3379 τὸ
843 3320 1002 3396 ὄνομα
1051 3327 1205 3382 αὐτοῦ
1244 3330 1433 3401 μεταξύ
1479 3335 1578 3382 τῶν
1614 3326 1773 3384 ἄλλων

192 3411 482 3468 ἀποστόλων
508 3414 921 3489 ἀναγινώσκεται,
950 3422 1021 3489 μὴ
1064 3414 1165 3496 ἄρα
1205 3417 1259 3471 ἐκ
1288 3415 1477 3474 τούτου
1501 3417 1532 3478 ἦ
1555 3421 1623 3479 ὡς
1644 3420 1775 3475 ἁπό-

195 3502 361 3567 στολος
415 3501 665 3576 δέχεται,
714 3505 745 3565 ἧ
783 3514 874 3567 τῆς
921 3509 1275 3580 κατακρίσεως
1321 3516 1415 3566 τοῦ
1460 3511 1775 3583 άναθέματος

198 3592 382 3668 ὕφειλεν
431 3597 841 3665 ἐλευθερωθῆναι.
900 3610 1189 3657 Κατανοεῖτε
1232 3605 1399 3658 τοίνυν
1449 3602 1531 3659 ὅτι
1592 3605 1775 3668 ἐκεῖνος

201 3689 391 3763 τελευτᾷ
439 3692 492 3748 ἐν
525 3700 588 3767 τῇ
626 3695 854 3768 κοινωνίᾳ
879 3700 982 3749 τῶν
1026 3695 1317 3761 ἐκκλησιῶν,
1350 3695 1377 3751 ό
1400 3701 1491 3756 τήν
1520 3695 1775 3773 όρθόδοξον

202 3783 357 3839 πίστιν
383 3785 549 3858 μέχρι
575 3785 795 3860 πέρατος
819 3793 911 3847 τῆς
939 3787 1123 3848 οἰκείας
1152 3791 1284 3853 ζωῆς
1313 3788 1556 3862 φυλάξας.

263 3969 346 4020 lui
365 3970 466 4043 γὰρ
492 3969 537 4023 εἰ
561 3970 647 4024 καὶ
670 3976 988 4041 Μανιχαῖος,
1019 3970 1049 4030 ἣ
1076 3969 1344 4053 ’ᾼρειανὸς,
1368 3972 1399 4033 ἧ
1418 3975 1774 4049 Νεστοριανός,

206 4056 230 4113 ἦ
252 4060 677 4131 Εὐτυχεανιστής,
709 4062 741 4123 ἦ
767 4061 914 4126 ἄλλος
937 4062 1037 4127 οἷος
1062 4061 1146 4120 οὖν
1168 4066 1444 4143 αίρετικὸς,
1471 4067 1502 4127 ἦ
1532 4069 1777 4145 Ἐλληνικῇ

367 4156 712 4232 κρατούμενος
737 4156 859 4230 λάθῃ
881 4166 1119 4213 κοινωνῶν
1155 4168 1218 4234 τῇ
1259 4161 1516 4236 ἐκκλησίᾳ,
1542 4164 1621 4218 καὶ
1644 4161 1779 4218 οὕτω

209 4243 497 4321 τελευτήσῃ,
530 4250 618 4303 καί
656 4249 785 4323 μετὰ
828 4248 1038 4305 θάνατον
1066 4248 1096 4309 ἦ
1126 4252 1176 4304 ἐκ
1214 4257 1311 4305 τῶν
1360 4253 1782 4326 συγγραμμάτων

209 4338 362 4406 αὑτοῦ,
389 4340 419 4401 ἧ
447 4340 563 4397 καθ’
582 4341 750 4417 ἕτερον
798 4339 988 4417 τρόπον
1028 4341 1274 4417 αἱρετικός
1311 4338 1436 4398 εἶναι
1460 4351 1608 4418 φανῇ,
1640 4341 1781 4415 ὅμως

211 4426 285 4481 οὐκ
320 4430 370 4484 ἐκ
405 4433 593 4487 τούτου
623 4434 655 4490 ἡ
683 4430 938 4505 όρθόδοξος
975 4432 1255 4506 βλάπτεται
1299 4435 1503 4498 πίστις,
1533 4432 1563 4491 ἧ
1590 4434 1781 4494 ἐκεῖνος

212 4515 537 4595 ἐλευθεροῦται
580 4529 674 4583 τῆς
715 4523 1075 4599 κατακρίσεως,
1110 4524 1152 4577 εἰ
1184 4523 1235 4577 ἕν
1276 4520 1354 4593 [In
1381 4520 1514 4576 Cod.
1544 4518 1596 4591 ἢ]
1625 4530 1687 4597 τῇ
1710 4524 1783 4577 εἰ·

215 4613 320 4684 ρὴνῃ
360 4622 456 4668 τῶν
499 4614 781 4673 ἐκκλησιῶν
836 4615 1036 4689 λέγεται
1083 4614 1410 4673 τελευτῆσαν
1454 4616 1537 4670 καί
1574 4623 1783 4687 γενικῶς

1865 2048 1960 2091 eas
1980 2031 2259 2105 Theodori
2281 2031 2665 2104 blasphemias,
2685 2046 2818 2102 quas
2844 2032 2911 2087 ad
2939 2047 3037 2089 vos
3064 2032 3165 2104 ipsi
3202 2031 3449 2089 transmi-

1867 2125 2060 2191 simus,
2088 2122 2454 2194 cujuscunque
2482 2123 2587 2178 illae
2615 2123 2758 2178 sint:
2792 2123 3078 2180 Theodoro
3123 2140 3286 2196 porro
3322 2140 3448 2181 ana-

1864 2215 2045 2271 thema
2074 2213 2256 2270 dicere
2285 2213 2564 2280 dubitetis,
2593 2215 2738 2285 quod
2772 2214 2885 2284 jam
2909 2215 3025 2285 ipse
3052 2215 3123 2269 sit
3165 2216 3220 2270 in
3260 2213 3442 2272 Eccle-

1866 2305 2089 2373 siarum,
2122 2312 2182 2359 ut
2201 2303 2419 2374 dicitur,
2440 2305 2820 2361 communione
2840 2314 3231 2375 praemortuus:
3260 2306 3452 2364 scitote

1868 2409 1992 2451 eum
2015 2392 2109 2463 qui
2131 2393 2329 2449 dixerit
2358 2394 2580 2450 minime
2612 2393 2954 2451 Theodorum
3007 2396 3451 2455 anathematizari

1866 2484 2053 2553 licere,
2083 2484 2180 2541 sed
2220 2484 2488 2556 episcopis
2534 2500 2655 2542 esse
2698 2485 3180 2554 adnumerandum,
3223 2488 3294 2544 ob
3333 2502 3452 2547 eam

1867 2590 2108 2645 causam,
2138 2575 2302 2645 quod,
2342 2584 2401 2631 ut
2433 2576 2753 2645 asseruistis,
2804 2577 2859 2632 in
2907 2576 3159 2633 Ecclesia:
3211 2592 3451 2634 commu~

1868 2667 2032 2722 nione
2068 2666 2398 2731 decesserit,
2451 2682 2573 2723 eum
2610 2668 2812 2740 pariter
2861 2674 2918 2724 et
2962 2667 3152 2723 ludam
3191 2684 3352 2740 posse
3397 2669 3453 2728 in

1869 2756 2239 2828 apostolorum
2268 2772 2551 2812 numerum
2572 2759 2855 2827 asciscere,
2890 2758 2979 2829 qui
3006 2758 3198 2825 latens,
3224 2767 3281 2815 et
3299 2770 3459 2819 notus

1870 2849 2043 2906 solum
2066 2850 2425 2919 perscrutanti
2450 2849 2683 2905 humana
2716 2858 2927 2907 secreta
2958 2852 3090 2919 Deo,
3121 2852 3221 2908 fuit
3246 2853 3315 2907 ab
3342 2853 3458 2923 ipso

1872 2954 1996 2995 cum
2024 2939 2230 2994 caeteris
2251 2938 2526 3010 discipulis
2559 2939 2626 2993 ad
2670 2941 3107 2997 communionem
3155 2942 3457 3009 admissus;

1873 3042 1999 3086 nam
2032 3029 2187 3100 juxta
2225 3030 2278 3085 id
2305 3030 2452 3101 quod
2507 3032 2708 3087 sentire
2763 3031 2881 3088 haec
2927 3033 3135 3089 aientes
3186 3034 3456 3102 videntur,

1873 3121 2018 3192 digni
2040 3123 2460 3193 reprehensione
2487 3134 2612 3180 sunt
2647 3124 2879 3196 apostoli
2913 3139 3149 3196 quoque,
3190 3127 3283 3198 qui
3332 3136 3459 3199 post

1874 3220 2105 3268 mortem
2144 3213 2278 3283 ejus,
2327 3213 2583 3285 suﬁ‘ragio
2631 3216 2886 3272 adversus
2936 3216 3111 3287 ipsum
3155 3218 3286 3287 lato,
3338 3231 3459 3277 eum

1799 3301 1848 3366 C
1877 3302 2376 3359 condemnaverunt
2413 3302 2686 3375 aliumque
2726 3305 2782 3360 in
2823 3304 2999 3361 locum
3027 3305 3142 3377 ejus
3170 3308 3460 3366 substitue-

1876 3400 2019 3447 runt.
2047 3391 2333 3459 Praeterea,
2366 3407 2488 3448 cum
2517 3408 2715 3450 nomen
2744 3394 2911 3466 ipsius
2949 3392 3004 3448 in
3040 3398 3243 3454 sanctis
3279 3396 3459 3454 Evan-

1875 3482 2029 3553 geliis
2048 3482 2259 3552 legatur
2284 3482 2426 3539 inter
2450 3491 2676 3540 caeteros
2704 3488 3003 3558 apostolos,
3032 3505 3139 3545 non
3170 3498 3352 3545 tamen
3378 3490 3459 3545 id-

1875 3575 2021 3632 circo
2039 3617 2055 3643 ,
2079 3576 2165 3632 vel
2193 3584 2254 3631 ut
2281 3576 2557 3648 apostolus
2576 3577 2859 3649 recipitur,
2886 3581 2973 3636 vel
3009 3581 3203 3637 exinde
3239 3581 3462 3638 anathe-

1875 3668 2035 3725 matis
2058 3668 2261 3738 judicio
2288 3669 2464 3739 potuit
2490 3669 2725 3725 liberari.
2768 3670 2858 3727 Sic
2893 3672 3056 3742 igitur
3089 3674 3304 3741 habete,
3332 3690 3459 3731 eum

1877 3763 1933 3817 in
1984 3748 2350 3817 Ecclesiarum
2404 3761 2783 3819 communione
2827 3763 3108 3832 decedere,
3159 3766 3251 3837 qui
3298 3765 3461 3821 ﬁdem

1878 3853 2203 3911 catholicam
2223 3854 2293 3910 ad
2312 3861 2543 3910 mortem
2569 3870 2744 3925 usque
2771 3856 3032 3913 illibatam
3050 3858 3384 3914 custodierit.

1948 3966 2258 4035 Enimvero,
2313 3967 2359 4022 si
2389 3966 2715 4026 Manichacus
2760 3970 3045 4042 quispiam,
3085 3970 3171 4025 vel
3210 3970 3460 4039 Arianus,

1878 4062 1993 4118 sive
2017 4055 2386 4128 Nestorianus,
2431 4061 2514 4117 vel
2549 4060 2939 4133 Eutychianus,
2967 4069 3061 4116 aut
3105 4061 3242 4117 alius
3282 4062 3463 4131 cujus-

1880 4169 2092 4224 cunque
2155 4155 2369 4223 generis
2417 4153 2702 4208 haereticus
2759 4153 2845 4208 vel
2897 4151 3208 4209 Graecorum
3258 4154 3464 4211 insania

1881 4255 2100 4319 captus,
2154 4244 2407 4301 Ecclesiae
2444 4243 2851 4300 eommunicans
2889 4243 3113 4314 vixeritf,
3159 4254 3322 4316 atque
3360 4247 3466 4305 hoc

1882 4339 2045 4398 modo
2074 4337 2386 4403 decesserit,
2408 4343 2533 4406 post
2551 4344 2784 4392 mortem
2812 4344 2992 4392 autem
3020 4338 3105 4393 vel
3146 4353 3214 4395 ex
3255 4341 3470 4414 scriptis

1884 4430 2024 4500 ejus,
2050 4429 2139 4485 vel
2165 4427 2269 4482 alia
2294 4426 2484 4497 quavis
2510 4426 2721 4483 ratione
2750 4427 3035 4485 haereticus
3073 4428 3238 4488 fuisse
3277 4433 3470 4505 depre-

1885 4521 2178 4584 hendatur,
2245 4519 2379 4575 nihil
2433 4527 2614 4575 tamen
2667 4521 2930 4578 catholica
2984 4523 3114 4579 ﬁdes
3165 4524 3477 4586 detrimenti

1886 4614 2051 4685 capit,
2082 4627 2258 4683 neque
2280 4614 2395 4683 ipse
2415 4619 2703 4684 propterea
2731 4629 2762 4669 a
2801 4614 3250 4675 eondemnatione
3278 4618 3472 4676 libera-

218 4698 367 4758 οὐδένα
382 4715 479 4761 τῶν
506 4706 776 4780 αἱρετικῶν
798 4707 1010 4767 θάνατος
1035 4707 1089 4761 ἐκ
1118 4715 1210 4766 τῆς
1238 4708 1357 4780 περὶ
1381 4714 1473 4767 τῆς
1493 4704 1772 4773 κακοδοξίας

1889 4716 1997 4775 tur,
2027 4703 2171 4777 quod
2200 4704 2255 4760 in
2279 4702 2641 4760 Ecclesiarum
2670 4720 2803 4776 pace
2828 4704 3039 4762 dicatur
3065 4707 3390 4778 decessisse;
3412 4724 3474 4767 ac

217 4790 355 4848 αὐτοῦ
390 4799 744 4872 κατακρίσεως
772 4797 1048 4871 ἐλευθεροῖ·
1080 4798 1265 4869 μᾶλλον
1293 4800 1383 4858 μέν
1412 4794 1498 4854 οὖν
1525 4796 1609 4857 διὰ
1634 4806 1786 4858 τοῦτο

217 4886 536 4960 καταδικάζει,
565 4888 644 4947 ὅτι
670 4894 770 4957 ζῶν
787 4891 845 4947 οὐ
871 4891 1198 4964 μετεμελήθη.

276 5164 382 5226 ὀτι
404 5168 459 5227 δί
489 5170 539 5227 oi
566 5171 807 5249 αίρετικοί
836 5170 883 5228 οί
912 5171 964 5229 ἕν
987 5179 1052 5249 τῇ
1080 5175 1183 5247 ζωῇ
1223 5174 1387 5231 αὐτῶν
1414 5178 1485 5245 μὴ
1512 5173 1791 5247 μεταμελη-

217 5258 386 5334 θέντες,
410 5272 495 5324 καί
523 5269 653 5341 μετά
687 5269 895 5325 θάνατον
942 5270 1327 5346 κατεκρίθησαν,
1358 5270 1411 5323 ἐκ
1454 5270 1651 5325 πολλῶν
1688 5267 1793 5323 δεί-

219 5374 400 5417 Mter
424 5366 509 5419 καί
529 5362 769 5435 Εὐνόμιος
792 5367 917 5437 γὰρ,
942 5367 1026 5419 καί
1048 5361 1405 5438 ’Δπολινάριος,
1431 5366 1517 5419 καί
1536 5363 1788 5432 Βόνωσος,

219 5451 293 5508 νηί
329 5454 377 5513 δν
415 5465 525 5519 τοῖς
568 5458 931 5531 ἀρχαιοτέροις
959 5458 1165 5534 χρόνοις
1192 5456 1546 5524 Οὑαλεντῖνος,
1572 5456 1796 5512 Βασιλεί-

221 5542 318 5611 δης,
367 5554 636 5629 Μαρκίων,
683 5555 764 5608 καὶ
805 5553 1056 5630 Κήρινθος,
1108 5554 1195 5607 καὶ
1240 5549 1376 5608 ἄλλοι
1420 5551 1593 5607 πολλοὶ
1635 5552 1685 5606 ἐν
1729 5560 1793 5628 τῇ

220 5638 362 5715 οἰκείᾳ
388 5646 492 5720 ζωῇ
526 5649 596 5715 μὴ
623 5646 1113 5716 ἀναθεματισθέντες,
1143 5646 1275 5717 μετὰ
1312 5646 1519 5701 θάνατον
1566 5649 1795 5721 κατεκρί-

222 5730 385 5801 θησαν,
408 5740 494 5792 καί
513 5739 613 5794 ύπὸ
634 5746 727 5800 τῆς
746 5739 1009 5800 καθολικῆς
1031 5738 1291 5799 ἐκκλησίας
1318 5739 1789 5810 ἀναθεματίζονται,

224 5819 379 5886 ἔπειδό
406 5828 455 5883 ἐν
482 5838 544 5905 τῇ
590 5832 747 5907 οἰκείᾳ
789 5831 953 5907 πλάνῃ
995 5831 1327 5892 ἐτελεύτησαν
1370 5832 1622 5907 ὥσπεροί
1653 5834 1704 5888 ἓν
1728 5841 1791 5909 τῇ

227 5912 321 5994 ἰδίᾳ
347 5924 449 6001 ζωῇ
478 5921 660 5989 ἀδίκως
686 5924 1087 6004 κατακριθέντες,
1126 5926 1256 6001 μετά
1299 5927 1514 5985 θάνατον
1558 5926 1660 5986 ύπὸ
1700 5935 1793 5992 τῆς

1890 4814 2081 4858 revera
2108 4811 2448 4869 nequaquam
2476 4797 2725 4853 interitus
2772 4798 3052 4856 haereticos
3089 4815 3122 4855 a
3146 4801 3475 4858 condemna-

1894 4892 2055 4949 tionis
2077 4889 2300 4962 judicio,
2342 4889 2487 4961 quod
2510 4904 2765 4960 perversa
2800 4904 2988 4945 eorum
3030 4894 3348 4949 commerita
3394 4899 3476 4948 est

1893 4991 2153 5063 opinatio,
2185 4989 2399 5057 liberat,
2423 4988 2664 5060 quinimo
2694 4989 2874 5060 potius
2899 4991 2986 5047 vel
3027 4993 3098 5048 oh
3143 4992 3251 5047 hoe
3276 4992 3476 5063 ipsum,

1896 5081 2040 5155 quod
2050 5082 2293 5137 viventes
2306 5096 2416 5135 non
2441 5080 2785 5151 resipuerint,
2810 5081 3009 5152 justius
3027 5082 3478 5139 condemnantur.

1968 5173 2147 5229 Multis
2168 5180 2348 5227 autem
2376 5172 2430 5227 id
2458 5172 2633 5243 ipsum
2661 5172 2972 5230 conﬁrmari
2990 5182 3171 5246 potest
3196 5173 3478 5244 exemplis,

1897 5264 2184 5321 haereticos
2205 5260 2474 5330 videlicet,
2499 5261 2593 5333 qui
2618 5264 2746 5319 dum
2783 5263 3049 5332 viverent,
3090 5264 3158 5320 ad
3194 5263 3479 5319 sanitatem

1897 5355 2101 5412 reversi
2128 5369 2237 5409 non
2266 5362 2410 5423 sunt,
2438 5361 2563 5425 post
2589 5363 2820 5412 mortem
2864 5355 3030 5413 fuisse
3069 5355 3479 5412 condemnatos.

1898 5447 2196 5505 Eunomius
2223 5446 2391 5515 enim,
2417 5455 2473 5504 et
2499 5447 2883 5519 Apollinarius,
2925 5456 2981 5504 et
3004 5436 3273 5516 mnosus,
3303 5464 3370 5505 ac
3390 5466 3481 5508 su-

1896 5551 2197 5625 perioribus
2218 5550 2548 5621 temporibus
2567 5547 2901 5615 Valentinus,
2920 5548 3200 5619 Basilides,
3222 5550 3481 5625 Marcion,

1902 5653 1959 5702 ct
2000 5645 2308 5710 Corinthus,
2350 5645 2549 5714 aliique
2595 5643 2867 5713 permulti,
2913 5643 3005 5713 qui
3054 5645 3482 5708 anathematibus

1901 5738 2026 5795 dum
2051 5737 2318 5806 viverent,
2365 5735 2591 5806 subjecti
2650 5751 2757 5791 non
2803 5734 3037 5807 fuerant,
3087 5747 3211 5810 post
3252 5750 3481 5798 mortem

1900 5828 2137 5885 damnati
2163 5834 2305 5895 sunt,
2334 5832 2498 5897 atque
2525 5827 2593 5881 ah
2612 5824 2859 5883 Ecclesia
2884 5829 3149 5888 catholica
3170 5833 3480 5889 anathema-

1900 5922 2152 5985 tizantur.
2175 5926 2464 5978 praeterea
2484 5916 2630 5991 quod
2657 5918 2713 5977 in
2737 5919 2848 5980 suis
2871 5925 3149 5983 erroribus
3173 5921 3277 5982 vita
3307 5921 3477 5985 [uncti

1880 6039 1906 6047 ς-
3468 6044 3527 6103 .
