3988 6346
446 6008 499 6049 εἳ

465 332 575 393 327

1629 320 1875 382 GILDAS
1911 319 2217 381 SAPIENS.
2260 315 2558 380 NOTITIA.

3646 308 3748 372 ἓνὲὸ

2632 388 2667 397 ,κ

465 446 665 507 πάντας
696 444 816 508 τοὺς
856 440 1031 516 ἁγίους
1066 440 1294 516 πατέρας
1325 437 1688 508 καταδικάσαι,
1729 442 1851 501 τοὺς
1896 462 2052 495 κατα-

2188 431 2944 517 Γὴοοᾱοωωιιυοςῌιαξιιοιίοοε
2988 427 3323 502 suscipiant,
3363 426 3750 500 universosque

465 543 735 618 κρίναντας
771 540 984 599 ἐκείνους
1016 557 1072 592 τε
1099 537 1180 590 καί
1203 538 1292 593 τὴν
1321 534 1483 589 αὐτῶν
1508 534 1793 601 ἀπιστίαν,
1818 535 1900 588 καί
1930 532 2062 605 πρὸς

464 632 664 695 τούτοις
687 633 736 697 ἐξ
768 632 944 702 ἐτέρας
978 625 1173 688 πλάνης
1196 629 1270 687 είς
1295 623 1446 684 ἄλλην
1474 628 1741 698 ἒμπεσεῐν,
1772 624 1918 681 ὁπότε
1949 626 2064 699 ἡμῖν

465 726 725 803 ἐγράψατε
773 722 1144 798 ἀποκρίνασθαι
1184 728 1288 781 τοῖς
1329 720 1569 780 ἐναντίοις
1619 726 1710 779 τῆς
1760 718 2062 785 ἐκκλησίας,

467 821 619 878 καλήν
638 820 723 872 καί
749 813 1009 888 ὀρθὸδοξον
1035 809 1159 869 εἶναι
1179 817 1267 872 τὴν
1296 812 1537 887 μυσαρὰν
1557 810 2065 871 ἐκείνην’ἑπιστολήν.

540 908 874 966 Σπουδὰσατε
903 909 1072 964 τοίνυν
1098 914 1300 981 πρῶτον
1342 907 1433 975 μὲν
1473 906 1611 974 ὑμᾶς
1648 904 1833 963 αὐτοὺς
1860 901 2067 979 διορθώ-

472 1006 662 1063 σασθαι
679 1044 694 1068 ,
722 1006 807 1059 καὶ
833 1002 996 1063 οὕτως
1029 999 1212 1063 ἄλλους
1242 999 1461 1065 διδάξαι.
1493 999 1560 1053 Εἴ
1589 1020 1668 1060 τις
1693 1001 1794 1073 γὰρ
1821 1004 1849 1056 ἢ
1874 996 2070 1054 Θεόδω-

471 1116 586 1169 ρον,
617 1093 648 1154 ἦ
681 1100 772 1153 τήν
795 1094 1061 1165 λεγομένην
1086 1090 1202 1150 Ἴϐα
1230 1093 1530 1158 ἐπιστολήν,
1580 1091 1609 1151 ἦ
1649 1094 1715 1146 τὰ
1753 1088 2071 1166 Θεοδωρίτου

471 1188 861 1264 συγγράμματα
888 1188 956 1241 τὰ
981 1180 1111 1240 κατὰ
1138 1193 1229 1246 τῆς
1268 1187 1414 1262 ὀρθῆς
1443 1186 1670 1245 πίστεως
1708 1184 1965 1238 ἐκτεθέντα
1993 1184 2073 1237 ἐκ·

473 1278 626 1343 δικεῖ,
682 1286 795 1339 τοῖς
856 1278 1125 1353 αἱρετικοῖς
1175 1278 1347 1334 ἑαυτὸν
1408 1280 1760 1353 συναριθμῶν,
1813 1277 2073 1352 ἀλλότριον

474 1372 657 1427 ἑαυτὸν
683 1379 823 1428 ποιεῖ
847 1379 941 1432 τῆς
979 1372 1240 1433 καθολικῆς
1278 1371 1561 1435 ἐκκλησίας,
1602 1368 1659 1432 ἧς
1702 1371 1883 1443 κεφαλή
1935 1371 2074 1427 ἐστιν

474 1463 501 1519 ὃ
527 1469 793 1537 μονογενής
814 1464 925 1526 υίὸς
945 1469 1036 1520 τοῦ
1062 1470 1190 1519 Θεοῦ
1216 1462 1243 1518 ὁ
1265 1462 1438 1539 κῦριος
1463 1465 1548 1518 καί
1570 1464 1696 1525 Θεὸς
1716 1464 1855 1535 ἡμῶν
1878 1460 2074 1525 Ἰησοῦς

475 1556 503 1613 ὁ
530 1559 774 1631 Χριστὸς,
806 1553 868 1612 οὗ
910 1577 1044 1619 τινος
1083 1557 1220 1628 ὑμᾶς
1255 1557 1440 1618 αὐτοὺς
1469 1558 1746 1631 χωρίζετε,
1785 1561 1876 1616 τήν
1914 1554 2075 1613 ἀσεϐῆ

476 1650 750 1709 ἐπιστολήν
788 1652 869 1705 καί
930 1648 1189 1725 Θεόδωρον
1246 1648 1592 1710 ἐκδικοῦντεςο
1648 1651 1730 1704 καί
1788 1646 1874 1704 διὰ
1926 1654 2076 1704 τοῦτο

2165 538 2385 587 sanctos
2416 522 2906 597 Patres‘irejiciant,
2942 523 3036 594 qui
3064 524 3210 595 ipsos
3234 534 3532 591 eorumque
3559 518 3745 576 inﬁde-

2166 620 2372 678 litatem
2391 621 2921 678 condemnaverunt:
2951 624 3115 686 atque
3140 613 3278 670 adeo
3298 628 3369 669 ex
3388 627 3497 668 uno
3518 611 3571 667 in
3594 612 3749 667 alium

2167 714 2409 770 incidant
2434 728 2676 769 errorem
2702 729 2717 779 ;
2757 726 2882 768 cum
2922 708 2991 765 ad
3019 723 3121 765 nos
3148 707 3448 764 scribentes
3474 712 3535 760 ut
3577 705 3745 761 hosti-

2167 807 2269 863 bus
2294 804 2545 862 Ec'clesiae
2572 802 3024 875 responderemus
3052 797 3470 856 abominabilem
3497 812 3619 852 eam
3640 796 3751 867 epi-

2170 898 2366 955 stolam
2387 896 2747 954 orthodoxam
2775 894 3050 969 appellare
3078 909 3187 950 non
3217 890 3618 948 dubitaveritis.

2242 989 2481 1045 Nitimini
2532 990 2715 1060 itaque
2767 989 3002 1059 primum
3050 985 3414 1056 vosmetipsos
3462 982 3748 1050 corrigere,

2171 1092 2299 1155 post
2325 1091 2507 1139 autem
2532 1090 2761 1138 caeteros
2783 1081 2986 1138 docere
3011 1098 3025 1135 :
3068 1082 3115 1136 si
3142 1080 3266 1152 quis
3292 1077 3435 1135 enim
3464 1076 3554 1132 vel
3582 1076 3750 1131 Theo-

2172 1184 2385 1252 dorum,
2437 1182 2525 1237 vel
2570 1180 2770 1237 dictam
2797 1179 2903 1235 Ibae
2942 1179 3251 1251 epistolam,
3300 1178 3387 1233 vel
3432 1174 3751 1231 Theodoreti

2173 1275 2376 1346 scripta
2420 1273 2678 1330 adversus
2726 1282 2930 1346 rectam
2973 1272 3132 1328 ﬁdem
3179 1272 3460 1343 proposita
3496 1266 3750 1333 defendit,

2177 1366 2448 1424 haereticis
2488 1366 2534 1422 is
2563 1356 2971 1431 annun'i‘eratur,
3019 1372 3077 1420 et
3125 1364 3196 1420 ab
3224 1362 3465 1420 Ecclesia
3495 1360 3752 1416 catholica

2175 1458 2385 1516 alienus
2411 1454 2645 1513 efﬁcitur
2664 1494 2680 1522 ,
2727 1454 2882 1526 cujus
2900 1463 3065 1527 caput
3090 1462 3176 1510 est
3206 1452 3526 1522 Unigenitus
3552 1449 3649 1505 Dei
3673 1448 3753 1504 Fi-

2176 1551 2306 1619 lius,
2340 1550 2481 1607 Deus
2506 1558 2562 1606 et
2590 1547 2847 1605 Dominus
2876 1555 3060 1604 noster
3084 1544 3240 1603 Jesus
3266 1544 3536 1609 Christus,
3571 1542 3639 1597 ab
3667 1556 3754 1597 cu-

2172 1642 2261 1713 jus
2281 1640 2523 1705 Ecclesia
2549 1640 2714 1712 impia
2739 1654 2802 1695 ea
2826 1639 3056 1710 epistola
3085 1643 3387 1709 separatur,
3419 1642 3476 1690 et
3495 1630 3753 1688 Theodori

477 1742 729 1817 προσῆκόν
758 1743 896 1797 ἐστιν
940 1742 1075 1810 ὑμᾶς
1102 1750 1194 1803 τῆς
1242 1743 1481 1803 ἀσεϐείας
1523 1748 1613 1802 τῆς
1654 1740 1954 1806 ἐπιστολῆς,
1993 1740 2078 1793 καί

2188 1732 2628 1806 patrocinatores.
2669 1730 2854 1803 Itaque
2876 1729 3095 1802 expedit
3124 1727 3278 1784 vobis
3306 1727 3375 1783 ab
3408 1725 3589 1797 impiae
3628 1723 3752 1817 illius

476 1838 569 1889 τοῦ
600 1830 810 1889 ἐκδικεῖν
843 1831 1103 1908 Θεόδωρον
1139 1834 1226 1889 τὸν
1252 1835 1387 1889 οὕτω
1431 1840 1657 1907 προφανῆ
1681 1832 1925 1906 αἱρετικὸν
1951 1832 2080 1886 ἁπο-

2188 1826 2449 1900 cpistolze,
2489 1823 2871 1894 Theodorique
2909 1822 3224 1880 defensione
3270 1833 3505 1877 cessare.
3539 1817 3601 1908 Si
3629 1814 3753 1873 enim

477 1927 722 1999 σχέσθαι.
770 1930 828 1981 Εἰ
872 1927 969 2002 γὰρ
1019 1925 1045 1995 ὁ
1100 1926 1244 2001 ἅγιος
1289 1906 1579 1986 ἀπόστολος
1624 1924 1820 1985 Παῦλος
1862 1923 2073 1989 κωλύει,

2188 1918 2379 1973 Paulus
2406 1915 2689 1987 apostolus
2713 1914 2964 1985 prohibet
2992 1911 3195 1982 aliquid
3225 1926 3347 1980 suo,
3375 1906 3587 2002 aliquid
3604 1913 3752 1962 caete-

478 2027 628 2076 τοῦτο
655 2021 745 2090 μέν
768 2020 819 2072 ἐκ
846 2026 937 2075 τοῦ
967 2016 1092 2074 ἰδίου
1123 2020 1369 2089 ὀνόματος
1386 2059 1401 2085 ,
1433 2022 1582 2073 τοῦτο
1604 2014 1660 2072 δὲ
1686 2017 1737 2070 ἐκ
1763 2023 1861 2070 τῶν
1890 2015 2077 2069 λοιπῶν

2188 2025 2367 2067 rorum
2396 2008 2767 2079 apostolorum
2796 2006 3014 2062 nomine
3036 2004 3242 2071 vocari,
3274 2016 3479 2073 eosque
3497 1999 3754 2081 obiurgat,

479 2111 772 2167 ἀποστόλων
803 2111 1062 2167 καλεῖσθαί
1095 2132 1240 2178 τινα,
1279 2113 1366 2165 καί
1408 2111 1621 2181 ἐπιτιμᾷ
1664 2116 1774 2171 τοῖς
1823 2108 2076 2181 λέγουσιν,

2188 2105 2276 2176 qui
2304 2104 2555 2160 dicebant
2584 2120 2598 2158 :
2656 2120 2675 2155 ι
2703 2100 2816 2171 Ego
2844 2115 2964 2157 sum
2996 2099 3169 2169 Pauli,
3202 2113 3303 2170 ego
3345 2106 3529 2153 autem
3550 2092 3754 2164 Ceplw,

482 2201 581 2276 ἐγὼ
610 2208 818 2275 μένω..

974 2296 1078 2350 Οὐκ
1102 2295 1245 2369 ὀλίγα
1276 2296 1580 2352 ἐλλείπουσι.

2184 2202 2289 2252 etc.
2324 2214 2341 2248 ι

2685 2283 2865 2340 Pauca
2894 2283 3268 2340 desiderantur.

521 2438 3747 2506 Μ

1803 2606 1973 2653 ANNO
2015 2606 2249 2654 DOMJNI
2290 2606 2441 2654 DLVI
2452 2632 2465 2648 .

1082 2769 3176 3047 GILDAS—SAPIENS.

1727 3139 2005 3198 NOTITIA
2043 3142 2146 3214 (ex
2184 3138 2468 3200 Gallandio
2488 3137 2531 3211 ).

564 3298 604 3355 1.
652 3298 836 3355 Gildas
880 3303 1239 3367 cognomento
1285 3301 1512 3367 Sapiens
1558 3303 1715 3351 natus
1759 3296 2078 3367 perhibetur
2107 3300 2155 3363 C
2183 3304 2311 3355 runt
2434 3294 2532 3352 sed
2560 3294 2706 3351 inter
2733 3308 3071 3352 obsidionem
3097 3301 3151 3351 et
3178 3294 3346 3366 ipsius
3366 3292 3610 3367 opusculi
3640 3291 3757 3350 seri.

491 3405 635 3447 anno
655 3388 853 3445 Christi
880 3388 1005 3443 495.
1032 3386 1111 3444 Eo
1134 3401 1369 3457 namque
1397 3400 1540 3441 anno
1562 3401 1623 3441 se
1642 3383 1807 3442 fuisse
1828 3386 1883 3441 in
1913 3386 2089 3443 lucem

491 3483 694 3540 editum
724 3481 906 3554 prodit
949 3481 1177 3552 ipsemet
1223 3488 1411 3535 auctor
1438 3478 1525 3535 his
1564 3479 1744 3536 verbis
1773 3479 1849 3552 (a)
1878 3499 1890 3534 :
1916 3480 2002 3536 Ea:
2028 3498 2087 3537 eo

493 3582 719 3644 tempore
843 3587 1002 3641 usque
1023 3571 1093 3625 ad
1114 3587 1308 3625 annum
1329 3570 1640 3625 obsessionis
1661 3569 1917 3626 Badonici
1942 3588 2089 3627 mon-

494 3665 560 3719 tis
684 3665 870 3736 quique
914 3662 1342 3735 quadragesimus
1371 3670 1607 3735 quartus,
1647 3671 1703 3716 ut
1746 3663 1881 3728 novi,
1923 3664 2090 3719 oritur

494 3755 590 3828 [aL
621 3751 847 3825 orditur]
893 3771 1081 3824 annus,
1124 3774 1302 3812 mense
1342 3758 1460 3829 jam
1508 3760 1676 3831 primo
1725 3776 1953 3829 emenso,
2002 3761 2089 3832 qui

494 3847 601 3922 jam
626 3855 678 3901 el
703 3863 830 3902 mea:
869 3849 1156 3903 nativitatis
1195 3859 1293 3905 est.
1340 3849 1461 3917 Quo
1506 3865 1572 3906 ex
1602 3851 1724 3907 loco
1753 3852 1976 3909 Vossius
2002 3869 2090 3909 ar-

493 3937 607 4006 guit
636 3937 710 4009 (b)
739 3945 917 3993 ortum
943 3938 1153 3995 Gildam
1183 3956 1249 3996 eo
1294 3941 1411 4011 ipso
1441 3957 1584 3999 anno
1614 3957 1773 4012 quem
1814 3944 1977 4001 modo
2004 3946 2089 4002 in-

493 4027 726 4084 nuimus.
760 4028 1005 4086 Saxones
1044 4031 1209 4097 enim,
1258 4032 1453 4102 inquit,
1484 4048 1627 4089 anno
1669 4032 1795 4103 M9,
1826 4044 1964 4092 teste
1989 4035 2091 4094 Be-

493 4118 561 4175 da
590 4120 683 4193 (c),
716 4122 771 4177 in
816 4122 1149 4179 Britanniam
1196 4124 1506 4193 advenere,
1552 4142 1688 4197 quos
1737 4125 1980 4183 Britanni
2023 4128 2091 4185 ad

493 4209 823 4271 Badonicum
870 4224 1113 4273 montem
1162 4216 1535 4274 contriverunt
1576 4237 1589 4274 :
1624 4218 1872 4292 adeoque
1917 4236 2090 4279 annus

494 4304 566 4358 44
585 4322 616 4360 a
637 4308 812 4376 primo
841 4307 1118 4364 Saxonum
1139 4308 1374 4365 adventu
1402 4312 1633 4383 assurgit
1651 4312 1720 4368 ad
1740 4329 1941 4370 annum
1960 4313 2089 4386 495,

495 4400 589 4470 qui
615 4399 781 4455 Gildas
810 4402 1105 4459 nativitatis
1132 4402 1313 4471 fuerit,
1338 4412 1398 4459 ut
1422 4405 1651 4476 ipsemet
1678 4408 1891 4465 asserit.
1915 4407 2091 4464 Αυω

497 4499 680 4545 tamen
710 4506 741 4545 a
763 4490 1025 4548 Vossiana
1071 4494 1577 4565 interpretationem
1605 4501 1895 4558 verborum
1923 4500 2091 4558 Gildas

496 4580 702 4653 profert
726 4581 961 4639 Joannes
985 4583 1228 4642 Smithus
1258 4587 1313 4641 in
1354 4589 1498 4644 notis
1527 4590 1597 4645 ad
1634 4606 1788 4647 suam
1830 4593 2090 4650 ecclesia-

2186 3388 2445 3460 ptionem.
2492 3386 2632 3444 Nam
2666 3388 2905 3459 loquitur
2944 3388 3013 3445 de
3037 3388 3193 3444 annis
3217 3402 3446 3459 quorum
3489 3394 3766 3453 extremm,

2187 3482 2316 3539 dum
2345 3481 2464 3539 haec
2485 3480 2774 3549 scriberet,
2805 3482 2979 3539 adhuc
3006 3481 3062 3537 in
3086 3480 3233 3537 ﬂuxu
3269 3488 3389 3537 erat
3412 3498 3425 3534 :
3448 3476 3759 3552 quadrageni

2187 3589 2303 3629 mus
2331 3583 2565 3647 quartus,
2618 3573 2812 3646 inquit,
2859 3574 3063 3630 orditur
3102 3590 3292 3639 annus,
3335 3589 3514 3628 mense
3525 3572 3643 3643 jam
3680 3583 3764 3627 unt

2189 3666 2388 3737 elapso.
2418 3684 2438 3719 ι
2475 3663 2605 3722 ﬂare
2645 3665 2730 3721 vir
2757 3663 3120 3721 doctissimus.
3152 3663 3373 3730 Verum,
3403 3678 3528 3719 meo
3563 3659 3766 3733 quidem

2189 3757 2407 3830 judicio,
2441 3758 2818 3829 interpretatio
2840 3756 3105 3829 ejusmodi
3135 3756 3205 3813 ab
3232 3756 3400 3828 ipsius
3413 3752 3581 3810 Gildas
3600 3757 3767 3809 mente

2192 3850 2369 3906 aliena
2396 3864 2518 3906 esse
2563 3850 2813 3906 videtur:
2846 3865 2913 3906 eo
2941 3849 3205 3921 imprimis
3240 3847 3459 3906 nomine
3501 3844 3647 3917 quod
3686 3858 3767 3899 au-

2191 3948 2313 3998 ctor
2333 3940 2628 3997 Badonica:
2651 3943 2816 3997 etiam
2844 3942 3020 3998 dictus
3040 3942 3225 4012 fuerit,
3254 3956 3287 3996 a
3314 3940 3500 4013 praalio
3528 3938 3770 3995 adversus

2191 4033 2437 4090 Saxones
2481 4033 2626 4105 apud
2650 4032 2981 4089 Badonicum
3011 4039 3255 4091 montem
3277 4047 3309 4087 a
3337 4030 3611 4087 Britannis
3636 4043 3770 4085 com-

2191 4127 2395 4195 misso;
2441 4126 2747 4197 huiusmodi
2789 4127 3041 4184 nimirum
3090 4134 3511 4198 cognomentum
3538 4124 3770 4190 sortitum,

2192 4220 2339 4289 quod
2376 4235 2444 4277 eo
2486 4220 2606 4292 ipso
2649 4236 2791 4278 anno
2821 4221 3107 4279 Badonicae
3136 4222 3468 4281 obsessionis
3506 4221 3562 4279 in
3610 4220 3771 4278 lucem

2194 4314 2369 4371 editus
2392 4312 2573 4371 fuerit.

2268 4406 2328 4461 ll.
2374 4406 2452 4464 De
2497 4405 2666 4469 Gild.."e
2707 4408 2872 4478 gestis
2918 4409 3199 4481 complura
3241 4408 3545 4467 litterarum
3593 4421 3769 4465 monu-

2195 4497 2393 4554 mentis
2438 4498 2656 4554 tradidit
2718 4501 3018 4556 monachus
3064 4499 3331 4572 Ruyensis
3385 4516 3682 4572 anonymus
3723 4497 3770 4552 in

2196 4588 2322 4645 Vita
2346 4589 2587 4660 ejusdem
2615 4589 2803 4655 Gildae,
2853 4606 3016 4662 quam
3046 4591 3251 4663 primus
3291 4589 3527 4648 Joannes
3551 4608 3585 4647 a
3613 4591 3770 4647 Bosa)

497 4672 647 4728 sticae
676 4670 923 4731 Historiae
950 4676 1107 4733 Bedae
1135 4680 1448 4748 prmelaram
1491 4681 1783 4739 editionem
1814 4685 1916 4757 (ά).
1958 4685 2088 4742 Exi-
2118 4701 2169 4761 υ
2195 4683 2438 4753 Lugduni
2467 4700 2608 4741 anno
2640 4685 2779 4740 1605
2800 4687 2890 4759 (f),
2918 4686 3114 4743 deinde
3134 4687 3427 4744 Bollandus
3454 4687 3555 4761 (g),
3578 4695 3767 4759 postre-

496 4763 680 4818 stimat
706 4765 851 4819 enim
879 4768 963 4823 vir
983 4769 1222 4827 eruditus
1250 4787 1513 4828 annorum
1545 4789 1831 4831 numerum
1870 4792 1904 4833 a
1930 4776 2087 4837 Gilda

496 4852 701 4908 editum
728 4856 1000 4913 scribendi
1026 4859 1205 4930 potius
1234 4868 1465 4932 tempus,
1494 4878 1655 4934 quam
1683 4864 1959 4923 Saxonum
1989 4869 2087 4924 ad-

498 4955 714 5002 ventum
738 4958 983 5019 spectare
1020 4968 1034 5006 :
1064 4952 1344 5025 scripsisse
1385 4956 1595 5014 scilicet
1620 4957 1828 5015 Gildam
1873 4975 2017 5018 anno
2055 4975 2088 5018 a

498 5052 677 5109 pugna
703 5037 974 5097 Badonica
1002 5042 1071 5096 44
1100 5059 1243 5101 anno
1287 5045 1390 5118 ipsi
1420 5048 1681 5121 imprimis
1708 5051 1952 5121 notabili,
2001 5054 2089 5109 cui

502 5136 558 5184 et
588 5130 864 5187 natalitius
888 5130 1005 5189 fuit.
1029 5133 1088 5190 ln
1109 5136 1354 5193 eamdem
1376 5138 1569 5196 Smithi
1597 5144 1918 5200 sententiam
1938 5144 2092 5216 prmi-

500 5230 650 5277 vcrat
676 5222 1015 5283 Mabillonius
1039 5228 1123 5284 his
1169 5231 1349 5288 verbis
1375 5232 1448 5306 (ε)
1480 5252 1492 5288 :
1531 5252 1549 5287 ι
1579 5234 1821 5302 Quatuor
1866 5246 1923 5293 et
1950 5251 2085 5307 qua-

498 5313 741 5383 draginta
776 5318 903 5373 anni
929 5334 1066 5391 quos
1092 5319 1278 5380 Gildas
1304 5334 1571 5382 memorat
1613 5326 1756 5383 inter
1797 5328 2086 5385 adventum

497 5403 775 5467 Saxonum
800 5417 857 5467 et
883 5410 1220 5473 obsidionem
1248 5416 1575 5476 Badonicam
1603 5434 1715 5476 non
1759 5420 2083 5493 intercesse-

595 5631 651 5843 αξ
678 5634 820 5693 Gild.
850 5649 990 5711 part.
1022 5642 1042 5699 ἱ
1068 5644 1225 5711 Hist,
1258 5658 1378 5715 cap.
1408 5643 1501 5709 26,
1532 5640 1671 5697 infra
1699 5639 1802 5697 col.
1834 5639 1956 5695 000.

595 5702 626 5757 ό
678 5705 833 5764 Voss.
862 5712 931 5767 de
959 5712 1159 5771 Histor.
1190 5714 1306 5770 Lat.
1340 5714 1433 5771 lib.
1466 5731 1524 5777 ιι,
1555 5727 1675 5784 cap.
1706 5709 1796 5781 21,
1827 5726 1882 5783 p.
1914 5709 1956 5765 2

595 5790 620 5828 c
670 5775 799 5832 Bed.
826 5780 965 5837 Hist.
997 5786 1128 5841 eccl.
1160 5785 1250 5840 lih.
1281 5803 1318 5843 ι.
1351 5802 1470 5843 can.
1502 5784 1590 5839 15.

595 5702 650 5784 6)
670 5702 931 5784 Ϊοξεεξᾲο
959 5712 1159 5771 Histor.
1190 5702 1433 5771 Latflib.
1466 5702 1524 5777 ιί,
1555 5727 1675 5784 cap.
1706 5709 1796 5781 21,
1827 5726 1882 5783 p.
1914 5709 2039 5765 245.

594 5775 644 5857 c_)_
670 5775 799 5857 Ded:
820 5780 975 5857 _Hist._
997 5786 1128 5857 ccci.
1160 5785 1250 5840 lih.
1281 5803 1318 5854 ι,
1351 5802 1470 5857 cap.
1502 5775 1590 5839 l5.

594 5845 874 5930 apsumi].
913 5854 979 5930 ad
1009 5845 1316 5930 segnia:
1363 5845 1495 5915 θέει.
1542 5857 1635 5914 lib.
1667 5872 1709 5928 ι,
1752 5869 1873 5930 cap.
1905 5851 1994 5925 16,
2022 5868 2076 5929 p-

502 5911 590 5979 55,
618 5911 747 5974 edit.
777 5920 1032 5999 Cantabr.
1058 5926 1207 5982 179:2.

571 5631 595 5919 Ξ

2195 4789 2286 4831 mo
2315 4775 2662 4846 integriorem
2692 4776 2859 4833 edidit
2885 4777 3227 4835 Mabillonius
3257 4778 3469 4850 (h).-Ex
3499 4793 3565 4834 ea
3604 4777 3771 4846 itaque

2195 4866 2452 4924 discimus
2472 4876 2633 4937 gente
2651 4869 2965 4926 Britannum
2989 4869 3155 4927 fuisse
3176 4871 3499 4940 scriptorem
3518 4878 3770 4935 nostrum,

2194 4968 2249 5017 et
2273 4958 2476 5015 Hilduti
2505 4960 2854 5033 discipulum;
2885 4978 2916 5018 a
2945 4977 3053 5034 quo
3079 4978 3203 5020 cum
3228 4961 3546 5019 liberalibus
3569 4961 3770 5026 litteris,

2195 5064 2308 5109 tum
2323 5053 2620 5111 divinarum
2637 5056 3034 5128 Scripturarum
3055 5056 3235 5113 studio
3256 5056 3484 5128 primum
3514 5054 3767 5119 excultus,

2191 5143 2388 5201 deinde
2429 5147 2599 5203 sacris
2628 5147 2903 5204 ordinibus
2929 5147 3189 5217 initiatus,
3238 5146 3591 5203 monasticam
3618 5144 3772 5202 vitam

2188 5243 2427 5293 sectatus
2473 5236 2655 5308 fuerit,
2701 5238 2885 5295 multis
2932 5238 3192 5293 virtutum
3231 5236 3532 5307 insignibus
3558 5237 3613 5292 in
3638 5234 3772 5289 Ban-

2188 5330 2439 5387 chorensi
2467 5332 2635 5388 nobili
2663 5331 2911 5388 ccenobio
2939 5330 3135 5387 clarus.
3167 5328 3375 5386 Floruit
3399 5343 3510 5399 quo
3540 5336 3773 5397 tempore

2188 5422 2425 5496 quinque
2450 5426 2621 5497 reguli
2650 5415 2892 5484 Britanni
2921 5425 3080 5484 terris
3117 5423 3345 5483 diversis
3372 5438 3555 5482 rerum
3601 5418 3771 5495 potie-

2188 5728 2224 5785 Ρ
2262 5640 2564 5767 (ἓὲδιθωιι.
2619 5642 2735 5699 Act.
2786 5641 2883 5699 SS.
2935 5642 3064 5699 0rd.
3114 5640 3246 5699 Ben.
3288 5656 3417 5699 suae.
3464 5658 3502 5711 ι,
3551 5647 3674 5698 tom.
3724 5632 3769 5703 I,

2261 5784 2331 5922 γ’)
2360 5782 2515 5839 Bosc.
2545 5782 2679 5839 Bibl.
2705 5784 2960 5875 Floriac.,
2985 5798 3110 5857 pag.
3140 5783 3263 5841 426.

2286 5853 2339 5922 g)
2368 5854 2609 5910 Bolland.
2640 5855 2758 5911 Act.
2789 5856 2886 5915 SS.
2913 5854 3035 5915 Jan.
3062 5865 3195 5917 tom.
3222 5855 3263 5914 ll

2263 5853 2339 5982 (ἵ)
2368 5854 2609 5936 Bolland.
2640 5855 2758 5911 Act.
2789 5856 2886 5915 SS.
2913 5853 3035 5915 Jan.
3062 5853 3195 5917 tom.
3222 5855 3284 5914 ll.
3318 5873 3375 5934 p.
3405 5854 3509 5917 958

2263 5927 2293 6003 ς
2322 5932 2345 5989 εὶ
2376 5924 2650 5985 Mabtllon.
2681 5925 2717 5985 Ι.
2751 5943 2806 5991 c.
