3988 6346
775 251 1004 329 cum
1039 267 1386 331 sumus
1423 269 1513 330 nr:
1550 268 1819 329 exercre
1855 263 2252 327 nmmmas
2289 258 2493 324 LIBER
2531 263 2922 334 QUERULUS.

3355 262 3460 320 550

245 397 429 458 bantur,
471 383 848 444 Constantinus
888 385 1162 456 videlicet,
1207 384 1457 444 Aurelius
1499 386 1776 453 Conanus,
1805 388 1858 448 Α
1879 397 1949 444 ex
1971 398 2078 454 quo
2099 392 2211 439 tres
2237 383 2453 438 conticti
2479 383 2743 436 teruntur.
2773 381 2890 448 Qua
2909 379 2976 434 de
3003 392 3060 435 re
3084 376 3325 449 pluribus
3345 378 3467 434 Bol-

246 477 558 554 Vortiporius,
586 476 944 546 Guneglassus
964 487 1020 536 et
1038 478 1401 548 Maglocunus.
1423 479 1571 546 Quos
1591 491 1779 534 omnes

245 576 302 634 ob
321 572 502 630 scelera
530 575 588 624 et
614 568 998 638 rempublicam
1023 569 1164 624 male
1192 568 1635 635 administratam,
1667 568 1782 638 ipse

242 665 286 721 in
311 659 640 719 transmarina
663 658 940 715 Britannia
965 667 1118 715 extra
1143 660 1440 730 periculum
1461 659 1782 716 constitutus

240 753 402 811 acerbe
425 749 655 821 exagitat
674 747 776 822 (a).
814 767 834 802 ‹
865 748 1034 805 Porro
1075 765 1240 805 unum
1267 765 1338 805 ex
1360 749 1445 818 iis,
1472 749 1645 819 inquit
1670 748 1780 805 Ga-

241 846 335 902 leus
361 842 443 916 (ὑ),
482 841 551 897 ad
579 857 764 898 sanam
794 849 1030 896 mentem
1071 847 1262 898 auctor
1287 848 1474 896 noster
1497 853 1783 896 revocasse

240 932 567 1003 comperitur:
601 947 726 987 nam
754 933 808 986 in
836 930 1068 1002 quodam
1088 930 1346 988 chronica
1373 929 1656 987 Gambrico
1676 929 1784 999 legi

239 1026 294 1082 de
325 1023 660 1081 Constantino
707 1035 870 1090 quem
913 1020 1098 1078 Gildas
1140 1020 1406 1094 increpuit
1447 1038 1462 1077 :
1504 1019 1783 1078 Conversio

239 1116 530 1173 Constantini
555 1114 625 1170 ad
652 1113 954 1170 Dominum.
989 1133 1009 1168 ι

289 1211 362 1267 llI.
395 1210 460 1266 Ut
485 1207 592 1265 ﬁde
619 1225 686 1267 ac
712 1208 1066 1266 sanctimonia
1111 1216 1394 1280 praestans,
1440 1208 1518 1265 ita
1562 1221 1786 1265 summa:

234 1303 512 1360 eruditionis
535 1302 636 1368 vir,
682 1318 715 1356 a
743 1301 995 1373 fratribus
1035 1301 1293 1375 religiosis
1337 1310 1550 1374 rogatus
1598 1303 1687 1373 qui
1715 1300 1788 1356 ad

232 1413 322 1451 eum
345 1414 370 1452 e
395 1395 685 1450 Britanniis
709 1405 973 1464 venerant,
1021 1405 1140 1468 post
1181 1398 1354 1453 decem
1403 1415 1568 1454 annos
1597 1415 1662 1452 ex
1689 1415 1790 1470 quo

231 1489 330 1542 inde
351 1489 573 1554 recessit,
596 1489 808 1558 scripsit
833 1491 1168 1560 epistolarem
1195 1490 1442 1546 libellum.
1467 1491 1646 1547 Verba
1666 1499 1794 1548 sunt

227 1579 445 1633 monachi
474 1578 770 1650 Ruyensis,
819 1580 911 1649 qui
939 1578 1108 1635 Gildas
1148 1581 1326 1636 Vitam
1373 1583 1656 1638 contexuit
1697 1581 1791 1654 (ε).

226 1665 303 1724 Sic
327 1677 492 1724 autem
528 1669 793 1739 ejusmodi
821 1686 957 1741 opus
981 1673 1326 1728 inscribitur:
1351 1671 1430 1728 De
1454 1675 1655 1729 excidio
1684 1675 1799 1728 Bri-

1877 474 2070 530 landus
2097 473 2202 547 (lt),
2247 472 2588 528 Mabillonius
2619 472 2681 542 (ι)
2712 480 2768 527 et
2795 471 3068 527 Fabricius
3099 475 3228 542 (m),
3277 479 3338 525 ut
3362 469 3469 528 Ca-

1879 581 2038 623 veum
2061 566 2142 638 (n)
2172 567 2413 636 aliosque
2441 565 2767 621 omittamus.

1951 659 2042 716 Ν.
2073 657 2284 714 Prodiit
2323 658 2552 728 primum
2579 657 2746 713 Gildas
2793 657 3004 714 libellus
3050 659 3279 714 Londini
3326 675 3470 714 anno

1883 749 2043 816 1525,
2069 765 2198 805 cura
2225 749 2480 821 Polydori
2520 748 2755 818 Virgilii;
2787 747 2940 816 cujus
2967 757 3147 804 tamen
3171 749 3466 818 exemplar,

1883 841 2059 912 inquit
2078 839 2344 897 Lelandus
2383 841 2482 912 (ο),
2531 855 2805 907 mancum,
2849 840 3091 895 luxatum
3133 855 3199 896 ac
3224 841 3472 895 mutilum

1885 941 2093 1002 exstat;
2118 948 2289 1004 usque
2315 933 2453 990 adeo
2481 942 2543 988 ut
2569 933 2616 988 si
2649 932 2763 1003 jam
2790 933 2914 988 vitae
2958 933 3354 998 restitueretur,
3386 931 3476 985 vix

1883 1025 2055 1082 fetum
2099 1033 2418 1097 agnosceret
2441 1039 2658 1097 parens.
2686 1023 2919 1081 Gravem
2955 1025 3118 1095 hujus
3145 1025 3276 1081 editi
3305 1025 3480 1096 Virgi-
3531 1057 3535 1060 -

1887 1117 2018 1173 liani
2045 1132 2329 1174 censuram
2372 1117 2602 1172 attexuit
2626 1117 2863 1173 Joannes
2889 1117 3187 1174 Josselinus
3230 1117 3300 1172 ad
3327 1133 3482 1172 suam

1886 1207 2060 1265 Gildas
2087 1209 2378 1265 editionem
2406 1223 2549 1265 anno
2598 1207 2739 1264 1568
2776 1209 3004 1266 Londini
3031 1211 3230 1281 pariter
3257 1212 3482 1279 evulga-

1892 1307 2023 1354 tam.
2048 1298 2292 1356 Priorem
2326 1300 2575 1372 Polydori
2601 1303 2859 1358 exhibent
2887 1311 3115 1372 utraque
3145 1301 3486 1361 Orthodoxm

1892 1391 2095 1463 grapha
2124 1391 2462 1461 Basiliensia,
2509 1399 2566 1447 et
2594 1393 2940 1450 Bibliotheca:
2969 1392 3190 1450 Patrum
3216 1394 3487 1450 Parisien-

1893 1483 1988 1548 sis,
2009 1483 2348 1540 Coloniensis
2369 1483 2827 1556 etLugdunensis.
2856 1485 3103 1543 Josselini
3127 1489 3488 1558 posteriorem

1897 1584 2114 1630 secutus
2159 1585 2242 1631 est
2265 1575 2632 1634 Commelinus
2678 1577 2734 1632 in
2770 1577 3104 1633 Collectioue
3148 1579 3489 1635 Britannico-

1897 1680 2018 1720 rum
2045 1666 2388 1736 scriptorum.
2427 1686 2447 1719 ‹
2473 1665 2567 1722 Hae
2612 1675 2792 1722 tamen
2823 1667 2942 1723 dua:
2981 1669 3269 1736 editiones,
3318 1670 3491 1740 inquit

226 1761 396 1814 tenuia:
418 1761 554 1814 liber
582 1763 841 1833 querulas,
873 1771 984 1819 tres
1010 1764 1067 1819 in
1093 1772 1274 1835 partes
1293 1763 1494 1820 divisus
1519 1783 1533 1819 :
1555 1764 1596 1819 Ι.
1617 1764 1794 1820 Histo—
1821 1765 1872 1826 B
1897 1756 2096 1814 Galeus
2125 1756 2226 1830 (p),
2257 1757 2371 1813 sive
2395 1756 2649 1830 Polydori
2673 1758 2906 1828 Virgilii,
2937 1760 3050 1815 sive
3073 1758 3296 1816 Joannis
3317 1759 3490 1816 losse-

223 1851 310 1916 ria,
336 1849 394 1905 ll.
425 1851 694 1923 Epistula,
741 1852 830 1908 IlI.
864 1853 1162 1927 Increpatio
1187 1857 1244 1910 in
1273 1856 1488 1912 clerum.
1525 1857 1584 1912 In
1614 1857 1795 1915 Histo-

218 1939 289 2007 ria
313 1941 472 1995 multa
503 1943 698 2012 paucis
737 1943 1030 2000 concludit.
1080 1942 1288 2000 Exinde
1333 1944 1504 2000 fusius
1548 1947 1796 2016 procedit

220 2046 328 2088 cum
354 2032 419 2088 ad
447 2049 626 2106 reges,
677 2044 792 2090 tum
822 2035 892 2090 ad
920 2035 1234 2092 sacerdotes
1261 2037 1379 2106 ejus
1419 2038 1682 2108 temporis
1708 2038 1794 2094 in-

215 2125 518 2195 crepandos.
573 2125 690 2182 Hoc
717 2134 897 2183 autem
929 2128 1246 2198 opusculum
1291 2137 1418 2200 post
1460 2145 1660 2184 annum
1688 2129 1796 2186 545

215 2214 478 2285 scripsisse
504 2215 723 2272 Gildam
771 2232 839 2273 ex
889 2233 956 2274 eo
1001 2219 1270 2288 colligitur
1317 2219 1464 2289 quod
1511 2228 1697 2275 narrat
1724 2219 1796 2277 de

215 2303 560 2362 Constantino
599 2307 915 2364 Damnoniae
937 2317 1165 2382 tyranno
1187 2311 1303 2384 (d);
1339 2313 1432 2381 qui
1459 2311 1625 2368 duum
1651 2327 1790 2384 pue-

211 2407 382 2449 rorum
419 2397 700 2466 regiorum
742 2399 1074 2472 totidemque
1102 2403 1428 2459 nutritorum
1458 2405 1628 2460 latera
1655 2404 1797 2460 inter

207 2498 551 2545 sacrosancta
581 2490 773 2547 altaria
802 2507 933 2548 ense
959 2493 1222 2564 hastaque
1249 2511 1349 2566 pro
1376 2497 1628 2553 dentibus
1653 2497 1798 2553 lace-

205 2576 370 2632 ravit:
403 2580 555 2636 idem
605 2583 748 2638 enim
795 2598 938 2640 anno
985 2583 1094 2639 545
1127 2587 1417 2656 contigisse
1461 2587 1626 2643 tradit
1662 2587 1798 2646 Mat-

206 2664 365 2724 theus
405 2668 1063 2730 West-Monasteriensis.
1113 2676 1173 2732 Si
1220 2693 1359 2734 vero.
1383 2677 1655 2734 Usserium
1698 2697 1798 2736 au-

197 2757 304 2816 dias
332 2764 442 2834 (e),
501 2766 764 2836 scriptum
806 2767 970 2823 edidit
996 2767 1180 2825 Gildas
1203 2786 1347 2827 anno
1376 2771 1503 2840 564,
1550 2773 1801 2842 diemque

195 2861 516 2921 supremum
559 2856 752 2912 clausit
780 2873 922 2913 anno
952 2856 1076 2914 570.
1129 2859 1300 2916 Aliter
1327 2869 1508 2917 tamen
1550 2862 1800 2920 Mabillo-

187 2943 322 3012 nius,
357 2947 464 3018 qui
495 2945 712 3004 Gildam
735 2937 852 3020 jam
876 2953 1283 3021 octogenarium
1314 2970 1457 3010 anno
1485 2953 1589 3008 565
1615 2971 1646 3010 e
1667 2956 1804 3012 vivis

184 3037 499 3092 excessisse
533 3039 789 3108 Opinatur
817 3039 906 3111 (ι’).
936 3040 1310 3097 Mabillonium
1337 3053 1679 3099 assectantur
1708 3044 1804 3099 Hi-

1895 1848 2010 1916 lini,
2059 1848 2195 1905 adeo
2225 1849 2367 1904 inter
2412 1864 2472 1904 se
2517 1849 2917 1914 discordabant,
2966 1857 3026 1905 ut
3067 1866 3286 1906 omnem
3333 1848 3492 1905 ﬁdem

1897 1939 2106 1996 auctori
2135 1955 2234 1996 suo
2281 1940 2654 2005 detraherent,
2707 1949 2762 1996 et
2799 1939 3010 1995 Gildam
3050 1941 3106 1995 in
3133 1939 3291 1995 Gildo
3318 1939 3493 1997 adhuc

1895 2047 2187 2104 quaereres.
2221 2031 2400 2099 Quare
2428 2032 2885 2088 consultissimum
2931 2033 3092 2087 habui
3146 2048 3270 2088 eum
3313 2031 3494 2087 denuo

1897 2123 2119 2194 cudere,
2146 2124 2350 2194 scripto
2376 2123 2564 2178 cadice
2602 2137 2732 2179 usus
2756 2137 2918 2191 quem
2946 2123 3189 2192 priorum
3224 2121 3496 2177 editorum

1896 2223 2092 2271 neuter
2119 2213 2451 2284 inspexerat,
2497 2212 2699 2282 quique
2727 2227 2893 2282 purus
2917 2220 3061 2267 esset
3089 2227 3120 2266 a
3142 2211 3283 2267 fmda
3311 2219 3368 2266 et
3395 2211 3496 2267 ab-

1898 2307 2061 2362 surda
2089 2305 2512 2377 interpolatione
2539 2319 2660 2375 qua:
2687 2305 2792 2359 alia
2823 2304 3153 2374 exemplaria
3187 2302 3496 2360 infamarat.

1899 2399 2010 2456 Nec
2038 2400 2132 2454 uni
2160 2399 2262 2455 soli
2291 2399 2347 2454 in
2373 2397 2726 2454 emaculando
2750 2395 2907 2453 Gilda
2933 2397 3141 2452 inuisus
3169 2411 3288 2451 sum
3319 2396 3494 2452 libro:

1901 2491 2118 2549 aliunde
2161 2493 2327 2548 etiam
2373 2491 2442 2547 ad
2487 2492 2631 2547 hanc
2675 2506 2792 2547 rem
2838 2489 3114 2561 suppetias
3158 2487 3438 2545 accersivi.
3472 2504 3495 2540 ι

1901 2584 2031 2642 Haec
2059 2586 2190 2642 ille:
2223 2587 2316 2656 qui
2361 2595 2571 2656 partem
2599 2602 2618 2642 ι
2645 2586 2892 2658 opusculi
2936 2586 3124 2652 Gildaa,
3174 2585 3289 2641 sive
3320 2583 3499 2642 Histm

1902 2679 2064 2746 riam,
2090 2679 2159 2733 ad
2178 2686 2449 2734 vetustum
2475 2693 2580 2733 ms.
2606 2676 2852 2734 codicem
2869 2676 3379 2747 Cantabrigensem;
3410 2690 3498 2731 re-

1904 2772 2080 2842 liquas
2099 2786 2230 2828 vero
2251 2773 2408 2841 duas,
2431 2771 2731 2842 Epistolam
2758 2772 2964 2827 scilicet
2987 2779 3044 2828 et
3069 2770 3499 2842 lncrepationem

1905 2861 1963 2916 in
1983 2862 2210 2930 clerum,
2260 2861 2332 2916 ad
2379 2861 2625 2917 codicem
2667 2860 3053 2917 Cottonianum
3101 2864 3301 2930 exegit.
3349 2860 3500 2915 Hanc

1906 2951 2070 3020 igitur
2095 2952 2389 3008 editionem
2416 2965 2578 3021 quam
2604 2953 2920 3021 ignorarunt
2946 2950 3199 3007 Historiae
3227 2949 3501 3005 litterariat

1907 3040 2126 3098 Gallica:
2177 3051 2431 3098 auctores
2478 3042 2640 3100 modo
2688 3042 2889 3098 laudati
2932 3043 3030 3115 (ς),
3085 3041 3325 3097 omnium
3372 3054 3502 3096 sane

177 3126 367 3218 storiae
416 3126 711 3218 litterariae
737 3127 956 3185 Gallicae
1003 3140 1252 3189 auctores
1295 3134 1392 3205 (g).
1440 3133 1612 3192 Porro
1637 3135 1804 3193 Gilda:
1829 3153 1877 3218 ρ
1911 3135 2171 3205 optimam
2213 3143 2270 3190 et
2301 3133 2782 3199 accuratissimam,
2831 3147 2973 3188 anno
3004 3132 3139 3188 1691
3185 3129 3408 3186 Oxonize
3446 3129 3504 3184 in

180 3212 418 3284 ejusque
450 3216 654 3286 opella:
679 3219 974 3276 meminere
1021 3237 1135 3292 pra:
1168 3225 1376 3279 caeteris
1417 3225 1562 3281 Beda
1608 3226 1686 3300 (Ιι)
1748 3237 1804 3286 et

177 3301 479 3376 Alcuinus,
537 3309 630 3376 qui
669 3306 880 3365 Gildam
905 3310 1208 3368 Brettonum
1235 3317 1676 3385 sapientissimum
1703 3335 1802 3376 vo-

181 3405 264 3450 cat
299 3399 401 3470 (i).
436 3396 749 3470 Caeterum,
797 3411 858 3458 ut
903 3404 1157 3462 observat
1196 3407 1435 3464 Smithus
1469 3411 1559 3482 (j),
1618 3430 1636 3464 ‹
1665 3412 1804 3469 liber

180 3482 346 3543 Gildze
377 3488 469 3545 De
501 3487 731 3548 Excidio
757 3492 1048 3552 Britannia:
1068 3498 1201 3554 satis
1227 3499 1387 3556 hodie
1415 3511 1595 3558 notus.
1619 3501 1803 3562 Gildas

183 3587 372 3636 auctor
424 3581 558 3638 fere
601 3583 879 3652 ignoratur
901 3629 918 3657 ,
968 3588 1133 3644 nimia
1183 3590 1387 3647 scilicet
1431 3593 1798 3652 distinctione.

182 3664 316 3757 Hinc
347 3679 440 3730 tot
490 3676 840 3744 cognomina,
876 3677 1153 3747 Albanius,
1185 3681 1432 3752 Sapiens,
1475 3685 1802 3757 Badonicus,

183 3754 531 3834 Historicus;
562 3781 688 3824 cum
728 3784 920 3826 revera
950 3787 1090 3829 unus
1131 3781 1215 3830 est
1240 3774 1493 3849 idemque
1521 3775 1705 3838 Gildas
1733 3800 1753 3835 ›
1785 3754 1800 3836 ξ

273 3897 329 3974 ᾳ)
359 3899 524 3974 ςίω.
559 3908 702 3974 part.
733 3919 792 3974 tr,
816 3903 986 3974 Epist.

273 3968 326 4106 b;
361 3968 500 4025 Gal.
531 3968 604 4025 ad
632 3989 702 4054 xv
729 3968 928 4056 Script.
959 3973 1098 4031 Hist.
1119 3973 1254 4032 Brit.
1283 3977 1514 4050 praefat”
1539 3995 1597 4053 p.
1629 3983 1682 4041 9.

274 4054 301 4090 c
355 4040 559 4096 Anon.
589 4040 700 4096 Vit.
731 4041 900 4106 Gild..
932 4061 1082 4100 num.
1118 4045 1207 4102 19.

274 4054 324 4106 ο)
355 4054 559 4122 Anon.
597 4054 700 4096 Vit.
731 4054 1082 4128 Gild.,'num.
1118 4054 1207 4102 19.

270 4107 330 4188 d)
355 4110 524 4188 Quid.
560 4119 707 4188 part.
738 4128 798 4180 ιι,
829 4112 1024 4188 Epist.,
1057 4115 1085 4188 ς
1115 4116 1169 4188 2.

183 4177 842 4306 Lmﬁgssfgéprimn.
869 4177 1265 4261 eccl.’a"ntiqq.,
1293 4203 1418 4264 pag,
1451 4189 1574 4264 532,
1600 4195 1732 4254 ea“.
1765 4195 1804 4252 2

269 4320 317 4396 Π
347 4319 581 4396 ἕβδίῌξ
615 4321 658 4396 Ῐτ
687 4338 765 4396 σοι
783 4340 838 4396 Pe
871 4323 994 4396 l58,
1025 4334 1140 4382 not.
1165 4343 1217 4383 a.

269 4320 315 4388 ί)
347 4319 581 4376 Mabill.
615 4321 652 4376 l.
687 4338 762 4389 c.,
783 4340 838 4396 p.
871 4323 994 4393 158,
1025 4334 1140 4382 not.
1165 4343 1217 4383 a.

307 4389 324 4454 )
350 4389 506 4446 Hist.
537 4392 708 4449 littér.
736 4395 805 4450 de
826 4395 877 4449 la
905 4395 1098 4452 Franc.
1121 4406 1252 4455 tom.
1284 4400 1372 4468 Ill,
1395 4418 1451 4473 p.
1479 4403 1605 4462 280.

267 4459 327 4540 ξι)
357 4457 511 4518 Bed.
545 4461 691 4518 Hist.
723 4465 881 4528 eccl.,
911 4465 1002 4521 lib.
1035 4481 1071 4533 ι,
1100 4482 1219 4537 cap.
1247 4469 1338 4526 2%.

267 4535 308 4596 ι)
337 4530 580 4589 Alcuin.
612 4533 772 4598 epist.
801 4534 873 4590 28
893 4531 1056 4598 0pp.,
1088 4551 1144 4598 p.
1177 4537 1336 4596 1555.

267 4457 327 4537 ᾖ)
354 4457 511 4537 ﬂed.
545 4461 698 4537 Hist.
723 4465 881 4537 eccl.,
904 4465 1002 4537 lib.
1035 4481 1071 4533 ι,
1100 4482 1219 4537 cap.
1247 4469 1338 4526 2%.

267 4529 308 4596 i)
337 4530 580 4589 Alcuin.
612 4533 772 4604 epist.
801 4534 873 4590 28
893 4529 1066 4606 Opp.,'
1087 4551 1144 4607 p.
1166 4529 1336 4596 1555.

1909 3225 2086 3282 lucem
2115 3226 2366 3282 emissam
2393 3225 2571 3282 studio
2603 3225 2823 3280 Thomas
2850 3223 3002 3281 Galei
3032 3224 3086 3278 in
3114 3223 3300 3278 limine
3327 3221 3504 3293 operis

1907 3319 1985 3374 sic
2005 3317 2247 3387 inscripti
2277 3334 2290 3370 :
2323 3315 2580 3373 Historia:
2601 3317 2940 3383 Britannicae,
2981 3316 3286 3385 Saxonicw,
3309 3314 3504 3386 Anglo-

1907 3410 2128 3466 Dam‘caz
2167 3410 2465 3481 Scriptores
2504 3427 2598 3481 xv,
2639 3428 2705 3466 ea:
2745 3412 2955 3467 uetustis
3004 3410 3156 3466 codd.
3189 3426 3313 3464 mss.
3358 3408 3506 3476 editi,

1908 3501 2050 3573 typis
2076 3501 2446 3558 excudendam
2480 3502 2831 3570 tradidimus;
2864 3503 3139 3558 nonnullis
3168 3503 3275 3557 huc
3301 3508 3357 3556 et
3380 3499 3506 3558 illuc

1909 3595 2378 3652 observationibus
2406 3604 2640 3662 auctam,
2665 3612 2802 3667 quas
2827 3597 2896 3652 cl.
2929 3597 3153 3652 editoris
3181 3595 3326 3652 notis
3351 3607 3504 3666 sepa-

1909 3685 2072 3743 ratim
2097 3686 2333 3743 intextas
2357 3685 2691 3744 eruditorum
2718 3687 2942 3746 arbitrio
2971 3687 3303 3746 dimittimus.

2022 3914 2054 3988 Ῑ)
2081 3912 2275 3988 S_mith.
2301 3911 2536 3988 _ad_Bed.
2567 3912 2703 3971 Hist.
2731 3917 2868 3988 eccl.
2898 3917 2992 3974 lib.
3025 3933 3064 3986 ι,
3091 3931 3212 3988 cap.
3243 3913 3332 3971 22.

2022 3915 2054 3986 ')
2081 3915 2275 3970 Smith.
2309 3915 2378 3967 ad
2404 3915 2536 3970 Bed.
2567 3915 2703 3971 Hist.
2731 3917 2868 3973 eccl.
2898 3917 2992 3974 lib.

1984 3915 2062 4128 Ξίι)
2092 3983 2339 4068 Bolland.
2372 3981 2410 4038 Ι.
2439 4000 2512 4052 c.,
2537 4001 2692 4057 pagg.
2726 3986 2831 4042 955
2858 4002 3010 4058 seqq.

2007 4056 2048 4125 ι)
2061 4055 2277 4128 ,Μέδιυξ
2311 4053 2348 4107 ι·
2363 4068 2446 4128 ἓξ)
2464 4069 2634 4128 pass-
2648 4055 2772 4128 ,129
2793 4072 2908 4128 sem

2007 4053 2277 4126 l)’,Mabill.
2311 4053 2446 4126 1.9.,
2464 4053 2772 4126 ipa'gglf129
2793 4072 2908 4126 seq.

1983 4111 2080 4199 (ut)
2111 4126 2329 4182 Fabric.
2359 4111 2501 4180 Bibl‘.
2542 4111 2686 4182 ﬁred.
2715 4111 2896 4182 Latin:
2933 4135 3066 4185 tom.
3097 4126 3184 4196 Ill,
3213 4139 3370 4200 pagg.
3403 4111 3505 4185 17d

1910 4210 2069 4473 ὅθΞῆ
2093 4265 2222 4321 Cav.
2251 4263 2392 4348 Hist.
2424 4268 2554 4336 litt.,
2583 4275 2718 4323 tom.
2748 4267 2790 4333 Ι,
2814 4283 2869 4338 p.
2902 4267 3024 4324 559.

2010 4353 2040 4391 ο
2093 4335 2317 4389 Leland.
2350 4351 2404 4389 ιη
2435 4336 2644 4394 Assert.
2676 4337 2854 4405 Arth.,
2881 4353 3006 4410 pag.

1985 4423 2040 4473 ἱρ
2093 4402 2210 4473 Gal.
2240 4403 2448 4473 praefat.
2480 4407 2548 4461 ad
2571 4423 2642 4464 xv
2661 4409 2860 4473 Script.
2893 4409 3024 4466 Hist.

2007 4284 2041 4321 η
2093 4269 2222 4321 Cav.
2251 4269 2392 4321 Hist.
2424 4269 2554 4336 litt.,
2583 4275 2718 4323 tom.
2748 4269 2790 4333 Ι,
2814 4283 2869 4338 p.
2902 4269 3024 4324 559.

1983 4269 2063 4444 ἓεξ
2093 4335 2425 4444 33131.32.
2435 4336 2644 4444 Αὲῗιθῖξ
2662 4337 2854 4444 ﬂii?
2881 4353 2986 4444 1ἓὲ
2993 4379 3009 4444 ;
3039 4338 3130 4444 53;

2006 4402 2062 4486 ρ)
2084 4402 2210 4486 'Gal.
2240 4403 2448 4486 praefat.
2480 4407 2548 4486 ad
2560 4423 2642 4486 ἐν
2661 4402 2860 4486 Script.
2881 4402 3030 4466 'Hi'st.
3061 4410 3220 4486 Erit”
3246 4425 3304 4484 p.
3331 4421 3388 4470 ιδ.

1980 4448 2061 4548 ζῆς
2084 4448 2222 4530 ﬂigi.
2240 4448 2451 4534 ἵίίἱῖῗιὲ
2478 4448 2548 4533 fa"
2557 4448 2860 4549 fEaHEé'fiI
2881 4448 3042 4554 ἔξῖἱ.
3066 4448 3200 4538 ἐξὲξ

186 4645 3500 4695 Μ

182 4672 3483 4726 ~————__———__———————————_________————————

1007 4767 1610 4910 grana:
1683 4771 2671 4898 sarum-rm

906 4891 1117 5094 DE
1183 4967 1823 5100 EXCIDIO
1899 4891 2872 5109 BRITAIWIE

1253 5183 1638 5291 LIBER
1715 5187 2450 5313 QUERULUS.

1575 5353 2040 5380 *ι

1415 5439 1843 5506 ΡΒΕΕΔΤΙΟ
1885 5446 2295 5512 AUCTORIS.

233 5565 302 5630 III
345 5571 476 5669 hoc
521 5570 727 5669 f
750 5573 1006 5669 quidquid
1029 5575 1274 5635 deﬂendo
1298 5579 1481 5650 potius
1505 5596 1665 5653 quam
1693 5585 1790 5644 de-
1817 5594 1870 5656 Ι)
1893 5599 2128 5662 secutus,
2153 5609 2224 5649 ne
2251 5594 2371 5665 quis
2397 5608 2485 5651 me
2513 5594 2709 5652 aﬁ'cctu
2749 5601 2974 5653 cunctos
3008 5577 3331 5669 spernentis,
3363 5591 3497 5662 θήῃ-³

161 5657 478 5724 clamando
509 5664 641 5738 (vili
667 5665 794 5724 licet
819 5667 980 5742 stylo,
1009 5677 1192 5730 tamen
1215 5671 1469 5744 benigno)
1489 5672 1644 5735 fuero
1667 5695 1788 5753 pro-
1893 5657 2122 5743 nibusve
2162 5657 2402 5745 melioris
2453 5687 2677 5761 (quippe
2725 5689 2822 5761 qui
2871 5657 3161 5751 commune
3214 5657 3485 5754 bonoer

238 5825 265 5854 ⁴¹
291 5815 489 5886 Editi,
533 5819 640 5872 hac
676 5823 913 5890 epistola.

223 5911 232 5922 ’
429 5914 733 5976 Panos.
781 5915 1011 5981 LXIX.

2864 5949 2929 6011 11
