3988 6346
487 291 587 350 531

1377 276 1606 336 Gl—LDE
1649 271 2004 340 SAPlENTls
2043 273 2132 330 DE
2169 273 2440 336 EXCIDIO
2475 267 2870 336 WTANME

485 399 820 475 dispendium
849 396 1225 468 malorumque
1250 393 1524 452 cumulum
1543 391 1861 464 lacrymosis
1880 405 2081 461 quere-
2111 395 2162 452 Α
2186 388 2371 446 animo
2399 387 2680 448 revolvere
2705 386 2724 418 ⁸
2753 391 2809 439 et
2839 384 2922 454 (ut
2963 381 3095 440 mihi
3149 395 3342 438 renum
3385 390 3656 442 scrutator
3688 396 3758 445 est

487 498 555 555 lis
580 496 850 566 deﬂeam),
872 493 968 550 sed
993 491 1337 550 condolentis
1390 487 1577 560 patriae
1623 485 2080 548 incommoditati-

487 589 588 646 bus
606 586 945 657 miseriisque
974 583 1111 656 ejus,
1133 599 1198 640 ac
1221 583 1474 641 remediis
1500 583 1947 653 condeleetantis,
1968 583 2082 640 edi-

489 685 703 739 cturum
724 684 895 749 putet,
917 678 1045 747 quia
1065 693 1196 734 vero
1217 686 1241 715 ³
1267 692 1378 733 non
1405 685 1516 732 tam
1535 675 1950 733 fortissimorum
1978 677 2083 730 mi-

490 772 643 830 litum
686 768 972 830 enuntiare
1018 769 1184 828 trucis
1223 769 1350 826 belli
1379 769 1617 840 pericula
1663 769 1795 824 mihi
1821 776 2084 824 statutum

490 871 595 930 est,
616 877 782 933 quam
810 861 1228 919 desidiosorum.
1259 861 1395 917 Silui
1419 861 1637 932 (fateor)
1665 875 1790 917 cum
1819 861 2084 916 immenso

490 952 681 1010 dolore
726 951 925 1008 mentis
957 949 984 990 ι’
1015 959 1071 1006 et
1110 951 1278 1010 animi
1325 951 1744 1023 compunctione
1799 951 2090 1020 cordisque

435 1092 441 1098 .
493 1044 842 1114 contritione,
878 1051 936 1100 et
961 1043 1195 1100 attonito
1241 1058 1403 1100 sensu
1456 1043 1649 1114 saepius
1670 1043 1785 1100 hac
1821 1045 2001 1100 omnia
2029 1043 2087 1099 in

568 1219 935 1292 ‘Deestgedit.
969 1237 1073 1276 vox
1104 1223 1238 1288 viro,
1261 1231 1316 1278 et
1359 1220 1554 1278 merito
1581 1221 1822 1292 quidem,
1856 1229 1914 1276 ut
1936 1221 2089 1278 vide-

495 1299 586 1347 tur
611 1311 625 1346 :
651 1301 749 1348 aut
780 1289 920 1348 forte
951 1293 1240 1362 legendum
1271 1309 1406 1348 vere.

498 1362 594 1490 ad”
623 1362 948 1488 Pdacordis
996 1363 1192 1418 dolore.
1228 1363 1454 1442 Reliqua
1499 1362 1878 1420 desiderantur
1918 1377 2089 1434 usque

584 1451 617 1488 ιι
666 1452 718 1488 m
776 1451 812 1488 ι.

584 1444 641 1488 ut
666 1435 812 1488 mihi.
1367 1433 1383 1436 7
1425 1433 1428 1442 ’

573 1516 596 1546 ο
629 1503 752 1569 Ed.,
785 1521 888 1558 una
940 1522 1053 1560 cum
1073 1505 1254 1561 vilibus
1277 1523 1359 1560 me
1383 1507 1585 1560 meritis
1629 1502 1994 1572 inhibentibus,
2025 1523 2090 1561 ne

494 1577 894 1648 qualemcunque
914 1577 1413 1648 admoniliunculam
1439 1575 1749 1648 scriberem.
1765 1575 1822 1632 ιιι
1851 1577 2085 1648 impres-

496 1647 570 1701 sis
605 1647 904 1716 sequuntur
955 1648 1057 1701 ista
1105 1664 1118 1700 :
1167 1665 1186 1699 (
1218 1647 1485 1716 Legebam
1513 1647 1881 1715 nihilominus,
1913 1647 2086 1704 admi-

494 1717 724 1772 randum
783 1717 1146 1785 legislaturem
1195 1718 1265 1773 ob
1315 1719 1471 1772 unius
1494 1718 1644 1772 verbi
1673 1717 2086 1784 dubitationem,

495 1795 697 1845 terram
726 1787 1140 1844 desiderabilem
1171 1805 1280 1842 non
1303 1789 1601 1853 introiisse;
1631 1787 1768 1842 ﬁlios
1788 1789 2089 1845 sacerdotis

495 1859 729 1916 alienum
760 1859 1097 1915 admovendo
1119 1859 1272 1914 altari
1297 1860 1490 1929 ignem,
1515 1860 1624 1914 cito
1657 1859 1802 1916 exitu
1826 1861 2088 1929 periisse;

2157 650 2162 655 1
2184 578 2560 651 praetereuntis

2185 481 2466 554 Dominus)
2515 479 2692 552 spatio
2739 477 2952 536 bilustri
3003 478 3283 549 temporis,
3314 476 3399 534 vel
3437 492 3507 533 eo
3549 479 3759 550 amplius

2614 596 2629 633 :
2677 577 2969 649 imperitia,
2997 577 3138 634 sicut
3186 585 3244 636 et
3289 591 3454 646 nunc,
3496 592 3610 633 una
3654 595 3758 636 cum

2185 673 2516 732 charissimi
2549 685 2571 714 ο
2598 673 2705 728 mei
2753 671 2940 728 amicis
2983 669 3389 742 imperantibus,
3428 677 3489 725 ut
3533 670 3760 741 qualem-

2189 782 2403 837 cunque
2431 765 2605 837 gentis
2634 765 2956 820 Britannica:
2981 759 3321 822 bistoriolam
3369 764 3486 820 sive
3528 763 3763 822 admoni—

2193 857 2486 912 tiuneulam
2515 856 2825 912 scriberem.
2850 855 2909 910 ln
2956 855 3075 912 zelo
3125 856 3288 924 igitur
3309 855 3502 912 domus
3549 856 3761 924 Domini,

2193 964 2366 1006 sacrm
2394 948 2526 1020 legis
2573 963 2669 1004 seu
2717 948 3048 1016 eogitatnum
3094 947 3414 1014 rationibus,
3441 948 3529 1004 vel
3560 948 3765 1008 fratrum

2193 1041 2462 1112 religiosis
2499 1041 2750 1112 precibus
2774 1047 3018 1109 coaetus,
3050 1054 3194 1096 nunc
3233 1039 3488 1111 persolvo
3517 1040 3763 1110 debitum,

2193 1220 2346 1293 mini,
2376 1232 2435 1293 et
2469 1220 2730 1289 judicium
2759 1221 3036 1276 timebam.
3063 1219 3370 1293 Laudabant
3396 1223 3632 1293 gratiam
3650 1267 3666 1292 ,
3692 1228 3767 1289 sed

2192 1291 2552 1350 redditionem
2582 1293 2874 1360 unicuique
2891 1292 3190 1350 secundum
3211 1308 3378 1362 opera
3405 1291 3503 1350 sua
3529 1291 3764 1353 verébar.

2194 1362 2334 1417 Oves
2358 1361 2515 1417 unius
2540 1363 2696 1417 ovilis
2725 1362 3011 1417 dissimiles
3037 1361 3286 1428 cernens,
3309 1366 3503 1424 merito
3528 1366 3767 1423 beatissi-

2194 1449 2342 1488 mum
2370 1433 2616 1502 dicebam
2643 1432 2863 1488 Petrum
2894 1434 2964 1487 ob
2992 1432 3188 1488 Christi
3215 1434 3476 1502 integram
3501 1437 3770 1496 confessio-

2195 1520 2341 1570 nem,
2358 1501 2613 1558 atJudar
2636 1503 3059 1559 infelicissimum
3073 1513 3295 1574 propter
3306 1501 3618 1574 cupiditatis
3639 1523 3769 1563 amo-

2193 1589 2308 1646 rem
2329 1591 2344 1646 ;
2375 1575 2708 1646 Stephanum
2736 1575 3031 1646 gloriosum
3052 1575 3122 1632 ob
3143 1577 3386 1646 martyrii
3412 1577 3673 1646 palmam,
3693 1578 3770 1634 sed

2193 1643 2747 1715 Nicolaum’miserum
2763 1655 2982 1715 prepter
2997 1643 3572 1704 immundce'htereseos
3589 1660 3770 1706 notaui.

2195 1714 2464 1788 Legebam
2511 1725 2660 1771 certe
2713 1735 2724 1769 :
2765 1714 2940 1770 Erant
2968 1717 3074 1770 illis
3115 1719 3291 1788 omnia
3331 1722 3628 1774 communia
3654 1720 3770 1788 (Act.

2195 1803 2269 1850 ιν,
2301 1787 2414 1855 5‘2);
2447 1788 2541 1840 sed
2579 1793 2634 1840 et
2670 1788 2815 1855 quod
2852 1788 3050 1842 dictum
3086 1798 3170 1842 est
3200 1807 3213 1841 :
3245 1786 3420 1851 Quare
3439 1786 3680 1844 convenit
3702 1807 3771 1846 vo-

2196 1859 2274 1912 bis
2324 1866 2522 1914 tentare
2551 1856 2806 1926 Spiritum
2860 1857 2958 1912 Dei
3012 1859 3148 1928 (Aet.
3177 1875 3228 1916 v.
3255 1861 3337 1928 3)?
3368 1859 3635 1914 Videbam
3661 1877 3689 1915 e
3707 1877 3771 1916 re

494 1930 1074 2010 populum‘verborum
1100 1931 1192 1984 Dei
1216 1931 1684 2010 prazvarieatorem
1709 1937 2090 2010 sexcentarum
2123 1946 2173 2006 Β
2198 1929 2359 2010 gione
2385 1938 2646 2009 quantum
2674 1929 3004 2010 securitat_is_
3023 1929 3331 2010 hominibus
3375 1932 3551 1988 nostri
3575 1939 3770 2010 tempe.

494 1999 722 2072 millium
757 2001 988 2072 (duobus
1029 2003 1276 2072 exceptis
1298 2002 1624 2072 veraeibus),
1659 2007 1712 2053 ct
1741 1999 1956 2067 quidem
1982 2002 2092 2055 Deo

495 2071 872 2142 charissimum
905 2071 1127 2142 (quippe
1157 2073 1244 2125 cui
1268 2071 1372 2123 iter
1401 2071 1671 2142 levissime
1699 2078 1928 2123 stratum
1959 2086 2093 2140 pro-

492 2139 642 2198 fundi
670 2139 1043 2213 glareamaris
1071 2140 1268 2213 Rubri,
1284 2142 1435 2213 cibus
1461 2141 1701 2213 ecclesiis
1729 2142 1904 2210 panis,
1932 2139 2094 2213 potus

494 2227 668 2268 novus
697 2226 764 2266 ex
791 2228 925 2280 rupe
954 2211 1150 2274 viator,
1194 2212 1338 2266 acies
1363 2212 1561 2270 invicta
1591 2227 1847 2266 manuum
1867 2213 1982 2266 sola
2013 2212 2096 2270 in-

492 2291 648 2352 tensa
701 2283 907 2338 erectio
965 2281 1147 2352 fuerit)
1181 2283 1386 2347 bestiis,
1411 2281 1572 2348 ferro,
1603 2282 1710 2348 igni
1759 2298 1856 2352 per
1884 2281 2095 2337 Arabiae

497 2351 714 2425 deserta
744 2353 974 2422 sparsim
997 2351 1284 2425 cecidisse;
1317 2361 1440 2425 post
1471 2351 1776 2425 ingressmn
1801 2353 1995 2422 ignota:
2025 2368 2092 2410 ac

493 2423 540 2478 si
559 2422 812 2480 Iordanis
841 2431 1013 2493 porta:
1038 2423 1295 2492 urbisque
1318 2422 1564 2478 adversa
1604 2423 1824 2489 n'itnnia,
1849 2425 1979 2478 solis
2009 2432 2094 2478 tu-

494 2493 684 2550 barum
714 2495 1056 2563 clangoribus
1080 2493 1234 2562 jussu
1265 2495 1358 2549 Dei
1397 2495 1651 2561 subruta;
1685 2495 1962 2564 palliolum
1995 2511 2094 2550 au-

494 2565 649 2636 rique
699 2581 890 2636 parum
947 2565 1015 2620 de
1061 2566 1406 2636 anathemate
1459 2573 1847 2636 praesumptum
1894 2564 2096 2621 multos

493 2633 790 2702 stravisse;
821 2636 1246 2691 Gabaonitarum
1296 2633 1508 2690 irritum
1566 2635 1760 2702 foedus,
1792 2637 2092 2691 calliditate

495 2705 624 2763 licet
644 2715 938 2771 extortum,
971 2708 1244 2762 nonnullis
1286 2707 1530 2761 intulisse
1559 2707 1785 2761 exitium
1811 2726 1825 2772 ;
1853 2707 1922 2760 ob
1962 2722 2092 2776 pec-

491 2785 611 2834 cata
639 2779 936 2843 hominum,
961 2779 1218 2847 querulas
1238 2786 1549 2836 sanctorum
1571 2779 1956 2847 prophetarum
1989 2793 2091 2832 vo-

491 2793 611 2834 cata
639 2793 936 2843 nominum,
1002 2793 1218 2834 uerutas
1238 2793 1549 2836 sanctorum
1571 2793 1956 2847 propnetarum
1989 2793 2090 2832 vo-

491 2862 602 2913 ces,
634 2857 688 2902 et
714 2853 944 2904 maxime
961 2793 1216 2903 Seremus
1236 2848 1446 2904 ruinam
1467 2849 1698 2904 civitatis
1721 2864 1831 2902 sum
1855 2849 2090 2918 quadru«

491 2919 616 2988 plici
641 2919 943 2990 plangentis
965 2919 1276 2990 alphabeto.
1313 2918 1680 2988 Videbnmque
1712 2920 1875 2974 etiam
1902 2927 2088 2974 nostro

489 2997 772 3060 tempore,
815 2998 872 3045 ut
917 2990 1008 3046 ille
1063 2990 1383 3058 deﬂeverat,
1441 2997 1611 3045 solam
1664 2990 1859 3044 sedisse
1912 2991 2090 3044 urbem

489 3060 713 3127 uiduam,
747 3070 904 3116 antea
923 3061 1124 3131 populis
1141 3063 1366 3132 plenam,
1392 3063 1622 3132 gentium
1640 3061 1923 3126 dominam,
1942 3063 2091 3132 prin-

489 3132 655 3205 c_ipe_m
683 3133 1061 3205 provinciarum
1089 3131 1195 3205 sub
1223 3131 1411 3205 tributo
1457 3134 1617 3202 fuisse
1661 3134 1854 3202 factam
1886 3131 1968 3205 (id
2006 3138 2091 3205 est

494 3201 820 3272 Ecclesium]
872 3201 1088 3272 (Thren.
1113 3218 1150 3268 ι,
1177 3202 1201 3252 l
1227 3202 1278 3269 );
1309 3201 1638 3272 obscuratum
1663 3201 1902 3272 aurum,
1949 3203 2090 3272 colo-

489 3287 696 3344 remque
745 3271 992 3344 optimum
1047 3278 1309 3344 mutatum
1359 3271 1584 3344 ('Ijhren.
1610 3288 1680 3344 tv,
1707 3271 1760 3342 l)
1803 3271 1973 3343 (quod
2003 3282 2089 3327 est

2201 1999 2294 2072 ris,
2327 2015 2390 2054 ac
2419 1999 2465 2052 si
2490 2015 2596 2072 non
2621 2009 2767 2072 esset
2796 2000 2938 2072 quod
2969 1999 3270 2072 timeretur,
3300 2000 3630 2056 increverat.
3667 2002 3772 2062 iizec

2199 2071 2364 2138 igitur
2384 2077 2440 2124 et
2466 2071 2636 2124 multo
2651 2069 2827 2139 plura,
2853 2086 2971 2140 quae
2999 2069 3277 2124 brevitatis
3304 2085 3467 2130 causa
3493 2073 3773 2127 omittenda

2199 2142 2562 2208 decrevimus,
2592 2157 2714 2195 cum
2762 2141 3124 2209 qualicunque
3154 2142 3334 2212 cordis
3364 2145 3775 2212 compunctione

2201 2213 2428 2268 attonita
2453 2220 2633 2267 mente
2655 2212 3081 2281 saepiusvolvens
3105 2230 3118 2264 :
3149 2211 3234 2274 Si,
3263 2211 3506 2280 inquam,
3529 2213 3775 2282 peculiari

2199 2296 2270 2337 ex
2301 2283 2552 2338 omnibus
2579 2283 2888 2356 nationibus
2934 2283 3154 2356 populo,
3186 2283 3379 2356 semini
3420 2284 3588 2356 regali
3618 2285 3775 2354 genti-

2200 2366 2306 2436 que
2363 2353 2686 2436 san‘ctmlad
2729 2367 2892 2436 qpain
2919 2353 3171 2434 _'dixerat,
3203 2353 3590 2436 Primoqenitus
3635 2353 3776 2436 neut

2202 2421 2374 2496 Israel
2406 2421 2613 2495 (Exod:
2635 2439 2706 2488 IV,
2740 2421 2852 2494 32)]
2883 2424 3104 2496 ejusque
3129 2421 3524 2496 sacerdotibus,
3556 2426 3777 2495 pr0phe«

2200 2494 2290 2566 tis,
2323 2497 2540 2566 regibus
2567 2511 2666 2564 per
2687 2503 2764 2550 tot
2795 2494 3306 2566 saecula,’Apostolo
3327 2496 3596 2560 ministro,
3631 2494 3778 2550 mem-

2199 2563 2418 2634 brisque
2459 2563 2598 2622 illius
2622 2565 2909 2636 primitivze
2963 2563 3216 2622 Ecclesiae
3266 2565 3524 2628 Dominus
3552 2583 3673 2621 non
3702 2581 3780 2635 pe~

2199 2638 2394 2706 percit,
2423 2653 2545 2693 cmn
2569 2653 2598 2690 a
2623 2644 2773 2708 recto
2797 2636 3010 2691 tramite
3031 2636 3298 2691 deviarint
3323 2654 3334 2700 ;
3361 2637 3489 2706 quid
3511 2638 3604 2704 tali
3629 2637 3777 2708 hujus

2198 2705 2505 2762 atramento
2528 2707 2702 2762 aetatis
2731 2707 2970 2762 facturus
2991 2714 3090 2773 est,
3109 2708 3194 2762 cui
3225 2705 3418 2777 praeter
3440 2708 3528 2762 illa
3557 2705 3779 2762 nefanda

2199 2778 2559 2846 immaniaque
2586 2786 2810 2848 peccata
2851 2794 2970 2847 qua:
3005 2779 3367 2832 communiter
3392 2794 3516 2834 cum
3538 2780 3779 2833 omnibus

2199 2851 2382 2903 mundi
2412 2849 2688 2905 sceleratis
2729 2849 2858 2916 agit,
2881 2849 3077 2904 accidit
3098 2850 3260 2904 etiam
3281 2849 3409 2904 illud
3436 2849 3602 2903 veluti
3637 2851 3778 2918 iuge-

2199 2920 2371 2973 nitnm
2405 2921 2534 2990 quid
2563 2931 2616 2973 et
2637 2917 2921 2990 indelebile
2948 2919 3268 2989 insipientia:
3288 2920 3521 2990 pondus,
3535 2929 3590 2974 et
3609 2917 3782 2978 levita.

2198 2991 2267 3044 tis
2299 2989 2668 3045 ineluctabile?
2685 2989 2824 3056 Quid
2848 2990 3117 3060 (mihimet
3134 2990 3271 3061 aio)?
3289 2989 3481 3046 Tibine
3505 2991 3682 3046 miser
3701 3006 3780 3048 ve-

2197 3061 2302 3115 luti
2331 3062 2623 3131 conspicuo
2661 3076 2726 3115 ac
2764 3077 2976 3116 summo
2999 3061 3210 3115 doctori
3232 3061 3355 3116 talis
3383 3077 3513 3116 cura
3537 3062 3781 3117 commit-

2201 3132 2348 3196 titur,
2376 3142 2434 3186 ut
2460 3133 2646 3188 obstes
2671 3132 2865 3188 ictibus
2894 3139 3006 3188 tam
3033 3132 3254 3187 violenti
3285 3134 3562 3201 torrentis,
3586 3142 3654 3186 et
3674 3147 3783 3188 con-

2199 3210 2278 3255 tra
2312 3203 2454 3257 hunc
2482 3203 2796 3258 inolitorum
2835 3203 3102 3260 scelerum
3154 3205 3332 3258 l'unem
3383 3218 3484 3272 per
3507 3212 3590 3260 tot
3617 3217 3786 3258 anno-

2196 3289 2316 3325 rum
2344 3275 2514 3345 spatia
2549 3274 2846 3345 interrupte
2875 3274 3090 3345 lateque
3117 3281 3467 3345 protractum,
3500 3290 3680 3345 serves
3702 3272 3781 3326 de-

490 3333 645 3413 verb'i
663 3342 756 3396 Dei
777 3333 1178 3412 splendorem];
1203 3333 1376 3397 Filios
1396 3341 1526 3395 Sion
1550 3342 1625 3411 (id
1645 3333 1953 3397 estsanctae
1979 3345 2090 3396 mas
2112 3333 2160 3396 C
2193 3333 2423 3413 positum
2453 3343 2542 3397 tibi
2563 3333 2857 3398 creditum?
2883 3343 2952 3397 Et
2984 3333 3235 3400 {Taceas
3258 3361 3273 3409 ;
3306 3333 3545 3413 alioquin
3574 3344 3690 3400 hoc
3714 3349 3784 3397 est

492 3412 591 3466 tris
607 3411 881 3484 Ecclesim)
910 3413 1130 3484 inclytos
1155 3419 1207 3484 et
1229 3415 1443 3484 amicum
1465 3429 1593 3484 auro
1606 3415 1791 3484 primo,
1817 3413 2087 3482 amplexa-

495 3491 574 3564 tos
605 3482 765 3564 fuisse
784 3481 1335 3564 stercora‘(lbid.,”2).
1360 3482 1428 3536 Et
1455 3481 1616 3564 quod
1635 3483 1710 3564 illi
1741 3481 2089 3564 intolerabili-

494 3563 578 3608 ter
607 3552 664 3607 nt
692 3563 820 3622 pote
851 3552 1141 3623 praecipuo,
1173 3552 1303 3607 mihi
1328 3568 1546 3621 quoque
1570 3554 1694 3607 licet
1742 3555 1972 3622 abjecto,
2005 3565 2086 3609 ut—

493 3638 704 3692 cunque
734 3623 1102 3679 ad'cumulum
1133 3624 1336 3680 doloris
1357 3627 1664 3689 crescebat,
1703 3625 1830 3679 dum
1861 3625 1935 3680 ita
1965 3641 2088 3681 eos-

492 3693 615 3747 dem
645 3701 787 3765 statu
817 3710 1079 3765 prospero
1099 3696 1345 3765 viventes
1374 3697 1622 3765 egregios
1651 3697 1881 3764 luxerat,
1920 3707 1979 3750 ut
2006 3699 2088 3753 di-

494 3777 642 3820 ceret
671 3783 683 3817 :
714 3763 1054 3820 Candidiores
1083 3763 1337 3821 Nazarlei
1375 3767 1486 3836 ejus
1515 3763 1657 3830 niue,
1697 3767 2086 3827 rubicundiores

492 3840 644 3889 ebore
697 3837 1225 3907 antiquo,gsapphiro
1271 3838 1590 3906 pulchriores
1641 3836 1829 3907 (lbid.,
1865 3837 1936 3904 7).
1980 3839 2087 3898 Ista

494 3921 596 3975 ego
625 3914 682 3978 et
700 3905 866 3978 uigilia
895 3905 997 3959 alia
1025 3905 1175 3961 velut
1202 3905 1481 3978 speculum
1512 3905 1786 3978 quoddam
1812 3908 1932 3962 vitae
1955 3926 2085 3966 nos-

495 3985 591 4032 trm
644 3977 699 4031 in
749 3975 1043 4047 Scripturis
1097 3975 1370 4032 veteribus
1427 3975 1677 4041 intuens,
1730 3981 2086 4037 convertebar

493 4048 657 4102 etiam
678 4047 745 4102 ad
765 4063 953 4113 novas,
987 4056 1041 4101 et
1066 4047 1139 4103 ibi
1169 4047 1414 4114 legebam
1436 4047 1654 4116 clarius,
1677 4063 1798 4116 quae
1824 4049 1954 4104 mihi
1985 4051 2080 4108 lor-

493 4119 636 4173 sitan
665 4128 825 4174 antea
854 4119 1084 4174 obscura
1133 4117 1366 4183 fuerant,
1399 4125 1646 4174 cessante
1677 4118 1865 4173 umbra
1896 4136 1959 4176 ac
1989 4139 2082 4179 ve—

490 4189 650 4245 ritate
705 4190 908 4244 ﬁrmius
949 4189 1317 4245 illucescente.
1353 4189 1641 4257 Legebam,
1693 4190 1935 4257 inquam,
1983 4193 2088 4249 Do-

491 4261 699 4330 minum
716 4258 918 4315 dixisse
951 4278 963 4314 :
995 4258 1124 4318 Non
1151 4260 1267 4330 ueni
1319 4259 1421 4315 nisi
1469 4260 1538 4313 ad
1577 4277 1692 4314 oves
1737 4261 1966 4330 perditas
1992 4265 2084 4319 do‘

491 4346 606 4383 mus
635 4328 806 4384 Israel
838 4330 1054 4394 (Matth.
1087 4347 1178 4392 xv,
1206 4329 1334 4400 24);
1361 4339 1414 4386 et
1441 4328 1746 4386 econtrario
1782 4347 1795 4381 :
1826 4329 1954 4388 Filii
1987 4353 2085 4388 au-

490 4407 594 4472 tem
624 4401 766 4470 regni
812 4401 1085 4472 ejicientur
1111 4404 1165 4456 in
1197 4401 1435 4472 tenebras
1483 4402 1768 4472 exteriores
1812 4417 1829 4454 :
1862 4402 1930 4455 ibi
1989 4407 2088 4459 erit

493 4469 643 4542 [let—us
665 4469 713 4522 et
738 4469 931 4542 stridor
960 4472 1189 4542 dentium
1221 4471 1436 4542 (Matth.
1461 4488 1571 4533 Vill,
1600 4471 1685 4539 1‘2)
1713 4488 1726 4536 ;
1759 4481 1814 4526 et
1843 4472 2034 4529 iterum
2070 4494 2082 4529 :

493 4537 633 4611 Non
667 4549 745 4594 est
783 4538 978 4611 bonum
1022 4541 1198 4594 tollere
1228 4537 1236 4542 ’
1261 4559 1449 4611 panem
1495 4537 1725 4610 ﬁliorum
1786 4551 1836 4611 et
1887 4545 2089 4599 mittere

493 4607 706 4681 canibus
752 4607 963 4681 (Matth.
996 4627 1086 4678 xv,
1130 4607 1559 4679 ‘26);'itetnque:
1595 4611 1688 4681 γα»
1716 4609 1876 4675 vobis,
1903 4615 2088 4669 scriba:

494 4689 548 4753 et
575 4679 840 4753 Pharistei
867 4681 1149 4753 hypocrita?
1175 4681 1388 4750 (Matth.
1419 4697 1567 4743 xxnt,
1601 4680 1670 4734 l3
1693 4689 1740 4734 et
1783 4685 1940 4753 seq.).
1973 4685 2086 4738 An-

493 4747 708 4805 diebam
744 4770 756 4804 :
791 4747 947 4806 Multi
993 4751 1056 4804 ab
1108 4747 1302 4805 oriente
1323 4761 1372 4806 et
1400 4753 1662 4805 occidente
1690 4747 1911 4819 venient,
1941 4765 1989 4810 et
2012 4773 2089 4810 re.

491 4819 729 4896 cumbent
783 4838 898 4896 cum
946 4820 1454 4896 Abraham_,__1.snae
1517 4819 1795 4896 el__Jacob
1840 4823 1893 4896 in
1930 4841 2088 4896 regno

492 4891 1009 4965 cmlorumiﬂatth.
1064 4909 1177 4965 vin,
1209 4893 1339 4963 ll);
1373 4899 1432 4947 et
1477 4909 1510 4948 e
1557 4892 1770 4965 diverso
1807 4891 1916 4946 :Et
1966 4891 2087 4950 tunc

492 4965 678 5037 dicam
719 4962 803 5019 eis
843 4962 1182 5037 :“Discedite
1239 4962 1292 5018 a'
1337 4979 1451 5037 ωε,
1519 4963 1747 5037 operarii
1800 4965 2088 5037 iniquitatis

495 5033 710 5106 (Matth.
739 5049 834 5106 vn,
864 5032 982 5103 25).
1021 5032 1289 5106 Legebam
1333 5052 1347 5087 :
1393 5032 1570 5106 Beata:
1601 5033 1822 5098 steriles,
1853 5032 1902 5088 ei
1931 5036 2088 5092 ubera

529 5121 609 5178 ua:
629 5119 736 5162 non
764 5105 1082 5160 iactaverunt
1109 5103 1260 5178 (Luc.
1288 5121 1439 5170 χχιιι,
1471 5105 1563 5174 29)
1589 5122 1602 5169 ;
1636 5113 1690 5157 et
1732 5108 2040 5178 econtrario
2071 5126 2084 5160 :

529 5123 609 5160 ua:
629 5123 736 5162 non
764 5123 1082 5160 taetaverunt
1109 5123 1260 5178 (huc.
1288 5123 1439 5170 xxm,
1471 5123 1563 5174 zu)
1589 5123 1602 5169 ;
1636 5123 1690 5157 et
1732 5123 2040 5162 econtrarto
2071 5126 2078 5160 :

491 5123 626 5248 igua:
665 5185 863 5248 parata:
906 5184 1092 5240 erant,
1124 5177 1462 5248 intraverunt
1504 5192 1618 5229 cum
1659 5191 1719 5230 eo
1748 5176 1816 5232 ad
1851 5179 2078 5248 nuptias.

492 5245 686 5317 Ijostea
710 5254 956 5317 venerunt
983 5255 1032 5300 et
1059 5245 1269 5317 reliquae
1289 5247 1532 5317 virgines,
1551 5249 1774 5304 dicentes
1796 5265 1814 5302 :
1837 5245 2082 5317 Domine,

491 5316 736 5385 Domine,
766 5316 913 5388 aperi
939 5317 1088 5372 nobis
1110 5314 1334 5388 (Matth.
1360 5314 1489 5382 xxv,
1536 5318 1747 5388 lO—lzt).
1775 5318 1979 5386 Quibus
2005 5314 2088 5375 re-

490 5402 754 5446 sponsum
801 5385 982 5444 fuerat
1034 5405 1047 5440 :
1100 5385 1224 5442 Non
1274 5389 1393 5442 noui
1421 5405 1526 5442 vos.
1572 5385 1866 5444 Audiebam
1905 5406 2083 5446 sane:

579 5459 598 5513 i
649 5459 927 5515 crediderit
953 5468 1018 5530 et
1067 5458 1360 5530 baptizatus
1413 5460 1586 5530 fuerit,
1631 5462 1804 5516 saluus
1831 5463 1967 5527 erit;
1997 5463 2086 5530 qui

493 5479 598 5524 ιιιιι
649 5479 927 5515 στεαιαθηι
968 5479 1018 5513 ει
1067 5479 1360 5530 baptizatus
1413 5479 1586 5529 luerit,
1631 5479 1804 5516 salvus
1831 5479 1967 5527 erit;
2067 5479 2080 5515 1

493 5538 667 5585 autem
706 5546 811 5586 non
841 5529 1134 5611 crediderit,
1171 5529 1596 5584 condemnabitur
1619 5531 1933 5656 (Maraxw,
1967 5479 2080 5601 ibi.

493 5597 764 5656 Legebam
814 5600 1060 5656 Apostolt
1101 5616 1238 5656 voce
1270 5600 1450 5656 (Rom.
1474 5617 1550 5656 ιιι.
1582 5602 1606 5656 1
1660 5607 1695 5656 l.
1733 5604 1952 5656 oleastri
1996 5619 2080 5656 ra-

491 5597 764 5674 Legebam
814 5600 1060 5674 Apostoli
1098 5616 1238 5674 voce
1270 5600 1450 5674 (Rom.
1466 5617 1550 5674 ιιι,
1582 5597 1695 5674 l7),
1733 5604 1952 5660 oleastri
1996 5597 2084 5658 ra-

491 5683 644 5726 mum
694 5671 848 5725 bonre
898 5673 1052 5726 olivae
1096 5670 1354 5728 insertum
1402 5670 1730 5737 luisse:Sed
1763 5692 1793 5730 a
1823 5675 2088 5732 societate

491 5740 692 5796 radicis
736 5740 1078 5810 pinguedinis
1129 5742 1389 5811 ejusdem,
1421 5745 1464 5799 si
1513 5761 1621 5800 non
1672 5749 1958 5811 timuisset,
1991 5744 2088 5798 sed

497 5811 606 5870 alta
622 5817 864 5884 saperet,
883 5812 1259 5871 excidendum.
1275 5811 1523 5872 Sciebam
1534 5817 1962 5876 misericordiam
1982 5813 2084 5870 Do-

2197 3415 2397 3468 dixisse
2420 3415 2559 3484 pedi,
2587 3414 2908 3484 Speculare;
2941 3422 2996 3470 et
3016 3416 3216 3480 manui,
3237 3414 3450 3469 Fatere.
3476 3415 3660 3469 Habet
3687 3413 3785 3468 Bri-

2195 3485 2382 3539 tannia
2413 3493 2651 3540 rectores
2672 3528 2688 3554 ,
2719 3485 2883 3540 habet
2909 3487 3297 3554 speculatores.
3330 3484 3471 3551 Quid
3502 3495 3561 3540 tu
3583 3499 3784 3555 uugan—

2195 3555 2266 3609 do
2322 3556 2518 3610 mutire
2565 3555 2845 3626 disponis?
2871 3555 3066 3624 Habet,
3098 3557 3334 3626 inquam,
3361 3556 3528 3612 habet
3579 3557 3628 3610 si
3685 3569 3783 3612 non

2197 3625 2357 3692 ultra,
2391 3641 2500 3680 non
2546 3625 2681 3680 citra
2726 3642 3028 3681 numerum.
3061 3625 3183 3682 Sed,
3209 3628 3334 3696 quia
3363 3627 3608 3681 inclinati
3645 3633 3783 3680 tanto

2195 3697 2438 3819 pondere
2462 3705 2589 3752 sunt
2617 3698 2808 3766 pressi,
2843 3697 3044 3753 idcirco
3070 3697 3302 3767 spatium
3343 3697 3658 3766 respirandi
3689 3709 3789 3751 non

2239 3767 2419 3819 abent.
2445 3767 2904 3819 Prmoccunahant
2926 3769 3088 3819 initur
3107 3784 3166 3819 se
3186 3777 3373 3819 mutuo
3395 3768 3593 3819 talibus
3607 3767 3789 3819 obiee-

2239 3767 2419 3822 abent.
2445 3767 2904 3837 Prmoccupabant
2926 3769 3088 3834 igitur
3107 3784 3166 3824 se
3186 3777 3373 3823 mutuo
3395 3768 3593 3822 talibus
3607 3767 3791 3836 objec-

2197 3836 2456 3906 tionibus,
2488 3839 2575 3893 vel
2599 3836 2766 3892 multo
2791 3839 2875 3892 his
2903 3839 3352 3905 mordacioribns,
3382 3838 3550 3892 veluti
3580 3838 3784 3893 conde-

2197 3906 2402 3978 bitores
2426 3924 2617 3963 sensus
2645 3911 2773 3963 mei.
2801 3907 2866 3961 lli
2907 3924 3015 3963 non
3055 3924 3248 3978 parvo,
3279 3918 3340 3963 ut
3384 3909 3513 3972 dixi,
3545 3919 3792 3978 tempore

2197 3974 2350 4052 [cum
2373 3979 2593 4052 legerim
2624 3988 2822 4050 tempus
2847 3995 2958 4035 esse
2983 3974 3185 4052 tacendi
3216 3974 3266 4033 et
3309 3980 3551 4052 loquendi
3586 3974 3788 4052 (Ehrle.

2198 4047 2278 4114 in,
2313 4047 2410 4174 7),]
2442 4057 2497 4103 et
2531 4051 2584 4104 in
2616 4047 2851 4116 quadam
2891 4066 2956 4104 ac
2984 4051 3030 4105 si
3082 4057 3309 4120 angusta
3337 4047 3548 4105 timoris
3577 4047 3788 4122 porticu

2198 4119 2340 4174 lucta
2382 4131 2557 4174 antur.
2631 4119 2874 4174 Obtinuit
2940 4121 3176 4174 vicitque
3231 4121 3450 4174 tandem
3498 4117 3788 4174 aliquando

2197 4117 2557 4191 luctabantur.
2631 4119 2874 4175 Obtinuit
2940 4117 3450 4191 vicitquertandem
3498 4117 3792 4189 aliquando

2198 4190 2438 4246 creditor
2469 4208 2482 4244 :
2513 4190 2698 4246 Sinon
2729 4207 2807 4255 es,
2840 4190 3109 4260 inquiens,
3143 4190 3268 4245 talis
3293 4190 3538 4246 audacia:
3561 4202 3623 4246 ut
3655 4192 3794 4244 inter

2197 4261 2463 4316 veridicas
2511 4261 2791 4316 rationalis
2837 4262 3086 4316 secundae
3119 4278 3149 4315 a
3179 4262 3382 4317 nuntiis
3435 4261 3794 4316 derivationis

2195 4340 2497 4398 creaturas,
2531 4338 2590 4384 ut
2646 4346 2755 4385 non
2803 4332 3158 4400 pertimescas
3186 4332 3454 4387 libertatis
3481 4349 3669 4387 aurea:
3703 4329 3798 4384 de.

2197 4401 2341 4455 centi
2373 4409 2502 4472 nota
2526 4400 2698 4465 inuri;
2724 4401 2976 4472 allectum
3017 4403 3207 4458 saltem
3241 4403 3598 4472 intelligibilis
3628 4402 3795 4457 asinte

2197 4479 2423 4542 eatenus
2451 4471 2680 4542 elinguis
2700 4488 2810 4528 non
2841 4471 3072 4540 refugito
3095 4473 3299 4542 Spiritu
3329 4471 3432 4527 Dei
3449 4471 3675 4534 albano,
3701 4488 3795 4526 uo-

2195 4540 2355 4614 lentis
2383 4557 2442 4614 se
2466 4541 2770 4614 vehiculum
2821 4541 2938 4598 fore
2968 4540 3151 4598 tiarati
3179 4544 3318 4612 magi
3348 4545 3598 4600 devoturi
3629 4558 3798 4614 popu«

2196 4611 2306 4664 lum
2328 4613 2445 4675 Dei,
2479 4627 2600 4683 quae
2648 4613 2702 4667 in
2744 4623 2970 4682 angusto
2993 4615 3242 4669 maceriae
3269 4611 3556 4671 vinearum
3588 4611 3801 4683 resolu-

2115 4715 2167 4776 ι)
2194 4690 2328 4776 391“.
2337 4683 2461 4776 eis
2483 4681 2725 4776 satis:
2737 4684 3542 4776 999993;abidissfj'sdzse
3559 4681 3793 4776 11.0.5191:

2194 4763 2280 4806 ter
2305 4755 2554 4825 senserit,
2569 4754 2763 4825 cuique
2792 4755 3040 4822 angelum
3060 4754 3340 4810 cmlestem
3357 4770 3542 4809 ensem
3559 4767 3800 4825 vacuum

2198 4823 2394 4905 vagina
2405 4895 2413 4903 .
2436 4823 2752 4905 habentem,
2777 4835 2939 4894 atque
2970 4827 3301 4905 contrarium
3336 4827 3516 4905 (quem
3552 4824 3646 4905 ille
3675 4838 3802 4878 cru-

2195 4893 2263 4964 da
2292 4895 2588 4949 stoliditate
2609 4893 2975 4950 cmeatusinon
2997 4896 3226 4964 viderat)
3251 4893 3416 4962 digito
3439 4895 3804 4962 quodammo-

2197 4963 2292 5036 do,
2324 4980 2633 5036 quanquam
2657 4967 2868 5036 ingrato
2895 4981 2961 5022 ac
2987 4963 3372 5036 furibundo,_et
3419 4965 3646 5019 innoxia
3679 4963 3802 5036 ejus

2197 5034 2366 5106 latera
2394 5033 2583 5090 contra
2626 5033 2948 5106 iustasque
3002 5036 3251 5106 euidenti,
3282 5034 3710 5090 demonstravit.
3745 5033 3805 5106 In

2196 5105 2314 5160 zelo
2344 5105 2524 5173 igitur,
2557 5104 2664 5163 etc.
2693 5127 2711 5158 ι
2742 5136 2815 5146 -
2863 5105 3018 5162 Haud
3047 5105 3296 5174 equidem
3319 5107 3705 5172 existimarim,
3737 5104 3812 5159 ab

2194 5176 2301 5246 alia
2329 5191 2490 5244 quam
2519 5179 2588 5232 ab
2616 5179 2784 5246 ipsius
2811 5177 2981 5232 Gildze
3010 5191 3171 5230 manu
3221 5177 3426 5244 scripta
3479 5177 3646 5232 fuisse
3679 5190 3810 5246 quae

2191 5245 2470 5318 hucusque
2518 5245 2685 5302 relata
2711 5256 2854 5302 sunt.
2881 5246 3278 5302 Retractaverit
3304 5248 3559 5302 nimirum
3600 5245 3812 5301 auctor

2191 5321 2507 5388 opusculum
2535 5335 2713 5382 suum,
2738 5325 2798 5372 ut
2825 5318 3066 5373 accidere
3085 5318 3239 5383 solet,
3277 5327 3334 5372 et
3360 5333 3482 5388 qua:
3504 5332 3647 5372 nunc
3682 5333 3751 5371 su

2228 5389 2366 5444 osita
2391 5390 2504 5444 sive
2530 5389 2854 5458 interpolata
2883 5394 3136 5457 putantur
3163 5389 3455 5458 adjecerit;
3480 5404 3545 5442 ac
3568 5388 3817 5457 proinde

2228 5404 2366 5444 osita
2391 5404 2504 5444 snve
2530 5404 2854 5458 interponam
2883 5404 3136 5457 putantur
3163 5404 3455 5457 adiecerit;
3480 5404 3545 5442 ac
3568 5404 3810 5457 promue

2187 5404 2496 5527 iiujusmodi
2525 5459 2771 5514 codicem
2793 5467 3008 5513 auctum
3033 5467 3087 5513 et
3107 5475 3137 5512 a
3161 5457 3590 5527 Cantabrigiensi
3613 5459 3810 5511 diver-

2189 5526 2307 5610 sum
2337 5531 2482 5610 nacti
2503 5529 2826 5610 Polydorus,
2853 5528 3108 5610 Virgilius
3135 5537 3190 5610 et
3215 5526 3536 5610 losselinus,
3559 5529 3813 5610 genuina

2191 5599 2310 5655 hinc
2337 5593 2699 5656 additamenta
2724 5593 2866 5653 bona
2895 5593 3002 5651 ﬁde
3028 5598 3350 5666 evulgarint.
3379 5601 3382 5604 ’

2266 5667 2785 5794 Ξάυξξίῇῗθογωοψ
2831 5669 3062 5730 verbum
3113 5667 3344 5736 ἢιὶιωιι,
3396 5669 3666 5738 muli,
3705 5673 3822 5723 alt

2197 5750 2328 5808 quia
2361 5750 2568 5798 simile.
2977 5807 2979 5809 _
