3988 6346
469 301 579 361 355

1364 304 1591 364 GlLD/E
1630 300 1978 362 SAPIENTIS
2020 300 2105 357 DE
2144 299 2415 358 EXCIDIO
2455 298 2847 358 BRITANNUE

3630 310 3743 369 356

471 426 674 484 mente,
702 431 770 471 ex
797 428 904 485 quo
934 414 1229 473 inhabitata
1263 412 1364 485 est,
1417 438 1560 479 nunc
1590 423 1733 491 Dee,
1783 419 2050 476 interdum
2080 426 2127 481 Α
2156 418 2298 473 bella
2323 416 2340 487 )
2383 417 2612 487 potioris
2639 414 2795 471 fama:
2823 414 3026 471 vicibus
3054 415 3388 486 ﬁrmassent,
3434 434 3547 476 non
3594 423 3744 481 acies

470 510 697 575 civibus,
731 522 1115 577 nonnunquam
1143 508 1305 564 etiam
1341 511 1708 567 transmarinis
1735 511 1968 579 regibus,
1999 516 2056 564 et

470 598 729 670 subjectis
774 598 1046 655 interdum
1079 609 1103 637 α
1136 600 1345 668 ingrata
1384 604 1677 673 consurgit.
1725 603 1864 670 Quid
1911 604 2053 658 enim

469 690 793 756 deformius,
825 690 1063 761 quidque
1092 692 1325 761 iniquius
1353 702 1535 763 potest
1561 696 1809 751 humanis
1837 696 2055 750 ausibus

469 786 554 841 vel
576 800 696 843 esse
719 786 808 842 vel
835 786 1122 842 intromitti
1145 788 1441 856 negotium,
1461 803 1620 859 quam
1642 787 1754 842 Deo
1780 788 2050 849 timorem,

470 879 626 935 bonis
649 879 856 935 civibus
879 879 1196 935 charitatem
1212 923 1227 949 ,
1257 880 1311 934 in
1340 880 1533 951 altiore
1554 880 1813 948 dignitate
1840 894 2056 949 compo-

470 971 587 1028 sitis
613 969 641 1009 ιι
672 971 875 1041 absque
897 970 1022 1027 ﬁdei
1050 970 1373 1027 detrimento
1401 971 1641 1027 debitum
1666 972 1935 1042 denegare
1963 970 2056 1027 bo-

470 1076 681 1129 norem,
712 1070 767 1118 et
799 1062 1049 1131 frangere
1075 1062 1257 1119 divino
1284 1062 1463 1119 sensui
1493 1064 1841 1133 humanoque
1868 1062 2049 1129 ﬁdem,

471 1162 526 1209 et
556 1152 768 1222 abjecto
796 1154 918 1210 cteli
947 1163 1006 1209 et
1032 1163 1191 1211 terrae
1218 1163 1394 1224 metu,
1443 1157 1678 1227 propriis
1706 1156 2050 1212 adinventio-

470 1243 628 1299 nibus
653 1244 891 1315 aliquem
912 1260 983 1301 ex
1008 1245 1317 1303 libidinibus
1351 1259 1372 1287 ο
1400 1250 1553 1317 regi?
1572 1249 1740 1319 Igitur
1761 1266 1868 1305 non
1896 1251 2057 1306 omit-

472 1343 594 1390 tens
617 1335 825 1405 priscos
852 1335 975 1392 illos
1002 1352 1423 1408 communesque
1452 1355 1575 1394 cum
1605 1340 1854 1396 omnibus
1881 1340 2057 1411 genti-

469 1423 570 1482 bus
607 1442 840 1496 errores,
873 1429 1066 1499 quibus
1105 1438 1230 1486 ante
1259 1430 1547 1486 adventum
1575 1431 1774 1487 Christi
1808 1432 1862 1487 in
1890 1447 2056 1488 carne

470 1541 635 1582 omne
669 1529 963 1583 humanum
1001 1544 1172 1600 genus
1214 1528 1553 1599 obligabatur
1594 1529 1902 1595 astrictum,
1953 1543 2056 1585 nec

471 1632 795 1675 enumerans
819 1620 1007 1691 patriae
1034 1628 1287 1692 portenta
1314 1621 1431 1692 ipsa
1459 1620 1743 1686 diabolica,
1769 1637 1909 1692 pene
1950 1638 2055 1677 nu-

470 1727 625 1767 mero
652 1712 923 1769 vincentia
953 1712 1275 1786 Egyptiaca
1306 1714 1332 1751 ά
1367 1715 1627 1785 (quorum
1654 1713 1936 1778 nonnulla,
1981 1712 2054 1767 li-

2155 512 2382 568 ﬂammze
2410 511 2808 582 quodammodo
2836 511 2991 580 rigidi
3021 513 3222 568 tenoris
3244 514 3262 545 ί
3293 514 3360 568 ad
3388 512 3741 574 Occidentem

2157 607 2386 662 cteruleo
2406 603 2606 662 Gceani
2634 613 2871 663 torrente
2897 606 2982 661 vel
3003 607 3244 661 cohiberi
3267 609 3441 677 potuit
3468 611 3513 675 t,
3543 611 3625 666 vel
3646 628 3746 667 ex-

2155 698 2353 766 stingui
2380 714 2393 751 :
2422 697 2519 753 sed
2539 697 2893 753 transfretans
2935 698 3120 753 insulae
3147 699 3367 769 parendi
3398 700 3546 771 leges
3591 702 3744 760 nullo

2157 788 2452 843 obsistente
2472 787 2710 853 advexit,
2742 786 3119 857 imbellemque
3139 789 3396 859 populum
3420 791 3517 846 sed
3544 791 3741 849 inlide-

2156 881 2295 946 lem,
2328 896 2437 936 non
2465 887 2575 935 tam
2602 880 2746 936 ferro
2774 887 2831 935 et
2859 879 2967 948 igni
2997 877 3023 915 ιι
3052 880 3455 949 machinisque,
3504 890 3567 937 ut
3613 883 3749 942 alias

2156 980 2364 1042 gentes,
2403 986 2565 1041 quam
2606 970 2736 1027 solis
2770 970 2929 1027 minis
2964 970 3050 1026 vel
3070 967 3399 1039 judiciorum
3424 972 3746 1026 concussio-

2157 1063 2343 1127 nibus,
2374 1062 2429 1118 in
2457 1058 2744 1133 superﬁcie
2770 1069 2953 1116 tamen
2980 1060 3190 1128 vultus,
3240 1074 3428 1133 presso
3470 1060 3527 1117 in
3574 1059 3747 1116 altum

2157 1152 2336 1208 cordis
2373 1152 2563 1210 dolore
2587 1194 2605 1221 ,
2653 1151 2736 1209 sui
2764 1150 3127 1207 obedientiam
3154 1148 3518 1221 proferentem
3547 1150 3751 1211 edictis

2158 1243 2481 1314 subiugavit.

2227 1378 2357 1434 Car.
2388 1394 2463 1433 rv.
2493 1376 2573 1431 De
2599 1376 2893 1433 rebellione.
2925 1408 2997 1419 —
3040 1376 3247 1445 Quibus
3277 1376 3459 1433 statim
3486 1374 3746 1442 Romam,

2158 1467 2228 1525 ob
2257 1468 2493 1538 inopiam
2515 1468 2754 1537 cespitis,
2781 1476 2841 1522 ut
2865 1468 3017 1524 aiunt
3037 1465 3081 1534 ι,
3114 1466 3495 1537 repedantibus
3533 1475 3592 1522 et
3617 1465 3751 1525 nihil

2158 1558 2227 1615 de
2249 1559 2545 1615 rebellione
2570 1559 2987 1630 suspicantibus,
3032 1568 3271 1615 rectores
3299 1559 3400 1614 sibi
3431 1558 3663 1613 relictos
3688 1556 3750 1613 ad

2158 1651 2483 1707 enuntianda
2496 1652 2704 1723 plenius
2719 1651 2802 1707 vel
2814 1667 2916 1708 con
2924 1652 3180 1707 lirmanda
3194 1651 3419 1707 Romani
3432 1650 3590 1719 regni
3604 1648 3750 1705 moli-

2159 1743 2303 1797 mina
2328 1742 2497 1797 leaana
2524 1741 2813 1797 trucidavit
2832 1742 3038 1797 dolosa.
3057 1741 3259 1807 Quibus
3283 1740 3358 1795 ita
3378 1740 3547 1809 gestis
3562 1748 3606 1777 ω
3630 1754 3751 1795 cum

472 1805 976 1904 neaqenﬁsfdhuc
1005 1806 1335 1904 defoﬁmib‘is
1370 1807 1512 1862 intra
1541 1806 1628 1904 Ῡθι
1657 1814 1809 1904 θῖίξῗθ
1839 1805 2135 1904 dfatim“?
2163 1834 2288 1890 talia
2300 1834 2510 1891 senatui
2523 1834 2917 1901 nuntiarentur,
2930 1841 2985 1888 et
2999 1805 3751 1904 properoexercituvulpecu-

470 1895 671 1951 moenia
713 1896 875 1952 solito
921 1912 1074 1952 more
1118 1898 1379 1968 rigentia,
1416 1898 1588 1952 torvis
1609 1897 1846 1953 vultibus
1876 1895 2074 1950 intue-'

470 1984 650 2055 mur),
697 2001 873 2056 neque
912 1989 1235 2042 nominatim
1277 1988 1617 2043 inclamitans
1657 1993 1873 2042 montes
1912 1985 2058 2054 ipsos

468 2088 564 2134 aut
583 2080 751 2135 colles
775 2080 862 2134 vel
884 2079 1075 2134 ﬁuvios
1103 2080 1232 2135 olim
1255 2080 1523 2145 exitiales,
1548 2094 1691 2135 nunc
1714 2094 1847 2133 vero
1875 2077 2059 2132 huma-

468 2172 554 2226 nis
583 2171 766 2226 usibus
792 2172 983 2237 utiles,
1026 2172 1223 2240 quibus
1252 2172 1464 2226 divinus
1488 2171 1667 2226 honor
1696 2186 1726 2224 a
1754 2185 1898 2224 caeco
1928 2177 2059 2225 tunc

468 2264 673 2335 populo
692 2265 1106 2332 cumulabatur;
1157 2273 1213 2322 et
1251 2274 1437 2321 tacens
1462 2272 1705 2320 vetustos
1743 2264 2056 2318 immanium

467 2362 822 2426 tyrannorum
851 2370 1020 2411 annos
1060 2356 1153 2426 qui
1182 2356 1234 2411 in
1265 2356 1384 2410 aliis
1411 2356 1570 2425 longe
1596 2355 1791 2425 positis
1819 2353 2057 2423 regioni-

466 2444 570 2501 bus
606 2446 810 2515 vulgati
853 2454 979 2502 sunt
1029 2445 1145 2518 (ita
1194 2453 1252 2500 ut
1298 2444 1627 2518 Porphyrius
1653 2445 1873 2501 rabidus
1907 2444 2055 2499 canis

468 2537 749 2594 orientalis
796 2539 1055 2594 adversus
1094 2537 1394 2594 Ecclesiam
1427 2549 1450 2576 θ
1472 2579 1487 2604 ,
1540 2538 1825 2593 dementire
1851 2552 1963 2593 suae
1992 2552 2057 2593 ac

467 2631 722 2685 vanitatis
744 2630 883 2703 ston
903 2632 1009 2687 hoc
1039 2631 1203 2686 etiam
1232 2637 1548 2687 annecteret
1574 2649 1586 2683 :
1616 2629 1890 2686 Britannia
1910 2639 1987 2685 est
2007 2628 2054 2695 ί,

469 2721 744 2791 inquiens,
786 2722 973 2793 fertilis
1002 2723 1267 2794 provincia
1301 2721 1713 2794 tyrannorum),
1758 2723 1847 2776 illa
1871 2730 2055 2781 tamen

464 2813 709 2885 proferre
748 2816 989 2873 conabor
1017 2816 1087 2871 in-
1106 2816 1344 2872 medium
1372 2831 1490 2887 qua:
1515 2815 1848 2886 temporibus
1876 2815 2053 2886 impe-

465 2913 706 2963 ratorum
721 2907 1087 2965 Romanorum
1117 2917 1172 2965 et
1192 2924 1349 2981 passa
1379 2916 1482 2979 est,
1505 2916 1561 2965 et
1580 2910 1700 2964 aliis
1722 2908 1906 2964 intulit
1925 2908 2057 2975 civiv,

462 2992 565 3053 bus
594 2998 754 3068 longe
783 3001 973 3070 positis
1006 3011 1031 3045 κ
1061 3001 1200 3055 mala
1225 3019 1238 3068 ;
1289 3009 1549 3072 quantum
1592 3009 1772 3054 tamen
1801 3006 2057 3069 potuero,

463 3104 574 3145 non
589 3098 700 3145 tam
728 3106 796 3146 ex
823 3091 1101 3161 scripturis
1122 3092 1308 3162 patriae
1329 3090 1720 3162 scriptorumve
1741 3103 2037 3144 monumen

2160 1926 2227 1983 lis
2256 1928 2336 1998 (ut
2364 1926 2618 1997 ﬁngebat)
2650 1925 2887 1982 subdolis
2899 1934 2926 1961 ιι
2945 1924 3127 1980 ulcisci
3148 1924 3459 1979 festinaret:
3480 1937 3593 1978 non
3612 1922 3751 1976 mili-

2163 2017 2294 2073 taris
2324 2018 2377 2072 in
2402 2018 2540 2073 mari
2567 2016 2755 2072 classis
2783 2024 2970 2086 parata
2998 2015 3213 2070 fortiter
3239 2014 3495 2070 dimicare
3527 2029 3637 2085 pro
3662 2028 3751 2083 pa.

2159 2107 2282 2172 tria,
2314 2123 2489 2178 neque
2516 2106 2836 2176 quadratum
2880 2121 3106 2177 agmen,
3147 2119 3251 2161 nec
3275 2105 3526 2161 dextrum
3574 2119 3753 2160 cornu

2160 2200 2364 2255 aliusve
2390 2198 2519 2254 belli
2548 2207 2843 2269 apparatus
2881 2198 2936 2253 in
2976 2198 3160 2252 littore
3183 2206 3208 2233 ο
3234 2236 3249 2262 ,
3296 2196 3391 2251 sed
3445 2204 3597 2267 terga
3658 2210 3754 2266 pro

2159 2291 2325 2347 scutis
2349 2290 2656 2359 fugantibus
2684 2289 2953 2345 dabantur
2979 2299 3007 2338 ι)
3026 2330 3042 2357 ,
3075 2295 3132 2342 et
3157 2286 3296 2342 colla
3316 2284 3506 2356 gladiis
3537 2284 3754 2356 (gelido
3810 2365 3818 2372 _

2157 2400 2258 2457 per
2281 2398 2404 2440 ossa
2426 2390 2663 2437 tremore
2688 2379 2966 2449 currente)
2987 2391 3285 2447 manusque
3305 2374 3605 2431 vinciendae
3637 2390 3754 2430 mu-

2158 2477 2400 2532 liebriter
2428 2472 2824 2545 protenduntur
2854 2490 2866 2526 :
2899 2471 2974 2527 ita
3004 2478 3066 2524 ut
3092 2468 3147 2523 in
3174 2466 3520 2541 proverbium
3548 2473 3611 2521 et
3663 2464 3754 2521 de-

2156 2570 2326 2627 risum
2370 2569 2533 2637 longe
2564 2566 2777 2635 lateque
2812 2562 3069 2619 efferatur
3091 2604 3107 2630 ,
3157 2560 3303 2631 quod
3344 2574 3453 2615 non
3495 2557 3754 2615 Britanni

2158 2670 2286 2720 sunt
2308 2663 2331 2696 ³
2360 2661 2415 2716 in
2441 2659 2586 2716 bello
2616 2660 2804 2723 fortes,
2836 2671 2939 2713 nec
2958 2656 3013 2711 in
3041 2668 3176 2725 pace
3204 2652 3408 2709 ﬁdeles.

2228 2796 2359 2854 CAP.
2387 2813 2440 2854 v.
2472 2795 2552 2851 De
2569 2793 2796 2851 secunda
2816 2790 3130 2863 subjectione
3152 2797 3203 2844 et
3216 2790 3347 2844 duro
3374 2787 3669 2860 famulatu.
3689 2816 3757 2831 —

2159 2894 2346 2965 Itaque
2372 2890 2557 2948 multis
2598 2888 2830 2944 Romani
2861 2897 2889 2937 ιι
2918 2884 3243 2957 perﬁdorum
3272 2881 3441 2945 caesis,
3471 2879 3755 2935 nonnullis

2160 2986 2230 3042 ad
2253 2984 2571 3041 servitutem
2599 2983 2619 3054 (
2632 2997 2701 3037 ne
2727 2989 2871 3036 terra
2894 2978 3109 3049 penitus
3138 2977 3192 3031 in
3220 2974 3567 3032 solitudinem
3602 2970 3757 3027 redi-

2160 3074 2410 3149 geretur)
2441 3073 2833 3145 mancipalibus
2859 3068 3166 3134 reservatis,
3197 3066 3371 3138 patria
3397 3064 3509 3119 vini
3531 3064 3756 3132 oleique

463 3180 536 3236 tis
563 3183 799 3252 (quippe
824 3158 974 3250 quae,
1008 3182 1092 3237 vel
1119 3158 1165 3237 si
1191 3198 1295 3251 qua
1323 3158 1549 3247 fuerint,
1578 3190 1671 3235 aut
1697 3180 1910 3249 ignibus
1951 3179 2055 3234 ho-
2084 3193 2137 3253 D
2161 3179 2382 3242 experte
2415 3180 2463 3238 τ,
2494 3168 2703 3224 Italiam
2730 3172 2943 3236 petunt,
2968 3176 3292 3231 suorumque
3315 3158 3758 3253 quosdampr

278 3276 281 3279 ’
360 3317 367 3321 .
463 3270 630 3328 stium
674 3278 884 3338 exusta,
918 3282 1011 3326 aut
1037 3272 1232 3327 civium
1265 3272 1439 3327 exsilii
1468 3269 1499 3308 ιι
1527 3270 1697 3327 classe
1727 3270 1936 3340 longius
1958 3270 2056 3326 de-

464 3368 681 3431 portata
705 3402 721 3428 ,
763 3377 874 3417 non
915 3363 1303 3431 compareant)
1334 3348 1878 3431 quamtransmarina
1906 3362 2051 3418 rela-

466 3452 651 3521 tione;
681 3469 802 3523 quae
827 3454 1032 3509 crebris
1061 3453 1266 3524 irrupta
1294 3451 1802 3525 intercapedinibus,
1829 3467 1941 3509 non
1962 3466 2051 3509 sa-

468 3544 539 3601 tis
568 3545 756 3601 claret.

534 3634 665 3691 Cap.
696 3652 774 3691 Ill.
804 3633 885 3691 De
905 3636 1240 3707 subjectione.
1268 3669 1341 3681 —-
1361 3635 1571 3692 Etenim
1591 3649 1748 3705 reges
1770 3635 2000 3693 Romani
2026 3634 2045 3675 ί

464 3741 590 3783 cum
610 3728 757 3783 orbis
784 3728 1069 3798 imperium
1094 3728 1474 3798 obtinuissent,
1505 3727 1911 3801 subjugatisque
1936 3727 2054 3784 ﬁni-

465 3817 612 3874 timis
638 3819 937 3889 quibusque
964 3820 1272 3888 regionibus
1303 3820 1391 3876 vel
1415 3821 1605 3877 insulis
1626 3819 1900 3877 Orientem
1926 3836 2050 3877 ver-

460 3922 584 3974 sus,
626 3908 799 3978 prima
830 3908 1152 3965 Parthorum
1184 3925 1317 3980 pace
1356 3910 1718 3982 ludorumque
1754 3911 2049 3968 conﬁnium

460 3996 612 4068 (qua
650 4006 871 4069 peracta
886 4040 904 4069 ,
954 4000 1011 4056 in
1038 4000 1186 4058 omni
1230 4014 1372 4072 pene
1421 4008 1565 4059 terra
1612 4007 1729 4059 tum
1764 4013 2050 4060 cessavere

531 4233 561 4263 ι
589 4224 753 4282 Deest
780 4224 907 4281 edit.
932 4240 1041 4282 vox
1062 4223 1341 4280 interdum.

529 4293 559 4334 δ
582 4294 755 4367 Etim,
786 4297 991 4367 positis.

534 4374 560 4404 ο
582 4363 744 4430 Edit.,
778 4361 825 4420 et
855 4367 945 4421 lib.
978 4400 1050 4411 -
1078 4366 1202 4421 Haec
1235 4380 1366 4421 vero
1406 4364 1568 4423 lectio
1608 4364 1881 4420 editorum
1926 4361 2040 4418 for-

460 4443 608 4507 t_as_se
637 4435 792 4489 alteri
823 4452 923 4490 ms.
956 4438 1157 4493 codicis
1185 4437 1535 4507 praeferenda.
1565 4435 1691 4491 Mox
1713 4434 2042 4507 ubilegitur,

464 4504 637 4576 Igitur
665 4520 767 4576 non
796 4508 1066 4572 amittens,
1099 4504 1213 4562 sive
1242 4509 1295 4560 in
1325 4522 1425 4561 ms.
1458 4507 1572 4561 sive
1614 4508 1667 4560 in
1697 4506 1855 4561 editis
1875 4546 1891 4572 ,
1942 4505 2043 4576 de-

460 4573 619 4645 lenda
644 4573 855 4628 videtur
877 4576 1135 4643 particula
1160 4590 1362 4645 negans
1387 4591 1455 4629 ex
1482 4584 1757 4629 contextu.
1780 4576 1871 4630 Sic
1897 4575 2042 4629 enim

460 4643 731 4713 deinceps,
780 4661 872 4697 nec
912 4643 1306 4699 enumerans....
1340 4662 1432 4698 nec
1462 4647 1767 4698 nominatim
1800 4646 2043 4699 inclami-

2163 3266 2371 3337 positos
2404 3262 2800 3331 relinquentes,
2843 3258 3213 3327 indigenarum
3242 3253 3418 3308 dorsis
3445 3250 3754 3319 mastigias,

2157 3355 2455 3413 cervicibus
2494 3354 2680 3424 iugum
2706 3394 2722 3422 ,
2769 3350 2887 3407 solo
2927 3363 3123 3405 nomen
3168 3346 3430 3401 Romanae
3469 3341 3756 3398 servitutis

2154 3448 2361 3504 haerere
2406 3444 2646 3500 facturos
2669 3482 2685 3508 ,
2733 3456 2798 3497 ac
2833 3456 2942 3495 non
2973 3446 3082 3493 tam
3119 3436 3342 3493 militari
3370 3448 3537 3488 manu
3584 3446 3755 3503 quam

2153 3537 2381 3606 ﬂagellis
2406 3545 2428 3574 ³
2461 3534 2709 3591 callidam
2735 3539 2952 3602 gentem
2978 3535 3372 3592 maceraturos;
3406 3532 3461 3579 et
3482 3524 3530 3578 si
3559 3538 3664 3577 res
3681 3521 3758 3576 sic

2155 3627 2556 3701 postulavisset,
2578 3641 2761 3682 ensem
2792 3625 2873 3697 (ut
2895 3621 3111 3694 dicitur)
3129 3620 3322 3689 vagina
3336 3630 3569 3672 vacuum
3590 3612 3756 3669 lateri

2153 3719 2269 3790 ejus
2295 3717 2479 3791 populi
2504 3721 2523 3755 ί
2557 3714 3097 3779 accommodaturos;
3129 3715 3204 3766 ita
3228 3718 3288 3765 ut
3317 3724 3423 3763 non
3443 3706 3757 3775 Britannia,

2154 3812 2250 3869 sed
2276 3811 2519 3867 Romana
2541 3817 2571 3848 ιι
2601 3808 2775 3864 insula
2801 3815 3144 3873 censeretur,
3174 3811 3229 3859 et
3255 3797 3518 3871 quidquid
3544 3798 3758 3854 habere

2153 3905 2420 3977 potuisset
2444 3902 2587 3966 aenis,
2616 3898 2825 3969 argenti
2850 3897 2939 3955 vel
2965 3896 3118 3967 auri,
3158 3893 3393 3964 imagine
3416 3887 3631 3947 Caesari
3662 3882 3756 3959 (F.

2155 3995 2403 4071 Caesaris]
2437 4001 2740 4053 notaretur.

2153 4234 2400 4298 ρνρερενρ
2428 4218 2657 4274 exercitu
2683 4213 2977 4298 υυιρεοιείαδ
2994 4203 3631 4298 ,ΨθέρέαἏοΨΞξὲίίἕτ
3651 4204 3759 4276 λεν

2152 4282 2327 4362 gebat;
2350 4287 2615 4362 Caeterum
2639 4282 2808 4362 magis
2836 4285 3013 4362 placet
3040 4282 3203 4337 lectio
3230 4293 3330 4333 ms.
3361 4291 3673 4362 propero.”

2231 4343 2486 4430 °7Edit.,v
2504 4374 2664 4430 neque
2690 4343 2757 4410 (ιζ’
2772 4372 2819 4409 c.
2838 4343 3090 4430 aliive...
3115 4343 3477 4430 conseruntur.
3501 4343 3759 4430 πρίω.

2153 4428 2258 4484 PP.
2291 4417 2461 4485 Paris:
2487 4417 2653 4485 habet
2680 4426 3088 4494 conspiciuntur,
3115 4420 3212 4476 sed
3238 4417 3380 4473 male
3407 4417 3625 4471 omittit
3656 4430 3757 4469 nec

2152 4516 2265 4621 5w:
2281 4518 2689 4637 ἒῗίῖἔῗσεαιεο...
2723 4567 2932 4621 dantur.
2957 4564 3025 4619 Et
3032 4560 3204 4685 gaulo
3225 4565 3350 4640 post
3368 4570 3471 4625 pro
3490 4555 3758 4623 eﬂ'eratur

2152 4640 2351 4685 habent
2386 4641 2676 4685 pﬁ'metur-
2709 4669 2782 4679 -—
2819 4633 2956 4685 Bibl.
2989 4632 3029 4685 Ρ
3080 4672 3094 4685 .
3138 4629 3341 4685 Paris"
3373 4624 3597 4685 effertur
3622 4643 3643 4685 ,'
3699 4632 3758 4679 et

2146 4624 2351 4697 habent
2386 4624 2676 4709 eli'erretur.
2709 4669 2782 4679 -—
2819 4633 2967 4709 Bibl._
2989 4624 3094 4709 PP.
3138 4624 3341 4692 Paris.,
3372 4624 3643 4709 eﬁ'erta‘r;
3699 4632 3758 4679 et

464 4695 747 4768 {ait}:
771 4695 2041 4784 mea;5m.magna}.ambigas,
2073 4714 2125 4773 D
2150 4695 2310 4784 paulo
2338 4695 2468 4784 anie
2481 4709 2572 4784 ιτα
2603 4725 2699 4779 pro
2728 4710 2803 4761 si.
2842 4715 2918 4784 ut.
2949 4695 3755 4784 Lectionemlveroueditorqm

461 4764 1845 4853 arietinissatis;gustare‘i-esziitssaunias;
1869 4764 2046 4854 igni;
2073 4764 2116 4773 ⁷
2149 4764 2648 4854 bantur-meliorem
2677 4792 2796 4832 esse
2840 4776 3013 4854 altera
3048 4787 3151 4827 ms.
3195 4766 3458 4822 dabantur
3483 4805 3499 4832 ,
3543 4764 3761 4819 suadet

463 4854 728 4909 amittens.

536 4921 564 5008 ξι
787 4923 1107 5008 Egyptiaca
1124 4926 1411 5008 .vineentia.

536 4943 564 4961 “
591 4943 760 5006 ιαμ..
787 4943 1107 5049 mzypuaca
1137 4943 1411 5008 υιησεζιιια.
1818 4992 1829 5006 ,

511 5003 559 5078 οε
588 4993 770 5064 Edtt.,
801 5014 861 5051 ra
899 4996 1015 5051 idus
1057 4995 1327 5053 orientalis
1355 4995 1598 5051 adversus
1626 4992 1920 5051 Ecclesium
1959 5006 2047 5048 ca-

536 5132 560 5174 ί
588 5134 732 5192 Editi
760 5139 1016 5193 omittunt
1033 5147 1130 5192 est.

534 5215 562 5278 ᾗ
593 5205 762 5278 Edit.,
792 5217 841 5262 et
864 5209 1009 5278 long.
1035 5223 1147 5278 pos.

530 5273 564 5349 ξ
590 5273 764 5349 Εάὶιθ
792 5273 1044 5349 exsultim,
1077 5276 1221 5346 quod
1251 5275 1421 5348 magis
1444 5276 1641 5349 placet.

539 5343 561 5387 ι
588 5343 758 5417 Edit.,
789 5343 1161 5402 Romanorum.

534 5417 551 5489 ᾗ
589 5416 757 5489 Edit.,
781 5419 1003 5473 cohiberi
1029 5419 1105 5471 vel
1124 5420 1309 5489 potuit.

457 5554 487 5611 Ι
531 5484 560 5524 ¹ι
588 5484 749 5610 Dleest
776 5489 1084 5558 conjunctio
1112 5484 1241 5545 edit.
1264 5528 1281 5555 ,
1328 5495 1381 5544 et
1409 5492 1592 5546 statim
1618 5489 1867 5545 machinis
1897 5500 2038 5559 prm-

480 5571 613 5611 erun
646 5596 657 5607 .

480 5565 657 5613 erunt.

537 5624 554 5664 ι
592 5625 661 5697 Ut
681 5627 921 5697 agebant,
950 5628 1199 5685 cosselin.
1230 5646 1243 5681 :
1267 5629 1431 5688 male.
1455 5662 1527 5673 —
1553 5630 1690 5688 Bibl.
1716 5627 2032 5696 PP.Paris.,

456 5704 517 5753 ut
536 5695 765 5751 aiebant.

520 5777 560 5805 ιη
590 5764 691 5838 Hic
719 5767 905 5837 incipit
932 5785 1054 5838 cap.
1080 5769 1111 5823 4
1138 5771 1193 5825 in
1218 5786 1319 5824 ms.
1349 5770 1604 5830 Cantabr.

530 5848 557 5875 η
589 5835 701 5907 AL,
732 5835 1085 5908 vulpeculas...
1114 5840 1453 5897 διφάσιαι-
1476 5845 1610 5903 Bibl.
1640 5845 1740 5901 PP.
1770 5845 1962 5913 Paris.,
1986 5850 2042 5898 ut

2150 4864 2385 4919 sequens
2411 4852 2632 4903 verbum
2657 4844 3055 4916 protenduntur.

2223 4931 2251 4968 (ι
2279 4918 2445 4968 Ειιίι.-
2473 4917 2694 4968 Romani
2716 4916 2912 4968 multis.

2223 4917 2251 4970 ᾇ
2278 4918 2445 4985 Edit.,
2473 4917 2694 4972 Romani
2716 4917 2912 4970 multis.
3674 4977 3689 4989 .

2225 5000 2247 5027 ι·
2278 4988 2446 5051 Edit.,
2472 4996 2677 5058 experte
2702 4987 2902 5042 relicta.
2933 4980 3004 5037 Et
3040 4996 3169 5038 mox
3188 5019 3205 5048 ,
3248 4992 3540 5035 suorum...
3570 4978 3758 5032 retine

2151 5069 2754 5199 θαῖηίῗιῖίῖζῗὲξῖξῗᾷ-
2771 5124 2909 5199 Bibl.
2932 5120 3036 5199 PP.
3069 5120 3238 5199 Paris.

2151 5202 2361 5257 nomine
2392 5186 2644 5254 Romana.-
2666 5196 2923 5253 servitutis
2948 5194 3193 5270 honorem
3214 5186 3472 5270 facturos;
3496 5186 3564 5270 Et
3588 5203 3761 5270 mox,

2150 5256 2400 5343 callidam
2438 5280 2637 5343 gentem
2678 5275 3087 5343 mercatgros....
3116 5265 3191 5318 ita
3204 5256 3398 5343 utnon
3426 5256 3754 5321 Britannia,

2148 5342 2241 5397 sed
2272 5331 2507 5396 Romana
2535 5347 2847 5393 censeretur.
2871 5334 3111 5391 Pessime
3133 5331 3337 5391 omnia.

2224 5411 2245 5449 ί
2273 5410 2437 5466 Deest
2457 5411 2584 5464 edit.
2619 5425 2725 5463 vox
2754 5405 2948 5479 populi.

2220 5490 2248 5519 ιι
2276 5480 2449 5550 Edit.,
2480 5480 2758 5534 Romania.

2220 5624 2236 5655 ¹
2266 5621 2324 5676 In
2355 5621 2489 5676 Bibl.
2520 5619 2626 5674 PP.
2654 5617 2826 5673 Paris.
2846 5616 2895 5671 -l.
2926 5629 2978 5671 c.
3007 5626 3131 5687 pag.
3153 5612 3261 5670 565
3286 5609 3516 5683 margini
3543 5607 3759 5666 addita

2145 5693 2308 5750 lectio
2335 5693 2544 5747 terroris
2571 5689 2922 5760 conspicitur.

2219 5767 2239 5797 ¹
2270 5763 2404 5817 Bibl.
2440 5761 2544 5815 PP.
2580 5756 2745 5817 Paris.
2778 5758 3026 5815 absolute
3068 5772 3081 5811 :
3131 5756 3373 5812 Britanni
3415 5768 3520 5810 non
3551 5759 3705 5807 sum
3737 5764 3758 5807 :

2150 5836 2379 5892 fortasse
2402 5832 2620 5889 rectius.

3264 5117 3427 5192 paulo
3448 5124 3610 5192 an_te,
3630 5117 3759 5172 solo

3968 4200 3973 4307 1
