3970 6458
258 403 371 460 037

1259 404 1465 462 LIBER
1504 404 1900 475 QUERULUS.
1943 408 2120 468 PARS
2159 411 2198 468 I.
2243 411 2578 469 HISTORIA.

2183 342 2229 362 νυ

3445 415 3550 471 558

331 511 478 570 Cap.
512 529 572 571 νι
593 523 642 571 ⁸.
693 514 772 572 De
796 515 1058 590 religione.
1086 549 1156 558 —
1183 515 1393 572 Interea
1418 517 1629 586 glaciali
1657 517 1856 589 frigore
1883 523 1936 584 Α
1961 519 2257 591 Legionum
2281 525 2430 579 urbis
2457 524 2604 580 cives
2622 561 2637 588 ,
2682 531 2737 580 et
2761 533 2984 584 caeteros
3013 523 3038 564 ι
3084 526 3359 598 utriusque
3389 542 3551 584 sexus

257 606 472 673 rigenti
505 607 723 676 insulas,
771 615 826 664 et
854 610 1021 664 veluti
1060 609 1304 676 longiore
1341 618 1608 665 terrarum
1650 626 1866 667 secessu

257 697 367 755 soli
400 698 614 754 visibili
655 716 763 756 non
801 702 1083 771 proximae,
1114 718 1271 757 verus
1299 702 1389 757 ille
1414 703 1516 771 sol,
1543 719 1648 757 non
1680 703 1747 758 de
1772 703 1865 758 fir-

187 828 189 830 η
257 798 559 844 mamento
586 789 870 860 temporali
895 790 947 860 δ,
977 790 1071 846 sed
1097 790 1164 846 de
1191 806 1398 846 summa
1421 791 1583 846 etiam
1605 793 1866 849 caelorum

257 892 396 933 arce
440 886 698 950 tempora
727 892 918 936 cuncta
947 883 1272 949 excedente,
1304 883 1554 939 universo
1582 885 1699 940 orbi
1724 901 1862 956 prae-

254 970 538 1040 fulgidum
563 974 579 1003 ¹
610 972 694 1027 sui
719 988 1004 1028 coruscum
1033 975 1353 1041 ostendens;
1386 983 1630 1046 tempore
1659 977 1738 1048 (ut
1761 976 1866 1032 sci-

253 1063 405 1133 mus)
437 1079 660 1120 sutnmo
687 1065 888 1121 Tiberii
917 1066 1142 1123 Caesaris
1174 1069 1302 1138 (quo
1328 1070 1530 1141 absque
1553 1071 1663 1126 ullo
1693 1071 1865 1142 impe-

254 1152 518 1210 dimento
552 1156 667 1226 ejus
694 1160 1094 1229 propagabatur
1129 1159 1352 1230 religio,
1382 1161 1729 1231 comminata,
1774 1177 1861 1219 se-

253 1254 393 1300 natu
422 1247 685 1314 nolente,
731 1263 764 1303 a
791 1250 1032 1321 principe
1074 1259 1248 1307 morte
1276 1252 1607 1310 delatoribus
1633 1254 1863 1310 militum

254 1337 516 1408 ejusdem
545 1341 564 1411 )
593 1340 773 1398 radios
801 1357 929 1400 suos
969 1344 1198 1416 primum
1231 1345 1507 1417 indulget,
1554 1347 1610 1402 id
1649 1354 1732 1404 est
1767 1362 1863 1405 sua

253 1442 554 1503 praecepta
573 1432 836 1490 Christus.

329 1561 470 1618 CAP.
506 1580 606 1620 vn.
647 1564 728 1620 De
762 1568 1134 1637 persecutione.
1163 1600 1236 1613 -
1262 1569 1392 1637 Quae
1418 1569 1546 1629 licet
1578 1571 1646 1628 ab
1673 1571 1863 1629 incolis

255 1652 450 1723 tepide
487 1662 744 1726 suscepta
771 1666 924 1724 sunt,
956 1657 1097 1728 apud
1127 1660 1389 1730 quosdam
1417 1669 1596 1718 tamen
1625 1663 1856 1732 integre,

255 1751 312 1796 et
345 1744 495 1800 alios
542 1745 748 1816 minus,
794 1762 963 1818 usque
990 1749 1058 1804 ad
1086 1752 1513 1820 persecutionem
1544 1753 1862 1810 Diocletiani

255 1837 487 1904 tyranni
519 1853 823 1894 novennem
847 1858 861 1894 ε
888 1840 943 1894 in
964 1855 1070 1909 qua
1100 1841 1370 1897 subversae
1397 1859 1496 1913 per
1519 1852 1690 1898 totum
1713 1859 1864 1900 mun-

252 1927 389 1982 dum
421 1941 558 1985 sunt
584 1932 843 1996 ecclesiae,
873 1940 929 1987 et
964 1940 1170 1988 cunctas
1208 1949 1378 1988 sacrae
1423 1934 1712 2005 Scriptura:
1741 1950 1860 2006 quae

253 2019 502 2078 inveniri
527 2031 837 2095 potuerunt,
869 2025 923 2080 in
951 2025 1144 2096 plateis
1172 2036 1392 2095 exusta),
1417 2036 1471 2085 et
1498 2028 1658 2086 electi
1677 2044 1860 2087 sacer-

251 2111 422 2168 dotes
449 2116 632 2184 gregis
659 2116 868 2172 Domini
901 2133 1024 2172 cum
1051 2118 1425 2175 innocentibus
1466 2121 1659 2176 ovibus
1688 2123 1860 2178 truci-

249 2203 372 2257 dati
407 2223 420 2256 :
460 2205 537 2258 ita
562 2217 618 2260 ut
646 2221 713 2261 ne
739 2208 1021 2278 vestigium
1051 2209 1267 2279 quidem
1318 2210 1400 2279 (si
1427 2208 1542 2266 fieri
1573 2211 1858 2284 potuisset)

224 2357 226 2359 ν
250 2291 308 2345 in
343 2296 631 2350 nonnullis
659 2299 951 2366 provinciis
985 2311 1007 2340 ο
1037 2299 1358 2357 Christianae
1386 2303 1661 2372 religionis
1687 2317 1857 2374 appa-

254 2394 431 2440 reret.
464 2385 817 2446 Permansere
836 2388 860 2429 δ
889 2401 1016 2448 tunc
1037 2402 1252 2463 quantae
1279 2393 1415 2465 fugae
1433 2438 1449 2464 ,
1475 2405 1690 2466 quantae
1719 2406 1858 2454 stra-

253 2490 384 2545 ges,
419 2489 641 2549 quanta:
661 2481 992 2540 diversarum
1018 2487 1272 2542 mortium
1300 2503 1495 2557 plenae,
1527 2497 1741 2557 quantae
1769 2504 1858 2546 re-

255 2568 486 2637 ligionis
517 2582 539 2608 ε
574 2582 941 2643 apostatarum
968 2578 1158 2647 ruinae,
1195 2586 1409 2648 quanta:
1436 2580 1854 2649 gloriosissimo-

255 2675 380 2715 rum
427 2673 729 2738 martyrum
756 2683 988 2734 coronae,
1038 2671 1224 2739 quanti
1254 2680 1659 2741 persecutorum
1683 2672 1856 2728 rabidi

255 2751 522 2822 furores,
597 2769 810 2828 quantae
862 2762 1169 2817 econtrario
1223 2770 1533 2818 sanctorum
1583 2764 1854 2835 patientia:

253 2842 418 2902 fuere
444 2887 461 2913 ,
507 2849 870 2907 ecclesiastica
898 2853 1121 2908 historia
1149 2863 1335 2907 narrat
1376 2871 1389 2907 :
1434 2853 1506 2908 ita
1539 2862 1598 2908 ut
1644 2855 1857 2922 agmine

227 2981 230 2984 .
255 2936 437 2994 denso
476 2942 742 3008 certatim,
770 2943 975 2999 relictis
995 2952 1121 3014 post
1144 2952 1352 3013 tergum
1381 2945 1744 3001 mundialibus
1770 2954 1855 3002 te-

253 3029 475 3098 nebris,
497 3033 564 3088 ad
589 3049 799 3090 amoena
814 3035 1076 3090 caelorum
1100 3050 1284 3106 regna,
1309 3039 1463 3107 quasi
1482 3038 1551 3093 ad
1578 3039 1854 3111 propriam

253 3126 476 3192 sedem,
510 3133 625 3182 tota
651 3128 933 3184 festinaret
951 3128 1212 3186 Ecclesia.

1969 615 2195 672 diversis
2217 617 2272 672 in
2296 617 2432 672 locis
2453 631 2660 671 summa
2681 620 3117 686 magnanimitate
3142 620 3197 675 in
3224 620 3338 675 acie
3351 618 3549 676 Christi

1968 716 2271 778 perstantes
2309 709 2450 764 dico.
2492 708 2732 776 Quorum
2772 710 2920 780 prior
2957 718 3241 780 postquam
3271 712 3550 768 charitatis

1967 803 2139 871 gratia
2166 801 2529 857 confessorem
2573 803 2736 857 alium
2771 799 2788 838 1
2840 805 3273 874 persecutoribus
3315 805 3550 860 insecta-

1945 885 2102 957 tum,
2123 899 2179 947 et
2193 893 2305 962 jam
2321 892 2540 963 jamque
2564 894 3126 966 comprehendendum
3148 896 3385 969 [imitans
3412 905 3468 953 et
3493 897 3550 954 in

1967 985 2072 1040 hoc
2096 984 2365 1040 Christum
2389 987 2619 1041 animam
2647 1003 2741 1058 pro
2769 986 2942 1042 ovibus
2980 995 3252 1058 ponentem
3278 987 3458 1060 (Joan.
3491 1005 3548 1057 x,

1967 1074 2104 1148 ιδῃ,
2135 1076 2296 1132 domo
2317 1077 2570 1146 primum,
2598 1093 2664 1132 ac
2681 1078 2902 1134 mutatis
2923 1073 3050 1134 dein
3073 1087 3262 1134 mutuo
3282 1080 3548 1149 vestibus,

1965 1170 2222 1236 occuluit,
2244 1177 2301 1225 et
2325 1169 2617 1226 discrimini
2636 1181 2673 1207 ω
2697 1186 2758 1226 se
2784 1170 2964 1226 fratris
2990 1173 3044 1226 in
3074 1171 3368 1241 supradicti
3391 1172 3551 1228 vesti-

1963 1264 2159 1319 mentis
2175 1263 2403 1318 libenter
2422 1263 2850 1334 persequendum
2869 1264 3017 1320 dedit
3036 1283 3048 1318 :
3074 1266 3147 1319 ita
3163 1265 3273 1320 Deo
3287 1265 3509 1335 placens
3520 1273 3549 1303 ἰ

1964 1353 2108 1408 inter
2135 1369 2341 1410 sacram
2379 1354 2772 1413 confessionem
2809 1371 3165 1426 cruoremque
3213 1372 3397 1412 coram
3445 1356 3550 1411 im»

1964 1443 2101 1514 piis,
2134 1443 2379 1500 Romana
2408 1453 2520 1500 tum
2565 1446 2814 1515 stigmata
2862 1463 2984 1502 cum
3032 1447 3278 1522 horribili?
3315 1447 3548 1516 phanta'

1963 1543 2140 1590 smate
2171 1537 2190 1557 ⁰
2221 1535 2631 1606 praeferentibus
2655 1536 2929 1605 signorum
2958 1548 2984 1587 Ρ
3014 1538 3287 1593 miraculis
3326 1536 3551 1593 mirabi-

1962 1630 2088 1687 liter
2116 1631 2410 1687 adornatus
2432 1639 2534 1698 est,
2562 1638 2623 1686 ut
2648 1630 2892 1686 oratione
2917 1631 3167 1698 ferventi,
3200 1632 3273 1686 illi
3297 1631 3550 1687 Israeliti-

1963 1737 2041 1778 cae
2063 1723 2234 1778 arenti
2262 1723 2362 1777 vize
2382 1723 2667 1792 minusque
2694 1722 2834 1776 tritae
2864 1720 3062 1794 (stante
3079 1722 3171 1776 diu
3197 1737 3344 1790 arca,
3376 1737 3550 1793 prope

1967 1813 2180 1882 glareas
2227 1814 2536 1868 testamenti
2563 1813 2620 1868 in
2646 1813 2822 1868 medio
2850 1811 3098 1868 Iordanis
3127 1812 3338 1883 canali)
3370 1813 3549 1868 simile

1892 1895 1939 1954 B
1966 1903 2072 1958 iter
2101 1905 2364 1972 ignotum,
2391 1911 2540 1958 trans
2560 1886 2755 1957 nobilis
2785 1903 2930 1957 fluvii
2955 1913 2982 1952 ιι
3007 1902 3237 1967 alveum,
3255 1917 3376 1956 cum
3403 1901 3548 1956 mille

1963 1992 2091 2048 viris
2116 1993 2261 2048 sicco
2292 1992 2594 2061 ingrediens
2625 1991 2761 2060 pede
2793 1989 3089 2062 (suspensis
3117 1991 3367 2059 utrinque
3387 1989 3547 2045 modo

1960 2093 2356 2157 praeruptorum
2384 2084 2689 2141 ﬂuvialibus
2718 2083 2982 2140 montium
3011 2081 3366 2154 gurgitibus),
3416 2096 3547 2152 ape-

1963 2180 2118 2245 riret,
2145 2190 2201 2234 et
2225 2179 2462 2251 priorem
2493 2177 2800 2234 carnificem
2826 2185 2976 2232 tanta
3015 2176 3256 2246 prodigia
3277 2175 3547 2231 videntem

1961 2271 2018 2327 in
2047 2285 2246 2342 agnum
2275 2287 2342 2326 ex
2370 2271 2497 2343 lupo
2521 2279 2776 2338 mutaret,
2809 2277 2862 2326 et
2901 2284 3010 2324 una
3033 2285 3216 2325 secum
3242 2268 3538 2339 triumpha'

1961 2364 2067 2420 lem
2097 2363 2342 2435 martyrii
2381 2363 2614 2433 palmam
2644 2363 2836 2417 sistere
2865 2361 2887 2385 ’
2913 2361 3315 2428 vehementius,
3361 2369 3415 2416 et
3444 2375 3535 2415 ex-

1958 2453 2139 2524 cipere
2166 2453 2355 2508 fortius
2384 2451 2598 2507 faceret.
2647 2450 2840 2506 Caneri
2877 2465 3008 2529 vero
3035 2452 3111 2507 sic
3151 2451 3376 2506 diversis
3408 2466 3534 2506 cru-

1960 2546 2190 2602 ciatibus
2219 2544 2348 2600 torti
2374 2552 2530 2610 sunt,
2580 2551 2635 2600 et
2677 2543 2916 2599 inaudita
2943 2543 3308 2598 membrorum
3333 2542 3540 2598 discer-

1958 2638 2144 2711 ptione
2166 2637 2388 2692 lacerati
2414 2644 2539 2692 sunt
2565 2646 2612 2702 ε,
2646 2643 2706 2690 ut
2732 2637 2935 2706 absque
2965 2636 3305 2692 cunctamine
3326 2635 3543 2703 gloriost

1959 2729 2015 2784 in
2040 2728 2271 2798 egregiis
2294 2726 2632 2782 Hierusalem
2661 2727 2830 2782 veluti
2858 2726 3027 2796 portis
3053 2726 3291 2797 martyrii
3324 2726 3403 2780 sui
3435 2734 3544 2780 tro-

1959 2831 2076 2886 paea
2115 2814 2430 2884 deﬁgerent.
2465 2815 2599 2869 Nam
2623 2816 2715 2883 qui
2743 2814 3146 2886 superfuerant,
3182 2815 3331 2871 silvis
3353 2832 3417 2870 ac
3441 2815 3538 2869 de-

1958 2905 2120 2961 sertis
2141 2905 2446 2974 abditisque
2468 2905 2738 2974 speluncis
2759 2921 2818 2961 se
2839 2907 3202 2973 occultavere,
3232 2916 3538 2975 exspectans

1957 3002 2041 3051 tes
2066 3011 2098 3049 a
2119 2995 2268 3064 justo
2292 3002 2506 3049 rectore
2535 2995 2775 3049 omnium
2812 2995 2925 3050 Deo
2967 2996 3304 3050 carnificibus
3353 3004 3535 3050 severa

1957 3089 2282 3160 quandoque
2324 3089 2556 3158 judicia,
2596 3089 2695 3142 sibi
2723 3103 2852 3142 vero
2895 3088 3195 3143 animarum
3251 3088 3536 3141 tutamina.

1961 3181 1981 3216 ί
2014 3179 2180 3249 Igitur
2207 3179 2432 3235 bilustro
2453 3178 2747 3250 supradicti
2777 3178 3002 3233 turbinis
3045 3178 3271 3233 necdum
3301 3176 3369 3232 ad
3391 3178 3534 3231 inte-

331 3264 471 3321 CAP.
503 3283 614 3322 wn.
661 3266 744 3325 De
783 3271 975 3325 sanctis
1002 3270 1339 3343 martyribus;
1378 3303 1449 3315 —
1484 3270 1845 3342 Magnificavit
1873 3283 1917 3348 ο
1947 3287 2100 3346 grum
2129 3271 2422 3342 adimpleto
2451 3281 2502 3336 ιι,
2537 3271 3131 3340 emarcescentibusque
3157 3285 3288 3326 nece
3314 3285 3535 3327 suorum

257 3357 432 3424 igitur
461 3360 883 3416 misericordiam
912 3378 1065 3416 suam
1093 3363 1234 3418 Deus
1275 3364 1553 3419 nobiscum
1583 3362 1602 3402 τ
1625 3406 1640 3432 ,
1673 3366 1849 3422 volens

258 3465 444 3522 omnes
475 3451 704 3506 homines
731 3451 899 3507 salvos
930 3454 1045 3523 ﬁeri
1076 3451 1132 3525 (Ι
1164 3452 1300 3511 Tim.
1335 3470 1394 3520 ll,
1427 3453 1515 3526 4),
1565 3463 1620 3510 et
1661 3473 1851 3512 vocans

260 3557 373 3597 non
402 3543 586 3599 minus
627 3555 918 3615 peccatores
948 3560 1110 3615 quam
1137 3561 1232 3601 eos
1263 3547 1356 3617 qui
1405 3554 1596 3616 putant
1639 3563 1698 3605 se
1743 3567 1852 3606 esse

263 3636 431 3703 iustos
456 3645 482 3684 ε
509 3635 722 3709 (Matth.
745 3653 820 3703 ιι,
855 3635 949 3703 15;
981 3637 1152 3693 Marc.
1175 3654 1232 3703 ιι,
1257 3637 1357 3704 17;
1393 3636 1516 3692 Luc.
1543 3656 1593 3704 ν,
1617 3638 1728 3710 52),
1760 3641 1852 3711 qui

261 3729 503 3796 gratuito
533 3744 756 3785 munere
782 3729 1112 3801 supradicto,
1146 3736 1205 3784 ut
1234 3730 1606 3797 cognoscimus
1636 3728 1695 3798 δ,
1727 3747 1851 3802 per-

263 3821 563 3876 secutionis
585 3829 849 3891 tempore,
892 3836 961 3876 ne
995 3820 1011 3859 ί
1046 3835 1230 3876 crassa
1270 3829 1400 3876 atrae
1431 3822 1604 3877 noctis
1628 3821 1854 3890 caligine

264 3911 546 3968 Britannia
569 3913 959 3980 obfuscaretur,
984 3912 1308 3970 clarissimas
1334 3912 1611 3983 lampades
1637 3921 1855 3970 sancto-

263 4019 384 4061 rum
412 4016 712 4078 martyrum
740 4008 895 4064 nobis
919 4006 1185 4072 accendit,
1214 4021 1442 4076 quorum
1476 4021 1619 4060 nunc
1657 4021 1852 4076 corpo-

264 4113 383 4153 rum
435 4100 726 4170 sepultura:
774 4107 829 4154 et
875 4099 1186 4170 passionum
1215 4098 1364 4163 loca,
1415 4098 1458 4153 si
1506 4113 1612 4153 non
1641 4097 1852 4167 lugubri

267 4188 576 4245 divortione
613 4192 625 4239 i
667 4190 1054 4253 barbarorum,
1107 4188 1597 4260 quamplurima'ob
1644 4188 1852 4244 scelera

268 4290 455 4336 nostra
489 4282 693 4336 civibus
723 4281 1116 4347 adimerentur,
1167 4295 1276 4335 non
1311 4279 1590 4334 minimum
1633 4279 1851 4334 intuen-

276 4373 406 4428 tium
437 4373 711 4428 mentibus
731 4373 979 4428 ardorem
1005 4373 1199 4428 divina:
1224 4372 1504 4429 charitatis
1530 4371 1851 4427 incuterent.

267 4463 526 4523 Sanctum
555 4467 817 4522 Albanum
844 4465 1333 4533 Verolamiensem,
1363 4465 1545 4521 Aaron
1570 4471 1628 4520 et
1652 4463 1851 4520 Julium

343 4647 367 4710 ξι
392 4639 497 4710 [lic
523 4640 711 4708 incipit
736 4649 898 4710 caput
924 4658 957 4695 v
983 4642 1039 4696 in
1064 4655 1165 4696 ms.
1192 4640 1313 4696 cod.

338 4705 366 4746 δ
393 4709 544 4765 Edit.
572 4705 827 4766 omittunt
852 4713 950 4777 sol,
978 4711 1282 4780 habentque
1327 4710 1652 4781 firmamento
1680 4709 1845 4766 solum

269 4785 556 4923 κῃξρὲᾱίιη
584 4853 860 4923 provincia:
882 4853 1029 4923 locis.

336 4917 368 4993 ﬂ
383 4917 562 4993 Deest
584 4917 726 4993 apud
757 4922 988 4977 Polidor.
1009 4920 1196 4990 Virgil.
1211 4937 1314 4977 vox
1331 4920 1844 4993 permansere.—Sic

271 4994 324 5075 gl
336 4987 475 5075 Bibl.
491 4990 596 5074 PP.
613 4987 782 5075 Paris.
796 5001 852 5075 e_t
878 4993 1016 5075 forte
1037 4987 1251 5075 quidem
1273 4987 1476 5075 absque
1498 4992 1606 5075 ullo
1627 4992 1844 5075 dispen-

270 5057 392 5115 dio:
427 5063 614 5132 paucis
643 5063 785 5117 enim
817 5057 1108 5132 interjectis
1146 5057 1404 5118 occurrit'
1423 5063 1644 5117 verbum
1676 5057 1836 5134 fuere.

343 5132 552 5204 °_Edit._
571 5133 740 5204 deest.
782 5149 891 5189 vox
919 5134 1202 5204 religionis.
1228 5133 1296 5187 Et
1321 5149 1448 5189 mox
1477 5134 1837 5204 gloriosorum.

274 5227 334 5242 —
358 5201 496 5259 Bibl.
524 5202 630 5258 PP.
657 5203 852 5272 Paris.,
891 5201 1147 5275 gloriosae.
1480 5201 1493 5204 ⁷

281 5271 560 5358 allidit,
649 5273 1147 5358 obiscurnlpeusm:
1153 5273 1209 5328 Id
1232 5282 1341 5358 est,‘
1355 5271 1683 5358 Emmanuel,
1706 5275 1840 5344 quod

270 5349 344 5396 est
365 5343 762 5416 interpretatum
789 5344 1070 5398 Nobiscum
1100 5343 1260 5399 Deus.
1293 5343 1481 5399 Matth.
1513 5359 1548 5410 ι,
1580 5343 1668 5397 25.

339 5423 365 5500 ξ
592 5415 679 5488 qui
699 5424 964 5500 seputant
981 5416 1170 5486 justas.

338 5483 366 5521 δ
393 5482 558 5553 Edit.,
589 5482 912 5558 conjicintus.

345 5554 362 5628 ξ
391 5553 559 5628 Edit.,
589 5574 653 5611 ne
681 5559 902 5628 penitus.

341 5622 358 5692 ξ
392 5622 556 5692 Edit.,
587 5622 823 5682 divortio.

339 5688 368 5732 ll
388 5688 556 5766 Edit.,
584 5707 913 5770 ceterosque.

345 5760 367 5803 Ῑ
391 5764 554 5820 Deest
580 5769 707 5820 edit.
739 5786 845 5820 vox
873 5766 944 5820 ali

437 5775 554 5837 eest
580 5769 707 5824 edit.
739 5766 845 5824 vo'x
873 5766 1052 5837 alium.

288 5834 573 5958 ῃίῖξέᾶὶι..
604 5850 654 5897 et
672 5857 728 5897 se
755 5832 1040 5896 discriinini
1067 5839 1122 5895 in
1153 5836 1333 5911 fratris
1361 5835 1668 5910 supradicti.
1712 5832 1838 5893 Pla-

1956 3372 2235 3421 auctorum
2268 3361 2488 3419 nefariis
2527 3363 2716 3418 edictis
2738 3373 2796 3429 ν,
2844 3362 2978 3418 laetis
3027 3363 3315 3418 luminibus
3344 3377 3535 3418 omnes

1953 3455 2154 3514 Christi
2200 3457 2444 3520 tirones,
2492 3455 2644 3525 quasi
2687 3461 2807 3525 post
2836 3455 3121 3510 hiemalem
3162 3468 3226 3509 ac
3270 3453 3536 3523 prolixam

1953 3561 2200 3617 noctem,
2247 3551 2568 3621 temperiem
2613 3550 2899 3619 lucemque
2924 3563 3171 3605 serenam
3199 3562 3343 3601 aurae
3371 3547 3537 3602 cccle-

1954 3645 2052 3701 stis
2079 3644 2395 3714 excipiunt;
2443 3649 2709 3698 renovant
2747 3642 3004 3698 ecclesias
3042 3641 3109 3695 ad
3146 3640 3322 3696 solum
3365 3653 3537 3708 usque

1956 3735 2258 3792 destructas
2283 3752 2298 3802 ;
2345 3734 2599 3790 basilicas
2625 3742 2938 3789 sanctorum
2965 3739 3265 3804 martyrum
3292 3730 3535 3796 fundant,

1955 3833 2302 3894 construunt,
2331 3823 2656 3896 perficiunt;
2688 3839 2753 3879 ac
2777 3824 2926 3879 velut
2950 3822 3197 3878 victricia
3224 3821 3375 3890 signa
3403 3835 3535 3891 pro-

1953 3917 2177 3989 palant;
2215 3918 2329 3973 dies
2355 3916 2521 3973 festos
2547 3917 2862 3983 celebrant;
2914 3921 3250 3971 sacramenta
3277 3921 3305 3949 ι
3332 3912 3536 3968 mundo

1954 4009 2117 4065 corde
2146 4023 2348 4078 oreque
2376 4007 2668 4064 conficiunt
2693 4028 2707 4076 ;
2741 4023 2931 4064 omnes
2960 4007 3232 4063 exsultant
3260 4002 3385 4069 filii,
3412 4017 3533 4072 gre-

1951 4100 2062 4156 mio
2091 4115 2156 4155 ac
2185 4101 2231 4156 si
2260 4100 2448 4157 matris
2477 4098 2732 4155 Ecclesia:
2761 4097 2986 4153 confoti.
3588 4091 3596 4104 ’

2022 4190 2150 4247 Car.
2179 4207 2255 4247 Ix.
2298 4191 2378 4245 De
2408 4192 2622 4245 diversis
2649 4188 2945 4244 Izwresibus.
2974 4216 3047 4230 ——
3075 4185 3272 4239 Mansit
3297 4198 3531 4252 namque

1951 4283 2068 4338 haec
2111 4282 2294 4351 scripti
2341 4282 2531 4351 capitis
2581 4279 3055 4346 membrorumque
3093 4287 3122 4327 γ
3172 4276 3532 4332 consonantia

1951 4373 2159 4438 suavis,
2191 4372 2364 4427 donec
2391 4372 2587 4425 Ariana
2626 4367 2852 4440 perfidia
2874 4411 2891 4437 ,
2944 4376 3100 4423 atrox
3146 4383 3240 4424 seu
3270 4369 3289 4399 ¹
3321 4367 3530 4436 anguis,

1951 4461 2311 4518 transmarina
2336 4461 2495 4516 nobis
2522 4474 2778 4516 evomens
2805 4472 3035 4526 venena,
3061 4456 3253 4513 fratres
3281 4457 3335 4512 in
3362 4471 3528 4510 unum

1881 4623 1924 4677 D
2021 4626 2050 4655 ιι
2079 4619 2241 4691 Deest
2257 4620 2466 4691 placens
2482 4615 2863 4675 edit.—-Habet
2879 4624 3060 4673 tamen
3079 4615 3214 4673 Bibl.
3231 4616 3334 4673 PP.
3354 4615 3526 4675 Paris.

1993 4691 2000 4698 ’
2023 4696 2050 4725 ο
2075 4689 2242 4762 [Edit.,
2258 4689 2565 4762 phantasia.

2023 4769 2052 4832 Ρ
2080 4755 2243 4826 Edit.,
2272 4755 2486 4832 placens
2514 4763 2800 4832 signorum,
2816 4767 3044 4832 excepta
3055 4755 3313 4815 Bibl.PP.
3330 4756 3525 4826 Paris.,

1935 4831 2041 4888 ubi
2063 4847 2226 4901 supra
2248 4829 2348 4886 suo
2371 4831 2490 4887 loco
2520 4829 2670 4886 recte
2706 4829 2889 4886 habet.

2020 4913 2049 4954 «ι
2076 4899 2245 4971 Edit.,
2275 4911 2419 4957 trans
2450 4901 2736 4955 Thamesis.

2023 4982 2045 5010 τ
2074 4970 2237 5039 Edit.,
2269 4973 2434 5026 sitire.
2465 4971 2632 5040 Magis
2656 4971 2850 5039 placet.

2025 5050 2046 5079 ⁸
2080 5042 2245 5097 Deest
2273 5043 2403 5097 edit.
2428 5057 2535 5097 vox
2563 5050 2701 5096 sunt.

2022 5114 2041 5150 ί
2069 5112 2167 5184 llic
2189 5113 2516 5184 incipitcap.
2546 5128 2618 5168 vn
2645 5113 2699 5167 in
2724 5126 2822 5168 ms.
2853 5109 3109 5169 Cantabr.

2016 5191 2042 5220 ιι
2073 5183 2239 5248 Edit.,
2267 5183 2488 5253 expleto.

2013 5263 2042 5292 ν
2071 5253 2240 5318 Edit.,
2269 5254 2505 5307 decretis.

2015 5333 2040 5359 κ
2068 5323 2233 5389 Edit.,
2266 5340 2436 5377 sacra.

2011 5403 2039 5441 Υ
2067 5394 2224 5449 Deest
2244 5411 2338 5466 que
2363 5394 2489 5449 edit.

2023 5486 2039 5517 ¹
2069 5485 2202 5540 Bibl.
2231 5483 2333 5538 PP.
2360 5483 2557 5550 Paris.,
2576 5485 2942 5557 praefulgidum
2963 5485 3044 5541 sui
3064 5487 3235 5541 tamen
3249 5479 3524 5557 ostendens

1951 5555 2208 5622 Christus,
2226 5572 2346 5609 suos
2362 5557 2560 5623 radios,
2575 5554 2631 5608 id
2651 5554 2729 5609 est
2749 5554 2844 5610 sua
2869 5565 3126 5628 praecepta
3145 5554 3378 5626 indulget
3399 5561 3524 5609 tem-

1951 5644 2088 5677 nore.
2115 5635 2170 5677 ut
2197 5627 2406 5677 scimus.
2447 5641 2644 5677 summa
2691 5622 2880 5677 Tiberii
2921 5626 3163 5677 Cesaris.
3204 5642 3302 5677 auo
3332 5624 3522 5677 absque

1947 5644 2088 5697 pore,
2115 5635 2170 5678 ut
2197 5627 2407 5691 scimus,
2447 5641 2644 5679 summo
2691 5624 2880 5680 Tiberii
2921 5624 3163 5694 Cesaris,
3204 5624 3310 5699 quo
3332 5624 3522 5696 absque

1945 5696 2052 5751 ullo
2072 5696 2454 5765 impedimento,
2487 5696 2598 5766 ejus
2617 5707 2934 5766 prepagatur
2952 5697 3152 5766 religio,
3191 5698 3416 5762 indicta,
3447 5710 3522 5748 se-

1944 5774 2068 5838 natu
2090 5764 2310 5838 nolente,
2331 5783 2363 5818 a
2384 5764 2613 5838 principe
2626 5764 2791 5820 morte
2810 5764 3122 5823 delatoribus
3144 5769 3362 5825 militum
3381 5768 3521 5838 ejus-

1944 5835 2079 5890 dem.
2113 5835 2325 5889 Inversa
2353 5835 2554 5889 omnia.

2017 5908 2038 5937 ²
2069 5903 2247 5960 Malim
2276 5902 2526 5970 equidem
2553 5921 2660 5962 ceu.
