3970 6458
463 418 570 476 559

1348 411 1575 469 GlLDJE
1614 409 1960 468 SAPIENTIS
2001 414 2085 467 DE
2121 411 2393 468 EXCIDIO
2425 409 2812 466 BRITANNM‘.

3629 415 3743 474 5w

466 536 768 589 habitantes
798 530 1068 586 ex.tiabile
1095 539 1120 567 ⁸
1154 529 1358 587 faceret
1385 531 1592 601 sejungi
1620 550 1634 597 ;
1689 548 1752 586 ac
1789 532 1866 588 sic
1893 534 2046 602 quasi
2073 539 2127 599 Α
2151 534 2448 589 destinatur
2473 531 2612 603 legio
2641 531 2897 603 praeteriti
2918 530 3042 587 mali
3075 531 3376 598 immemor,
3407 531 3740 592 sufﬁcienter

467 631 552 683 via
579 628 718 683 facta
751 634 899 682 trans
922 615 1198 682 oceanum
1229 640 1419 681 omnes
1445 626 1666 680 omnino
1691 626 1875 680 bestiae
1921 627 2047 682 {erm

467 719 800 778 mortiferum
847 718 1134 790 cujuslibet
1173 718 1448 775 hazreseos
1494 719 1641 774 virus
1684 718 1904 774 horrido
1953 734 2047 774 ore

465 815 761 882 vibrantes,
787 811 1004 868 lethalia
1031 810 1268 865 dentium
1292 809 1518 864 vulnera
1542 810 1730 879 patri-.e
1761 809 1885 863 novi
1906 824 2048 864 sem-

464 921 562 976 per
575 903 777 976 aliquid
798 905 984 960 audire
1007 901 1229 969 volenti,
1262 909 1318 957 et
1340 901 1471 956 nihil
1493 909 1640 957 certe
1660 900 1925 956 stabiliter
1945 901 2046 955 ob-

467 995 686 1065 tinenti,
707 993 1019 1066 infigebant.

533 1091 665 1149 Car.
690 1109 725 1148 ι
755 1091 804 1148 δ.
855 1090 933 1147 De
973 1092 1230 1164 tyrannis.
1252 1122 1326 1134 —
1345 1087 1589 1161 Itemque
1620 1087 1834 1143 tandem
1864 1096 2047 1160 tyrano

463 1202 656 1242 norum
683 1183 926 1254 virgultis
949 1184 1349 1252 crescentibus,
1381 1192 1434 1238 et
1462 1184 1515 1237 in
1543 1182 1830 1237 immanem
1858 1181 2046 1236 silvam

458 1276 567 1347 jam
594 1273 815 1345 jamque
842 1274 1268 1345 erumpentibus,
1299 1273 1470 1328 insula
1493 1287 1688 1328 nomen
1719 1272 2043 1335 Romanum,

463 1381 563 1421 nec
587 1373 767 1419 tamen
794 1379 974 1420 mores
999 1373 1020 1402 ε
1049 1364 1332 1433 legemque
1364 1373 1568 1430 tenens,
1594 1362 1721 1432 quin
1753 1363 1932 1433 potius
1961 1362 2048 1416 ab-

459 1458 676 1527 jiciens,
703 1470 923 1526 germen
951 1471 1062 1511 sua:
1091 1456 1439 1526 plantationis
1459 1456 1806 1510 amarissima:
1835 1456 1902 1509 ad
1922 1453 2048 1509 Gal-

461 1550 591 1614 lias,
644 1560 838 1617 magna
869 1548 1161 1602 comitante
1200 1546 1492 1601 satellitum
1522 1555 1738 1601 caterva
1764 1592 1778 1615 ,
1831 1547 2049 1617 insuper

464 1641 626 1694 etiam
676 1637 1014 1710 imperatoris
1046 1635 1070 1675 ά
1113 1638 1446 1706 insignibus,
1495 1654 1612 1708 quze
1655 1654 1755 1693 nec
1794 1637 2051 1694 decenter

462 1746 686 1801 usquam
717 1741 881 1800 gessn
911 1747 1011 1786 nec
1041 1731 1279 1799 legitime
1311 1741 1355 1793 ε,
1410 1731 1502 1785 sed
1546 1731 1649 1785 ritu
1686 1731 1964 1802 tyrannico
1995 1740 2052 1787 et

463 1826 821 1881 tumultuante
850 1825 1116 1879 initiatum
1159 1825 1327 1878 milite
1356 1821 1647 1878 Maximum
1688 1825 1871 1878 mittit.
1923 1823 2048 1891 Qui,

2153 627 2316 680 armis
2351 625 2630 681 instructa.
2661 622 2792 691 Quae
2823 623 3035 679 ratibus
3079 632 3224 678 trans
3250 622 3522 678 Oceanum
3555 625 3605 680 iu
3634 641 3737 696 pa-

2153 717 2307 772 triam
2348 719 2600 784 advecta,
2648 726 2702 774 et
2750 718 2993 773 cominus
3044 734 3166 772 cum
3200 718 3447 786 gravibus
3490 720 3737 778 hostibus

2151 824 2458 877 congressa,
2475 825 2830 880 magnamque
2851 825 2919 865 ex
2935 811 3012 864 eis
3034 808 3427 866 multitudinem
3454 822 3730 880 sternens,

2152 912 2207 959 et
2249 919 2436 956 omnes
2476 918 2506 957 e
2536 902 2727 957 linibus
2753 901 2988 972 depulit,
3035 911 3088 956 et
3129 902 3400 972 subjectos
3449 904 3596 960 cives
3625 914 3733 962 tam

2152 996 2320 1050 atroci
2366 994 2753 1049 dilaceratione
2782 1010 2846 1048 ex
2879 991 3175 1047 imminenti
3203 995 3516 1064 captivitate
3543 995 3735 1052 libera-

2150 1087 2243 1143 vit.
2298 1087 2443 1154 Quos
2486 1087 2646 1157 jussit
2687 1095 3001 1141 construere
3049 1085 3190 1139 inter
3235 1085 3343 1139 duo
3388 1087 3554 1142 maria
3588 1097 3737 1146 trans

2152 1183 2378 1239 insulam
2410 1198 2619 1236 murum
2641 1223 2657 1247 ,
2711 1191 2770 1235 ut
2809 1190 2951 1235 esset
2987 1179 3228 1235 arcendis
3257 1179 3498 1236 hostibus
3523 1182 3675 1236 turba
3708 1193 3734 1219 ο

2152 1277 2442 1331 instructus
2490 1276 2718 1340 terrori,
2771 1274 3081 1342 civibusque
3115 1273 3377 1328 tutamini.
3435 1274 3537 1341 Qui
3578 1277 3736 1344 vulgo

2154 1365 2509 1421 irrationabili
2527 1365 2726 1433 absque
2754 1373 2965 1417 rectore
2982 1363 3174 1431 lactus,
3199 1380 3306 1417 non
3329 1373 3436 1418 tant
3469 1363 3736 1434 lapidibus

2153 1474 2313 1526 quam
2345 1457 2654 1526 cespitibus,
2684 1471 2791 1509 non
2824 1455 3041 1524 proluit.

2221 1549 2353 1604 Car.
2397 1563 2511 1604 xm.
2563 1548 2642 1603 De
2665 1547 2896 1602 secunda
2923 1549 3228 1606 vastatione.
3279 1579 3351 1590 --
3391 1547 3484 1601 llla
3525 1548 3736 1615 legione

2153 1655 2273 1698 cum
2305 1642 2580 1712 triumpho
2611 1654 2804 1710 magno
2826 1648 2881 1694 et
2909 1642 3104 1710 gaudio
3127 1639 3347 1693 domum
3373 1648 3657 1710 repetente
3685 1651 3729 1705 ιι,

2152 1735 2229 1788 illi
2261 1736 2469 1804 priores
2515 1734 2748 1797 inimici,
2793 1747 2858 1787 ac
2887 1733 3038 1802 quasi
3067 1742 3095 1781 tt
3127 1732 3414 1787 ambrones
3455 1732 3567 1802 lupi
3608 1748 3735 1802 pro-

2155 1826 2316 1881 funda
2346 1826 2485 1881 fame
2511 1825 2695 1890 tabidi,
2729 1824 2887 1879 siccis
2915 1824 3155 1879 faucibus
3181 1825 3232 1877 in
3263 1824 3404 1878 ovile
3435 1823 3735 1877 transilien-

462 1916 654 1972 callida
685 1916 915 1987 primum
948 1925 1064 1971 arte
1092 1917 1273 1986 potius
1312 1932 1472 1985 quam
1511 1917 1741 1984 virtute,
1791 1914 2047 1971 ﬁnitimos
2079 1925 2124 1983 Β
2151 1926 2252 1983 tes,
2273 1933 2378 1972 non
2399 1925 2749 1988 comp-arente
2770 1925 3006 1987 pastore,
3037 1916 3134 1971 alis
3164 1931 3436 1970 remorum
3459 1918 3735 1983 remigum-

460 2023 704 2078 quosque
732 2024 901 2078 pagos
930 2007 1016 2064 vel
1054 2010 1359 2078 provincias
1385 2017 1573 2063 contra
1601 2005 1904 2063 Romanum
1935 2017 2047 2062 sta-

463 2107 598 2167 tum,
630 2115 729 2169 per
764 2097 781 2137 ΐ
813 2100 947 2153 retia
973 2100 1196 2168 perjurii
1229 2099 1600 2169 mendaciique
1629 2100 1712 2154 sui
1743 2100 2050 2154 facinoroso

458 2206 627 2260 regno
655 2200 970 2258 aunectens,
995 2202 1049 2244 et
1074 2208 1232 2244 unam
1263 2192 1470 2244 alarum
1496 2191 1562 2244 ad
1589 2189 1894 2260 Hispanias,
1924 2189 2053 2244 alte-

458 2297 578 2338 ram
621 2281 689 2338 ad
735 2280 945 2337 Italiam
976 2282 1292 2348 extendens,
1340 2291 1396 2336 et
1435 2283 1688 2336 thron’um
1733 2281 2052 2351 iniquissimi

465 2374 677 2447 imperii
704 2377 846 2447 apud
876 2374 1140 2433 Treveros
1164 2384 1422 2440 statuens,
1457 2383 1605 2430 tanta
1635 2374 1842 2430 insania
1871 2373 1922 2427 in
1955 2373 2052 2429 do-

465 2469 646 2526 minos
674 2467 1037 2524 debacchatus
1065 2480 1180 2535 est,
1231 2477 1288 2524 ut
1313 2468 1448 2524 duos
1478 2469 1833 2539 imperatores
1875 2467 2051 2536 legiti-

465 2575 608 2629 mos,
630 2575 796 2614 unum
822 2560 1016 2630 Roma,
1048 2561 1211 2614 alium
1239 2559 1645 2630 religiosissima
1668 2559 1776 2612 vita
1802 2559 2045 2628 pelleret.

469 2651 579 2707 Nec
609 2667 760 2706 mora
794 2669 806 2705 :
842 2662 950 2707 tam
979 2651 1242 2708 fertilibus
1272 2663 1297 2700 8
1341 2652 1569 2707 vallatus
1611 2649 1877 2715 audaciis,
1908 2649 2050 2719 apud

463 2745 765 2816 Aquileiam
791 2746 981 2801 urbem
1010 2743 1187 2814 capite
1217 2741 1448 2801 nefando
1479 2744 1720 2805 czeditur,
1753 2742 1842 2814 qui
1885 2741 2048 2796 deco-

462 2846 580 2889 rata
625 2839 789 2893 totius
832 2838 979 2893 orbis
1007 2837 1187 2907 capita
1217 2836 1367 2908 regni
1391 2833 1790 2906 quodammodo
1819 2834 2045 2891 cervici-

461 2926 564 2983 bus
589 2926 614 2964 h
643 2929 936 2998 dejecerat.

530 3020 659 3076 CAP.
677 3038 751 3078 ιι.
787 3022 862 3077 De
885 3024 1084 3077 duabus
1107 3023 1342 3094 gentibus
1369 3022 1681 3084 victricibus,
1716 3032 1764 3076 et
1795 3023 1856 3076 de
1877 3023 2047 3093 prima

460 3115 768 3168 vastatione.
814 3148 886 3158 —
931 3113 1065 3168 Exin
1118 3115 1393 3168 Britannia
1442 3113 1588 3168 onmi
1631 3124 1838 3169 armato
1878 3115 2047 3168 milite

463 3206 891 3273 militaribusque
928 3204 938 3240 ί
972 3207 1163 3274 copiis,
1195 3205 1495 3261 rectoribus
1527 3205 1785 3273 linquitur
1817 3205 1829 3254 i
1866 3205 2048 3258 innua-

2152 2025 2258 2082 que
2278 2012 2532 2080 brachiis,
2557 2027 2622 2066 ac
2643 2011 2777 2066 velis
2795 2018 2959 2065 vento
2981 2009 3207 2064 sinuatis
3231 2018 3252 2047 τ
3285 2010 3450 2076 vecti,
3483 2009 3736 2062 terminos

2152 2112 2448 2175 rumpunt,
2493 2105 2809 2174 caeduntque
2837 2103 3046 2165 omnia,
3079 2109 3135 2157 et
3161 2115 3388 2172 quteque
3417 2103 3598 2156 omnia
3625 2116 3734 2155 ma-

2154 2197 2328 2252 turam
2360 2213 2461 2252 ceu
2487 2205 2720 2265 segetem
2753 2204 2979 2257 metunt,
3005 2196 3247 2261 calcant,
3281 2203 3581 2250 transeunt.

2225 2289 2354 2343 CAP.
2387 2303 2472 2343 xxv
2495 2295 2541 2344 ⁸.
2581 2287 2609 2341 1
2617 2298 2776 2342 terum
2805 2289 2869 2341 de
2891 2287 3073 2341 eadem
3103 2287 3733 2358 vastatione.——ltemque

2153 2380 2440 2434 mittuntur
2458 2379 2668 2448 queruli
2697 2378 2878 2448 legati,
2901 2379 3088 2432 scissis
3117 2377 3199 2450 (ut
3223 2378 3445 2448 dicitur)
3475 2379 3728 2444 vestibus,

2154 2471 2466 2540 apertisque
2493 2469 2718 2523 sablone
2736 2468 3023 2538 capitibus,
3049 2469 3399 2538 impetrantes
3419 2484 3450 2523 a
3482 2468 3729 2524 Romanis

2154 2564 2374 2627 auxilia,
2401 2577 2464 2617 ac
2483 2562 2649 2617 veluti
2673 2562 2841 2616 timidi
2862 2559 2992 2631 pulli
3015 2570 3226 2630 patrum
3249 2559 3574 2618 ﬁdelitasimis
3597 2563 3615 2598 ί
3641 2561 3728 2616 alis

2152 2658 2592 2721 succumbentes,
2629 2670 2698 2710 ne
2744 2657 2956 2725 penitus
3001 2657 3197 2712 misera
3241 2658 3415 2727 patria
3445 2655 3727 2722 delet-cur,

2151 2766 2456 2820 nom-cuque
2489 2751 2790 2805 Romanum
2813 2759 2838 2786 α
2868 2751 3013 2820 quod
3038 2751 3217 2806 verbis
3247 2755 3456 2806 tantum
3479 2751 3620 2821 apud
3645 2765 3726 2804 eos

2151 2845 2370 2900 auribus
2389 2845 2704 2909 resultabat,
2735 2844 2820 2898 vel
2843 2851 3154 2899 exterarum
3181 2844 3417 2913 gentium
3449 2842 3726 2914 opprobrio

2150 2939 2404 2993 obrosum
2435 2937 2737 2990 vilesceret.
2759 2935 2827 2989 At
2850 2934 2949 3004 illi,
2972 2942 3228 3004 quantum
3259 2936 3504 2989 humana:
3534 2945 3724 2989 natura!

2148 3029 2403 3100 possibile
2432 3037 2534 3093 est,
2581 3028 2837 3082 connnotl
2869 3033 3032 3081 tantae
3058 3027 3280 3082 historia
3314 3025 3606 3094 tragmdire,
3638 3040 3725 3080 vo-

2151 3122 2288 3175 latus
2319 3137 2416 3174 ceu
2441 3120 2766 3188 aquilarum,
2796 3118 3038 3188 equitum
3079 3118 3134 3172 in
3163 3125 3305 3172 terra
3327 3159 3342 3185 ,
3373 3127 3655 3172 nautarum
3677 3118 3723 3171 in

2148 3212 2313 3277 mari,
2347 3226 2535 3266 cursus
2562 3209 2953 3272 accelerantes,
2987 3207 3297 3278 inopinatos
3325 3208 3558 3277 primum
3576 3248 3590 3272 ,
3615 3216 3724 3262 tan-

385 3299 400 3308 '
462 3299 636 3363 nibus,
696 3298 898 3366 ingenti
923 3296 1208 3366 juventute
1237 3299 1465 3366 spoliata
1497 3298 1639 3367 (quae
1671 3298 1921 3350 comitata
1953 3312 2046 3352 ve-
2072 3323 2118 3384 Ο
2151 3304 2272 3357 dem
2307 3303 2574 3358 terribiles
2602 3301 2940 3356 inimicorum
2964 3315 3170 3370 ungues
3191 3299 3493 3355 cervicibus
3515 3298 3724 3369 inﬁgunt

461 3391 634 3460 stigiis
661 3391 954 3460 supradicti
997 3391 1209 3462 tyranni
1240 3392 1457 3446 domum
1499 3407 1763 3461 nusquam
1792 3393 1929 3447 ultra
1957 3410 2042 3448 re-

463 3481 600 3552 diit)
627 3523 644 3549 ,
690 3491 743 3536 et
771 3482 948 3536 omnis
977 3481 1102 3536 belli
1130 3498 1255 3536 usus
1287 3482 1467 3550 ignara
1495 3483 1712 3553 penitus
1743 3482 1762 3517 ¹ί
1783 3522 1796 3544 ,
1840 3483 2045 3539 duabus

463 3576 696 3644 primum
746 3576 996 3644 gentibus
1051 3575 1422 3631 transmarinis
1471 3575 1821 3630 vehementer
1869 3577 2040 3640 szevis,

461 3665 747 3720 Scotorum
775 3681 807 3719 a
839 3667 1108 3733 circione,
1157 3668 1426 3722 Pictorum
1471 3667 1539 3723 ab
1568 3668 1821 3739 aquilone
1862 3663 2040 3723 calca-

461 3755 585 3812 bilis
611 3758 812 3814 multos
832 3767 1014 3830 stupet
1041 3761 1312 3830 gemitque
1336 3777 1433 3831 per
1454 3778 1625 3817 annos
1663 3763 1703 3816 ι.

529 3845 659 3902 Car.
687 3865 782 3904 xu.
812 3849 892 3904 De
918 3850 1367 3922 defensione—ttl
1391 3851 1534 3908 Gens
1556 3854 1717 3925 igitur
1735 3855 2034 3922 Britonum,

459 3937 744 3996 Scotorum
776 3941 1156 4014 Pictorumque
1187 3959 1291 3998 non
1319 3946 1519 4012 ferens,
1548 3947 1617 4001 ob
1647 3962 1875 4016 quorum
1908 3959 1935 3985 ιι
1965 3950 2042 4004 in-

458 4031 797 4090 festationem
819 4051 883 4090 ac
909 4036 1226 4090 dirissimam
1252 4039 1674 4107 oppressionem,
1707 4040 1911 4108 legatos
1938 4041 2040 4098 Ro-

459 4137 601 4178 mam
631 4141 752 4182 cum
781 4128 1024 4198 epistolis
1061 4128 1258 4195 mittit,
1312 4130 1596 4184 militarem
1628 4148 1842 4186 manum
1875 4135 1942 4188 ad
1984 4150 2042 4190 se

461 4216 832 4274 vindicandam
861 4221 1175 4293 lacrymosis
1205 4223 1654 4292 postulationibus
1683 4242 1911 4294 poscens
1929 4270 1945 4295 ,
1987 4238 2042 4283 et

461 4307 844 4375 subjectionem
862 4313 1204 4370 suiRomano
1222 4315 1450 4385 imperio
1464 4317 1717 4372 continue
1737 4326 1849 4372 tota
1875 4321 2040 4374 animi

460 4397 678 4466 virtute,
702 4403 745 4456 si
773 4403 944 4459 hostis
974 4407 1184 4476 longius
1213 4416 1509 4472 arceretur,
1535 4424 1754 4466 vovens.
1789 4409 1885 4465 Cui
1914 4426 2043 4467 mox

532 4566 556 4595 α
589 4557 754 4625 Edit.,
780 4563 1135 4618 exitiabiliter.

531 4625 560 4664 δ
585 4645 677 4682 vm
708 4631 762 4683 in
782 4647 882 4684 ms.

535 4708 555 4735 ε
587 4697 725 4752 Edit.
738 4740 753 4762 ,
775 4719 985 4756 morem.

532 4767 556 4804 ά
583 4769 751 4841 ξᾱίῐη
779 4771 1141 4841 imperatoriis.

537 4847 558 4913 ς
589 4838 749 4913 βύἰιη
784 4838 884 4898 non
909 4845 1006 4913 leg.

539 4907 555 4945 ¹
591 4910 750 4982 Deest
777 4931 870 4982 per
898 4907 1028 4970 edit.

535 4988 560 5054 fi
589 4979 756 5054 ﬁdit"
777 4979 1050 5054 feralibus.

532 5045 560 5138 ξ
585 5051 746 5138 Qeest
765 5045 1044 5138 cervicibus
1077 5055 1204 5112 edit.
1246 5053 1345 5111 Ubi
1368 5056 1529 5112 etiam
1555 5077 1709 5133 regno
1736 5078 1834 5133 pro
1873 5069 2037 5138 regni.

535 5117 553 5196 ξ
585 5119 744 5196 Qeest
771 5143 866 5196 que
886 5127 1013 5181 edit.

539 5191 553 5260 ᾗ
590 5190 754 5260 Edit.,
783 5190 919 5251 licet.

531 5257 560 5339 ξ
587 5257 755 5339 ξόίιά
777 5283 870 5320 usu
899 5268 1100 5339 penitus
1128 5269 1332 5339 ignara.

539 5329 557 5368 ι
591 5329 750 5387 Deest
812 5353 866 5388 er
895 5329 1025 5391 edit.

539 5410 570 5438 ω
599 5399 726 5457 Haec
753 5353 945 5459 desunt
969 5408 1025 5459 ed

530 5410 570 5438 ω
599 5399 726 5484 Haec
753 5399 945 5459 desunt
969 5408 1097 5462 edit.
1123 5423 1294 5478 usque
1325 5409 1391 5465 ad
1422 5414 1612 5484 ferens.
1643 5413 1701 5471 In
1728 5432 1826 5472 ms.
1854 5425 2035 5473 autem

453 5467 563 5527 hoc
589 5479 855 5544 e_s_tcaput
875 5490 947 5529 rx.

517 5549 559 5578 τι
587 5539 846 5624 ἱξῐίἰῑ.,ὀὸ
875 5549 1338 5624 φιτξττιιηνῇτιδίῐο
1378 5553 1629 5608 nimirum
1671 5565 1916 5623 respectu
1963 5559 2028 5612 ad

456 5615 755 5695 snperiora,
787 5630 820 5666 a
851 5615 1296 5695 duabusAprinmm
1327 5625 1562 5694 gentibus
1594 5643 1610 5679 :
1651 5615 1771 5695 quai
1811 5627 2023 5694 quidem

458 5686 767 5768 pnepositiq
790 5700 823 5738 a
850 5686 996 5741 deert
1029 5691 1140 5744 sive
1165 5693 1220 5768 in
1255 5686 1354 5768 ms'.
1387 5695 1641 5768 Cantabr.
1669 5686 1784 5768 sive
1811 5686 1860 5748 in
1885 5697 2031 5753 edito

456 5751 772 5835 Ὀχοὶὲνυι-ιδί
792 5770 861 5811 ex
891 5768 1140 5835 contextu
1158 5762 1296 5820 forte
1315 5765 1597 5833 legendum
1628 5765 1689 5818 ob
1711 5783 1906 5822 eorum.

530 5835 555 5863 ο
585 5823 750 5890 Edit.,
765 5844 812 5895 _a
842 5831 1012 5885 turba.

531 5910 553 5945 P
585 5896 751 5979 ls‘dit"
777 5897 1115 5979 Illa‘dolnunz
1132 5921 1250 5979 Etim
1268 5905 1531 5979 triumpho
1557 5923 1742 5974 magno
1768 5917 1816 5960 et
1836 5909 2026 5979 gaudio

459 5969 750 6036 repedante.
774 5998 847 6011 —
873 5969 943 6025 At
971 5971 1106 6028 Bibl.
1132 5973 1234 6028 P‘P.
1262 5969 1458 6044 Parisf,
1484 5969 1708 6048 Legiouc
1739 5969 1905 6033 autaut
1929 5980 2024 6034 do-

2155 3411 2474 3450 nmcronum
2508 3403 2563 3458 V,
2599 3394 2916 3462 casibusque
2940 3391 3192 3447 foliorum
3223 3399 3468 3461 tempore
3493 3401 3643 3447 certo
3668 3391 3725 3445 ad

2155 3487 2507 3543 simulandam
2549 3488 2704 3542 istam
2734 3497 2757 3523 ι
2808 3495 3074 3556 peragunt
3113 3493 3344 3555 stragem
3378 3503 3393 3552 ;
3443 3501 3508 3542 ac
3550 3482 3644 3551 fit,
3688 3485 3725 3539 si

2154 3591 2442 3635 montanus
2460 3590 2670 3636 torrens
2692 3581 2895 3637 crebris
2920 3588 3298 3651 tempestatum
3316 3579 3503 3635 rivulis
3523 3590 3724 3643 auctus,

2153 3688 2523 3742 sonorosoque
2543 3680 2723 3728 meatu
2735 3673 2917 3728 alveos
2937 3670 3236 3737 exundans,
3253 3687 3316 3726 ac
3340 3672 3551 3727 sulcato
3575 3670 3727 3726 dorso

2158 3769 2440 3835 fronteque
2468 3783 2592 3823 acra
2614 3811 2629 3835 ,
2670 3768 2888 3833 erectis,
2929 3773 2989 3821 ut
3017 3766 3193 3832 aiunt,
3227 3765 3294 3821 ad
3323 3765 3547 3820 nebulas
3577 3761 3726 3820 undis

2159 3863 2451 3932 (luminum
2494 3863 2686 3932 quibus
2714 3861 2898 3932 pupilli
2928 3876 3169 3930 persaepe
3200 3859 3325 3915 licet
3352 3858 3725 3929 palpebrarum

2157 3955 2533 4010 convolutibus
2562 3964 2588 4002 γ
2621 3954 2878 4019 innovati,
2919 3952 3185 4021 adjunctis
3215 3951 3314 4005 sibi
3343 3950 3723 4006 minutissima-

2156 4063 2274 4102 rum
2315 4055 2556 4102 rotarqu
2609 4045 2916 4100 tautonibus
2954 4044 3118 4100 veluti
3162 4041 3437 4098 l'uscantur
3470 4042 3536 4113 τ)
3572 4041 3723 4096 mira-

2149 4140 2330 4194 biliter
2358 4153 2652 4208 spumans;
2685 4145 2769 4192 ast
2795 4152 2900 4191 uno
2927 4137 3152 4206 objectas
3182 4133 3284 4189 sibi
3313 4133 3501 4188 evincit
3531 4135 3723 4205 gurgite

2150 4232 2307 4287 moles
2337 4248 2354 4284 :
2383 4231 2455 4286 ita
2485 4229 2796 4284 aemulorum
2826 4228 3035 4296 agmina
3067 4226 3412 4280 auxiliatores
3437 4234 3493 4262 κ·
3533 4224 3720 4292 egregii

2152 4325 2217 4393 (si
2246 4339 2351 4392 qua
2381 4331 2561 4377 tamen
2592 4321 2819 4376 evadere
2850 4319 3156 4389 potuerant)
3181 4333 3410 4388 propere
3441 4326 3587 4373 trans
3616 4333 3720 4371 ma-

2151 4414 2228 4468 ria
2260 4412 2594 4482 fugaverunt,
2620 4413 2743 4481 quia
2767 4409 3157 4465 anniversarias
3183 4406 3336 4464 avide
3357 4405 3561 4480 prtedas
3582 4407 3718 4462 nullo

2148 4587 2281 4624 mum
2293 4617 2302 4626 .
2315 4611 2326 4624 .
2338 4611 2349 4623 .
2380 4578 2650 4639 repetente.

2218 4652 2241 4689 τι
2274 4635 2442 4702 Ειιὶι.,’
2463 4659 2522 4693 ac
2551 4642 2614 4693 si.
2646 4635 2786 4699 Mox,
2819 4638 2969 4701 ovile,
3011 4635 3391 4706 pnepositione
3415 4635 3471 4687 in
3501 4635 3710 4690 omissa.

2075 4713 2126 4770 D
2149 4742 2217 4752 --
2251 4710 2386 4764 Bibl.
2421 4709 2519 4762 PP.
2555 4709 2746 4773 Paris,
2779 4707 2908 4761 ovile
2929 4707 3371 4760 circumsilientes.

2220 4781 2238 4804 '
2270 4782 2430 4845 Edit.,
2456 4781 2668 4850 juvatis.
2688 4811 2756 4820 —
2782 4778 2918 4832 Bibl.
2947 4776 3051 4830 PP.
3087 4775 3278 4841 Paris.,
3306 4777 3428 4830 velis
3459 4785 3713 4830 ventorum

2163 4853 2330 4906 ilenis.

2163 4870 2198 4904 η
2232 4870 2262 4904 η
2320 4893 2330 4903 .

2145 4870 2162 4921 Ι
2199 4871 2239 4956 ϐε
2270 4871 2329 4976 ,Ιῗι
2358 4937 2456 4974 ms.
2491 4939 2542 4975 x.
2581 4919 2738 4973 Initio
2769 4919 2928 4989 hujus
2959 4933 3078 4989 cap.
3123 4932 3220 4989 pro
3267 4917 3500 4989 Itemque
3530 4917 3711 4989 legitur

2149 4991 2440 5060 Iter-umque
2489 4993 2538 5044 in
2569 4990 2703 5044 Bibl.
2755 4987 2856 5043 PP.
2891 4987 3058 5044 Paris.
3083 5032 3097 5055 ,
3127 4987 3290 5058 quod
3319 4987 3489 5060 magis
3520 4988 3706 5056 placet.

2147 5059 2269 5115 Mox
2300 5058 2426 5115 vero
2455 5063 2582 5116 ibid.
2615 5062 2858 5114 sabulone
2887 5062 3154 5123 scribitur,
3188 5058 3528 5114 emendatius
3557 5074 3706 5128 quam

2147 5132 2199 5185 in
2229 5132 2357 5186 edit.
2383 5132 2553 5186 Oxon.
2587 5133 2813 5185 sablone.

2224 5205 2240 5239 ί
2277 5201 2435 5264 Edit.,
2457 5201 2984 5272 ﬁdissimis—Bibl.
3017 5199 3119 5272 PP.
3150 5201 3318 5255 Paris.
3341 5193 3467 5265 tegit
3491 5207 3704 5255 matram

2143 5271 2265 5329 loco
2294 5269 2492 5342 patrunt
2521 5274 2613 5342 βτί.
2645 5272 2774 5326 edit.
2805 5271 3005 5338 Oxon.,
3031 5269 3257 5327 fortasse
3286 5273 3496 5326 melius.

2214 5353 2239 5380 ιι
2271 5345 2433 5404 Edit.,
2465 5343 2832 5397 Romanorum.

2215 5426 2236 5450 ν
2263 5414 2436 5485 iEdit.,
2467 5414 2740 5468 cervicibus
2770 5414 3031 5484 inﬁngunt
3058 5419 3358 5485 mucronum
3386 5423 3601 5485 ungues.

2135 5557 2174 5626 ﬁ
2211 5495 2235 5522 κ
2259 5484 2425 5568 fidit"
2457 5482 2866 5539 assimulandain
2885 5482 3084 5539 iisdem.
3109 5482 3173 5537 Et
3197 5492 3346 5554 mox,
3376 5501 3437 5538 ac
3460 5482 3507 5538 ii
3530 5495 3626 5554 pro
3645 5495 3702 5535 ac

2179 5566 2215 5620 ι,
2245 5574 2310 5610 st.

2179 5566 2215 5620 t,
2245 5559 2310 5610 si.

2211 5638 2237 5675 ,γ
2272 5627 2432 5691 Edit.,
2463 5626 2832 5680 convolutibus.

2213 5706 2232 5731 ι
2265 5697 2431 5767 Edit.,
2463 5697 2972 5767 adjunctissimarum
3001 5701 3232 5767 rotarum
3268 5697 3448 5750 rivulis
3479 5697 3608 5767 pm.
3633 5720 3698 5767 —_—

2140 5764 2274 5820 Bibl.
2316 5761 2425 5820 PP.
2446 5761 2614 5821 Paris.
2650 5773 2774 5834 post
2801 5780 2964 5820 voces
2995 5766 3163 5820 alveos
3190 5761 3493 5831 exundans,
3527 5761 3698 5822 omnia

2136 5837 2335 5922 omittit
2359 5853 2480 5922 qua;
2508 5843 3024 5922 sequunturausque
3047 5837 3245 5922 athene
3273 5837 3522 5922 objector.

2209 5916 2264 5942 ιιιι
2295 5903 2434 5961 Edit.
2453 5903 2699 5977 (excepta
2721 5903 2953 5979 Parim),
2971 5908 3273 5964 auxiliares.
3303 5903 3371 5962 Et
3397 5923 3542 5976 mox,
3567 5913 3696 5981 pm-

2131 5993 2368 6048 propere.
