3970 6458
264 362 375 421 341

1250 346 1453 408 Lmen
1491 312 1883 419 queamus.
1928 340 2105 398 mas
2143 341 2183 396 ι.
2229 332 2565 402 [11erth

3459 324 3565 384 582

265 482 586 537 obsistente
634 481 782 531 trans
818 474 987 528 maria
1027 470 1445 539 exaggerabat“.
1502 466 1669 537 igitur
1697 471 1722 501 ι
1755 461 1869 516 Ro-
1896 462 1947 521 Α
1975 460 2237 516 nodorum
2286 458 2306 497 ι
2362 459 2470 516 tela
2517 456 2709 528 quibus
2759 452 3047 511 miserrimi
3093 451 3238 507 cives
3286 444 3351 503 de
3396 448 3568 505 muris

264 572 420 628 mani
453 566 640 642 patria
666 563 1286 634 reversi,denuntiahtes
1315 572 1656 632 nequaquam
1683 570 1741 610 se
1770 561 1880 607 tam

268 660 580 721 laboriosis
612 659 1040 731 expeditionibus
1082 672 1244 728 posse
1291 652 1626 724 frequentius
1673 645 1879 711 vexari,

266 765 323 813 et
369 756 445 812 ob
497 754 750 811 imbelles
794 751 1165 822 erraticosque
1210 746 1547 804 latrunculos
1571 788 1587 813 ,
1635 742 1883 798 Romana

266 847 561 916 stigmata,
595 852 803 901 tantum
835 843 1106 912 talemque
1129 840 1452 902 exercitum,
1479 846 1626 893 terra
1655 850 1723 890 ac
1746 832 1884 887 mari

265 936 497 1011 fatigari
530 959 545 995 :
582 940 678 997 sed
705 946 762 994 ut
790 937 964 993 insula
986 937 1012 975 δ
1044 935 1246 1007 potius,
1278 928 1692 990 consuescendo
1721 926 1884 983 armis

274 1052 341 1091 ac
370 1034 621 1090 viriliter
647 1033 971 1100 dimicando,
1016 1040 1250 1099 terram,
1279 1025 1710 1089 substantiolam,
1749 1038 1883 1078 con-

263 1128 454 1200 juges,
481 1128 693 1184 liberos
722 1136 778 1182 et
809 1125 984 1198 (quod
1010 1125 1095 1180 his
1122 1123 1295 1193 majus
1322 1119 1433 1191 est)
1465 1119 1770 1174 libertatem
1802 1116 1884 1171 vi—

272 1227 508 1288 tamque
540 1219 674 1275 totis
698 1218 901 1273 viribus
939 1214 1268 1281 vindicaret,
1321 1220 1377 1268 et
1402 1209 1649 1281 gentibus
1680 1221 1885 1276 nequa-

266 1326 441 1381 quam
473 1326 540 1367 se
581 1306 894 1367 fortioribus
936 1304 1077 1381 (nisi
1106 1305 1335 1376 segnitia
1362 1312 1417 1361 et
1443 1312 1664 1374 torpore
1694 1299 1889 1356 dissol-

269 1412 552 1459 verentur
601 1402 671 1473 ο)
727 1411 786 1457 ιιι
832 1390 1069 1457 inermes
1123 1398 1315 1455 vinclis
1371 1394 1686 1451 vinciendas
1737 1393 1886 1449 nullo

269 1497 470 1566 modo,
524 1499 627 1555 sed
670 1499 961 1554 instructas
999 1497 1188 1570 peltis,
1237 1494 1483 1560 ensibus,
1517 1486 1710 1557 hastis,
1739 1499 1795 1547 et
1821 1490 1888 1546 ad

270 1587 489 1643 caedem
520 1596 803 1660 promptas
831 1584 1183 1658 protenderet
1198 1600 1405 1649 manus,
1430 1581 1718 1638 suadentes
1741 1578 1888 1651 (quia

273 1688 331 1736 et
359 1679 474 1736 hoc
508 1679 779 1750 putabant
817 1676 1018 1746 aliquid
1046 1673 1474 1746 derelinquendo
1502 1671 1704 1744 populo
1735 1686 1887 1725 com-

272 1771 427 1828 modi
458 1773 816 1844 accrescere)
871 1786 1113 1837 murum,
1156 1785 1265 1824 non
1304 1776 1363 1822 ut
1386 1765 1645 1830 alterum,
1674 1770 1890 1834 sumptu

1982 552 2137 608 tracti
2185 550 2302 609 solo
2349 546 2728 607 allidebantur.
2778 544 2894 602 Hoc
2920 547 3128 603 scilicet
3162 545 3239 601 eis
3268 544 3572 599 immatura

1983 647 2173 703 mortis
2200 644 2543 717 supplicium,
2576 643 2667 713 qni
2701 640 2793 696 tali
2822 640 3009 696 funere
3033 639 3416 711 rapiebantur;
3457 633 3572 692 fra-

1984 752 2127 797 trum
2154 754 2262 809 quo
2282 739 2568 810 pignorum
2599 747 2635 773 ω
2668 746 2888 791 suorum
2919 732 3252 789 miserandas
3279 731 3571 788 imminen-

1984 838 2067 889 tes
2089 847 2276 904 poenas
2298 832 2407 887 cito
2428 830 2575 887 exitu
2608 827 2939 883 devitabant.
2964 824 3101 892 Quid
3125 824 3280 895 plura
3302 822 3492 894 10quar
3508 823 3573 877 nl

1986 922 2212 981 Relictis
2250 922 2558 979 civitatibus
2595 930 2860 990 muroque
2888 918 3053 985 celso,
3102 915 3297 971 iterum
3333 914 3528 986 quibus
3549 916 3573 937 '

1985 1014 2123 1085 fugae
2167 1035 2179 1070 :
2223 1016 2418 1071 iterum
2475 1012 2837 1084 dispersiones
2885 1010 3046 1067 solito
3100 1003 3569 1079 de'sperabiliores.

1984 1108 2119 1166 Item
2143 1108 2208 1165 ab
2236 1110 2394 1166 hoste
2420 1104 2803 1163 inseetationes
2831 1123 2843 1159 :
2877 1102 3005 1160 item
3031 1112 3239 1172 strages
3261 1100 3579 1157 accelerano

1987 1208 2075 1257 tur
2102 1202 2431 1258 crudeliores
2464 1219 2476 1255 :
2511 1208 2566 1257 et
2594 1200 2730 1255 sicut
2758 1196 2881 1268 agni
2913 1211 2943 1251 a
2972 1194 3310 1259 lanionibus,
3362 1192 3437 1248 ita
3481 1191 3579 1248 de-

1988 1290 2153 1348 flendi
2181 1293 2323 1348 cives
2350 1294 2416 1347 ab
2458 1291 2691 1346 inimicis
2720 1289 3121 1359 discerpuntur,
3154 1293 3215 1341 ut
3241 1296 3576 1342 commemo-

1990 1382 2129 1438 ratio
2156 1397 2341 1437 eorum
2370 1380 2603 1437 ferarum
2634 1380 3021 1435 assimilaretur
3049 1375 3359 1447 agrestium.

2062 1474 2190 1531 Car.
2220 1491 2325 1529 xvr.
2362 1472 2440 1529 De
2462 1476 2618 1547 (ante.
2640 1504 2712 1514 --
2739 1472 2871 1527 Nam
2894 1471 3103 1527 laniunt
3131 1471 3340 1543 seipsos
3366 1472 3576 1536 mutuo,

1992 1581 2093 1622 nec
2122 1581 2220 1636 pro
2261 1565 2438 1634 exigui
2467 1564 2640 1619 victus
2668 1562 2820 1618 brevi
2848 1563 3218 1619 sustentaculo
3247 1560 3582 1617 miserrimo-

1992 1673 2110 1711 rum
2141 1656 2337 1711 civium
2368 1653 2745 1709 latrocinando
2758 1663 2806 1720 r;
2836 1662 2893 1709 et
2914 1653 3246 1721 augebantur
3267 1657 3582 1707 extraneae!

1994 1749 2175 1804 clades
2204 1745 2513 1803 domesticis
2545 1746 2779 1801 motibus
2812 1764 2823 1798 :
2857 1760 2965 1816 quo
2994 1753 3048 1800 et
3074 1744 3381 1814 huiusmodi
3409 1742 3431 1767 '
3472 1752 3582 1797 tam

271 1867 512 1937 publico
563 1868 884 1939 privatoque
932 1865 1201 1935 adiunctis
1248 1876 1435 1919 secum
1490 1858 1886 1915 miserabilibus

2005 1840 2194 1897 :rebris
2224 1840 2615 1911 direptionibus
2651 1848 2977 1895 vacuaretur
3005 1839 3182 1896 omnis
3222 1838 3371 1907 regio
3414 1837 3583 1893 totius

273 1959 563 2030 indigenis
584 1961 748 2016 solito
774 1968 1061 2016 structurae
1084 1958 1483 2024 more,tramite
1504 1971 1534 2009 a
1557 1954 1691 2009 mari
1719 1968 1890 2022 usque

274 2055 347 2111 ad
379 2071 548 2112 mare
573 2055 715 2110 inter
743 2055 906 2110 urbes
932 2068 1050 2123 quae
1080 2052 1277 2108 ibidem
1300 2051 1438 2106 forte
1464 2049 1533 2105 ob
1563 2056 1763 2104 metum
1790 2047 1891 2102 ho-

275 2148 455 2205 stium
494 2148 776 2204 collocatio
804 2147 1039 2211 fuerant,
1068 2146 1276 2202 directo
1297 2145 1512 2209 librant,
1536 2142 1694 2197 fortia
1715 2141 1892 2196 formi-

277 2241 490 2296 doloso
527 2241 723 2311 populo
744 2242 947 2295 monita
978 2239 1217 2307 tradunt,
1239 2238 1568 2308 exemplaria
1602 2238 1889 2292 instituen-

278 2330 491 2386 dorum
524 2347 796 2386 armorum
819 2332 1151 2402 relinquunt,
1170 2332 1224 2385 in
1248 2332 1430 2386 littore
1449 2346 1665 2401 quoque
1690 2329 1892 2385 Oceani

278 2420 349 2475 ad
378 2422 745 2477 meridianam
767 2424 999 2493 plagam,
1031 2438 1137 2492 qua
1158 2419 1184 2458 ἀ
1218 2438 1381 2477 naves
1402 2437 1590 2477 eorum
1619 2421 1894 2477 habeban-

281 2520 407 2577 tur,
439 2519 499 2567 et
528 2512 652 2569 inde
693 2513 955 2568 barbariae
982 2522 1005 2551 °
1031 2513 1159 2569 fera:
1184 2514 1369 2568 bestia:
1404 2514 1747 2578 timebantur,
1783 2521 1895 2568 tur-

282 2621 376 2661 res
406 2622 514 2677 per
552 2606 833 2661 intervalla
860 2605 955 2660 'ad
994 2594 1339 2678 prospectum
1388 2606 1553 2661 maris
1603 2604 1890 2671 collocant,

283 2699 608 2755 valedicunt
640 2696 659 2737 τ
694 2706 950 2769 tanquam
982 2699 1124 2753 ultra
1153 2713 1264 2752 non
1294 2698 1581 2753 reversuri.

360 2794 508 2852 CAP.
542 2812 610 2850 xv
640 2803 692 2851 ι.
750 2794 827 2849 De
856 2797 1009 2849 tertia
1035 2795 1343 2848 vastatione.
1380 2825 1453 2836 --
1479 2792 1665 2862 Itaque
1694 2791 1796 2846 illis
1831 2788 1897 2844 ad

284 2901 391 2943 sua
413 2887 812 2953 remeantibus,
827 2893 1110 2955 emergunt
1136 2882 1384 2939 certatim
1407 2882 1474 2937 de
1494 2877 1755 2949 curicish,
1780 2880 1899 2950 qui-

285 2976 395 3033 bus
420 2984 553 3032 sunt
581 2984 733 3031 trans
763 2974 1027 3030 Tithicam
1060 2974 1252 3028 vallem
1284 2973 1421 3027 vecti
1460 2971 1476 3009 ί
1510 2971 1684 3040 (quasi
1714 2970 1767 3024 in
1790 2970 1897 3023 alto

288 3066 498 3122 Titane
526 3068 999 3133 iucalescentequc
1044 3070 1296 3119 caumate
1340 3063 1409 3117 de
1437 3062 1712 3118 altissimis
1752 3059 1897 3115 fora-

290 3157 513 3210 minum
544 3154 851 3211 cavemulis
878 3154 1013 3209 fusci
1041 3152 1460 3208 vermiculorum
1494 3151 1647 3207 cenei
1675 3151 1687 3201 i
1717 3152 1733 3222 )
1775 3150 1900 3206 tetri

1995 1932 2097 1989 cibi
2130 1932 2345 2001 baculo,
2376 1940 2605 2003 excepto
2636 1933 2929 1988 venatoriae
2958 1933 3087 1988 artis
3112 1932 3325 1988 solatio.

2070 2046 2197 2102 CAP.
2227 2062 2355 2101 xvii.
2384 2043 2464 2100 De
2485 2047 2814 2116 cpistolis.—
2830 2045 2996 2115 Igitur
3023 2059 3235 2100 rursum
3265 2044 3479 2101 miserm
3496 2058 3585 2099 re-

1995 2141 2172 2211 liquite
2198 2140 2479 2196 mittentes
2504 2140 2762 2211 epistolas
2785 2148 2806 2174 ⁸
2839 2140 2907 2195 ad
2933 2139 3166 2209 Agitium
3197 2138 3454 2194 Romanae
3480 2152 3583 2209 po-

1997 2232 2206 2288 testatis
2235 2232 2409 2287 virum
2458 2232 2604 2303 (hoc
2648 2232 2809 2287 modo
2854 2232 3177 2301 loquentes)
3231 2229 3479 2301 inquiunt
3509 2231 3526 2266 ί
3563 2244 3583 2284 :

1994 2326 2168 2397 Agitio
2186 2334 2261 2379 ter
2286 2322 2483 2379 consuli
2507 2326 2724 2396 gemitus
2756 2322 3151 2379 Britannorum.
3179 2322 3248 2378 Et
3270 2331 3394 2393 post
3413 2336 3587 2393 pauca

1996 2427 2023 2453 ιι
2048 2417 2329 2489 loquentes
2366 2436 2376 2470 :
2414 2417 2691 2487 Repellunt
2719 2435 2810 2473 nos
2840 2415 3049 2471 barbari
3079 2415 3149 2470 ad
3176 2433 3341 2485 mare,
3386 2415 3589 2485 repellit

1998 2526 2091 2565 nos
2114 2520 2141 2546 ν
2172 2527 2316 2563 mare
2338 2509 2409 2562 ad
2436 2508 2683 2564 barbaros
2714 2526 2731 2563 :
2762 2511 2897 2564 inter
2926 2510 3035 2563 lucc
3060 2510 3298 2563 oriuntur
3323 2517 3347 2543 ι
3369 2506 3470 2561 duo
3492 2524 3586 2577 ge-

1997 2621 2123 2658 nera
2154 2607 2410 2676 funerum,
2436 2612 2527 2657 aut
2549 2605 2884 2677 jugulamur,
2910 2614 2999 2658 aut
3020 2604 3321 2675 mergimur.
3353 2600 3463 2658 Nec
3489 2615 3590 2671 pro

1999 2697 2079 2752 eis
2102 2696 2393 2767 quidquam
2425 2695 2682 2765 adjutorii
2713 2696 2930 2750 habent.
2964 2693 3174 2750 Interea
3200 2692 3356 2748 famis
3383 2693 3499 2749 dira
3524 2703 3592 2749 ac

2001 2776 2355 2841 famosissima
2386 2787 2535 2855 vagis
2563 2802 2629 2840 ac
2658 2787 2983 2842 nutabundis
3024 2787 3221 2853 haeret,
3250 2800 3371 2855 quae
3394 2784 3593 2841 multo!

2000 2893 2190 2933 eorum
2220 2879 2455 2933 cruentis
2481 2880 2758 2949 compellit
2781 2890 2808 2927 γ
2837 2877 3182 2948 praedonibus
3194 2880 3313 2934 siue
3333 2877 3593 2933 dilatione

2001 2972 2167 3026 victas
2194 2971 2323 3026 dare
2371 2986 2561 3027 manus
2584 3012 2600 3038 ,
2646 2981 2705 3025 ut
2737 2970 3031 3041 pauxillum
3077 2970 3145 3024 ad
3174 2967 3591 3024 refocillandam

2002 3067 2233 3121 animam
2264 3066 2368 3120 cibi
2408 3071 2665 3134 caperent
2698 3081 2710 3116 :
2743 3063 2879 3118 alios
2906 3076 3039 3117 vero
3068 3075 3334 3131 nusquam
3369 3071 3388 3097 ι
3416 3078 3430 3127 ;
3462 3062 3594 3131 quin

2003 3158 2183 3230 potius
2202 3157 2270 3212 de
2294 3156 2423 3228 ipsis
2453 3155 2748 3221 montibus,
2778 3152 3050 3223 speluncis
3073 3166 3139 3208 ac
3158 3150 3401 3217 saltibus,
3420 3150 3596 3207 dumis

292 3247 598 3305 Scotorum
637 3247 1021 3317 Pictorumque
1068 3260 1259 3316 greges
1282 3285 1296 3313 ,
1354 3244 1593 3300 moribus
1643 3260 1710 3299 ex
1748 3252 1904 3316 parte
1931 3251 1978 3316 ρ
2010 3250 2276 3306 consertis
2305 3248 2563 3305 continue
2591 3246 2950 3303 rebellabant.

292 3340 648 3407 dissidentes,
679 3350 735 3396 et
756 3356 864 3397 una
892 3340 1190 3409 eademque
1210 3340 1488 3415 sanguinis
1506 3338 1761 3394 fundendi
1789 3340 1905 3394 avi-

296 3433 477 3489 ditate
515 3432 846 3497 concordes,
899 3431 1288 3503 furciferosque
1330 3432 1501 3501 magis
1544 3432 1722 3487 vultus
1760 3433 1898 3502 pilis,

297 3542 468 3597 quam
491 3540 780 3597 corporum
804 3526 1052 3596 pudenda
1082 3525 1449 3597 pudendisque
1472 3526 1715 3596 proxima
1738 3525 1903 3581 vesti-

300 3619 404 3675 bus
447 3628 736 3690 tegentes:
785 3620 1112 3689 cognitaque
1140 3618 1548 3675 condebitorum
1588 3620 1901 3674 reversione

301 3723 360 3769 et
396 3715 610 3771 reditus
634 3713 1024 3784 denegatione,
1052 3713 1214 3768 solito
1242 3712 1599 3768 conﬁdentius
1626 3711 1651 3750 ιι
1684 3728 1900 3768 omnem

301 3807 673 3876 aquilonalem
704 3817 1114 3877 extremamque
1142 3814 1303 3862 terrae
1324 3815 1535 3877 partem
1564 3823 1664 3878 pro
1692 3808 1901 3877 indige-

301 3895 385 3951 nis
410 3913 575 3952 mnro
607 3905 763 3953 tenus
792 3907 1102 3967 capessunt.
1134 3896 1402 3954 Statuitur
1434 3898 1501 3953 ad
1530 3898 1646 3954 haec
1675 3900 1728 3954 in
1757 3900 1903 3956 edito

301 3991 445 4047 arcis
471 3992 618 4045 acies
647 3992 713 4045 ad
759 4005 1017 4062 pugnam,
1048 3992 1304 4048 inhabilis
1330 3992 1401 4048 ad
1426 3992 1630 4064 fugam,
1662 4003 1902 4053 tremen-

301 4080 449 4136 tibus
476 4083 788 4152 prtecordiis
816 4084 1019 4155 inepta,
1048 4099 1171 4154 quae
1197 4083 1388 4141 diebus
1414 4099 1483 4141 ac
1507 4087 1759 4145 noctibus
1785 4099 1901 4145 stu-

303 4173 430 4246 pido
460 4174 618 4231 sedili
643 4176 943 4232 marcebat.
1000 4176 1211 4233 interea
1238 4192 1348 4235 non
1389 4187 1609 4235 cessant
1648 4181 1901 4240 uncinata

380 4376 540 4453 fﬂic
565 4378 752 4453 incipit
779 4394 899 4453 cap.
920 4396 978 4453 xi
1009 4380 1062 4453 in
1089 4377 1475 4453 ms._C_antab_r.

373 4449 402 4489 δ
435 4451 603 4504 Deest
623 4447 752 4505 edit.
775 4447 883 4504 vox
910 4451 1179 4505 insula.——
1196 4448 1337 4503 Bibl.
1367 4447 1470 4502 PP.
1494 4447 1692 4514 Paris.,
1716 4450 1814 4502 sed
1846 4457 1904 4504 ut

308 4522 482 4591 potius
503 4521 634 4591 sola.
652 4520 718 4574 Et
746 4522 908 4590 paulo
935 4529 1079 4586 ante,
1113 4520 1354 4574 Romana
1383 4520 1534 4590 signa
1561 4534 1661 4589 pro
1690 4518 1908 4590 13.369-

309 4590 452 4646 mata
484 4609 501 4645 :
533 4590 761 4647 fortasse
790 4591 1007 4647 rectius.

310 4730 349 4783 t.
380 4675 400 4699 ε
423 4660 605 4787 IEdit.,
630 4662 1026 4727 dissolveretur;
1048 4661 1139 4716 ubi
1160 4669 1215 4716 et
1238 4658 1503 4715 omittitur
1523 4658 1755 4728 sequens
1773 4674 1900 4730 par-

337 4747 421 4787 tcu
448 4748 477 4785 3
508 4742 583 4787 ut.

360 4776 607 4927 ,
632 4820 752 4875 quo.
783 4801 952 4859 Paulo
989 4810 1115 4857 ante
1142 4800 1278 4856 Bibl.
1315 4797 1422 4853 PP.
1454 4799 1657 4867 Paris.,
1705 4792 1900 4857 directo

394 4893 413 4927 ι
462 4892 559 4927 can
590 4917 603 4927 .

314 4876 603 4958 ludiﬁcant.
874 4946 886 4957 ε

384 4956 406 5017 ις
440 4943 614 5017 Edit.,
643 4947 763 5017 quia
793 4952 841 5017 et
868 4945 990 4998 inde
1019 4942 1322 5017 barbarica).

388 5015 406 5053 ί
440 5016 612 5083 Edit.,
656 5014 711 5071 et
747 5016 1058 5071 ualedicunt.
1108 5014 1269 5071 Deest
1297 5014 1608 5074 coniunctio
1650 5015 1811 5072 etiam
1846 5015 1899 5071 in

316 5082 453 5141 Bibl.
484 5085 587 5141 PP.
602 5082 605 5083 ⁷
623 5087 793 5141 Paris.

389 5166 415 5204 δ
446 5156 570 5224 Ms.,
593 5173 688 5213 xu.

386 5226 415 5264 ³³
443 5221 607 5294 Edit.,
637 5228 857 5283 curucis.
891 5226 1028 5280 Bibl.
1060 5224 1165 5278 PP.
1198 5221 1393 5291 Paris.,
1424 5226 1713 5279 carruchis.

397 5297 415 5335 ί
451 5297 611 5364 Edit.,
646 5296 993 5368 Styticam....
1022 5295 1424 5351 evecti.-—'Bibl.
1457 5294 1901 5369 PP.Pat'is.Scy-

323 5371 545 5426 ticam...
558 5411 572 5426 .
602 5370 779 5425 evecti.

393 5443 409 5491 l
448 5440 619 5509 Edit.,
650 5436 1057 5509 caverniculis...
1085 5439 1253 5493 cunei.

388 5509 419 5549 ιι
442 5508 613 5578 Edit.,
629 5508 1048 5578 conﬁdentiores.

394 5579 414 5620 ι
440 5579 609 5651 [Edit.,
632 5579 911 5635 nudorum.

390 5661 431 5689 ιη
450 5650 623 5723 _Edit.,
648 5667 745 5723 quo
768 5652 987 5723 fratrum
1010 5650 1380 5721 pignorumquc

393 5731 420 5759 ³
446 5721 612 5793 Deest
636 5721 775 5778 edit.
797 5738 903 5777 vox
923 5722 1123 5793 loquar.

396 5801 421 5830 °
450 5792 618 5860 Edit.,
645 5793 769 5847 illis.

396 5873 421 5912 ι’
450 5862 622 5927 Edit.,
665 5861 808 5918 Nam
845 5872 894 5918 et
932 5864 1074 5934 ipsos
1111 5872 1285 5918 mutuo
1325 5880 1416 5935 nec
1451 5865 1719 5935 perexigui
1748 5865 1907 5935 victus

330 5935 470 5995 snsi
487 5934 841 5992 sustentaculo
883 5933 1289 5993 miserrimorum
1315 5933 1499 5992 civium
1546 5933 1909 5992 latrocinando

1935 4578 1990 4637 D

2076 3342 2206 3399 Car.
2234 3358 2384 3397 xviu.
2420 3339 2498 3396 De
2523 3342 2759 3395 victoria.
2783 3368 2857 3383 -—-
2882 3339 2952 3393 Et
2972 3346 3083 3395 tum
3105 3338 3338 3411 primum
3366 3337 3600 3394 inimicis

2003 3453 2103 3512 per
2113 3436 2311 3494 multos
2327 3451 2497 3492 annos
2518 3437 2571 3490 in
2591 3444 2731 3490 terra
2748 3446 2801 3471 ³³
2823 3434 3128 3503 agentibus,
3146 3442 3357 3502 strages
3375 3433 3599 3502 dabant,

2000 3549 2110 3588 non
2139 3530 2473 3587 conﬁdentes
2493 3528 2551 3568 δι’
2585 3530 2638 3584 in
2666 3529 2906 3597 homine,
2936 3527 3034 3584 sed
3058 3526 3113 3581 in
3142 3524 3274 3590 Deo,
3304 3524 3600 3581 secundum

2004 3623 2131 3679 illud
2140 3623 2451 3693 exemplum
2469 3633 2490 3661 ε
2501 3633 2522 3660 ο
2545 3619 2788 3676 Philonis
2810 3634 2825 3674 :
2847 3617 3077 3675 Necesse
3087 3626 3166 3674 est
3181 3618 3363 3673 adesse
3376 3618 3601 3673 diuinum

2005 3718 2092 3770 ubi
2108 3718 2391 3771 humanum
2411 3724 2579 3770 cessat
2600 3714 2874 3769 auxilium.
2893 3711 3409 3783 Quievitparumper
3428 3709 3601 3766 inimi-

2006 3822 2195 3863 cortnn
2216 3806 2465 3874 audacia,
2491 3821 2594 3862 nec
2617 3814 2797 3861 tamen
2821 3812 3133 3860 nostrorum
3148 3803 3377 3859 malitia.
3403 3801 3600 3858 Reces-

2004 3909 2195 3958 serunt
2214 3901 2408 3957 hostes
2428 3916 2458 3956 a
2486 3901 2724 3966 civibus,
2774 3914 2875 3956 nec
2911 3900 3061 3954 cives
3086 3914 3116 3952 a
3146 3898 3259 3952 suis
3285 3896 3601 3952 sceleribus.

2078 3995 2213 4053 Cn.
2245 4012 2354 4053 xix.
2386 3994 2467 4051 De
2492 3993 2790 4051 sceleribus.
2816 4022 2889 4035 --
2915 3992 3080 4048 Moris
3107 4003 3342 4059 namque
3361 3989 3601 4046 continui

2009 4098 2128 4149 erat
2146 4091 2300 4161 genti
2326 4090 2493 4161 (sicut
2519 4096 2576 4145 et
2604 4102 2748 4142 nunc
2767 4085 2893 4155 est),
2926 4092 2986 4138 ut
3012 4081 3223 4138 inﬁrma
3252 4088 3399 4137 esset
3420 4079 3489 4135 ad
3512 4094 3587 4135 re

2008 4183 2284 4244 tandenda
2307 4183 2544 4240 hostium
2569 4180 2678 4237 tela
2704 4187 2762 4236 et
2780 4176 2943 4233 fortis
2956 4183 3020 4231 et
3042 4174 3240 4231 invicta
3260 4170 3318 4212 ἀει
3340 4171 3408 4228 ad
3429 4170 3605 4229 civica

2010 4380 2391 4452 temperabant.

2089 4450 2122 4501 «ι’
2141 4450 2307 4518 Edit.,
2336 4458 2590 4505 externis.

2096 4532 2115 4559 τ
2146 4519 2315 4592 Edit.,
2354 4521 2490 4592 quod
2514 4521 2739 4592 hujusm.

2090 4603 2109 4626 ⁸
2144 4586 2311 4663 Edit.,
2363 4586 2623 4646 mittentes
2649 4589 2897 4663 epistolas
2928 4587 3182 4663 reliqum.
3213 4619 3283 4663 σε
3323 4586 3463 4645 Bibl.
3490 4588 3579 4646 PP

2005 4663 2203 4729 Paris.,
2252 4661 2424 4731 Igitur
2450 4677 2655 4716 rursum
2678 4660 2884 4716 inisera:
2923 4660 3181 4731 mittentes
3204 4662 3451 4731 epistolas
3481 4664 3602 4719 reli-

2005 4737 2139 4806 (μήτε
2168 4727 2236 4787 ad
2264 4727 2469 4788 Aetium
2501 4732 2650 4806 Rom.
2696 4732 2792 4806 M_s.
2829 4731 2999 4806 codex
3028 4727 3287 4806 Cantabr.
3319 4743 3598 4803 corrupte,

2004 4800 2179 4876 Agitio
2204 4806 2599 4884 :_neque_euim
2631 4805 2688 4884 in_
2724 4802 2896 4884 Fastis
2927 4800 3302 4884 consularibus
3329 4800 3601 4884 comperi;

1992 4868 2097 4930 -tu'r
2119 4877 2329 4947 uspiam
2344 4868 2518 4943 'lmjus
2543 4875 2777 4929 nominis
2796 4872 3014 4947 consul.
3048 4868 3473 4947 Rescribcnduni
3502 4876 3599 4947 igi-

2007 4957 2094 5001 tur
2121 4942 2289 5003 Aétio.
2334 4942 2456 5001 Fuit
2495 4954 2675 5001 autem
2705 4947 2750 4999 is
2778 4944 2967 4998 Aetius
2996 4956 3080 5006 tu,
3131 4942 3245 4997 sive
3272 4950 3351 4995 ter
3395 4946 3598 5009 consul,

2005 5029 2063 5071 ut
2124 5020 2198 5072 ait
2240 5017 2445 5082 Gildas,
2480 5017 2570 5086 qui
2614 5032 2738 5069 ann.
2784 5014 2892 5086 illi
2921 5012 3257 5086 consulatum
3280 5013 3447 5079 gessit
3466 5029 3600 5086 cum

2005 5087 2312 5159 Q.Aurelio
2327 5078 2673 5159 Symmacho.
2708 5085 2842 5141 Vide
2870 5083 3163 5159 Baronium
3193 5080 3260 5135 ad
3302 5096 3432 5137 ann.
3466 5078 3593 5152 Ὴϐ,

2007 5158 2112 5228 ξε,
2144 5160 2233 5212 ubi
2265 5153 2406 5212 hunc
2427 5156 2595 5212 Gildas
2626 5156 2803 5212 locum
2832 5153 3106 5210 exscribit.

2084 5231 2101 5262 ι
2137 5229 2300 5283 Deest
2327 5228 2456 5283 edit.
2478 5236 2597 5281 'vox
2624 5228 2881 5297 inquiunt.

2084 5307 2111 5334 υ
2139 5298 2311 5370 Edit.,
2339 5309 2627 5370 querentes.

2081 5379 2107 5405 ν
2138 5366 2437 5439 Utrobique
2459 5369 2613 5425 deest
2638 5386 2731 5424 nos
2761 5366 2889 5423 edit.

2085 5449 2110 5476 ι
2139 5439 2302 5496 Deest
2330 5440 2460 5495 edit.
2493 5456 2600 5495 vox
2624 5442 2882 5495 oriuntur.

2079 5520 2109 5558 Υ
2139 5510 2304 5578 Edit.,
2336 5512 2604 5580 compulit.

2085 5590 2107 5617 κ
2139 5581 2305 5648 Edit.,
2336 5598 2622 5652 nunquam.

2079 5660 2138 5689 η
2168 5652 2330 5718 Edit.,
2362 5652 2568 5719 praedas
2596 5653 2670 5706 in.

2079 5720 2140 5760 δι’
2172 5722 2333 5793 Edit.,
2365 5723 2601 5793 ﬁdentes.

2086 5804 2139 5832 σε
2167 5792 2327 5848 Deest
2357 5788 2490 5847 edit.
2530 5808 2635 5846 vox
2657 5788 2969 5858 exemplum.

2083 5861 2140 5901 αδ
2168 5863 2333 5928 Edit.,
2364 5864 2516 5933 fortis
2536 5870 2689 5928 esset,
2714 5857 2935 5928 reliquis
2958 5857 3195 5920 omissis.
