3970 6460
453 296 559 353 545

1373 300 1601 359 (ἓῐιῦιΕ
1641 302 1992 361 SAPIENTIS
2021 305 2109 361 DE
2148 307 2423 365 EXCIDIO
2461 306 2861 363 BRITANNUE

3614 312 3732 365 544

451 411 684 482 bella,et
703 410 772 467 ad
790 424 955 467 onera
979 420 1328 484 peccatorum
1347 416 1699 471 sustentanda
1731 424 1754 454 ι
1782 434 1794 469 :
1820 417 2032 472 inﬁrma
2060 424 2114 481 Α
2137 422 2388 492 exemplo
2414 437 2534 477 esse
2561 419 2708 476 omni
2738 418 2881 489 plebi
2911 416 3215 484 debuerint,
3244 414 3507 473 ebrietate
3536 433 3729 489 quain-

451 513 535 560 est
565 504 589 544 ι’
620 506 639 572 (
656 513 713 559 ut
740 503 981 576 inquam)
1035 504 1104 559 ad
1132 507 1474 577 exsequenda
1504 509 1659 580 pacis
1696 524 1761 565 ac
1788 510 2033 566 veritatis

450 594 697 663 insignia,
726 594 918 649 fortis°
947 595 1016 651 ad
1042 597 1249 652 scelera
1277 606 1332 652 et
1358 599 1663 654 mendacia.
1691 600 1717 637 ά
1734 600 2032 657 Revertan-

449 692 538 740 tur
559 697 688 753 ergo
718 684 1059 757 impudentes
1072 696 1405 756 grassatores
1424 690 1491 744 ad
1507 690 1758 746 hibernas
1779 692 1967 750 domos
1982 704 2027 760 °,

447 781 573 844 post
619 790 728 831 non
775 776 1005 832 multum
1037 780 1292 850 temporis
1321 780 1605 836 reversuri.
1657 781 1792 837 Picti
1835 785 1889 838 in
1935 800 2031 839 ex-

445 876 616 924 trema
641 878 797 940 parte
825 871 1014 927 insula:
1046 882 1173 928 tunc
1197 874 1425 943 primum
1454 883 1508 928 et
1536 874 1787 947 deinceps
1817 876 2031 946 requie-

444 968 661 1027 verunt,
706 961 916 1033 praedas
944 969 1000 1017 et
1024 964 1378 1020 contritiones
1406 980 1789 1037 nonnunquam
1830 966 2029 1022 facien-

443 1058 546 1109 tes.
596 1050 655 1106 ln
685 1053 877 1108 talibus
917 1055 1098 1125 itaque
1129 1055 1354 1111 induciis
1382 1055 1628 1112 desolato
1656 1059 1858 1129 populo
1888 1075 2027 1115 saeva

441 1142 668 1197 cicatrix
696 1143 1006 1208 obducitur,
1048 1145 1155 1199 alia
1184 1146 1536 1202 virulentiore
1574 1156 1750 1203 tactus
1784 1148 1801 1186 ί
1846 1150 2026 1219 ρυΙΙιις-

441 1232 606 1289 laute.
652 1232 974 1300 Quiescente
1004 1244 1185 1291 autem
1229 1240 1531 1294 vastatione
1559 1249 1582 1287 8
1604 1282 1619 1308 ,
1667 1241 1831 1298 tantis
1858 1242 2028 1296 abun-

440 1323 748 1380 dantiarum
771 1328 941 1396 copiis
969 1328 1141 1383 insula
1171 1328 1457 1396 attinebat,
1493 1339 1551 1385 ut
1598 1332 1742 1387 nulla
1783 1332 1967 1389 haberi
1998 1332 2023 1372 δ

439 1416 575 1473 tales
602 1426 749 1473 retro
775 1426 907 1473 tetas
935 1421 1299 1489 meminisset,
1330 1437 1452 1475 eum
1480 1422 1673 1491 quibus
1702 1425 2024 1481 omnimodis

438 1519 494 1565 et
514 1510 724 1566 luxuria
740 1512 951 1568 crescit.
977 1512 1161 1567 Crevit
1187 1514 1385 1569 etenim
1406 1516 1647 1583 germine
1668 1518 2019 1586 przepollcnti,

438 1604 511 1658 ita
540 1614 599 1659 ut
628 1604 815 1660 eodem
848 1616 1089 1675 tempore
1117 1608 1389 1663 diceretur
1421 1626 1433 1661 :
1470 1606 1693 1663 Omnino
1724 1610 1841 1663 talis
1868 1612 2021 1664 aitdi-

437 1703 520 1748 tur
543 1698 839 1764 fornicatio,
870 1698 1038 1769 qualis
1082 1717 1175 1753 nec
1202 1702 1337 1754 inter
1366 1709 1541 1773 gentes
1574 1700 1635 1771 (1
1666 1700 1786 1755 Cor.
1815 1719 1880 1767 v.,
1932 1702 2016 1772 1).

2138 514 2373 583 plurimi,
2422 515 2577 585 quasi
2627 513 2755 567 vino
2783 510 2983 566 madidi
3032 508 3322 579 torpebant
3366 509 3614 579 resoluti,
3669 524 3729 570 et

2137 606 2539 659 animositatum
2586 613 2825 668 tumore,
2858 602 3155 671 jurgiorum
3180 601 3545 667 contentione,
3576 603 3725 658 invi-

2135 694 2235 749 diae
2281 696 2566 765 capacibus
2597 696 2612 725 ί
2656 694 2906 761 ungulis,
2958 690 3255 746 indisereto
3304 690 3435 747 boni
3482 693 3722 763 malique

2128 787 2331 855 judicio
2360 787 2722 856 carpebantur
2746 802 2759 849 ;
2812 784 2886 837 ita
2920 790 2977 836 ut
3004 782 3308 852 perspicue,
3336 782 3473 837 sicut
3497 793 3553 837 et
3575 800 3721 840 nunc

2134 886 2245 942 est,
2288 878 2483 946 effundi
2514 876 2785 929 videretur
2810 874 3120 943 contemptio
3146 889 3299 943 super
3325 874 3618 943 principes,
3660 883 3718 929 et

2132 966 2305 1020 seduci
2332 967 2478 1019 vanis
2515 980 2691 1018 eorum
2732 971 2779 1015 et
2802 978 2977 1016 errore
3001 972 3021 996 ι
3044 1002 3058 1029 ,
3090 963 3144 1015 in
3173 962 3310 1016 invio
3338 971 3389 1016 et
3416 979 3522 1017 non
3548 965 3605 1017 in
3633 966 3715 1018 via

2134 1053 2305 1126 (Psal.
2334 1071 2439 1122 cvi,
2470 1053 2583 1122 40).
2768 1136 2771 1137 ν

2200 1145 2330 1201 Cap.
2363 1162 2454 1200 χχ.
2489 1146 2568 1199 De
2596 1144 2843 1198 nuntiatis
2872 1142 3039 1197 subito
3068 1142 3317 1197 hostibus.
3346 1174 3421 1186 —-
3446 1153 3475 1191 I
3504 1142 3711 1199 Interea

2130 1238 2350 1293 volente
2392 1238 2502 1293 Deo
2532 1252 2761 1307 purgare
2791 1234 3044 1289 familiam
3071 1250 3257 1302 suam,
3293 1244 3348 1291 et
3368 1243 3518 1290 tanta
3542 1238 3709 1293 malo-

2128 1347 2247 1386 rum
2275 1330 2397 1386 labe
2425 1330 2675 1385 infectam
2706 1329 2891 1383 auditu
2923 1337 3125 1382 tantum
3152 1328 3515 1382 tribulationis
3535 1343 3708 1383 emcn-

2128 1424 2278 1492 dare,
2310 1440 2417 1477 non
2444 1423 2612 1493 ignoti
2650 1422 2881 1477 rumoris
2910 1421 3171 1491 penniger
3200 1435 3302 1474 ceu
3325 1420 3538 1473 volatus
3563 1434 3706 1475 arre-

2126 1527 2244 1573 ctas
2274 1519 2511 1571 omnium
2546 1524 2792 1586 penetrat
2824 1530 3012 1582 aures,
3059 1513 3171 1581 jam
3196 1513 3416 1583 jamque
3450 1512 3703 1567 adventus

2126 1620 2368 1664 veterum
2408 1608 2644 1662 hostium
2672 1607 2965 1661 volentium
3020 1605 3232 1675 penitus
3270 1612 3443 1658 totam
3476 1613 3495 1638 κ
3530 1602 3701 1658 delere

2127 1710 2181 1757 et
2211 1701 2511 1755 inhabitare
2540 1700 2700 1755 solito
2729 1714 2880 1753 more
2907 1713 2937 1751 a
2982 1696 3085 1751 line
3116 1710 3284 1764 usque
3313 1694 3379 1748 ad
3420 1693 3700 1748 terminum

436 1787 556 1843 Non
583 1791 755 1845 solum
780 1806 908 1847 vero
936 1792 1041 1848 hoc
1061 1792 1272 1861 vitium,
1296 1793 1390 1848 sed
1419 1793 1632 1848 fuerunt
1660 1793 1674 1830 ί
1702 1795 1879 1849 omnia
1902 1810 2021 1865 quae
2052 1794 2101 1855 B
2127 1796 2421 1863 regionem.
2452 1793 2801 1863 Nequaquam
2830 1801 3009 1845 tamen
3042 1791 3111 1844 ob
3141 1790 3245 1843 hoc
3273 1786 3583 1857 proficiunt,
3614 1787 3699 1840 sed

436 1882 679 1938 humanm
709 1894 911 1941 naturae
933 1886 1224 1941 accederet
1256 1888 1449 1951 solent,
1475 1894 1529 1941 et
1557 1888 1824 1957 praecipue
1849 1886 2017 1957 (quod

434 1981 489 2027 et
536 1990 677 2028 nunc
724 1990 939 2044 quoque
986 1977 1040 2030 in
1078 1992 1139 2031 ea
1191 1978 1353 2032 totius
1396 1978 1523 2032 boni
1553 1979 1747 2033 evertit
1774 1979 2017 2048 statim)

433 2065 612 2119 odium
632 2068 871 2121 veritatis
889 2068 985 2121 fuit
1000 2084 1121 2123 cum
1139 2070 1497 2124 assertoribus
1514 2071 1624 2125 suis
1642 2069 1689 2135 ιι,
1706 2086 1857 2124 amor
1870 2086 2019 2125 men-

432 2157 569 2211 dacii
592 2173 713 2212 cum
729 2162 839 2214 suis
861 2160 1289 2226 fabricatoribus,
1306 2163 1575 2232 susceptio
1589 2164 1713 2217 mali
1739 2179 1835 2234 pro
1852 2165 2013 2229 bono,

434 2249 711 2302 veneratio
740 2251 993 2319 nequitiae
1032 2268 1132 2321 pro
1157 2252 1512 2320 benignitate,
1538 2252 1737 2321 cupido
1770 2255 2020 2308 tenebra-

433 2357 549 2395 rum
579 2358 677 2413 pro
709 2344 842 2407 sole,
876 2344 1122 2413 exceptio
1165 2344 1385 2397 Satana:
1412 2359 1511 2413 pro
1541 2346 1727 2414 angelo
1758 2346 1885 2397 lucis
1918 2343 2019 2416 (II

434 2431 554 2487 Cor.
583 2451 663 2499 χι,
698 2434 823 2505 14).
856 2434 1205 2506 Ungebantur
1234 2450 1387 2503 reges
1416 2444 1471 2489 et
1503 2433 1521 2472 ι
1558 2452 1663 2489 non
1704 2451 1801 2505 per
1827 2437 2013 2501 Deum,

433 2524 529 2581 sed
559 2527 646 2593 qui
675 2527 883 2580 ceteris
911 2527 1239 2582 crudeliores
1267 2534 1543 2581 exstarent
1568 2543 1582 2593 ;
1625 2533 1680 2580 et
1708 2527 1867 2595 paulo
1898 2534 2020 2597 post

437 2616 505 2670 ab
526 2618 839 2671 unctoribus
862 2634 967 2673 non
998 2634 1096 2689 pro
1118 2619 1232 2673 veri
1262 2618 1659 2673 examinatione
1685 2618 2020 2672 trucidaban-

435 2713 545 2771 tur,
577 2706 696 2762 aliis
726 2708 912 2764 electis
939 2710 1277 2765 trucioribus.
1319 2708 1375 2764 Si
1404 2710 1525 2779 quis
1553 2724 1683 2764 vero
1709 2725 1897 2764 eorum
1923 2710 2018 2764 mi-

439 2798 582 2864 tior,
625 2809 680 2854 et
706 2802 935 2857 veritate
980 2803 1317 2873 aliquatenus
1364 2802 1588 2873 prepior
1634 2802 1926 2867 videretur,
1960 2803 2016 2858 in

432 2892 575 2948 hunc
602 2892 890 2949 Britanniae
927 2895 1079 2964 quasi
1109 2906 1146 2932 ιη
1179 2898 1554 2951 subversorem
1601 2896 1841 2950 omnium
1890 2896 2014 2951 odia

431 2980 647 3050 telaque
673 2984 790 3039 sine
819 2992 1070 3055 respectu
1100 2987 1489 3057 torquebantur
1519 2995 1567 3051 ιι,
1602 2995 1655 3041 et
1685 2986 1866 3041 omnia
1894 3000 2014 3053 qua:

429 3072 814 3142 displicuerant
845 3078 985 3143 Deo,
1034 3078 1457 3148 placuerantque
1488 3080 1509 3101 °
1532 3119 1547 3145 ,
1592 3079 1784 3148 sequali
1833 3078 2011 3133 saltim

2125 1887 2420 1957 comparati
2445 1886 2702 1955 jumentis
2732 1882 3122 1953 insipientibus,
3156 1879 3355 1935 strictis
3375 1878 3460 1951 (ut
3488 1877 3697 1946 dicitur)

2122 1978 2389 2034 morsibus
2419 1978 2645 2031 rationis
2674 1976 2883 2029 frenum
2909 1973 3279 2038 obfirmantes,
3312 1984 3409 2040 per
3428 1970 3592 2023 latam
3624 1967 3697 2021 di-

2120 2085 2401 2126 versorum
2432 2068 2705 2131 vitiorum,
2752 2066 3019 2134 mortique
3044 2073 3101 2100 ιιι
3141 2061 3375 2133 proclive
3420 2060 3696 2114 ducentem

2124 2162 2337 2232 (relicto
2365 2158 2620 2223 salutari,
2655 2157 2780 2212 licet
2806 2164 2977 2223 arcto,
3004 2152 3273 2223 itinere),
3329 2150 3696 2205 discurrebant

2121 2252 2285 2307 viam.

2193 2344 2323 2399 CAP.
2355 2362 2465 2400 χχι.
2509 2343 2589 2398 De
2618 2345 2821 2415 famosa
2844 2349 2999 2411 peste.
3024 2336 3246 2389 -—Dum
3272 2347 3400 2402 ergo
3431 2332 3526 2405 (ut
3550 2331 3694 2387 Salo-

2120 2451 2247 2491 mon
2275 2436 2369 2506 ait)
2412 2452 2584 2489 seruus
2632 2434 2795 2487 durus
2825 2448 2925 2484 non
2955 2428 3256 2482 emendatur
3279 2424 3473 2488 verbis;
3520 2422 3692 2493 ﬂagel-

2122 2531 2258 2583 latur
2286 2530 2495 2594 stultus,
2516 2538 2567 2581 et
2588 2544 2691 2581 non
2714 2527 2869 2579 sentit
2902 2522 3080 2593 (Prov.
3112 2535 3262 2584 χχιχ,
3289 2516 3379 2588 19)
3407 2536 3418 2569 :
3449 2514 3691 2587 pestifera

2119 2635 2351 2688 namque
2380 2620 2495 2673 lues
2525 2617 2763 2672 feraliter
2802 2612 3073 2683 insipienti
3116 2610 3314 2681 populo
3348 2607 3589 2662 incubuit
3615 2604 3690 2670 δι’,

2120 2725 2238 2779 quae
2271 2712 2321 2764 in
2354 2711 2502 2765 brevi
2542 2719 2787 2778 tempore
2820 2716 2872 2744 εο
2909 2713 3111 2757 tantam
3148 2701 3261 2770 ejus
3283 2698 3688 2761 multitudinem,

2118 2809 2329 2855 remoto
2362 2816 2640 2867 mucrone,
2691 2798 2903 2864 sternit,
2953 2805 3208 2866 quantam
3250 2809 3318 2847 ne
3346 2803 3569 2863 possent
3597 2791 3689 2846 vivi

2116 2891 2358 2946 humare.
2393 2890 2498 2946 Sed
2530 2905 2597 2945 ne
2638 2890 2737 2944 hac
2765 2889 2981 2957 quidem
3004 2886 3357 2941 emendantur
3382 2883 3461 2948 δα,
3492 2892 3551 2937 ut
3573 2882 3690 2937 illud

2115 2983 2263 3039 Isaia:
2302 2982 2651 3055 prophetaein
2677 2997 2742 3035 eo
2769 2996 2983 3049 quoque
3004 2980 3201 3050 populo
3227 2988 3281 3015 ε·
3309 2977 3587 3047 impletum
3619 2975 3689 3027 di-

2116 3073 2404 3129 centis:Et
2434 3076 2625 3127 vocarit
2650 3072 2787 3126 Deus
2806 3069 3115 3141 populum”
3147 3069 3213 3121 ad
3244 3070 3529 3139 planctum,
3555 3075 3602 3119 et
3630 3065 3689 3117 ad

427 3162 582 3219 lance
604 3168 994 3235 pendebantur,
1018 3170 1062 3223 si
1091 3186 1194 3225 ηοιι
1217 3172 1457 3239 gratiora
1483 3170 1708 3225 fuissem
1733 3172 2016 3240 displicen.
2042 3176 2087 3239 ς
2119 3166 2397 3225 calvitium,
2416 3172 2463 3216 et
2485 3163 2553 3215 ad
2582 3162 2837 3233 cingulum
2864 3161 2999 3213 succi
3022 3175 3038 3211 :
3069 3174 3182 3211 ecce
3205 3166 3463 3227 coeperunt
3487 3165 3541 3201 εκ
3568 3156 3688 3208 ritu-

428 3252 499 3306 tia
531 3273 543 3306 :
578 3255 651 3309 ita
682 3263 741 3311 ut
770 3258 963 3312 merito
996 3259 1185 3328 patria:
1214 3260 1344 3313 illud
1382 3260 1688 3329 exemplum
1716 3269 1743 3309 P
1788 3261 2014 3330 prophe-

427 3343 610 3411 ticum,
644 3347 787 3416 quod
813 3358 1069 3403 veterano
1100 3360 1127 3398 ει
1156 3349 1232 3404 illi
1264 3351 1462 3420 populo
1490 3351 1863 3405 denuntiatum
1907 3359 2009 3418 est,

427 3438 659 3505 potuerit
688 3442 859 3511 aptari
887 3460 899 3494 :
931 3439 1083 3507 Filii,
1105 3442 1374 3512 inquiens,
1404 3444 1517 3498 sine
1539 3444 1647 3514 lege
1670 3443 2008 3514 dereliquistis

429 3523 704 3581 Dominum
728 3570 744 3597 ,
794 3539 843 3583 ct
886 3534 956 3583 ad
982 3531 1117 3585 iram
1149 3544 1168 3570 ι’
1200 3534 1517 3603 prouocastis
1545 3542 1780 3587 sanctum
1814 3531 2004 3587 Israel.

426 3614 563 3683 Quid
603 3619 771 3674 adhuc
800 3625 1199 3691 percunctemini
1226 3634 1247 3661 ι
1282 3634 1596 3696 apponentes
1639 3625 2010 3697 iniquitatem?

426 3703 594 3762 Omne
614 3718 767 3779 caput
796 3710 1097 3783 languidum
1126 3722 1173 3767 et
1202 3731 1351 3768 omne
1378 3732 1466 3769 cor
1486 3731 1702 3769 mazrens
1728 3732 1746 3769 :
1770 3733 1800 3768 a
1820 3716 2008 3785 planta

426 3799 567 3870 pedis
590 3817 750 3871 usque
778 3802 847 3855 ad
870 3804 1125 3869 verticem,
1160 3823 1263 3860 non
1292 3815 1367 3860 est
1397 3807 1449 3860 in
1479 3824 1538 3861 eo
1567 3808 1768 3861 sanitas
1802 3805 1936 3878 (Isa.
1966 3824 2002 3874 ι,

425 3890 587 3961 ι-δ).
641 3892 837 3964 Sicque
868 3896 1167 3964 agebantur
1199 3898 1216 3931 ί
1253 3909 1443 3952 cuncta
1471 3912 1591 3966 qua:
1611 3896 1772 3951 saluti
1800 3905 2009 3952 contra-

423 3981 498 4036 ria
524 3982 739 4051 fuerint,
793 4002 857 4041 ac
886 3988 930 4041 si
955 3988 1085 4042 nihil
1113 3989 1399 4059 largiretur
1428 3990 1628 4044 mundo
1664 3981 1942 4044 medicinae
1972 4004 2005 4045 a

423 4089 546 4129 vero
559 4078 798 4133 omnium
826 4074 1177 4135 medico“.Et
1217 4097 1323 4137 non
1349 4082 1522 4137 solum
1552 4082 1654 4136 hac
1671 4090 1696 4120 τ
1719 4080 2002 4135 szeculares

424 4167 517 4221 viri
542 4207 556 4228 ,
606 4160 711 4227 sed
729 4180 783 4227 et
807 4173 924 4242 ipse
951 4188 1084 4243 grex
1112 4172 1326 4230 Domini
1354 4173 1577 4243 ejusque
1604 4181 1876 4245 pastores.
1907 4171 1999 4243 (ιυί

488 4424 513 4490 τι
544 4414 709 4490 Edit.,
738 4428 1063 4490 peccatorum
1084 4434 1245 4475 onera
1273 4418 1599 4474 sustinenda.

490 4484 517 4522 δ
548 4484 701 4541 Edit.
723 4484 995 4543 omittunt.

493 4565 515 4640 ξ
547 4555 713 4640 Edit.,
743 4568 790 4640 et
814 4560 990 4640 fortis.

488 4623 515 4662 ά
543 4625 641 4698 llic
669 4623 851 4698 incipit
876 4645 993 4698 cap.
1028 4645 1115 4685 XIV
1144 4630 1198 4684 in
1228 4645 1327 4685 ms.
1364 4628 1521 4683 Cant.

420 4705 515 4821 In:
544 4697 787 4821 Hgbernii
800 4700 1031 4821 famam,
1055 4709 1168 4773 post
1203 4716 1304 4754 non
1335 4700 1565 4769 longum.
1596 4698 1737 4755 Joss.
1769 4707 1824 4754 et
1850 4698 1997 4756 Beda

502 4806 515 4820 .
540 4784 579 4821 ι.
613 4785 732 4821 can.
836 4811 849 4821 .

502 4806 515 4820 .
540 4784 579 4833 ι,
613 4785 732 4833 cap.
763 4784 849 4823 ιι.

491 4785 515 4820 ι.
721 4810 732 4823 .
836 4811 849 4823 .

491 4834 514 4915 ἰ
735 4785 1003 4895 abducitur
1017 4844 1238 4915 famis...
1258 4842 1478 4896 tacite...
1500 4839 1721 4894 Rectius
1742 4838 1992 4897 fortasse.

488 4914 519 4977 Ξ
549 4909 716 4977 Edit.,
742 4915 1000 4967 vastitate.

493 4974 523 5020 δ
545 4974 713 5048 Edit.,
744 4982 950 5036 habere.

497 5056 517 5124 ξ
544 5049 709 5124 Edit.,
742 5063 793 5106 et
821 5056 1049 5124 fuerunt.

495 5121 514 5171 l
551 5120 714 5187 Edit.,
740 5120 993 5179 accidere.

490 5188 519 5267 ξ
550 5192 753 5267 Desunt
778 5196 907 5267 edit.
942 5197 1039 5267 fuit
1063 5202 1119 5251 et
1145 5194 1273 5249 suis.
1312 5192 1507 5248 Statim
1529 5206 1692 5261 vero,
1724 5208 1987 5264 amorque.

492 5258 515 5299 ι
547 5262 711 5319 Deest
734 5274 784 5317 et
806 5266 931 5319 edit.

493 5340 533 5369 ω
548 5331 728 5407 _Edit.,
750 5337 897 5407 quasi
920 5335 1228 5390 Britannice.

488 5410 518 5438 ⁸³
739 5402 1224 5479 σ’ρηιονᾳιιεὸαηῑιέν.

462 5482 519 5537 ~.°
544 5472 711 5547 Edit.,
742 5472 1116 5546 displicuerint,
1142 5476 1349 5547 Deoque
1372 5474 1680 5547 placuerint.

489 5553 519 5593 P
547 5543 707 5618 Deest
732 5543 1019 5618 exemplum
1044 5548 1173 5603 edit.

492 5623 522 5683 ι]
546 5613 715 5683 Edit.,
746 5613 923 5673 veteri.

492 5678 516 5707 '
543 5678 710 5751 Edit.,
741 5686 973 5744 Deum...
1006 5687 1351 5743 iracundiam.

501 5764 522 5791 ³
547 5753 723 5827 Edit.,
756 5759 1126 5827 percutiemitti.
1158 5757 1323 5813 Bene.

493 5827 512 5863 ί
546 5822 716 5893 Edit.,
745 5822 982 5897 agebant.

2122 3256 2200 3309 los
2230 3255 2461 3309 occidere
2484 3262 2532 3307 et
2551 3253 2794 3325 jugulare
2822 3253 3040 3315 arietes;
3066 3266 3179 3303 ecce
3198 3248 3512 3301 manducare
3537 3256 3587 3299 et
3622 3245 3686 3297 bi-

2122 3345 2237 3400 bere
2264 3357 2313 3400 et
2341 3347 2510 3401 dicere
2550 3360 2569 3400 :
2608 3343 2981 3398 Manducemus
3021 3351 3069 3395 et
3115 3340 3376 3404 bibamus,
3410 3355 3525 3391 cras
3565 3338 3686 3389 enim

2119 3440 2398 3492 moriemur
2444 3436 2580 3510 (Isa.
2610 3452 2743 3503 χχιι,
2772 3434 2860 3501 12,
2886 3432 2993 3505 l5).
3022 3432 3503 3502 Appropinquabat
3529 3429 3680 3499 siqui-

2119 3530 2239 3585 dem
2271 3538 2485 3599 tempus
2515 3544 2622 3598 quo
2650 3528 2764 3597 ejus
2794 3526 3126 3595 iniquitates,
3160 3532 3216 3577 ut
3238 3522 3685 3583 Amorrbmorum,

2117 3621 2535 3690 complerentur.

2183 3712 2312 3768 CAP.
2330 3730 2459 3767 χχιι.
2485 3713 2564 3766 De
2592 3711 2904 3769 consilio.—
2921 3708 3092 3763 Initur
3120 3720 3352 3775 namque
3379 3704 3685 3761 consilium:

2111 3804 2237 3873 quid
2273 3806 2556 3874 Optimum,
2591 3803 2787 3873 quidve
2813 3800 3223 3855 saluberrimum
3249 3798 3317 3851 ad
3357 3794 3686 3867 repellendas

2110 3905 2217 3951 tam
2246 3897 2461 3951 crebras
2492 3904 2546 3949 et
2572 3903 2680 3949 tam
2706 3894 2900 3949 ferales
2920 3890 2980 3929 ιλιι
3006 3892 3433 3962 supradictarum
3456 3888 3685 3957 gentium

2108 3988 2434 4059 irruptiones
2462 3988 2797 4057 praedasque,
2827 3984 3042 4039 decerni
3070 3984 3251 4054 potius
3290 3980 3333 4019 ίί
3368 3981 3610 4036 deberet.

2182 4079 2311 4135 CAP.
2344 4094 2493 4134 χχιιι.
2526 4078 2604 4132 De
2632 4078 2844 4133 swviore
2871 4077 3029 4130 multo
3053 4077 3235 4147 primis
3265 4075 3426 4131 hoste.
3454 4104 3527 4115 —
3556 4070 3681 4125 Tum

2110 4188 2298 4230 omnes
2336 4172 2628 4229 consiliarii
2668 4186 2774 4226 una
2808 4170 2853 4222 il
2892 4185 3015 4226 cum
3034 4169 3268 4239 superbo
3296 4175 3525 4240 tyranno
3552 4164 3680 4220 Gur-

2023 4419 2078 4481 D
2148 4426 2201 4489 7“
2226 4418 2391 4489 Edit.,
2422 4421 2614 4476 mundo
2637 4418 2893 4474 medicina
2915 4435 2946 4474 a
2969 4434 3084 4473 vero
3108 4419 3337 4474 omnium
3366 4419 3563 4472 medico
3586 4418 3675 4473 lar-

2106 4488 2323 4559 giretur.

2176 4572 2203 4600 ν
2232 4561 2400 4631 Edit.,
2428 4562 2558 4617 Itwc.

2177 4640 2203 4667 κ
2234 4630 2438 4688 Desunt
2477 4632 2607 4688 edit.
2639 4637 2688 4686 et
2715 4630 2889 4685 seduci
2921 4630 3070 4683 vanis
3098 4644 3271 4682 eorum
3302 4635 3350 4680 et
3370 4645 3563 4683 errore.
3611 4656 3673 4669 -ι

2102 4696 2238 4757 Bibl.
2268 4702 2370 4757 PP.
2395 4702 2591 4768 Paris.,
2623 4720 2777 4771 super
2804 4700 3089 4771 principes,
3112 4702 3198 4769 qui
3228 4714 3313 4753 eos
3338 4704 3569 4769 facerent
3593 4714 3669 4754 er-

2100 4785 2221 4826 rare
2246 4775 2303 4827 in
2330 4774 2486 4837 invio,
2510 4782 2559 4825 et
2583 4788 2686 4826 non
2714 4774 2767 4825 in
2800 4774 2901 4826 via.

2172 4853 2199 4891 γ
2231 4842 2329 4897 Hic
2354 4843 2543 4911 incipit
2569 4852 2731 4911 caput
2759 4858 2826 4897 xv
2853 4842 2907 4896 in
2937 4855 3037 4897 ms.
3070 4838 3229 4894 Cant.

2175 4923 2196 4948 κ
2227 4912 2386 4966 Deest
2416 4922 2577 4966 totam
2606 4912 2735 4965 edit.

2173 4992 2229 5018 ιω
2258 4982 2419 5047 Edit.,
2448 4982 2515 5034 ad
2546 4990 2783 5036 mortem.

2169 5051 2227 5090 δι’
2253 5052 2415 5111 Edit.,
2442 5052 2707 5106 incumbit.

2172 5133 2225 5193 ff
2260 5123 2418 5193 Deest
2443 5132 2669 5193 tempore
2692 5122 2823 5178 edit.

2166 5190 2223 5230 δά
2253 5192 2391 5247 Edit.
2404 5235 2418 5257 ,
2449 5190 2769 5247 emendatur.

2169 5273 2225 5334 ἐξ
2257 5264 2417 5318 Deest
2444 5264 2630 5334 papula
2658 5264 2788 5317 edit.

2170 5332 2219 5371 Π
2246 5334 2405 5389 Deest
2432 5332 2675 5404 populum
2703 5334 2831 5404 edit.

2167 5414 2223 5452 ss
2254 5406 2415 5459 Deest
2446 5403 2705 5472 eceperunt
2733 5403 2863 5458 edit.
2888 5465 2893 5470 ,

2164 5473 2223 5546 illi
2251 5474 2421 5546 Edit.,
2455 5473 2766 5546 refellenda
2798 5482 2904 5528 tam
2932 5473 3121 5546 ferales
3144 5480 3193 5528 et
3216 5481 3319 5528 tam
3348 5472 3576 5531 crebras.

2170 5544 2215 5582 ίί
2247 5545 2404 5598 Deest
2426 5544 2597 5613 potius
2629 5544 2758 5598 edit.

2166 5617 2178 5664 ι
2198 5616 2210 5664 l
2251 5613 2418 5679 Edit.,
2437 5630 2558 5668 uno.

2171 5756 2188 5787 ⁸
2219 5753 2305 5809 An
2335 5754 2651 5827 rapacibus?
