3988 6346
215 323 294 382 345

1151 315 1355 376 LIBER
1391 311 1783 388 QUERULUS.
1825 311 2003 371 PARS
2040 315 2082 372 I.
2123 315 2466 378 HISTORIA.

3328 329 3436 386 546

214 437 456 506 thrigerno
473 431 853 490 Britannorum
877 433 1014 490 duce
1029 441 1056 472 ι
1082 441 1371 501 caecantur,
1402 440 1458 488 et
1479 431 1508 470 ι)
1535 432 1755 488 adinve-
1779 431 1832 490 Δ
1859 443 2122 502 agrosque
2137 433 2421 504 populans,
2450 437 2543 506 qui
2569 445 2591 475 ι
2618 451 2728 494 non
2743 439 2948 510 quievit
2970 454 3245 510 accensus,
3263 440 3440 502 donec

215 528 391 584 cientes
425 522 536 580 tale
581 525 901 596 praesidium,
954 525 1062 580 imo
1107 525 1376 582 excidium
1422 524 1610 596 patria:
1634 565 1649 590 ,
1700 532 1760 590 ut

215 616 501 676 ferocissimi
539 615 615 670 illi
643 614 859 671 nefandi
887 615 1117 671 nominis
1145 615 1408 683 Saxones,
1442 616 1552 671 Deo
1580 615 1756 672 homi-

215 711 446 779 nibusque
471 707 647 775 invisi,
696 706 848 776 quasi
873 707 928 762 in
957 706 1138 762 caulas
1165 707 1297 778 lupi,
1350 708 1403 762 in
1433 707 1662 762 insulam
1691 705 1760 762 ad

213 799 534 861 retrudendas
564 811 587 840 ο
639 800 972 870 aquilonales
1017 810 1205 871 gentes
1253 803 1758 859 intromitterentur.

212 895 308 963 Quo
329 893 513 962 utique
543 891 674 947 nihil
697 893 746 947 ei
777 905 1002 962 usquam
1032 893 1404 962 perniciosius,
1448 894 1580 949 nihil
1609 909 1761 950 ama-

211 988 302 1045 rius
325 985 526 1040 factum
569 992 667 1040 est.
714 981 759 1040 0
787 984 1102 1041 altissimam
1140 1001 1326 1042 sensus
1355 987 1676 1055 caliginem,
1729 1004 1763 1044 ο

211 1080 578 1153 desperabilem
601 1079 929 1149 crudamque
956 1080 1152 1135 mentis
1183 1080 1589 1136 hebetudinem!
1616 1079 1763 1147 Quos

208 1174 508 1246 propensius
537 1181 732 1240 morte,
765 1189 886 1229 cum
915 1172 1185 1243 abessent,
1218 1174 1540 1241 tremebant,
1570 1183 1766 1246 sponte

210 1269 293 1338 (ut
328 1267 402 1320 ita
433 1264 641 1336 dicam)
677 1265 776 1320 sub
805 1265 961 1320 unius
991 1267 1119 1321 tecti
1149 1266 1383 1321 culmine
1412 1265 1715 1322 invitabant
1746 1285 1760 1322 :

206 1356 344 1413 Stulti
373 1364 495 1410 sunt
520 1353 546 1392 ἀ
577 1357 834 1426 principes
883 1357 904 1428 (
925 1364 984 1411 ut
1011 1357 1212 1412 dictum
1245 1356 1371 1426 est)
1424 1357 1684 1430 Tliafneos
1715 1370 1762 1427 ο,

207 1451 364 1503 dantes
397 1448 694 1502 Pharaonis
724 1449 993 1503 consilium
1017 1447 1316 1520 insipientif
1351 1449 1615 1523 (Isa.x1x,
1647 1449 1760 1522 il).

207 1539 318 1594 Tum
347 1555 641 1610 erumpens
663 1554 793 1609 grex
825 1540 1127 1596 catulorum
1157 1542 1224 1596 de
1245 1542 1408 1598 cubili
1438 1543 1621 1597 leaena:
1643 1542 1767 1598 bar-

202 1631 346 1685 bariae
362 1631 539 1685 tribus
568 1632 645 1702 (ut
668 1632 848 1701 lingua
864 1631 982 1702 ejus
1001 1634 1341 1704 exprimitur)
1365 1633 1562 1706 Cyulis,
1583 1645 1769 1692 nostra

201 1722 358 1791 lingua
385 1733 414 1771 ε
445 1723 626 1793 longis
649 1725 874 1780 navibus
896 1767 911 1791 ,
960 1727 1210 1783 secundis
1249 1727 1382 1782 velis
1407 1768 1424 1795 ,
1471 1728 1707 1784 secundo
1738 1725 1769 1766 ¹ι

1861 531 2054 580 cuncta
2127 540 2267 596 pene
2317 542 2547 583 exurens
2609 529 2796 584 insulae
2869 533 3209 603 superﬁciem
3274 535 3441 592 rubra

1861 615 2250 673 occidentalem
2295 619 2535 688 trucique
2575 617 2847 675 Oceanum
2878 622 3056 692 lingua
3084 625 3437 684 delamberet.

1860 706 1920 762 In
1946 710 2051 764 hoc
2077 722 2206 777 ergo
2236 709 2438 780 impetu
2469 710 2717 783 Assyrio,
2768 711 2898 767 olim
2945 721 3005 768 ut
3047 714 3101 770 in
3147 715 3385 772 Judaeam
3411 717 3434 756 ι

1861 800 2245 870 comparando,
2290 803 2582 872 completur
2618 817 2833 873 quoque
2879 804 2934 859 in
2964 805 3117 860 nobis
3143 807 3442 866 secundum

1863 890 2235 960 bistoriam,ut
2263 893 2457 948 dicitur
2481 903 2543 948 ιιι
2577 893 2924 952 Incenderunt
2951 897 3059 969 igni
3087 900 3443 955 sanctuarium

1865 991 2005 1038 tuum
2027 1025 2043 1051 ,
2095 985 2148 1038 in
2193 993 2331 1040 terra
2366 987 2661 1058 polluerunt
2702 988 3088 1044 tabernaculum
3117 990 3343 1045 nominis
3369 993 3445 1047 tui

1868 1076 2040 1148 (Psal.
2070 1095 2262 1145 Lxxm,
2293 1077 2372 1153 7).
2423 1078 2489 1134 Et
2517 1081 2710 1136 iterum
2740 1082 2868 1137 dicit
2891 1093 2916 1120 ν
2955 1100 2968 1136 :
3007 1081 3167 1147 Deus,
3199 1089 3445 1138 uenerunt

1866 1180 2043 1243 gentes
2062 1173 2119 1226 in
2143 1172 2494 1228 haereditatem
2525 1183 2694 1244 tuam,
2738 1175 3032 1245 polluerunt
3053 1174 3297 1245 templum
3316 1191 3446 1230 san-

1868 1271 2004 1317 ctum
2036 1272 2175 1318 tuum
2205 1264 2374 1337 (Psal.
2407 1281 2627 1332 Lxxvm,
2655 1267 2736 1338 l),
2765 1276 2869 1322 etc.
2925 1267 3005 1321 Ita
3033 1275 3094 1322 ut
3119 1275 3326 1324 cunctae
3353 1283 3448 1324 co-

1868 1353 2064 1410 lumnae
2090 1365 2116 1392 ι
2163 1357 2365 1411 crebris
2410 1357 2704 1423 arietibus,
2760 1372 3054 1428 omnesque
3089 1359 3271 1415 coloni
3326 1374 3448 1416 cum

1869 1449 2172 1520 praepositis
2201 1449 2446 1504 ecclesiae
2467 1488 2482 1514 ,
2535 1464 2658 1504 cum
2704 1449 3071 1506 sacerdotibus
3117 1463 3180 1505 ac
3223 1450 3448 1521 populo,

1869 1539 2216 1596 mucronibus
2245 1539 2480 1609 undique
2499 1538 2821 1595 micantibus
2841 1553 2905 1595 ac
2929 1538 3158 1596 ﬂammis
3183 1542 3451 1611 crepitan-

1870 1631 2032 1696 tibus,
2065 1631 2223 1687 simul
2251 1631 2371 1686 solo
2399 1637 2790 1696 sternerentur,
2824 1639 2880 1685 et
2905 1632 3198 1687 miserabili
3225 1631 3365 1698 visu,
3396 1632 3452 1690 in

1873 1723 2052 1779 medio
2070 1723 2368 1794 platearum
2386 1763 2402 1791 ,
2433 1737 2540 1776 una
2571 1722 2796 1776 turrium
2826 1719 2973 1800 edito
3001 1720 3218 1776 cardine
3242 1723 3454 1778 evulsa~

199 1816 360 1870 omine
387 1815 734 1885 auguriisque
759 1833 774 1882 ;
806 1817 998 1886 quibus
1027 1817 1423 1873 vaticinabatur
1446 1828 1595 1875 certo
1619 1819 1763 1891 apud
1796 1809 1844 1870 B
1869 1831 1990 1870 rum
2018 1825 2079 1883 γ,
2128 1827 2514 1882 murorumque
2542 1813 2809 1868 celsorum
2835 1827 2986 1879 saxa,
3040 1827 3191 1867 sacra
3240 1813 3452 1880 altaria,

199 1925 304 1963 eum
334 1910 622 1978 praesagio,
669 1909 814 1980 quod
859 1917 944 1964 ter
969 1918 1187 1966 centum
1218 1911 1373 1965 annis
1397 1920 1594 1966 terram
1631 1911 1647 1950 ί
1682 1915 1770 1969 cui

194 2013 368 2069 proras
397 1999 627 2053 librarat
660 2000 673 2050 i
703 2041 718 2066 ,
765 1999 1024 2054 insideret
1054 2018 1065 2052 :
1099 2009 1315 2056 centum
1344 2016 1474 2056 vero
1500 2002 1769 2072 quinqua-

195 2091 356 2159 ginta,
390 2093 504 2147 hoc
541 2099 622 2146 est
649 2092 883 2148 demidio
915 2091 940 2130 ιτ
975 2094 1234 2164 temporis
1275 2095 1471 2166 saepius
1498 2110 1714 2166 quoque
1744 2093 1763 2133 ι

191 2189 442 2238 vastaret.
472 2181 705 2240 Evectus
744 2185 919 2254 primo
965 2185 1019 2239 in
1063 2186 1311 2241 orientali
1358 2194 1512 2256 parte
1560 2187 1764 2250 insulae,

192 2272 398 2342 iubente
432 2284 682 2347 tyranno,
717 2277 980 2332 terribiles
1009 2278 1180 2333 inﬁxit
1220 2293 1456 2349 ungues,
1491 2281 1645 2349 quasi
1669 2295 1769 2350 pro

189 2367 352 2433 patria
381 2375 720 2437 pugnaturus
743 2406 758 2432 ,
811 2368 907 2424 sed
937 2386 1057 2426 eam
1095 2372 1294 2428 certius
1340 2373 1764 2443 impugnaturus.

191 2454 280 2510 Cui
304 2458 618 2529 supradicta
649 2461 881 2529 genitrix
913 2463 1109 2532 (primo
1139 2465 1478 2534 comperiens
1506 2467 1704 2536 agmini
1728 2477 1766 2506 ω

188 2547 343 2604 fuisse
371 2553 774 2621 prosperatum)
800 2553 928 2606 item
959 2553 1122 2608 mittit
1149 2555 1440 2610 satellitum
1469 2573 1771 2629 canumque

186 2639 534 2708 prolixiorem
572 2649 832 2697 catastam
863 2643 880 2674 ¹
897 2685 913 2712 ,
937 2658 1056 2713 quae
1083 2645 1288 2700 ratibus
1311 2645 1532 2701 advecta
1561 2648 1770 2704 aduna-

183 2735 264 2783 tur
289 2745 424 2785 cum
455 2731 880 2802 manipularibus
905 2735 1120 2804 spuriis.
1162 2735 1295 2791 Inde
1319 2752 1540 2806 germen
1569 2739 1770 2810 iniqui-

180 2820 320 2886 tatis,
355 2821 518 2876 radix
549 2824 940 2893 amaritudinis,
985 2826 1251 2881 virulenta
1279 2829 1543 2898 plantatio
1572 2832 1773 2890 nostris

177 2911 450 2981 condigna
481 2915 708 2983 meritis,
742 2913 796 2970 i’n
824 2924 1009 2971 nostro
1038 2918 1260 2988 cespite,
1285 2918 1556 2976 ferocibus
1584 2921 1775 2991 palmi-

174 3003 312 3059 tibus
345 3007 737 3076 pampinisque
764 3009 1063 3076 pullulabat
1093 3018 1143 3064 ιι.
1195 3009 1364 3080 Igitur
1391 3012 1688 3070 intromissi
1719 3016 1773 3072 in

170 3095 416 3153 insulam
446 3098 684 3163 barbari,
708 3101 876 3154 veluti
902 3101 1176 3166 militibus,
1209 3112 1264 3158 et
1292 3119 1485 3174 magna
1509 3107 1588 3177 (ut
1617 3123 1773 3164 men-

1870 1909 2190 1965 cadaverum
2219 1907 2387 1961 frusta
2409 1947 2424 1972 ,
2474 1907 2667 1961 crustis
2694 1920 2758 1960 ac
2799 1904 3100 1974 gelantibus
3131 1913 3152 1940 κ
3195 1903 3455 1975 purpurei

1871 2001 2076 2058 cruoris
2101 2007 2280 2067 tecta,
2330 1999 2477 2054 velut
2520 1999 2575 2052 in
2619 1997 2850 2066 quodam
2880 1996 3150 2052 horrendo
3199 1994 3455 2052 torculari

1870 2093 2038 2147 mixta
2063 2091 2407 2158 viderentur,
2457 2098 2514 2146 et
2560 2090 2708 2145 nulla
2737 2097 2881 2144 esset
2911 2088 3234 2144 omnimodis
3262 2095 3455 2158 praeter

1871 2183 2160 2239 horribiles
2189 2192 2245 2221 αα
2282 2182 2567 2238 domorum
2593 2181 2798 2247 ruinas,
2824 2181 3118 2236 bestiarum
3150 2179 3456 2234 volucrum-

1871 2293 1977 2350 que
2006 2286 2222 2334 ventres
2254 2278 2306 2332 in
2359 2277 2536 2332 medio
2583 2275 2862 2346 sepultura
2884 2314 2900 2340 ,
2951 2273 3100 2328 salva
3147 2279 3456 2328 sanctarum

1872 2371 2172 2426 animarum
2200 2367 2507 2424 reverentia
2531 2384 2546 2433 ;
2597 2367 2646 2422 si
2673 2373 2853 2421 tamen
2883 2363 3064 2418 multae
3093 2363 3326 2417 inventae
3349 2360 3457 2416 sint

1872 2477 1990 2532 quae
2017 2461 2198 2517 arduis
2227 2459 2349 2516 coeli
2389 2474 2488 2530 per
2516 2457 2570 2513 id
2596 2456 2656 2496 δι’
2686 2457 2943 2529 temporis
2971 2470 3003 2510 a
3033 2454 3234 2511 sanctis
3257 2451 3457 2522 angelis

1871 2554 2206 2610 vehebantur
2223 2563 2298 2606 οο.
2321 2551 2400 2607 Ita
2425 2549 2568 2606 enim
2593 2548 3014 2619 degeneraverat
3037 2547 3195 2604 vinea
3220 2545 3311 2601 illa
3331 2544 3457 2600 olim

1872 2651 2016 2706 bona
2043 2652 2099 2705 in
2132 2647 2546 2704 amaritudinem
2571 2660 2729 2701 versa
2755 2642 2816 2682 ἀά
2835 2685 2851 2711 ,
2884 2644 2963 2700 uti
3010 2657 3134 2698 raro
3164 2639 3457 2698 secundum

1874 2743 2197 2815 prepbetam
2249 2738 2526 2794 videretur
2582 2747 2699 2808 post
2765 2744 2966 2808 tergum
3029 2733 3458 2788 vindemiatorum

1879 2835 1954 2904 (Μ
1965 2835 2064 2889 ich.
2095 2849 2186 2898 vn,
2220 2830 2274 2901 1)
2306 2838 2400 2885 aut
2426 2843 2727 2885 messorum
2757 2842 3004 2884 racemus
3029 2826 3116 2881 vel
3145 2826 3280 2895 ipsa.

1949 2923 2078 2980 CAP.
2105 2937 2230 2977 xxv.
2265 2919 2346 2975 De
2372 2919 2624 2990 reliquiis.
2655 2949 2728 2960 —
2754 2916 2942 2985 Itaque
2967 2915 3213 2970 nonnulli
3240 2913 3457 2968 misera-

1877 3031 2000 3072 rum
2026 3013 2374 3084 reliquiarum
2405 3010 2459 3064 in
2487 3007 2762 3064 montibus
2805 3005 3129 3077 deprehensi
3170 3002 3459 3061 acervatim

1875 3105 2258 3178 iugulabantur
2290 3119 2303 3156 :
2337 3101 2427 3155 alii
2453 3099 2594 3154 fame
2620 3097 2851 3155 confecti
2878 3096 3216 3162 accedentes,
3266 3107 3460 3149 manus

168 3189 485 3260 tiebantur)
507 3205 606 3260 pro
628 3191 782 3246 bonis
801 3191 1107 3250 discrimina
1121 3197 1424 3267 hospitibus
1443 3207 1466 3234 ο
1496 3199 1773 3267 subituris,
1801 3195 1851 3262 ο
1879 3198 2122 3254 hostibus
2149 3194 2348 3250 dabant
2376 3192 2429 3247 in
2453 3205 2625 3246 aevum
2648 3188 2899 3246 servituri
2925 3197 2979 3228 εο
3011 3206 3024 3242 :
3049 3186 3096 3243 si
3133 3196 3314 3240 tamen
3352 3198 3460 3240 non

169 3281 483 3354 inapetrant
529 3283 630 3338 sibi
683 3299 924 3341 annonas
965 3286 1100 3342 dari.
1151 3288 1280 3356 Qua:
1313 3290 1480 3345 multo
1531 3299 1773 3362 tempore

168 3373 476 3446 impertita!
500 3373 809 3432 clauserunt
844 3376 926 3447 (ut
954 3376 1172 3449 dicitur)
1213 3380 1362 3435 canis
1389 3381 1608 3438 famem.
1637 3382 1772 3439 Item

170 3468 486 3536 queruntur
518 3477 544 3516 P
572 3481 680 3523 non
709 3466 993 3525 afﬂuenter
1028 3469 1129 3525 sibi
1169 3471 1434 3541 epimenia
1479 3475 1769 3544 contribui,

169 3559 502 3615 occasiones
517 3558 585 3614 de
611 3558 870 3615 industria
897 3560 1222 3630 colorantcs;
1249 3571 1303 3618 et
1322 3563 1426 3618 nisi
1447 3572 1472 3612 (ι
1501 3565 1783 3636 profusior,

171 3647 241 3704 eis
263 3648 657 3705 munificentia
678 3651 1062 3718 cumularetur,
1094 3660 1358 3708 testantur
1385 3669 1446 3710 se
1472 3664 1666 3712 cuncta
1696 3656 1774 3712 in—

167 3737 294 3792 suis:
323 3747 506 3809 rupto
535 3739 736 3796 foedere
763 3739 1204 3812 depopulaturos.
1234 3743 1345 3800 Nec
1373 3761 1523 3803 mora
1547 3787 1562 3814 ,
1596 3750 1772 3808 minas

169 3825 466 3884 effectibus
496 3841 920 3900 prosequuntur.

233 3917 369 3979 CAP.
398 3935 559 3976 xxrv.
593 3919 672 3976 De
699 3921 900 3977 urbium
925 3922 1352 3981 subversione.—
1369 3927 1771 3991 Confovebatur

168 4022 405 4080 namque
431 4009 663 4066 ultionis
677 4010 834 4081 justas
852 4013 1268 4083 praecedentium
1290 4019 1554 4076 scelerum
1581 4038 1764 4094 causa,

166 4099 226 4156 de
253 4105 399 4159 mari
434 4116 616 4172 usque
639 4101 708 4157 ad
743 4119 891 4160 mare
934 4105 1070 4175 ignis
1116 4108 1394 4165 orientalis
1425 4121 1446 4149 τ
1479 4114 1768 4186 sacrilego-

167 4207 275 4250 rum
299 4211 488 4254 manu
511 4205 884 4266 exaggeratus,
908 4205 964 4252 et
987 4197 1237 4256 ﬁnitimas
1256 4214 1496 4275 quasque
1521 4207 1766 4274 civitates

229 4387 255 4450 fl
285 4379 448 4445 nam,
473 4378 855 4450 Gurthrigerno
872 4376 1244 4450 Britannorum
1257 4380 1404 4450 duce,
1422 4381 1618 4443 desunt
1631 4387 1759 4446 edit.

227 4447 256 4488 δ
281 4451 636 4521 conjunctio
666 4447 716 4521 et
739 4447 893 4521 deest
915 4448 1046 4504 edit.
1388 4447 1395 4450 τ
1575 4449 1583 4455 .
1631 4450 1636 4455 ,

229 4531 251 4559 ε
283 4516 441 4577 Εᾱίἱ.
453 4561 473 4587 ,
503 4516 878 4574 retundendus.

226 4591 250 4626 ά
275 4591 455 4649 Deest
486 4601 617 4647 sunt
647 4591 776 4647 edit.

231 4675 252 4698 τ
279 4661 432 4719 Edit.
444 4703 462 4730 ,
506 4661 734 4716 Taneos.

231 4730 250 4769 ί
282 4732 432 4790 Edit.
447 4776 467 4802 ,
498 4733 784 4802 insipiens.

229 4810 253 4874 β
278 4803 456 4874 Deest
485 4804 674 4874 lingua
701 4802 829 4874 edit.

225 4868 250 4908 ¹³
281 4873 457 4931 Deest
486 4868 721 4928 secundo
749 4873 878 4928 edit.

231 4942 244 4981 ί
277 4943 436 5002 Edit.
448 4985 466 5009 ,
505 4946 754 5009 patriam

229 5016 243 5064 Ι
277 5013 460 5083 Edit.,
497 5013 751 5069 librabat.

224 5083 249 5154 ξ
277 5083 459 5154 Edit,,
498 5085 745 5140 dimidio.

233 5153 244 5192 ¹
282 5157 467 5228 Deest
497 5171 703 5228 quoque
733 5156 860 5210 edit.

227 5235 264 5264 π’
289 5225 474 5295 Edit.,
511 5225 839 5299 comperiens
868 5227 1035 5298 primo
1057 5229 1276 5299 agmini.

221 5309 250 5337 ¹³
278 5299 460 5366 Edit.,
496 5297 745 5369 pullulat.

225 5372 246 5393 ’
272 5370 460 5436 Edit.,
496 5366 823 5441 Discrimina
851 5385 958 5441 pro_
969 5368 1114 5441 bonis
1141 5369 1444 5441 hospitibus.

221 5451 251 5564 ξ
477 5442 736 5524 (excepta
761 5438 898 5496 Bibl.
929 5439 1032 5495 PP.
1063 5438 1280 5512 Paris"),
1313 5456 1629 5515 quwruntur.

365 5533 380 5568 I
417 5553 462 5568 ο.
499 5528 580 5564 ηπ.

221 5523 250 5564 ιι
278 5513 462 5579 Edit.,
499 5513 580 5564 ni.

228 5595 248 5621 τ
279 5584 438 5640 Edit.
451 5623 470 5650 ,
505 5582 772 5638 orientali.

223 5661 246 5691 '
276 5655 459 5714 Deest
487 5657 584 5726 qui
606 5655 736 5710 edit.

223 5724 732 5810 t-Eili‘tnn—Judam.
758 5759 833 5771 —
872 5725 1036 5786 Addit
1059 5730 1197 5800 facta
1238 5744 1338 5802 pro
1379 5737 1751 5810 comparanda.

157 5796 288 5856 Bibl.
312 5799 428 5854 PP.
457 5796 646 5856 Paris.

219 5881 245 5910 ³
271 5870 454 5944 Edit.,
487 5873 635 5942 quod
655 5874 907 5945 prapheta
927 5873 1204 5947 deplorans
1223 5875 1316 5931 ait.

1876 3289 2134 3347 continuo
2162 3283 2601 3348 trucidarentur;
2632 3279 2778 3350 quod
2811 3278 3084 3336 altissimae
3122 3275 3307 3346 gratiae
3343 3280 3458 3330 sta-

1875 3380 1971 3436 bat
1997 3379 2052 3434 in
2079 3377 2202 3433 loco
2233 3373 2286 3415 η
2320 3392 2333 3429 :
2367 3372 2458 3428 alii
2499 3370 2886 3427 transmarinas
2912 3367 3171 3440 petebant
3215 3364 3461 3434 regiones

1876 3487 1999 3528 cum
2016 3469 2225 3527 ululatu
2248 3480 2468 3536 magno,
2497 3477 2594 3520 seu
2617 3459 2993 3520 celeusmatis'
3019 3458 3160 3526 vice,
3176 3457 3282 3512 hoc
3301 3453 3461 3510 modo

1845 3601 1852 3606 ι
1876 3565 1976 3621 sub
2001 3563 2244 3621 velorum
2274 3559 2478 3616 sinibus
2505 3561 2788 3614 cantantes
2821 3570 2835 3606 :
2867 3551 3071 3607 Dedisti
3090 3565 3186 3606 nos
3217 3555 3461 3620 tanquam

1877 3677 1992 3716 oves
2023 3671 2276 3722 escarum,
2307 3662 2358 3709 et
2378 3653 2434 3708 in
2479 3650 2714 3724 gentibus
2745 3645 3037 3720 dispersisti
3073 3659 3188 3711 nos,
3221 3641 3364 3697 Deus
3393 3647 3453 3690 η

1877 3750 2050 3825 (Psal.
2065 3765 2213 3816 xuii,
2237 3746 2353 3817 1‘2):
2372 3743 2463 3800 alii
2479 3740 2580 3798 abh
2595 3739 2865 3798 montanis
2887 3737 3138 3804 collibus,
3163 3732 3461 3791 minacibus

1870 3844 2156 3920 praeruptis
2179 3838 2362 3895 vallati
2389 3845 2445 3893 et
2485 3833 2813 3892 densissimis
2856 3831 3081 3888 saltibus
3119 3827 3453 3896 marinisque

1872 3917 2116 4010 rupibus,
2147 3935 2316 3990 vitam
2343 3937 2592 4002 suspecta
2621 3940 2834 3998 semper
2863 3930 3045 3981 mente
3073 3920 3380 3987 credentes,
3400 3917 3459 3972 in

1872 4009 2050 4104 patria
2079 4029 2206 4085 licet
2233 4025 2428 4098 trepidi
2454 4020 2786 4094 perstabant.
2825 4016 3162 4084 HTempore
3191 4012 3352 4080 igitur
3380 4009 3459 4065 in-

1875 4103 2230 4187 terveniente,
2261 4119 2536 4188 aliquanto
2560 4129 2684 4172 cum
2708 4109 3065 4168 recessissent
3087 4103 3305 4158 dommn
3329 4116 3458 4157 cru-

1872 4219 2130 4279 delissimi
2158 4213 2437 4289 praedones
2457 4252 2474 4280 ,
2515 4195 2788 4265 reboratas
2815 4217 2847 4260 a
2871 4199 3102 4256 Domino
3135 4195 3180 4249 li
3219 4193 3460 4267 reliquie

1947 4404 1974 4435 ν
2001 4394 2168 4449 Deest
2193 4388 2322 4445 edit.

1941 4473 1970 4502 ι
1999 4463 2166 4529 Edit.,
2193 4456 2432 4514 coloniae.

1939 4545 1969 4584 γ
1998 4514 2166 4599 Elin;
2195 4530 2420 4585 adito...
2445 4524 2837 4599 avulsarum.—
2852 4517 2989 4575 Bibl.
3005 4514 3112 4573 PP.
3131 4515 3329 4585 Paris.,
3352 4531 3459 4572 una

1787 4572 1844 4633 Β
1869 4572 2092 4660 turrium
2120 4572 2335 4656 cardine
2369 4598 2565 4653 avulso.

1945 4659 2134 4730 1I’Edit.
2154 4715 2170 4741 ,
2211 4667 2580 4742 sig‘illantibus.
2603 4697 2684 4742 _——
2707 4660 2843 4718 Bibl.
2877 4659 2982 4718 PP.
3013 4659 3183 4717 Paris.
3204 4700 3223 4731 ,
3270 4661 3456 4718 crustis

1807 4745 1810 4750 ’
1869 4764 2056 4818 purp.,
2073 4736 2667 4818 intermedi_i_s__omis_s_is.

1942 4809 2000 4854 ηἳι
2028 4809 2188 4871 Deest
2219 4812 2491 4869 horribiles
2519 4809 2649 4865 edit.

1939 4884 2466 4957 hbiPrznpositionem
2487 4880 2755 4957 omittunt.
2763 4876 2898 4957 _edit_.
2911 4907 2985 4957 —_-
2994 4874 3164 4934 Paulo
3177 4883 3304 4934 ante
3312 4875 3452 4932 Bibl.

1867 4955 1971 5014 PP.
2005 4947 2203 5026 Parii,
2225 4971 2340 5027 qua:
2369 4952 2437 5006 ad
2467 4951 2635 5006 ardua
2661 4947 2775 5005 εαξιὶ
2797 4965 2814 5004 :
2839 4947 3059 5005 clarius.

1941 5039 1998 5068 επ
2030 5027 2200 5095 Edit.,
2226 5025 2549 5095 veherentur.

1937 5097 1994 5137 δά
2021 5094 2190 5154 Deest
2211 5112 2360 5150 uersa
2384 5094 2514 5149 edit.

1941 5180 1996 5208 σε
2026 5169 2172 5238 Edit.
2199 5167 2450 5238 (excepta
2475 5162 2635 5238 Bibl,
2652 5160 2757 5218 PP.
2783 5159 3003 5231 Paris.),
3029 5156 3305 5214 servaturi.

1941 5237 1992 5278 Η
2025 5237 2187 5293 Deest
2209 5232 2523 5307 praepositio
2550 5232 2682 5288 edit.

1937 5319 1994 5358 ss
2023 5307 2185 5363 Deest
2205 5307 2346 5362 Deus
2370 5308 2498 5362 edit.

1935 5377 1992 5418 ιιι
2017 5376 2462 5450 Ριδωροείῑὶοηθιη
2514 5379 2772 5435 omittunt
2797 5373 2952 5440 edit.,
2981 5380 3038 5428 et
3081 5386 3210 5428 mox
3245 5369 3452 5429 vallatis

1861 5451 2068 5522 habent
2094 5465 2194 5522 pro
2221 5450 2418 5505 vallati.

1939 5519 1989 5594 *ἓ
2019 5513 2124 5594 Hie
2151 5521 2338 5594 incipit
2365 5528 2529 5594 caput
2556 5525 2685 5578 xvin
2712 5519 2768 5577 in
2792 5533 2896 5574 ms.
2923 5513 3081 5572 Cant.

1936 5593 1982 5645 ii
2014 5591 2184 5662 Edit.,
2208 5609 2241 5647 a
2270 5591 2401 5649 Deo.

1934 5735 1953 5767 ⁸
1981 5731 2118 5790 Bibl.
2151 5733 2256 5790 PP.
2287 5734 2486 5802 Paris.,
2514 5743 2800 5790 catervam.

1862 5804 2440 5934 Pa:isltescribendum
2489 5823 2580 5864 ceu
2621 5803 2949 5862 celcusmatis
2997 5820 3121 5862 cum
3154 5803 3294 5886 Bibl.
3341 5803 3444 5860 PP.
