3970 6458
548 364 656 427 347

1428 362 1654 427 δίωκε
1694 360 2043 425 sanemus
2084 368 2167 425 DE
2206 369 2479 427 EXClDlO
2518 358 2906 431 bitlTANNltE

3725 387 3823 445 548

553 484 767 556 (quibus
788 482 1100 555 confugiunt
1121 483 1361 553 undique
1390 480 1613 538 diversis
1638 481 1690 535 in
1719 481 1852 536 locis
1884 489 1909 518 κ
1940 481 2131 535 miser—
2158 487 2207 546 Α
2234 483 2357 537 blici
2399 484 2701 555 privatique
2730 494 2768 521 τη
2790 527 2804 551 ,
2859 484 3166 541 sacerdotes
3220 488 3573 549 ecclesiastici
3607 512 3772 551 suum
3800 512 3820 537 θ

548 577 668 631 rimi
694 578 867 643 cives,
918 584 1025 630 tam
1056 576 1211 630 avide
1247 589 1407 644 quam
1450 588 1579 644 apes
1625 574 1845 629 alvearii
1892 564 2127 643 procella

548 668 896 739 imminente)
918 711 934 737 ,
982 668 1140 722 simul
1180 666 1535 737 deprecantes
1566 679 1689 719 eum
1716 672 1832 719 toto
1862 663 2046 729 corde,
2077 671 2133 718 et

548 760 631 832 (ut
660 760 873 830 dicitur)
906 761 1192 814 innumeris
1217 767 1489 814 onerantes
1520 759 1715 813 tet/tera
1756 759 1917 825 votis,
1969 772 2035 811 ne
2065 756 2131 810 ad

546 853 973 909 internecionem
1019 854 1093 907 ita
1133 866 1519 923 usquequaque
1548 850 1575 891 δ
1607 851 1949 914 delerentur,
1995 850 2132 904 duce

550 948 837 1003 Ambrosio
867 948 1157 1001 Aureliano
1184 947 1301 1000 viro
1330 945 1579 1000 modesto
1610 945 1722 1017 (qui
1746 946 1890 999 solus
1920 943 2019 998 fuit
2048 958 2137 998 co-

550 1052 665 1095 mes
694 1037 890 1103 ﬁdelis,
922 1038 1096 1104 tortis,
1128 1052 1402 1107 veraane
1435 1048 1456 1076 ο
1487 1035 1627 1092 forte
1649 1034 1906 1091 Romana:
1936 1035 2133 1104 gentis,

549 1130 640 1197 qui
665 1129 693 1166 ιι
723 1137 885 1183 tanta:
908 1129 1248 1199 tempestatis
1272 1129 1552 1184 collisione
1577 1168 1592 1192 ,
1643 1127 1835 1182 occisis
1863 1128 1917 1181 in
1945 1126 2134 1182 eadem

547 1214 861 1291 parentibus
906 1235 1145 1291 purpura
1186 1221 1438 1275 nimirum
1468 1220 1665 1274 indutis
1698 1221 1736 1285 ‘,
1770 1217 2132 1287 superfuerat,

546 1310 696 1378 cuius
733 1326 878 1366 nunc
912 1313 1247 1382 temporibus
1296 1312 1497 1367 nostris
1543 1311 1757 1366 soboles
1801 1324 2135 1379 magnopere

546 1402 690 1455 avita
721 1402 963 1457 bonitate
988 1402 1357 1473 degeneravit)
1387 1403 1529 1456 vires
1557 1409 1869 1471 capessunt,
1900 1399 2136 1453 victores

545 1500 908 1559 provocantes
958 1493 1022 1546 ad
1073 1494 1334 1563 pnelium,
1389 1494 1541 1562 queis
1583 1493 1840 1558 victoria,
1894 1488 2006 1545 Deo
2039 1504 2135 1544 an-

548 1593 748 1637 nuente
783 1594 830 1648 ε,
863 1599 930 1638 ex
962 1594 1087 1639 voto
1119 1585 1297 1640 cessit.

616 1672 744 1727 Car.
778 1689 921 1727 xxvr.
954 1673 1032 1727 De
1062 1686 1319 1742 postrema
1350 1688 1478 1745 pace
1508 1691 1525 1727 :
1557 1690 1670 1744 qua:
1696 1686 1952 1742 postrema
1974 1676 2136 1729 victo-

543 1767 623 1818 ria
655 1768 965 1836 temporibus
998 1769 1186 1821 nostris
1217 1766 1313 1821 Dei
1360 1778 1486 1821 nutu
1512 1768 1705 1821 donata
1736 1775 1830 1820 est.
1864 1801 1934 1809 —
1968 1767 2035 1820 Et
2065 1784 2133 1824 ex

2234 577 2475 632 ordinem
2493 589 2791 633 servarunt.
2822 580 2889 635 At
2919 580 3021 637 illis
3038 581 3441 656 decedentibus,
3464 604 3585 643 cum
3604 608 3820 650 succes-

2234 670 2393 724 sisset
2412 679 2542 724 zetas
2572 674 2903 742 tempestatis
2930 672 3069 729 illius
3092 677 3292 743 nescia,
3320 686 3373 733 et
3398 686 3687 749 prmsentis
3708 694 3818 741 tau-

2236 772 2346 820 tum
2375 767 2679 822 serenitatis
2709 778 2930 838 experta
2950 812 2963 835 ,
3016 770 3086 824 ita
3119 781 3313 827 cuncta
3352 776 3599 829 veritatis
3647 794 3713 833 ac
3736 780 3815 849 ju-

2234 858 2394 912 stitizc
2440 858 2804 913 moderamina
2837 876 3095 916 concussa
3129 879 3193 919 ac
3240 864 3495 921 subversa
3550 879 3715 935 sunt,
3769 882 3819 926 ut

2235 964 2419 1004 eorum
2446 959 2493 1016 ο,
2528 967 2634 1005 non
2664 950 2837 1006 dicam
2866 954 3172 1021 vestigium,
3204 957 3298 1011 sed
3333 973 3401 1012 ne
3432 961 3816 1017 monimentum

2238 1040 2453 1111 quidem
2487 1042 2539 1097 in
2571 1043 2895 1113 supradictis
2924 1047 3310 1117 propemodum
3352 1048 3634 1105 ordinibus
3664 1066 3818 1121 appa-

2236 1142 2372 1201 reat,
2410 1136 2651 1205 exceptis
2680 1136 2882 1206 paucis,
2917 1144 2973 1192 et
3010 1136 3166 1193 valde
3192 1140 3394 1209 paucis,
3426 1142 3519 1210 qui
3564 1142 3637 1197 ob
3670 1145 3816 1199 amis-

2236 1226 2443 1281 sionem
2474 1234 2632 1280 tantze
2663 1226 3037 1295 multitudinis,
3062 1244 3180 1298 qua:
3208 1230 3448 1299 quotidie
3475 1247 3657 1301 prona
3679 1232 3773 1287 fuit
3794 1245 3816 1283 P

2237 1317 2302 1371 ad
2334 1326 2533 1372 tartara
2558 1359 2573 1383 ,
2624 1326 2733 1372 tam
2764 1319 2942 1374 brevis
2990 1322 3196 1375 numeri
3229 1334 3253 1371 ει
3286 1322 3575 1393 habentur,
3628 1336 3693 1379 ut
3735 1341 3815 1381 eos

2236 1410 2634 1481 quodammodo
2674 1412 2996 1466 venerabilis
3021 1421 3195 1467 mater
3225 1410 3466 1469 Ecclesia
3491 1424 3556 1469 ut
3586 1426 3607 1453 τ
3646 1416 3704 1470 in
3731 1432 3815 1471 suo

2236 1502 2355 1557 sinu
2402 1505 2781 1560 recumbentes
2824 1521 2931 1561 non
2968 1505 3188 1573 videat,
3238 1522 3376 1577 quos
3423 1509 3573 1564 solos
3600 1524 3762 1564 veros
3795 1518 3811 1545 ³

2236 1594 2416 1651 habet.
2466 1596 2705 1662 Quorum
2736 1612 2804 1651 ne
2832 1599 2951 1667 quis
2981 1613 3067 1652 me
3106 1600 3378 1667 egregiam
3403 1600 3569 1655 vitam
3595 1600 3815 1655 homini»

2234 1690 2337 1745 bus
2371 1692 2387 1727 ί
2420 1690 2811 1756 admirabilem,
2845 1689 3062 1760 Deoquc
3093 1691 3379 1759 amabilem
3426 1707 3659 1761 carpere
3684 1700 3815 1762 putet

2239 1782 2453 1851 (quibus
2482 1790 2666 1837 nostra
2699 1783 2978 1839 iulirmitas
3004 1784 3178 1839 sacris
3200 1794 3225 1819 υ
3258 1785 3618 1848 orationibus,
3647 1794 3814 1841 utnon

544 1872 611 1911 eo
642 1866 887 1927 tempore
932 1875 1072 1914 nunc
1100 1861 1273 1925 cives,
1330 1875 1471 1914 nunc
1516 1859 1699 1914 hostes
1734 1860 2042 1924 vincebant,
2073 1867 2130 1913 ut

2238 1873 2449 1943 penitus
2478 1873 2795 1938 collabatur,
2820 1875 2972 1943 quasi
2996 1875 3261 1929 columnis
3288 1875 3611 1945 quibusdam
3643 1892 3703 1931 ac
3730 1876 3814 1930 [ηις

546 1949 601 2003 in
630 1950 731 2003 ista
762 1960 923 2018 gente
953 1952 1288 2020 experiretur
1330 1951 1589 2004 Dominus
1620 1950 1779 2003 solito
1810 1964 1961 2003 more
1990 1965 2129 2019 prae-

542 2049 747 2095 sentem
766 2040 1017 2097 lsraelem
1033 2050 1209 2095 utrum
1224 2041 1409 2109 diligat
1431 2055 1551 2095 eum
1564 2041 1822 2095 Dominus
1838 2039 1882 2105 τ,
1902 2056 1969 2093 an
1982 2054 2090 2093 non
2114 2057 2127 2093 :

541 2145 709 2200 usque
752 2134 816 2186 ad
858 2146 1055 2185 annum
1103 2134 1432 2188 obsessionis
1463 2130 1721 2186 Badonici
1750 2132 1989 2193 montis,
2038 2129 2131 2198 qui

540 2237 714 2293 prope
760 2222 1045 2277 Sabrinam
1090 2228 1285 2279 ostium
1332 2225 1562 2279 habetur
1596 2232 1620 2271 ε
1647 2266 1661 2289 ,
1715 2223 2132 2289 novissimmque

542 2314 710 2370 ferme
739 2316 807 2370 de
836 2316 1101 2371 tureil'eris
1130 2332 1237 2373 non
1273 2318 1493 2373 minime
1521 2317 1737 2387 stragis,
1768 2316 1969 2384 quique
1996 2328 2131 2383 qua-

542 2405 874 2475 dragesimus
902 2414 1125 2477 quartus
1156 2410 1236 2479 (ut
1260 2409 1410 2480 novi)
1442 2409 1614 2465 oritur
1643 2407 1672 2443 ιι
1705 2421 1876 2460 annus
1898 2445 1911 2467 ,
1944 2412 2133 2461 mense

542 2499 653 2569 iam
683 2500 857 2569 primo
894 2499 911 2537 ί
943 2514 1183 2567 emenso,
1235 2502 1327 2569 qui
1353 2499 1463 2570 jam
1500 2502 1512 2549 l
1563 2506 1616 2553 et
1647 2504 1783 2552 mete
1836 2497 2134 2551 nativitatis

542 2600 643 2643 est.
672 2590 779 2644 Sed
812 2605 880 2646 ne
910 2604 1055 2647 nunc
1084 2593 1322 2662 quidem,
1353 2600 1411 2646 ut
1441 2599 1623 2656 antea,
1656 2591 1905 2645 civitates
1932 2590 2136 2644 inhabi-

542 2690 723 2736 tantur
755 2682 777 2721 ι
795 2723 809 2750 ,
860 2684 955 2738 sed
984 2685 1213 2739 desertae
1241 2685 1541 2752 dirutazque
1571 2685 1831 2737 hactenus
1860 2682 2133 2751 squalent,

537 2777 871 2830 cessantibus
896 2776 1021 2831 licet
1042 2776 1285 2830 externis
1314 2776 1491 2841 bellis,
1521 2774 1616 2829 sed
1652 2790 1762 2829 non
1792 2784 1971 2829 tamen
2003 2773 2021 2811 ι
2055 2775 2133 2828 ci-

540 2865 747 2921 vilibus.
776 2866 943 2920 Haesit
972 2867 1114 2920 enim
1146 2874 1255 2927 tam
1285 2864 1553 2935 desperati
1578 2864 1766 2918 insula:
1796 2865 2014 2928 excidii,
2042 2863 2129 2917 in-

536 2960 841 3027 aperatique
857 2960 1059 3013 mentio
1076 2956 1261 3012 auxilii
1292 2958 1568 3012 memorim
1593 2970 1802 3021 eorum,
1819 2956 1913 3022 qui
1938 2954 2131 3010 utrius-

537 3064 641 3120 que
670 3053 913 3106 miraculi
958 3060 1127 3107 testes
1155 3054 1411 3107 exstitere
1436 3068 1449 3117 ;
1481 3059 1536 3105 et
1578 3050 1648 3104 ob
1677 3048 1781 3103 hoc
1808 3062 1985 3118 reges,
2018 3063 2121 3119 pu-

608 3196 633 3225 ι
661 3186 823 3254 Edit.,
854 3190 932 3241 De
959 3192 1173 3244 diversis
1205 3192 1351 3245 locis.

605 3254 633 3295 δ
665 3256 824 3327 Edit.,
849 3261 1251 3313 internecionem
1282 3276 1455 3327 usque.

612 3336 635 3399 «ξ
666 3326 812 3399 μτρο,
831 3330 929 3398 fuit
952 3345 1118 3381 comes
1141 3330 1333 3398 ﬁdelis,
1352 3324 1500 3399 fortis
1521 3327 2012 3397 veraxque,desunt
2038 3324 2127 3381 ed.

608 3392 635 3431 ἀ
666 3392 935 3469 Deest'qui
965 3400 1097 3452 edit.

612 3475 635 3502 ο
666 3465 827 3532 Edit.,
863 3465 1089 3521 Domino
1120 3486 1247 3523 ann.
1326 3530 1329 3533 ἰ

616 3534 819 3611 {Deest
870 3538 1123 3611 Dominus
1168 3540 1295 3611 edit.
1331 3537 1395 3593 Et
1442 3547 1591 3611 recte
1640 3536 2136 3611 quidcnniltquid

539 3605 696 3680 enim
730 3613 1065 3677 experiretur
1095 3600 1372 3674 homines,
1417 3608 1594 3663 utrum
1626 3600 1853 3680 ipsemet
1885 3600 2137 3680 diligeret

537 3674 831 3748 Israelem'?
862 3681 928 3733 At
986 3681 1242 3735 Dominus
1287 3674 1686 3748 experiebatur,
1742 3690 1925 3735 utrum
1969 3674 2135 3735 Israel

536 3747 786 3822 diligeret
827 3767 934 3805 EUI
966 3750 1272 3822 (Dominum
1302 3752 1555 3820 Scilicet).

572 3817 807 3944 dtlllzcc,
840 3824 925 3893 qui
951 3817 1109 3893 pmpe
1134 3821 1414 3877 Sabrinam
1450 3817 1639 3878 ostium
1673 3822 1908 3889 habetur,
1933 3820 2135 3877 desunt

611 3906 623 3942 ι
657 3933 667 3943 .

538 3903 667 3944 eun.

608 3959 637 3998 ⁸³
669 3961 835 4031 Edit.,
860 3964 1079 4017 orditur.

618 4030 633 4069 ί
664 4032 827 4098 Edit.,
858 4052 984 4090 uno.

609 4106 623 4175 θ
656 4105 825 4175 Ροοδι
838 4107 953 4175 jam
982 4104 1113 4159 edit.
1386 4170 1387 4173 η

607 4171 631 4247 ¹ξ
655 4173 818 4247 Edit.,
838 4171 1077 4229 civitates
1106 4177 1297 4247 patria:
1323 4176 1433 4231 inh.
1464 4181 1469 4185 ’

612 4244 627 4282 ι
662 4245 823 4299 Deest
853 4256 1023 4301 tamen
1059 4244 1192 4302 edit.

606 4325 642 4352 πη
668 4315 831 4380 Edit.,
858 4319 1066 4386 privati.

605 4394 633 4421 ιι
663 4386 827 4452 Edit.,
850 4404 998 4441 suum
1022 4390 1226 4460 quique.

2158 3188 2206 3251 C

2238 1966 2344 2020 cris
2375 1963 2741 2020 saluberrimis
2767 1972 3098 2020 sustentatur
3124 1970 3174 2035 ),
3206 1966 3316 2021 dixi
3348 1976 3372 2003 ν
3402 1966 3447 2020 si
3474 1983 3582 2037 qua
3614 1966 3813 2022 liberius

2238 2055 2304 2110 de
2332 2055 2435 2120 his,
2469 2056 2576 2108 imo
2601 2054 2907 2125 lugubrius,
2952 2056 3168 2111 cumulo
3198 2056 3460 2111 malorum
3489 2055 3808 2126 compulsus,

2240 2146 2329 2217 qui
2378 2146 2621 2200 serviunt
2648 2162 2753 2200 non
2786 2144 2958 2201 solum
3002 2148 3216 2211 ventri,
3267 2148 3361 2203 sed
3401 2147 3619 2203 diabolo
3656 2150 3811 2217 potius

2239 2250 2399 2306 quam
2431 2236 2668 2300 Christo,
2701 2239 2788 2309 qui
2813 2248 2886 2292 est
2909 2238 3203 2293 benedictus
3232 2257 3384 2309 super
3410 2241 3587 2294 omnia
3619 2238 3812 2292 Densis

2239 2328 2431 2381 saecula
2456 2337 2479 2364 ι
2512 2326 2691 2397 (Rom.
2719 2345 2793 2394 Ix,
2825 2328 2914 2399 5),
2966 2347 3074 2385 non
3119 2338 3228 2386 tam
3260 2331 3641 2402 disceptavero
3673 2348 3807 2401 quam

2238 2418 2526 2474 deﬂevere.
2580 2420 2788 2491 Quippe
2817 2422 2945 2492 quid
2977 2431 3005 2470 Υ
3052 2424 3307 2479 celabunt
3356 2425 3499 2479 cives
3546 2424 3810 2493 quodnon

2239 2510 2411 2564 solum
2467 2520 2663 2565 norunt
2690 2522 2710 2547 ι
2737 2551 2753 2578 ,
2810 2510 2904 2566 sed
2950 2514 3277 2584 exprobrant
3306 2514 3358 2569 in
3386 2515 3611 2570 circuitu
3646 2524 3703 2553 ιι
3730 2530 3809 2569 na-

2241 2604 2453 2659 tiones?

2242 2766 2536 2822 Historiam
2567 2768 2733 2825 Gitda:
2761 2767 2979 2824 Carinae
3008 2771 3081 2823 sic
3102 2770 3313 2842 perlege
3342 2773 3587 2840 scriptam

2242 2861 2483 2915 Doctoris
2514 2864 2712 2933 digitis,
2736 2880 2888 2916 sensu
2920 2865 3155 2934 cultuque
3184 2864 3469 2918 redactam.

2241 2953 2371 3008 Hau:
2402 2965 2574 3009 tenues
2604 2963 2831 3025 superat,
2855 2956 3041 3009 multos
3071 2956 3335 3026 carpitque
3363 2954 3606 3026 Superbos
3634 2955 3680 3014 ¹.

2314 3198 2338 3223 ο
2394 3186 2572 3254 Edit.,
2621 3203 2817 3243 earum.
2865 3186 3071 3253 Recte,
3121 3186 3353 3241 veritatis
3391 3201 3584 3257 nempe
3630 3201 3703 3243 ac
3735 3203 3806 3259 ρ-

2242 3259 2421 3313 stitim.

2312 3338 2339 3379 ι)
2365 3329 2527 3393 Edit.,
2562 3330 2681 3381 ruit.
2716 3326 2924 3383 Melius.

2312 3410 2340 3449 τι
2366 3398 2505 3469 Edit.
2540 3398 2787 3469 (excepta
2816 3398 2952 3453 Bibl.
2986 3396 3087 3453 PP.
3117 3395 3337 3469 Paris.),
3366 3402 3625 3454 numeras.

2315 3479 2338 3507 τ
2372 3468 2536 3523 Deest
2566 3478 2619 3521 ut
2651 3468 2781 3522 edit.

2315 3540 2339 3608 τ
2371 3537 2537 3603 Edit.,
2571 3557 2713 3593 veros
2744 3540 2900 3608 ﬁlios.

2315 3604 2336 3640 ί
2372 3608 2540 3677 Edit.,
2573 3604 2827 3664 omnibus.

2312 3685 2341 3713 “
2372 3680 2539 3748 Edit.,
2562 3683 2617 3735 in
2646 3684 2829 3735 sacris.

2315 3759 2339 3784 "
2372 3753 2537 3815 Deest
2564 3753 2674 3805 dixi
2704 3753 2835 3806 edit.
2913 3796 2930 3817 ,

2314 3830 2339 3857 ι
2374 3823 2540 3885 Edit.,
2590 3825 2641 3875 in
2673 3823 2865 3876 swcula
2897 3822 3054 3879 Deus.

2309 3902 2338 3941 7
2362 3894 2663 3957 Enimvero,
2696 3893 2910 3957 Fragm.

2313 3972 2336 3999 ι
2366 3963 2506 4037 Edit.
2535 3964 2785 4037 (excepta
2816 3962 3087 4037 Bibl.PP.
3119 3964 3339 4037 Paris),
3367 3972 3686 4023 nostrorum.

2310 4043 2367 4073 ⁸⁸
2399 4034 2660 4099 Cercuitu,
2692 4050 2841 4089 ms.‘:
2872 4036 3034 4091 male.

2310 4179 2326 4255 ξ
2357 4173 2848 4255 Bibl._Pl_’._Paris.,
2882 4178 3125 4255 indutus:
3150 4179 3293 4255 quod
3321 4179 3494 4255 magis
3522 4178 3715 4250 placet.

2303 4249 2325 4281 ³
2357 4246 2454 4301 Hic
2483 4244 2681 4319 desinit
2700 4245 2873 4319 codex
2894 4247 3049 4303 Cant.
3083 4244 3181 4303 ms:
3207 4249 3335 4315 Quze
3357 4244 3487 4305 vero
3509 4244 3800 4319 sequuntur,

2233 4326 2428 4375 exacta
2449 4326 2575 4373 sunt
2604 4316 2669 4371 ad
2691 4317 2938 4375 codicem
2967 4319 3369 4375 Cottonianum.

552 4503 3793 4533 Wm—

1762 4614 2049 4687 PARS
2103 4614 2439 4687 SECUN
2447 4616 2623 4688 DA.

1583 4762 2225 4869 EPISTOLA
2306 4767 2765 4871 GILDZE.

1922 4916 2361 4941 *Α

596 5035 778 5091 ΟΑρυτ
823 5052 1042 5091 ramum.
1077 5035 1373 5111 Increpatio
1420 5040 1475 5093 in
1498 5035 1919 5093 Constantinum.
1957 5063 2028 5073 —
2058 5030 2112 5086 i.
2149 5040 2203 5099 Ι)
2224 5034 2494 5103 iurantes;
2528 5044 2809 5103 voventes,
2836 5046 2892 5094 et
2939 5041 3198 5098 continuo
3245 5045 3644 5115 propemodum
3672 5062 3798 5102 nien-

523 5125 697 5197 Reges
715 5130 877 5183 habet
897 5128 1172 5184 Britannia
1200 5132 1355 5197 l,sed
1386 5139 1670 5202 tyrannos;
1690 5126 1902 5196 iudices
1929 5125 2116 5193 habet,

523 5219 617 5274 sed
647 5219 856 5289 impios,
889 5234 1029 5291 sccpe
1052 5220 1355 5291 pandantes
1385 5228 1440 5275 et
1486 5218 1881 5283 concutientes,
1910 5215 2007 5270 sed
2037 5216 2117 5269 in-

526 5322 820 5379 nocentes;
854 5315 1187 5371 vindicantes
1216 5324 1271 5369 et
1324 5314 1749 5385 patrocinantes,
1793 5310 1889 5366 sed
1913 5326 2038 5366 reos
2066 5318 2122 5366 et

523 5403 799 5475 latrones;
847 5407 1274 5479 quamplurimas
1326 5404 1585 5474 coniuges
1639 5404 1903 5459 habentes
1942 5448 1955 5471 ,
2023 5402 2119 5458 sed

522 5506 823 5554 scortantes
848 5498 875 5538 ιι
898 5508 953 5555 et
968 5500 1333 5556 adulterantes
1352 5515 1366 5565 ;
1387 5496 1578 5552 crebro
1599 5494 1865 5566 iurantes,
1880 5494 1977 5552 sed
1998 5508 2118 5566 per-

596 5665 621 5693 ι
645 5655 918 5711 Enimvero
950 5658 1100 5711 habet
1130 5656 1413 5725 Britannia,
1434 5670 1602 5725 reges,
1626 5652 1840 5721 Fragm.

593 5726 621 5765 ι’
652 5726 859 5791 Scorta,
891 5727 1029 5782 Joss.
1059 5728 1245 5783 Scorta
1273 5733 1323 5781 et
1347 5724 1633 5795 adulteras,
1661 5725 1870 5793 Fragm.

600 5808 620 5868 ἐ
654 5797 739 5868 Al.
772 5799 1049 5868 regionem.

594 5866 622 5908 ἀ
673 5867 782 5926 Eos
828 5860 1011 5922 autem
1062 5868 1150 5939 qui
1208 5860 1277 5923 ad
1330 5874 1563 5925 mentum
1622 5867 1800 5925 sedent
1856 5862 2117 5935 latrones,

2224 5126 2464 5192 tientes;
2516 5126 2938 5199 belligerantes,
2987 5133 3083 5187 sed
3120 5135 3299 5189 civilia
3341 5143 3393 5190 et
3442 5137 3638 5205 iniusta
3685 5135 3798 5192 bella

2224 5229 2476 5289 agentes;
2508 5236 2605 5289 per
2633 5223 2863 5291 patriam
2888 5236 2908 5263 ο
2939 5225 3157 5296 quidem
3188 5227 3333 5284 fures
3380 5244 3710 5301 magnopere
3734 5230 3798 5283 in.

2224 5319 2517 5377 sectantes,
2550 5320 2607 5366 et
2644 5328 2741 5368 eos
2767 5316 2860 5383 qui
2903 5330 3085 5371 secum
3116 5317 3183 5373 ad
3226 5333 3470 5373 mensam
3499 5312 3709 5393 sedent,
3736 5318 3801 5371 lac

2225 5414 2408 5460 trones
2443 5404 2469 5441 ά
2508 5421 2616 5461 non
2656 5408 2833 5462 solum
2864 5417 3131 5476 amantes,
3164 5407 3259 5466 sed
3286 5421 3342 5467 et
3378 5408 3725 5467 mu'nerantes
3750 5419 3798 5471 ⁰;

2223 5498 2598 5571 eleemosynas
2635 5500 2857 5570 largiter
2909 5503 3119 5571 dantes,
3144 5504 3238 5562 sed
3268 5521 3299 5562 e
3319 5506 3546 5577 regione
3594 5507 3801 5563 immen-

2216 5654 2432 5787 ἓξὲξ.
2460 5656 2625 5713 Deest
2652 5674 2782 5717 vero
2810 5664 3042 5721 latrones
3069 5666 3297 5723 Joss.--
3328 5666 3419 5725 Sic
3441 5674 3499 5725 et
3525 5640 3673 5729 Bibl.
3698 5660 3793 5725 PP.

2293 5805 2315 5834 ο
2340 5786 2523 5854 Etiam
2553 5818 2719 5871 mun.,
2744 5786 2961 5875 Fragm.
