3988 6346
219 369 302 446 in
1094 337 1098 340 ’
1157 383 1358 443 LIBER
1394 365 1787 456 uersantes.
1827 387 2004 453 mus
2038 395 2104 454 ιι.
2145 387 2504 457 EPISTOLA.

3351 419 3457 477 350

220 517 310 560 sum
332 495 566 582 montem
587 499 853 558 scelerum
869 509 1279 573 exaggerantes;
1303 505 1357 559 in
1385 502 1514 560 sede
1535 505 1764 562 arbitra-
1789 510 1842 570 Α
1867 510 2006 564 solve
2035 509 2315 580 secundum
2343 513 2651 584 praplzetam
2681 531 2884 573 vmcu.a
2921 503 3041 578 ‘cotii
3088 511 3181 594 tui,
3325 529 3457 588 Sion

219 596 300 653 turi
324 601 348 632 α
369 579 638 661 sedentes,
667 591 763 650 sed
790 611 916 651 raro
955 592 1090 652 recti
1123 593 1311 666 judicii
1357 595 1597 668 regulam
1625 614 1769 670 quee-

216 695 396 750 rentes;
425 683 676 741 innoxios
697 679 1040 758 humilesque
1065 685 1456 759 despicientcs;
1481 691 1767 761 sanguina-

1873 601 2008 672 (Is'a.
2025 617 2117 668 ιιι,
2139 601 2218 672 2).
2236 597 2391 670 Redi,
2416 609 2568 673 rogo,
2589 617 2619 660 e
2639 601 2944 677 longinquis
2961 607 3088 669 licet
3108 597 3460 688 peccatorum:

1870 697 2168 790 recessibus
2191 697 2257 752 ad
2287 697 2582 769 piissimum
2610 709 2844 772 patrem,
2875 707 2966 774 qui
2995 701 3307 781 despi‘clenti
3332 735 3460 790 por-

213 779 318 848 rios,
337 777 615 848 superbos,
648 779 959 848 parricidas,
978 779 1510 852 commanipularesb
1537 794 1590 838 ct
1618 783 1770 838 adul-
1869 785 2054 844 co'rum
2101 789 2346 846 sordidos
2388 793 2539 848 cibos
2591 809 2654 847 ac
2703 777 3108 865 pertimescenti
3143 797 3270 862 dira:
3299 777 3457 868 famis

214 879 328 928 thros
354 869 448 924 Dei
472 865 738 938 inimicos,
771 871 814 926 si
851 888 970 927 sors
1000 869 1082 945 (ut
1110 873 1330 944 dicitur)
1359 871 1562 941 tulerit,
1593 875 1708 946 (qui
1742 885 1764 915 ο

209 979 305 1021 cum
333 963 450 1032 ipso
486 963 707 1027 nomine
736 965 982 1020 certatim
1007 959 1032 1001 ἀ
1061 963 1271 1021 delendi
1301 967 1478 1040 erant)
1501 969 1568 1023 ad
1592 965 1767 1024 sidera

209 1062 338 1126 prout
357 1063 607 1124 possunt,
650 1052 963 1119 ell'erentes;
996 1053 1210 1112 vinctos
1239 1056 1420 1127 plures
1453 1058 1507 1113 in
1530 1053 1766 1115 carceri-

205 1149 284 1203 bus
303 1146 582 1214 habentes,
607 1155 743 1218 quos
766 1141 891 1203 dolo
917 1147 999 1203 sui
1029 1150 1208 1220 potius
1237 1165 1398 1219 quam
1420 1151 1614 1206 merito
1637 1168 1765 1222 pro-

205 1245 355 1295 t‘erunt
391 1249 443 1308 ε,
483 1241 690 1295 catenis
719 1237 1009 1296 onera'ntes
1040 1258 1053 1294 :
1098 1241 1241 1296 inter
1269 1241 1456 1297 altaria
1475 1241 1707 1313 jurando
1742 1238 1763 1283 ῒ

203 1327 541 1398 demorantes,
571 1339 625 1386 et
653 1319 766 1388 haec
789 1332 980 1388 eadem
1010 1348 1075 1388 ac
1094 1333 1140 1388 si
1160 1333 1422 1390 lutulenta
1454 1336 1616 1406 paulo
1644 1347 1768 1410 post

200 1435 305 1479 saxa
332 1433 356 1472 Β
386 1423 772 1494 despicientes.
805 1424 971 1495 Cujus
999 1435 1107 1481 tam
1139 1425 1355 1483 nefandi
1403 1425 1602 1500 piaculi
1656 1449 1766 1488 non

197 1515 384 1584 ignarus
417 1523 505 1570 est
529 1515 817 1572 immundae
844 1516 1025 1573 leaenae
1051 1515 1362 1576 Damnonia:
1389 1521 1408 1553 ³
1455 1521 1768 1595 tyrannicus

196 1606 379 1661 catulus
412 1605 825 1664 Constantinus.

250 1701 294 1756 2.
345 1699 470 1758 Hoc
509 1719 654 1782 anno
687 1714 808 1774 post
849 1703 1108 1761 horribile
1132 1706 1427 1778 juramenti
1455 1724 1768 1765 sacramen-

191 1801 302 1864 tum,
330 1809 444 1864 quo
477 1811 535 1851 se
563 1793 804 1852 devinxit
834 1813 1174 1868 nequaquam
1206 1801 1362 1856 dolos
1393 1801 1600 1858 civibus
1628 1803 1763 1874 (Deo

1869 877 2101 942 mortem
2131 895 2187 942 et
2213 889 2508 942 revertenti
2563 887 2685 956 sibi,
2717 889 2872 946 hctus
2902 893 3149 951 occidere
3177 905 3458 961 consuevit

1865 973 2080 1032 vitulum
2128 975 2238 1032 filio
2263 981 2578 1050 saginatum,
2610 990 2665 1034 et
2716 981 2960 1051 proferre
2987 988 3210 1054 primum
3255 993 3457 1049 erranti

1867 1065 2054 1123 statarii
2083 1077 2137 1124 et
2161 1071 2365 1138 regium
2388 1072 2639 1126 annulum
2669 1069 2822 1142 (Luc.
2853 1090 2940 1140 xv,
2970 1075 3081 1147 15);
3111 1086 3166 1132 et
3196 1089 3321 1135 tunc
3341 1084 3456 1152 spei

1868 1157 2103 1215 caelestis
2133 1176 2196 1215 ac
2251 1161 2296 1215 si
2343 1177 2594 1231 saporem
2643 1165 3002 1233 praegus’tans,
3057 1169 3257 1225 senties
3302 1190 3457 1244 quam

1868 1251 2036 1304 suavis
2066 1260 2141 1304 est
2186 1249 2439 1305 Dominus
2481 1247 2653 1323 ’(Psat.
2699 1261 2905 1322 xxxiii,
2950 1255 3028 1329 9).
3077 1257 3209 1315 Nam
3253 1262 3298 1318 si
3343 1265 3457 1324 haec

1868 1347 2302 1416 contempseris,
2355 1348 2492 1403 scias
2559 1358 2612 1404 te
2681 1347 3139 1412 inextricabilibus
3206 1351 3456 1417 tenebro-

1869 1437 2051 1507 sisque
2101 1439 2301 1507 ignium
2360 1439 2686 1496 torrentibus
2734 1441 2846 1512 jani
2889 1445 3108 1517 jamque
3170 1449 3456 1508 rotandum

1870 1530 2263 1600 urcndumque.

1941 1621 2069 1677 CAP.
2097 1641 2150 1677 ιι.
2191 1617 2487 1695 Increpatio
2518 1627 2567 1680 in
2588 1617 3024 1683 Aurelium—lx.
3069 1629 3205 1698 Quid
3233 1642 3289 1688 tu
3318 1650 3455 1706 quo-

1869 1729 1995 1784 que,
2021 1722 2078 1768 ut
2105 1716 2365 1785 propheta
2397 1717 2473 1770 ait
2519 1713 2690 1787 (Psat.
2733 1735 2841 1786 xvr,
2872 1711 2984 1790 ’12),
3009 1717 3184 1778 catule
3217 1723 3454 1792 leonine,

1871 1803 2057 1859 Aureli
2083 1806 2303 1860 Conane
2325 1804 2375 1872 ‘1,
2409 1801 2570 1875 agis?
2599 1807 2788 1864 Nonne
2839 1803 3029 1865 eodem
3058 1828 3166 1882 quo
3214 1807 3456 1884 supradi-

188 1887 391 1956 primum
413 1887 648 1958 jureque
672 1890 924 1959 jurando,
959 1901 1273 1948 sanctorum
1313 1881 1531 1950 demum
1581 1897 1762 1951 choris
1790 1893 1839 1957 Β
1867 1905 2004 1965 ctus,
2035 1899 2079 1952 si
2121 1915 2227 1953 non
2258 1899 2636 1967 exitiabiliore,
2667 1903 3116 1980 parricidiorum,
3146 1901 3456 1964 fornicatio-

183 1989 226 2035 et
251 1982 515 2051 genitrice
543 1984 927 2041 comitantibus
957 1986 1130 2059 fretis)
1155 1988 1509 2056 facturum,in
1534 1989 1762 2046 duarum

183 2073 492 2130 venerandis
543 2087 777 2131 matrum
821 2077 1067 2148 sinibus,
1121 2079 1377 2136 Ecclesia:
1424 2082 1764 2152 carnalisque

180 2163 264 2218 sub
292 2163 472 2219 sancti
526 2166 736 2223 abbatis
792 2169 1121 2239 amphibalo,
1174 2171 1341 2226 latera
1379 2173 1650 2240 regiorum
1682 2180 1762 2227 te-

178 2257 393 2311 nerrima
425 2274 746 2328 puerorum,
802 2261 888 2315 vel
932 2262 1230 2332 praecordia
1279 2264 1570 2320 crudeliter
1597 2265 1759 2320 duum

177 2347 504 2419 totidemque
533 2351 857 2408 n'utritorum
887 2353 1139 2424 (quorum
1165 2355 1390 2410 brachia
1417 2370 1759 2426 nequaquam

174 2437 340 2507 armis,
368 2457 496 2510 qua:
521 2441 696 2498 nullus
720 2459 858 2514 pene
878 2443 1155 2500 hominum
1183 2445 1374 2501 fortius
1403 2437 1508 2502 hoc
1533 2447 1612 2502 cis
1634 2457 1764 2502 tem-

169 2541 286 2597 pore
312 2534 605 2603 tractabat,
638 2535 732 2591 sed
761 2535 872 2592 Deo
901 2535 1166 2607 altarique
1196 2527 1465 2610 protenta,
1489 2539 1541 2594 in
1573 2539 1660 2594 die
1683 2539 1764 2608 ju-

168 2619 276 2681 dicii
305 2625 375 2679 ad
420 2634 528 2681 tute
570 2621 802 2684 civitatis
829 2637 1036 2699 portas,
1059 2621 1291 2700 Christe,
1325 2631 1633 2686 veneranda
1663 2646 1759 2702 pa-

165 2713 357 2771 tientia:
388 2734 460 2774 ac
487 2719 609 2776 fidei
633 2737 743 2777 suae
763 2721 960 2777 vexilla
987 2722 1339 2793 suspendent)
1370 2724 1511 2778 inter
1537 2724 1669 2793 ipsa,
1702 2732 1762 2778 ut

162 2803 276 2874 dixi,
309 2822 673 2869 sacrosancta
720 2815 912 2872 altaria
942 2815 1172 2870 nefando
1211 2831 1341 2871 ense
1375 2816 1637 2884 hastaque
1663 2831 1761 2886 pro

159 2895 410 2960 dentibus
455 2904 736 2974 laceravit,
782 2908 856 2961 ita
905 2916 964 2962 ut
1007 2907 1255 2964 sacrificii
1305 2908 1541 2964 cmlestis
1579 2907 1760 2963 sedem

155 3005 430 3062 purpurea
453 3011 518 3052 ac
546 2997 592 3052 si
621 2999 891 3066 coagulati
920 3001 1128 3054 cruoris
1148 3001 1310 3071 pallia
1333 2999 1763 3070 attingerent.Et

152 3085 236 3142 hoc
259 3105 340 3144 ne
375 3099 510 3160 post
543 3092 814 3147 laudanda
843 3093 1059 3161 quidem
1090 3094 1281 3149 merita
1311 3095 1440 3164 egit.
1466 3095 1599 3149 Nam
1625 3094 1765 3149 mul-

151 3178 197 3232 tis
223 3175 379 3233 ante
415 3181 579 3235 annis
608 3181 813 3238 crebris
842 3183 1231 3254 alternatisque
1258 3185 1520 3240 fetoribus
1549 3186 1761 3242 adulte-

1867 1997 1992 2046 num
2016 1989 2510 2061 adulteriorumque
2531 2008 2707 2060 coeno,
2723 1993 2870 2048 velut
2896 1995 3213 2064 quibusdam
3235 1999 3457 2054 marinis

1866 2081 2196 2137 irruentibus
2229 2081 2318 2136 tibi
2344 2083 2551 2137 voraris
2579 2081 2819 2139 feraliter
2841 2083 3032 2139 undis?
3053 2086 3241 2142 Nonne
3270 2097 3458 2158 pacem

1865 2171 2054 2246 patria:
2094 2174 2429 2228 mortiferum
2455 2190 2554 2229 ceu
2603 2183 2909 2245 serpentem
2938 2175 3148 2245 odiens,
3175 2177 3458 2247 civiliaque

1866 2259 2006 2322 bella
2040 2271 2093 2320 'et
2121 2266 2338 2322 crebras
2379 2266 2578 2335 injuste
2632 2267 2840 2337 praedas
2885 2267 3092 2333 sitiens,
3135 2269 3324 2324 animae
3355 2280 3456 2324 tua:

1867 2351 2102 2414 caelestis
2130 2369 2284 2428 porta
2313 2359 2463 2429 pacis
2491 2373 2555 2414 ac
2575 2357 2835 2427 refrigerii
2856 2359 3174 2429 praecludis?
3195 2357 3456 2427 Relictus,

1866 2439 2070 2518 quasso,
2099 2447 2211 2518 jam
2263 2448 2411 2503 solus
2437 2457 2504 2503 'ac
2545 2450 2590 2503 si
2616 2449 2778 2505 arbor
2812 2451 2864 2504 in
2904 2447 3082 2506 medio
3122 2456 3313 2522 campo
3340 2467 3456 2506 are-

1865 2557 2042 2606 scens,
2065 2540 2353 2595 recordare
2382 2547 2593 2611 patrum
2627 2540 2958 2611 fratrumque
2987 2535 3202 2598 tuorum
3228 2542 3457 2613 phanta-

1867 2621 2022 2694 siam,
2050 2629 2342 2700 juvenilcm
2392 2631 2845 2702 immaturamque
2874 2627 3126 2689 mortem.
3153 2625 3291 2688 Nam
3331 2649 3456 2690 cen-

1869 2722 2046 2776 tennis
2075 2729 2133 2776 tu
2173 2721 2242 2776 ob
2272 2721 2522 2790 religiosa
2552 2722 2763 2786 merita,
2789 2723 2872 2777 vrl
2906 2740 3118 2780 COtCVllS
3146 2725 3456 2780 Mathusalae

1867 2821 2126 2882 exceptus
2157 2827 2293 2880 pene
2323 2812 2470 2865 ontni
2525 2813 2676 2882 prole
2705 2815 3005 2870 serval'mris
3033 2809 3054 2869 ?
3082 2815 3452 2887 Nequaquam.

1867 2901 1977 2958 Sed
1997 2902 2096 2957 nisi
2126 2903 2302 2967 citius,
2329 2911 2389 2956 ut
2415 2901 2703 2957 Psalmista
2749 2905 2824 2957 ait
2857 2901 3027 2974 (Psal.
3058 2923 3151 2971 vn,
3185 2899 3456 2980 13),.con-

1865 3014 2055 3055 versus
2084 2999 2246 3052 fueris
2290 2997 2357 3052 ad
2398 2991 2704 3062 Domimnu,
2749 3015 2923 3053 ensem
2979 2999 3032 3053 in
3081 2989 3132 3054 te
3159 2973 3456 3056 vibrabitin

1867 3085 2020 3145 brevi
2049 3089 2195 3144 suum
2223 3087 2341 3143 Rex
2370 3085 2460 3144 ille
2481 3087 2571 3159 qni
2595 3104 2692 3160 per
2714 3083 3034 3161 prephetam
3059 3106 3072 3144 :
3099 3077 3236 3161 Ego,
3259 3083 3456 3159 inquit,

1869 3181 2122 3246 occidam,
2153 3191 2201 3235 et
2230 3195 2323 3252 ego
2355 3182 2519 3235 vivere
2547 3173 2770 3254 faciam;
2804 3171 3103 3250 percutiam,
3136 3190 3185 3234 et
3223 3175 3317 3260 ego
3363 3197 3452 3234 sa-

151 3267 350 3323 riorum
388 3269 593 3334 victus,
638 3269 876 3341 legitima
909 3290 1080 3330 uxore
1104 3284 1296 3330 contra
1331 3276 1530 3332 Christi
1560 3275 1755 3344 Magis-
1778 3277 1827 3344 C
1859 3277 2024 3340 nabo;
2057 3284 2105 3328 et
2126 3291 2225 3328 non
2252 3281 2327 3327 est
2347 3273 2433 3346 qui
2473 3274 2534 3328 de
2561 3287 2717 3327 manu
2745 3289 2858 3326 mea
2885 3269 3046 3344 possit
3071 3288 3247 3326 eruere
3277 3267 3452 3343 (Deut.

148 3360 314 3442 trique
340 3359 606 3428 gentium
638 3361 984 3418 interdictum
1014 3365 1230 3436 repulsa
1252 3366 1576 3422 dicentium:
1610 3365 1764 3432 Quod

154 3449 275 3507 Deus
323 3454 641 3525 conjunxit,
679 3457 831 3510 homo
879 3474 982 3512 non
1024 3465 1231 3528 separet
1285 3458 1499 3532 (Matth.
1535 3476 1648 3526 xxx,
1696 3459 1758 3526 6;

152 3539 310 3600 Μαι-ο.
332 3561 401 3614 x,
430 3543 513 3617 9);
538 3554 625 3600 et:
659 3541 790 3614 Viri,
817 3547 1016 3620 diligite
1038 3566 1224 3604 uxores
1246 3560 1437 3606 vestras
1469 3549 1664 3624 (Catos.
1683 3567 1759 3618 ιιι,

155 3632 249 3704 19).
281 3638 718 3694 Amarissimum
749 3641 893 3695 enim
941 3641 1210 3711 quoddam
1252 3644 1319 3699 de
1359 3643 1468 3699 vite
1496 3643 1764 3699 Sodomo-

154 3731 254 3780 rum
276 3725 335 3782 in
363 3727 563 3783 cordis
585 3728 670 3783 sui
699 3728 1032 3786 infructuosa
1047 3730 1192 3786 bono
1219 3733 1411 3788 semini
1438 3733 1615 3802 gleba,
1645 3749 1764 3788 sur-

155 3817 400 3874 culamen
468 3817 868 3876 incredulitatis
919 3830 974 3878 et
1027 3823 1346 3894 insipientia:
1391 3824 1760 3895 plantaverat,

152 3909 280 3981 q’uod
309 3909 568 3984 vulgatis
598 3911 1016 3983 domesticisque
1062 3915 1429 3985 impietatibus
1457 3917 1605 3972 velut
1639 3918 1732 3986 qui

153 3993 369 4058 busdam
400 4003 703 4059 venenatis
742 4005 1004 4061 imbribus
1043 4005 1343 4074 irrigatum,
1375 4014 1430 4062 et
1458 4007 1523 4062 ad
1554 4007 1648 4062 Dei
1677 4008 1761 4062 of—

154 4086 348 4149 fensam
379 4092 613 4149 avidius
632 4109 692 4149 se
722 4095 934 4164 erigens
959 4096 1230 4166 parricidii
1256 4082 1632 4166 sacrilegiique
1654 4097 1760 4152 cri-

156 4199 262 4242 men
282 4185 570 4259 produxit
598 4187 652 4243 in
675 4187 928 4244 medium.
955 4187 1062 4244 Sed
1090 4206 1192 4246 nec
1216 4189 1388 4245 adhuc
1413 4190 1651 4260 priorum
1677 4203 1763 4244 re-

156 4283 282 4344 tibus
335 4285 632 4343 malorum
687 4285 1006 4357 expeditus,
1063 4285 1256 4355 priscis
1310 4288 1551 4342 recentia
1604 4296 1765 4357 auget

155 4378 313 4434 malis.
1643 4451 1648 4462 .

213 4470 263 4526 5.
294 4469 419 4542 Age
462 4472 590 4542 jam
619 4471 774 4540 quasi
814 4473 1139 4540 praesentem
1179 4481 1368 4538 arguo,
1399 4481 1559 4537 quem
1588 4467 1764 4525 adhuc

1864 3382 2033 3432 xxxn,
2057 3361 2168 3434 59).
2198 3363 2559 3431 Quamobrem
2591 3372 2829 3418 excutere
2857 3363 2921 3417 de
2946 3353 3110 3418 fetido
3138 3363 3340 3433 patvere
3361 3371 3453 3417 tuo

1867 3451 2002 3530 (lsa.
2037 3473 2127 3523 ιιι,
2160 3451 2239 3526 Ξ),
2279 3463 2334 3509 et
2381 3465 2699 3510 convertere
2756 3453 2822 3508 ad
2854 3457 2974 3509 eum
3001 3455 3121 3510 toto
3169 3453 3334 3510 corde
3363 3453 3453 3523 “qui

1865 3549 2068 3604 creavit
2099 3555 2150 3602 te
2183 3555 2260 3614 ut,
2293 3562 2405 3600 cum
2446 3547 2698 3601 exarserit
2738 3551 2792 3600 in
2825 3545 2962 3601 brevi
2997 3545 3078 3600 ira
3109 3546 3243 3618 ejus,
3273 3546 3450 3599 beatus

1865 3637 1936 3695 sis
1961 3656 2179 3710 sperans
2210 3639 2262 3691 in
2292 3645 2407 3692 eum
2440 3631 2614 3709 (Psal.
2649 3643 2705 3704 Ii,
2732 3631 2842 3706 l2):
2871 3638 2954 3692 sin
2980 3635 3132 3707 alias,
3161 3645 3374 3691 :etcr'uze
3405 3645 3457 3691 te

1863 3729 2161 3786 manebunt
2201 3745 2370 3798 poena:
2412 3729 2801 3784 conterendum
2832 3741 2973 3784 szeva
3005 3727 3259 3784 continue
3280 3733 3336 3781 et
3362 3739 3456 3780 ne-

1864 3837 2134 3894 quaquam
2158 3820 2549 3876 absumendum
2582 3819 2769 3876 tartari
2789 3819 2965 3876 fauce.

1938 3917 2066 3972 CAP.
2111 3933 2187 3972 ιιι.
2239 3914 2537 3986 Increpatio
2585 3916 2641 3970 in
2694 3901 3066 3984 Vortiporium.
3103 3943 3177 3954 ——
3213 3905 3352 3978 Quid
3401 3915 3458 3967 tu

1865 4027 2082 4082 quoque
2111 4010 2283 4081 pardo
2312 4009 2502 4065 similis
2529 4010 2770 4064 moribus
2789 4051 2802 4076 ,
2836 4011 2890 4062 'et
2919 4005 3171 4086 nequitiis
3199 3997 3456 4072 discolor,

1865 4113 2187 4162 canescente
2212 4101 2323 4172 jam
2367 4102 2574 4172 capite,
2611 4103 2663 4155 in
2708 4101 2904 4154 throno
2935 4098 3071 4152 dolis
3097 4097 3277 4169 pleno,
3308 4091 3459 4150 etab

1865 4195 1988 4251 imis
2035 4189 2238 4250 "vertice
2289 4201 2445 4247 tenus
2493 4179 2720 4247 diversis
2759 4189 3057 4260 parricidiis
3098 4185 3460 4244 et'adulteriis

1867 4293 2238 4355 constuprato,
2289 4283 2418 4338 boni
2465 4282 2627 4351 regis,
2681 4295 2912 4350 nequam
2961 4279 3062 4348 tili,
3113 4287 3172 4334 ut
3219 4263 3460 4336 E'zecliite

1866 4373 2176 4441 Manasses,
2237 4374 2581 4429 Demetarum
2639 4379 2866 4444 tyranne
2930 4363 3196 4444 Vorti‘po'ri
3247 4361 3466 4444 'stu'pide'

1867 4461 2042 4539 riges?
2085 4465 2224 4534 Quid
2274 4473 2328 4522 te
2373 4467 2484 4520 tam
2523 4461 2749 4521 violenti
2799 4471 3148 4536 peccatorum
3193 4467 3460 4536 gurgites,

158 4574 434 4632 superesse
490 4577 611 4618 non
661 4559 869 4617 nescio.
907 4558 1045 4626 Quid
1074 4567 1260 4630 stupes
1308 4553 1498 4612 animae
1527 4551 1764 4613 carnifex
1869 4579 2007 4634 quos
2036 4547 2094 4616 ut
2122 4561 2306 4616 vinum
2337 4559 2598 4629 optimum
2626 4558 2832 4627 sorbes,
2866 4558 2974 4616 imo
3017 4566 3071 4614 tu
3103 4557 3170 4615 ab
3200 4561 3278 4617 eis
3306 4575 3463 4615 vora-

157 4657 373 4728 propria:
399 4659 426 4713 ?
456 4653 612 4724 Quid
641 4653 736 4710 tibi
753 4652 1000 4708 ﬂammas
1027 4650 1222 4706 inferni
1253 4651 1556 4707 voluntarie
1579 4667 1770 4708 acceu-
1871 4657 1965 4718 ris,
2006 4654 2475 4726 appropinquante
2503 4653 2700 4708 sensim
2741 4652 2864 4708 vitae
2892 4651 3061 4708 limite
3090 4669 3198 4707 non
3228 4649 3464 4708 satiant?

159 4745 227 4803 dis
254 4763 563 4821 nunquam
592 4745 934 4803 defecturas?
963 4742 1102 4811 Quid
1130 4743 1470 4798 inimicorum
1499 4744 1613 4799 vice
1643 4760 1770 4816 pro-

159 4841 271 4909 priis
299 4850 354 4899 te
405 4838 679 4899 confodis
720 4846 919 4909 sponte
958 4836 1199 4899 ensibus,
1232 4834 1437 4892 hastis?
1465 4834 1618 4892 Anne
1657 4837 1772 4908 ipsa

162 4933 361 5004 quidem
389 4932 686 4989 virulenta
710 4928 978 4987 scelerum
1021 4943 1083 4983 ac
1121 4927 1165 4984 si
1189 4927 1381 4998 pocula
1412 4936 1599 4998 pectus
1625 4938 1773 4984 tuum

161 5030 341 5088 satiare
372 5025 727 5103 quiverunt?
750 5021 1002 5094 Respice,
1023 5025 1226 5091 quasso,
1258 5029 1314 5075 et
1340 5017 1464 5076 veni
1506 5020 1571 5076 ad
1611 5020 1767 5078 Chri-

163 5133 308 5198 stum,
339 5119 638 5198 siquidem
679 5117 894 5177 laboras
924 5126 982 5175 et
1018 5117 1282 5173 immenso
1309 5113 1550 5188 pondere
1580 5133 1772 5172 curva-

163 5215 250 5285 ris;
297 5227 356 5276 et
389 5220 526 5291 ipse
557 5223 635 5283 te,
665 5222 726 5270 ut
769 5209 906 5268 dixit
937 5207 1154 5284 (Matth.
1181 5226 1253 5276 xi,
1286 5207 1400 5282 28),
1431 5208 1772 5278 requiescere

163 5312 325 5370 taciet.
350 5313 510 5372 Veni
543 5309 613 5366 ad
635 5323 757 5366 eum
805 5307 896 5378 qui
924 5321 1027 5360 non
1057 5303 1159 5358 vult
1195 5303 1483 5374 peccatoris
1533 5309 1769 5370 Mortem,

163 5407 240 5462 led
264 5419 320 5464 ut
359 5409 716 5466 convertatur
743 5410 794 5458 et
832 5401 970 5455 vivat
1027 5392 1248 5467 (Ezech.
1281 5409 1466 5462 xxxm,
1500 5391 1612 5465 ll).
1646 5389 1772 5448 Dis-

223 5600 246 5666 _'
274 5589 837 5666 ᾼνιίτνειπιιῖηεω·
1078 5653 1088 5666 .

224 5663 248 5703 δ
278 5649 455 5722 Deest
481 5665 550 5718 in
579 5649 794 5729 Fragm.
831 5649 1300 5724 commanipulares
1327 5657 1398 5705 et.

227 5735 403 5808 ῗέιοσ
436 5735 567 5808 qui,
591 5731 804 5808 F68"?-

226 5803 247 5841 ά
275 5797 466 5864 Deest.
486 5797 736 5860 certatim
765 5799 817 5856 in
847 5797 1059 5867 Fragm.

232 5887 254 5916 ο
276 5861 493 5934 Dotose
527 5874 701 5946 potius
741 5888 894 5946 quam
922 5861 1102 5926 merito
1131 5873 1370 5939 poterunt
1401 5861 1564 5937 (forte
1591 5869 1766 5934 prote-

169 5949 321 6018 τινα),
344 5948 594 6019 Fragm.

1876 4747 2018 4816 Quid
2047 4745 2200 4819 quasi
2227 4745 2474 4802 culminis
2520 4745 2785 4801 malorum
2824 4745 3065 4801 omnium
3108 4747 3296 4816 stupro
3334 4761 3463 4817 pro-

1875 4841 1994 4914 pria
2025 4849 2113 4894 tua
2144 4847 2323 4895 amota
2350 4839 2608 4909 conjuge,
2647 4833 2996 4908 ejusdemque
3029 4835 3258 4892 honesta
3290 4843 3464 4891 morte

1878 4934 2205 5006 impudentis
2241 4931 2362 4987 tilia:
2402 4931 2637 5002 quodam
2669 4915 2996 4986 ineluctabili
3033 4931 3272 5003 pondere
3301 4930 3464 4984 mise—

1877 5036 1991 5081 ram
2038 5026 2274 5081 animam
2315 5023 2544 5078 oneras?
2580 5021 2658 5078 Ne
2687 5035 2995 5088 consumas,
3027 5021 3231 5092 q'uaes'o,
3258 5013 3464 5073 dierum

1875 5115 2019 5188 quod
2048 5117 2315 5186 reliquum
2344 5121 2427 5170 est
2455 5109 2510 5169 in
2539 5111 2632 5169 Dei
2663 5113 2922 5170 oti‘ensam
2962 5131 2975 5166 :
3008 5111 3132 5182 quia
3172 5115 3305 5163 nunc
3334 5115 3463 5162 tem-

1875 5225 1970 5280 pus
2000 5203 2313 5278 acceptabile
2347 5214 2396 5259 et
2423 5205 2532 5259 dies
2561 5204 2746 5259 salutis
2775 5197 2864 5276 (11
2893 5202 3012 5258 Cor.
3043 5215 3115 5263 vr,
3148 5197 3203 5272 2)
3232 5195 3464 5254 vultibus

1874 5289 2252 5370 pmnitentium
2301 5297 2462 5366 lucet,
2513 5297 2565 5353 in
2607 5299 2715 5368 Quo
2756 5287 2896 5352 bene
2941 5293 3157 5366 operari
3197 5293 3374 5363 potes,
3403 5307 3466 5346 ne

1881 5393 1974 5464 ﬁat
2004 5395 2130 5466 fuga
2157 5399 2247 5448 tua
2278 5391 2441 5450 hieme
2461 5393 2538 5462 vel
2563 5375 2776 5448 sabbato
2807 5381 3023 5445 (Matth.
3051 5389 3196 5454 ﬁxit,
3223 5373 3336 5458 ΞΟ).
3367 5375 3466 5441 DL

1955 5575 1973 5614 ί
2005 5575 2285 5643 Intrando,
2315 5576 2530 5643 Fragm.

1950 5647 2158 5718 §§axja
2187 5648 2344 5714 paulo
2371 5644 2750 5718 postragtp.
2778 5691 2832 5718 LA
2887 5713 2900 5718 _
2956 5707 2967 5718 _
3033 5701 3069 5718 ι-

1945 5686 1975 5755 ιῖ
2006 5686 2158 5774 ﬁdit?
2187 5686 2750 5789 iiiéépiaitih'ft'ii:
2778 5691 2998 5784 Paris),
3025 5701 3242 5776 Cantas.

1947 5860 1966 5892 ι
1997 5859 2138 5918 Bibl.
2176 5857 2280 5914 PP.
2309 5858 2505 5924 Paris.,
2534 5847 2848 5916 Harmonia.
