3988 6346
470 363 566 421 551

1363 348 1594 406 (HLDA!
1631 344 1985 406 SAPiENTlS
2024 343 2115 402 DE
2152 340 2425 399 EXCIDIO
2464 336 2857 397 BRITANNIE

3631 346 3738 403 332

469 488 629 544 “ne,
668 470 961 535 secundum
1007 466 1368 533 Psalmistam,
1397 482 1428 519 α
1458 466 1596 519 malo
1626 473 1675 517 et
1704 464 1787 535 {ac
1814 463 2001 518 bonum
2025 476 2045 516 :
2074 466 2128 526 Α
2152 457 2356 512 minum
2397 466 2558 522 regia:
2582 452 2777 506 cervnci
2806 459 3016 544 sponte,
3051 457 3112 507 ut
3140 451 3215 507 ita
3242 450 3436 521 dicam,
3467 454 3737 513 inelucta-

468 569 671 641 inquire
705 580 884 635 pacem
934 562 1119 618 bonam
1166 570 1215 616 et
1258 575 1467 630 sequere
1504 574 1620 613 eam
1657 554 1828 626 (Psal.
1863 568 2050 622 χχχιιι,

468 659 698 728 15-18);
729 656 856 729 quia
886 656 1022 711 oculi
1063 654 1273 710 Domini
1305 666 1467 721 super
1512 660 1563 705 te
1604 649 1745 704 bona
1780 656 2049 717 agentem,

468 764 518 813 et
546 769 697 809 aures
725 752 837 823 ejus
868 759 1024 805 erunt
1050 750 1106 802 in
1146 764 1317 818 preces
1349 756 1484 812 tuas,
1530 754 1585 799 ct
1620 759 1730 799 non
1774 742 1952 813 perdet
1991 741 2055 796 de

470 856 610 902 terra
640 845 911 899 virentium
941 841 1240 895 memoriam
1279 849 1443 892 luant.
1484 835 1753 891 Clatnahis
1793 843 1848 889 et
1888 848 2054 887 exau-

468 938 581 993 diet
612 945 696 1000 te;
726 943 775 988 et
810 949 877 987 ex
912 930 1147 986 omnibus
1190 926 1601 983 tribulationibus
1651 926 1752 980 tuis
1797 932 1948 980 eruet
1976 932 2050 979 te.

471 1030 574 1086 Cor
615 1026 878 1097 siquidem
920 1024 1196 1079 contritum
1236 1032 1284 1075 et
1312 1020 1632 1074 humiliatum
1664 1018 1834 1090 (Psal.
1872 1033 1924 1081 L,
1957 1014 2047 1085 19)

475 1122 666 1175 timore
688 1118 805 1187 ejus
831 1130 1094 1186 nusquam
1130 1113 1375 1167 Christus
1405 1111 1627 1182 spernit.
1660 1108 1911 1179 Alioquin
1939 1123 2053 1161 ver-

470 1231 567 1268 nus
599 1210 847 1269 tortionis
879 1219 981 1264 tute
1012 1226 1114 1262 non
1141 1208 1417 1272 morietur,
1449 1216 1499 1259 et
1527 1206 1661 1276 ignis
1700 1204 1923 1258 ustionis
1953 1211 2055 1257 tuae

470 1322 575 1361 non
605 1306 957 1374 exstinguetttr
988 1299 1124 1373 (Isa.
1156 1316 1299 1366 LxVI,
1333 1298 1430 1365 24;
1460 1297 1630 1351 Marc.
1661 1314 1733 1363 ιχ,
1762 1295 1876 1366 44).

540 1396 668 1450 Car.
703 1410 775 1448 vt.
816 1392 1115 1461 Increpatio
1146 1393 1199 1445 in
1229 1389 1618 1461 Cuneglassum.
1651 1422 1719 1431 —
1754 1388 1824 1443 Ut
1850 1388 1977 1459 quid
2002 1387 2058 1444 in

406 1508 409 1511 ί
470 1488 721 1556 nequitiae
753 1492 854 1541 tua:
896 1485 1134 1540 volveris
1162 1492 1371 1541 vetusta
1399 1483 1553 1552 fzece,
1584 1491 1639 1538 et
1677 1491 1734 1537 tu
1772 1483 1840 1538 ab
1876 1482 2061 1538 adole-

469 1576 690 1632 scentia:
711 1575 864 1630 annis
884 1590 1008 1631 urse
1029 1576 1318 1629 multorum
1349 1588 1529 1628 sessor
1553 1573 1842 1643 aurigaque
1866 1587 2059 1627 currus

469 1670 803 1741 receptaculi
849 1671 978 1737 ursi,
1018 1670 1115 1724 Dei
1144 1676 1484 1738 contemptor
1514 1664 1774 1736 fortisque
1816 1664 1932 1735 ejus
1962 1664 2056 1720 de-

468 1780 718 1837 pressor,
766 1762 1111 1833 Cuneglasse,
1163 1760 1408 1815 Romana
1456 1759 1637 1827 lingua
1686 1758 1829 1813 lanio
1881 1758 2058 1813 fulve?

2153 546 2289 603 biles
2309 544 2575 600 celsorum
2603 558 2703 598 ceu
2734 542 2995 598 montium
3024 544 3252 600 inuectis
3280 545 3489 603 moles?
3518 546 3661 614 Quid
3689 558 3742 606 te

2153 652 2263 692 non
2309 635 2359 691 ei
2408 648 2595 703 regum
2642 634 2879 689 omnium
2925 634 3067 704 regi,
3122 650 3282 706 quem
3322 638 3534 693 cunctis
3601 656 3742 711 pene

2154 730 2442 785 Britanniae
2465 729 2689 784 ducibus
2706 737 2815 783 tam
2837 741 3002 797 regno
3028 727 3173 792 fecit,
3198 743 3359 798 quam
3374 738 3548 786 status
3568 732 3741 789 linea-

2155 833 2341 879 mento
2363 822 2667 889 editiorem,
2699 821 2921 876 exhibes
2942 823 3150 877 caneris
3172 821 3411 877 moribus
3435 822 3755 894 meliorem,

2158 916 2251 974 sed
2298 931 2453 971 versa
2508 915 2626 970 vice
2678 915 3046 970 deteriorem?
3092 930 3320 985 quorum
3385 917 3746 973 indubitatam

2161 1007 2534 1078 aequanimiter
2561 1006 2929 1061 conviciorum
2970 1008 3269 1063 auscultato
3297 1024 3588 1082 parumper
3619 1011 3749 1066 asti-

2161 1100 2520 1171 pulationem,
2581 1102 2793 1157 omissis
2862 1101 3173 1157 domesticis
3231 1103 3633 1175 levioribusque
3683 1104 3751 1177 (si

2163 1200 2344 1248 tamen
2393 1194 2571 1265 aliqua
2611 1203 2737 1249 sunt
2781 1194 2943 1266 levia)
2992 1196 3272 1266 propalata
3304 1198 3321 1227 ⁸
3361 1197 3538 1252 solum
3588 1197 3753 1269 longe

2161 1284 2376 1353 lateque
2422 1300 2519 1356 per
2573 1299 2733 1340 auras
2785 1285 3021 1341 admissa
3069 1293 3402 1343 testaturam.
3456 1288 3651 1345 Nonne
3693 1289 3751 1346 in

2158 1375 2346 1445 primis
2401 1375 2776 1432 adolescentiae
2824 1387 2929 1433 tute
2984 1379 3136 1436 annis
3195 1382 3515 1437 avunculum
3568 1396 3754 1454 regem

2162 1480 2283 1520 cum
2314 1466 2621 1524 fortissimis
2648 1470 3035 1540 propemodum
3064 1472 3344 1542 militibus,
3374 1489 3607 1543 quorum
3637 1474 3755 1533 vul-

2163 1565 2249 1612 tus
2279 1573 2385 1613 non
2416 1560 2715 1615 catulorum
2742 1560 2916 1615 leonis
2945 1562 2998 1615 in
3024 1562 3142 1616 acie
3162 1578 3489 1634 magnopere
3509 1565 3758 1635 dispares

2166 1650 2513 1718 videbantur,
2548 1654 2811 1709 acerrime
2851 1670 2999 1723 ense,
3038 1656 3214 1724 hasta,
3259 1657 3369 1728 igni
3398 1660 3756 1729 oppressisti?

2163 1760 2354 1815 parum
2381 1746 2627 1814 cogitans
2654 1748 3028 1818 propheticum
3052 1748 3249 1803 dictum
3279 1767 3291 1803 :
3326 1749 3458 1817 Viri,
3484 1751 3755 1820 inquiens,

469 1836 647 1923 Quare
691 1863 901 1909 tantum
941 1862 1219 1908 certamen
1250 1860 1360 1907 tam
1395 1851 1702 1906 hominibus
1744 1866 1904 1921 quam
1947 1850 2059 1904 Deo
2090 1845 2139 1905 Β
2165 1837 2475 1907 sanguinum
2511 1844 2560 1889 et
2600 1837 2705 1891 doli
2750 1853 2855 1891 non
2893 1836 3239 1891 dimidiabunt
3280 1839 3389 1893 dies
3425 1856 3549 1893 suos
3580 1840 3753 1912 (Psal.

467 1957 714 2016 praestas,
765 1945 1074 2001 hominibus
1120 1945 1324 2000 civibus
1373 1944 1582 1998 scilicet
1621 1942 1785 1996 armis
1831 1936 2062 1996 exitiali-

468 2038 568 2094 bus
597 2047 642 2105 τι,
678 2038 789 2092 Deo
816 2039 1038 2093 inlinitis
1067 2036 1397 2092 sceleribus?
1425 2034 1563 2102 Quid
1587 2042 1782 2105 praeter
1810 2034 2055 2088 innume-

466 2130 662 2185 rabiles
692 2145 870 2195 casus,
911 2129 1130 2197 propria
1162 2140 1334 2181 uxore
1372 2125 1546 2193 pulsa,
1592 2122 1899 2178 furciferam
1932 2137 2058 2192 ger-

471 2234 684 2272 manam
724 2221 839 2288 ejus
879 2226 1200 2288 perpetuam
1243 2218 1356 2271 Deo
1382 2215 1655 2270 viduitatis
1684 2215 2060 2269 castimoniam

468 2308 874 2378 promittentem
913 2308 997 2379 (ut
1024 2317 1185 2377 poeta
1213 2307 1334 2377 ait),
1365 2322 1626 2362 summam
1669 2322 1767 2362 ceu
1800 2306 2062 2362 teneritu-

466 2398 650 2454 dinem
676 2399 1043 2455 coelicolarum
1074 2401 1210 2470 (tota
1252 2399 1419 2454 animi
1452 2399 1803 2454 veneratione
1836 2400 1922 2454 vel
1959 2414 2059 2469 po-

463 2490 584 2551 ,tius
625 2487 971 2562 hebetudine)
1028 2490 1413 2563 nympharum,
1466 2498 1656 2546 contra
1713 2490 2059 2545 interdictum

473 2577 722 2648 Apostoli
751 2576 893 2647 (Gal.
924 2595 976 2649 ν,
1006 2580 1099 2651 21)
1130 2581 1447 2650 denegantis
1478 2595 1637 2650 posse
1663 2579 1943 2637 adulteros
1968 2596 2059 2636 re-

469 2667 558 2738 gni
593 2673 830 2728 cmlestis
863 2685 983 2726 esse
1012 2670 1314 2740 municipes
1332 2713 1347 2739 ,
1374 2671 1638 2741 suscipis?
1664 2670 1802 2737 Quid
1829 2672 2060 2741 gemitus

471 2765 642 2828 atque
671 2761 904 2830 suspiria
952 2770 1285 2831 sanctorum,
1332 2772 1556 2834 propter
1604 2771 1657 2819 te
1704 2765 2063 2835 corporaliter

469 2850 813 2906 merentium
840 2851 893 2922 ι),
918 2853 1037 2910 vice
1064 2854 1312 2909 immanis
1349 2855 1530 2911 lezence
1553 2855 1795 2911 dentium
1818 2872 1941 2912 ossa
1968 2866 2060 2913 tua

470 2942 796 3013 quandoque
822 2944 1057 3002 fractura
1085 2946 1290 3002 crebris
1319 2946 1540 3015 instigas
1569 2946 1818 3016 injuriis?
1847 2946 2057 3012 Desine,

469 3048 684 3108 quaeso,
714 3043 774 3090 ut
800 3036 1066 3108 prOpheta
1106 3038 1201 3104 ait,
1236 3037 1298 3090 ab
1327 3038 1407 3091 ira
1427 3079 1442 3105 ,
1470 3046 1517 3091 et
1545 3037 1841 3109 derelinque
1868 3037 2061 3092 exitia-

466 3124 576 3181 lem
636 3141 701 3182 ae
760 3129 1101 3198 temetipsum
1144 3117 1541 3183 maceraturum
1584 3127 1765 3198 (quem
1811 3128 1951 3184 coelo
1995 3142 2061 3183 ac

2163 1941 2269 1991 ων,
2301 1924 2415 1995 24).
2447 1924 2584 1990 Quid
2613 1941 2713 1996 pro
2742 1926 2847 1980 hoc
2876 1927 2991 1981 solo
3022 1927 3389 1983 retributionis
3430 1943 3460 1981 a
3493 1929 3643 1997 justo
3667 1929 3758 1998 ju-

2161 2018 2283 2072 dice
2312 2033 2581 2089 sperares,
2615 2020 2715 2073 etsi
2742 2034 2850 2073 non
2879 2019 3006 2071 talia
3036 2028 3392 2087 sequerentur
3420 2035 3542 2089 qua:
3571 2029 3791 2095 secuta_

2162 2106 2309 2174 sunt,
2352 2107 2537 2163 itidem
2582 2107 2797 2164 dicente
2842 2125 2941 2179 per
2992 2110 3357 2180 prophetam:
3404 2110 3491 2166 Vw
3539 2111 3631 2165 tibi
3672 2113 3760 2183 qui

2162 2202 2435 2270 prtvdaris,
2470 2217 2641 2254 nonne
2672 2211 2721 2253 et
2761 2202 2871 2271 ipse
2914 2201 3274 2273 prwdaberis?
3316 2211 3368 2257 et
3408 2205 3496 2277 qui
3545 2206 3758 2272 occidis,

2162 2308 2333 2346 nonne
2358 2302 2407 2346 et
2434 2293 2544 2363 ipse
2572 2292 2863 2348 occideris?
2884 2305 2934 2348 et
2961 2312 3077 2348 cum
3105 2297 3354 2350 desineris
3374 2298 3626 2368 prtedari,
3654 2308 3761 2352 tum

2162 2384 2315 2437 cades
2347 2384 2482 2453 (Isa.
2515 2400 2714 2451 χχχιιι,
2750 2384 2826 2455 1).
2860 2386 3049 2441 Nonne
3092 2395 3379 2457 postquam
3410 2390 3503 2444 tibi
3536 2406 3605 2445 ex
3631 2388 3763 2449 voto

2160 2478 2385 2533 violenti
2426 2479 2579 2546 regni
2610 2478 2891 2547 phantasia
2940 2481 3105 2535 cessit
3137 2481 3433 2551 cupiditate
3472 2472 3700 2539 inlectus
3732 2494 3759 2523 σ

2163 2569 2232 2623 ad
2261 2569 2403 2623 viam
2434 2570 2742 2624 revertendi
2764 2577 2991 2639 rectam,
3023 2572 3318 2642 diebusque
3346 2590 3410 2629 ac
3432 2576 3682 2630 noctibus
3706 2576 3763 2634 id

2162 2663 2444 2733 temporis,
2466 2663 2800 2719 conscientia
2832 2664 2970 2718 forte
2998 2666 3365 2735 peccaminum
3390 2667 3763 2737 remordente,

2163 2753 2232 2808 de
2287 2754 2481 2809 deifico
2530 2754 2727 2810 timore
2781 2756 3281 2826 monachorumque
3330 2757 3605 2827 decretis,
3661 2759 3762 2814 sub

2163 2844 2325 2899 dente
2377 2845 2607 2915 primum
2665 2846 2833 2899 multa
2881 2847 3191 2915 ruminans,
3242 2847 3438 2902 deinde
3484 2849 3763 2918 popularis

2165 2950 2307 2991 aurae
2358 2938 2668 3007 cognitione
2698 2942 2717 2970 '
2757 2940 3058 3008 proferens,
3110 2941 3436 2996 monachum
3482 2943 3601 2997 sine
3650 2942 3765 2998 ullo

2166 3027 2517 3096 infidelitatis,
2551 3037 2610 3084 ut
2634 3030 2836 3096 aiebas,
2869 3025 3139 3102 respectu,
3171 3048 3353 3087 coram
3390 3035 3764 3104 omnipotente

2163 3119 2300 3185 Deo,
2332 3120 2587 3189 angelicis
2618 3122 2851 3177 vultibus
2883 3122 3235 3194 humanisque
3267 3126 3489 3195 (ruptis,
3514 3134 3577 3179 ut
3601 3136 3765 3195 puta-

469 3226 651 3287 terrze,
696 3220 802 3275 hoc
850 3229 955 3289 est,
1000 3220 1113 3275 Deo
1152 3222 1407 3290 gregique
1447 3220 1564 3289 ejus
1598 3220 1789 3290 Spiras)
1833 3224 2057 3291 furorem
2085 3216 2133 3280 ο
2163 3210 2351 3277 batur,
2382 3212 2747 3282 eapacissimis
2776 3214 2879 3269 illis
2904 3216 3097 3283 quibus
3123 3217 3520 3287 prtecipitanter
3562 3220 3764 3277 involvi

472 3314 644 3389 (Psal.
676 3329 859 3381 χχχνι,
886 3314 940 3385 6)
966 3331 981 3369 :
1004 3313 1087 3368 fac
1107 3329 1202 3368 eos
1232 3315 1411 3384 potius
1440 3315 1660 3369 mutatis
1686 3330 1785 3384 pro
1818 3322 1871 3370 te
1900 3330 2061 3370 orare

467 3408 727 3474 moribus,
776 3409 971 3477 quibus
1017 3406 1257 3478 suppetit
1300 3419 1464 3475 supra
1510 3405 1768 3460 mundum
1812 3405 2062 3475 alligandi

467 3516 590 3558 cum
637 3502 693 3557 in
733 3502 935 3557 mundo
976 3517 1101 3557 reos
1139 3498 1498 3567 alligaverint,
1545 3507 1600 3553 et
1645 3500 1889 3554 solvendi
1935 3515 2061 3555 cum

470 3592 799 3661 pmnitentes
817 3592 1077 3648 solverint
1101 3598 1363 3663 potestas.
1396 3587 1545 3656 Noli,
1574 3599 1631 3645 ut
1656 3590 1731 3645 ait
1751 3590 2058 3662 Apostolus,

470 3684 688 3754 superbe
712 3700 923 3755 sapere,
954 3684 1033 3739 vel
1062 3702 1271 3756 sperare
1297 3686 1353 3739 in
1381 3687 1579 3740 incerto
1610 3684 1926 3750 divitiarum,
1968 3682 2063 3737 sed

471 3777 528 3831 in
555 3776 668 3832 Deo
690 3777 778 3849 qui
800 3786 1015 3849 priestat
1045 3778 1138 3833 tibi
1165 3779 1326 3833 multa
1353 3778 1557 3833 abunde
1588 3774 1644 3849 (Ι
1674 3774 1805 3832 Tim.
1843 3792 1913 3844 v1,
1947 3776 2057 3848 17),

470 3876 531 3925 ut
560 3883 658 3939 per
683 3869 1119 3926 emendationem
1144 3886 1357 3927 morum
1388 3871 1716 3927 thesaurizes
1745 3871 1839 3926 tibi
1870 3871 2062 3941 [unda-

473 3968 699 4014 mentum
741 3958 929 4015 bonum
973 3962 1025 4015 in
1066 3962 1312 4033 futurum,
1360 3968 1409 4015 et
1457 3960 1646 4015 habeas
1683 3977 1855 4016 veram
1884 3963 2059 4027 vitam,

472 4066 766 4124 perennem
792 4051 1058 4124 profecto,
1090 4068 1198 4107 non
1223 4052 1527 4107 deciduam.
1559 4052 1805 4122 Alioquin
1834 4055 1982 4118 scies,
2014 4060 2065 4108 et

470 4144 661 4198 videbis
688 4144 851 4200 etiam
882 4160 1036 4217 quam
1058 4144 1254 4198 malum
1278 4152 1329 4198 et
1358 4160 1593 4198 amarum
1622 4151 1699 4197 est
1724 4142 1989 4213 reliquisse
2016 4151 2066 4198 te

471 4235 754 4294 Dominum
792 4237 960 4293 Deum
993 4247 1156 4308 tuum,
1181 4246 1229 4292 et
1259 4255 1364 4293 non
1392 4255 1505 4293 esse
1525 4239 1759 4293 timorem
1784 4238 1895 4309 ejus
1925 4238 2066 4309 apud

472 4338 521 4384 te
562 4328 691 4401 (Jer.
732 4347 791 4399 ιι,
835 4331 959 4403 19);
1005 4339 1060 4387 et
1104 4333 1157 4386 in
1209 4332 1411 4398 futuro,
1465 4340 1604 4387 tetro
1646 4332 1850 4402 ignium
1903 4331 2064 4401 globo

470 4428 796 4475 aeternorum
836 4429 890 4477 te
938 4424 1112 4489 exuri,
1156 4438 1257 4480 nec
1304 4431 1484 4479 tamen
1530 4423 1640 4479 ullo
1694 4422 1858 4479 modo
1901 4421 2060 4477 mori.

471 4509 748 4580 Siquidem
777 4518 888 4566 tam
916 4514 1306 4570 sceleratorum
1342 4516 1451 4570 sint
1490 4516 1757 4587 perpetim
1789 4526 1810 4555 ο
1843 4514 2066 4572 immor-

474 4601 612 4657 tales
642 4602 751 4672 igni
781 4603 996 4671 animaz,
1027 4619 1188 4672 quam
1219 4613 1525 4659 sanctorum
1556 4606 1773 4661 laetitiae.

546 4691 676 4749 CAP.
709 4710 802 4749 vu.
835 4692 1136 4766 Increpatio
1164 4698 1219 4750 in
1249 4696 1638 4768 Maglocunum.
1665 4732 1738 4741 —
1760 4700 1809 4753 1.
1842 4698 1981 4768 Quid
2002 4709 2059 4757 tu

475 4785 635 4840 etiam
676 4785 929 4841 insularis
954 4786 1143 4857 draco,
1172 4789 1462 4843 multorum
1488 4799 1836 4862 tyrannorum
1875 4793 2063 4864 depul-

474 4894 566 4935 sor
592 4886 701 4933 tam
744 4892 910 4950 regno
936 4894 1097 4951 quam
1132 4882 1293 4936 etiam
1322 4882 1451 4949 vita,
1485 4884 1914 4954 supradictorum
1962 4900 2064 4941 no-

474 4972 696 5027 vissime
725 4971 781 5026 in
810 4969 838 5009 ά
872 4970 1036 5045 stylo,
1061 4973 1233 5043 prime
1268 4973 1321 5030 in
1359 4974 1522 5042 malo,
1553 4977 1728 5048 major
1754 4976 1934 5032 multis
1959 4992 2061 5046 po-
2104 5020 2106 5023 .

478 5069 646 5124 tentia
674 5066 939 5138 simulque
968 5067 1192 5135 malitia,
1224 5068 1425 5140 largior
1458 5071 1513 5127 in
1550 5072 1748 5138 dando,
1794 5070 2065 5141 profusior

478 5162 535 5217 in
580 5167 828 5232 peccato,
866 5162 1085 5218 robuste
1110 5164 1291 5231 armis,
1332 5164 1429 5220 sed
1468 5165 1660 5219 anima:
1688 5163 1878 5219 fortior
1920 5163 2064 5218 exci-

481 5253 602 5319 diis,
634 5252 963 5324 Maglocune,
994 5254 1047 5309 in
1078 5262 1189 5311 tam
1216 5264 1432 5313 vetusto
1452 5257 1714 5312 scelerum
1737 5263 2060 5322 atramento,

478 5346 633 5402 veluti
672 5346 911 5401 madidus
955 5346 1087 5421 (Jer.
1131 5366 1282 5415 χχιιι,
1324 5348 1380 5419 9)
1424 5349 1549 5404 vino
1595 5348 1663 5402 de
1710 5346 2064 5405 Sodomilaua

480 5442 595 5497 vite
619 5455 876 5512 expresso
905 5430 1100 5503 Stolide
1127 5443 1427 5500 volutaris?
1455 5439 1633 5508 Quare
1660 5447 1839 5496 tantas
1868 5456 2063 5513 pecca-

555 5609 582 5676 ξι
609 5599 775 5676 Edita
800 5604 1136 5676 specialibus.

551 5670 579 5711 δ
609 5671 753 5729 Edit.
788 5670 1035 5748 (excepta
1064 5674 1198 5731 Bibl.
1230 5671 1337 5729 PP.
1369 5672 1587 5745 Paris.),
1610 5675 1942 5732 venantium.

555 5753 579 5782 °
609 5743 781 5799 Ed“...
804 5748 1022 5799 Derceti.

555 5762 579 5782 υ
609 5762 781 5811 nunc,
804 5762 1022 5817 perpeti.

550 5812 580 5852 ἀ
608 5813 772 5889 Quest
790 5816 1099 5889 prtepositio
1117 5818 1196 5889 in,
1213 5814 1341 5875 edit.

556 5894 583 5925 ο
610 5883 1047 5959 Εᾶίιηῖηέέσωε.

2161 3302 2342 3356 solent
2360 3303 2585 3371 pingues
2616 3306 2753 3358 tauri
2784 3306 2986 3360 moduli
3017 3308 3094 3361 tui
3117 3309 3320 3363 retibus
3346 3327 3357 3362 :
3383 3311 3565 3365 omnis
3587 3313 3761 3379 regni,

2164 3393 2280 3447 auri
2306 3395 2638 3463 argentique,
2672 3403 2727 3450 et
2754 3397 2899 3465 quod
2926 3397 3101 3467 majus
3125 3406 3225 3460 est,
3250 3400 3483 3470 propria:
3507 3401 3765 3455 volunta-

2163 3484 2233 3538 tis
2255 3483 2675 3541 distensionibus
2702 3486 2895 3559 ruptis)
2926 3499 3188 3559 perpetuo
3210 3491 3425 3554 vovisti,
3463 3500 3520 3548 et
3560 3502 3678 3548 rete
3701 3508 3766 3549 ac

2163 3576 2209 3632 si
2238 3576 2467 3633 stridulo
2499 3593 2694 3634 canum
2724 3579 2879 3652 lapsu
2908 3596 3088 3635 aerem
3115 3582 3293 3638 valide
3321 3590 3595 3640 secantem
3614 3626 3630 3649 ,
3664 3600 3764 3639 sm-

2164 3684 2372 3740 vosque
2390 3669 2565 3740 rapidi
2592 3672 2931 3742 harpagones
2960 3673 3232 3743 accipitris
3261 3674 3495 3731 sinuosis
3535 3675 3767 3732 ﬂexibus

2167 3764 2445 3828 vitantem,
2475 3764 2543 3817 ad
2564 3773 2876 3820 sanctorum
2900 3766 2997 3820 tibi
3025 3781 3354 3838 magnopere
3384 3767 3515 3823 ﬁdas
3546 3769 3769 3839 spelun-

2166 3869 2258 3910 cas
2282 3854 2671 3926 refrigeriaque
2707 3856 2995 3912 salubriter
3023 3859 3244 3928 rapuisti
3276 3875 3343 3914 ex
3370 3875 3534 3915 corvo
3559 3859 3767 3917 colum-

2164 3946 2328 4002 bam?
2374 3946 2418 4002 Ο
2465 3956 2667 4019 quanta
2710 3946 2965 4006 Ecclesia:
3012 3951 3175 4005 matri
3214 3951 3398 4005 laetitia
3445 3950 3512 4019 (si
3554 3966 3666 4006 non
3716 3962 3768 4008 te

2166 4058 2488 4105 cunctorum
2531 4051 2841 4105 mortalium
2879 4051 3050 4108 hostis
3089 4050 3158 4107 de
3196 4052 3318 4107 sinu
3363 4049 3768 4121 quodammodo

2167 4142 2283 4211 ejus
2324 4142 2625 4211 lugubriter
2650 4143 3021 4213 abstraxisset)
3049 4143 3217 4199 foret!
3251 4144 3295 4197 0
3326 4158 3486 4213 quam
3515 4144 3771 4214 profusus

2167 4232 2282 4303 spei
2308 4232 2545 4287 cmlestis
2574 4230 2746 4286 fomes
2767 4231 3170 4302 desperatorum
3197 4233 3471 4299 cordibus,
3502 4240 3556 4287 te
3585 4232 3641 4286 in
3671 4233 3769 4287 bo-

2169 4323 2252 4378 nis
2297 4330 2671 4393 permanente,
2712 4324 3109 4380 inardesceretl
3148 4324 3193 4378 0
3235 4326 3413 4393 qualia
3455 4333 3769 4395 quantaque

2169 4413 2403 4467 animam
2452 4420 2599 4467 tuam
2648 4413 2800 4482 regni
2851 4412 3050 4469 Christi
3096 4416 3314 4486 praemia
3353 4415 3409 4469 in
3451 4415 3541 4470 die
3576 4416 3769 4485 iudicii

2170 4512 2477 4573 manerent,
2509 4505 2556 4562 si
2584 4521 2694 4561 non
2732 4505 2889 4577 lupus
2933 4506 3160 4562 callidus
3186 4508 3277 4563 ille
3314 4522 3508 4577 agnum
3539 4523 3607 4564 ex
3638 4508 3771 4580 lupo

2088 4608 2145 4672 ῃ
2169 4596 2370 4653 factum
2399 4602 2475 4664 te,
2521 4597 2588 4653 ab
2628 4597 2758 4652 ovili
2796 4596 3068 4653 dominico
3114 4614 3223 4654 non
3247 4600 3603 4656 vehementer
3628 4600 3770 4655 invi-
3816 4658 3821 4661 ,

2166 4699 2300 4755 tum,
2333 4686 2571 4744 facturus
2590 4689 2775 4761 lupum
2797 4704 2864 4743 ex
2893 4702 3030 4757 agno
3059 4689 3160 4745 sibi
3188 4690 3417 4745 similem
3453 4690 3765 4761 rapuisset!

2168 4780 2493 4851 Oquantam
2543 4781 2959 4837 exsultationem
3014 4782 3103 4852 pio
3152 4783 3394 4853 omnium
3452 4781 3599 4838 Patri
3654 4783 3769 4839 Deo

2168 4891 2479 4942 sanctorum
2518 4890 2609 4937 tua
2655 4882 2803 4938 salus
2846 4882 3111 4939 servanda
3154 4891 3458 4955 pncstaret,
3487 4884 3533 4939 si
3576 4900 3688 4940 non
3715 4894 3773 4943 te

2170 4986 2484 5034 cunctorum
2512 4977 2845 5049 perditorum
2866 4976 3129 5034 infaustus
3149 4987 3323 5053 pater,
3342 4979 3510 5035 veluti
3540 4995 3773 5050 magna-

2169 5087 2291 5127 rum
2317 5072 2495 5141 aquila
2527 5072 2735 5128 alarum
2762 5073 3128 5142 unguiumque
3152 5073 3381 5140 daemon,
3407 5072 3605 5129 infelici
3628 5074 3773 5129 ﬁlio-

2170 5180 2290 5220 rum
2318 5179 2539 5220 suorum
2566 5164 2766 5234 agmini
2804 5172 2993 5220 contra
3017 5164 3106 5233 jus
3134 5165 3320 5235 fasque
3356 5165 3658 5236 rapuisset!
3691 5163 3773 5222 Ne

2173 5260 2368 5328 multa,
2403 5267 2610 5314 tantum
2640 5258 2821 5328 gaudii
2849 5273 2912 5313 ac
2941 5258 3219 5313 suavitatis
3248 5265 3361 5313 tum
3400 5258 3542 5313 caelo
3582 5265 3775 5313 terrae-

2174 5368 2279 5425 que
2307 5361 2395 5407 tua
2421 5352 2488 5406 ad
2528 5352 2720 5407 bonam
2750 5350 2956 5420 frugem
2995 5351 3296 5418 conversio,
3323 5359 3585 5420 quantum
3623 5365 3777 5407 nunc

2175 5444 2424 5502 memoris
2463 5459 2528 5500 ac
2565 5443 2741 5500 luctus
2769 5442 3092 5499 ministravit
3137 5442 3205 5497 ad
3235 5441 3569 5510 horribilem,
3613 5456 3774 5497 more

2249 5606 2265 5637 ⁸
2299 5602 2373 5659 Ita
2405 5605 2807 5677 rescripsimus,
2843 5603 2976 5677 Bibl.
3011 5603 3115 5661 PP.
3146 5602 3317 5661 Paris.
3348 5600 3574 5677 editioni
3600 5600 3774 5657 inhae-

2173 5688 2377 5741 rentes,
2411 5674 2590 5732 altera
2609 5677 2841 5732 lectione
2869 5674 3043 5731 Oxon.
3077 5678 3257 5745 palata
3287 5676 3507 5745 reiecta.

2242 5749 2264 5871 ἶ
2298 5747 2434 5872 ὶὶίυι.
2476 5747 2605 5819 PP.,
2638 5747 2833 5815 Paris,
2857 5744 3160 5828 cognitioni.
3194 5746 3263 5804 Et
3291 5744 3441 5816 max,
3483 5744 3677 5819 fractis
3710 5750 3778 5801 ut

2170 5833 2235 5884 pa
2264 5834 2293 5872 α
2334 5858 2347 5874 .
