3988 6346
210 307 305 362 555

1148 299 1349 384 ωξειι
1384 299 1773 370 QUERULUS.
1812 300 1989 360 PARS
2022 301 2088 360 II.
2123 299 2472 361 EPISTOLA.’

211 417 408 476 molossi
431 415 606 488 (Prov.
635 429 784 479 xxvi,
816 413 912 481 li;
945 412 1012 468 II
1036 414 1184 470 Petr.
1215 432 1275 484 ιι,
1303 415 1396 484 25)
1426 417 1574 486 aegri,
1604 419 1770 474 vomi-
1793 419 1846 481 Α
1872 413 2076 483 somno,
2096 420 2171 473 sic
2192 419 2278 490 qui
2305 423 2520 471 enarrat
2537 418 2695 472 stulto
2721 419 3048 489 sapientiam.
3093 421 3160 475 In
3188 423 3296 494 ﬁne
3319 423 3457 478 enim

213 523 305 567 tum
329 509 546 565 nefanda
566 507 820 563 reversio.
852 507 966 574 Qua
995 516 1232 576 peracta,
1264 508 1586 564 exhibentur
1613 526 1772 564 mem-

212 603 293 657 bra
317 616 456 655 arma
479 598 759 668 iniquitatis
786 606 996 668 peccato
1028 596 1206 668 (Rom.
1235 613 1308 662 vi,
1335 597 1426 670 15)
1449 614 1513 655 ac
1532 598 1769 669 diabolo,

211 707 314 762 quae
341 694 649 760 oportuerat
674 685 825 743 salvo
846 701 1009 744 sensu
1030 687 1184 744 avide
1203 687 1434 743 exhiberi
1456 705 1602 744 arma
1612 689 1772 760 justi-

212 782 288 836 tio:
311 778 436 834 Deo.

270 871 322 925 2.
348 872 568 928 Arrecto
612 870 822 926 aurium
861 869 1232 926 auscultantur
1278 879 1468 942 captu,
1518 887 1626 928 non
1675 872 1772 929 Dei

214 959 382 1017 laudes
401 976 602 1017 canora
629 960 826 1016 Christi
854 961 1090 1016 tironum
1128 977 1264 1018 voce
1301 963 1538 1018 suaviter
1575 964 1771 1020 modu-

212 1053 357 1120 lante,
379 1068 718 1123 pneumaque
737 1052 1110 1110 ecclesiasticae
1137 1053 1401 1120 melodiae,
1427 1055 1521 1110 sed
1542 1055 1773 1128 promite

215 1144 337 1215 (qua:
374 1143 500 1198 nihil
542 1145 693 1214 sunt)
733 1142 1110 1198 furciferorum
1138 1145 1340 1200 referto
1371 1146 1664 1203 mendaciis
1697 1148 1774 1202 si-

210 1235 407 1305 mulque
433 1234 707 1304 spumanti
736 1225 1014 1303 ll'egmate,
1039 1235 1318 1304 proximos
1356 1235 1599 1307 qilosque
1635 1237 1774 1295 truci

207 1324 376 1380 daturo
405 1340 718 1394 praeconum
743 1340 856 1391 ore,
881 1325 990 1380 ritu
1013 1326 1410 1392 bacchantium,
1441 1343 1774 1398 concrepan-

207 1427 282 1483 te;
305 1419 375 1472 ita
404 1427 462 1472 ut
489 1433 612 1484 vas,
643 1417 738 1472 Dei
766 1418 1037 1486 quondam
1065 1419 1362 1474 ministerio
1389 1429 1770 1490 praeparatum,

205 1520 420 1568 vertatur
439 1512 494 1566 in
530 1511 719 1566 Zabuli
744 1523 1025 1580 organum,
1055 1511 1310 1582 quodque
1338 1512 1546 1568 honore
1567 1512 1776 1568 ccelesti

207 1604 468 1672 putabatur
514 1603 753 1672 dignum,
791 1602 985 1657 merito
1032 1601 1304 1672 rejiciatur
1351 1602 1406 1657 in
1447 1603 1634 1658 tartari
1679 1604 1776 1658 ha-

205 1693 440 1748 rathrum.
489 1691 612 1749 Nec
663 1700 845 1747 tamen
903 1693 1066 1751 tantis
1121 1693 1387 1749 malorum
1441 1692 1776 1748 oll'endiculis

1871 510 2192 563 narrationis
2227 509 2360 562 dicet
2394 525 2407 561 :
2442 505 2578 571 Quid
2615 509 2839 577 primum
2867 511 3077 567 dixeras
3107 512 3296 583 (Eccli.
3326 529 3457 581 nn,

1872 597 1925 664 8,
1955 597 2048 667 9)?
2075 597 2220 653 Lava
2263 614 2295 651 a
2337 595 2542 652 malitia
2569 613 2659 653 cor
2701 605 2844 653 tuum
2889 601 3050 670 (sicut
3090 602 3290 658 dictum
3328 600 3460 676 est),

1871 688 2223 755 Hierusalem,
2255 699 2311 743 ut
2332 689 2504 745 salvus
2525 692 2597 744 sis
2621 689 2753 761 (Jer.
2778 707 2851 758 iv,
2877 691 2990 762 l4).
3022 693 3098 749 Ne
3123 701 3458 761 contemnas,

1871 792 2076 848 quaeso,
2104 777 2427 835 ineffabilem
2448 780 2877 838 misericordiam
2908 782 3023 847 Dei,
3054 784 3159 840 hoc
3183 787 3344 843 modo
3364 801 3464 858 per

1869 869 2191 941 prophetam
2221 887 2254 926 a
2288 873 2529 943 peccatis
2577 873 2772 944 impios
2814 877 3158 944 provocantis
3185 894 3198 931 :
3230 877 3464 948 Repente

1872 961 2058 1034 loquar
2089 964 2158 1018 ad
2182 973 2383 1036 gentem
2409 974 2460 1019 et
2487 965 2559 1019 ad
2577 981 2816 1037 regnum,
2857 975 2912 1019 ut
2958 967 3195 1034 evellam,
3223 976 3272 1022 et
3313 969 3465 1025 dissi-

1871 1069 2006 1124 pem,
2038 1063 2089 1109 et
2113 1054 2395 1123 destruant,
2421 1064 2472 1110 et
2496 1057 2793 1124 disperdam
2820 1057 2953 1129 (Jer.
2986 1075 3134 1125 xvnl,
3165 1060 3240 1129 7).
3275 1059 3466 1116 Pecca-

1871 1151 2048 1201 torem
2075 1146 2182 1202 hoc
2211 1148 2561 1204 vehementer
2579 1149 2649 1204 ad
2676 1151 3048 1220 paenitentiam
3073 1153 3322 1208 hortatur
3354 1171 3369 1206 :
3395 1152 3468 1210 Et

1873 1237 1919 1290 si
1947 1237 2298 1306 paenitentiam
2325 1241 2488 1309 egerit
2513 1255 2638 1311 gens
2665 1240 2758 1295 illa
2785 1258 2818 1294 a
2845 1252 3054 1312 peccato
3079 1259 3196 1312 suo,
3225 1245 3468 1314 paeniten-

1877 1326 2003 1380 tiam
2031 1335 2080 1380 et
2108 1343 2203 1398 ego
2233 1344 2388 1397 agam
2415 1345 2569 1400 super
2596 1331 2733 1384 malo
2761 1330 2899 1402 quod
2931 1333 3130 1387 locutus
3164 1349 3275 1387 sum
3300 1342 3356 1387 ut
3385 1335 3469 1404 fa-

1876 1433 2044 1472 cerem
2073 1419 2122 1473 ei
2153 1417 2346 1490 (Ibid.,
2375 1418 2451 1489 8).
2483 1417 2553 1473 Et
2590 1421 2788 1476 iterum
2831 1441 2844 1475 :
2889 1420 3016 1487 Quis
3061 1423 3204 1478 dabit
3248 1427 3324 1480 eis
3366 1425 3469 1480 tale

1877 1523 1988 1578 cor,
2013 1517 2071 1561 ut
2098 1509 2318 1563 audiant
2349 1526 2428 1564 me
2447 1518 2498 1564 et
2517 1511 2811 1575 custodiant
2835 1524 3092 1583 praecepta
3111 1531 3246 1582 mea,
3269 1525 3318 1570 et
3342 1514 3470 1569 bene

1878 1595 1946 1649 sit
1972 1597 2046 1650 eis
2074 1595 2311 1651 omnibus
2341 1597 2516 1653 diebus
2545 1599 2664 1674 vita:
2689 1616 2800 1655 sua:
2845 1600 3024 1672 (Deut.
3070 1619 3123 1670 v,
3161 1603 3290 1676 29)?
3315 1604 3471 1660 Item-

1877 1698 1985 1754 que
2005 1686 2059 1739 in
2082 1687 2296 1742 cantico
2318 1686 2722 1745 Deuteronomii
2746 1707 2760 1744 :
2785 1689 3041 1761 Populus,
3068 1693 3259 1762 inquit,
3278 1693 3471 1766 absque

177 1853 180 1856 ἢ
205 1791 312 1837 tuus
362 1783 654 1839 hebetatus
709 1783 1031 1854 insipientia:
1083 1784 1299 1839 cumulo
1349 1798 1542 1840 sensus
1561 1826 1576 1852 ,
1627 1783 1778 1838 velut
1807 1788 1854 1849 Β
1879 1776 2096 1830 consilio
2119 1783 2169 1830 ϐε
2197 1776 2494 1847 Prudentia-
2522 1778 2736 1834 Πείιιαπι
2760 1791 3000 1849 saperent
3026 1792 3075 1838 ει
3101 1784 3469 1856 intelligerent,

204 1875 413 1944 quodam
450 1876 618 1931 obice
664 1874 924 1941 tardatur,
973 1875 1072 1930 sed
1120 1875 1376 1942 fervidus,
1419 1890 1484 1931 ac
1517 1875 1563 1930 si
1599 1874 1775 1946 pullus

205 1979 394 2020 amoena
430 1981 665 2036 quaeque
705 1966 1068 2037 imperagrata
1115 1975 1340 2036 putans,
1387 1981 1485 2036 per
1521 1973 1776 2021 extensos

205 2057 446 2114 scelerum
486 2074 716 2129 campos
762 2058 1100 2114 irrevocabili
1140 2056 1323 2113 furore
1366 2066 1630 2128 raptatur,
1675 2073 1775 2112 au-

205 2151 356 2218 gendo
399 2151 598 2222 priscis
643 2166 782 2207 nova
839 2150 1086 2221 piaculis.
1146 2149 1484 2219 Spemuntur
1544 2163 1778 2218 namque

203 2241 390 2308 primae,
433 2249 562 2311 post
600 2240 850 2296 monachi
891 2248 1074 2295 votum
1101 2239 1334 2306 irritum,
1378 2239 1581 2294 illicitae
1626 2239 1776 2308 licet,

204 2338 365 2388 tamen
402 2334 642 2404 propria:
682 2333 925 2403 conjugis
965 2333 1358 2403 prmsumptivae
1396 2333 1622 2402 nuptiae;
1669 2333 1776 2387 alia

202 2426 290 2482 viri
309 2428 563 2493 viventis,
598 2443 705 2484 non
734 2427 971 2493 externi,
1013 2427 1110 2482 sed
1151 2426 1332 2482 fratris
1369 2425 1465 2480 ﬁlii
1504 2424 1772 2480 adamata.

201 2513 271 2572 Ob
309 2519 451 2588 quod
493 2520 630 2575 dura
671 2519 854 2575 cervix
895 2517 982 2572 illa
1028 2518 1212 2572 multis
1245 2515 1358 2586 jam
1399 2517 1774 2587 peccaminum

202 2605 419 2663 fascibus
446 2617 698 2676 onerata,
734 2609 863 2664 hino
907 2608 1236 2678 parricidiali
1280 2623 1435 2674 ausu,
1477 2605 1776 2664 occidendo

200 2700 553 2768 supradictum
611 2715 946 2769 uxoremque
970 2709 1114 2755 tuam
1144 2701 1452 2770 aliquandiu
1482 2716 1513 2756 a
1544 2709 1599 2756 te
1623 2700 1780 2756 habi-

199 2795 317 2860 tam,
341 2792 494 2848 velut
518 2808 730 2848 summo
757 2792 1028 2860 sacrilegii
1069 2793 1148 2846 tui
1180 2792 1436 2859 culmine,
1465 2791 1533 2846 de
1562 2791 1683 2845 imis
1712 2789 1780 2845 ad

196 2878 442 2939 inferiora
483 2892 759 2940 curvatur.
785 2881 994 2937 Dehinc
1023 2881 1169 2936 illam
1195 2880 1350 2950 cujus
1379 2879 1580 2936 dudum
1609 2878 1781 2934 collu-

194 2968 272 3026 dio
309 2987 375 3028 ac
423 2973 772 3041 suggestione
815 2979 976 3025 tantm
1009 2978 1152 3044 sunt
1193 2977 1540 3038 peccatorum
1588 2968 1782 3022 subitae

192 3061 350 3117 moles
373 3063 601 3132 publico
622 3069 678 3114 et
707 3061 791 3130 (ut
818 3059 1034 3114 fallaces
1060 3059 1420 3128 parasitorum
1443 3059 1637 3124 linguae
1668 3064 1784 3112 tuo-

191 3165 297 3207 rum
348 3151 721 3216 conclamant,
773 3150 994 3205 summis
1037 3161 1216 3204 tamen
1256 3149 1430 3214 labiis,
1463 3164 1572 3203 non
1606 3164 1674 3204 ex
1702 3149 1785 3204 in-

192 3242 316 3297 timo
347 3240 559 3312 cordis)
597 3241 855 3310 legitimo,
891 3251 950 3296 ut
989 3248 1118 3311 pote
1165 3239 1459 3306 viduatam,
1493 3240 1679 3306 thoro;
1727 3247 1788 3295 ut

193 3341 384 3388 nostra:
437 3345 572 3386 vero
614 3338 663 3399 υ,
704 3330 1124 3386 sceleratissimo
1173 3329 1444 3385 adscivisti
1491 3328 1783 3384 connubio.

195 3419 348 3490 Cujus
399 3421 566 3490 igitur
620 3421 793 3475 sancti
845 3421 1055 3475 viscera
1106 3419 1199 3474 tali
1247 3419 1516 3474 stimulata
1559 3418 1786 3474 historia

200 3526 295 3566 non
320 3513 507 3567 statim
536 3511 592 3566 in
631 3511 790 3567 ﬂetus
829 3513 1199 3581 singultusque
1227 3511 1614 3581 prorumpant?
1655 3509 1786 3577 Quis

201 3605 443 3659 sacerdos
491 3603 644 3672 cujus
691 3620 788 3660 cor
837 3614 1042 3659 rectum
1084 3605 1196 3659 Deo
1232 3612 1401 3673 patet,
1449 3619 1558 3658 non
1603 3603 1788 3657 statim

204 3690 303 3747 haec
329 3693 556 3748 audiens
584 3708 781 3762 magno
822 3710 943 3749 cum
976 3695 1184 3748 ululatu
1233 3694 1365 3747 illud
1407 3694 1786 3763 propheticum

204 3779 334 3836 dicat
365 3801 380 3836 :
417 3783 551 3847 Quis
596 3783 741 3838 dabit
787 3786 944 3856 capiti
991 3802 1103 3839 meo
1144 3802 1350 3857 aquam,
1382 3794 1433 3837 et
1461 3785 1622 3838 oculis
1662 3785 1788 3838 meis

205 3870 384 3939 [autem
412 3873 788 3943 lacrymarum,
822 3883 871 3927 et
902 3874 1118 3944 plorabo
1152 3877 1207 3928 in
1241 3875 1326 3928 die
1353 3883 1402 3928 et
1441 3882 1592 3928 nocte
1628 3875 1791 3928 inter-

207 3959 351 4028 fectos
386 3963 572 4034 populi
609 3964 710 4017 mei
744 3963 876 4035 (Jer.
919 3965 1040 4036 1x)?
1071 3963 1217 4020 Heu!
1259 3965 1304 4020 si
1343 3966 1560 4036 quidem
1601 3981 1792 4036 parum

210 4052 412 4109 auribus
441 4055 679 4124 captasti
711 4057 1084 4127 propheticum
1126 4057 1560 4127 objurgationem
1594 4059 1669 4113 ita
1706 4059 1791 4114 di-

209 4153 446 4200 centem:
505 4145 602 4202 γω
647 4147 807 4216 vobis,
854 4151 951 4204 viri
997 4152 1145 4221 impii
1185 4168 1204 4206 :
1255 4153 1598 4223 dereliquistis
1628 4153 1795 4223 legem

210 4227 293 4285 Dei
339 4236 621 4302 altissimi;
671 4245 722 4290 et
769 4239 814 4291 si
863 4241 974 4293 nati
1017 4241 1240 4311 fueritis,
1282 4242 1338 4298 in
1379 4242 1795 4296 maledictionem

211 4324 294 4376 erit
318 4343 436 4396 pars
465 4338 663 4384 vestra.
701 4327 894 4385 Omnia
930 4349 1044 4404 qua:
1073 4333 1136 4386 de
1165 4341 1304 4388 terra
1336 4341 1477 4402 sunt,
1514 4335 1570 4388 in
1607 4343 1796 4386 terram

213 4413 338 4470 ibunt
387 4437 406 4475 :
451 4424 536 4476 sic
582 4423 729 4491 impii
780 4441 812 4478 a
863 4425 1225 4481 maledictione
1274 4428 1330 4480 in
1380 4426 1797 4480 maledictionem

217 4501 386 4570 (Eccli.
419 4526 534 4574 xu,
577 4510 760 4580 11-15)
804 4511 1160 4584 (subauditur,
1202 4512 1354 4567 ibunt
1392 4514 1433 4581 ⁸)
1469 4513 1517 4566 si
1557 4529 1666 4567 non
1709 4527 1796 4567 re-

216 4603 471 4655 vertantur
517 4600 586 4654 ad
615 4601 921 4667 Dominum,
953 4603 1206 4657 exaudita
1241 4603 1432 4659 saltem
1468 4603 1563 4656 tali
1609 4603 1795 4658 admo-

221 4682 404 4744 nitione
435 4707 448 4743 :
479 4688 618 4753 Fili,
645 4694 893 4762 peccasti,
920 4709 983 4747 ne
1021 4693 1243 4763 adficias
1289 4695 1464 4758 ultra;
1507 4693 1597 4747 sed
1641 4702 1692 4747 et
1731 4694 1795 4748 de

220 4776 430 4838 pristinis
472 4781 578 4835 tuis
623 4783 900 4849 deprecare
928 4782 1115 4854 (Eccli.
1164 4801 1272 4851 xxx,
1317 4784 1392 4854 l).
1435 4783 1504 4838 Et
1548 4784 1789 4840 iterum:

223 4859 330 4921 Non
373 4874 547 4928 tardes
589 4877 813 4930 converti
853 4876 922 4929 ad
950 4875 1250 4945 Dominum,
1281 4896 1440 4949 neque
1478 4879 1694 4948 differas
1730 4880 1795 4934 de

225 4955 297 5011 dic
331 4962 382 5015 in
416 4964 556 5019 diem
594 4965 781 5038 (Eccli.
819 4984 876 5036 v,
904 4966 958 5035 8,
999 4968 1076 5040 9).
1123 4968 1308 5025 Subito
1345 4971 1484 5024 enim
1531 4971 1666 5025 venit
1710 4973 1794 5042 ira

225 5046 349 5118 ejus;
376 5056 526 5122 quia,
556 5063 617 5111 ut
659 5055 939 5128 Scriptura
985 5059 1102 5115 ait:
1135 5059 1275 5132 Rege
1315 5062 1553 5117 audiente
1592 5062 1799 5117 verbum

227 5136 457 5216 ilignum,
488 5165 669 5204 omnes
697 5152 782 5223 qui
810 5152 902 5206 sub
944 5152 1035 5208 illo
1063 5163 1204 5219 sunt,
1235 5154 1436 5209 scelesti
1464 5164 1584 5209 sunt
1613 5154 1793 5222 (Prov.

229 5241 359 5298 xxix,
398 5236 510 5309 t2).
559 5238 822 5296 Nimirum
865 5258 982 5311 rex,
1025 5254 1084 5299 ut
1108 5245 1374 5315 propheta
1415 5244 1581 5313 dixit,
1622 5246 1799 5317 justus

231 5326 423 5381 suscitat
450 5331 714 5401 regionem
738 5331 933 5404 (Ibid.,
961 5333 1040 5407 4).
1069 5333 1176 5390 Sed
1202 5337 1406 5392 monita
1429 5338 1522 5393 tibi
1550 5336 1794 5408 profecto

232 5423 325 5500 non
353 5419 572 5488 desunt,
602 5440 726 5479 cum
756 5426 1008 5482 habueris
1036 5437 1425 5499 praeceptorum
1453 5444 1594 5500 pene
1631 5430 1796 5487 totius

235 5497 503 5568 Britanniae
530 5516 840 5585 magistrum
865 5497 1185 5586 elegantem.

296 5592 346 5649 ὅ.
384 5600 584 5662 Caveto
630 5609 790 5676 igitur
827 5624 895 5666 ne
930 5609 1056 5676 tibi,
1094 5609 1236 5678 quod
1264 5624 1294 5664 a
1321 5607 1610 5667 Salomone
1646 5619 1796 5668 nota-

240 5689 334 5745 tur.
360 5695 582 5753 accidat.
614 5696 775 5761 Quasi
815 5703 899 5771 qui
943 5703 1136 5757 excitat
1178 5701 1514 5758 dormientem
1551 5702 1614 5759 de
1649 5703 1794 5775 gravi

307 5835 330 5864 ι
358 5828 495 5902 llaec,
524 5842 578 5890 ut
605 5844 796 5894 nostrae
822 5854 958 5909 vero,
989 5838 1182 5898 desunt
1206 5841 1336 5900 edit.

1878 1881 1939 1919 ac
1968 1867 2246 1921 novissima
2275 1869 2619 1939 providerent.
2655 1873 2923 1939 Quomodo
2972 1886 3309 1946 persequatur
3333 1890 3471 1928 unus

1875 1958 2036 2024 mille,
2061 1968 2112 2012 et
2130 1959 2231 2014 duo
2253 1961 2434 2032 fugent
2454 1962 2628 2018 decem
2646 1965 2815 2020 millia
2833 1965 3010 2038 (Deut.
3034 1982 3205 2033 xxxn,
3225 1965 3314 2032 28,
3338 1966 3470 2038 30),?

1875 2048 1943 2104 Et
1992 2050 2188 2106 iterum
2237 2052 2291 2107 in
2329 2052 2620 2124 Evangelio
2668 2056 2930 2112 Dominus
2963 2075 2976 2110 :
3015 2057 3198 2113 Venite
3247 2058 3318 2112 ad
3363 2074 3466 2123 me,

1879 2158 2056 2198 omnes
2085 2145 2172 2213 qui
2194 2143 2445 2200 laboratis
2471 2155 2521 2200 et
2548 2149 2752 2202 onerati
2772 2151 2914 2216 estis,
2939 2157 2990 2204 et
3017 2167 3112 2222 ego
3145 2167 3237 2206 vos
3273 2152 3473 2222 requie-

1881 2247 2022 2286 scere
2049 2233 2260 2302 faciam.
2296 2232 2482 2289 Tollite
2500 2235 2687 2308 jugum
2706 2253 2875 2292 meum
2901 2255 3054 2310 super
3081 2255 3192 2306 vos,
3221 2248 3272 2293 et
3290 2239 3474 2293 discite

1880 2339 1914 2376 a
1945 2338 2044 2388 me,
2085 2324 2207 2394 quia
2235 2324 2375 2378 mitis
2411 2341 2525 2380 sum
2556 2335 2607 2380 et
2645 2328 2854 2383 humilis
2894 2329 3052 2384 corde
3073 2345 3094 2384 .°
3122 2337 3172 2383 et
3208 2329 3476 2384 invenietis

1879 2418 2107 2488 requiem
2153 2418 2426 2474 animabus
2472 2423 2653 2478 vestris
2685 2422 2900 2494 (Matth.
2955 2441 3031 2490 xl,
3059 2423 3150 2491 28,
3190 2424 3303 2494 29).
3336 2424 3475 2480 Nlln

1881 2507 1928 2563 si
1955 2509 2072 2565 haec
2097 2510 2272 2566 surdis
2299 2512 2519 2568 auribus
2542 2513 2760 2584 audias,
2796 2515 3090 2585 prophetas
3129 2524 3476 2582 contemnas,

1881 2598 2155 2656 Christum
2185 2601 2473 2672 despicias,
2501 2618 2712 2673 nosque
2744 2604 2893 2675 (licet
2913 2605 3184 2661 vilissime
3202 2606 3478 2675 qualitatis

1883 2693 2082 2764 simus)
2132 2695 2330 2749 nullius
2381 2696 2645 2750 momenti
2698 2696 2869 2752 ducas
2919 2698 3294 2769 propheticum
3344 2696 3478 2754 illud

1884 2785 2097 2840 sincera
2127 2785 2289 2839 animi
2314 2786 2517 2854 pietate
2537 2795 2815 2843 servantes
2844 2787 3141 2862 [utcunque
3160 2789 3204 2845 si
3233 2805 3343 2846 non
3370 2803 3472 2859 ego

1886 2874 2182 2946 implevero
2212 2876 2582 2932 fortitudinem
2612 2879 2667 2932 in
2701 2879 2895 2948 spiritu
2931 2888 2988 2936 et
3013 2881 3213 2936 virtute
3240 2881 3478 2951 Domini,

1887 2976 1950 3022 ut
1993 2968 2270 3022 enuntiem
2313 2968 2489 3023 domui
2535 2968 2698 3024 Jacob
2740 2979 2792 3024 et
2840 2971 3017 3026 domui
3067 2973 3238 3026 Israel
3283 2974 3480 3028 scelera

1889 3075 2066 3114 eorum
2095 3056 2232 3128 (Isa.
2265 3074 2411 3125 mn,
2444 3058 2523 3132 1)]
2556 3075 2626 3116 ne
2653 3061 2819 3116 simus
2847 3079 2999 3117 canes
3024 3064 3151 3117 muti
3172 3080 3278 3118 non
3303 3064 3482 3118 valen-

1814 3173 1859 3236 ρ
1891 3157 1966 3204 tes
1995 3149 2192 3203 latrare
2233 3146 2371 3219 (Isa.
2401 3165 2508 3216 LVI,
2542 3151 2670 3222 10).·
2693 3150 2762 3206 Et
2798 3151 2929 3207 illud
2958 3151 3264 3209 Salomonis
3293 3155 3368 3209 ita
3401 3153 3482 3209 di-

1889 3243 2061 3298 centis
2091 3259 2104 3296 :
2139 3240 2239 3307 Qui
2267 3242 2392 3296 dicit
2426 3242 2642 3312 impium
2665 3242 2865 3312 justum
2891 3259 3022 3310 esse,
3053 3245 3358 3300 maledictus
3383 3245 3483 3300 erit

1890 3336 2094 3407 populis
2134 3342 2184 3388 et
2224 3334 2433 3389 odibilis
2472 3335 2707 3407 gentibus
2735 3353 2754 3390 :
2782 3353 2904 3391 nam
2940 3339 3028 3406 qui
3069 3347 3327 3411 arguunt,
3373 3354 3481 3393 me-

1889 3427 2027 3481 liora
2071 3425 2352 3496 sperabunt
2397 3426 2579 3497 (Prov.
2629 3443 2774 3495 xxrv,
2823 3429 2912 3496 24,
2957 3429 3072 3502 25).
3123 3429 3190 3486 Et
3227 3431 3422 3488 iterum
3465 3449 3481 3486 :

1889 3513 2017 3570 Non
2043 3517 2326 3570 reverearis
2351 3516 2598 3586 populum
2625 3518 2680 3571 in
2709 3534 2886 3573 casum
2915 3536 3060 3574 suum
3078 3562 3094 3588 ,
3130 3537 3222 3576 nec
3261 3521 3484 3576 retineas

1889 3603 2099 3660 verbum
2127 3606 2184 3658 in
2211 3613 2439 3674 tempore
2465 3605 2651 3660 salutis
2689 3605 2880 3678 (Eccli.
2925 3624 3000 3675 tv,
3041 3608 3152 3678 27).
3197 3609 3484 3680 Itemque:

1891 3697 2034 3752 Erue
2059 3714 2147 3753 eos
2173 3698 2260 3770 qui
2285 3697 2541 3752 ducuntur
2568 3698 2640 3751 ad
2663 3708 2908 3766 mortem;
2937 3709 2987 3755 et
3013 3702 3265 3756 redimere
3282 3719 3369 3758 eos
3397 3701 3486 3774 qui

1890 3789 2295 3859 interﬁciuntur,
2328 3805 2392 3844 ne
2418 3806 2607 3862 parcas
2629 3789 2814 3859 (Prov.
2848 3807 3004 3857 xxiv,
3049 3793 3170 3864 M);
3211 3795 3336 3864 quia
3377 3810 3485 3848 non

1893 3879 2198 3951 proderunt,
2232 3888 2291 3934 ut
2318 3879 2457 3935 idem
2484 3879 2750 3950 propheta
2787 3882 2884 3947 ait,
2925 3882 3116 3938 divitia:
3140 3884 3194 3937 in
3235 3883 3318 3936 die
3339 3882 3436 3937 ira:
3465 3897 3484 3937 :

1887 3971 2096 4043 justitia
2125 3989 2158 4026 a
2184 3981 2349 4027 morte
2375 3971 2560 4027 liberat
2593 3971 2772 4043 (Prov.
2806 3988 2882 4039 x1,
2913 3972 2992 4044 4).
3017 3974 3079 4029 Si
3091 3975 3265 4044 justus
3285 3972 3486 4043 quidem

1893 4065 1982 4118 vix
2007 4065 2180 4119 salvus
2210 4066 2305 4131 sit,
2345 4065 2533 4134 impius
2561 4072 2612 4118 et
2639 4075 2879 4134 peccator
2904 4062 2994 4117 ubi
3024 4063 3226 4134 parebit
3254 4060 3306 4132 (Ι
3338 4060 3485 4115 Petr.

1894 4169 1970 4220 ιν,
2003 4153 2100 4220 18;
2133 4154 2292 4210 Prov.
2337 4172 2412 4221 xi,
2459 4155 2592 4226 51)?
2628 4154 2724 4210 llle
2772 4153 3018 4225 profecto
3064 4162 3119 4209 te
3163 4151 3486 4208 tenebrosus

1897 4244 2092 4298 tartari
2123 4251 2335 4300 torrens
2363 4245 2517 4299 ferali
2547 4251 2727 4299 rotatu
2753 4244 3018 4312 undisque
3045 4257 3110 4300 ac
3133 4243 3181 4300 si
3209 4242 3487 4300 acerrimis

1899 4332 2139 4388 involvet
2158 4349 2371 4403 semper
2390 4334 2728 4389 cruciaturus
2749 4341 2805 4388 et
2825 4349 3102 4404 nunquam
3137 4342 3483 4406 consumptu-

1899 4438 2021 4489 rus;
2052 4424 2138 4478 cui
2171 4431 2298 4479 tunc
2326 4425 2431 4480 erit
2457 4439 2580 4481 sera
2605 4425 2917 4494 inutilisque
2947 4441 3120 4496 paenae
3148 4425 3360 4483 oculata
3388 4441 3486 4482 co.

1899 4513 2070 4581 gnitio
2113 4528 2178 4569 ac
2217 4514 2344 4568 mali
2371 4513 2672 4586 pmnitudo,
2701 4530 2735 4570 a
2764 4530 2874 4584 quo
2903 4516 2960 4571 in
2986 4516 3091 4574 hoc
3119 4526 3363 4588 tempore
3389 4531 3484 4572 ac-

1901 4608 2062 4672 cepto
2109 4610 2164 4656 et
2209 4601 2295 4657 die
2340 4603 2528 4660 salutis
2579 4603 2648 4658 ad
2685 4612 2894 4660 rectum
2935 4605 3062 4661 vitae
3103 4605 3208 4662 iter
3245 4602 3487 4662 diﬂ'ertur

1902 4694 2188 4750 conversio
2221 4693 2309 4766 (II
2333 4694 2454 4750 Cor.
2480 4711 2554 4764 v1,
2585 4695 2662 4769 2).

1972 4783 2027 4839 4.
2058 4783 2158 4840 Hic
2195 4800 2326 4842 sane
2371 4786 2459 4842 vel
2513 4795 2673 4844 antea
2719 4788 3091 4846 concludenda
3128 4797 3248 4848 erat
3277 4790 3378 4863 (uti
3415 4803 3487 4846 ne

1901 4876 2131 4946 amplius
2155 4892 2217 4932 os
2244 4886 2489 4933 nostrum
2514 4878 2827 4950 loqueretur
2855 4895 3023 4952 opera
3048 4881 3346 4952 hominum)
3374 4888 3486 4936 tam

1902 4965 2094 5023 ﬂebilis
2119 4966 2236 5023 haec
2263 4968 2596 5039 quernlaque
2633 4972 2899 5027 malorum
2927 4971 3028 5026 aevi
3056 4970 3216 5040 hujus
3239 4969 3483 5026 historia.

1900 5056 2010 5114 Sed
2035 5074 2105 5114 ne
2128 5059 2508 5116 formidolosos
2529 5077 2629 5118 nos
2656 5070 2752 5118 aut
2771 5063 2946 5119 lassos
2964 5069 3174 5132 putent,
3196 5061 3485 5131 quominus

1898 5151 2031 5208 illud
2079 5151 2347 5208 lsaianum
2395 5152 2795 5224 infatigabiliter
2855 5169 3170 5224 caveamus,
3224 5152 3349 5220 Va,
3398 5153 3486 5209 in-

1898 5244 2109 5312 quiens,
2141 5245 2226 5316 qui
2249 5245 2375 5298 dicit
2400 5246 2591 5300 bonum
2620 5246 2816 5302 malum
2839 5255 2890 5302 et
2916 5246 3111 5303 malum
3139 5243 3355 5308 bonum,
3386 5258 3486 5313 po-

1908 5346 2084 5390 nentes
2109 5336 2342 5392 tenebras
2370 5338 2425 5392 in
2441 5337 2606 5394 lucem
2631 5346 2680 5394 et
2708 5339 2869 5394 lucem
2896 5339 2952 5394 in
2974 5336 3233 5406 tenebras,
3253 5345 3488 5392 amarunt

1897 5428 1956 5484 in
1985 5427 2133 5483 dulce
2158 5437 2209 5483 et
2237 5428 2385 5484 dulce
2411 5431 2468 5485 in
2493 5445 2730 5485 amarum
2760 5428 2896 5501 (Isa.
2927 5444 2982 5493 v,
3010 5427 3104 5499 20)
3137 5445 3150 5481 :
3182 5427 3276 5498 qui
3302 5426 3486 5483 viden-

1901 5528 1976 5575 tes
2003 5537 2107 5576 non
2144 5521 2336 5589 vident,
2367 5530 2417 5576 et
2443 5523 2710 5578 audientes
2739 5538 2845 5578 non
2871 5519 3090 5576 audiunt
3117 5517 3332 5586 (Matth.
3367 5532 3482 5586 xm,

1901 5609 2022 5683 l5);
2055 5628 2284 5684 quorum
2314 5629 2409 5669 cor
2435 5630 2617 5670 crassa
2643 5613 2914 5682 obtegitur
2948 5611 3181 5682 quadam
3226 5610 3484 5667 vitiorum

1899 5702 2086 5759 nube:
2117 5703 2247 5761 libet
2287 5705 2418 5776 quid
2462 5714 2829 5777 quantumque
2869 5703 3136 5761 minarum
3163 5702 3269 5780 [his
3295 5716 3485 5775 supra-

2001 5843 2120 5903 ἐἰς
2140 5844 2277 5910 Bibl.
2311 5847 2415 5908 PP.
2445 5845 2616 5908 Paris.
2641 5848 2974 5926 Deestnibunt
3001 5847 3058 5908 in
3077 5845 3204 5908 edit.
3234 5843 3388 5903 Oxon
