3988 6346
393 258 507 341 τις

1286 253 1517 323 GILDdS
1555 259 1905 323 SAPlENTlS
1943 257 2034 321 DE
2068 256 2341 319 EXClDlO
2377 250 2766 313 ΒΒΙΤΔΝΝῙᾹ)

3550 248 3662 309 356

578 382 597 414 ι
652 376 1052 436 lascivientibus
1090 376 1378 435 satellitum
1420 377 1719 435 Pharaonis
1766 379 1981 450 (quibus
2006 380 2061 440 Δ
2086 374 2228 429 lator
2267 371 2336 427 ad
2374 367 2725 438 θοπίεθυά⁰³
2750 366 2962 435 iniqu“
2989 364 3202 421 abunde
3228 361 3533 431 sufﬁcere”
3580 376 3666 420 ω’

399 478 512 549 ejus
530 474 801 545 periturus
823 474 958 529 mari
979 478 1312 542 provocatur
1332 472 1604 527 exercitus
1626 479 1845 527 strenue
1865 470 1977 525 Ru-

396 570 525 645 bro)
566 582 863 636 eorumque
900 567 1162 625 similibus
1213 566 1450 636 quinque
1496 563 1679 635 equis]
1717 565 1978 620 minarum

396 659 713 737 prophetica
779 658 1115 715 inclamitent
1177 657 1409 714 strictim
1461 656 1680 713 edicere
1737 656 1977 724 oracula,

395 752 592 822 quibus
617 748 784 806 veluti
812 750 1042 819 pulchre
1073 748 1308 815 tegmine
1335 748 1582 817 opusculi
1618 747 1790 803 nostri
1825 746 1983 801 moli-

397 859 521 901 men
552 843 651 914 (ita
678 852 738 897 ut
764 858 834 898 ne
862 841 1114 898 certatim
1144 840 1414 897 irruituris
1448 841 1751 895 invidorum
1792 839 1979 894 imbri-

397 936 497 994 bus
526 944 701 995 exstet
720 933 1079 1005 penetrabile)
1104 933 1357 991 lidissime
1377 940 1711 1000 contegatur.
1736 932 1981 1001 Respon-

401 1028 565 1087 deant
592 1028 777 1096 itaque
804 1042 902 1097 pro
928 1026 1084 1081 nobis
1104 1025 1275 1085 sancti
1293 1033 1445 1079 vates
1472 1040 1615 1079 nunc
1643 1032 1702 1078 ut
1722 1030 1845 1078 ante
1871 1023 1986 1092 (qui

401 1135 463 1177 os
508 1119 904 1190 quodammodo
956 1118 1053 1174 Dei
1109 1132 1480 1186 organumque
1526 1117 1756 1187 Spiritus
1813 1116 1985 1172 sancti

402 1209 722 1269 mortalibus
764 1208 1115 1279 prohibentes
1157 1208 1317 1277 mala,
1362 1208 1518 1264 bonis
1544 1208 1788 1263 faventes
1815 1208 1985 1261 exsti-

401 1302 539 1376 tere)
566 1303 977 1363 contumacibus
1013 1303 1367 1375 superbisque
1394 1302 1552 1371 hujus
1586 1304 1759 1358 astatis
1787 1300 1987 1370 princi-

402 1397 583 1468 pibus,
608 1410 677 1453 ne
704 1395 884 1451 dicant
911 1410 1008 1450 nos
1034 1394 1253 1464 propria
1281 1393 1660 1449 adinventione
1688 1400 1744 1449 et
1772 1391 1985 1460 loquaci

406 1497 613 1547 tantum
641 1489 947 1545 temeritate
972 1489 1106 1550 tales
1133 1489 1308 1544 minas
1333 1489 1411 1543 eis
1440 1496 1724 1558 tantosque
1751 1496 1990 1543 terrores

406 1580 670 1641 incutere.
711 1579 855 1635 Nulli
898 1595 1131 1649 namque
1168 1580 1492 1650 sapientium
1533 1579 1750 1634 dubium
1793 1587 1902 1645 est,
1934 1577 1987 1632 in

406 1673 627 1742 quantis
660 1672 905 1741 graviora
934 1677 1059 1727 sunt
1102 1680 1322 1742 peccata
1349 1671 1507 1741 hujus
1532 1671 1791 1741 temporis
1827 1684 1988 1739 quam

2081 480 2206 521 men
2231 471 2292 519 ut
2320 464 2374 518 in
2405 477 2500 517 ore
2529 460 2818 515 multorum
2848 460 3064 513 testium
3093 472 3252 512 omne
3278 458 3670 525 comprobctur

2080 556 2370 613 Britannias
2397 553 2619 619 malum,
2650 559 2985 607 transeamus
3005 549 3074 605 ad
3095 557 3312 604 caetera.

2151 664 2203 718 6.
2245 662 2383 730 Quid
2432 660 2597 715 David
2641 657 2969 714 numerando
3016 658 3274 727 populum
3318 656 3518 725 evenit,
3580 657 3673 713 die

2081 766 2237 814 cente
2257 755 2326 810 ad
2347 756 2665 826 prophetam
2686 753 2836 809 Gad?
2859 750 2989 808 ch
3012 752 3135 806 dicit
3156 750 3411 806 Dominus
3438 768 3457 804 :
3486 749 3673 806 Trium

2084 851 2176 907 tibi
2204 851 2343 919 optio
2376 850 2547 902 datur.
2586 847 2736 920 Elige
2759 864 2916 901 unum
2944 845 3078 917 quod
3112 845 3333 900 volueris
3360 862 3425 899 ea;
3454 846 3533 899 his
3552 884 3568 907 .
3606 853 3674 899 ut

2085 942 2277 1013 faciam
2306 940 2417 993 tibi.
2450 940 2551 993 Aut
2578 946 2773 1008 septem
2799 938 2953 991 annis
2990 938 3155 991 veniet
3194 936 3283 990 tibi
3323 938 3488 1006 {ames
3517 952 3536 990 :
3576 943 3676 990 aut

2086 1030 2246 1085 tribus
2277 1028 2536 1085 mensibus
2564 1029 2730 1099 fugies
2759 1028 3084 1082 adversarios
3122 1036 3254 1091 tuos,
3288 1036 3336 1080 et
3365 1027 3442 1081 illi
3474 1037 3522 1079 te
3559 1043 3676 1094 per-

2084 1129 2362 1194 sequentur
2391 1139 2409 1175 :
2439 1130 2529 1175 aut
2558 1130 2692 1175 certe
2721 1119 2881 1174 tribus
2922 1118 3098 1173 diebus
3143 1121 3241 1174 erit
3280 1119 3575 1189 pestilentia
3611 1118 3673 1171 in

2090 1223 2226 1268 terra
2260 1222 2348 1267 tua
2380 1212 2468 1285 (11
2509 1212 2638 1283 Reg.
2672 1228 2819 1275 xxxv,
2853 1210 2936 1276 12,
2969 1210 3081 1277 15).
3131 1209 3265 1264 Nam
3299 1216 3539 1264 arctatus
3575 1206 3675 1261 tali

2089 1305 2416 1369 conditione,
2449 1312 2503 1359 et
2531 1304 2715 1359 volens
2745 1302 2914 1372 magis
2938 1301 3175 1356 incidere
3206 1302 3258 1356 in
3289 1316 3483 1356 manus
3507 1301 3675 1355 mise-

2088 1398 2316 1452 ricordis
2344 1396 2439 1452 Dei
2468 1412 2632 1467 quam
2661 1396 2937 1451 hominum
2957 1436 2974 1463 ,
3004 1394 3339 1464 septuaginta
3380 1392 3676 1447 milliorum

2089 1491 2275 1563 populi
2304 1490 2387 1545 sui
2416 1498 2601 1559 strage
2629 1489 2959 1554 humiliatur,
2992 1495 3045 1543 et
3070 1488 3127 1541 ni
3154 1502 3254 1558 pro
3285 1485 3682 1543 contribulibus

2091 1584 2400 1654 apostolicae
2428 1582 2706 1638 charitatis
2735 1579 2952 1645 aﬂ‘ectu,
2984 1588 3045 1635 ut
3070 1580 3192 1635 illos
3227 1579 3381 1649 plaga
3412 1592 3525 1633 non
3554 1585 3681 1630 tan-

2091 1683 2264 1745 geret,
2291 1675 2431 1731 mori
2457 1682 2719 1745 optasset,
2761 1672 3017 1740 dicendo,
3048 1670 3163 1745 Ego
3193 1688 3307 1727 sum
3334 1672 3421 1744 qui
3446 1670 3679 1741 peccavi,

408 1762 586 1834 primi,
617 1762 879 1831 Apostolo
905 1762 1124 1818 dicente
1153 1780 1166 1816 :
1198 1761 1387 1833 Legem
1428 1762 1542 1834 quis
1579 1762 1986 1832 transgrediens,

2101 1783 2186 1839 ego
2221 1776 2399 1837 pastor
2434 1765 2609 1835 inique
2637 1765 2720 1836 egi
2749 1780 2768 1818 :
2797 1765 2885 1820 isti
2911 1765 2998 1831 qui
3028 1778 3144 1818 oves
3175 1772 3311 1827 sunt,
3344 1760 3468 1833 quid
3507 1776 3685 1832 pecca-

407 1851 607 1907 duobus
650 1852 837 1908 mediis
883 1855 962 1909 uel
1007 1853 1169 1907 tribus
1220 1853 1429 1907 testibus
1478 1855 1725 1908 morietur
1751 1869 1771 1907 :
1799 1861 1989 1918 quanto

406 1944 601 2013 putatis
627 1943 887 2001 deteriora
908 1947 1095 2000 mereri
1124 1946 1399 2017 supplicia,
1414 1946 1501 2016 qui
1523 1944 1722 1999 Filium
1743 1943 1842 1998 Dei
1864 1960 1990 1998 con-

408 2036 688 2093 culcaserit
721 2035 908 2106 (Hebr.
940 2053 996 2100 ι,
1027 2036 1157 2107 28)?

483 2126 541 2183 ὅ.
580 2126 663 2184 En
703 2127 909 2198 primus
955 2130 1199 2184 occurrit
1245 2129 1401 2185 nobis
1445 2128 1661 2184 Samuel
1703 2126 1856 2196 jussu
1897 2126 1993 2182 Dei

409 2217 635 2287 legitimi
661 2218 814 2287 regni
849 2218 1149 2289 stabilitor,
1191 2218 1304 2274 Deo
1348 2225 1637 2287 antequam
1681 2222 1998 2271 nasceretur

412 2312 732 2376 dedicatus,
789 2327 819 2366 a
866 2312 983 2365 Dan
1031 2326 1201 2382 usque
1262 2310 1528 2365 Barsabee
1587 2310 1736 2364 omni
1793 2308 1994 2379 populo

410 2403 575 2463 Israel
614 2404 884 2461 veridicus
919 2404 1190 2474 propheta
1228 2402 1395 2470 signis
1430 2402 1799 2457 indubitanter
1824 2400 1996 2454 admi-

412 2495 597 2553 randis
624 2504 807 2565 notus,
837 2512 905 2551 ex
942 2496 1097 2563 cujus
1136 2511 1231 2549 ore
1270 2493 1501 2563 Spiritus
1537 2502 1753 2549 sanctus
1791 2491 1996 2547 cunctis

412 2590 597 2645 mundi
625 2589 988 2659 potestatibus
1016 2587 1268 2654 intonuit,
1299 2586 1662 2642 denuntiando
1691 2587 1862 2656 primo
1882 2585 1996 2655 regi

413 2678 556 2747 apud
585 2678 843 2735 Hebraeos
869 2677 1132 2733 duntaxat
1152 2676 1299 2732 Sauli
1338 2693 1438 2748 pro
1477 2694 1543 2733 eo
1583 2678 1727 2748 quod
1753 2678 1996 2747 quaedam

414 2772 483 2826 de
512 2772 778 2827 mandatis
801 2769 1011 2825 Domini
1041 2785 1149 2823 non
1170 2771 1552 2840 compleverat,
1577 2770 1758 2826 dicens
1785 2789 1799 2825 :
1826 2771 1998 2826 Stulte

416 2864 586 2933 egisti,
637 2880 731 2918 nec
775 2862 1048 2915 custodisti
1092 2863 1341 2916 mandata
1383 2863 1597 2918 Domini
1645 2863 1745 2918 Dei
1775 2866 1847 2918 tui
1886 2879 2000 2932 qum

414 2959 661 3027 precepit
690 2958 803 3010 tibi.
838 2954 989 3017 Quod
1026 2958 1069 3010 si
1098 2972 1201 3011 non
1232 2959 1457 3028 fecisses,
1483 2956 1598 3027 jam
1628 2973 1765 3009 nunc
1788 2963 2000 3025 pararet

416 3046 557 3103 Deus
582 3062 797 3118 regnum
821 3056 962 3100 tuum
993 3063 1147 3118 super
1180 3046 1367 3102 Israel.
1407 3047 1513 3103 Sed
1553 3064 1875 3119 nequaquam
1912 3063 1999 3100 re-

2096 1859 2257 1914 runt?
2292 1858 2559 1924 Vertatur,
2583 1856 2811 1921 obsecro,
2843 1872 3030 1909 manus
3053 1863 3141 1909 tua
3168 1862 3350 1909 contra
3377 1868 3462 1907 me
3490 1849 3681 1925 (Ibid.,

2096 1949 2217 2020 l7);
2251 1947 2703 2003 inconsideratam
2731 1946 2909 2002 cordis
2938 1946 3230 2002 elationem
3259 1942 3480 2016 propria
3500 1934 3687 1998 morte

2095 2040 2289 2110 piaret.
2323 2039 2457 2095 Nam
2504 2038 2634 2108 quid
2682 2038 2962 2109 Scriptura
3011 2038 3066 2093 in
3113 2035 3571 2105 consequentibus
3617 2032 3687 2088 de

2097 2130 2206 2186 lilio
2237 2130 2352 2200 ejus
2382 2129 2795 2196 narrat?Fecit,
2825 2130 3095 2202 inquiens,
3128 2128 3380 2184 Salomon
3405 2127 3544 2199 quod
3582 2143 3687 2179 non

2097 2224 2363 2293 placuerat
2383 2239 2557 2277 coram
2583 2221 2831 2289 Domino,
2863 2232 2912 2277 et
2938 2239 3042 2276 non
3066 2220 3361 2291 adimplevit
3378 2227 3436 2272 ut
3455 2233 3689 2290 sequere-

2100 2326 2181 2370 tur
2199 2316 2481 2371 Dontinum
2500 2318 2631 2371 sicut
2655 2326 2803 2389 pater
2827 2318 2958 2388 ejus.
2983 2316 3132 2371 Dixit
3165 2316 3412 2370 Dominus
3434 2315 3507 2368 ad
3525 2330 3641 2368 eum
3666 2329 3685 2366 :

2103 2407 2237 2472 Quia
2268 2408 2492 2462 habuisti
2522 2410 2617 2463 hoc
2658 2410 2799 2481 apud
2832 2421 2900 2479 te,
2936 2418 2987 2465 et
3027 2427 3129 2464 non
3170 2408 3437 2462 custodisti
3479 2415 3689 2477 pactum

2099 2516 2265 2555 meum
2291 2508 2341 2554 et
2364 2510 2622 2572 praecepta
2651 2517 2767 2575 mea
2784 2516 2914 2573 .quae
2952 2501 3194 2555 mandaui
3227 2499 3333 2563 tibi,
3361 2497 3688 2565 disrumpens

2099 2591 2336 2645 scindam
2390 2608 2606 2663 regnum
2670 2600 2845 2656 tuum,
2914 2601 2964 2646 et
3017 2590 3151 2645 dabo
3216 2589 3345 2643 illud
3398 2603 3542 2641 seruo
3601 2594 3689 2638 tuo

2102 2681 2227 2756 (III
2258 2682 2391 2754 Reg.
2427 2699 2501 2746 χι,
2534 2681 2585 2747 6,
2621 2682 2729 2753 Η).
2780 2682 2917 2749 Quid
2958 2682 3165 2737 duobus
3208 2677 3481 2746 sacrilegis
3512 2676 3690 2749 (aeque

2101 2786 2163 2833 ut
2190 2777 2278 2835 isti
2306 2779 2454 2847 sunt)
2497 2777 2659 2833 lsrael
2686 2777 2903 2846 regibus
2933 2775 3219 2833 Hieroboze
3249 2782 3302 2830 et
3330 2774 3516 2828 Baasae
3543 2768 3691 2827 acci-

2100 2870 2180 2925 dit
2226 2870 2441 2939 audite,
2495 2870 2689 2941 quibus
2736 2870 3003 2925 sententia
3049 2867 3259 2924 Domini
3308 2865 3554 2936 dirigitur
3588 2875 3690 2934 per

2100 2960 2425 3032 prophetam
2454 2959 2528 3014 ita
2556 2960 2781 3015 dicentis
2816 2978 2829 3013 :
2862 2957 3086 3030 Propter
3109 2959 3246 3030 quod
3272 2955 3605 3030 magniﬁcavi
3636 2961 3687 3007 te

2104 3052 2390 3122 principem
2432 3067 2586 3122 super
2637 3049 2827 3113 Israel,
2872 3051 2992 3123 quia
3038 3048 3473 3104 exacerbaverunt
3513 3061 3594 3100 me
3634 3046 3692 3099 in

415 3155 577 3209 gnum
621 3147 765 3191 tuum
810 3138 951 3192 ultra
993 3150 1266 3211 consurget
1313 3139 1367 3209 (Ι
1416 3138 1544 3210 Reg.
1591 3154 1704 3204 xui,
1752 3138 1838 3203 1'5,
1887 3138 1997 3210 14).
2027 3141 2074 3203 C
2104 3140 2252 3194 vanis
2280 3157 2456 3195 eorum
2485 3139 2610 3211 (ΙΙΙ
2641 3139 2770 3211 Reg.
2803 3156 2913 3209 xxv,
2957 3138 3032 3205 7).
3066 3138 3200 3192 Ecce
3222 3156 3315 3210 ego
3355 3137 3546 3191 suscita
3576 3138 3695 3203 post

416 3228 555 3293 Quid
581 3239 713 3295 ergo
742 3228 918 3285 simile
946 3229 1106 3297 hujus
1131 3231 1391 3299 temporis
1418 3231 1713 3287 sceleribus
1733 3268 1748 3295 ,
1794 3229 2003 3284 adulte-

421 3320 634 3377 riumue
679 3321 767 3377 vel
814 3322 1159 3392 parricidium
1208 3321 1371 3378 fecit?
1439 3322 1596 3377 Nullo
1637 3323 1824 3377 modo.
1896 3323 2004 3378 Sed

415 3409 667 3482 iussionis
691 3426 759 3467 ex
787 3421 943 3482 parte
968 3414 1348 3479 mutationem;
1372 3413 1519 3483 quia,
1540 3420 1600 3467 ut
1620 3413 1756 3468 bene
1780 3413 2000 3484 quidam

417 3509 661 3559 nostrum
690 3502 766 3557 ait
796 3520 813 3557 :
844 3501 971 3558 Non
1000 3507 1173 3576 agitur
1201 3504 1269 3557 de
1292 3505 1539 3575 qualitate
1560 3506 1776 3574 peccati,
1809 3504 1900 3559 sed
1939 3488 2004 3558 de

417 3598 830 3665 transgressione
853 3599 1108 3653 mandati.
1134 3598 1378 3668 Itemque
1403 3598 1553 3653 illum
1590 3597 1822 3667 objecta,
1854 3598 2004 3653 velut

418 3686 662 3755 putabat,
691 3696 1031 3758 purgantem,
1063 3700 1119 3744 et
1144 3690 1443 3761 apologias,
1474 3697 1533 3745 ut
1557 3691 1742 3761 generi
1765 3692 2001 3765 humano

417 3778 585 3832 moris
628 3788 733 3847 est,
783 3782 1050 3848 sagaciter
1089 3783 1193 3837 hoc
1234 3782 1399 3838 modo
1446 3791 1847 3851 annectentem,
1895 3785 2001 3838 ima

417 3869 592 3923 audiri
614 3888 786 3924 vocem
815 3871 1050 3940 Domini,
1091 3882 1141 3927 et
1180 3873 1441 3929 ambulavi
1483 3876 1539 3928 in
1586 3875 1667 3929 via
1710 3892 1801 3946 per
1847 3893 2004 3947 quam

372 4020 375 4023 ι
417 3961 555 4014 misit
577 3977 656 4013 me
683 3960 737 4033 (Ι
767 3960 895 4033 Reg.
921 3979 1010 4026 xv,
1039 3963 1150 4033 20),
1180 3964 1273 4018 tali
1294 3965 1757 4021 animadversione
1778 3967 2006 4022 mulcta-

417 4050 492 4103 vit
532 4067 547 4102 :
591 4048 843 4121 Nunquid
866 4053 988 4118 uult,
1036 4054 1226 4122 inquit,
1271 4053 1529 4108 Dominus
1568 4055 1869 4110 holocausta
1913 4063 2004 4109 aut

419 4144 666 4210 uictimas,
697 4157 745 4200 et
784 4162 889 4201 non
917 4147 1088 4213 potius
1108 4156 1162 4201 ut
1193 4148 1460 4202 obediatnr
1482 4152 1589 4205 coci
1612 4150 1861 4206 Domini?
1888 4150 2003 4205 Me-

419 4234 518 4288 lior
541 4244 618 4289 est
645 4239 782 4291 enim
802 4238 1096 4293 obedientia
1125 4256 1277 4309 quam
1304 4242 1539 4308 uictimae,
1563 4251 1614 4298 et
1634 4245 1815 4297 audire
1836 4245 1999 4313 magis

420 4343 568 4395 quam
589 4328 775 4396 oﬁ‘erre
800 4329 1006 4399 adipem
1032 4332 1270 4385 arietum.
1306 4332 1562 4397 Quoniam
1584 4336 1717 4387 sicut
1737 4342 2002 4403 peccatum

419 4416 681 4470 ariolandi
719 4427 798 4471 est
841 4435 1149 4491 repugnare,
1198 4430 1250 4476 et
1296 4425 1445 4493 quasi
1484 4425 1648 4478 scelus
1689 4423 2005 4477 idololatria:

2106 3231 2411 3286 Baasamet
2440 3239 2557 3302 post
2586 3230 2792 3284 domum
2835 3229 2969 3299 ejus,
3012 3239 3060 3282 et
3100 3229 3301 3282 tradam
3343 3227 3551 3281 domum
3579 3224 3695 3293 ejus

2104 3322 2237 3376 sicut
2265 3321 2473 3375 domum
2500 3318 2780 3374 Ilieraboa:
2810 3317 3042 3372 Nabatlt.
3078 3317 3179 3384 Qui
3202 3328 3432 3371 mortuus
3454 3314 3613 3386 fuerit
3631 3312 3694 3367 de

2105 3415 2210 3469 suis
2231 3415 2285 3468 in
2316 3414 2540 3478 civitate,
2575 3411 2841 3465 comedent
2862 3427 2976 3464 eum
2998 3425 3175 3477 canes,
3204 3418 3255 3462 et
3286 3418 3547 3463 mortuum
3580 3421 3696 3459 car-

2106 3522 2200 3576 pus
2224 3504 2368 3557 illius
2395 3503 2453 3556 in
2479 3519 2663 3573 campo
2690 3502 2959 3557 comedent
2979 3501 3214 3556 volatilia
3255 3500 3367 3554 caeli
3402 3498 3451 3570 (1
3460 3497 3525 3552 11
3559 3496 3691 3567 Reg.

2104 3612 2216 3661 xvr,
2241 3594 2299 3665 5,
2328 3594 2409 3664 4).
2440 3594 2580 3662 Quid
2606 3594 2681 3648 illi
2709 3608 2927 3664 quoque
2949 3591 3213 3647 scelerato
3239 3591 3352 3660 regi
3378 3589 3545 3644 Israel
3569 3588 3697 3642 istou

2105 3704 2225 3744 rum
2271 3687 2716 3757 commanipulari
2747 3686 2920 3758 (cujus
2966 3683 3200 3741 colludio
3242 3692 3297 3737 et
3342 3683 3528 3739 uxoris
3570 3681 3698 3736 dolo

2104 3780 2316 3837 Naboth
2348 3781 2610 3836 innocens
2639 3788 2863 3850 propter
2900 3786 3179 3850 paternam
3212 3775 3423 3830 vineam
3470 3789 3697 3849 oppres-

2107 3886 2198 3927 sus
2236 3873 2341 3939 est)
2374 3878 2562 3926 sancto
2613 3884 2709 3925 ore
2747 3869 2888 3924 illius
2927 3868 3093 3922 Helia:
3130 3876 3293 3938 atque
3330 3863 3559 3934 ignifero
3600 3864 3697 3917 Do-

2106 3962 2239 4016 mini
2289 3961 2527 4030 alloquio
2579 3961 2850 4027 instructi,
2880 3960 3117 4014 minatur
3156 3960 3230 4012 ita
3259 3957 3510 4011 dicente?
3541 3954 3696 4008 Occi-

2107 4054 2249 4119 disti,
2280 4056 2493 4122 insuper
2518 4060 2570 4108 et
2594 4054 2889 4123 possedisti.
2936 4052 3005 4105 Et
3036 4060 3149 4124 post
3178 4052 3286 4106 Itazc
3326 4050 3488 4105 addes
3516 4065 3534 4104 :
3566 4046 3699 4101 Hcce

2108 4144 2235 4198 dicit
2272 4144 2567 4199 Dominus:
2594 4143 2661 4198 In
2704 4145 2819 4200 loco
2864 4144 2961 4198 hoc
3006 4146 3061 4197 in
3102 4159 3199 4213 quo
3241 4142 3503 4197 tinxerunt
3542 4155 3700 4195 canes

2107 4239 2411 4307 sanguinem
2453 4234 2686 4302 Naboth,
2730 4237 2957 4290 lambent
2984 4251 3181 4306 quoque
3206 4241 3349 4286 tuum
3388 4231 3699 4304 sanguinem

2110 4323 2234 4397 (ΙΙΙ
2259 4325 2388 4398 Reg.
2416 4342 2525 4393 χχι,
2558 4325 2666 4399 19).
2697 4326 2851 4392 Quod
2873 4326 2947 4379 ita
2976 4325 3173 4379 factum
3202 4323 3364 4377 fuisse
3394 4321 3699 4377 certissima

2108 4418 2318 4472 ratione
2349 4426 2580 4473 constat.
2604 4417 2712 4472 Sed
2742 4434 2809 4472 ne
2838 4416 2976 4473 forte
2997 4416 3292 4473 secundum
3332 4412 3699 4485 supradictum

420 4508 558 4562 nolle
601 4510 943 4577 acquiescere.
999 4511 1103 4565 Pro
1141 4530 1201 4567 eo
1228 4530 1349 4584 ergo
1379 4515 1515 4586 quod
1542 4515 1778 4584 ubjecisti
1804 4530 2002 4569 sermo-
2030 4525 2085 4585 ι)
2110 4510 2289 4564 Achab
2320 4512 2532 4579 spiritus
2564 4510 2789 4563 mendax
2812 4511 3037 4579 loquens
3066 4524 3201 4563 vana
3227 4510 3281 4562 in
3311 4524 3400 4562 ore
3428 4506 3700 4578 prapheta-

420 4614 537 4651 nem
566 4597 797 4665 Domini,
828 4600 1015 4669 abjecit
1043 4612 1094 4655 et
1123 4612 1187 4669 te,
1219 4622 1285 4658 ne
1320 4606 1392 4659 sis
1422 4622 1515 4659 rex
1547 4604 1735 4677 (Ibid.,
1761 4604 1851 4674 22,
1882 4606 1994 4678 ‘23).

421 4688 488 4743 Et
515 4698 639 4760 post
662 4706 829 4760 pauca
865 4711 876 4744 :
912 4693 1103 4761 Scidit,
1133 4697 1325 4765 inquit,
1368 4697 1504 4751 Deus
1529 4716 1739 4769 regnum
1772 4699 1941 4754 Israel
1970 4718 2002 4754 a

423 4791 470 4837 te
499 4783 674 4845 hodie,
705 4793 756 4836 et
784 4785 925 4840 dedit
950 4787 1082 4841 illud
1108 4791 1347 4859 proximo
1377 4799 1462 4843 tuo
1501 4793 1702 4845 meliori
1734 4803 1798 4845 te.
1833 4792 2001 4847 Porro

424 4874 767 4945 triumphator
795 4878 849 4931 in
892 4878 1062 4935 Israel
1098 4900 1201 4937 non
1237 4892 1443 4953 parcet,
1475 4892 1524 4939 et
1560 4884 1873 4956 pwnitudine
1901 4903 2003 4943 non

424 4964 654 5032 ﬂectetur
683 4986 700 5022 :
731 4985 892 5042 neque
930 4976 1067 5028 enim
1108 4974 1259 5029 homo
1302 4984 1380 5030 est
1416 4986 1472 5029 ut
1504 4986 1627 5049 agat
1654 4978 2005 5047 paenitentiam

427 5056 616 5129 (Ιόὶάη
645 5060 735 5128 38,
784 5063 875 5135 29)
915 5067 1283 5137 (subauditur,
1338 5084 1500 5139 super
1548 5069 1693 5123 duris
1743 5070 2008 5125 malorum

423 5153 779 5226 praecordiis).
821 5156 1125 5213 Notandum
1177 5173 1306 5229 ergo
1352 5169 1454 5225 est,
1496 5160 1640 5229 quod
1681 5160 1814 5215 dixit
1841 5162 2007 5215 scelus

421 5241 737 5303 idololatria:
762 5266 894 5316 esse,
926 5251 1066 5305 nolle
1090 5250 1202 5305 Deo
1233 5253 1575 5321 acquiescere.
1605 5253 1722 5307 Non
1754 5266 1881 5320 ergo
1907 5253 2008 5307 sibi

423 5334 672 5392 scelerati
693 5339 802 5406 isti,
836 5340 962 5395 dum
993 5358 1102 5397 non
1131 5343 1371 5410 gentium
1402 5342 1502 5399 diis
1522 5345 1805 5415 perspicue
1832 5346 2009 5413 litant,

424 5424 781 5497 subplaudant
814 5448 828 5483 :
853 5432 1116 5499 siquidem
1145 5432 1523 5488 conculcantes
1550 5449 1834 5504 porcorum
1858 5450 2007 5491 more

424 5519 839 5587 pretiosissimas
877 5523 1075 5578 Christi
1116 5525 1463 5593 margaritas,
1504 5525 1802 5582 idololatrm
1857 5538 2000 5584 sunt.

421 5605 534 5669 ὅσα
559 5609 689 5669 licet
715 5614 821 5668 hoc
847 5628 1010 5669 unum
1035 5615 1340 5686 exemplum
1369 5631 1433 5673 ac
1460 5617 1506 5673 si
1536 5618 1767 5675 invictus
1796 5620 2004 5689 astipu-

2110 4617 2224 4654 rum
2252 4599 2371 4673 (111
2398 4599 2527 4671 Reg.
2561 4616 2691 4667 xxu,
2725 4599 2814 4671 Ἡ)
2846 4607 3149 4654 vestrorum
3190 4598 3411 4653 scducat
3454 4611 3588 4664 vos,
3630 4609 3701 4651 ne

2111 4708 2389 4748 sermones
2421 4694 2653 4747 Michaxc
2683 4694 2958 4763 prophetia
3000 4692 3248 4757 audiatis,
3292 4688 3429 4745 Ecce
3465 4689 3700 4762 permisit

2112 4784 2252 4839 Deus
2282 4786 2519 4854 spiritum
2550 4786 2808 4839 mendacii
2835 4788 2889 4838 in
2927 4802 3015 4841 ore
3054 4786 3283 4839 omnium
3329 4783 3701 4855 prophetarum

2116 4886 2316 4932 tuorum
2337 4879 2425 4948 qui
2445 4879 2525 4930 hic
2553 4886 2704 4941 εειηι;
2755 4887 2803 4931 et
2832 4876 3087 4932 Dominus
3119 4877 3314 4933 locutus
3342 4883 3419 4930 est
3448 4881 3631 4930 contra
3654 4883 3701 4929 te

2115 4971 2309 5024 malum
2338 4968 2523 5040 (Ibid.,
2558 4969 2669 5041 25).
2702 4969 2835 5025 Nam
2866 4979 2921 5026 et
2949 4984 3089 5024 nunc
3114 4978 3322 5025 certum
3352 4975 3455 5035 est,
3488 4966 3698 5033 aliquos

2111 5077 2231 5117 esse
2273 5062 2522 5117 doctores
2570 5062 2845 5118 contrario
2886 5062 3075 5135 spiritu
3121 5061 3374 5135 repletos,
3425 5066 3481 5113 et
3526 5056 3703 5125 magis

2111 5168 2331 5224 pravam
2362 5154 2695 5223 voluptatem
2718 5168 2878 5223 quam
2898 5153 3182 5208 veritatem
3210 5144 3536 5213 asserentes,
3561 5164 3701 5218 quo-

2112 5260 2250 5310 rum,
2283 5245 2436 5299 verba
2457 5261 2606 5315 super
2628 5245 2795 5299 oleum
2819 5244 3139 5311 molliuntur,
3165 5252 3214 5298 et
3238 5244 3349 5315 ipsa
3379 5249 3500 5295 sunt
3514 5239 3700 5310 jacula

2115 5338 2285 5411 (Psal.
2320 5356 2428 5405 LIV,
2469 5339 2589 5411 22);
2623 5341 2707 5413 qui
2750 5340 2949 5408 dicunt,
2987 5356 3093 5414 pax
3121 5354 3248 5409 pax,
3283 5347 3331 5391 et
3360 5352 3463 5390 non
3506 5334 3605 5387 erit
3644 5332 3699 5386 in

2110 5434 2347 5506 peccatis
2368 5433 2801 5502 permanenlibus
2826 5448 2930 5503 pax
2955 5431 3089 5504 (Jer.
3119 5447 3193 5498 vr,
3228 5426 3322 5495 ll;
3348 5443 3458 5493 vra,
3491 5424 3607 5496 ll),
3636 5428 3700 5477 ut

2113 5528 2239 5582 alibi
2278 5527 2542 5599 propheta
2579 5526 2707 5583 dicit
2743 5545 2755 5579 :
2795 5523 2918 5581 Non
2952 5534 3029 5580 est
3068 5523 3293 5595 gaudere
3327 5522 3533 5595 impiis,
3564 5514 3698 5573 dicit

2114 5618 2365 5674 Dominus
2396 5618 2531 5689 (Isa.
2562 5634 2742 5685 xnvm,
2772 5616 2871 5685 22;
2898 5632 3027 5686 Lvu,
3054 5612 3166 5687 21).

503 5790 518 5824 ¹
548 5786 677 5855 nec
699 5799 757 5847 et
781 5794 1057 5863 sequentia
1095 5797 1403 5867 parenthesi
1439 5799 1692 5857 conclusa
1729 5798 2050 5857 omittuntur
2076 5796 2129 5853 in
2162 5797 2295 5854 Bibl.
2331 5797 2433 5853 PP.
2464 5796 2639 5853 Paris.
