3988 6346
219 262 314 332 357

1154 259 1360 334 LIBER
1394 259 1786 344 assumas.
1829 259 2008 334 PARS
2045 277 2107 336 ιι.
2149 267 2502 338 urts'rom.

3368 285 3476 364 358

282 389 334 448 '1.
374 387 595 466 Aur-ias
622 401 840 462 quoque
867 387 1007 448 ﬁlius
1033 388 1182 450 Obed
1221 389 1289 446 ad
1315 405 1375 450 se
1400 393 1694 450 revertenti
1719 392 1788 464 de
1816 397 1865 456 A
1891 392 2102 462 Manus,
2129 397 2404 470 inquiens,
2434 407 2615 458 uestra:
2633 405 2888 475 sanguine
2911 407 3081 478 plente
3107 416 3246 468 stunt.
3275 410 3474 472 Simul-

221 481 360 542 erede
383 481 565 540 decies
603 488 889 540 centenum
918 483 1145 548 millium
1172 485 1441 544 exercitus
1470 484 1788 558 Ethiopum

1891 503 1997 560 que
2026 489 2320 546 ostendens
2355 494 2630 561 quomodo
2656 496 2983 565 placaretur,
3021 502 3095 559 ait
3128 521 3141 558 :
3175 502 3470 578 Laoamini,

220 575 422 634 locutus
466 573 696 636 dicens:
740 572 994 630 Dominus
1041 575 1298 632 vobiscum
1348 586 1445 646 est,
1496 577 1620 634 dum
1670 581 1794 638 estis
1892 578 2069 636 mundi
2096 589 2277 648 estote,
2320 584 2521 655 auferte
2557 585 2749 640 malum
2788 591 3151 660 cogitationum
3190 572 3473 654 uestrarum

221 682 324 724 cum
351 667 466 738 ipso
479 682 500 732 ;
530 674 581 721 et
607 667 654 724 si
680 668 1028 740 exquisieritis
1053 684 1200 743 eum,
1229 669 1515 740 invenietur
1542 688 1575 726 a
1601 670 1742 734 uobis
1770 688 1790 728 :

219 767 265 814 et
303 758 348 816 si
393 755 769 832 dereliqueritis
813 774 930 818 eum
944 800 960 832 ,
1012 747 1332 833 derelinquet
1376 777 1460 818 vos
1512 760 1610 833 (ΙΙ
1658 762 1787 818 Par.

218 869 301 928 xv,
328 851 412 923 2).
459 851 598 918 Nam
642 852 690 909 si
731 850 993 925 Iosophat
1036 854 1216 916 ferens
1252 855 1562 928 prmsidium
1604 857 1790 928 iniqoc

217 947 320 1020 regi
353 947 428 1002 ita
467 945 540 1004 ab
580 943 720 1004 lehu
744 947 1013 1020 propheta
1037 948 1260 1010 Anania:
1302 947 1413 1006 ﬁlio
1456 951 1786 1022 increpatur,

216 1039 412 1096 dicente
447 1057 462 1096 :
497 1037 564 1100 Si
592 1048 915 1114 peccatorem
941 1048 996 1095 tu
1024 1041 1270 1112 odjuuas,
1302 1052 1392 1102 aut
1415 1059 1564 1115 quem
1603 1042 1790 1104 Domi-

214 1148 302 1192 nus
335 1130 468 1200 odit,
509 1138 569 1190 tu
608 1131 823 1204 diligis?
847 1141 1120 1204 prapterea
1147 1135 1232 1214 ira
1267 1133 1482 1198 Domini
1517 1144 1596 1196 est
1633 1152 1787 1208 super

215 1232 258 1278 te
284 1219 370 1296 (II
399 1220 532 1278 Par.
567 1237 681 1288 xix,
707 1221 768 1293 2)
798 1241 812 1280 ς
843 1223 971 1293 quid
1001 1223 1107 1288 illis
1144 1225 1236 1295 qui
1262 1226 1498 1297 propriis
1521 1227 1786 1288 scelerum

213 1327 418 1370 suorum
445 1314 728 1380 criniculis
767 1315 1212 1388 compediuntur,
1241 1317 1362 1377 ﬁet?
1404 1318 1642 1387 Quorum
1684 1335 1786 1380 nos

211 1419 420 1472 necesse
454 1412 547 1464 est
572 1405 641 1478 (si
669 1406 727 1462 in
753 1406 871 1472 acie
907 1407 1176 1468 dominica
1209 1409 1458 1468 volumus
1502 1409 1782 1479 dimicare)

211 1507 418 1570 peccata
443 1497 659 1565 odisse,
688 1515 799 1566 non
823 1499 1054 1566 animas,
1085 1501 1300 1562 dicente
1329 1501 1650 1560 Psalmista:
1683 1501 1785 1568 Qui

210 1590 407 1664 diligitis
435 1589 754 1662 Dominum,
793 1592 932 1648 edite
973 1592 1167 1650 malum
1217 1593 1399 1664 (Psal.
1447 1609 1568 1652 xcvi
1589 1633 1606 1660 ,
1657 1591 1780 1665 10).

209 1681 333 1750 Quid
357 1683 424 1740 ad
449 1683 751 1759 supradicti
803 1682 1066 1754 Josaphat
1106 1685 1274 1756 lilium
1300 1702 1489 1746 currus
1515 1695 1572 1746 et
1594 1686 1781 1756 auriga

1892 672 1955 740 alt
1982 673 2143 730 oculis
2165 675 2294 730 meis
2324 691 2343 730 :
2372 677 2614 748 quiescite
2638 685 2792 750 agere
2817 699 3066 750 peruerse.
3091 686 3288 750 Discite
3314 689 3470 748 bene-

1893 765 2082 836 facere,
2113 768 2327 838 quterite
2346 767 2622 838 judicium,
2654 770 2912 828 subvenite
2949 792 3212 846 oppresso,
3235 781 3472 849 judicate

1888 857 2085 928 pupillo
2114 857 2303 929 (Ibid.,
2336 859 2423 928 16,
2455 860 2568 932 17).
2601 861 2764 930 Quasi
2791 865 3024 934 placaris
3050 869 3470 932 vicissitudinem

1888 947 2204 1019 adiungens,
2226 949 2340 1006 ait:
2372 951 2436 1008 Si
2456 953 2650 1026 fuerint
2674 965 2886 1026 peccata
2914 968 3081 1014 uestra
3108 969 3167 1014 ut
3183 964 3468 1032 coccinum,

1888 1043 2036 1113 quasi
2059 1044 2152 1098 nia:
2173 1043 2588 1102 deolbabuntur:
2617 1056 2667 1101 et
2693 1050 2740 1103 si
2779 1051 2975 1119 fuerint
2997 1051 3156 1107 rubra
3181 1056 3329 1123 quasi
3355 1073 3470 1110 uer-

1887 1133 2122 1200 miculus,
2153 1135 2288 1190 velut
2306 1137 2431 1191 lana
2451 1138 2572 1194 alba
2591 1147 2758 1194 erunt.
2791 1139 2853 1197 Si
2879 1141 3140 1204 volueritis
3167 1154 3217 1200 et
3239 1145 3470 1202 audieri-

1889 1227 1954 1284 tis
1982 1243 2086 1290 me.
2107 1225 2244 1284 bona
2269 1235 2420 1284 teme
2447 1230 2846 1287 manducabitis.
2881 1230 3030 1298 Quod
3056 1235 3102 1290 si
3122 1235 3390 1294 nolueritis
3420 1247 3472 1293 et

1887 1335 1968 1374 me
2011 1323 2412 1390 provocaveritis
2454 1323 2522 1378 ad
2564 1323 2911 1393 iracundiam,
2957 1327 3165 1399 gladius
3209 1329 3472 1386 devorabit

1885 1427 1974 1470 uos
2005 1409 2194 1484 (Ibid.,
2237 1411 2326 1481 18,
2365 1411 2478 1483 20).
2523 1414 2764 1485 Accipite
2800 1433 3048 1475 veracem
3088 1421 3470 1492 publicumque

1886 1501 2314 1573 astipulatorem,
2331 1503 2463 1560 boni
2481 1505 2718 1576 malique
2735 1509 2901 1566 vestri
2923 1512 3333 1572 retributionem
3347 1515 3470 1572 abs-

1883 1607 1992 1663 que
2019 1593 2132 1652 ullo
2156 1593 2481 1653 adulationis
2508 1596 2648 1665 fuco,
2678 1615 2788 1658 non
2818 1608 2875 1654 ut
2903 1605 3261 1671 parasitorum
3305 1621 3470 1662 vene-

1883 1691 2003 1740 rata
2029 1693 2334 1742 vestron
2363 1702 2568 1746 venena
2608 1689 2662 1746 in
2687 1706 2848 1750 aures
2873 1693 3092 1750 sibilant
3117 1711 3232 1762 ora,
3265 1705 3470 1753 testan-

209 1775 359 1834 Israel
385 1778 659 1848 ιπορλιθια
686 1776 850 1844 Elias,
872 1777 1054 1838 Joram
1071 1777 1285 1853 scilicet
1311 1778 1629 1848 parricidam
1646 1819 1663 1844 ,
1692 1777 1785 1846 qui
1813 1777 1861 1838 B
1889 1781 1997 1832 tem
2029 1792 2044 1829 :
2076 1773 2346 1847 Principes
2370 1778 2443 1834 tui
2471 1779 2726 1849 inﬁdeles.
2749 1783 2878 1840 socii
2916 1787 3106 1855 furum,
3139 1803 3314 1843 omnes
3340 1788 3467 1842 dili-

208 1871 438 1940 egregios
466 1872 671 1929 fratres
697 1887 846 1936 suos,
879 1880 940 1930 ut
967 1887 1066 1942 pro
1095 1872 1226 1941 ipsis
1254 1880 1504 1940 regnaret
1523 1910 1540 1936 ,
1568 1871 1783 1940 spurius

208 1961 506 2028 trucidavit,
556 1961 748 2024 eﬂ'atus
785 1963 906 2024 est?
954 1963 1046 2024 Sic
1085 1963 1232 2030 dicit,
1280 1963 1481 2033 inquit,
1528 1961 1782 2024 Dominus

207 2049 334 2110 Deus
358 2054 534 2124 patris
563 2055 638 2111 tui
666 2053 837 2110 David
866 2071 885 2110 :
914 2052 996 2110 Eo
1035 2053 1172 2122 quod
1207 2069 1313 2110 non
1355 2053 1698 2110 ombulaueris
1724 2054 1782 2108 in

207 2144 280 2198 ria
315 2143 578 2216 Iosophat
617 2147 783 2217 patris
825 2147 898 2202 tui
933 2154 983 2202 et
1017 2147 1074 2200 in
1113 2147 1207 2202 viis
1234 2146 1354 2202 Astu
1379 2147 1514 2217 regis
1539 2143 1704 2212 Iuda,
1730 2151 1782 2199 et

206 2232 468 2290 ambulasti
496 2236 558 2292 in
584 2237 680 2292 uiis
706 2253 884 2308 regum
910 2235 1112 2306 Israel,
1145 2243 1198 2292 et
1223 2245 1456 2306 stuprose
1482 2238 1498 2267 ¹
1539 2245 1594 2290 ut
1621 2237 1782 2306 gessit

206 2326 375 2383 domus
399 2327 610 2394 Achab,
641 2338 692 2384 et
717 2331 908 2401 fratres
942 2339 1056 2386 tuos
1093 2329 1233 2399 ﬁlios
1262 2328 1519 2398 Iosophat
1543 2328 1780 2386 meliores

206 2426 249 2472 te
275 2421 616 2492 interfecisti;
645 2439 762 2476 ecce
807 2422 1056 2478 Dominus
1100 2424 1350 2494 percutiet
1391 2423 1549 2494 plaga
1585 2440 1781 2496 magna

205 2519 248 2566 te
270 2522 317 2566 et
343 2515 485 2582 ﬁlios
517 2523 632 2570 tuos
663 2514 751 2584 (ΙΙ
778 2515 910 2571 Par.
942 2532 1053 2582 χιι,
1079 2517 1167 2583 12,
1196 2516 1306 2588 ll).
1336 2515 1400 2570 Et
1420 2524 1544 2587 post
1565 2531 1776 2587 pauca:

205 2601 266 2655 Et
305 2614 355 2658 tu
385 2608 493 2662 eris
521 2608 578 2660 in
606 2625 798 2680 magna
830 2608 1147 2672 ualetudine,
1194 2611 1250 2666 in
1292 2610 1542 2680 languore
1585 2609 1778 2680 centris

204 2695 289 2761 tui,
317 2695 485 2752 donec
514 2707 664 2752 exeat
684 2707 857 2754 venter
883 2707 997 2754 tuus
1017 2717 1133 2754 cum
1153 2701 1268 2771 ipsa
1291 2700 1592 2770 inﬁmitate
1610 2699 1675 2755 de
1694 2700 1780 2755 die

200 2801 256 2840 ea
281 2787 364 2843 die
392 2787 593 2859 (Ibid.,
625 2789 737 2861 15).
766 2790 836 2846 Et
862 2790 930 2846 ad
955 2790 1111 2846 Joam
1139 2806 1323 2861 regem
1349 2791 1541 2856 Israel,
1573 2801 1633 2847 ut
1658 2808 1778 2860 vos,

199 2875 654 2950 derelinquentem
676 2881 982 2947 Dominum,
1010 2883 1138 2952 quid
1163 2882 1452 2939 Zacharias
1472 2882 1609 2939 ﬁlius
1632 2881 1784 2940 Joia-

197 2967 267 3023 dze
294 2973 444 3028 vatis
488 2973 724 3029 minatus
744 2974 838 3039 sit,
859 2975 1154 3036 attendite;
1187 2975 1280 3043 qui
1317 2989 1541 3042 surgens
1576 2974 1778 3044 populo

195 3059 359 3118 dixit:
395 3063 532 3120 Haec
553 3065 678 3118 dicit
700 3064 954 3120 Dominus
983 3083 1002 3120 :
1045 3067 1182 3132 Quid
1221 3067 1496 3136 prateritis
1520 3074 1782 3136 prwcepta

1885 1875 2014 1938 gunt
2053 1884 2296 1936 munera,
2344 1881 2611 1930 sectantur
2647 1875 3006 1932 retributiones
3052 1893 3072 1932 :
3115 1879 3310 1949 pupillo
3363 1896 3468 1934 non

1875 1959 2144 2030 judicent,
2169 1979 2328 2020 causa
2354 1965 2524 2021 ridute
2558 1982 2662 2022 non
2692 1968 2984 2040 ingreditur
3010 1971 3081 2026 ad
3106 1989 3214 2026 eos.
3244 1971 3472 2042 Propter

1883 2051 1980 2106 hoc
1999 2053 2076 2108 ait
2104 2052 2358 2110 Dominus
2390 2060 2707 2113 exercituum
2747 2062 2898 2130 fortis
2928 2060 3099 2116 Israel
3125 2079 3144 2115 :
3173 2061 3326 2117 Heu!
3343 2080 3470 2118 con-

1883 2142 2092 2198 solabor
2117 2159 2275 2213 super
2295 2144 2524 2202 hostibus
2551 2149 2701 2214 meis,
2732 2158 2782 2203 et
2806 2150 3107 2206 uindicabor
3141 2152 3206 2206 de
3240 2152 3470 2208 inimicis

1881 2235 2008 2290 meis
2030 2249 2050 2290 :
2077 2265 2154 2279 —-
2179 2242 2230 2288 et
2250 2243 2575 2291 conterentur
2597 2238 2833 2294 scelerati
2871 2249 2922 2295 et
2959 2249 3252 2310 peccatores
3288 2243 3466 2307 simul,

1879 2335 1930 2380 et
1983 2341 2160 2400 omnes
2216 2329 2302 2391 qui
2357 2327 2738 2401 dereliquerunt
2781 2329 3064 2388 Dominum
3105 2340 3468 2388 consumantur

1881 2414 2069 2488 (Ibid.,
2111 2416 2200 2484 25,
2233 2416 2323 2484 24,
2359 2417 2473 2490 28).
2506 2418 2573 2476 Et
2593 2418 2731 2476 infra
2761 2438 2772 2476 :
2803 2420 2952 2478 Oculi
2979 2422 3217 2480 Sublimes
3243 2423 3468 2478 hominis

1880 2507 2304 2577 humiliabuntur,
2343 2520 2392 2566 et
2432 2511 2786 2568 incurvabitur
2823 2514 3043 2570 altitudo
3071 2516 3294 2572 virorum
3326 2514 3463 2585 (Isti.

1880 2617 1940 2667 ιι,
1971 2600 2083 2671 11).
2120 2601 2190 2656 Et
2230 2603 2427 2666 iterum
2460 2622 2472 2657 :
2514 2603 2606 2662 ναι
2645 2606 2804 2674 impio
2842 2607 2898 2662 in
2935 2607 3130 2664 malum
3152 2623 3172 2662 :
3198 2607 3466 2664 retributio

1879 2693 2019 2750 enim
2043 2710 2288 2752 manuum
2307 2695 2420 2765 ejus
2441 2697 2531 2765 ﬁet
2549 2699 2597 2751 ei
2618 2695 2752 2766 (Iso.
2777 2713 2853 2764 ιιι,
2883 2699 2995 2770 11).
3019 2698 3090 2754 Et
3108 2709 3230 2769 post
3251 2716 3422 2769 pauca
3448 2719 3461 2754 :

1890 2780 1984 2838 Vat
2007 2785 2092 2856 qui
2120 2786 2429 2855 consurgitis
2466 2803 2618 2848 mane
2643 2788 2712 2844 ad
2738 2787 3035 2846 ebrietatem
3063 2793 3381 2857 sectandam,
3414 2801 3464 2846 et

1881 2873 1951 2928 ad
1977 2875 2262 2942 potandum
2283 2891 2442 2945 usque
2465 2878 2534 2930 ad
2566 2892 2830 2947 uesperam
2857 2890 2914 2934 ut
2941 2883 3058 2936 uino
3085 2885 3330 2938 wstuetis.
3375 2882 3464 2936 Ci-

1883 2963 2056 3031 thara,
2078 2975 2130 3020 et
2155 2967 2290 3038 lyra,
2318 2976 2371 3024 et
2391 2974 2713 3038 tympanum,
2744 2981 2793 3024 et
2821 2970 2964 3034 tibia,
2987 2981 3040 3026 et
3065 2975 3233 3030 vinum
3255 2975 3308 3028 in
3335 2991 3462 3028 con-

1880 3054 2026 3112 uiuiis
2053 3059 2235 3114 vestris
2259 3074 2280 3114 ε
2307 3065 2356 3112 et
2385 3074 2514 3130 opus
2542 3058 2755 3116 Domini
2789 3078 2893 3120 non
2925 3064 3198 3134 respicitis,
3228 3075 3278 3119 et
3304 3083 3466 3135 opera

193 3150 432 3219 Domini,
464 3161 515 3206 et
541 3169 645 3208 non
673 3154 1090 3225 prosperamini?
1120 3133 1257 3218 Quia
1285 3133 1624 3227 dereliquistis
1660 3133 1775 3211 Do-

1881 3163 2130 3204 manuum
2176 3149 2290 3221 ejus
2329 3167 2436 3208 non
2483 3152 2839 3209 consideratis.
2894 3153 3178 3225 Propterea
3232 3133 3466 3228 captivus

194 3244 405 3309 asinum,
437 3253 492 3298 et
515 3244 833 3316 derelinquet
861 3262 948 3300 vos
978 3244 1068 3317 (II
1091 3245 1220 3300 Par.
1245 3261 1390 3308 μιν,
1412 3243 1524 3316 20).
1553 3244 1689 3311 Quid
1709 3243 1780 3302 de
1881 3239 2064 3298 ἀκεειω
2081 3251 2159 3297 εει
2183 3241 2400 3312 populi“
2420 3258 2584 3311 meus,
2611 3245 2731 3314 quia
2752 3261 2858 3302 non
2885 3245 3060 3302 habuit
3097 3247 3390 3313 scientiam,
3415 3257 3468 3304 et

195 3344 409 3392 auctore
456 3335 842 3404 prophetarum
888 3336 1024 3392 Isaia
1071 3335 1267 3402 dicam,
1315 3336 1407 3404 qui
1455 3334 1776 3406 prommium
1879 3331 2078 3392 nobiles
2122 3332 2234 3403 ejus
2275 3334 2582 3396 interierunt
2616 3337 2780 3406 fame,
2819 3346 2871 3391 et
2912 3338 3184 3394 multitudo
3223 3342 3336 3412 ejus
3375 3341 3466 3398 siti

197 3425 487 3494 prophetiae
513 3441 622 3482 sua:
649 3426 734 3482 vel
768 3427 1029 3483 visionem
1059 3427 1134 3482 ita
1161 3442 1388 3483 exorsus
1415 3435 1522 3495 est,
1551 3426 1774 3484 dicens!

199 3516 392 3581 Audite,
423 3519 560 3584 creti,
592 3518 806 3574 auribus
833 3527 884 3575 et
906 3522 1110 3590 percipe
1133 3527 1298 3585 terra,
1325 3519 1568 3592 quoniam
1592 3517 1774 3575 Domi-

199 3623 282 3662 nus
307 3609 508 3664 locutus
533 3619 612 3666 est
637 3626 656 3664 :
689 3609 858 3666 Filios
885 3611 1106 3666 enutrioi
1132 3619 1182 3666 et
1201 3610 1458 3676 exaltari;
1481 3611 1582 3679 ipsi
1601 3617 1773 3668 autem

199 3708 486 3765 spreverunt
537 3717 638 3757 me.
689 3699 938 3772 Cognovit
985 3701 1074 3756 bos
1115 3717 1460 3772 possessorem
1506 3717 1682 3766 mum,
1722 3709 1773 3758 et

201 3789 362 3845 asinus
389 3807 624 3861 presepe
655 3791 852 3852 domini
882 3794 1004 3856 sui:
1031 3792 1200 3850 Israel
1238 3803 1408 3850 autem
1433 3810 1516 3851 me
1543 3811 1646 3850 non
1684 3811 1770 3850 co-

200 3881 374 3946 quatit,
404 3891 455 3937 et
484 3882 705 3953 populus
734 3899 875 3940 meus
914 3901 1018 3940 non
1046 3885 1303 3942 intellexit
1331 3885 1468 3959 (Isa.
1507 3903 1558 3954 ι,
1594 3886 1659 3953 2,
1689 3885 1769 3956 4).

199 3965 258 4023 Ει
315 3981 435 4042 post
503 3989 675 4044 pauca
733 3976 906 4035 minas
959 3977 1182 4034 meritas
1239 3985 1398 4032 tantm
1452 3978 1772 4046 insipientia

201 4070 374 4129 aptans
407 4083 420 4119 :
453 4064 877 4138 Derelinquetur,
910 4067 1113 4138 inquit,
1140 4067 1258 4139 ﬁlio
1285 4067 1417 4126 Sion
1443 4078 1500 4122 ut
1526 4067 1771 4123 taberna-

201 4154 353 4210 culum
378 4157 432 4212 in
461 4159 634 4224 vinea,
663 4168 712 4214 et
735 4160 866 4216 sicut
888 4161 1147 4232 tugurium
1169 4161 1224 4216 in
1244 4161 1613 4224 cucumerario,
1639 4161 1771 4214 sicut

201 4243 359 4301 civitas
386 4264 507 4320 qua
535 4258 764 4304 vastatur
799 4249 964 4322 (Ibid.
984 4291 1000 4318 ,
1031 4250 1110 4322 8).
1139 4251 1209 4307 Et
1229 4252 1498 4322 principes
1520 4252 1771 4322 speciali—

203 4339 274 4388 ter
295 4340 625 4398 conveniens
652 4342 729 4398 ait
756 4359 770 4396 :
796 4341 986 4396 Audite
1011 4341 1218 4400 uerbum
1245 4342 1478 4407 Domini,
1509 4342 1769 4412 principes

203 4421 567 4498 Sodomorum,
613 4433 861 4503 percipite
903 4433 1068 4504 legem
1111 4433 1358 4500 Domini,
1405 4432 1624 4503 populus
1663 4428 1772 4486 Go-

204 4519 401 4574 ntorrluz
425 4521 624 4592 (Ibid,
655 4523 768 4594 10).

261 4607 311 4664 8.
347 4609 656 4670 Notandum
703 4630 871 4681 sane,
911 4615 1061 4685 quod
1106 4615 1276 4686 iniqui
1312 4628 1472 4684 reges
1510 4614 1768 4684 principes

205 4695 531 4763 Sodomorum
571 4720 853 4767 vocentur.
896 4709 1196 4766 Prohibens
1238 4725 1470 4780 namque
1509 4709 1769 4769 Dominus

203 4792 440 4854 sacriﬁcia
471 4806 530 4856 et
553 4798 693 4856 dona
719 4801 821 4858 sibi
842 4816 873 4856 a
905 4801 1100 4858 talibus
1121 4799 1302 4858 oil‘erri
1331 4799 1410 4876 (et
1431 4816 1534 4856 nos
1556 4801 1769 4858 inhian-

205 4883 276 4935 tes
297 4876 614 4964 suscipimus
651 4905 774 4960 qua
813 4891 927 4948 Deo
955 4893 1024 4948 ab
1063 4892 1212 4948 omni
1249 4891 1472 4948 natione
1505 4897 1631 4946 sunt
1658 4905 1767 4950 non

205 4969 396 5044 libella,
425 4979 724 5050 eademque
768 4983 952 5051 egenis
989 4991 1046 5041 et
1079 4999 1222 5054 pene
1263 4983 1397 5040 nihil
1439 4983 1762 5040 habentibus

1877 3424 2102 3480 «caruit.
2127 3424 2414 3494 Propterea
2443 3427 2680 3484 dilatauit
2705 3431 2940 3502 infernus
2967 3433 3194 3486 animam
3221 3449 3389 3501 suam,
3413 3443 3464 3489 et

1875 3517 2081 3585 operuit
2107 3532 2170 3572 os
2194 3533 2343 3576 suum
2384 3519 2576 3592 absque
2611 3521 2718 3577 ullo
2760 3524 2976 3578 termino
3011 3540 3031 3579 :
3065 3534 3115 3578 et
3157 3525 3465 3582 descendent

1875 3608 2036 3678 fortes
2074 3608 2215 3678 ejus,
2257 3621 2308 3666 et
2343 3612 2564 3682 populus
2604 3613 2736 3684 ejus,
2776 3624 2827 3669 et
2865 3616 3109 3672 sublimes
3149 3619 3462 3689 gloriosique

1873 3698 1985 3769 ejus
2023 3700 2092 3756 ad
2119 3717 2234 3757 eum
2275 3701 2411 3773 (Isa.
2441 3719 2496 3769 v,
2533 3702 2627 3772 11,
2655 3704 2768 3776 14).
2797 3704 2867 3761 Et
2903 3707 3080 3762 infra:
3123 3707 3216 3764 Vae
3241 3710 3330 3781 qui
3365 3726 3462 3777 po-

1876 3796 2038 3846 tentes
2064 3793 2188 3848 estis
2209 3792 2278 3846 ad
2300 3791 2568 3852 bibendum
2599 3797 2788 3860 vinum,
2830 3807 2880 3852 et
2917 3799 3013 3854 viri
3051 3802 3213 3871 fortes
3253 3801 3322 3855 ad
3361 3803 3458 3853 mi-

1873 3881 2119 3938 scendam
2157 3881 2454 3940 ebrietatem
2483 3886 2610 3957 :aui
2642 3885 2944 3958 justifieatis
2969 3889 3182 3958 impium
3217 3903 3308 3958 pro
3341 3904 3458 3941 mu-

1871 3975 2098 4044 aeribus,
2126 3985 2176 4030 et
2195 3977 2458 4048 justitiam
2479 3977 2612 4048 justi
2643 3981 2860 4050 attfertis
2887 3979 2950 4033 ab
2991 3998 3071 4036 eo.
3102 3979 3326 4050 Propter
3364 3980 3460 4033 hoc

1871 4070 2003 4124 sicut
2029 4069 2242 4127 devorat
2279 4071 2526 4140 stipulam
2566 4071 2745 4141 lingua
2787 4072 2943 4140 ignis,
2976 4080 3026 4124 et
3061 4070 3206 4123 calor
3230 4071 3460 4138 ﬂamma:

1871 4161 2042 4216 esurit
2063 4177 2078 4214 :
2101 4160 2176 4214 sic
2212 4161 2370 4216 radio:
2395 4176 2573 4218 eorum
2604 4161 2752 4230 quasi
2792 4159 2973 4230 [utilia
3002 4159 3118 4223 erit,
3161 4167 3210 4211 et
3252 4174 3458 4228 germen

1869 4267 2048 4308 eorum
2072 4259 2130 4308 ut
2159 4251 2324 4320 pulvis
2348 4251 2614 4308 ascendet.
2639 4249 2950 4322 Abjecerunt
2983 4251 3120 4304 enim
3153 4249 3315 4321 legem
3350 4249 3457 4304 υσ-

1867 4342 1996 4398 mini
2022 4341 2370 4408 exercituum,
2398 4350 2450 4396 et
2485 4341 2741 4411 eloquium
2775 4341 2959 4396 Sancti
2997 4339 3170 4396 Israel
3211 4341 3455 4412 despexe-

1868 4440 2008 4486 runt.
2057 4429 2125 4488 In
2158 4429 2396 4486 omnibus
2426 4431 2507 4486 liis
2543 4446 2648 4486 non
2685 4439 2764 4488 est
2798 4447 3005 4486 auersus
3035 4434 3181 4503 furor
3216 4431 3452 4497 Domini,

1791 4530 1844 4590 ι)
1867 4522 1958 4577 sed
1981 4522 2152 4578 adhuc
2178 4537 2364 4580 manus
2383 4523 2497 4594 ejus
2524 4531 2732 4578 επιειιια
2763 4521 2949 4594 (Ibid,
2974 4521 3191 4594 22-25).

1941 4611 1996 4670 9.
2034 4611 2101 4668 Et
2128 4619 2253 4684 post
2281 4614 2557 4686 aliquanta
2585 4613 2654 4672 de
2681 4613 2768 4670 die
2789 4613 2980 4683 iudicii
3015 4623 3069 4670 et
3105 4623 3453 4686 peccatorum

1869 4703 2126 4762 ineffabili
2145 4713 2295 4762 metu
2315 4706 2622 4776 disceptans
2649 4707 2726 4762 ait
2757 4724 2770 4760 :
2807 4705 3014 4762 Ululate
3040 4709 3160 4779 quia
3187 4725 3348 4779 prape
3374 4715 3452 4764 est

1869 4798 1978 4856 dies
2005 4797 2218 4854 Domini
2273 4799 2339 4871 (si
2369 4806 2498 4856 tunc
2527 4815 2699 4870 prope
2737 4807 2873 4865 erat,
2905 4799 3032 4870 quid
3060 4816 3203 4856 nunc
3230 4800 3446 4870 putabi-

1869 4892 2040 4961 ωτι),
2063 4892 2189 4959 quia
2214 4893 2432 4947 uastitas
2465 4907 2498 4946 a
2537 4889 2649 4947 Deo
2686 4893 2868 4947 ueniet.
2900 4891 3123 4962 Propter
3151 4892 3246 4946 hoc
3275 4907 3454 4945 omnes

1867 4999 2052 5040 manus
2081 4982 2444 5049 dissolventur,
2468 4990 2518 5038 et
2550 4999 2700 5038 omne
2747 4999 2836 5039 cor
2879 4983 3100 5038 hominis
3139 4981 3362 5036 tabescet
3401 4989 3454 5034 et

203 5059 421 5152 distribui
469 5073 530 5130 in
573 5075 868 5145 perniciem
916 5084 1158 5152 nostram
1203 5092 1312 5134 non
1358 5074 1604 5145 sinimus)
1633 5089 1760 5131 cum
1861 5087 2152 5142 conteretur
2176 5093 2196 5132 :
2220 5078 2471 5133 torsiones
2496 5087 2546 5132 et
2567 5077 2770 5132 dolores
2789 5075 3066 5140 tenebunt;
3095 5075 3242 5146 quasi
3266 5080 3451 5143 partu-

204 5148 307 5210 latis
337 5161 531 5220 divitiis
571 5166 812 5224 oneratis
852 5148 1101 5224 sordibus
1153 5175 1497 5238 peccatorum
1541 5165 1762 5224 intentis
1860 5171 2002 5225 riam
2028 5168 2292 5225 dolebunt.
2330 5168 2689 5242 Unusquisque
2717 5169 2785 5222 ad
2812 5169 3106 5238 proximum
3141 5181 3290 5220 suum
3331 5172 3446 5218 stu-

205 5244 267 5300 ait
292 5265 305 5301 :
335 5249 432 5309 Ne
451 5255 690 5326 oﬁ'eratis
711 5257 853 5314 ultra
877 5259 1193 5329 sacriﬁcium
1221 5262 1416 5332 frustra
1445 5276 1463 5314 :
1491 5261 1758 5316 incensum
1855 5261 1993 5332 pebit
2012 5278 2032 5316 :
2062 5262 2222 5333 facies
2242 5263 2518 5318 combustae
2547 5263 2711 5317 mittas
2749 5261 2976 5315 illorum.
3017 5257 3153 5312 Ecce
3182 5255 3294 5312 dies
3332 5255 3445 5312 Do-

203 5334 492 5423 g‘ominatio
529 5357 610 5404 est
643 5350 770 5410 mihi
799 5348 990 5418 (Ibid,
1020 5350 1132 5421 13).
1159 5351 1401 5423 Itemque
1427 5352 1707 5410 denuntiat
1736 5367 1753 5407 :

1859 5354 1987 5410 mini
2031 5355 2197 5410 ueniet
2239 5353 2482 5420 crudelis,
2524 5362 2574 5410 et
2619 5350 2994 5424 indignationis
3038 5349 3220 5420 plenus
3258 5357 3309 5403 et
3353 5347 3450 5403 ira

204 5419 262 5480 Ει
303 5447 409 5492 cum
453 5441 790 5498 «suadentis
829 5459 1014 5500 manus
1055 5419 1272 5509 uestras,
1309 5419 1541 5501 avertam
1577 5443 1756 5502 mlas
1862 5447 2175 5518 furorisque,
2215 5446 2285 5502 ad
2323 5445 2618 5517 ponendam
2657 5419 2852 5498 terram
2893 5444 2950 5497 in
2993 5419 3320 5498 solitudinem
3340 5483 3356 5511 ,
3396 5450 3447 5498 et

203 5528 321 5576 *ωδ
342 5542 373 5581 o
398 5528 572 5598 vobis;
602 5542 654 5589 et
679 5549 796 5592 cum
820 5534 1284 5605 multiplicaueritis
1311 5537 1618 5603 orationem,
1648 5552 1754 5594 non
1858 5546 2152 5604 peccatores
2198 5538 2311 5610 ejus
2353 5534 2692 5593 cauterendos
2734 5534 2798 5589 de
2843 5550 2927 5590 ea.
2979 5530 3235 5598 Quoniam
3281 5534 3448 5592 stella

203 5615 452 5676 Nam
478 5619 666 5694 μιν..
696 5623 812 5698 l5).
841 5623 912 5682 Et
935 5626 1044 5684 hoc
1067 5641 1236 5699 quare
1278 5626 1438 5698 facit,
1467 5627 1702 5685 ostendit
1733 5645 1750 5683 :

1859 5630 1972 5685 caeli
1997 5639 2050 5685 et
2085 5630 2332 5701 splendor
2357 5645 2536 5686 eorum
2561 5644 2670 5685 non
2705 5627 3000 5698 expendunt
3032 5628 3206 5684 lunteu
3239 5644 3389 5688 suum
3419 5642 3448 5688 ἓ

261 5768 385 5848 'Sic
409 5775 542 5838 Bibl.
571 5777 680 5838 PP.
706 5779 878 5840 Paris.
909 5782 980 5840 At
1007 5781 1134 5841 edit.
1163 5780 1336 5862 Oxon.
1361 5790 1413 5842 et
1429 5793 1638 5860 stupore
1655 5801 1710 5856 se
1729 5802 1750 5844 :
1787 5786 1936 5866 nullo
1955 5801 2135 5866 sensu.
