3970 6526
456 393 564 455 359

1320 385 1547 445 (ΞΠ,ῡῶ
1584 385 1940 443 SAPIENTIS
1978 382 2067 439 DE
2105 382 2377 439 EXCIDIO
2416 377 2808 438 BRITANNIE

3626 383 3757 439 360

455 502 870 564 obtenebrabitur
896 500 975 554 sol
1000 500 1055 553 in
1090 503 1206 553 ortu
1236 514 1350 565 suo,
1381 507 1429 552 et
1458 501 1581 551 luna
1628 515 1731 551 non
1758 495 2043 567 splendebit
2070 500 2123 560 Α
2146 502 2510 565 cognoverunt,
2537 503 2587 547 et
2619 510 2723 548 non
2759 498 2835 546 est
2852 490 3108 563 judicium
3143 506 3198 544 tn
3229 492 3483 561 gressibus
3526 512 3742 551 eorum.

442 596 511 648 ιή
531 605 766 663 tempore
786 608 897 645 suo.
929 589 997 643 Et
1027 588 1241 644 visitabo
1271 606 1422 658 super
1444 590 1581 642 orbis
1610 590 1768 651 mala,
1796 596 1843 641 et
1865 594 2043 641 contra

460 685 643 754 impios
664 684 986 755 iniquitatem
1009 683 1260 751 ipsorum,
1294 689 1342 732 et
1371 678 1627 750 quiescere
1652 678 1842 748 faciam
1869 692 2047 746 super-

459 774 593 829 biam
640 773 965 844 inﬁdelium,
1016 782 1065 827 et
1106 773 1462 844 arrogantiam
1508 773 1720 842 fortium
1768 766 2046 823 humiliabo

460 864 595 935 (Isa.
630 880 747 930 xm,
780 864 831 930 6,
868 864 975 934 11).
1009 862 1076 917 Et
1105 864 1301 919 iterum
1335 880 1347 915 ε
1378 861 1514 916 Ecce
1543 861 1796 917 Dominus
1826 861 2049 931 dissipa-

458 959 532 1013 bit
564 969 778 1025 terram,
819 966 870 1010 et
898 956 1112 1010 nudabit
1139 973 1286 1024 eam,
1316 964 1365 1010 et
1394 955 1582 1026 affliget
1609 955 1793 1027 faciem
1832 953 1961 1023 ejus,
2001 958 2051 1006 et

465 1051 731 1121 disperdet
761 1049 1075 1104 habitatores
1104 1053 1236 1119 ejus.
1281 1047 1351 1102 Et
1395 1049 1492 1103 erit
1536 1050 1667 1102 sicut
1712 1046 1933 1119 pOpulus
1976 1046 2050 1099 sic

459 1143 724 1209 sacerdos,
750 1152 800 1196 et
828 1143 959 1197 sicut
986 1158 1159 1195 servus
1187 1142 1261 1194 sic
1301 1140 1541 1195 dominus
1578 1140 1689 1210 ejus
1710 1181 1725 1206 ,
1756 1139 1830 1191 sic
1860 1136 2052 1191 ancilla

462 1238 536 1290 sic
564 1236 775 1289 domina
802 1235 934 1305 ejus,
968 1235 1099 1287 sicut
1128 1249 1297 1286 emens
1334 1234 1407 1286 sic
1434 1232 1523 1286 ille
1560 1233 1645 1302 qui
1682 1231 1877 1297 vendit,
1920 1231 2052 1283 sicut

464 1329 725 1399 fenerator
754 1328 827 1380 sic
856 1326 944 1379 ille
971 1326 1057 1394 qui
1084 1333 1315 1378 mutuum
1344 1324 1552 1393 accipit,
1582 1322 1715 1375 sicut
1742 1320 1830 1389 qui
1870 1319 2053 1389 repetit

461 1420 540 1472 sic
566 1419 651 1489 qui
683 1416 847 1471 debet.
880 1415 1233 1485 Dissipatione
1273 1412 1607 1484 dissipabitur
1641 1420 1798 1477 terra,
1832 1420 1882 1465 et
1912 1411 2052 1464 dire-

462 1509 637 1581 ptione
668 1506 985 1578 prwdabitur
1015 1523 1032 1560 :
1065 1506 1316 1559 Dominus
1355 1506 1490 1559 enint
1518 1505 1714 1558 locutus
1745 1512 1821 1557 est
1848 1502 2055 1557 verbum

463 1599 580 1653 hoc.
610 1597 769 1652 Luxit
807 1606 855 1651 et
889 1597 1105 1663 deﬂuxit
1139 1604 1298 1663 terra,
1341 1594 1556 1665 deﬂuxit
1590 1591 1749 1659 orbis,
1788 1592 2055 1661 inﬁrmata

465 1696 541 1740 est
572 1687 634 1739 ab
662 1685 1034 1741 habitatoribus
1065 1687 1171 1739 suis
1200 1702 1217 1738 :
1242 1684 1361 1756 quia
1392 1683 1702 1754 transgressi
1741 1690 1860 1736 sunt
1896 1682 2052 1752 leges,

467 1786 791 1832 mutaverunt
843 1779 963 1849 jus,
1024 1776 1403 1846 dissipaverunt
1448 1773 1613 1846 [tedas
1670 1774 2050 1843 sempiternum.

2147 586 2359 642 Semita:
2387 602 2560 641 eorum
2584 587 2866 639 incurvata:
2884 591 3002 637 sunt
3032 583 3104 636 eis
3127 598 3144 636 :
3171 584 3334 637 omnis
3363 585 3452 653 qui
3478 587 3653 638 calcat
3682 586 3740 645 in

2147 679 2241 744 eis,
2273 678 2479 749 ignorat
2503 692 2701 747 pacem.
2736 676 2958 745 Propter
3001 675 3097 729 hoc
3136 675 3429 746 elongatum
3476 687 3553 731 est
3588 678 3739 749 judic

2147 784 2281 823 ctum
2310 784 2342 820 a
2376 767 2537 833 vobis,
2569 775 2620 820 et
2659 782 2762 820 non
2804 766 3151 838 apprehendet
3187 782 3271 820 vos
3306 767 3514 837 justitia
3546 766 3731 837 (Ibid.,

2149 858 2201 926 6,
2233 858 2308 930 9).
2343 858 2408 913 Et
2446 865 2570 929 post
2605 872 2777 928 pauca
2817 876 2829 911 :
2874 856 2943 911 Et
2986 873 3286 911 conversum
3325 866 3399 911 est
3453 868 3735 913 retrorsum

2142 949 2421 1021 judicium,
2449 957 2499 1003 et
2522 949 2729 1019 justitia
2758 950 2907 1019 longe
2926 951 3065 1003 stetit
3093 966 3111 1002 :
3133 950 3252 1020 quia
3275 950 3465 1003 corruit
3487 950 3541 1002 in
3564 951 3738 1019 platea

2149 1042 2356 1107 veritas,
2388 1050 2437 1095 et
2465 1042 2678 1112 tequitas
2698 1056 2803 1094 non
2829 1042 2991 1110 potuit
3016 1040 3239 1111 ingredi.
3272 1040 3343 1093 Et
3382 1043 3521 1111 facta
3552 1049 3629 1094 est
3655 1058 3739 1095 ue-

2152 1132 2279 1185 ritas
2299 1133 2353 1184 in
2375 1129 2626 1186 oblivione
2647 1147 2665 1184 :
2689 1139 2738 1185 et
2763 1132 2849 1198 qui
2868 1133 3077 1185 recessit
3097 1149 3129 1184 a
3148 1132 3306 1197 malo,
3335 1133 3526 1200 prteda:
3547 1134 3733 1202 patuit.

2152 1219 2223 1274 Et
2252 1221 2375 1275 vidit
2408 1220 2680 1287 Dominus,
2719 1230 2771 1275 et
2797 1237 2901 1275 non
2930 1222 3124 1290 placuit
3154 1221 3206 1275 in
3236 1222 3399 1276 oculis
3431 1223 3577 1293 ejus,
3620 1222 3740 1291 quia

2152 1326 2257 1365 non
2298 1322 2374 1366 est
2410 1312 2666 1382 judicium
2713 1310 2898 1383 (Ibid.,
2946 1312 3045 1377 H,
3095 1312 3208 1382 15).
3248 1310 3541 1381 Hucusque
3591 1311 3739 1366 Isaia:

2154 1404 2431 1475 prophetae
2459 1420 2633 1474 pauca
2655 1404 2722 1459 de
2756 1404 2938 1459 multis
2962 1404 3161 1459 dixisse
3189 1403 3439 1459 sufﬁciat.

2228 1494 2314 1549 10.
2354 1493 2506 1550 Nunc
2532 1510 2661 1550 vero
2692 1494 2873 1561 illum,
2921 1496 3011 1564 qui
3058 1496 3370 1565 priusquam
3416 1492 3743 1549 formantur

2157 1584 2213 1641 in
2260 1596 2414 1643 utero
2452 1589 2751 1658 praescitus,
2806 1596 2860 1642 et
2906 1587 3213 1658 priusquam
3259 1588 3433 1643 exiret
3470 1586 3537 1642 de
3586 1587 3742 1641 vulva

2158 1677 2539 1746 sanctiﬁcatus,
2572 1689 2628 1735 et
2654 1680 2706 1735 in
2737 1682 2947 1736 cunctis
2976 1682 3221 1752 gentibus
3248 1682 3512 1752 propheta
3538 1681 3744 1749 positus

2160 1780 2262 1837 est,
2292 1769 2579 1827 Jeremiam
2604 1773 2826 1838 scilicet,
2857 1774 2985 1843 quid
3014 1774 3081 1829 de
3110 1774 3309 1844 populo
3354 1774 3646 1843 insipiente
3674 1773 3744 1825 ri-

468 1868 693 1939 Propter
740 1872 834 1923 hoc
885 1868 1180 1923 maledictio
1230 1865 1430 1922 vorabit
1478 1874 1670 1921 terram
1714 1865 1849 1935 (Isa.
1899 1881 2051 1931 xxiv,
2084 1880 2131 1941 Β
2158 1864 2399 1935 gidisque
2426 1865 2641 1933 regibus
2672 1866 3116 1934 pronuntiaverit,
3142 1880 3431 1936 parumper
3458 1863 3744 1918 attenden-

467 1956 517 2022 1,
552 1958 632 2029 6).
663 1956 728 2011 Et
757 1958 894 2013 infra
928 1977 940 2010 :
974 1957 1322 2029 Ingemiscent
1350 1974 1524 2011 omnes
1553 1958 1640 2029 qui
1669 1956 1912 2012 ltetantur
1940 1972 2057 2011 cor-

467 2046 549 2113 de,
603 2047 823 2102 cessabit
865 2048 1114 2120 gaudium
1163 2058 1551 2119 tympanorum,
1595 2047 1815 2117 quiescet
1858 2047 2055 2100 sonitus

464 2138 781 2207 ltetantutm,
822 2141 1126 2195 conticescet
1160 2140 1374 2195 dulcedo
1412 2140 1659 2208 citharae,
1700 2157 1813 2193 cum
1853 2140 2056 2193 cantico

466 2246 571 2286 non
610 2231 780 2285 bibent
820 2234 1015 2299 vinum,
1056 2249 1237 2285 amara
1266 2234 1364 2286 erit
1391 2232 1533 2302 potio
1566 2229 1848 2285 bibentibus
1888 2232 2053 2289 illaut.

470 2322 663 2376 Attrita
707 2332 783 2377 est
819 2325 995 2378 civitas
1024 2325 1288 2389 vanitatis,
1328 2324 1507 2377 clausa
1552 2330 1626 2377 est
1666 2324 1832 2378 omnis
1875 2323 2056 2377 domus

468 2413 613 2469 nullo
650 2415 964 2471 introeunte.
1016 2416 1225 2472 Clamor
1266 2417 1365 2471 erit
1400 2432 1552 2484 super
1592 2416 1707 2469 vino
1751 2416 1805 2469 in
1848 2414 2052 2484 plateis,

467 2508 674 2564 deserta
699 2518 775 2565 est
804 2514 969 2566 omnis
998 2512 1198 2578 ltetitia,
1234 2511 1543 2567 translatum
1569 2518 1645 2563 est
1674 2508 1919 2581 gaudium
1949 2516 2054 2561 ter-

467 2618 561 2669 rte,
596 2603 773 2657 relicta
800 2612 876 2658 est
904 2604 959 2657 in
992 2603 1117 2657 urbe
1146 2602 1388 2667 solitudo,
1418 2610 1466 2655 et
1502 2602 1773 2655 calamitas
1802 2601 2057 2671 apprimet

466 2702 645 2765 portas
676 2697 840 2765 :quia
879 2695 989 2748 hcec
1017 2703 1165 2747 erunt
1198 2695 1252 2746 in
1293 2693 1461 2748 medio
1494 2702 1663 2760 terrar,
1707 2700 1757 2746 et
1792 2693 1848 2745 in
1887 2691 2056 2746 medio

467 2787 771 2857 papulorum
810 2786 1000 2858 (Ibid.,
1031 2788 1083 2853 7,
1118 2786 1229 2857 15).
1259 2785 1327 2841 Ει
1365 2794 1491 2857 post
1533 2801 1705 2857 pauca
1738 2805 1751 2839 :
1790 2785 2055 2841 Prtevari-

469 2887 642 2933 cantes
671 2880 998 2946 prwvaricati
1028 2888 1176 2945 sunt,
1210 2888 1260 2932 et
1295 2880 1723 2948 prwvaricatione
1766 2886 2057 2948 transgres-

468 2984 641 3021 sorum
668 2969 994 3038 prtevaricati
1022 2977 1158 3023 sunt.
1191 2967 1463 3036 Formido,
1490 2978 1541 3023 et
1564 2972 1732 3041 fovea,
1768 2977 1817 3022 et
1843 2968 2056 3037 laqueus

468 3074 620 3130 super
642 3071 688 3114 te
714 3062 799 3132 qui
828 3061 1087 3117 habitator
1108 3079 1160 3116 es
1184 3071 1355 3118 terrce.
1390 3061 1461 3115 Et
1498 3063 1637 3116 erit:
1669 3060 1768 3125 Qui
1799 3060 1986 3131 fugerit
2025 3075 2059 3111 a

468 3168 588 3206 voce
608 3155 924 3223 formidinis,
955 3156 1103 3210 cadet
1124 3158 1177 3209 in
1201 3158 1435 3227 foveam;
1457 3165 1506 3208 et
1535 3157 1619 3225 qui
1640 3170 1695 3208 se
1724 3153 2057 3223 explicaverit

470 3242 533 3295 de
556 3244 721 3312 fovea,
749 3246 998 3299 tenebitur
1019 3248 1200 3316 laqueo
1230 3263 1248 3300 :
1278 3249 1399 3318 quia
1438 3252 1719 3298 cataracta:
1754 3243 1816 3297 de
1843 3243 2058 3297 excelsis

470 3343 663 3400 aperta:
690 3342 862 3402 erunt,
893 3345 942 3389 et
981 3339 1335 3390 concutientur
1357 3335 1701 3407 fundamenta
1731 3342 1900 3388 terrte.
1928 3334 2064 3388 Con-

475 3421 731 3493 fractione
760 3426 1115 3495 confringetur
1141 3435 1303 3493 terra,
1346 3426 1685 3479 commotione
1724 3424 2063 3479 commovebi-

477 3517 590 3576 tur,
634 3513 917 3582 agitatione
957 3515 1239 3584 agitabitur
1280 3514 1410 3567 sicut
1457 3512 1659 3581 ebrius,
1706 3524 1755 3567 et
1803 3516 2065 3586 auferetur

474 3606 623 3676 quasi
653 3605 1039 3659 tabernaculum
1060 3609 1207 3661 unius
1239 3608 1435 3671 noctis;
1466 3618 1513 3660 et
1547 3606 1780 3677 gravabit
1812 3624 1925 3660 eam
1964 3608 2066 3660 ini—

476 3698 645 3767 quitas
685 3714 802 3765 sua,
833 3706 881 3751 et
911 3706 1131 3763 corruet,
1166 3708 1215 3752 et
1254 3716 1357 3752 non
1386 3699 1596 3769 adjiciet
1624 3708 1679 3752 ut
1708 3708 1962 3770 resurgat.
1997 3698 2066 3752 Et

478 3788 577 3839 erit
603 3803 621 3840 :
651 3786 717 3841 In
739 3788 821 3842 die
840 3789 932 3842 illa
962 3790 1185 3844 visitabit
1211 3789 1462 3845 Dominus
1490 3808 1643 3860 super
1673 3794 1910 3846 militiam
1952 3794 2066 3847 cwli

478 3880 532 3933 in
560 3881 782 3946 excelso,
813 3891 861 3936 et
882 3900 1035 3952 super
1065 3901 1207 3955 reges
1238 3895 1389 3938 terra:
1410 3885 1495 3955 qui
1524 3894 1643 3938 sunt
1668 3902 1821 3955 super
1851 3895 2061 3949 terram,

477 3977 525 4031 et
553 3970 999 4042 congregabantur
1027 3973 1083 4026 in
1128 3976 1576 4045 congregationem
1616 3978 1768 4028 unius
1812 3977 1971 4046 fascis
2012 3977 2066 4028 in

477 4060 669 4129 lacum,
697 4070 747 4114 et
772 4062 1078 4116 claudentur
1117 4064 1186 4117 ibi
1228 4065 1281 4117 in
1324 4080 1601 4131 carcerem,
1642 4075 1690 4118 et
1729 4076 1843 4135 post
1880 4066 2069 4120 mullos

479 4153 587 4207 dies
629 4153 991 4209 uisitabantur.
1040 4154 1109 4209 Et
1147 4155 1403 4209 erubescet
1443 4157 1589 4224 luna,
1634 4166 1682 4210 et
1728 4156 2069 4227 confundetur

478 4243 577 4309 sol,
608 4260 721 4298 cum
742 4246 1028 4317 regnaverit
1050 4245 1304 4302 Dominus
1328 4249 1646 4303 exercituum
1667 4250 1720 4302 in
1746 4259 1916 4302 monte
1937 4247 2069 4302 Sion

480 4344 528 4387 et
556 4336 610 4387 in
640 4335 992 4401 Hierusalem,
1018 4348 1069 4392 et
1092 4339 1147 4392 in
1177 4349 1451 4411 conspecta
1470 4356 1650 4394 senum
1679 4356 1888 4395 suorum
1916 4340 2071 4410 fuerit

484 4427 804 4497 gloriﬁcatus
837 4430 1026 4499 (Ibid.,
1058 4432 1143 4499 16,
1167 4432 1281 4504 25).
1326 4433 1393 4489 Et
1432 4444 1556 4504 post
1588 4436 1863 4505 aliquanta
1902 4434 2071 4489 ratio-

482 4530 607 4569 nem
636 4517 891 4583 reddens,
925 4524 1277 4588 quamobrem
1310 4524 1437 4577 talia
1467 4526 1801 4589 minaretur,
1832 4525 1906 4578 ita
1946 4524 2021 4577 ait
2052 4540 2064 4577 :

2160 1964 2241 2011 tes
2289 1954 2488 2022 audite,
2539 1955 2644 2010 hoc
2687 1956 2847 2011 modo
2891 1955 3083 2010 leniter
3110 1956 3274 2010 verba
3323 1956 3647 2009 initiantem.
3679 1952 3744 2006 Et

2157 2051 2351 2121 factum
2391 2059 2469 2104 est
2513 2050 2720 2103 verbum
2760 2048 2971 2105 Domini
3016 2050 3085 2103 ad
3122 2067 3223 2115 me,
3256 2049 3429 2103 dicens
3452 2065 3471 2101 :
3514 2047 3663 2101 Vade
3699 2055 3745 2099 et

2155 2144 2323 2197 clama
2350 2146 2405 2197 in
2431 2143 2637 2199 auribus
2669 2142 3018 2208 Hierusalem,
3046 2153 3095 2197 et
3116 2144 3253 2197 dices
3277 2160 3294 2196 :
3317 2142 3505 2195 Audite
3530 2145 3743 2195 verbum

2159 2235 2369 2290 Domini
2414 2236 2596 2289 domus
2635 2234 2819 2299 Jacob,
2870 2245 2920 2288 et
2963 2253 3137 2289 omnes
3193 2240 3521 2306 cognationes
3566 2236 3748 2290 domus

2158 2324 2367 2380 Israel:
2398 2325 2531 2380 Haec
2574 2326 2698 2380 dicit
2731 2326 3014 2381 Dominus:
3048 2324 3185 2390 Quid
3224 2327 3527 2381 invenerunt
3566 2329 3624 2379 in
3671 2341 3748 2381 me

2156 2428 2330 2489 patres
2360 2418 2512 2470 vestri
2534 2418 2839 2489 iniquitatis,
2866 2419 2952 2488 qui
2980 2419 3207 2488 elongati
3235 2427 3353 2470 sunt
3379 2434 3411 2469 a
3437 2433 3539 2481 me,
3560 2426 3611 2469 et
3634 2433 3744 2469 am-

2158 2506 2457 2561 bulaverunt
2485 2515 2602 2577 post
2638 2510 2938 2571 vanitatem,
2970 2517 3019 2560 et
3061 2509 3179 2560 vani
3230 2508 3359 2578 facti
3388 2517 3539 2570 sunt;
3565 2514 3617 2559 et
3646 2524 3744 2560 non

2157 2598 2437 2651 dixerunt:
2491 2596 2590 2650 Ubi
2641 2607 2717 2650 est
2745 2599 2829 2668 qui
2878 2598 3154 2650 ascendere
3199 2614 3294 2650 nos
3340 2598 3462 2667 fecit
3510 2596 3572 2649 de
3618 2607 3743 2648 terra

2158 2687 2231 2741 1E
2238 2689 2381 2759 gypti
2413 2687 2541 2759 (Jer.
2573 2704 2628 2753 ιι,
2662 2688 2711 2753 1,
2736 2688 2788 2752 2,
2822 2688 2875 2753 4,
2907 2686 2960 2754 5,
2992 2687 3084 2756 6)?
3106 2686 3171 2739 Et
3196 2695 3319 2756 post
3344 2702 3515 2756 pauca
3546 2687 3624 2737 :A
3646 2702 3742 2739 str-

2158 2780 2271 2834 culo
2318 2781 2625 2850 confregisti
2655 2778 2842 2849 jugum
2897 2795 3096 2842 meum,
3140 2778 3323 2847 rupisti
3365 2778 3572 2830 vincula
3610 2792 3738 2841 mea,

2159 2873 2338 2927 dixisti
2362 2890 2379 2926 :
2407 2870 2531 2927 Non
2554 2870 2793 2925 serviam.
2820 2869 2933 2939 Ego
2954 2870 3186 2938 plantavi
3211 2880 3257 2923 te
3283 2868 3483 2922 vineam
3512 2868 3739 2933 electam,

2160 2983 2308 3021 omne
2334 2983 2501 3020 semen
2532 2981 2705 3018 verum
2728 2980 2745 3017 :
2769 2964 3021 3033 quomodo
3050 2978 3173 3032 ergo
3195 2976 3439 3014 conversa
3465 2975 3519 3013 es
3541 2962 3597 3012 in
3626 2975 3740 3027 pra-

2159 3073 2277 3109 vum
2298 3057 2447 3109 vinea
2468 3054 2677 3109 aliena?
2704 3053 2765 3107 Si
2794 3053 2975 3106 laveris
3000 3060 3046 3105 te
3072 3052 3230 3119 uitro,
3258 3060 3306 3105 et
3332 3050 3741 3119 multiplicareris

2162 3148 2252 3201 tibi
2293 3147 2502 3201 herbam
2531 3146 2719 3213 borith,
2770 3147 3030 3199 maculata
3074 3162 3127 3198 es
3154 3144 3428 3214 iniquitate
3462 3154 3549 3195 tua
3579 3160 3743 3197 coram

2086 3252 2129 3312 ρ
2162 3258 2259 3305 me,
2287 3240 2409 3294 dicit
2440 3238 2690 3293 Dominus
2722 3235 2904 3307 (Ibid.,
2937 3235 3143 3305 20-22).
3174 3234 3241 3287 Et
3270 3233 3407 3288 infra
3434 3253 3446 3286 ε
3481 3233 3620 3297 Quid
3640 3234 3742 3287 vul-

2168 3336 2229 3387 tis
2254 3349 2450 3387 mecum
2469 3332 2666 3401 judicio
2697 3328 3044 3382 contendere?
3067 3325 3259 3380 Omnes
3286 3342 3366 3379 me
3388 3326 3744 3397 dereliquistis,

2166 3426 2288 3478 dicit
2326 3424 2599 3478 Dominus.
2634 3421 2852 3476 Frustra
2891 3422 3117 3492 percussi
3156 3421 3295 3489 ﬁlios
3333 3428 3529 3473 vestros
3555 3436 3574 3472 :
3598 3419 3747 3473 disci-

2165 3516 2363 3585 plinam
2393 3532 2495 3568 non
2522 3521 2837 3583 receperunt.
2870 3513 3056 3565 Audite
3076 3511 3279 3565 verbum
3306 3509 3520 3564 Domini
3546 3526 3562 3562 :
3604 3508 3749 3563 Nun-

2166 3606 2288 3677 quid
2328 3606 2551 3659 solitudo
2583 3608 2752 3677 factus
2789 3621 2901 3657 sum
2944 3603 3134 3669 Israel,
3177 3613 3265 3655 aut
3305 3611 3445 3655 terra
3490 3601 3750 3656 serotina!

2167 3696 2419 3768 Nunquid
2464 3695 2783 3751 obliviscetur
2828 3698 2968 3765 virgo
2997 3695 3286 3748 ornamenti
3318 3695 3419 3759 sui,
3448 3704 3539 3747 aut
3569 3710 3751 3763 sponsa

2169 3794 2347 3864 fascia!
2367 3792 2641 3861 pectoralis
2670 3792 2815 3845 suae?
2854 3789 3084 3859 Populus
3122 3806 3237 3843 vero
3280 3806 3421 3843 meus
3464 3786 3656 3843 oblitus
3683 3796 3752 3843 est

2169 3886 2268 3939 mei
2299 3883 2475 3937 diebus
2504 3885 2786 3938 innumeris
2810 3882 3000 3953 (Ibid.,
3031 3882 3241 3951 29-53).
3277 3881 3413 3945 Quia
3462 3884 3654 3936 stultus
3684 3893 3753 3937 est

2168 3976 2383 4045 p0pulus
2413 3992 2575 4039 meus,
2601 3991 2681 4028 me
2711 3993 2811 4029 non
2853 3976 3122 4045 cognovit:
3154 3975 3254 4042 ﬁlii
3298 3975 3605 4044 insipientes
3638 3981 3752 4028 sunt

2167 4076 2216 4122 et
2242 4068 2481 4122 vecordes
2506 4085 2524 4121 :
2551 4069 2807 4137 sapientes
2845 4076 2964 4120 sunt
2999 4076 3055 4119 ut
3087 4067 3283 4138 faciant
3314 4069 3473 4131 mala,
3510 4069 3639 4121 bene
3664 4086 3753 4121 au-

2171 4166 2270 4210 tem
2300 4160 2471 4228 facere
2501 4160 2791 4211 nescierunt
2817 4156 2949 4227 (Jer.
2989 4173 3060 4223 ιν,
3090 4156 3200 4229 22).
3237 4157 3370 4212 Tum
3400 4160 3663 4228 propheta
3693 4174 3753 4213 ex

2170 4264 2264 4303 sua
2293 4263 2524 4318 persona
2553 4247 2791 4318 loquitur
2811 4246 2992 4301 dicens
3026 4266 3038 4299 :
3071 4246 3313 4315 Domine,
3341 4250 3475 4301 oculi
3506 4251 3577 4301 tui
3601 4249 3754 4318 respi-

2169 4342 2309 4393 ciunt
2337 4339 2535 4409 ﬁdem:
2573 4338 2867 4407 percussisti
2904 4355 3009 4402 eos,
3044 4346 3094 4391 et
3131 4354 3235 4391 non
3265 4338 3577 4392 doluerunt:
3609 4340 3755 4391 attri-

2169 4431 2285 4484 visti
2311 4445 2419 4495 eos,
2450 4438 2501 4483 et
2527 4429 2803 4483 noluerunt
2830 4430 3064 4498 accipere
3086 4428 3415 4499 disciplinam
3438 4428 3571 4497 (Jer.
3604 4446 3656 4494 ν,
3684 4429 3752 4499 5).

2169 4523 2411 4591 Itemque
2440 4522 2735 4577 Dominus:
2780 4523 3097 4576 Annuntiate
3138 4522 3232 4576 hoc
3282 4523 3457 4577 domui
3503 4522 3686 4587 Iacob,
3717 4529 3758 4574 et

482 4602 618 4659 Ecce
653 4622 756 4659 non
795 4617 871 4660 est
909 4609 1206 4663 abbreviata
1251 4629 1434 4665 manus
1484 4612 1731 4678 Domini,
1774 4622 1831 4667 ut
1868 4614 2069 4668 salvare
2096 4635 2147 4695 ι)
2172 4616 2405 4669 auditum
2434 4615 2589 4685 facite
2616 4612 2672 4667 in
2711 4612 2853 4667 Juda
2880 4613 3145 4667 dicentes:
3175 4614 3330 4678 Audi,
3366 4614 3552 4683 pOpule
3592 4614 3756 4675 stulte,

486 4705 730 4765 nequeat;
753 4714 913 4768 neque
932 4708 1215 4770 aggravata
1244 4710 1320 4755 est
1349 4703 1491 4755 auris
1520 4704 1654 4772 ejus,
1684 4714 1740 4755 ut
1773 4720 1877 4757 non
1904 4720 2068 4758 exau-

487 4790 618 4843 diat.
670 4790 778 4846 Sed
822 4793 1116 4864 iniquitates
1165 4804 1345 4848 vestrae
1387 4796 1669 4849 diviserant
1714 4798 1849 4850 inter
1890 4814 1976 4851 vos
2023 4805 2073 4851 et

488 4879 656 4934 Deum
688 4892 929 4947 vestrum,
963 4892 1011 4936 et
1050 4894 1261 4951 peccata
1290 4894 1458 4938 vestra
1482 4884 1857 4938 absconderant
1887 4887 2074 4956 faciem

488 4970 602 5042 ejus
629 4988 661 5024 a
680 4971 819 5027 vobis
849 4989 912 5026 ne
944 4973 1236 5027 exaudiret.
1272 4972 1461 5029 Manus
1490 4977 1626 5029 enim
1660 4984 1841 5031 vestra:
1866 4976 2074 5045 polluta:

488 5073 609 5117 sunt
635 5066 907 5135 sanguine,
940 5076 991 5119 et
1029 5065 1177 5136 digiti
1211 5067 1365 5120 vestri
1402 5068 1715 5137 iniquitate:
1740 5066 1879 5122 labia
1905 5076 2075 5122 vestra

491 5154 663 5210 locuta
704 5166 823 5210 sunt
858 5156 1203 5224 mendacium,
1237 5168 1287 5212 et
1325 5159 1501 5231 lingua
1542 5156 1711 5216 vestra
1750 5162 2074 5234 iniquitatem

493 5248 652 5318 fatur.
686 5246 811 5302 Non
832 5256 908 5302 est
936 5248 1021 5320 qui
1052 5258 1191 5302 vocet
1210 5250 1488 5320 justitiam,
1516 5270 1677 5325 neque
1710 5261 1785 5308 est
1813 5254 1899 5325 qui
1926 5252 2075 5323 judi-

489 5348 569 5394 cet
597 5357 749 5396 vere:
773 5342 863 5395 sed
883 5342 1149 5411 conﬁdunt
1170 5343 1225 5396 in
1254 5344 1404 5411 nihil,
1428 5354 1476 5399 et
1505 5346 1784 5419 loquuntur
1802 5347 2072 5411 vanitates,

488 5436 539 5484 ct
583 5440 922 5503 conceperant
976 5432 1240 5503 dolorem,
1295 5445 1343 5489 et
1393 5447 1697 5508 pepererunt
1744 5438 2075 5509 iniquitatem

498 5520 633 5593 (Isa.
674 5539 782 5589 ιιι,
818 5523 871 5591 1,
910 5523 987 5594 4).
1020 5523 1085 5579 Et
1123 5526 1299 5581 infra:
1334 5525 1508 5599 Opera
1541 5546 1721 5583 eorum
1760 5529 1988 5593 inutilia,
2029 5537 2081 5582 et

496 5632 622 5685 opus
652 5619 939 5689 iniquitatis
986 5620 1039 5671 in
1085 5619 1321 5674 manibus
1363 5638 1559 5675 eorum.
1608 5620 1776 5674 Pedes
1821 5637 1999 5674 eorum
2024 5621 2080 5674 in

494 5707 685 5762 malum
725 5720 968 5777 currunt,
998 5720 1047 5764 et
1084 5714 1333 5783 festinant
1372 5721 1430 5766 ut
1469 5711 1742 5782 effundant
1777 5712 2080 5782 sanguinem

493 5801 836 5858 innocentem.
865 5803 1212 5875 Cogitationes
1250 5822 1426 5861 eorum
1454 5806 1793 5878 cogitationes
1824 5804 2033 5858 inutiles
2058 5820 2078 5860 :

494 5896 709 5956 castitas
756 5906 807 5954 ct
847 5900 1085 5957 contritio
1122 5900 1177 5955 in
1206 5900 1299 5956 viis
1327 5917 1526 5970 eorum,
1560 5909 1610 5957 et
1638 5901 1773 5957 viam
1801 5897 1946 5969 pacis
1972 5912 2081 5956 non

2175 4708 2259 4779 qui
2301 4722 2407 4760 non
2451 4704 2607 4759 habes
2647 4720 2767 4769 cor;
2815 4704 2900 4776 qui
2930 4703 3170 4757 habentes
3196 4704 3371 4758 oculos
3410 4720 3515 4757 non
3564 4702 3759 4766 videtis,

2177 4808 2227 4852 et
2247 4815 2416 4863 aures,
2443 4807 2491 4851 et
2512 4815 2616 4854 non
2646 4798 2860 4853 auditis.
2887 4796 2974 4851 Me
3001 4814 3121 4869 ergo
3144 4814 3247 4851 non
3280 4793 3543 4861 timebitis,
3565 4794 3642 4847 ait
3662 4792 3761 4845 Dc-

2177 4890 2366 4949 minus.
2396 4898 2447 4943 et
2473 4906 2505 4941 a
2533 4890 2667 4960 facie
2690 4902 2806 4942 mea
2835 4888 2937 4943 non
2972 4888 3245 4943 dolebitis?
3265 4886 3348 4959 qui
3376 4885 3527 4957 posui
3554 4899 3763 4939 arenam

2182 4981 2664 5046 terminumimari,
2716 4990 3024 5051 praeceptum
3071 4980 3435 5048 sempiternum
3486 4976 3626 5047 quod
3669 4992 3764 5031 non

2181 5073 2496 5143 praeteribit:
2529 5082 2579 5126 et
2604 5070 3070 5137 commovebuntur,
3111 5080 3160 5124 et
3189 5086 3290 5124 non
3320 5079 3592 5140 poterunt:
3628 5069 3765 5122 intu-

2177 5174 2400 5218 mescent
2420 5164 2607 5234 ﬂuctus
2641 5166 2773 5235 ejus,
2822 5172 2871 5218 et
2916 5180 3021 5218 non
3065 5161 3355 5215 transibunt
3384 5160 3534 5214 illud.
3567 5159 3765 5229 Populo

2178 5266 2346 5311 autem
2376 5258 2492 5310 huic
2530 5259 2722 5328 factum
2751 5262 2827 5309 est
2856 5271 2944 5309 cor
2972 5253 3297 5308 iucredulum
3336 5260 3384 5306 et
3430 5265 3764 5322 exasperans,

2177 5355 2496 5403 recesserunt
2524 5356 2574 5402 et
2600 5347 2840 5401 abierunt
2863 5362 2881 5400 :
2903 5355 3077 5400 etnon
3106 5345 3351 5399 dixerunt
3377 5342 3431 5397 in
3452 5342 3609 5396 corde
3640 5353 3767 5396 suo:

2178 5438 2467 5495 Metuamus
2496 5439 2775 5495 Dominum
2802 5437 2967 5494 Deum
2998 5448 3232 5495 nostrum
3262 5435 3449 5509 (Ibid.,
3474 5432 3688 5501 20-94).
3708 5430 3769 5486 Et

2185 5532 2418 5587 iterum:
2453 5531 2588 5595 Quia
2612 5534 2802 5586 inventi
2828 5540 2947 5585 sunt
2986 5532 3040 5585 in
3085 5530 3273 5602 populo
3319 5545 3428 5582 meo
3457 5526 3605 5596 impii
3648 5522 3768 5579 insi~

2186 5624 2385 5678 diantes
2405 5624 2553 5695 quasi
2582 5640 2836 5695 aucupes,
2871 5623 3078 5695 laqueos
3108 5629 3353 5694 ponentes
3388 5628 3437 5673 et
3469 5618 3681 5687 pedicas
3706 5611 3767 5666 ad

2185 5715 2460 5784 capiendos
2479 5716 2630 5770 viros.
2660 5715 2807 5769 Sicut
2830 5714 3066 5784 decipula
3085 5712 3239 5782 plena
3268 5708 3466 5775 avibus,
3489 5708 3564 5761 sic
3591 5706 3765 5759 domus

2184 5822 2359 5861 eorum
2378 5807 2544 5875 plena:
2573 5806 2732 5861 dolo:
2763 5805 2878 5861 ideo
2906 5804 3228 5876 magniﬁcati
3253 5811 3374 5858 sunt
3398 5798 3447 5855 et
3473 5800 3624 5854 ditati
3646 5814 3664 5851 :
3688 5797 3762 5851 in-

2184 5898 2403 5956 crassati
2431 5905 2551 5956 sunt
2582 5907 2633 5955 et
2659 5898 2985 5970 impinguati,
3018 5907 3067 5954 et
3103 5897 3465 5971 prwterierunt
3508 5902 3759 5949 sermones
