4048 6344
1070 274 1071 277 γ
1152 299 1352 357 LIBER
1388 300 1781 372 queamus.
1832 302 2013 363 rans
2047 300 2112 359 ιι.
2154 286 2503 357 Εινιδτοιει.

3353 294 3457 351 5ῦῦ

251 435 369 479 neos
391 417 627 492 pessime:
647 427 859 474 causam
886 418 1070 495 pupilli
1095 434 1203 474 non
1223 419 1543 487 direxerant,
1565 428 1616 474 et
1635 419 1780 491 judio
1808 426 1853 483 Α
1884 417 2060 485 Quare
2078 427 2326 473 uenerunt
2348 414 2491 470 mala
2514 414 2666 469 hac?
2699 411 2920 484 Propter
2946 412 3322 468 multitudinem
3361 410 3466 466 ini—

254 514 367 569 ciunt
392 524 652 581 pauperum
680 524 785 563 non
800 508 1183 581 judicauerunt.
1216 507 1465 579 Nunquid
1503 525 1656 579 super
1700 510 1781 564 his

250 616 337 658 non
362 598 574 665 uisitabo,
596 598 722 653 dicit
750 598 1003 655 Dominus
1018 600 1044 654 2’
1064 609 1153 654 aut
1180 616 1332 671 super
1368 609 1571 672 gentem
1611 601 1786 672 hujus-

251 692 369 750 stodi
392 707 487 746 non
505 690 775 745 ulciscetur
791 692 970 746 anima
996 708 1112 746 mea
1135 691 1350 763 (Jerem.
1384 706 1438 755 v,
1466 689 1705 761 26-29)?

202 796 209 803 ‘
307 781 385 836 ll.
419 779 518 836 Sed
544 780 683 836 absit
707 788 766 836 ut
789 782 941 837 vobis
961 782 1175 836 eveniat
1200 780 1346 853 quod
1371 780 1649 851 sequitur:
1676 780 1784 836 Lo-

248 890 376 947 quere
395 873 459 927 ad
476 888 558 927 eos
583 874 761 928 omnia
799 874 952 929 uerba
985 875 1113 940 hac,
1154 884 1206 929 et
1242 874 1583 936 nonaudient
1622 882 1711 928 te:
1735 882 1787 927 et

246 965 419 1020 vocabis
442 980 543 1029 eos,
571 973 623 1017 et
643 980 748 1019 non
766 966 1147 1041 respondebunt
1172 966 1282 1021 tibi.
1319 966 1389 1020 Et
1412 966 1550 1021 dices
1574 966 1643 1020 ad
1664 982 1784 1022 eos:

247 1056 357 1113 Hac
389 1064 459 1111 est
486 1070 606 1126 gens
629 1071 742 1127 quas
766 1071 871 1111 non
898 1058 1096 1112 audiuit
1120 1073 1292 1112 vocem
1311 1056 1527 1113 Domini
1557 1057 1654 1113 Dei
1679 1060 1783 1123 sui,

245 1146 509 1218 necrecepit
526 1147 861 1217 disciplinam
882 1162 902 1201 :
943 1148 1097 1218 periit
1138 1148 1291 1219 fides,
1330 1157 1382 1204 et
1414 1146 1592 1203 ablata
1613 1158 1688 1202 est
1723 1149 1789 1203 de

243 1252 489 1292 ocrearum
509 1236 643 1309 (Jer.
667 1253 779 1305 vui,
801 1235 893 1307 27,
913 1236 1029 1310 28).
1051 1236 1117 1292 Ει
1136 1246 1259 1310 post
1291 1237 1563 1308 aliquanta
1587 1255 1600 1291 :
1633 1236 1789 1291 Nun-

241 1328 342 1399 quid
362 1328 441 1400 qui
466 1329 627 1395 cadit,
657 1344 763 1383 non
788 1336 1051 1400 resurget;
1090 1337 1142 1384 et
1170 1329 1257 1401 qui
1297 1344 1503 1383 auersus
1535 1338 1632 1394 est,
1682 1343 1787 1381 non

241 1423 517 1477 mertetur?
543 1418 724 1487 Quare
739 1438 865 1495 ergo
891 1438 1098 1477 aversus
1125 1428 1203 1476 est
1235 1423 1452 1493 populus
1475 1422 1572 1475 iste
1599 1421 1654 1475 in
1694 1420 1786 1474 Je-

240 1511 430 1567 rusalem
459 1514 726 1568 aversione
750 1513 1110 1568 contentiosa?
1145 1512 1606 1584 Apprehenderunt
1640 1527 1788 1566 men-

237 1603 432 1671 dacium,
461 1612 511 1658 et
536 1606 819 1658 notuerunt
871 1605 1075 1659 reverti.
1121 1603 1330 1657 Attendi
1365 1612 1416 1663 et
1462 1601 1785 1657 auscultavi:

236 1708 361 1748 nemo
400 1694 528 1766 quod
562 1692 756 1749 bonum
798 1702 875 1749 est
903 1695 1150 1767 loquitur.
1194 1691 1389 1749 Nullus
1421 1702 1499 1749 est
1537 1694 1624 1763 qui
1665 1698 1789 1764 agat

1883 509 2093 581 quantis
2118 516 2238 562 tute.
2276 507 2339 562 Si
2375 513 2576 560 mutare
2602 512 2769 575 potest
2794 503 3043 575 Ethiops
3082 506 3263 577 pellem
3289 520 3462 571 suam,

1884 608 1975 654 aut
1999 599 2194 670 pardus
2212 599 2485 653 varietates
2513 612 2635 651 suas
2653 636 2669 663 ,
2699 604 2748 650 et
2769 610 2855 650 vos
2882 598 3114 665 poteritis
3140 598 3465 670 benefacere,

1883 706 1998 745 cum
2027 690 2311 746 didiceritis
2356 689 2552 744 malum
2581 687 2715 759 (Jer.
2758 703 2871 753 xm,
2898 686 2988 752 Si,
3020 688 3111 760 25)
3137 706 3151 743 :
3184 692 3465 761 (subaudi-

1886 782 1997 849 tur)
2023 781 2149 850 quia
2186 795 2294 836 non
2340 780 2520 836 vultis.
2564 778 2638 833 Et
2665 779 2839 835 infra:
2869 777 2999 834 Haec
3037 780 3163 834 dicit
3206 780 3466 837 Dominus

1884 873 2072 942 populo
2101 872 2235 936 huic,
2259 874 2345 943 qui
2369 873 2550 927 dilexit
2569 889 2768 927 movere
2790 872 2944 940 pedes
2962 888 3101 938 suos,
3132 879 3183 926 et
3202 889 3305 929 non
3319 876 3467 945 quie-

1884 963 1978 1030 uit,
2014 972 2065 1017 et
2094 962 2318 1018 Domino
2355 979 2461 1018 non
2496 963 2690 1034 placuit
2723 978 2741 1017 :
2780 979 2917 1016 nunc
2959 962 3317 1017 recordabitur
3364 964 3469 1017 iui-

1886 1056 2136 1127 quitatum
2165 1072 2361 1121 eorum,
2393 1065 2444 1111 et
2470 1055 2696 1110 uisitabit
2740 1061 2951 1126 peccata
2977 1070 3173 1109 eorum.
3211 1053 3281 1108 Et
3331 1054 3470 1109 dixit

1887 1145 2142 1200 Dominus
2167 1146 2237 1200 ad
2262 1162 2374 1200 me:
2404 1144 2531 1201 Noli
2552 1161 2705 1201 orare
2725 1163 2820 1217 pro
2840 1146 3030 1217 popqu
3054 1146 3154 1201 isto
3180 1147 3237 1199 in
3257 1144 3465 1201 bonum.

1889 1234 2014 1289 Cum
2035 1236 2405 1307 jejunaeerint,
2451 1253 2556 1291 non
2584 1237 2863 1291 exaudiam
2903 1254 3077 1308 preces
3109 1253 3285 1292 eorum
3305 1252 3324 1289 :
3352 1247 3401 1291 st
3420 1237 3473 1291 si

1888 1325 2167 1381 obtulerint
2204 1327 2502 1389 holocausta
2539 1336 2590 1381 et
2619 1328 2872 1393 victimas,
2923 1344 3027 1382 non
3082 1328 3362 1397 suscipiam
3404 1342 3471 1384 ea

1891 1416 2023 1487 (Jer.
2056 1434 2166 1481 xxv,
2195 1417 2394 1490 10-12).
2442 1418 2511 1473 Et
2537 1418 2729 1474 iterum
2760 1438 2774 1473 :
2823 1418 2892 1472 Et
2933 1421 3067 1475 dixit
3103 1420 3360 1476 Dominus
3399 1423 3470 1477 ad

1889 1523 2004 1562 me:
2029 1506 2091 1563 Si
2111 1508 2308 1563 steterit
2330 1506 2539 1579 Moyses
2559 1517 2610 1562 et
2654 1507 2871 1563 Samuel
2906 1526 3082 1564 coram
3119 1528 3219 1580 me,
3260 1529 3363 1568 non
3391 1522 3474 1569 est

1889 1599 2069 1652 anima
2096 1614 2211 1653 mea
2237 1598 2307 1653 ad
2327 1599 2569 1669 populum
2596 1600 2769 1653 istum.
2800 1599 2948 1670 Ejice
2972 1602 3093 1657 illos
3119 1620 3152 1656 a
3179 1606 3314 1674 facie
3332 1622 3471 1673 mea,

1888 1700 1940 1745 et
1964 1689 2296 1761 egrediantur
2318 1688 2453 1760 (Jer.
2488 1705 2578 1756 xv,
2612 1690 2685 1760 l).
2718 1689 2787 1744 Et
2821 1700 2943 1761 post
2972 1707 3139 1762 pauca
3167 1711 3181 1746 :
3214 1693 3341 1759 Quis
3368 1697 3473 1751 mi-

234 1783 549 1851 pcnitentiam
592 1800 755 1850 super
790 1794 1000 1855 peccato
1050 1800 1167 1850 suo,
1220 1786 1397 1840 dicens
1418 1800 1437 1839 :
1471 1784 1610 1852 Quid
1651 1784 1789 1855 feci?
1819 1797 1864 1857 Β
1888 1779 2137 1835 serebitur
2168 1780 2270 1847 tui,
2316 1778 2640 1835 Jerusalem?
2669 1791 2760 1836 aut
2794 1783 2909 1854 quis
2951 1785 3341 1839 contristabitur
3375 1804 3473 1857 pro

236 1870 399 1927 Omnes
424 1876 654 1930 conuersi
694 1884 813 1929 sunt
855 1874 927 1929 ad
964 1892 1170 1931 cursum
1216 1892 1388 1944 suum,
1434 1876 1582 1947 quasi
1629 1890 1789 1947 equus

230 1960 394 2029 impetu
422 1964 615 2019 vadens
645 1964 714 2018 ad
750 1965 1008 2034 prtelium.
1049 1965 1241 2020 Miluus
1284 1966 1340 2021 in
1385 1967 1513 2021 cmlo
1552 1966 1790 2037 cognouit

231 2059 401 2123 tempus
426 2069 571 2109 suum
585 2071 610 2111 :
635 2063 803 2110 turtur
828 2064 881 2110 et
902 2055 1122 2111 hirundo
1143 2065 1192 2111 et
1217 2056 1416 2110 ciconia
1437 2056 1789 2112 custodierunt

226 2149 398 2213 tempus
414 2144 669 2200 aduentus
696 2147 818 2201 sui:
846 2145 1065 2217 populus
1092 2155 1264 2201 autem
1291 2162 1433 2201 meus
1462 2162 1565 2202 non
1592 2163 1789 2219 cogno-

226 2233 286 2287 rit
309 2234 554 2305 judicium
601 2236 704 2293 Dei
746 2236 880 2310 (Jer.
910 2253 1025 2306 vut,
1054 2237 1195 2307 L7}.
1239 2236 1306 2292 Et
1338 2248 1446 2294 tam
1481 2239 1792 2295 vehementi

222 2326 603 2396 sacrilegion
623 2330 868 2387 caecitate
886 2338 943 2386 et
963 2328 1218 2388 ineﬂ‘abili
1240 2330 1503 2386 ebrietate
1528 2331 1790 2402 propheta

223 2420 546 2490 conterritus,
571 2433 631 2478 et
649 2420 855 2479 deﬂens
881 2437 980 2480 eos
996 2422 1089 2493 qui
1109 2438 1171 2480 se
1194 2423 1339 2494 ipsos
1365 2437 1475 2479 non
1498 2421 1789 2493 deﬂebant,

224 2510 360 2579 (utet
383 2529 528 2571 nunc
558 2514 802 2572 infelices
821 2517 1036 2589 tyranni
1053 2514 1243 2587 agunt)
1268 2523 1425 2586 optat
1451 2515 1554 2572 sibi
1582 2516 1792 2572 auctio-

219 2613 326 2657 nem
349 2602 574 2662 ﬂetuum
598 2623 629 2663 a
661 2607 891 2664 Domino
916 2609 1167 2674 concedi,
1209 2609 1315 2666 hoc
1351 2607 1516 2665 modo
1559 2608 1746 2666 dicens
1774 2626 1789 2663 :

217 2688 370 2761 Super
391 2697 712 2753 contritione
738 2698 867 2767 ﬁlia:
894 2698 1070 2768 populi
1097 2698 1197 2753 mei
1237 2699 1487 2753 contritus
1514 2714 1661 2753 sum:
1690 2707 1796 2752 stu-

210 2794 294 2846 por
315 2783 547 2841 obtinuit
587 2800 688 2843 tne.
719 2787 971 2855 Nunquid
999 2790 1173 2843 resina
1215 2805 1319 2844 non
1361 2798 1439 2844 est
1476 2789 1533 2843 in
1566 2788 1791 2855 Galaad,

208 2878 285 2924 aut
307 2876 543 2931 medicus
587 2893 694 2933 non
723 2888 802 2934 est
828 2879 938 2934 ibi!
967 2874 1142 2943 Quare
1176 2894 1301 2950 ergo
1330 2893 1434 2933 non
1468 2877 1691 2933 obducta
1717 2885 1795 2932 est

204 2961 404 3020 cit-atria:
432 2967 573 3038 [ilics
616 2969 796 3039 populi
838 2972 940 3024 mei
969 2967 1158 3039 (lbid.,
1196 2967 1287 3033 si,
1312 2967 1442 3038 ea):
1489 2967 1617 3033 Quis
1655 2967 1800 3023 dabit

201 3055 343 3124 capiti
372 3072 496 3111 meo
519 3072 720 3125 aquam
747 3067 798 3111 et
821 3057 985 3112 oculis
1030 3059 1155 3112 meis
1203 3059 1399 3129 fontem
1425 3058 1793 3128 lacrymarum,

1890 1870 1975 1925 te?
1998 1878 2087 1924 aut
2107 1871 2221 1939 quis
2256 1870 2350 1925 ibit
2378 1872 2448 1924 ad
2473 1873 2765 1944 rogandum
2808 1890 2903 1945 pro
2937 1892 3065 1947 pace
3089 1878 3214 1931 tua?
3250 1877 3327 1932 Tu
3356 1880 3476 1934 reli-

1890 1960 2048 2033 quisti
2067 1976 2167 2026 tne,
2196 1960 2323 2014 dicit
2349 1959 2626 2026 Dominus,
2663 1972 2711 2017 et
2749 1974 3032 2020 retrorsum
3052 1967 3226 2025 abiisti
3249 1984 3269 2023 :
3304 1976 3355 2023 et
3381 1984 3477 2023 es:-

1891 2049 2101 2105 tendam
2121 2065 2329 2104 manum
2356 2066 2524 2105 meam
2542 2068 2697 2121 super
2725 2062 2793 2118 te,
2817 2066 2868 2109 et
2886 2057 3195 2127 interﬁciam
3218 2070 3266 2114 te
3286 2059 3475 2131 (lbid.,

1892 2138 1945 2205 5,
1978 2140 2056 2211 6).
2079 2138 2148 2195 Et
2184 2148 2308 2211 post
2333 2142 2651 2212 aliquanta:
2699 2143 2831 2200 Hcce
2859 2146 2986 2202 dicit
3025 2144 3314 2203 Dominus:
3340 2146 3479 2206 Ecce

1890 2248 1985 2303 ego
2010 2233 2153 2304 fingo
2181 2241 2365 2289 contra
2403 2250 2491 2289 vos
2529 2236 2893 2307 cogitationem
2932 2253 2953 2293 :
2992 2249 3280 2295 reuertatur
3323 2259 3483 2298 unus-

1890 2324 2104 2396 quisque
2123 2341 2157 2379 a
2180 2325 2264 2380 eia
2290 2340 2384 2380 sua
2411 2326 2573 2391 mala,
2608 2336 2659 2381 et
2693 2327 2905 2399 dirigite
2929 2329 3042 2385 vias
3067 2339 3262 2387 uestras
3286 2342 3337 2387 et
3363 2344 3479 2389 stu-

1891 2415 1980 2469 dia
1998 2424 2187 2470 uestra.
2217 2412 2319 2480 Qui
2339 2416 2623 2473 dixerunt:
2655 2416 2999 2490 Desperamus
3015 2435 3035 2475 :
3063 2430 3182 2492 post
3204 2422 3480 2494 Cogitatio-
3504 2464 3505 2467 η

1893 2521 1985 2562 nes
2023 2515 2232 2562 nostras
2263 2504 2471 2575 ibimus,
2500 2515 2551 2562 et
2578 2511 2923 2582 unusquisque
2951 2509 3262 2580 pravitatem
3306 2517 3481 2573 cordis

1893 2600 1975 2654 sui
1997 2599 2122 2654 mali
2147 2601 2417 2672 faciemus.
2449 2600 2578 2656 Ideo
2608 2601 2716 2657 hac
2741 2602 2867 2657 dicit
2908 2602 3162 2661 Dominus
3183 2622 3203 2661 :
3242 2592 3482 2666 Interro-

1894 2698 2013 2762 gate
2040 2700 2216 2762 gentes
2236 2707 2256 2746 :
2285 2688 2414 2757 Quis
2441 2692 2637 2748 audiuit
2671 2694 2803 2749 talia
2846 2695 3139 2764 horribilia,
3191 2715 3306 2771 quae
3360 2704 3483 2773 fecit

1897 2781 2052 2835 nimis
2089 2783 2232 2854 uirgo
2259 2781 2430 2837 Israel
2438 2783 2465 2835 7
2491 2781 2744 2857 Nunquid
2771 2787 2976 2858 deficiet
2998 2791 3063 2845 de
3080 2800 3228 2861 petra
3251 2796 3366 2867 agri
3388 2796 3482 2850 nia:

1898 2868 2110 2941 Libani,
2132 2881 2223 2927 aut
2242 2872 2359 2928 uelli
2384 2884 2601 2944 possunt
2628 2892 2777 2949 aqua:
2802 2890 3124 2951 erumpentes
3152 2885 3365 2955 frigida:
3389 2887 3483 2941 de-

1897 2963 2154 3032 fluentes.’
2181 2962 2319 3029 Quia
2343 2964 2531 3021 oblitus
2556 2977 2635 3022 est
2659 2984 2741 3024 me
2764 2972 2982 3041 populus
3003 2989 3144 3030 meus
3173 2974 3306 3047 (Jer.
3331 2990 3479 3043 svnt,

1901 3051 2115 3125 ιιι-ιδ).
2146 3051 2214 3109 Et
2245 3061 2371 3125 post
2396 3056 2693 3127 aliquanta,
2719 3060 2940 3131 optione
2984 3065 3261 3135 proposita
3309 3057 3486 3137 loqui-
3520 3108 3533 3121 ,

198 3144 481 3214 etplarabo
510 3144 607 3198 die
637 3162 700 3199 ac
748 3154 898 3201 nocte
933 3146 1229 3217 interfectos
1268 3147 1398 3217 filice
1434 3148 1612 3217 populi
1656 3147 1800 3202 mei?
1823 3168 1871 3230 ο
1903 3154 1990 3201 tur
2014 3145 2237 3203 dicens:
2273 3146 2405 3203 Iltec
2434 3149 2560 3204 dicit
2592 3148 2847 3208 Dominus
2867 3169 2888 3209 :
2916 3153 3102 3211 Facite
3128 3157 3388 3229 judicium
3432 3169 3488 3217 et

204 3230 315 3298 Quis
343 3235 504 3290 dabit
532 3235 673 3291 mihi
693 3238 748 3291 in
776 3236 1056 3292 solitudine
1081 3236 1417 3293 diversorium
1443 3240 1718 3304 viatorum,
1748 3248 1798 3295 et
1892 3240 2173 3311 justitiam,
2195 3249 2245 3296 et
2270 3240 2485 3296 liberate
2510 3243 2558 3298 vi
2589 3258 2892 3315 oppressum
2920 3247 2985 3302 de
3011 3264 3167 3303 manu
3195 3250 3485 3306 calumnia-

201 3323 557 3396 dsrelinquam
586 3327 837 3397 populum
862 3342 1051 3394 meum,
1081 3336 1133 3382 et
1163 3327 1401 3382 recedam
1440 3328 1506 3383 ab
1540 3328 1652 3383 eis?
1675 3329 1799 3400 quia

206 3428 365 3471 omnes
384 3416 633 3471 adulteri
659 3426 799 3484 sunt,
823 3427 982 3473 catus
1008 3420 1484 3488 prmaricatorum.
1517 3419 1587 3474 Et
1618 3432 1770 3476 exten

206 3501 379 3559 derunt
424 3505 673 3578 linguam
714 3523 864 3562 suam
913 3509 1064 3579 quasi
1106 3517 1286 3564 arcum
1325 3510 1585 3565 mendacii
1610 3521 1662 3566 et
1692 3528 1798 3567 non

207 3596 464 3664 ueritatis;
488 3598 783 3669 confortati
833 3605 956 3653 sunt
1006 3601 1063 3654 in
1106 3609 1265 3666 terra,
1303 3602 1427 3673 quia
1451 3602 1516 3657 de
1549 3604 1688 3659 malo
1729 3604 1800 3658 ad

210 3689 390 3744 malum
418 3691 626 3763 egressi
648 3700 789 3760 sunt,
820 3700 871 3747 et
906 3708 989 3747 me
1018 3709 1123 3747 non
1150 3704 1516 3765 cognouerunt,
1540 3696 1667 3750 dicit
1695 3696 1801 3752 Do-

212 3780 367 3833 minus
400 3780 543 3853 (Jer.
582 3796 662 3846 Ix,
693 3780 838 3852 1-5).
883 3780 952 3837 Et
991 3782 1225 3838 iterum:
1257 3782 1329 3838 Et
1355 3785 1488 3841 dixit
1516 3786 1800 3843 Dominus:

213 3862 336 3930 Quia
359 3870 755 3944 dereliquerunt
790 3872 950 3944 legem
984 3889 1151 3928 meam
1176 3891 1330 3947 quam
1352 3877 1473 3932 dedi
1504 3880 1598 3944 eis,
1621 3888 1671 3934 et
1698 3896 1802 3935 non

212 3961 474 4017 audierunt
503 3979 688 4019 uocem
718 3980 905 4031 meam,
934 3971 985 4019 et
1009 3980 1112 4021 non
1147 3966 1533 4024 ambulaverunt
1559 3970 1615 4025 in
1644 3988 1725 4035 ea,
1753 3984 1804 4027 et

211 4049 436 4107 abierunt
462 4065 590 4126 post
619 4057 929 4126 pravitatem
965 4058 1137 4113 cordis
1165 4061 1277 4125 sui;
1303 4060 1497 4117 idcirco
1531 4063 1641 4119 haec
1679 4064 1804 4119 dicit

211 4139 457 4204 Dominus
488 4148 825 4204 exercituum
866 4150 1008 4206 Deus
1036 4150 1206 4208 Israel
1236 4169 1255 4208 :
1296 4153 1432 4209 Ecce
1457 4172 1581 4226 ergo
1623 4156 1803 4212 cibabo

211 4239 440 4306 populum
490 4241 661 4296 istum
709 4240 1005 4314 absgnthio,
1042 4253 1092 4298 et
1132 4255 1310 4315 potum
1339 4246 1472 4302 dabo
1509 4248 1585 4301 eis
1614 4264 1801 4319 aquam

213 4328 335 4394 fellis
379 4332 517 4403 (Jer.
552 4349 637 4398 Ix,
679 4331 890 4407 1545).
942 4332 1010 4389 Et
1037 4345 1161 4406 post
1207 4351 1379 4408 pauca
1422 4337 1592 4409 (quod
1637 4339 1801 4393 etiam

213 4420 439 4478 crebrius
468 4425 624 4497 stylo
656 4423 922 4496 propheta
950 4425 1195 4496 adjunxit
1232 4426 1416 4485 dicens
1459 4443 1529 4483 ex
1571 4442 1803 4499 persona

1901 3334 2029 3387 toris
2053 3348 2073 3387 :
2101 3341 2152 3387 et
2177 3333 2448 3400 advenam,
2479 3344 2530 3389 et
2562 3336 2837 3407 pupillum,
2866 3348 2916 3393 et
2942 3340 3151 3395 viduum
3178 3342 3339 3397 nolite
3359 3359 3486 3398 con-

1901 3424 2128 3489 tristare,
2155 3440 2319 3496 neque
2344 3427 2649 3497 opprimatis
2675 3429 2851 3499 inique
2868 3445 2888 3485 :
2913 3438 2966 3485 et
2990 3434 3293 3503 sanguinem
3324 3435 3485 3491 inno-

1899 3524 2094 3571 centem
2120 3531 2186 3571 ne
2210 3518 2512 3587 effundatis.
2546 3518 2608 3576 Si
2634 3521 2772 3576 enim
2800 3524 3052 3594 facientes
3100 3526 3326 3597 feceritis
3370 3544 3488 3583 uer-

1902 3605 2019 3663 bum
2046 3608 2208 3676 istud,
2236 3610 2593 3682 ingredientur
2612 3629 2707 3683 per
2733 3622 2914 3683 portas
2951 3614 3132 3670 domus
3158 3616 3310 3689 hujus
3338 3636 3487 3693 reges

1902 3700 2133 3756 sedentes
2160 3701 2227 3757 de
2252 3718 2438 3773 genere
2459 3702 2631 3759 Dauid
2650 3721 2804 3777 super
2822 3706 3062 3763 thronum
3094 3711 3225 3781 ejus.
3262 3710 3415 3777 Quod
3438 3716 3487 3768 si

1902 3808 2007 3847 non
2035 3793 2307 3848 audieritis
2328 3794 2481 3850 uerba
2506 3795 2635 3863 hcce,
2675 3800 2731 3853 in
2782 3802 3079 3872 memetipso
3115 3803 3311 3873 jnraui,
3361 3804 3489 3860 dicit

1904 3879 2180 3949 Dominus,
2225 3885 2346 3955 quia
2371 3887 2426 3940 in
2455 3886 2786 3943 solitudinem
2820 3892 2918 3945 erit
2961 3891 3144 3946 domus
3190 3893 3302 3948 haec
3350 3892 3484 3964 (Jer.

1905 3988 2002 4042 xu,
2047 3972 2184 4045 25-5).
2215 3973 2283 4031 Et
2310 3976 2504 4032 iterum
2535 3978 2627 4048 (de
2678 3994 2806 4050 rege
2832 3979 2973 4035 enim
3021 3982 3252 4037 scelesto
3294 3982 3488 4053 loque-

1906 4064 2083 4135 batur)
2109 4084 2123 4119 :
2164 4065 2290 4122 Vivo
2310 4073 2424 4139 ego,
2441 4068 2569 4123 dicit
2597 4067 2882 4124 Dominus:
2903 4071 3025 4141 quia
3053 4072 3100 4124 si
3128 4073 3286 4141 fuerit
3303 4071 3490 4141 Jecho-

1905 4158 2023 4211 nias
2046 4158 2269 4212 minutus
2289 4159 2341 4212 in
2364 4175 2521 4213 manu
2548 4160 2762 4213 dextera
2792 4176 2926 4228 mea,
2950 4161 3071 4215 inde
3098 4163 3309 4218 evellam
3329 4181 3443 4219 eum
3467 4183 3487 4223 :

1904 4254 1955 4299 et
1995 4244 2131 4300 dabo
2178 4245 2232 4298 in
2278 4263 2436 4301 manu
2483 4248 3082 4318 qumrentium'animam
3127 4252 3238 4325 ejus
3282 4254 3490 4328 (lbid.,

1903 4337 1994 4407 at,
2022 4337 2146 4409 25).

1958 4412 2067 4484 '43.
2106 4428 2337 4486 Sanctus
2361 4444 2577 4501 quoque
2622 4429 2877 4491 llabacuc
2919 4435 3219 4507 proclamat
3260 4438 3486 4497 dicens:

213 4505 318 4580 Dei)
343 4531 358 4565 :
388 4513 466 4568 Tu
497 4532 633 4588 ergo
663 4516 770 4569 noli
795 4531 948 4571 orare
974 4533 1070 4588 pro
1098 4518 1286 4588 populo
1321 4519 1437 4587 hoc,
1466 4529 1517 4573 et
1562 4536 1627 4573 ne
1655 4535 1806 4573 assu-
1835 4538 1880 4597 υ
1918 4520 2008 4576 Va:
2034 4521 2120 4594 qui
2142 4520 2405 4592 ardificant
2441 4525 2694 4579 civitatem
2716 4526 2769 4581 in
2810 4505 3080 4599 sanguine,
3108 4539 3159 4584 et
3191 4542 3493 4604 prarparant

213 4615 313 4656 tuas
337 4622 431 4675 pro
458 4609 537 4664 eis
569 4607 789 4663 laudem
811 4617 862 4663 et
881 4609 1204 4664 orationem:
1234 4611 1354 4681 quia
1382 4625 1485 4664 non
1524 4611 1803 4665 exaudiam

210 4692 259 4744 in
287 4702 513 4768 tempore
561 4699 816 4754 clamoris
846 4713 1037 4755 eorum
1067 4698 1139 4754 ad
1164 4716 1274 4769 me,
1302 4709 1351 4754 et
1385 4699 1679 4771 afflictionis
1724 4718 1806 4756 eo-

214 4792 315 4839 rum
338 4788 472 4858 (Jer.
497 4806 581 4861 ιι,
614 4789 735 4861 ﬂ).

275 4876 360 4935 12.
399 4883 548 4952 Quid
600 4896 739 4953 ergo
783 4898 929 4940 nunc
973 4884 1189 4942 infausti
1229 4885 1394 4943 duces
1441 4884 1678 4943 facient?
1722 4886 1802 4943 Illi

212 4969 359 5033 pauci
400 4971 761 5028 invenientes
797 4973 941 5029 viam
982 4984 1285 5044 angustam,
1315 4986 1494 5033 amota
1540 4979 1799 5049 spatiosa,

212 5059 456 5126 prohibiti
480 5080 513 5119 a
546 5063 671 5120 Deo
691 5078 761 5120 ne
788 5079 980 5136 preces
1006 5081 1105 5136 pro
1128 5067 1283 5123 vobis
1308 5066 1533 5124 fundant
1560 5085 1804 5140 persevc-

212 5151 444 5211 rantibus
474 5156 532 5211 in
585 5154 772 5225 malis,
816 5163 873 5212 et
899 5164 1183 5228 tantopere
1229 5158 1599 5226 incitantibus;
1650 5162 1804 5230 queis

211 5244 517 5301 econtrsrio
542 5242 624 5301 ex
650 5244 817 5300 corde
840 5244 908 5299 ad
936 5245 1101 5300 Deum
1128 5247 1527 5317 repedantibus.
1556 5250 1668 5305 Deo
1708 5267 1806 5305 no-

211 5327 348 5388 lente
389 5336 647 5391 animam
691 5334 925 5391 hominis
952 5336 1191 5403 interire,
1238 5338 1332 5393 sed
1361 5347 1705 5405 retractante,
1739 5356 1807 5396 ne

210 5420 416 5488 penitus
442 5424 653 5496 pereat
677 5424 769 5494 qui
803 5419 1047 5495 abiectus
1074 5435 1178 5491 est,
1218 5426 1507 5483 vindictam
1556 5443 1663 5484 non
1701 5444 1803 5500 po-

209 5510 432 5570 tuissent
474 5514 783 5572 inducere:
824 5517 949 5586 quia
978 5531 1080 5574 nec
1114 5515 1299 5583 Jonas,
1341 5527 1395 5574 et
1422 5518 1638 5590 quidem
1680 5530 1811 5576 cum-

209 5603 431 5662 multum
461 5604 847 5679 concupiverit
866 5607 1113 5665 Ninivitis
1148 5610 1429 5681 propheta.
1461 5609 1567 5667 Sed
1594 5612 1807 5670 omissis

208 5690 417 5753 interim
439 5698 680 5766 nostris,
702 5699 980 5755 audiamus
999 5701 1175 5771 potius
1196 5701 1323 5772 quid
1345 5702 1656 5773 prophetica
1680 5704 1805 5758 tuba

209 5787 469 5855 persultet
498 5808 513 5843 :
550 5787 709 5854 Quod
747 5792 791 5844 si
823 5791 1041 5859 dixeris,
1097 5792 1362 5862 inquiens,
1391 5793 1446 5847 in
1485 5795 1640 5850 corde
1668 5790 1755 5852 tuo
1785 5813 1802 5851 :

671 5884 934 5944 [‘nnuL.
977 5886 1168 5945 LXIX
1185 5931 1199 5947 .

1904 4612 2157 4665 civitatem
2185 4611 2239 4665 in
2264 4612 2639 4685 iniqttitatibus,
2669 4616 2896 4672 dicentes
2915 4636 2933 4673 :
2962 4616 3152 4675 Nonne
3171 4622 3281 4677 haec
3307 4633 3427 4678 sunt
3457 4642 3491 4678 a

1906 4699 2132 4757 Domino
2164 4704 2550 4775 omnipotente?
2584 4705 2652 4761 Et
2690 4707 2986 4781 defecerunt
3028 4713 3206 4782 populi
3248 4716 3398 4769 multi
3434 4716 3491 4769 in

1904 4794 2043 4865 igne,
2074 4804 2123 4848 et
2162 4804 2336 4867 gentes
2364 4797 2540 4852 multa:
2566 4799 2840 4855 minorata:
2868 4811 2987 4855 sunt
3025 4790 3255 4873 (Ilabac.
3309 4822 3364 4872 ll,
3398 4805 3486 4869 li,

1905 4884 2019 4957 1:3).
2044 4885 2111 4941 Et
2151 4888 2224 4942 ita
2269 4889 2604 4962 prrjhetiam
2648 4894 2903 4961 querulus
2946 4895 3173 4966 incipit:
3221 4897 3491 4971 Usqucqna

1904 4976 2161 5045 clamabo,
2181 4986 2230 5032 et
2259 4995 2361 5033 non
2385 4980 2671 5035 exaudies.’
2697 4986 3020 5056 vociferabor
3044 4988 3114 5040 ad
3155 4987 3241 5042 te?
3270 4987 3340 5041 Ut
3366 4993 3491 5057 quid

1905 5068 2033 5122 mihi
2058 5068 2245 5123 dedisti
2274 5068 2474 5123 labores
2517 5080 2568 5124 et
2603 5073 2809 5127 dolores
2846 5077 3117 5147 inspicere,
3150 5078 3410 5131 miseriam
3439 5089 3491 5131 et

1906 5158 2220 5228 impietatem
2240 5170 2419 5214 contra
2434 5156 2559 5217 me!
2577 5162 2643 5216 Et
2666 5167 2857 5235 factum
2880 5176 2957 5219 est
2968 5166 3240 5237 judicium,
3264 5176 3313 5221 et
3325 5169 3491 5240 juch

1911 5252 2127 5321 accepit.
2160 5249 2384 5323 Propter
2402 5254 2498 5308 hoc
2526 5255 2783 5327 dissipata
2808 5268 2884 5312 est
2915 5260 3020 5322 (ω’,
3037 5268 3101 5312 ἐι
3129 5275 3232 5313 non
3260 5266 3493 5329 perduci,

1913 5351 1997 5396 tur
2019 5342 2090 5396 ad
2116 5343 2272 5413 finem
2292 5344 2550 5415 judicium
2575 5347 2804 5419 (Hahae.
2839 5366 2873 5415 ι,
2906 5349 3047 5421 2-4).
3082 5349 3187 5405 Sed
3208 5359 3264 5407 et
3302 5351 3495 5408 beatus

1908 5432 2046 5489 Osce
2076 5437 2356 5507 propheta,
2378 5439 2636 5495 attendite
2659 5442 2783 5511 quid
2810 5442 3060 5511 loquntur
3077 5443 3144 5499 de
3162 5444 3492 5521 principibus

1910 5524 2093 5583 dicens
2119 5545 2134 5581 :
2169 5526 2276 5585 Pro
2303 5545 2363 5584 eo
2391 5531 2529 5603 quod
2555 5535 2867 5604 transgressi
2896 5543 3015 5592 sunt
3055 5543 3259 5612 paetum
3303 5552 3490 5605 meum,

1909 5628 1959 5671 et
2010 5619 2253 5675 adversus
2299 5621 2461 5694 legem
2501 5639 2667 5677 nteant
2706 5624 2954 5692 tulerunt,
3007 5635 3058 5679 et
3094 5625 3492 5683 exclamabant:

1912 5707 2249 5781 Cognorimus
2298 5722 2364 5776 te,
2406 5716 2526 5784 quia
2570 5716 2841 5769 adversum
2877 5716 2950 5770 sis
2983 5715 3170 5772 Israel.
3204 5717 3400 5774 Bonum
3438 5730 3496 5776 ut

1911 5801 2142 5870 iniquum
2169 5804 2421 5873 persecuti
2462 5815 2598 5861 sunt.
2629 5804 2742 5862 Sibi
2774 5819 3133 5877 regnaverunt,
3176 5820 3227 5873 et
3260 5828 3362 5873 non
3404 5826 3497 5881 per

2988 5902 3059 5963 12
