3970 6474
202 382 305 444 565

1137 382 1342 451 LIBER
1378 380 1766 454 QUERULUS.
1810 381 1986 440 PARS
2023 382 2083 439 Il.
2118 332 2467 444 EPISTUIA.

204 503 484 574 Propterea
504 515 638 557 enim
657 517 763 557 non
786 500 958 561 credet
983 501 1047 557 de
1070 502 1171 556 vita
1196 518 1292 555 sua
1320 518 1339 556 :
1366 518 1478 556 cum
1500 503 1769 571 inﬁrmare
1801 507 1849 565 Α
1880 514 1985 553 non
2014 498 2278 552 morietur.
2310 496 2503 551 Omnia
2525 495 2712 550 delicta
2730 497 2844 567 ejus
2862 510 3170 567 quiscunque
3188 495 3330 566 fecit,
3350 511 3455 551 non

201 595 422 665 ceperit,
451 610 553 647 non
579 602 746 664 speret
771 594 1065 656 sanitatem,
1089 593 1180 647 sed
1202 593 1349 647 cadet
1368 593 1424 647 in
1452 593 1768 664 languorem.

203 683 254 740 ll
262 685 393 737 ultos
420 684 558 736 enim
584 682 717 737 laesit
742 681 982 752 superbia
997 682 1141 752 ejus;
1165 689 1213 735 et
1231 681 1487 735 marcidus
1506 684 1672 752 factus
1699 690 1777 735 est

202 776 330 828 sicut
356 772 524 826 malva
559 773 614 826 in
654 782 783 827 testu
806 808 822 837 ,
869 772 1000 825 relut
1047 773 1190 842 spica
1237 788 1350 825 cum
1380 772 1443 826 de
1468 771 1657 842 stipula
1682 788 1778 826 sua

204 863 388 917 decidit
420 861 542 925 (Job
571 878 715 928 ιχιν,
749 862 957 929 18,20,
988 861 1088 926 ει,
1118 861 1232 933 24).
1263 861 1330 916 Ει
1350 863 1485 917 infra
1512 880 1527 916 :
1560 862 1708 926 Quod
1731 862 1778 917 si

202 953 346 1006 multi
390 954 584 1023 fuerint
611 953 711 1023 filii
739 954 871 1023 ejus,
902 953 954 1017 in
983 953 1291 1007 occisionem
1328 962 1497 1007 erunt.
1548 951 1696 1016 Quod
1732 952 1782 1007 si

201 1046 458 1115 collegerit
495 1054 551 1098 ut
593 1055 783 1099 terram
821 1052 1086 1113 argeuﬁtm
1109 1084 1125 1107 ,
1165 1052 1212 1097 et
1251 1045 1490 1099 similiter
1526 1054 1581 1098 ut
1617 1045 1781 1099 lutum

200 1135 569 1203 praeparauerit
614 1151 797 1188 aurum
818 1172 835 1199 ,
874 1135 983 1189 lucc
1024 1137 1200 1189 omnia
1237 1134 1367 1205 justi
1411 1143 1783 1203 consequentur

205 1223 333 1293 (Job
363 1238 547 1288 χχιιι,
581 1222 796 1296 14-17).
846 1224 983 1290 Quid
1026 1233 1284 1296 praeterea
1330 1225 1519 1279 beatus
1562 1223 1781 1293 Esdras,

202 1315 462 1384 propheta
496 1314 586 1369 ille
610 1313 933 1370 bibliotheca
965 1315 1119 1382 legis,
1150 1315 1382 1369 minatus
1406 1315 1478 1370 sit
1503 1315 1781 1380 attendite,

204 1402 304 1459 hoc
325 1403 490 1459 modo
512 1404 816 1474 disceptans
838 1421 855 1458 ς
879 1402 1009 1459 Hac
1033 1405 1157 1458 dicit
1184 1403 1437 1458 Dominus
1457 1403 1596 1458 Deus
1618 1420 1637 1458 :
1659 1401 1784 1458 Non

203 1500 375 1564 parcet
422 1493 640 1548 dextera
680 1508 796 1546 mea
849 1509 1004 1561 super
1048 1502 1338 1563 peccatores
1358 1533 1377 1559 ,
1426 1509 1519 1547 nec
1566 1490 1787 1547 cessabit

205 1583 515 1653 rhomphcca
560 1599 715 1655 super
757 1581 1103 1652 claudentem
1152 1584 1455 1655 sanguinem
1507 1583 1799 1638 innocuum

205 1692 353 1746 super
389 1684 607 1730 terram.
653 1673 834 1729 Exibit
874 1674 1011 1746 ignis
1059 1673 1123 1728 ab
1152 1676 1233 1728 ira
1261 1691 1375 1728 mea
1396 1715 1410 1740 ,
1442 1682 1493 1728 et
1526 1672 1789 1729 derorabit

207 1766 542 1838 fundamenta
574 1775 753 1832 terrm,
782 1772 832 1820 et
857 1774 1149 1836 peccatores
1179 1766 1328 1835 quasi
1355 1775 1580 1821 stramen
1609 1766 1786 1821 incen-

1875 600 2065 644 erunt:
2085 589 2139 643 in
2171 604 2266 642 sua
2289 587 2496 658 justitia
2522 602 2677 657 quam
2711 588 2847 656 fecit,
2874 587 2978 639 vita
3013 587 3159 639 viret.
3202 583 3452 657 Nunquid

1878 680 2136 735 voluntate
2157 679 2270 734 volo
2292 687 2509 733 mortem
2527 679 2707 749 injusti
2722 717 2737 742 ,
2773 677 2897 730 dicit
2919 677 3171 731 Dominus
3185 717 3200 741 ,
3232 694 3381 745 quam
3400 686 3458 731 ut

1879 780 2078 827 avertat
2109 787 2168 827 se
2200 788 2235 825 a
2266 772 2347 825 via
2376 770 2518 824 mala
2546 778 2597 824 et
2623 770 2793 824 vivat?
2825 784 2939 820 cum
2968 779 3139 821 autem
3166 784 3222 822 sc
3242 786 3457 823 conver-

1880 863 1998 917 terit
2025 863 2196 934 justus
2224 879 2256 915 a
2270 861 2477 932 justitia
2509 876 2627 925 sua,
2649 868 2697 913 et
2726 858 2901 930 fecerit
2923 858 3241 928 iniquitatem
3271 875 3457 913 secun-

1880 952 2003 1007 dum
2023 969 2195 1007 omnes
2216 952 2509 1024 iniquitates
2528 967 2657 1022 quas
2677 950 2796 1021 fecit
2814 950 3039 1020 iniquus,
3054 964 3230 1002 omnes
3242 949 3462 1019 justitia:

1883 1060 2012 1114 quas
2046 1044 2186 1115 fecit,
2220 1057 2324 1096 non
2363 1051 2514 1096 erunt
2544 1042 2600 1095 in
2627 1040 2896 1095 memoria.
2939 1037 3005 1092 In
3031 1038 3218 1092 delicto
3243 1054 3336 1091 suo
3363 1056 3481 1109 quo,

1880 1134 2108 1203 excidit,
2137 1142 2187 1188 et
2222 1135 2279 1188 in
2317 1134 2540 1205 peccatis
2579 1134 2686 1187 suis
2726 1130 2905 1205 quibus
2941 1132 3186 1203 peccavit,
3219 1133 3467 1186 morietur

1885 1219 2099 1293 (Eucti.
2130 1237 2293 1290 xvut,
2322 1220 2529 1291 10-24).
2570 1220 2641 1275 Et
2678 1228 2800 1291 post
2837 1220 3110 1289 aliquanta
3148 1237 3161 1273 :
3193 1218 3263 1274 Et
3298 1222 3466 1275 scient

1882 1328 2058 1367 onmes
2096 1323 2289 1384 gentes,
2319 1313 2442 1384 quia
2479 1320 2689 1383 propter
2726 1319 2935 1382 peccata
2970 1326 3065 1364 sua
3103 1310 3290 1381 captivi
3326 1311 3466 1364 ducti

1882 1415 2004 1460 sunt
2029 1405 2213 1460 domus
2248 1404 2433 1471 Israel,
2457 1420 2517 1459 eo
2541 1404 2677 1475 quod
2715 1403 3025 1474 reliquerunt
3056 1418 3157 1457 me.
3199 1401 3270 1456 Et
3307 1403 3465 1456 averti

1886 1501 2079 1571 faciam
2098 1516 2264 1553 meam
2283 1498 2348 1552 ab
2367 1501 2460 1562 eis,
2475 1507 2525 1554 et
2544 1498 2739 1553 tradidi
2758 1515 2846 1552 eos
2866 1498 2918 1552 in
2940 1514 3123 1552 manus
3145 1497 3467 1565 inimicorum

1884 1589 2020 1660 ejus,
2043 1598 2094 1644 et
2122 1605 2299 1643 omnes
2322 1588 2499 1661 gladio
2527 1587 2839 1642 ceciderunt.
2865 1588 3161 1642 Secundum
3184 1589 3469 1642 immundi-

1890 1682 1990 1735 tias
2011 1697 2134 1735 suas
2156 1688 2203 1734 et
2222 1680 2504 1736 secundum
2521 1680 2819 1751 iniquitates
2837 1695 2960 1733 suas
2981 1681 3078 1751 feci
3098 1679 3225 1744 illis,
3241 1688 3288 1732 et
3311 1680 3468 1733 arerti

1891 1773 2075 1843 faciem
2095 1789 2261 1826 meam
2281 1772 2346 1825 ab
2364 1773 2441 1827 eis
2475 1770 2687 1844 (Ezech.
2718 1786 2901 1837 χχιιι,
2924 1770 3014 1836 25,
3033 1770 3148 1837 ει).

203 1873 333 1910 sum.
374 1856 471 1910 Va:
496 1856 570 1910 eis
597 1857 684 1928 qui
709 1864 965 1927 peccant,
1001 1865 1052 1910 et
1087 1872 1191 1912 non
1233 1856 1503 1913 observant
1538 1857 1788 1913 mandata
1824 1872 1868 1930 Β
1962 1865 2051 1920 Π.
2082 1864 2210 1921 ﬂare
2236 1865 2304 1921 de
2337 1872 2647 1920 sanctorum
2673 1864 3057 1936 prophetarum
3089 1862 3247 1916 minis
3272 1860 3471 1917 dixisse

204 1964 337 2016 mea,
368 1951 501 2005 dicit
530 1950 783 2005 Dominus
811 1966 830 2004 :
860 1966 964 2005 non
991 1965 1203 2020 parcam
1228 1949 1355 2003 illis.
1389 1947 1670 2014 Discedite,
1692 1949 1792 2019 ﬁlii

204 2051 479 2111 apostolis,
500 2050 548 2096 et
571 2043 730 2097 nolite
748 2042 1101 2096 contaminare
1120 2042 1585 2111 sanctiﬁcationem
1604 2059 1791 2096 meam.

207 2129 366 2186 Norit
394 2131 539 2186 Deus
572 2133 657 2203 qui
692 2141 906 2203 peccant
930 2132 987 2186 in
1021 2145 1168 2196 eum;
1209 2141 1483 2202 propterea
1511 2132 1680 2189 tradet
1706 2148 1794 2187 eos

204 2226 258 2279 in
287 2234 511 2293 mortem
538 2234 587 2280 et
610 2226 664 2279 in
692 2227 1019 2281 occisionem.
1058 2223 1180 2279 1am
1207 2225 1344 2278 enim
1374 2233 1615 2277 venerunt
1640 2240 1795 2295 super

209 2316 385 2369 orbem
434 2324 686 2369 terrarum
726 2316 867 2371 mala
907 2316 1071 2371 multa
1119 2313 1236 2387 (IV
1268 2314 1425 2371 Esdr.
1458 2329 1557 2381 xv,
1585 2314 1791 2386 21-27).

212 2405 489 2463 Immissus
515 2418 592 2462 est
618 2408 822 2480 gladius
850 2410 983 2465 velut
1008 2412 1178 2482 ignis;
1211 2418 1262 2465 et
1289 2411 1402 2482 quis
1429 2418 1504 2464 cst
1530 2410 1619 2479 qui
1646 2426 1795 2465 recu-

212 2499 297 2555 tiet
320 2500 475 2556 eum?
527 2497 776 2571 Nunquid
803 2502 1015 2557 recutiet
1043 2501 1229 2572 aliquis
1268 2503 1465 2554 leonem
1490 2500 1797 2555 esurientem

211 2591 266 2644 in
290 2592 463 2646 silva?
496 2607 587 2645 aut
612 2592 844 2665 nunquid
870 2593 1160 2662 exstinguet
1184 2592 1355 2662 ignem
1374 2628 1391 2658 ,
1419 2606 1535 2644 cum
1567 2599 1798 2645 stramen

221 2681 491 2737 incensum
518 2683 711 2753 fuerit?
746 2682 997 2738 Dominus
1039 2681 1173 2737 Deus
1212 2682 1375 2735 mittet
1409 2683 1587 2746 mala;
1614 2688 1663 2734 et
1685 2680 1799 2751 quis

215 2780 293 2825 est
316 2774 406 2843 qui
436 2774 645 2827 recutiet
671 2774 770 2827 ea?
806 2771 876 2826 Et
901 2771 1064 2826 exibit
1092 2772 1228 2842 ignis
1256 2788 1322 2826 es;
1348 2771 1623 2825 iracundia
1649 2771 1799 2841 ejus;

213 2869 265 2912 et
288 2862 403 2931 quis
432 2860 722 2931 exstinguet
748 2859 899 2914 eum?
942 2858 1275 2923 Coruscabit;
1302 2867 1352 2913 et
1377 2858 1493 2929 quis
1518 2873 1625 2912 non
1651 2859 1803 2912 time-

216 2951 329 3006 bit?
357 2953 588 3017 tonabit;
616 2961 664 3007 et
692 2952 804 3022 quis
831 2968 934 3006 non
962 2950 1226 3005 horrebit?
1246 2948 1387 3003 Deus
1415 2957 1599 3002 cuncta
1626 2949 1800 3002 mina-

216 3043 384 3108 bitur;
414 3044 596 3115 etquis
622 3059 725 3097 non
748 3041 1059 3096 terrebitur.’
1084 3041 1128 3094 Α
1152 3042 1286 3111 facie
1304 3039 1416 3111 ejus
1442 3049 1618 3095 tremet
1641 3049 1799 3103 terra,

214 3144 265 3188 et
281 3135 619 3206 fundamenta
640 3134 821 3188 matris
834 3133 1214 3203 fluctuanturin
1233 3131 1493 3204 profundo
1516 3129 1571 3205 (1
1583 3130 1624 3186 γ
1639 3129 1800 3185 Esdr.

217 3242 332 3292 xvr,
362 3225 533 3298 5-42).

289 3318 382 3372 l6.
398 3315 646 3372 Ezechiel
667 3329 883 3386 quoque
902 3315 1162 3386 propheta
1183 3315 1445 3384 egregius,
1460 3321 1801 3384 quatuorque

220 3407 654 3478 evangelicorum
688 3405 999 3460 animalium
1037 3404 1309 3460 mirandus
1346 3405 1641 3476 inspector,
1672 3403 1801 3473 quid

220 3498 289 3555 de
306 3498 585 3554 sceleratis
602 3497 850 3562 edixerit,
873 3494 1162 3561 attendite;
1183 3496 1268 3551 cui
1289 3495 1520 3567 primum
1548 3495 1803 3550 Dominus

225 3586 603 3643 miserabiliter
644 3585 855 3657 plagam
904 3583 1065 3643 Israel
1110 3584 1328 3641 deﬂenti
1374 3585 1451 3639 ait
1491 3602 1504 3638 :
1546 3584 1805 3657 Iniquitas

226 3679 403 3734 domus
433 3677 603 3733 Israel
627 3686 676 3738 et
702 3676 844 3732 Iuda
869 3677 1084 3731 invaluit
1110 3678 1265 3731 nimis
1290 3718 1307 3745 ,
1344 3678 1464 3747 quia
1488 3678 1700 3747 impleta
1730 3686 1807 3731 est

227 3781 359 3827 terra
384 3771 657 3843 iniquitate
680 3778 729 3824 et
751 3770 1079 3825 immunditia
1107 3768 1319 3842 (Ezech.
1346 3784 1422 3835 Ix,
1446 3767 1522 3841 9).
1552 3768 1687 3822 Ecce
1711 3784 1805 3839 ego

226 3880 337 3917 sum
383 3879 402 3917 :
451 3879 555 3916 non
610 3871 787 3932 parcet
835 3860 1011 3916 oculus
1065 3876 1205 3915 meus
1237 3897 1254 3924 ,
1310 3876 1473 3931 neque
1530 3860 1807 3915 miserebor

229 3951 439 4020 (Ezech.
468 3969 520 4019 ν,
543 3952 597 4017 8,
623 3952 732 4022 Η).
775 3950 845 4006 Et
870 3951 1006 4007 infra
1038 3969 1051 4005 :
1083 3948 1343 4015 Quoniam
1369 3960 1508 4005 terra
1534 3954 1687 4023 plena
1714 3969 1808 4023 po-

227 4045 379 4113 pulis,
406 4054 460 4099 et
488 4045 668 4098 civitas
695 4044 850 4114 plena
877 4043 1149 4115 iniquitate
1174 4053 1250 4097 est
1272 4057 1293 4099 :
1315 4053 1365 4098 et
1385 4053 1614 4098 avertam
1640 4044 1805 4114 impe-

230 4143 328 4187 tum
355 4134 563 4187 uirtutis
586 4150 790 4203 eorum,
818 4142 868 4187 et
893 4132 1183 4204 polluentur
1209 4142 1391 4187 sancta
1420 4150 1615 4188 eorum.
1655 4133 1804 4190 Exo-

180 4230 183 4233 ‘
228 4224 357 4277 ratio
384 4224 582 4289 veniet,
608 4232 657 4277 et
684 4235 875 4294 quaeret
897 4239 1104 4293 pacem,
1132 4232 1181 4276 et
1209 4239 1311 4277 non
1336 4225 1434 4277 erit
1470 4222 1681 4294 (Ezech.
1711 4241 1807 4295 γι,

229 4310 428 4384 25-25).
471 4311 540 4367 Et
566 4321 691 4384 post
726 4313 997 4384 aliquanta
1028 4332 1041 4367 :
1071 4313 1268 4369 Factus
1298 4324 1394 4379 est,
1423 4315 1611 4385 inquit,
1641 4334 1807 4371 sermo

230 4397 437 4456 Domini
468 4401 538 4455 ad
564 4418 672 4467 me,
703 4402 879 4457 dicens
905 4418 923 4457 :
954 4399 1064 4456 Fili
1091 4402 1343 4469 hominis,
1378 4414 1516 4459 terra
1544 4422 1658 4478 qua:
1686 4423 1809 4478 pec-

232 4503 408 4555 caverit
438 4499 566 4554 mihi
593 4507 648 4554 ut
688 4500 957 4572 delinquat
984 4499 1225 4560 delictum
1246 4539 1262 4565 ,
1293 4500 1570 4555 extendam
1598 4518 1809 4556 manum

1891 1957 2120 2013 sufﬁciat
2148 1975 2162 2011 :
2186 1960 2582 2027 paneatnntum
2612 1955 2680 2011 de
2706 1955 2979 2026 Sapientia
3005 1954 3328 2018 Salomonis,
3353 1968 3487 2023 quie-

1893 2048 2320 2103 adhortationem
2360 2047 2448 2101 vel
2485 2045 2947 2101 denuntiationem
2989 2045 3294 2114 exprimant
3328 2043 3472 2110 regi-

1893 2140 2015 2207 bus,
2043 2155 2152 2194 non
2178 2139 2354 2193 minus
2380 2152 2541 2207 quam
2570 2138 2764 2203 minas,
2790 2137 2916 2191 huic
2944 2137 3204 2207 opusculo
3222 2136 3473 2190 inserere

1895 2230 2258 2285 necessarium
2285 2229 2412 2285 duxi
2432 2266 2448 2294 ,
2480 2242 2549 2283 ne
2573 2227 2756 2283 dicant
2791 2242 2878 2282 me
2918 2227 3100 2296 gravia
3128 2234 3184 2281 et
3213 2226 3471 2296 importa-

1896 2319 2029 2375 hilia‘
2071 2320 2126 2374 in
2172 2320 2427 2374 humeros
2471 2318 2753 2373 hominum
2799 2317 3085 2372 verborum
3127 2330 3292 2391 opera
3338 2314 3493 2370 velle'

1896 2411 2175 2481 imponere
2201 2448 2216 2475 ,
2247 2409 2414 2480 digito
2439 2416 2619 2464 autem
2647 2424 2768 2464 meo
2795 2423 2857 2463 ea
2882 2447 2898 2475 ,
2926 2407 2978 2463 id
3003 2417 3086 2463 est
3110 2408 3479 2464 consolatorie

1896 2502 2080 2569 aifatu,
2108 2502 2253 2557 nolle
2281 2514 2503 2557 movere
2531 2499 2742 2569 (Matth.
2774 2515 2926 2567 χχιιι,
2956 2497 3032 2566 4).
3066 2498 3355 2554 Audiamus
3376 2500 3478 2554 ita-

1896 2609 2003 2667 que
2045 2593 2174 2663 quid
2199 2595 2462 2663 propheta
2490 2591 2625 2647 dixit
2654 2609 2668 2645 :
2702 2591 2943 2663 Diligite,
2975 2591 3178 2660 inquit,
3212 2592 3476 2663 justitiam

1897 2683 1984 2755 qui
2006 2681 2257 2754 judicatis
2287 2691 2479 2735 terram
2520 2679 2674 2752 (Sap.
2697 2696 2735 2747 ι,
2762 2679 2838 2751 1).
2888 2679 3003 2735 lloc
3040 2695 3202 2735 unum
3231 2680 3476 2737 testimo-

1900 2778 2066 2842 nium,
2097 2776 2143 2831 si
2173 2784 2288 2831 toto
2324 2774 2488 2830 corde
2514 2783 2838 2841 servaretur,
2866 2773 3077 2831 abunde
3106 2774 3175 2831 ad
3199 2776 3475 2848 corrigen-

1899 2867 1999 2923 dos
2024 2865 2211 2936 patria:
2237 2866 2401 2921 duces
2426 2864 2716 2922 sufﬁceret.
2743 2866 2877 2922 Nam
2907 2867 2953 2923 si
2985 2867 3297 2924 dilexissem
3318 2868 3488 2939 justi:
3587 2924 3599 2933 ,

1902 2960 2031 3014 tiam
2061 3000 2078 3025 ,
2139 2957 2427 3028 diligerent
2486 2958 2671 3027 utique
2724 2957 2929 3013 fontem
2980 2958 3375 3028 quodammodo
3427 2970 3483 3015 et

1901 3051 2162 3121 originem
2191 3052 2356 3106 totius
2388 3049 2608 3121 iustitia:
2631 3089 2647 3114 ,
2679 3048 2866 3105 Deum.
2918 3050 3118 3107 Servite
3168 3050 3389 3106 Domino
3424 3055 3479 3106 in

1904 3142 2150 3209 bonitate,
2179 3152 2229 3198 et
2252 3143 2306 3197 in
2334 3138 2664 3213 simplicitate
2694 3141 2866 3196 cordis
2889 3142 3101 3212 qua'rite
3129 3157 3244 3195 eum
3268 3140 3479 3211 (Ibid).

1829 3239 1874 3303 C
1905 3232 2057 3291 Heu!
2111 3234 2231 3304 quis
2276 3234 2512 3291 victurus
2555 3241 2657 3299 est,
2704 3241 2766 3288 ut
2803 3232 3020 3302 quidam
3068 3241 3194 3288 ante
3237 3248 3337 3289 nos
3383 3234 3479 3298 ait,

1905 3323 2123 3395 quando
2148 3324 2251 3380 ista
2279 3339 2311 3379 a
2338 3323 2545 3380 civibus
2570 3322 2940 3393 perﬁciantur,
2971 3323 3016 3379 si
3047 3329 3225 3379 tamen
3255 3337 3480 3392 nsquam

1904 3414 2090 3487 perlici
2130 3415 2395 3485 possunt?
2451 3410 2707 3478 Quoniam
2744 3413 3003 3467 invenitur
3045 3412 3214 3467 abhis
3246 3413 3337 3485 qui
3377 3428 3482 3468 non

1908 3515 2107 3562 tentant
2132 3506 2280 3561 illum
2310 3522 2329 3561 :
2356 3515 2570 3576 apparet
2596 3516 2766 3559 autem
2806 3506 2878 3558 e's
2918 3505 3005 3575 qui
3034 3504 3192 3575 ﬁdem
3217 3502 3404 3558 habent
3428 3504 3483 3557 in

1904 3613 2021 3651 eum
2049 3595 2235 3670 (Ibid.,
2255 3594 2333 3666 2).
2364 3595 2498 3650 Nam
2528 3594 2616 3650 isti
2645 3594 2761 3649 sine
2788 3602 3037 3664 respectu
3053 3600 3267 3648 tentant
3291 3592 3480 3657 Detnn,

1907 3686 2063 3756 cujus
2092 3692 2358 3756 praecepta
2399 3682 2704 3740 contumaci
2731 3682 3077 3752 despectione
3105 3690 3489 3749 contemnunt,

1910 3792 2011 3833 nec
2041 3774 2198 3832 iidem
2227 3780 2444 3832 servant
2468 3773 2569 3841 illi,
2599 3772 2752 3841 cujus
2777 3771 3009 3827 oraculis
3030 3771 3243 3835 blandis
3266 3771 3351 3827 vel
3379 3771 3489 3847 alit.

1907 3866 2223 3936 quantulum
2266 3864 2470 3921 severis
2514 3864 2730 3929 dorsum
2777 3870 2995 3930 versant
3018 3870 3078 3933 _et
3105 3878 3215 3918 non
3269 3861 3492 3937 laciem,

1908 3956 2171 4012 Perversae
2193 3956 2329 4010 enim
2349 3955 2685 4027 cogitationes
2717 3961 2964 4025 separant
2996 3968 3030 4006 a
3061 3952 3171 4007 Deo
3194 3950 3381 4023 (Ibid.,
3400 3950 3487 4021 '5).

1908 4045 1978 4117 Et
2001 4046 2105 4103 hoc
2133 4046 2188 4100 in
2218 4045 2458 4117 tyrannis
2484 4044 2656 4107 nostri
2687 4043 2945 4114 temporis
2975 4042 3261 4112 perspicue
3278 4041 3491 4111 ,depre-,
3560 4102 3568 4111 ,

1908 4135 2179 4192 benditur.
2194 4134 2301 4191 Sed
2317 4134 2445 4204 quid
2461 4144 2643 4190 nostra
2662 4132 3003 4188 mediocritas
3021 4131 3147 4186 huic
3166 4138 3275 4185 tam
3295 4139 3491 4201 aperto,

1908 4228 2090 4285 sensui
2137 4227 2430 4283 miscetur?
2479 4225 2756 4296 Loquatur
2797 4236 3029 4291 namque
3080 4237 3178 4293 pro
3218 4220 3392 4291 nobis,
3425 4230 3491 4289 ut,

1908 4319 2141 4374 diximus
2163 4357 2179 4385 ,
2222 4318 2313 4388 qui
2341 4317 2486 4371 solus
2510 4331 2687 4385 verax
2718 4322 2802 4369 est
2826 4355 2842 4383 ,
2870 4312 3102 4383 Spiritus
3126 4312 3338 4381 scilicet
3361 4326 3491 4377 san-.

1911 4417 2032 4464 etus
2054 4445 2070 4473 ,
2117 4408 2186 4463 de
2219 4422 2329 4476 quo
2367 4421 2513 4469 nunc
2556 4404 2753 4459 dicitur
2785 4422 2798 4456 :
2831 4404 3060 4474 Spiritus
3083 4412 3255 4469 autem
3274 4413 3495 4461 sanctus.

1909 4498 2201 4568 disciplina
2225 4496 2435 4568 effugiet
2460 4492 2856 4565 ﬁctum,(lbid.,
2881 4490 2958 4564 5).
2988 4491 3057 4546 Et
3084 4491 3276 4547 iterum
3301 4509 3316 4545 :
3342 4488 3486 4557 Quo-

232 4592 283 4646 in
305 4610 441 4661 eam,
474 4600 522 4646 et
551 4600 813 4648 conteram
836 4592 948 4663 ejus
976 4592 1362 4662 ﬁrmamentum
1384 4594 1556 4661 panis,
1585 4600 1633 4646 et
1660 4594 1811 4646 emit-
1842 4624 1887 4683 υ
1912 4590 2050 4643 niam
2078 4587 2304 4683 Spiritus
2336 4586 2428 4653 Dei
2452 4582 2857 4683 replevitorbem
2886 4592 3144 4649 terrarum
3188 4582 3376 4683 (ibid...
3407 4582 3485 4683 ἶ).

235 4689 333 4737 tam
353 4684 405 4738 in
425 4700 543 4738 eam
562 4684 771 4756 famem,
793 4689 842 4736 et
863 4682 1043 4736 tollam
1060 4681 1125 4735 de
1156 4698 1219 4735 ea
1256 4682 1512 4737 hominem
1531 4690 1581 4735 et
1599 4698 1805 4753 pecora.

236 4771 300 4826 Et
324 4776 366 4829 si
394 4776 502 4830 sint
527 4783 632 4829 tres
658 4774 752 4828 viri
779 4774 866 4828 isti
893 4774 949 4828 in
984 4772 1151 4826 medio
1178 4774 1320 4843 ejus,
1351 4769 1499 4838 Noe,
1539 4771 1732 4841 Daniel
1757 4781 1808 4828 et

239 4862 351 4931 Job,
380 4882 489 4919 non
518 4862 804 4919 liberabant
824 4879 939 4918 eam
966 4880 985 4917 :
1014 4862 1105 4918 sed
1131 4865 1231 4935 ipsi
1250 4864 1305 4919 in
1333 4881 1427 4919 sua
1448 4863 1654 4936 justitia
1679 4865 1809 4919 salvi

237 4966 397 5027 erunt,
428 4957 555 5011 dicit
582 4954 856 5011 Dominus.
884 4953 1035 5020 Quod
1063 4957 1108 5011 si
1137 4957 1291 5011 etiam
1316 4955 1504 5011 bestias
1530 4956 1698 5010 malas
1723 4958 1807 5010 in-

237 5047 414 5103 ducam
440 5065 593 5120 super
621 5058 812 5103 terram
838 5057 886 5103 et
912 5050 1124 5118 puniam
1152 5050 1321 5115 illam,
1352 5059 1401 5102 et
1427 5052 1523 5104 erit
1551 5051 1607 5103 in
1634 5058 1808 5103 exter-

238 5142 483 5209 minium;
511 5150 561 5196 et
588 5158 693 5197 non
724 5142 822 5195 erit
847 5143 933 5212 qui
963 5144 1060 5196 iter
1100 5144 1262 5214 faciat
1288 5159 1321 5195 a
1346 5143 1478 5214 facie
1505 5141 1807 5196 bestiarum.

242 5227 305 5284 Et
331 5241 429 5288 tres
456 5234 553 5289 viri
577 5233 663 5293 isti
690 5233 745 5289 in
769 5236 936 5289 medio
963 5234 1096 5305 ejus,
1124 5235 1233 5290 vivo
1259 5250 1354 5305 ego
1382 5234 1508 5288 dicit
1534 5233 1809 5297 Dominus,

240 5320 281 5374 si
313 5323 408 5391 ﬁlii
453 5332 503 5378 et
537 5323 667 5394 ﬁlia:
707 5326 818 5396 ejus
868 5323 1241 5379 miserebantur
1268 5341 1287 5380 :
1317 5325 1409 5380 sed
1432 5324 1534 5395 ipsi
1557 5324 1653 5379 soli
1681 5323 1811 5380 salvi

240 5422 399 5479 erunt,
424 5422 562 5469 terra
584 5422 754 5468 autem
770 5414 870 5467 erit
890 5414 943 5467 in
963 5412 1225 5468 interitum
1246 5412 1460 5483 (Ezech.
1478 5427 1585 5477 xlv,
1604 5411 1805 5480 1246).

241 5496 305 5553 Et
331 5501 522 5558 iterum
554 5521 567 5557 :
598 5502 647 5557 Ρ
649 5503 769 5558 ilius
792 5518 895 5556 non
925 5501 1142 5573 accipiet
1169 5501 1476 5572 injustitiam
1500 5502 1682 5572 patris,
1713 5518 1809 5556 ne-

242 5605 332 5657 que
357 5603 504 5663 pater
529 5593 747 5665 accipiet
770 5593 1086 5664 injustitiam
1110 5593 1232 5663 ﬁlii.
1268 5592 1481 5646 Justitia
1503 5592 1634 5663 justi
1659 5609 1811 5663 super

243 5678 401 5747 ipsum
421 5686 540 5740 erit.
568 5683 639 5739 Et
658 5686 859 5758 iniquus
886 5686 930 5739 si
952 5694 1153 5743 arertat
1181 5702 1237 5740 se
1265 5683 1329 5738 ab
1356 5685 1591 5739 omnibus
1620 5687 1813 5755 iniqui-

246 5773 425 5830 tatibus
450 5794 579 5849 quas
609 5779 749 5848 fecit,
776 5786 826 5832 et
847 5779 1103 5833 custodiat
1128 5779 1304 5834 omnia
1331 5778 1577 5832 mandata
1604 5794 1751 5842 mea,
1764 5787 1812 5831 et

250 5860 399 5931 faciat
412 5866 668 5938 justitiam
698 5876 747 5922 et
771 5869 1177 5923 misericordiam
1215 5869 1449 5933 multum,
1480 5868 1581 5922 vita
1609 5869 1735 5922 vivet
1761 5877 1811 5920 et

1913 4678 1981 4733 Et
2006 4677 2141 4734 infra
2164 4714 2180 4743 ,
2222 4675 2381 4732 linem
2408 4675 2669 4742 malorum
2706 4676 3078 4744 bonorumque
3103 4674 3319 4731 oculata
3342 4673 3487 4743 judi-

1913 4767 2000 4823 cio
2029 4766 2367 4839 praetendens
2389 4804 2406 4833 ,
2434 4766 2512 4820 ait
2538 4782 2552 4819 :
2585 4762 2852 4831 Quomodo
2878 4780 2996 4835 spes
3050 4765 3197 4835 impii
3242 4772 3490 4835 tanquam

1913 4863 2106 4936 lanugo
2133 4872 2208 4918 est
2235 4879 2348 4935 qua:
2373 4879 2405 4916 a
2433 4870 2581 4917 vento
2606 4860 2821 4923 tollitur,
2852 4869 2903 4914 et
2928 4868 3174 4932 tanquam
3205 4860 3375 4930 [unius
3400 4858 3492 4927 qui

1914 4976 1948 5015 a
1968 4967 2115 5013 vento
2143 4957 2360 5027 diﬂ‘usus
2394 4964 2492 5023 est,
2516 4964 2571 5021 et
2598 4962 2847 5025 tanquam
2875 4968 3058 5022 spuma
3084 4951 3295 5022 gracilis
3316 4964 3429 5018 qum
3457 4965 3491 5001 a

1915 5050 2141 5121 procella
2190 5047 2504 5118 dispergitur
2525 5083 2543 5114 ,
2592 5053 2641 5100 et
2689 5055 2933 5114 tanquam
2977 5041 3226 5096 memoria
3274 5039 3489 5109 hospitis

1911 5144 2063 5197 unius
2091 5141 2195 5196 diei
2226 5138 2598 5212 prwtereusstis.
2646 5135 2785 5192 Justi
2808 5144 2978 5188 autem
3005 5134 3061 5187 in
3089 5140 3385 5202 perpetuum
3412 5129 3489 5182 vi-

1912 5240 2027 5288 vent
2053 5248 2071 5286 :
2100 5239 2150 5286 et
2173 5229 2311 5300 apud
2338 5227 2504 5285 Deum
2531 5235 2607 5281 est
2635 5241 2829 5283 merces
2872 5224 3079 5278 illorum
3100 5261 3115 5285 ,
3134 5276 3139 5279 ,
3159 5229 3210 5283 et
3246 5219 3489 5290 cogitatio

1910 5338 2087 5377 eorum
2110 5320 2249 5391 apud
2275 5318 2617 5374 Altissimum.
2663 5315 2791 5371 Ideo
2820 5313 3070 5383 accipient
3098 5326 3311 5381 regnum
3337 5308 3492 5378 deco-

1911 5416 1987 5468 ris
2009 5455 2025 5482 ,
2068 5422 2120 5467 et
2155 5412 2396 5466 diadema
2434 5410 2619 5481 speciei
2658 5408 2722 5461 de
2759 5421 2915 5461 manu
2959 5403 3187 5458 Domini.
3235 5398 3495 5466 Quoniam

1916 5503 2128 5558 dextera
2155 5517 2251 5555 sua
2278 5507 2505 5571 proteget
2532 5514 2638 5561 eos,
2677 5505 2728 5551 et
2756 5493 2965 5549 brachio
2992 5499 3172 5549 sancto
3194 5508 3288 5546 suo
3317 5490 3494 5561 defeno

1917 5594 2003 5647 det
2029 5592 2145 5647 illos
2174 5592 2331 5664 (Sap.
2358 5607 2409 5655 ν,
2436 5587 2662 5655 15,17).
2712 5583 3004 5640 Dissimiles
3048 5581 3193 5636 enim
3236 5579 3494 5650 qualitate

1916 5690 2042 5741 sunt
2065 5682 2220 5747 valde
2251 5680 2382 5749 justi
2427 5686 2484 5734 et
2527 5676 2673 5746 impii
2706 5693 2719 5729 :
2756 5672 3043 5739 nimirum,
3069 5680 3129 5726 ut
3157 5669 3293 5726 dixit
3321 5667 3495 5725 Domi?

1919 5790 2019 5831 nus
2053 5792 2065 5828 :
2104 5774 2210 5829 Eos
2240 5775 2327 5841 qui
2357 5774 2644 5832 honorant,
2684 5764 2963 5836 inquiens,
2992 5781 3093 5829 me,
3120 5761 3417 5825 honorabo;
3446 5767 3497 5811 et

1918 5866 2004 5935 qui
2033 5882 2113 5925 me
2137 5872 2409 5935 spernunt,
2454 5868 2603 5914 erunt
2643 5854 2894 5928 ignobiles
2923 5852 2977 5919 (1
3003 5853 3129 5927 Reg.
3158 5871 3213 5919 ιι,
3236 5852 3348 5922 30).
3390 5848 3496 5905 Sed
