3970 6458
453 342 561 397 367

1337 280 1953 400 ειωιεέΑιιιΕΝτιδ
1990 341 2078 396 DE
2118 338 2390 397 EXCIDIO
2425 330 2817 398 ιιηιτΑΝΙκε

3607 329 3731 385 568

462 464 795 510 transeamus
822 452 889 507 ad
916 459 1132 507 cetera.
1161 452 1367 520 Audite,
1396 453 1587 522 inquit,
1613 468 1791 508 omnes
1817 468 1959 522 reges
1988 461 2036 504 et
2068 458 2113 514 Λ
2140 468 2247 507 non
2269 451 2524 505 habemus
2544 450 2597 502 in
2628 448 2781 502 nobis
2804 444 2930 500 illud
2958 443 3330 516 apostolicum,
3353 452 3413 498 ut
3430 442 3682 496 dicamus
3708 458 3727 494 :

455 546 762 615 intelligite;
791 544 975 597 discite
996 542 1199 612 judices
1219 542 1403 611 ﬁnium
1432 552 1583 596 terra;
1606 558 1623 596 :
1648 544 1868 613 prcebete
1887 557 2039 594 aures

458 652 547 690 nos
584 636 671 706 qui
717 635 991 688 continetis
1029 633 1403 686 multitudinem
1429 674 1444 700 ,
1472 641 1524 686 et
1550 635 1764 703 placetis
1806 633 1946 687 vobis
1982 632 2037 684 in

456 728 619 782 turbis
644 728 934 781 nationum.
968 722 1224 788 Quoniam
1251 724 1377 778 data
1403 732 1479 777 est
1504 741 1535 777 a
1565 723 1675 778 Deo
1702 733 1927 794 potestas
1954 739 2040 779 vo-

456 820 536 875 bis
554 827 603 873 et
628 818 791 873 virtus
814 815 878 868 ab
900 816 1184 878 Altissimo,
1206 815 1291 885 qui
1309 814 1644 884 interrogabit
1672 830 1831 883 opera
1850 823 2037 877 vestra,

453 918 505 964 et
516 908 855 979 cogitationes
867 904 1199 958 scrutabitur.
1215 900 1470 966 Quoniam
1485 918 1599 954 cum
1619 904 1797 955 essetis
1817 901 2042 954 ministri

460 1000 608 1071 regni
636 998 804 1060 illius,
836 1012 937 1048 non
968 1003 1103 1048 recte
1119 992 1397 1063 judicastis
1418 1033 1433 1057 ,
1466 1008 1626 1063 neque
1652 990 1949 1045 custodistis
1975 991 2043 1041 le-

462 1105 578 1160 gent
596 1088 820 1158 justiliw
838 1125 852 1148 ,
884 1100 1044 1155 neque
1072 1082 1351 1136 secundum
1378 1083 1689 1134 uoluntatem
1722 1082 1835 1150 ejus
1864 1077 2043 1131 ambu-

459 1180 630 1233 lastis.
666 1174 941 1230 Horrende
964 1182 1013 1227 et
1042 1174 1274 1227 celeriter
1302 1171 1567 1241 apparebit
1597 1172 1767 1233 vobis;
1796 1170 2042 1239 quoniam

456 1270 710 1340 judicium
766 1266 1099 1320 durissimum
1141 1264 1223 1318 his
1262 1265 1347 1334 qui
1408 1273 1636 1333 pra’sunt
1677 1263 1785 1331 ﬁet.
1840 1260 2044 1330 Exiguo

459 1361 596 1414 enim
614 1357 911 1413 conceditur
932 1355 1288 1409 misericordia
1312 1371 1327 1407 :
1355 1363 1583 1421 potentes
1613 1364 1781 1406 autem
1811 1362 2045 1421 potenter

464 1458 714 1506 tomento
742 1449 1021 1518 patientur.
1066 1444 1192 1501 Non
1226 1447 1361 1500 enim
1390 1461 1639 1515 personas
1668 1443 1930 1498 subtrahet
1958 1443 2044 1512 qui

462 1551 538 1597 est
565 1540 792 1594 omnium
814 1537 1141 1601 dominator;
1170 1552 1261 1589 nec
1292 1536 1599 1590 reserabitur
1640 1533 2045 1604 magnitudinem

470 1632 790 1701 cujusquam,
814 1629 1056 1701 quoniam
1078 1627 1318 1697 pusillum
1347 1634 1395 1681 et
1419 1642 1665 1694 magnum
1693 1626 1802 1695 ipse
1829 1625 1967 1694 fecit,
1997 1632 2048 1677 et

464 1723 731 1792 wquah'ter
754 1737 881 1777 cura
905 1729 980 1774 est
1008 1721 1083 1775 illi
1112 1736 1205 1790 pro
1234 1718 1491 1774 omnibus.
1520 1716 1847 1772 Fortioribus
1875 1726 2046 1769 autem

2140 543 2395 613 Optabam
2424 544 2558 595 enim
2599 541 2877 593 anathema
2912 554 3024 591 esse
3049 554 3082 589 a
3112 535 3317 590 Christo
3342 551 3440 606 pro
3469 533 3733 605 fratribus

2138 636 2263 689 meis
2311 629 2716 703 (ltom.tx,‘5);
2770 638 2948 683 tamen
2998 627 3128 681 illud
3180 626 3555 696 propheticum
3602 632 3733 679 toto

2139 726 2302 781 corde
2330 724 2596 794 possimus
2623 722 2805 776 dicere
2837 738 2850 773 :
2883 719 3032 773 Heu!
3075 720 3194 790 quia
3235 720 3412 771 anima
3450 718 3606 787 perit.
3652 716 3733 769 Et

2142 818 2334 871 iterum
2368 833 2381 868 ε
2414 815 2715 869 Scrutemur
2741 814 2851 866 uias
2877 821 3113 875 nostras,
3144 819 3193 866 et
3218 827 3538 883 quan-amas,
3566 819 3613 863 et
3638 827 3732 863 re—

2140 919 2397 964 uertamur
2416 908 2486 960 ad
2510 907 2779 961 Dominum
2804 904 3018 977 (Thren.
3039 921 3115 968 Ill,
3140 903 3228 967 40,
3254 902 3367 973 41).
3392 902 3500 957 Sed
3521 912 3575 957 et
3595 902 3731 956 illud

2143 1000 2384 1070 Apostoli
2405 1018 2418 1050 :
2443 999 2686 1068 Cupimus
2704 1004 3112 1067 unamquamque
3130 1005 3349 1049 uestrum
3373 996 3425 1048 in
3447 994 3733 1048 visceribus

2143 1089 2336 1143 Christi
2360 1104 2472 1141 esse
2518 1087 2738 1159 (Philip.
2767 1102 2802 1147 ι,
2830 1086 2908 1158 8).
2957 1085 3088 1140 Cum
3118 1087 3259 1140 enim
3292 1085 3522 1139 libenter
3543 1084 3645 1138 hoc
3672 1084 3731 1137 in

2144 1178 2264 1234 loco
2288 1216 2304 1240 ,
2349 1193 2414 1232 ac
2460 1179 2505 1231 si
2535 1176 2756 1232 marinis
2784 1177 3030 1232 ﬂuctibus
3070 1176 3303 1245 jactatus
3329 1218 3345 1243 ,
3375 1185 3430 1230 ct
3458 1177 3511 1230 in
3540 1186 3734 1246 optato

2144 1277 2365 1324 evertus
2393 1275 2550 1337 portu
2578 1267 2743 1322 remis
2792 1268 2859 1339 (si
2890 1282 2997 1321 non
3027 1275 3205 1321 tantos
3235 1267 3478 1336 talesque
3506 1266 3735 1320 malitia:

2145 1359 2520 1429 episc0porum
2548 1356 2634 1410 vel
2662 1364 2977 1411 ceterorum
3004 1356 3365 1419 sacerdotum,
3390 1365 3483 1409 aut
3508 1356 3737 1410 clerico-

2145 1463 2264 1502 rum
2295 1447 2349 1501 in
2379 1454 2565 1501 nostro
2592 1460 2809 1516 quoque
2854 1446 3045 1501 ordine
3089 1446 3223 1515 erigi
3271 1446 3530 1501 adversus
3557 1446 3732 1500 Deum

2147 1538 2398 1593 vidissem
2419 1544 2650 1603 montes,
2668 1551 2805 1605 quos
2825 1550 2913 1593 me
2932 1537 3226 1592 secundum
3248 1537 3421 1606 legem
3442 1552 3541 1592 ceu
3564 1543 3735 1591 testes

2148 1630 2381 1700 primum
2407 1628 2554 1683 duris
2580 1628 2865 1683 verborum
2896 1628 3143 1683 cantibus
3165 1669 3181 1696 ,
3222 1628 3344 1683 dein
3374 1629 3657 1699 populum,
3683 1632 3735 1685 si

2150 1730 2329 1775 tamen
2343 1718 2711 1774 sanctionibus
2732 1719 2973 1787 inbaaret,
2990 1736 3098 1775 non
3120 1728 3178 1775 ut
3193 1720 3548 1791 corporaliter
3571 1723 3737 1775 ints-sa

463 1811 821 1883 [ortioriustat
848 1810 1113 1865 cruciatio.
1140 1810 1219 1863 Ad
1238 1826 1325 1864 eos
1349 1826 1489 1880 ergo,
1520 1824 1686 1879 reges,
1705 1807 1755 1860 hi
1786 1815 1905 1861 sunt
1926 1822 2038 1859 ser-
2070 1820 2120 1880 Β
2146 1812 2413 1875 ticiantur,
2430 1808 2526 1864 sed
2550 1808 2749 1863 mortui
2771 1809 2913 1864 vitiis
2935 1809 3118 1863 vivant
3132 1808 3261 1875 Deo,
3280 1824 3349 1865 ne
3376 1824 3733 1880 personarum

464 1920 640 1958 mones
670 1903 770 1959 mei
792 1943 809 1968 ,
838 1911 893 1955 ut
922 1902 1136 1955 discatis
1171 1902 1479 1970 sapientiam
1504 1940 1518 1965 ,
1551 1909 1600 1954 et
1641 1916 1742 1954 non
1772 1898 2043 1952 decidatis.

464 1994 565 2057 Qui
592 1994 728 2047 enim
751 1990 1091 2046 custodierint
1104 1990 1270 2059 justa,
1286 1990 1747 2059 justiﬁcabuntur;
1782 1998 1830 2042 et
1858 1988 1944 2059 qui
1972 1988 2051 2043 di-

468 2085 688 2139 dicerint
717 2093 922 2150 saucta,
950 2081 1410 2150 sanctiﬁcabuntur
1448 2082 1601 2151 (Sap.
1635 2096 1714 2146 γι,
1745 2080 1914 2149 2-H).

540 2174 629 2229 t8.
675 2173 945 2228 Hactenus
972 2188 1096 2226 cum
1134 2172 1349 2241 regibus
1381 2174 1564 2242 patria:
1593 2187 1700 2227 non
1728 2173 1906 2227 minus
1932 2186 2055 2241 pro-

468 2268 754 2336 phetarum
782 2265 1014 2320 oraculis
1040 2280 1204 2336 quam
1253 2265 1448 2320 nostris
1494 2264 1834 2321 sermonibus
1883 2265 2054 2320 disce-

450 2354 766 2425 ‘ptavimus,
796 2353 1035 2409 volentes
1059 2368 1157 2409 eos
1184 2352 1323 2408 scire
1357 2368 1476 2422 qua:
1503 2353 1765 2424 propheta
1792 2352 2003 2406 dixerat
2035 2369 2049 2406 :

470 2446 653 2511 Quasi,
677 2444 942 2514 inquiens,
965 2462 997 2498 a
1023 2446 1157 2517 facie
1175 2444 1369 2499 colubri
1391 2446 1512 2516 fuge
1530 2452 1761 2515 peccata.
1788 2443 1850 2500 Si
1875 2458 2051 2498 acces-

468 2540 597 2594 seris
624 2539 694 2593 ad
722 2539 846 2603 illa,
874 2539 1153 2607 suscipient
1177 2547 1224 2592 te
1249 2537 1427 2592 dentes
1455 2537 1617 2592 leonis
1639 2553 1658 2591 :
1679 2536 1856 2591 dentes
1876 2552 2051 2589 coruus

470 2629 837 2698 interﬁcicntes
880 2628 1085 2682 animus
1125 2629 1387 2682 hominum
1426 2628 1615 2698 (Eccli.
1644 2643 1759 2692 χχι,
1788 2626 1843 2691 2,
1876 2627 1953 2696 '5).
1986 2624 2050 2681 Et

471 2723 664 2777 iterum
695 2739 709 2775 :
740 2717 909 2786 Quam
936 2738 1125 2791 magna
1156 2721 1514 2777 misericordia
1544 2719 1775 2786 Domini,
1806 2729 1857 2774 et
1880 2720 2049 2791 propi-

470 2814 614 2877 tiatio
636 2813 750 2902 aius
779 2810 1181 2867 concertantibus
1211 2811 1280 2864 ad
1304 2827 1359 2866 se
1388 2810 1579 2882 (Eccli.
1601 2826 1729 2877 xvn,
1753 2809 1873 2881 Ωδμ
1907 2808 1974 2864 Ει
2001 2809 2048 2866 si

2147 1916 2341 1971 arguar
2357 1900 2711 1970 exceptionis,
2728 1901 2855 1956 totis
2877 1915 3099 1957 necesse
3120 1909 3202 1956 est
3224 1901 3427 1957 viribus
3446 1901 3733 1971 lapidare),

2148 1990 2466 2047 verecundia
2534 1991 2924 2048 interveniente
2993 1994 3349 2063 quiescerem.
3420 1991 3529 2047 Sed
3601 1994 3732 2047 mitti

2150 2098 2334 2154 quazso
2357 2124 2373 2149 ,
2422 2092 2480 2137 ut
2500 2084 2612 2153 jam
2642 2083 2694 2139 in
2723 2084 3087 2154 superioribus
3113 2085 3223 2141 dixi
3249 2125 3264 2152 ,
3310 2086 3381 2140 ab
3409 2085 3491 2140 his
3520 2084 3731 2139 veniam

2154 2174 2440 2244 impertiri,
2469 2190 2697 2244 quorum
2725 2175 2891 2229 vitam
2934 2190 3042 2229 non
3093 2175 3266 2229 solum
3316 2174 3501 2242 laudo,
3544 2189 3732 2230 verum

2152 2266 2315 2321 etiam
2341 2266 2548 2321 cunczis
2575 2266 2761 2322 mundi
2796 2267 2986 2335 opibus
3015 2264 3241 2337 praefero
3265 2308 3281 2333 ,
3330 2266 3588 2335 cujusque
3625 2281 3727 2329 me,

2154 2355 2199 2410 si
2230 2356 2341 2410 ﬁeri
2381 2357 2589 2426 possit,
2637 2367 2762 2412 ante
2787 2366 3015 2411 mortem
3043 2371 3163 2412 esse
3189 2356 3497 2426 aliquandiu
3525 2357 3732 2428 perlici.

2154 2461 2275 2518 pem
2304 2456 2435 2517 opto
2458 2456 2514 2501 et
2543 2448 2669 2504 sitio
2692 2488 2707 2511 ,
2739 2449 2940 2503 nostris
2980 2447 3092 2516 jam
3139 2463 3282 2503 nunc
3308 2448 3591 2503 obrallatis
3616 2462 3728 2502 san-

2152 2549 2362 2595 ctorum
2390 2538 2600 2595 duobus
2622 2539 2822 2611 clypcis
2848 2539 3106 2595 lateribus
3127 2540 3344 2595 invictis
3368 2538 3532 2594 dorso
3552 2539 3731 2594 adsero

2151 2629 2331 2684 sitatis
2374 2630 2572 2684 mmnia
2595 2669 2610 2693 ,
2643 2630 2878 2685 stabilito
2905 2629 3082 2700 capite
3103 2670 3118 2694 ,
3150 2645 3249 2701 pro
3276 2630 3429 2699 galea
3462 2629 3728 2700 adjutorio

2152 2720 2365 2775 Domini
2396 2718 2648 2774 ﬁdissime
2675 2728 2929 2776 contecto
2950 2761 2967 2787 ,
3008 2721 3201 2777 crebro
3245 2721 3520 2777 veracium
3546 2720 3721 2777 volatu

2157 2810 2243 2866 vel
2272 2809 2461 2865 alitent
2487 2809 2855 2865 conviciorum
2883 2817 3089 2866 cautes.

1725 3118 2011 3193 PARS
2064 3122 2513 3199 TERTIA.
2781 3193 2785 3197 .

1047 3294 1463 3401 GILDZE
1541 3286 2320 3398 INCBEPATIO
2376 3294 2506 3400 IN
2581 3294 3153 3404 CLERUM.

1920 3460 2283 3483 η

532 3567 723 3623 Cum
762 3580 979 3621 ratuuu.
1008 3562 1303 3633 Increpatio
1328 3564 1381 3618 in
1409 3562 1696 3619 clerum.—
1722 3563 2050 3621 Sacerdotes
2076 3568 2123 3630 C
2154 3566 2352 3632 dicam,
2386 3569 2511 3624 licet
2537 3570 2714 3638 inepta
2744 3578 2854 3623 non
2883 3575 2993 3622 tam
3021 3564 3149 3620 mihi
3178 3578 3339 3634 quam
3370 3562 3498 3620 talia
3527 3562 3719 3634 agenti-

478 3657 644 3713 babct
667 3653 972 3719 Britannia,
1002 3652 1096 3709 sed
1126 3650 1469 3721 insipientes;
1498 3653 1922 3724 quamplurimas
1950 3654 2056 3709 mi-

477 3749 697 3810 nistros,
728 3744 824 3801 sed
852 3742 1246 3814 imprudentes;
1273 3741 1522 3805 clericos,
1547 3742 1640 3797 sed
1667 3752 1913 3813 raptores
1931 3743 2060 3800 sub-

472 3841 664 3905 dolos;
696 3846 962 3909 pastores,
988 3844 1048 3889 ut
1065 3833 1336 3899 dicuntur,
1357 3832 1452 3890 sed
1480 3835 1737 3890 occisioni
1759 3836 2057 3892 animarum

476 3935 631 4007 lupos
658 3938 906 4003 paratos;
936 3924 1135 3995 quippe
1155 3939 1263 3979 non
1290 3924 1571 3980 commoda
1599 3926 1740 3996 plebi
1770 3927 2056 3997 providen-

466 4034 594 4089 tes,
641 4019 739 4076 sed
788 4014 989 4088 proprii
1027 4011 1419 4083 plenitudinem
1461 4015 1663 4069 ventris
1706 4024 2054 4085 quaerentes:

466 4112 721 4172 ecclesia:
743 4111 936 4166 domus
963 4105 1226 4161 habentes
1245 4146 1261 4172 ,
1290 4104 1384 4160 sed
1413 4105 1583 4175 turpis
1611 4105 1743 4161 lucri
1768 4106 1938 4175 gratia
1966 4123 2060 4164 eas

478 4208 768 4270 adeuntes;
806 4199 1036 4273 popu1os
1075 4197 1364 4263 docentes,
1390 4186 1486 4252 sed
1514 4198 1801 4267 praebendo
1828 4198 2057 4268 pessima

476 4293 720 4364 exempla
741 4332 758 4357 ,
789 4292 915 4345 vitia
946 4287 1223 4357 malosque
1259 4302 1469 4353 mores;
1508 4302 1634 4343 raro
1672 4288 2058 4356 sacriﬁcantes,

472 4394 533 4439 et
561 4398 832 4453 nunquam
859 4393 995 4452 puro
1016 4381 1181 4436 corde
1208 4382 1345 4436 inter
1371 4378 1558 4434 altaria
1582 4387 1818 4445 stantes;
1849 4379 2059 4450 plebem

480 4476 552 4530 ob
579 4481 805 4547 peccata
833 4485 941 4526 non
970 4472 1325 4541 corripientes
1343 4512 1357 4536 ,
1399 4470 1646 4524 nimirum
1671 4469 1864 4526 eadem
1893 4484 2060 4540 agen-

480 4577 592 4631 tes;
634 4570 900 4633 pmcepta
945 4560 1144 4617 Christi
1190 4570 1534 4630 spernentes,
1564 4569 1620 4615 et
1650 4578 1778 4616 suas
1816 4562 2062 4618 libidines

484 4653 654 4708 intutis
664 4652 914 4706 munibus
930 4650 1157 4721 implere
1179 4659 1453 4715 curantes;
1476 4650 1658 4704 sedem
1674 4649 1818 4705 Petri
1833 4653 2059 4721 apostoli
2102 4670 2111 4681 ο

484 4739 771 4798 immundis
797 4740 1022 4810 pedibus
1049 4746 1388 4808 usurpantes,
1412 4737 1505 4792 sed
1534 4738 1727 4791 merito
1756 4739 2061 4808 cupiditatis

484 4838 537 4891 in
556 4831 709 4890 Judze
729 4831 1004 4886 traditoris
1022 4829 1360 4901 pestilentem
1389 4827 1697 4883 cathedram
1718 4828 2058 4897 decidentes;

2159 3657 2281 3729 bus)
2331 3659 2711 3725 bnmiliantes;
2768 3655 3161 3714 ecclesiasticos
3204 3663 3324 3727 post
3378 3656 3492 3710 lucc
3537 3654 3722 3723 gradus

2159 3752 2476 3821 propensius
2512 3766 2671 3820 quam
2718 3764 2879 3818 regna
2923 3748 3184 3805 oculorum
3228 3745 3548 3810 ambientes,
3576 3753 3629 3799 et
3656 3754 3723 3815 ty-

2158 3842 2379 3897 rannico
2409 3842 2513 3896 ritu
2559 3848 2811 3909 acceptos
2851 3837 3199 3895 defendentes
3223 3876 3238 3902 ,
3277 3853 3375 3893 nec
3405 3846 3583 3891 tamen
3612 3837 3726 3904 legi-

2159 3930 2303 3984 timis
2333 3929 2574 3984 moribus
2602 3928 2972 3994 illustrantes;
3023 3927 3088 3981 ad
3120 3934 3385 3996 praecepta
3423 3934 3725 3982 sanctorum

2160 4018 2226 4087 (si
2252 4018 2541 4087 aliquando
2587 4018 2848 4072 duntaxat
2895 4017 3160 4073 audierint
3184 4032 3302 4087 qua:
3332 4016 3400 4071 ab
3430 4016 3535 4071 illis
3562 4017 3730 4086 sapis-

2158 4110 2294 4166 sime
2318 4108 2580 4164 audienda
2608 4108 2797 4180 erant)
2844 4109 3134 4163 oscitantes
3184 4122 3251 4163 ac
3296 4107 3559 4178 stupidus,
3588 4117 3643 4162 et
3670 4107 3731 4160 ad

2160 4200 2360 4256 ludicra
2391 4209 2447 4256 et
2472 4200 2682 4270 ineptas
2710 4199 3042 4255 szecularium
3082 4197 3359 4253 hominum
3389 4196 3596 4253 fabulas
3618 4237 3634 4262 ,
3674 4211 3734 4251 ac

2160 4290 2206 4345 si
2228 4291 2331 4345 iter
2354 4290 2453 4345 via:
2474 4304 2593 4359 qua:
2619 4287 2808 4343 mortis
2836 4288 3094 4358 pandunt,
3119 4296 3365 4343 strenuos
3393 4296 3449 4343 et
3470 4288 3733 4351 intentos;

2163 4378 2499 4449 pinguedinis
2526 4377 2697 4447 gratia
2728 4386 3004 4432 taurorum
3045 4390 3196 4432 more
3219 4390 3430 4444 raucos,
3462 4385 3519 4430 et
3542 4375 3610 4430 ad
3640 4376 3735 4430 illi-

2161 4469 2268 4523 cita
2300 4468 2584 4523 infeliciter
2609 4474 2919 4538 promptos;
2948 4464 3126 4520 vultus
3152 4474 3467 4533 arroganter
3492 4464 3547 4519 in
3576 4463 3735 4518 altum

2163 4560 2424 4617 habentes
2448 4602 2464 4629 ,
2495 4570 2551 4616 et
2577 4575 2769 4616 sensus
2814 4558 3140 4614 conscientia
3168 4555 3509 4612 remordente
3535 4556 3607 4611 ad
3635 4557 3735 4611 ima

2162 4651 2248 4705 vel
2293 4658 2552 4705 tartarum
2596 4650 2912 4706 demersos:
2943 4664 3052 4704 uno
3098 4663 3228 4704 sane
3262 4646 3474 4719 perdito
3518 4647 3736 4702 denario

2164 4750 2407 4803 mlestus,
2432 4748 2488 4794 et
2512 4740 2577 4794 ad
2603 4756 2767 4795 unum
2794 4740 3106 4809 inquisitum
3130 4739 3283 4795 lmtos
3308 4756 3322 4793 :
3347 4738 3400 4794 in
3428 4739 3738 4810 apostolicis

2166 4829 2532 4885 sanctionibus
2575 4830 2646 4886 ob
2697 4830 2961 4886 inscitiam
3008 4830 3093 4885 vel
3135 4838 3479 4901 peccatorum
3531 4828 3741 4900 pondus

484 4926 768 4983 veritatem
797 4939 898 4995 pro
932 4924 1146 4978 inimico
1186 4921 1433 4977 odientes
1454 4959 1470 4987 ,
1512 4928 1568 4976 et
1606 4920 1896 4976 mendaciis
1922 4936 1987 4976 ac
2015 4923 2061 4978 si
2092 4927 2141 4987 ι)
2168 4919 2285 4991 (ora
2314 4919 2475 4973 etiam
2503 4920 2785 4975 scientium
2813 4920 3161 4993 obturantes)
3198 4923 3419 4978 hebetes
3446 4937 3510 4975 ac
3538 4929 3737 4985 mutos,

485 5004 815 5074 charissimis
841 5014 1090 5069 fratribus
1110 5012 1379 5078 faventes;
1399 5011 1575 5081 justus
1597 5011 1784 5082 inopes
1802 5011 2061 5067 immanes

484 5107 637 5178 quasi
664 5119 867 5175 angues
911 5104 1078 5159 torvis
1128 5102 1361 5159 vultibus
1391 5103 1787 5173 conspicantes,
1818 5113 1875 5159 et
1902 5104 2065 5159 scele-

485 5206 635 5255 ratos
652 5196 855 5252 divites
894 5195 1096 5265 absque
1139 5194 1248 5249 ullo
1290 5194 1623 5249 verecundiae
1650 5194 2065 5266 respectu‘sicut

482 5291 734 5347 caelestes
770 5287 991 5356 angelos
1035 5294 1384 5353 venerantes;
1431 5287 1615 5355 egenis
1664 5288 2059 5360 eleemosynam

482 5394 606 5436 esse
632 5379 862 5435 dandam
889 5377 1111 5433 summis
1136 5390 1171 5431 e
1209 5375 1363 5431 labiis
1408 5378 1762 5447 praedicantes
1785 5420 1800 5446 ,
1827 5380 1921 5435 sed
1956 5379 2058 5450 ipsi

491 5471 579 5527 vel
615 5469 833 5526 obolum
874 5481 987 5523 non
1029 5466 1254 5532 dantes;
1286 5465 1513 5521 nefanda
1547 5469 1731 5539 populi
1757 5468 1963 5524 scelera
1988 5478 2063 5523 ta-

488 5567 680 5615 centes
699 5599 717 5626 ,
742 5568 803 5615 et
840 5562 968 5614 suas
1007 5555 1227 5625 injurias
1248 5558 1401 5626 quasi
1424 5556 1638 5614 Christo
1666 5559 1927 5626 irrogatas
1956 5573 2064 5612 am-

488 5647 817 5719 pliﬁcantu;
838 5646 1144 5715 religiosam
1160 5646 1298 5703 forte
1313 5657 1538 5703 matrem
1552 5664 1651 5705 seu
1671 5662 1887 5704 sorores
1900 5647 2062 5704 domo

487 5738 779 5810 pellentes,
808 5744 863 5797 et
890 5744 1141 5792 externas
1164 5737 1330 5791 veluti
1358 5739 1630 5793 secretiori
1658 5737 1954 5796 ministerio
1983 5738 2062 5793 fa-

487 5829 724 5909 miliares
770 5826 1079 5889 indecenter
1121 5827 1358 5885 levantes
1381 5867 1396 5893 .
1445 5828 1527 5884 vel
1568 5828 1746 5899 potius
1797 5828 1815 5896 (
1837 5836 1896 5883 ut
1935 5842 2061 5885 vera

2166 5018 2224 5065 et
2262 5010 2315 5064 in
2354 5007 2578 5065 ﬂexibus
2619 5010 2968 5066 mundialium
3017 5012 3351 5080 negotiorum
3393 5010 3740 5067 mendacibus

2165 5099 2506 5156 doctissimos
2555 5117 2568 5154 :
2617 5116 2845 5170 quorum
2904 5101 2972 5157 de
3026 5101 3288 5156 scelerata
3334 5100 3740 5156 conversatione

2166 5190 2363 5245 multos
2409 5190 2715 5245 sacerdotio
2759 5190 3060 5255 irruentes,
3092 5190 3271 5261 potius
3317 5189 3400 5244 vel
3437 5188 3567 5243 illud
3609 5202 3742 5259 pene

2166 5279 2312 5334 omni
2337 5279 2558 5349 pecunia
2586 5281 2935 5346 redimenles,
2958 5295 3119 5349 quam
3149 5289 3371 5347 tractos,
3392 5287 3449 5334 et
3474 5278 3529 5333 in
3555 5278 3743 5333 autem

2170 5372 2336 5427 veteri
2365 5370 2702 5440 inlaustoque
2747 5372 3162 5427 intolerabilium
3209 5370 3542 5441 piaculorum
3587 5382 3743 5424 anno

2165 5471 2289 5532 post
2316 5462 2703 5518 sacerdotalem
2732 5463 3073 5535 episc0patus
3107 5464 3191 5519 vel
3219 5461 3535 5534 presbyterii
3563 5461 3742 5516 sedem

2167 5554 2299 5626 (qui
2344 5546 2655 5612 necitidem
2684 5570 2906 5628 usquam
2934 5555 3228 5627 sederunt)
3275 5562 3336 5610 ut
3363 5556 3489 5626 pote
3530 5553 3742 5623 indigne

2164 5660 2452 5716 porcorum
2480 5661 2631 5703 more
2661 5648 2985 5715 volutantes,
3011 5654 3167 5717 rapto
3189 5653 3395 5701 tantum
3424 5642 3741 5701 sacerdotali

2165 5739 2401 5805 nomine,
2442 5754 2543 5796 nec
2589 5748 2767 5794 tamen
2813 5747 3004 5794 tenore
3047 5737 3132 5794 vel
3166 5736 3458 5808 apostolica
3486 5734 3741 5804 dignitate

2167 5838 2383 5900 accepta
2407 5846 2421 5893 ;
2451 5829 2545 5884 sed
2567 5829 2656 5901 qui
2680 5830 2912 5884 nondum
2936 5827 3003 5883 ad
3030 5828 3291 5894 integram
3322 5825 3481 5889 tidem
3510 5834 3639 5880 sunt
3658 5821 3742 5879 vel
