3970 6484
245 410 348 468 869

937 394 1136 450 LIBER
1173 390 1560 462 queamus.
1603 388 1778 446 PARS
1815 388 1843 444 ll

1942 335 2454 446 INCREPATIOHN
2491 383 2794 440 CLERUM.

3396 379 3502 436 570

245 518 502 578 malorum
527 505 846 579 pmnitentia
869 504 1046 561 idonei
1075 547 1094 572 ,
1131 503 1405 572 quomodo
1431 501 1499 558 ad
1525 501 1822 572 quemlibet
1849 501 1894 560 Δ
1923 497 2091 562 libus,
2123 505 2180 552 ut
2208 495 2344 550 dixit
2371 495 2661 565 Apostolus
2687 495 2814 566 (Tit.
2847 512 2892 562 ι,
2923 493 3012 564 l2)
3037 537 3052 561 ,
3085 494 3272 552 bestiis
3297 495 3503 551 ventris

242 602 659 670 ecclesiasticum
707 599 790 670 (ut
817 613 926 653 non
951 595 1126 676 dicam
1153 593 1444 665 summum)
1488 593 1814 649 convenien-

247 709 366 767 tes,
393 703 450 752 et
484 690 665 762 adepti
706 687 929 759 gradum
974 701 1142 759 quem
1189 685 1403 742 nonnisi
1431 685 1619 746 sancti
1657 691 1819 752 atque

243 787 467 868 perfecti
493 793 554 844 et
578 781 942 856 apostolorum
990 778 1309 840 imitatores,
1353 785 1412 833 et
1455 777 1557 850 (ut
1581 774 1821 845 magistri

248 884 483 958 gentium
510 879 690 936 verbis
715 873 927 949 loquar)
975 873 1472 945 irreprehensibiles
1503 871 1741 940 legitime
1767 876 1824 926 et

246 977 446 1047 absque
469 985 669 1043 magno
695 967 965 1038 sacrilegii
988 965 1215 1024 crimine
1240 962 1575 1034 suscipiunt?

313 1067 444 1124 Car.
473 1079 536 1120 ιι.
582 1061 664 1116 De
697 1059 882 1117 eadem
908 1075 986 1114 re.
1022 1085 1096 1098 —
1121 1055 1259 1124 Quid
1288 1055 1432 1111 enim
1461 1062 1572 1110 tam
1600 1053 1824 1124 impium

249 1169 462 1230 tamque
483 1156 777 1213 scelestum
805 1162 918 1223 est,
943 1169 1106 1226 quam
1134 1151 1202 1207 ad
1227 1150 1625 1208 similitudinem
1649 1147 1828 1204 Simo-

228 1250 332 1306 nis
369 1248 511 1319 Magi
563 1248 703 1317 (Act.
732 1262 846 1310 vui,
879 1244 970 1313 l8)
994 1286 1014 1314 ,
1061 1259 1170 1300 non
1197 1241 1675 1298 intervenientibus
1701 1239 1830 1295 licet

249 1342 450 1397 interea
477 1337 802 1410 promiscuis
825 1335 1137 1396 criminibus
1153 1375 1170 1402 ,
1220 1333 1560 1405 episcopatus
1593 1329 1828 1390 cilicium

251 1430 569 1503 presbyterii
597 1438 820 1495 terreno,
839 1429 1014 1502 pretio
1031 1469 1048 1497 ,
1076 1425 1222 1498 quod
1248 1425 1536 1483 sanctitate
1560 1423 1832 1493 rectisque

251 1520 488 1576 moribus
510 1519 793 1577 decentius
818 1518 1142 1588 acquiritur,
1179 1516 1488 1587 quempiam
1520 1514 1661 1571 velle
1686 1528 1830 1572 men-
1871 1577 1876 1580 _

248 1609 400 1664 cari?
429 1607 539 1665 Sed
561 1609 616 1664 in
633 1624 702 1665 eo
721 1609 808 1664 isti
827 1608 1147 1679 propensius
1167 1607 1254 1664 vel
1271 1605 1608 1678 desperatius
1626 1610 1828 1670 errant,

249 1715 356 1768 quo
382 1715 491 1755 non
519 1701 590 1756 ab
613 1700 873 1771 apostolis
897 1699 987 1755 vel
1010 1699 1380 1770 apostolorum
1407 1696 1830 1762 successoribus,

250 1788 344 1844 sed
371 1804 402 1844 a
431 1789 679 1862 tyrannis
713 1797 772 1845 et
796 1805 830 1845 a
859 1797 1015 1860 patre
1061 1804 1250 1845 eorum
1290 1787 1507 1845 diabolo
1550 1787 1732 1843 fucata
1775 1795 1834 1843 et

1921 588 2284 660 prmstolaris?
2314 585 2477 642 llisne
2524 586 2828 655 corrigeris,
2857 586 2951 655 qui
2977 587 3182 658 seipsos
3209 602 3317 643 non
3339 583 3502 642 modo

1921 682 1988 737 ad
2032 682 2173 736 bona
2211 694 2319 735 non
2348 680 2576 735 incitant
2596 719 2610 743 ,
2641 678 2736 734 sed
2773 679 3067 735 secundum
3104 681 3379 752 propheta:
3404 695 3505 737 ex-

1922 769 2322 841 probrationem
2356 786 2368 822 :
2401 767 2664 823 Laboraut
2691 775 2746 821 ut
2771 769 2942 840 inique
2965 777 3126 840 agant
3155 771 3286 841 (der.
3313 787 3394 838 Ix,
3413 768 3510 840 5)?

1922 861 2210 918 Talibusne
2237 859 2408 915 oculis
2434 857 2808 921 illustraberis,
2837 857 2929 927 qui
2979 858 3094 913 hmo
3118 867 3323 934 tantum
3347 860 3507 918 avide

1923 950 2289 1024 speculantur,
2321 965 2442 1021 qua:
2469 949 2708 1021 proclive
2735 949 2904 1016 vitiis,
2931 947 2982 1004 id
3011 958 3097 1005 est
3124 951 3310 1007 tartari
3335 952 3509 1023 portis

1924 1045 2173 1102 ducant?
2240 1043 2340 1100 Vel
2402 1051 2551 1100 certe
2601 1042 2897 1101 secundum
2959 1041 3254 1100 Salvatoris
3306 1044 3508 1102 dictum

1927 1134 2144 1207 (Matth.
2175 1151 2264 1202 xv,
2295 1135 2412 1206 14),
2434 1134 2478 1190 si
2507 1148 2616 1190 non
2645 1134 2777 1190 istos
2803 1135 3183 1215 rapacissimos
3208 1142 3270 1190 ut
3297 1133 3508 1193 Arabia:

1927 1227 2106 1298 lupos,
2136 1240 2202 1282 ac
2241 1225 2290 1281 si
2335 1223 2473 1280 Loth
2519 1224 2585 1281 ad
2632 1231 2871 1280 montem
2909 1225 3122 1295 igneum
3151 1225 3510 1282 Sodomorum

1929 1319 2155 1375 imbrem
2183 1315 2458 1388 fugeritis,
2487 1317 2615 1374 αεσί
2645 1317 2824 1374 educti
2851 1333 2882 1372 a
2909 1318 3066 1374 cmcis
3112 1316 3165 1373 in
3213 1317 3404 1375 inferni
3429 1317 3514 1373 fo-

1929 1393 2329 1467 veam’cadetis.
2357 1408 2462 1464 Sed
2481 1407 2704 1464 forsitan
2727 1408 2920 1478 aliquis
2939 1409 3084 1485 dicat
3103 1425 3209 1493 non
3231 1413 3304 1466 ita
3325 1425 3514 1467 omnes

1931 1499 2169 1572 episcopi
2191 1498 2594 1571 velpresbyteri
2616 1507 2675 1553 ut
2698 1500 2942 1569 superius
2967 1501 3361 1572 comprehensi,
3387 1502 3514 1573 quia

1932 1608 2042 1648 non
2070 1591 2376 1649 schismatis
2396 1631 2412 1656 ,
2443 1607 2552 1648 non
2581 1591 2844 1662 superbia:
2865 1633 2882 1658 ,
2913 1608 3023 1648 non
3053 1593 3399 1651 immunditia:
3429 1595 3515 1650 in-

1935 1681 2094 1737 famia
2124 1682 2486 1752 maculantur,
2515 1682 2643 1737 mali
2673 1691 2799 1738 sunt
2830 1699 2843 1736 :
2873 1683 3017 1752 quod
3044 1699 3147 1741 nec
3170 1687 3519 1742 vehementer

1937 1783 1992 1830 et
2020 1789 2118 1830 nos
2153 1761 2464 1829 diffitemur.
2507 1771 2617 1828 Sed
2648 1773 2774 1828 licet
2795 1774 3030 1829 sciamus
3056 1789 3152 1831 eos
3178 1784 3359 1832 castos
3399 1791 3520 1833 esse

253 1861 526 1950 ,ωιηιιέω
553 1878 833 1951 profutura
878 1886 1067 1935 unum
1110 1876 1415 1934 saw-dolia
1444 1894 1458 1931 ε
1489 1877 1618 1948 quin
1655 1874 1836 1946 potius
1867 1861 1910 1924 Β
1938 1876 1995 1923 et
2017 1866 2209 1935 bonos,
2238 1865 2476 1923 breviter
2502 1874 2681 1922 tamen
2710 1867 3156 1936 respondebimus
3185 1885 3199 1923 :
3229 1867 3368 1936 Quid
3394 1885 3523 1940 pro-

251 1967 398 2024 velut
415 1968 632 2025 culmen
657 1977 969 2039 tectumque
991 1969 1256 2025 malorum
1275 1968 1519 2024 omnium
1536 1966 1832 2037 quoddam,

252 2071 360 2126 quo
380 2075 493 2116 non
511 2059 670 2115 facile
694 2061 774 2117 eis
798 2059 1230 2130 impropercntur
1255 2075 1287 2114 a
1307 2073 1578 2130 quoquam
1601 2057 1835 2114 admissa

252 2149 431 2218 prisca
459 2149 547 2205 vel
574 2163 742 2220 nova,
774 2156 830 2204 et
858 2149 1164 2220 cupiditatis
1189 2149 1433 2221 gulteque
1460 2148 1746 2216 desideria,
1773 2155 1837 2204 ut

251 2248 384 2308 pote
410 2240 684 2310 praepositi
711 2239 1006 2296 multorum
1042 2240 1254 2297 facilius
1295 2241 1546 2313 rapiant,
1592 2241 1836 2298 scelesta:

250 2325 376 2381 vita:
399 2337 689 2385 structurae
730 2341 1124 2403 superponunt.
1168 2332 1302 2406 Nam
1350 2334 1396 2389 si
1443 2334 1567 2390 talis
1593 2333 1836 2406 profecto

254 2419 615 2489 coemptionis
641 2421 879 2478 conditio
905 2422 974 2478 ab
1002 2423 1398 2495 impudentibus
1426 2424 1541 2481 istis
1564 2464 1583 2492 ,
1619 2441 1728 2481 non
1755 2423 1838 2481 di-

252 2521 372 2562 cam
400 2510 648 2580 apostolo
697 2509 860 2568 Petro
888 2552 907 2579 ,
937 2513 1030 2569 sed
1072 2513 1294 2570 cuilibet
1336 2523 1527 2572 sancto
1569 2515 1838 2572 sacerdoti

257 2599 458 2670 pioque
483 2603 597 2674 regi
625 2603 832 2674 ingesta
856 2605 1064 2674 fuisset,
1090 2607 1280 2663 eadem
1309 2623 1568 2681 responsa
1593 2610 1840 2682 accepis-

255 2698 380 2746 sent
404 2707 528 2761 qua:
571 2694 642 2749 ab
692 2695 942 2766 apostolo
986 2705 1176 2753 auctor
1201 2698 1514 2756 eorumdem
1545 2698 1730 2770 Magus
1755 2701 1842 2758 Si-

256 2796 405 2849 mon,
438 2783 651 2840 dicente
679 2783 843 2841 Petro
874 2803 888 2841 :
921 2785 1156 2843 Pecunia
1185 2799 1274 2844 tua
1303 2799 1466 2845 tecum
1493 2791 1561 2844 sit
1589 2792 1642 2846 in
1669 2792 1842 2863 perdi-

217 2928 224 2933 ,
256 2870 446 2926 tionem
463 2871 650 2944 (Ibid.,
665 2872 776 2945 20).
796 2874 906 2933 Sed
927 2875 1086 2944 forte,
1109 2877 1216 2933 heu
1232 2877 1367 2948 lqui
1391 2879 1685 2937 ambitores
1711 2880 1844 2938 istos

253 2961 546 3032 Ordinant,
579 2967 686 3022 imo
713 2968 892 3039 potius
920 2969 1201 3028 humiliant
1220 3009 1238 3036 ,
1279 2980 1444 3043 atque
1471 2988 1574 3045 pro
1623 2974 1846 3030 benedi-

215 3115 222 3118 _
253 3051 439 3110 ctione
476 3056 844 3125 maledicunt,
883 3059 1010 3114 dum
1038 3075 1106 3116 ex
1135 3063 1509 3132 peccatoribus
1537 3080 1644 3120 non
1673 3065 1846 3135 potni-

219 3207 224 3212 ’
259 3152 464 3214 tentes,
495 3146 643 3216 quod
674 3149 874 3205 rectius
902 3150 1100 3220 fuerat,
1127 3152 1224 3208 sed
1250 3153 1539 3224 sacrilegos
1566 3165 1623 3213 et
1647 3156 1844 3228 despe-

256 3242 409 3289 ratos
475 3235 717 3304 faeiunt,
767 3247 824 3295 et
885 3238 1076 3296 Judam
1141 3243 1542 3312 quodammodo
1594 3246 1649 3302 in
1703 3247 1846 3305 Petri

253 3327 518 3383 cathedra
564 3328 775 3386 Domini
824 3332 1181 3402 traditorem,
1212 3351 1276 3392 ac
1316 3336 1598 3394 Nicolaum
1644 3340 1697 3396 in
1725 3341 1846 3397 loco

256 3413 519 3484 Stephani
547 3419 796 3490 martyris
819 3427 1062 3477 statuunt
1085 3421 1371 3480 immunda:
1398 3425 1665 3490 imreseos
1692 3429 1847 3484 adin-

228 3577 234 3586 _
259 3515 562 3576 ventorem,
579 3508 770 3566 eodem
791 3511 953 3567 modo
972 3513 1274 3571 sacerdotio
1294 3516 1448 3581 asciti
1469 3529 1626 3585 sunt;
1649 3529 1705 3576 et
1727 3521 1848 3576 ideo

233 3612 367 3676 _non
395 3614 726 3672 magnopere
758 3601 1098 3676 detestantur
1121 3605 1192 3677 in,
1226 3606 1348 3663 filiis
1369 3647 1386 3674 ,
1415 3610 1659 3680 quinimo
1686 3627 1849 3670 vene-

229 3698 474 3760 .rantur,
502 3693 647 3762 quod
682 3692 932 3750 similiter
977 3704 1036 3752 ut
1081 3697 1322 3768 patribus
1365 3700 1590 3758 subinde
1636 3704 1849 3760 venisse

260 3781 623 3839 certissimum
651 3791 754 3839 est.
787 3783 1000 3841 Etenim
1027 3803 1144 3862 eos,
1173 3789 1218 3844 si
1250 3791 1304 3844 in
1330 3792 1674 3862 parochiam,
1715 3795 1851 3852 resi-

263 3873 530 3930 stentibus
555 3874 655 3928 sibi
687 3882 742 3930 et
770 3884 880 3931 tam
920 3860 1213 3947 pretiosum
1241 3860 1502 3950 quaestum
1531 3860 1845 3954 deneganti-

236 3961 363 4039 gbus
405 3981 601 4023 severe
655 3969 1051 4026 comessoribus
1073 4012 1090 4039 ,
1140 3970 1444 4042 huiusmodi
1505 3976 1850 4046 margaritam

230 4113 234 4116 .
261 4056 508 4116 invenire
529 4075 636 4116 non
657 4061 894 4131 possint;
922 4062 1211 4132 praemissis
1229 4073 1354 4122 ante
1371 4065 1602 4124 sollicite
1626 4069 1849 4137 nuntiis,

263 4150 670 4219 transnavigare
698 4151 888 4215 maria,
922 4159 1200 4224 terrasque
1228 4156 1492 4226 spatiosas
1519 4163 1853 4218 transmeare

236 4253 369 4312 non
400 4249 515 4295 tam
556 4241 703 4312 piget
729 4258 890 4313 quam
924 4242 1192 4311 delectat;
1234 4255 1294 4303 ut
1329 4249 1552 4306 omnino
1581 4251 1704 4307 talis
1729 4267 1854 4323 spe-

265 4331 371 4386 cies
397 4333 962 4405 intequiparabilisque
988 4335 1348 4408 pulchritudo,
1373 4349 1451 4408 et,
1481 4350 1539 4397 ut
1565 4343 1745 4400 verius
1771 4343 1855 4400 di-

266 4433 380 4474 cam
405 4461 422 4487 ,
457 4421 726 4477 diabolica
755 4422 970 4491 illusio,
1004 4425 1092 4481 vel
1136 4428 1366 4485 venditis
1408 4431 1656 4488 omnibus
1683 4435 1854 4504 copiis

263 4519 628 4581 comparetur.
677 4511 806 4568 Dein
834 4529 958 4569 cum
1003 4529 1200 4586 magno
1245 4529 1508 4588 apparatu
1555 4535 1855 4592 magnaque

1934 1958 2036 2014 fuit
2062 1957 2182 2015 Heli
2208 1957 2476 2015 sacerdoti
2494 1956 2550 2030 (I
2577 1956 2708 2030 Reg.
2731 1973 2792 2026 ιι,
2813 1957 2900 2024 Η,
2928 1957 3022 2024 12;
3053 1974 3131 2024 ιιι,
3160 1953 3251 2030 12)
3273 1958 3523 2032 quodse-

1938 2051 2024 2107 lus
2051 2065 2160 2107 non
2185 2049 2469 2107 violaverit
2497 2057 2768 2122 prmeepta
2796 2049 3038 2118 Domini,
3068 2050 3327 2122 rapiendo
3354 2051 3409 2108 in
3439 2051 3525 2107 fu-

1939 2143 2183 2210 scinulis,
2213 2150 2506 2216 antequam
2531 2141 2698 2214 adeps
2724 2141 2954 2200 Domino
2979 2141 3284 2212 ollermtur,
3310 2160 3379 2200 ex
3402 2144 3526 2202 ollis

1938 2251 2164 2304 carnes,
2194 2234 2321 2291 dum
2349 2234 2538 2292 eadem
2565 2233 2755 2290 mortis
2781 2233 2861 2291 ira
2888 2251 2996 2306 qua
3027 2235 3120 2292 lilii
3143 2245 3270 2294 sunt
3297 2237 3524 2296 niulcta-

1938 2333 2027 2380 tur
2075 2324 2128 2398 (Ι
2157 2323 2283 2398 Reg.
2314 2341 2389 2394 iv,
2419 2323 2544 2396 ll)?
2591 2322 2722 2393 Quis
2765 2311 2902 2397 rogo
2942 2341 3130 2384 eorum
3169 2328 3240 2385 ob
3269 2328 3524 2386 invidiam

1938 2417 2178 2475 melioris
2204 2416 2394 2474 hostia:
2420 2416 2762 2489 cmlestisque
2786 2416 2910 2490 igne
2936 2418 2994 2476 in
3019 2419 3189 2476 caelos
3217 2410 3440 2489 evectat,
3470 2430 3531 2478 ut

1940 2508 2097 2577 Abel,
2118 2508 2327 2566 occisus
2358 2507 2512 2580 (Gen.
2537 2523 2612 2576 IV,
2636 2507 2727 2580 8);
2759 2508 3038 2580 quietiam
3062 2509 3352 2569 mediocris
3378 2513 3528 2570 verbi

1939 2607 2300 2671 aspernantur
2343 2599 2684 2656 convicium?
2729 2601 2861 2669 Quis
2894 2619 3108 2674 perosus
3132 2611 3217 2662 est
3254 2606 3529 2663 consilium

1941 2691 2371 2762 malignantium,
2401 2699 2450 2745 et
2489 2708 2604 2746 cum
2631 2692 2804 2765 impiis
2833 2711 2936 2750 non
2963 2695 3099 2751 sedit
3143 2693 3368 2767 (Psalm.
3401 2711 3531 2763 va,

1941 2780 2022 2851 5),
2053 2781 2126 2838 ita
2147 2790 2207 2837 ut
2228 2782 2298 2838 de
2325 2797 2393 2837 eo
2428 2784 2664 2840 veridice
2691 2785 2845 2856 quasi
2872 2785 2940 2843 de
2967 2785 3191 2845 Henoch
3219 2787 3528 2846 diceretur:

1943 2870 2233 2925 Ambularit
2249 2869 2464 2926 lienoch
2493 2889 2607 2927 cum
2635 2873 2769 2944 Deo,
2796 2886 2849 2931 et
2871 2893 2974 2934 non
2997 2879 3348 2936 inveniebatur
3373 2879 3530 2951 (Gen.

1944 2978 1998 3029 v,
2030 2961 2122 3033 22)
2147 3003 2163 3029 ,
2205 2962 2259 3018 in
2300 2963 2486 3018 mundi
2536 2964 2748 3022 scilicet
2776 2968 3014 3024 vanitate
3039 2969 3216 3036 omnis
3241 2979 3366 3039 post
3391 2971 3534 3026 idola

1946 3052 2184 3122 proclive
2203 3051 2257 3108 id
2283 3053 2544 3124 temporis
2562 3053 2886 3123 claudicare,
2906 3058 3096 3114 relicto
3115 3057 3246 3126 Deo,
3273 3059 3535 3131 incipien-

1951 3144 2058 3200 tis?
2110 3144 2242 3212 Quis
2271 3159 2460 3201 eorum
2487 3145 2712 3202 salutari
2749 3147 2802 3202 in
2830 3163 2957 3204 arca
3008 3149 3135 3220 (hoc
3159 3158 3242 3207 est
3264 3165 3407 3207 nunc
3434 3149 3543 3210 Ec-:
3635 3169 3660 3191 ο

1878 3233 1922 3296 C
1953 3234 2141 3305 clcsia)
2165 3276 2181 3301 ,
2232 3235 2434 3290 nullum
2485 3236 2596 3293 Deo
2640 3238 3014 3296 adversantem
3041 3281 3058 3309 ,
3105 3248 3166 3296 ut
3204 3240 3316 3298 Noe
3351 3241 3550 3302 diluvii.

1904 3401 1907 3404 η
1953 3334 2196 3398 tempore
2244 3324 2398 3397 (Gen.
2429 3341 2524 3393 vn,
2553 3327 2637 3397 7),
2691 3345 2798 3384 non
2845 3328 3100 3397 admisit;
3152 3338 3210 3386 ut
3257 3333 3540 3404 perspicue

1951 3427 2344 3474 monstraretur
2393 3421 2605 3475 nonnisi
2645 3421 2893 3479 innoxios
2920 3423 3005 3478 vel
3035 3425 3358 3494 ptenilentes
3383 3440 3523 3496 egre

1950 3512 2068 3582 gios
2099 3512 2151 3568 in
2180 3511 2450 3569 dominica
2481 3513 2644 3570 domo
2675 3531 2794 3571 esse
2823 3515 3057 3572 debere?
3087 3517 3219 3585 Quis
3245 3519 3533 3602 victoribsg

1953 3604 2127 3661 solum
2148 3645 2164 3672 ,
2195 3614 2251 3661 et
2279 3605 2334 3661 in
2365 3605 2677 3670 tricentario
2719 3623 2944 3666 numero
2997 3609 3125 3681 (hoc
3153 3619 3236 3669 est
3263 3609 3545 3668 Trinitatis

1951 3697 2328 3766 sacramento)
2378 3697 2606 3767 liberato
2648 3698 2794 3769 justo
2849 3697 3004 3770 (Gen.
3040 3699 3302 3772 xlv,18),
3354 3716 3541 3772 regem

1951 3789 2189 3860 quinque
2235 3789 2644 3860 victriciumque
2691 3800 2987 3854 turmarum
3027 3795 3318 3855 exercitus,
3345 3793 3542 3851 ferales

1953 3880 2314 3948 vincentibus,
2336 3887 2397 3936 et
2422 3895 2760 3952 nequaquam
2787 3884 2960 3940 aliena
2989 3885 3344 3956 cupientibus,
3371 3886 3540 3941 sacri-

1953 3971 2132 4030 licium
2170 3971 2440 4038 oll'crens,
2479 3980 2540 4028 ut
2575 3973 3008 4041 Melchisedech,
3047 3976 3368 4034 benedixit?

1953 4071 2148 4134 sponte
2167 4062 2442 4134 preprium
2465 4063 2696 4121 inaltari
2722 4065 2899 4136 capite
2927 4065 3260 4130 caedendum,
3287 4071 3347 4120 ut
3372 4064 3546 4120 Abra-

1953 4155 2103 4220 ham,
2133 4153 2246 4210 Deo
2276 4153 2504 4224 iubente
2525 4194 2543 4220 ,
2573 4154 2776 4211 obtulit
2816 4154 2983 4210 filium
3031 4153 3187 4226 (Gen.
3211 4155 3546 4226 xxtt,,l);,ut

1954 4246 2132 4303 simile
2157 4246 2428 4316 quoddam
2457 4245 2584 4302 huic
2621 4245 2872 4317 impleret
2896 4244 3096 4305 Christi
3127 4247 3437 4307 mandatum
3463 4248 3545 4306 di-

1954 4339 2130 4395 centis
2155 4337 2370 4394 oculum
2397 4337 2648 4394 dextrum
2675 4337 3130 4396 scandalizantem
3157 4341 3314 4397 evelli
3347 4341 3547 4398 debere

1957 4430 2174 4498 (Matth.
2207 4447 2267 4496 v,
2293 4428 2422 4502 29);
2466 4437 2528 4485 et.
2547 4428 2826 4500 propheta:
2863 4440 3207 4501 prateaveret,
3237 4447 3296 4488 se
3323 4433 3546 4490 maledi-

1957 4532 2106 4580 ctum
2133 4539 2254 4584 esse
2277 4523 2518 4596 gladium
2549 4534 2600 4579 et
2639 4528 2943 4598 sanguinem
2973 4527 3348 4600 prohibentem
3393 4530 3414 4599 (
3431 4530 3542 4587 Jer.

241 4598 549 4674 phantasia
577 4602 661 4658 vel
691 4604 870 4674 potius
915 4604 1122 4662 insania
1158 4607 1478 4678 repedantes
1503 4610 1570 4666 ad
1599 4613 1852 4681 patriam,
1883 4607 1930 4666 Ι)
1954 4629 2147 4684 xum,
2168 4614 2296 4684 10)?
2323 4613 2455 4683 Quis
2481 4616 2794 4673 memoriam
2823 4598 3093 4676 malefacti
3117 4619 3186 4676 de
3212 4621 3387 4678 corde
3406 4598 3550 4679 radi-

241 4700 333 4758 _cx
360 4699 550 4746 erecto
595 4693 916 4748 erectiorem
968 4694 1236 4750 incessum
1283 4696 1528 4766 pingunt,
1569 4708 1628 4754 et
1652 4699 1852 4757 dudum

267 4782 606 4839 summitates
651 4784 914 4841 montium
959 4786 1356 4857 conspicantes,
1407 4805 1548 4846 nunc
1593 4800 1740 4849 recte
1784 4795 1853 4850 ad

271 4870 474 4929 :nthera
507 4872 594 4928 vel
622 4873 690 4929 ad
731 4890 939 4931 summa
969 4876 1188 4932 nubium
1220 4878 1451 4948 vellera,
1481 4879 1738 4939 luminum
1765 4899 1852 4940 se-

268 4961 697 5022 midormitantes
722 4967 867 5023 acies
894 4965 1130 5035 librant,
1175 4985 1243 5027 ac
1285 4985 1407 5028 sese
1442 4989 1583 5030 nova
1609 4977 1852 5046 quaedam

246 5050 567 5123 .plasmata,
594 5055 704 5112 imo
731 5056 994 5113 diabolica
1025 5073 1259 5131 organa,
1290 5070 1350 5118 ut
1375 5063 1647 5132 quondam
1677 5065 1854 5122 Nova-

272 5148 355 5199 tus
399 5145 591 5218 Itomte
634 5148 918 5205 dominica:
963 5150 1256 5208 muletator
1313 5156 1616 5225 margaritas
1658 5173 1857 5228 porcus

270 5235 442 5308 niger,
466 5239 653 5309 patria:
681 5238 951 5310 ingerunt,
972 5241 1241 5311 violenter
1268 5259 1459 5302 manus
1485 5261 1593 5302 non
1624 5255 1732 5303 tam
1763 5264 1858 5304 ve-

274 5329 602 5387 nerabilibus
647 5331 757 5388 aris
801 5345 964 5402 quam
1009 5331 1242 5390 flammis
1305 5334 1500 5393 inferni
1554 5337 1852 5405 ultricibus,

271 5417 460 5489 dignas
504 5422 560 5478 in
610 5422 706 5478 tali
751 5423 969 5480 schema
995 5432 1022 5462 ι
1048 5424 1211 5495 positi
1254 5429 1612 5486 sacrosanctis
1656 5427 1854 5488 Christi

273 5510 546 5568 sacriﬁciis
568 5512 865 5569 extensuri.

251 5662 256 5665 _
342 5603 472 5662 Car.
515 5621 591 5661 ιιι.
643 5604 722 5662 De
765 5605 948 5662 eadem
975 5623 1030 5663 re
1057 5621 1077 5662 :
1105 5605 1191 5676 ubi
1217 5611 1482 5680 proposita
1524 5612 1760 5683 exempla
1789 5614 1853 5671 de

277 5683 512 5763 Henoch,
553 5694 690 5761 Noe,
720 5695 1004 5764 Abraham,
1046 5697 1444 5769 Melchisedech,
1473 5699 1701 5774 Hoysis,
1725 5704 1852 5764 Phi-

278 5796 395 5842 ηερε
420 5796 470 5842 et
492 5786 619 5843 Jcstt
647 5786 819 5844 Nave.
860 5819 930 5831 -—
965 5778 1133 5861 Quid,
1162 5797 1220 5847 tu
1250 5790 1430 5849 infelix
1461 5795 1678 5867 populo,
1711 5811 1740 5853 a
1774 5807 1853 5856 ta-

352 5924 378 5955 ⁸
416 5917 580 5978 Forte
605 5921 880 5978 schemate.

1961 4704 2118 4771 citus,
2149 4713 2214 4761 ut
2231 4703 2433 4776 Ioseph
2463 4704 2618 4778 (Gen.
2644 4705 2825 4776 1,15),
2861 4708 3095 4770 evulsit!
3125 4710 3264 4779 Quis
3281 4713 3334 4769 in
3365 4721 3551 4770 monte

1959 4811 2083 4852 cum
2111 4795 2340 4856 Domino
2369 4795 2583 4854 locutus
2601 4837 2622 4864 ,
2646 4805 2714 4854 et
2728 4813 3066 4871 nequaquam
3098 4806 3551 4876 concrepantibus

1962 4887 2104 4943 tubis
2128 4889 2324 4948 exinde
2350 4892 2671 4962 perterritus
2711 4889 2907 4964 (Exod.
2936 4910 3049 4962 xtx,
3080 4893 3197 4967 16),
3225 4896 3550 4953 duastabn-

1957 4979 2041 5036 las
2065 4989 2456 5055 cornuumque
2484 4983 2672 5040 faciem
2699 4994 2919 5056 aspectu
2948 4986 3236 5044 incredulis
3261 4987 3551 5044 inhabilem

1909 5121 1918 5124 .
1959 5079 2018 5127 et
2035 5071 2359 5129 horrendam
2380 5074 2590 5145 tropico
2609 5090 2793 5142 sensu,
2817 5084 2878 5133 ut
2903 5076 3114 5149 Moyses
3143 5064 3336 5149 (Exod.
3365 5094 3548 5146 xxxiv,

1959 5158 2082 5232 29).,
2113 5161 2371 5220 advexit?
2422 5163 2555 5231 Quis
2593 5180 2781 5223 eorum
2818 5181 2920 5238 pro
2947 5167 3183 5238 peccatis
3207 5166 3392 5238 populi
3419 5183 3552 5224 exo-

1959 5267 2087 5310 rans
2113 5251 2224 5310 imo
2250 5253 2318 5310 de
2364 5261 2588 5326 pectore
2635 5256 2910 5324 clamavit,
2938 5257 3162 5328 ut’ipse,
3195 5257 3549 5323 Domine,.in-

1958 5343 2151 5415 quiens
2177 5388 2192 5411 ,
2224 5347 2452 5416 peccavit
2480 5347 2698 5418 populus
2735 5348 2832 5404 iste
2859 5357 3125 5420 peccatum
3151 5347 3387 5421 grande;
3415 5348 3553 5421 quod

1958 5433 2006 5488 si
2047 5434 2266 5490 dimittis
2289 5473 2306 5501 ,
2346 5437 2585 5503 dimitte;
2634 5437 2862 5509 alioquin
2905 5437 3020 5496 dele
3056 5454 3138 5498 me
3176 5438 3242 5495 de
3288 5438 3421 5496 libro
3464 5449 3554 5496 tuo

1961 5521 2168 5595 (Exod.
2182 5541 2350 5592 xxxu,
2363 5526 2594 5599 31,51)?
2621 5527 2754 5596 Quis
2778 5527 2896 5585 zelo
2924 5527 3020 5586 Dei
3041 5543 3301 5586 accensus
3320 5529 3551 5590 mirabili

1960 5615 2028 5670 ad
2057 5615 2315 5674 ultionem
2344 5616 2717 5676 fornicationis
2739 5617 2857 5674 sine
2883 5617 3138 5677 dilatione
3163 5619 3404 5677 sanando
3431 5636 3551 5692 pte-

1961 5706 2205 5766 nitentiae
2233 5707 2589 5766 medicamine
2615 5709 2787 5781 stupri
2815 5707 3066 5787 affectum
3086 5751 3104 5776 ,
3144 5725 3213 5767 ne
3239 5711 3319 5768 ira
3350 5711 3550 5783 popqu

1962 5799 2352 5873 inardesceret,
2381 5802 2520 5859 sicut
2547 5801 2776 5860 Phinees
2802 5801 3053 5862 sacerdos
3099 5801 3288 5879 (Nam.
3320 5819 3446 5875 xxv,
3473 5803 3550 5873 7:
