3970 6466
546 383 639 434 571

1415 381 1644 436 CILDJ'I
1686 384 2038 440 SAPIENTIS
2079 386 2161 439 DF.
2201 388 2470 443 EXCIDIO
2508 390 2896 445 ΒΙΗΤΛΝΝιιΕ

3698 395 3806 447 373

541 498 740 553 Psalm.
774 511 861 562 cv,
893 495 980 565 51)
1009 537 1022 561 ,
1077 503 1135 548 ut
1165 511 1261 564 per
1298 494 1399 549 hoc
1447 495 1498 548 in
1531 510 1646 551 aevo
1673 508 2012 568 reputaretur
2041 499 2114 554 illi
2145 508 2191 564 Α
2222 502 2394 555 niatus
2446 520 2568 569 nos,
2610 521 2770 575 neque
2811 502 3139 573 Oppressisti,
3169 518 3326 574 neque
3356 503 3513 557 tulisti
3543 505 3609 558 de
3639 521 3805 559 manu

531 590 761 661 justitia,
792 599 1010 644 strenue
1038 589 1408 643 consurrexit?
1437 587 1567 653 Quis
1589 604 1716 644 vero
1738 605 1921 644 eorum
1952 591 2034 645 vel
2064 593 2116 646 in

535 681 978 752 cxstirpationcm
1002 694 1168 748 usque
1192 677 1257 732 ad
1283 678 1701 734 internecionem
1729 679 1795 734 de
1821 690 1959 736 terra
1987 698 2116 752 pro-

538 773 807 830 missionis
829 781 1034 843 septem
1055 771 1289 841 gentium
1321 773 1510 828 morali
1539 773 1910 842 intelligentia,
1939 776 2020 829 vel
2049 777 2114 831 ad

535 864 1022 921 constabilitionem
1051 864 1341 933 spiritualis
1368 863 1528 919 lsrael
1558 879 1655 934 pro
1685 864 1763 921 eis
1802 865 1935 935 (Jos.
1967 883 2111 935 xxiv,

538 956 628 1025 11)
665 954 847 1010 Jesum
878 954 1024 1009 Nave
1052 954 1289 1009 imitatus
1318 956 1435 1009 est?

571 1063 581 1069 '
605 1048 736 1103 CAP.
769 1064 839 1102 tv.
887 1047 1255 1118 Proponuntur
1281 1049 1434 1103 Jesus
1463 1059 1510 1103 et
1538 1049 1761 1106 Pltinees
1791 1053 1908 1122 (seu
1935 1055 2114 1124 potius

538 1142 871 1209 Eleazarus),
915 1141 1127 1212 Jephte,
1170 1141 1365 1197 Jedeon
1385 1184 1399 1208 ,
1437 1144 1676 1199 Samsom
1705 1155 1753 1198 et
1779 1145 2010 1200 Samuel.
2042 1175 2114 1186 —

535 1234 664 1300 Quis
694 1250 878 1288 eorum
908 1235 1104 1304 pogtulo
1130 1234 1222 1288 Dei
1255 1234 1435 1290 linales
1465 1236 1720 1291 terminos
1750 1245 1898 1292 trans
1924 1236 2113 1292 Jorda-

532 1342 653 1379 nem
679 1367 692 1390 ,
733 1333 790 1379 ut
812 1325 1040 1381 sciretur
1063 1324 1188 1394 quid
1217 1326 1407 1395 cuique
1437 1325 1595 1380 tribui
1623 1328 1937 1393 conveniat,
1975 1330 2111 1385 sicut

455 1431 460 1434 '
531 1415 852 1487 supradicti,
881 1416 1112 1471 Phinees
1144 1426 1168 1453 ⁸
1197 1416 1402 1471 scilicet
1429 1427 1484 1470 et
1510 1415 1663 1472 .lesus
1696 1417 1830 1488 (Jos.
1859 1435 1969 1488 χιχ,
1992 1419 2104 1489 51),

529 1510 794 1578 sagaciter
820 1507 1077 1574 divisere,
1111 1507 1379 1562 ostendit?
1428 1507 1558 1574 Quis
1588 1517 1647 1562 ut
1675 1509 2106 1565 adversariorum

465 1611 468 1614 '
529 1602 669 1671 plebi
701 1601 793 1654 Dei
824 1601 1114 1654 immunem
1144 1609 1486 1669 prosternere
1510 1603 1748 1670 gentium
1776 1603 1959 1668 millia,
1989 1604 2107 1658 uni-

527 1709 644 1750 cam
675 1691 836 1746 filiam
866 1707 984 1761 qum
1014 1693 1227 1763 propria
1257 1693 1505 1763 voluptas
1534 1693 1865 1764 intelligitur,
1894 1696 2105 1751 imitans

525 1790 579 1839 et
605 1785 659 1839 in
688 1784 790 1838 hoc
818 1783 1131 1853 Apostolum
1173 1783 1436 1837 dicentem
1469 1801 1481 1837 :
1516 1782 1636 1838 Non
1684 1783 1916 1858 qumens
1964 1788 2101 1859 quod

2216 592 2437 664 alicujus
2466 595 2724 664 quippiam
2756 593 2938 664 (lbid.,
2968 593 3043 664 4).

2286 682 2414 737 Car.
2439 700 2490 738 ν.
2521 684 2863 740 Recensentur
2888 685 3123 756 exempla
3148 683 3299 750 Elia,
3327 683 3506 740 Elistzi
3533 695 3584 740 et
3613 685 3802 744 Isaia.

2213 801 2285 812 —
2312 773 2442 840 Quis
2470 792 2657 830 eorum
2688 777 2810 846 igne
2856 777 3063 834 caelesti
3111 786 3328 833 centum
3365 781 3630 849 superbos
3657 798 3801 838 exu-

2215 877 2338 918 rens
2359 905 2372 928 ,
2406 864 2787 934 quinquaginta
2815 867 3043 921 humiles
3069 882 3290 922 servans
3327 866 3434 938 (IV
3466 868 3596 942 Reg.
3627 887 3668 942 ι,
3703 871 3800 944 10,

2215 953 2302 1018 11,
2336 955 2466 1027 15),
2509 967 2565 1012 et
2609 958 2812 1028 absque
2852 958 3172 1016 adulationis
3207 960 3330 1017 fuco
3359 979 3466 1018 non
3497 964 3663 1020 Deum
3695 981 3799 1035 per

2213 1048 2518 1117 prophetas,
2549 1049 2644 1104 sed
2691 1051 2889 1106 idolum
2917 1051 3184 1119 Acearon,
3230 1053 3532 1109 consulenti
3559 1066 3794 1112 mortem

2214 1139 2581 1194 imminentem
2613 1141 2794 1210 iniquo
2822 1143 2935 1210 regi
2963 1143 3284 1199 annuntians
3311 1143 3498 1214 (Ibid.,
3525 1145 3641 1216 16),
3666 1163 3794 1202 om-

2212 1245 2307 1283 nes
2335 1232 2626 1301 prophetas
2651 1233 2922 1289 simulacri
2957 1233 3086 1288 Baal
3134 1234 3247 1306 (qui
3277 1235 3611 1305 interpretati
3642 1240 3793 1294 acci-

2211 1320 2428 1388 piuntur
2470 1334 2659 1377 sensus
2702 1323 2918 1378 humani
2966 1324 3177 1379 invidia:
3202 1366 3217 1392 ,
3258 1326 3534 1397 avaritite,
3577 1337 3636 1382 ut
3673 1328 3790 1397 jam

2210 1407 2460 1476 diximus,
2502 1425 2715 1482 semper
2742 1412 2964 1485 intenti)
3011 1430 3270 1470 mucrone
3297 1431 3539 1481 corusco,
3572 1419 3678 1473 hoc
3706 1429 3791 1474 est

2207 1501 2372 1556 verbo
2388 1501 2505 1570 Dei,
2518 1511 2575 1556 ut
2597 1503 2737 1558 Elias
2757 1505 3001 1573 egregius
3019 1512 3190 1570 vates,
3204 1508 3493 1574 prostravit
3516 1507 3636 1577 (III
3656 1508 3786 1579 Reg.

2208 1605 2374 1655 xvtu,
2415 1589 2550 1662 40),
2591 1600 2647 1648 et
2682 1593 2798 1648 κει.»
2835 1593 2928 1648 Dei
2970 1602 3272 1650 commotus
3297 1596 3600 1667 iniquorum
3631 1607 3790 1654 terra

2208 1679 2405 1736 imbres
2433 1681 2671 1738 adimens
2708 1684 3020 1749 :etherales,
3053 1693 3117 1740 ac
3144 1686 3190 1742 si
3218 1684 3510 1743 fortissimo
3537 1691 3785 1759 penurize

2206 1771 2450 1828 clustello
2495 1775 2666 1829 tribus
2725 1776 2879 1830 annis
2936 1790 3139 1845 sexque
3185 1779 3457 1834 mensibus
3503 1781 3784 1838 obseratos

522 1875 647 1930 mihi
676 1875 801 1928 utile
827 1883 933 1941 est,
962 1873 1052 1928 sed
1081 1874 1214 1945 quod
1244 1875 1445 1940 multis,
1473 1883 1527 1928 ut
1562 1875 1691 1930 salvi
1715 1877 1847 1946 ﬁant
1895 1875 1950 1948 (I
1979 1876 2087 1932 Cor.

2209 1861 2329 1935 (111
2351 1863 2477 1935 Reg.
2511 1881 2640 1931 xvu,
2670 1863 2760 1936 1),
2792 1865 2960 1930 fame,
2990 1866 3076 1920 siti
3105 1867 3457 1923 moribundus
3482 1867 3535 1922 in
3561 1869 3781 1926 deserto

452 1980 455 1982 ·
520 1980 574 2028 x,
606 1963 718 2033 55),
751 1963 1057 2018 obviantem
1081 1963 1371 2018 victoribus
1399 1979 1518 2018 cum
1549 1965 1814 2036 tympanis
1846 1975 1898 2020 et
1924 1967 2102 2023 choris

519 2057 716 2125 (Judic.
751 2072 822 2118 xt,
851 2055 966 2126 51),
997 2055 1155 2110 idest
1184 2055 1486 2110 carnalibus
1515 2055 1815 2124 desideriis,
1848 2058 1900 2112 in
1931 2060 2098 2116 sacri-

487 2146 698 2202 ‘licium
730 2147 920 2201 votiva:
950 2146 1284 2215 placationis,
1316 2154 1374 2200 ut
1402 2144 1613 2216 Jephte,
1645 2149 1935 2203 mactavit?
1970 2149 2100 2216 Quis

517 2253 704 2292 eorum
728 2238 795 2291 ad
818 2237 1182 2291 conturbanda
1198 2279 1213 2303 ,
1241 2237 1465 2306 fuganda
1490 2239 1884 2310 sternendaque
1911 2256 2096 2311 super-

517 2329 705 2383 barum
735 2327 969 2396 gentium
1001 2335 1175 2382 castra
1216 2329 1484 2399 mysteriis
1511 2328 1819 2396 Trinitatis,
1853 2341 1909 2386 ut
1937 2349 2096 2404 supra

515 2418 770 2483 diximus,
801 2433 922 2471 eum
949 2417 1164 2487 lagenas
1191 2416 1317 2472 viris
1345 2419 1648 2474 tenentibus
1687 2419 1888 2490 (Judic.
1920 2439 2009 2485 vu,
2039 2420 2092 2488 6,

517 2508 603 2573 16,
627 2507 718 2579 ‘20)
749 2508 988 2578 egregias
1012 2508 1062 2562 in
1090 2509 1334 2564 manibus
1355 2518 1715 2581 sonantesque
1737 2512 1890 2566 tubas
1917 2512 1992 2583 (id
2014 2521 2095 2568 est

517 2597 860 2669 pmpheticos
888 2608 938 2654 et
969 2599 1292 2670 apostolicos
1330 2615 1518 2656 sensus
1540 2643 1554 2667 ,
1589 2609 1646 2656 ut
1675 2601 1809 2656 dixit
1840 2602 2092 2660 Dominus

514 2691 790 2762 prophette
815 2709 827 2744 :
854 2690 1048 2746 Exalta
1077 2692 1224 2762 quasi
1254 2691 1374 2745 tuba
1402 2709 1569 2746 vocem
1599 2701 1736 2746 luant
1779 2693 1911 2766 (Ira.
1943 2711 2087 2762 LW”,

513 2781 604 2854 1];
628 2793 682 2838 et
701 2782 979 2838 Psalmista
1005 2783 1072 2839 de
1097 2785 1355 2854 apostolis
1376 2802 1388 2838 :
1409 2783 1474 2838 In
1503 2801 1702 2840 omnem
1725 2795 1913 2841 terram
1935 2789 2092 2843 exivit

513 2891 670 2931 sonus
688 2891 860 2929 eorum
883 2873 1340 2949 [Psalm.xvm,5])
1356 2882 1410 2930 et
1432 2875 1645 2944 lagcnas
1661 2877 2088 2947 splendidissimo

511 2966 647 3034 ignis
676 2966 875 3020 lumine
905 2975 1066 3022 noctu
1096 2973 1443 3022 coruscantes
1491 2967 1650 3038 (quae
1677 2968 2008 3040 accipiuntur
2034 2971 2086 3026 in

509 3065 820 3115 sanctorum
871 3058 1187 3128 corporibus
1232 3057 1388 3113 bonis
1434 3060 1686 3128 operibus
1733 3061 1988 3125 annexis,
2033 3070 2088 3116 et

507 3148 680 3205 sancti
691 3147 920 3218 Spiritus
935 3148 1041 3218 igni
1055 3148 1450 3215 ardentibus,ut
1466 3147 1780 3218 Apostolus:
1798 3149 2082 3220 Habentes,

2205 1965 2534 2025 conquestus
2568 1966 2651 2013 est
2689 1975 2702 2010 :
2735 1956 2990 2024 Domine,
3033 1959 3281 2030 inquiens
3302 2001 3316 2026 ,
3363 1961 3638 2031 prophetas
3668 1971 3780 2016 tuos

2201 2045 2512 2113 occiderunt,
2541 2055 2590 2101 et
2609 2047 2797 2102 altaria
2813 2056 2898 2101 tua
2910 2049 3226 2118 suﬂ'oderunt
3243 2067 3262 2115 ,°
3285 2059 3334 2105 et
3345 2068 3438 2122 ego
3450 2053 3655 2106 relictus
3667 2070 3776 2107 sum

2148 2139 2150 2141 ’
2200 2136 2359 2200 solus,
2391 2145 2440 2190 et
2467 2147 2700 2209 quaerunt
2736 2139 2963 2192 animam
2996 2156 3162 2194 meam
3206 2139 3329 2211 (III
3353 2140 3482 2213 Reg.
3514 2158 3626 2209 xtx,
3655 2143 3774 2212 10)?

2197 2224 2328 2291 Quis
2355 2239 2542 2281 eorum
2584 2227 2956 2284 cbarissimum
3003 2228 3321 2300 discipulum
3362 2233 3589 2287 terrenis
3624 2244 3770 2288 extra

2196 2317 2412 2373 solitum
2441 2320 2765 2390 ponderibus
2793 2330 3072 2376 oneratum
3113 2322 3221 2393 (IV
3254 2323 3382 2397 Reg.
3408 2340 3474 2392 ν,
3500 2324 3590 2391 25)
3611 2367 3628 2392 ,
3657 2343 3768 2397 qua:

2195 2414 2322 2462 ante
2349 2423 2414 2462 ea
2444 2423 2474 2462 a
2503 2424 2562 2463 se
2590 2424 2913 2480 magnopere
2940 2411 3064 2468 licet
3092 2421 3278 2482 rogato
3303 2423 3362 2468 ut
3383 2417 3650 2485 acciperet
3678 2417 3767 2472 de-

2193 2508 2375 2570 specta
2405 2499 2626 2556 fuissent
2668 2501 2856 2572 (Ibid.,
2889 2501 3008 2574 16),
3050 2505 3152 2558 etsi
3180 2521 3286 2558 non
3315 2516 3572 2576 perpetua
3600 2508 3762 2577 lepra,

2193 2601 2252 2646 ut
2280 2590 2530 2659 Eliszeus,
2559 2594 2731 2648 saltim
2761 2595 3073 2665 expulsione
3098 2596 3373 2651 mulctavit
3416 2597 3525 2668 (IV
3555 2597 3683 2669 Reg.
3713 2616 3762 2665 ν,

2191 2685 2330 2756 27)?
2386 2685 2452 2740 Et
2497 2688 2616 2756 quis
2659 2703 2725 2743 ex
2777 2689 2880 2742 illis
2923 2704 3089 2759 puero
3130 2690 3183 2743 in
3231 2689 3355 2744 vita:
3398 2691 3760 2760 desperatione

2189 2777 2459 2843 testuanti,
2494 2786 2653 2848 atque
2682 2778 2972 2849 improviso
3001 2795 3162 2849 super
3188 2779 3382 2835 bellico
3411 2780 3642 2834 hostium
3673 2797 3760 2851 ap-

2190 2880 2380 2941 paratu
2410 2870 2680 2926 civitatem
2718 2871 2770 2926 in
2800 2886 2902 2941 qua
2933 2881 3088 2926 erant
3114 2871 3488 2927 obsidientium
3515 2874 3756 2927 tremefa-

2187 2971 2275 3018 cto
2305 2961 2411 3031 (IV
2437 2962 2566 3034 Περ.
2591 2979 2662 3027 vt,
2688 2963 2810 3032 15),
2842 2965 2983 3019 inter
3007 2979 3105 3019 nos
3148 2963 3228 3036 (ut
3255 2964 3367 3035 ille)
3405 2965 3594 3019 animte
3622 2965 3756 3021 visus

2186 3056 2411 3110 ferventi
2439 3058 2751 3112 exoratione
2779 3058 2845 3111 ad
2878 3057 3041 3113 Deum
3070 3057 3208 3113 facta
3239 3058 3332 3128 (ita
3362 3066 3418 3112 ut
3445 3059 3636 3113 intueri
3661 3075 3753 3129 po-

2186 3147 2312 3200 terit
2339 3145 2524 3219 [Ibid.,
2551 3144 2640 3218 17]
2670 3147 3004 3202 auxiliarium
3034 3148 3267 3204 cmlestis
3290 3150 3557 3204 exercitus
3585 3165 3753 3202 arma-

508 3238 778 3312 inquit[ll
797 3237 1409 3309 Cor.,tv,7],thesaurum
1425 3240 1578 3293 istum
1600 3241 1650 3293 in
1673 3241 1808 3294 vasis
1822 3241 2084 3312 ﬁctilibus)
2114 3248 2157 3307 (ζ
2192 3243 2366 3290 lorum
2397 3251 2646 3291 curruum
2676 3253 2774 3293 ceu
2802 3238 3039 3306 equitum
3079 3239 3244 3308 ignita
3272 3239 3420 3293 vultu
3449 3237 3752 3307 fulgentium

507 3336 629 3397 post
655 3328 969 3383 idololatria:
1012 3329 1116 3384 luci
1157 3328 1322 3399 (quod
1348 3328 1622 3383 moraliter
1651 3329 2079 3400 interpretatum,

507 3417 786 3473 condensa:
797 3427 851 3473 et
863 3418 1020 3473 fusca:
1033 3418 1357 3489 cupiditatis)
1373 3419 1724 3474 succisioncm
1736 3421 2079 3493 silv-.e(ludic.

509 3524 579 3575 vr,
609 3506 702 3578 25)
722 3549 738 3576 ,
768 3517 823 3563 et
849 3508 1113 3564 evidentia
1146 3509 1392 3577 figmenta
1427 3507 1630 3564 Judaici
1661 3510 1874 3566 velleris
1900 3513 2083 3570 imbris

507 3600 738 3656 cmlestis
765 3599 971 3671 experti
1021 3599 1207 3670 (Ibid.,
1237 3601 1361 3671 57),
1407 3608 1461 3654 et
1485 3601 1728 3669 gentilis,
1758 3618 1881 3658 rore
1909 3605 2082 3660 sancti

507 3693 734 3761 Spiritus
761 3691 1072 3759 madefacti,
1106 3691 1207 3745 lide
1233 3707 1339 3746 non
1371 3691 1562 3759 dubia,
1596 3701 1653 3746 ut
1681 3691 1920 3758 Gedeon,
1951 3709 2079 3764 pro-

505 3784 667 3839 cessit
713 3785 908 3853 (Judic.
938 3799 1039 3851 vn,
1069 3784 1173 3853 1)?
1223 3783 1353 3850 Quis
1403 3800 1588 3839 eorum
1636 3785 1771 3840 mori
1819 3796 2080 3856 exoptans

505 3876 702 3931 mundo
739 3885 794 3931 et
839 3877 1019 3933 vivere
1060 3875 1272 3931 Christo
1319 3875 1537 3946 (Philip.
1568 3892 1604 3942 ι,
1637 3876 1749 3944 25),
1781 3877 2081 3936 luxuriosos

502 3969 739 4036 gentium
767 3968 1020 4023 convivas
1040 3968 1317 4022 laudantes
1345 3966 1474 4021 deos
1501 3983 1625 4021 suos
1647 3967 1841 4037 (Judic.
1860 3985 1965 4034 th,
1982 3969 2080 4023 25-

499 4058 590 4128 25)
623 4059 696 4130 (id
723 4066 806 4114 est
831 4075 1018 4114 sensus
1045 4058 1363 4114 extollentes
1389 4057 1619 4123 divitias,
1652 4069 1709 4112 ut
1737 4059 2024 4131 Apostolus
2059 4077 2073 4114 :

500 4149 570 4205 Et
590 4150 830 4215 auaritia,
857 4150 1026 4220 inquit
1044 4147 1428 4222 [Coloss.tu,5j,
1453 4165 1567 4220 qua:
1586 4157 1661 4203 est
1683 4151 2076 4205 simulacrorum

500 4243 734 4312 servitus)
751 4243 1021 4298 concussis
1035 4242 1240 4297 duabus
1256 4242 1451 4296 virtute
1466 4242 1800 4297 brachiorum
1815 4243 2076 4299 columnis

503 4334 644 4401 (qua:
691 4334 1057 4402 intelliguntur
1107 4335 1161 4387 in
1209 4331 1572 4402 voluptatibus
1619 4347 1845 4403 nequam
1883 4335 2076 4389 anima:

503 4423 785 4492 carnisque
808 4461 824 4488 ,
860 4424 1052 4492 quibus
1079 4423 1269 4479 domus
1314 4423 1560 4477 humana:
1601 4423 1776 4477 omnis
1822 4423 2075 4494 nequitia:

501 4513 898 4582 quodammodo
921 4515 1168 4584 pangitur
1195 4530 1258 4569 ac
1285 4515 1710 4580 fulcimentatur)
1757 4524 1866 4570 tam
1919 4517 2076 4570 innu-

502 4603 806 4671 merabiles,
831 4612 888 4658 ut
913 4603 1139 4658 Samson
1171 4604 1362 4675 (Judic.
1390 4603 1726 4675 “1,29,50),
1751 4607 2074 4674 prostravit?

501 4695 634 4762 Quis
655 4696 988 4756 orationibus
1007 4695 1426 4763 bolocausto'que
1445 4696 1696 4751 laetantis
1725 4697 1842 4765 agni
1871 4707 2074 4753 metum

502 4785 780 4857 depellens
807 4785 1172 4858 (IReg.vtt,9),
1205 4788 1500 4856 insperatas
1529 4789 1884 4843 tonitruorum
1913 4806 2077 4846 voces

505 4879 832 4948 nubiumque
862 4879 1061 4935 imbres
1088 4879 1359 4934 concitans
1389 4879 1440 4952 (τι
1464 4879 1592 4952 Περ.
1618 4896 1707 4946 xu,
1736 4881 1847 4950 17),
1873 4881 2076 4950 absque

480 4968 809 5026 *adulatione
837 4984 1018 5039 regem
1039 4971 1372 5026 constituens
1401 4971 1454 5043 (1
1478 4971 1604 5043 Reg.
1635 4989 1688 5041 x,
1712 4973 1765 5040 1,
1788 4973 1900 5045 21),
1925 4989 2077 5028 eum-

499 5067 625 5120 dem
652 5063 763 5120 Deo
791 5081 896 5120 non
923 5065 1220 5135 placentem
1250 5065 1504 5135 abjicieus
1524 5077 1684 5122 uncto
1714 5084 1811 5138 pro
1841 5067 1931 5121 illo
1960 5081 2073 5121 me-

501 5156 637 5210 liore
670 5155 724 5210 in
751 5169 920 5225 regno
959 5155 1011 5228 (1
1046 5156 1172 5229 Reg.
1200 5171 1323 5222 xm,
1354 5157 1448 5224 14;
1479 5174 1564 5225 xv,
1593 5157 1690 5225 28;
1722 5176 1830 5223 xvt,
1858 5159 1982 5227 15),
2016 5166 2074 5212 ut

499 5247 735 5316 Samuel,
750 5247 1108 5304 valedicturus
1125 5250 1323 5319 populo
1347 5250 1540 5306 astabit
1559 5251 1660 5306 hoc
1682 5251 1840 5305 modo
1861 5250 2070 5304 dicens:

500 5337 637 5393 Ecce
664 5349 850 5410 prcsto
876 5356 1019 5406 sum;
1048 5341 1313 5410 loquimini
1343 5358 1513 5396 coram
1546 5340 1768 5394 Domino
1794 5350 1843 5393 et
1869 5338 2074 5393 Christo

503 5445 650 5499 ejus,
701 5439 872 5484 utrum
901 5430 1073 5485 bovem
1128 5435 1429 5502 cujusquam
1485 5432 1703 5495 tulerim,
1738 5446 1806 5483 an
1833 5429 2072 5494 asinum;

499 5521 544 5573 si
573 5521 863 5591 quempiam
890 5518 1234 5574 calumniatus
1262 5537 1394 5585 sum,
1426 5521 1471 5574 si
1499 5521 1727 5590 oppressi
1758 5520 1998 5590 aliquem,
2031 5521 2076 5573 si

502 5608 565 5660 de
600 5623 757 5661 manu
783 5610 1082 5680 cujusquam
1112 5625 1293 5663 munus
1335 5608 1510 5677 accepi
1560 5607 1612 5678 (1
1638 5607 1766 5678 Reg.
1795 5624 1888 5673 xtt,
1914 5607 1967 5671 2,
1992 5607 2071 5676 5).

499 5698 597 5752 Cui
623 5715 651 5752 a
675 5700 872 5769 populo
901 5714 1214 5771 responsum
1243 5707 1324 5754 est
1351 5698 1563 5753 dicente
1597 5717 1608 5752 :
1644 5699 1764 5753 Non
1794 5716 1847 5754 es
1875 5702 2071 5754 calum-

640 5860 892 5918 Memoria
922 5862 1101 5933 lapsus
1131 5869 1339 5917 auctor.
1374 5860 1625 5917 Rescribe
1658 5862 1956 5918 Eleazarus.

2188 3336 2426 3384 montem
2474 3329 2732 3401 plenum)
2780 3331 3070 3400 patefecit,
3112 3339 3168 3386 et
3205 3331 3426 3386 credere
3457 3331 3640 3402 (lbid.,
3669 3330 3750 3400 16)

2187 3419 2317 3490 quin
2346 3419 2537 3474 fortior
2572 3429 2714 3477 esset
2755 3421 2823 3476 ad
2874 3422 3183 3477 salvandum
3231 3437 3391 3491 quam
3444 3424 3640 3478 inimici
3686 3421 3749 3476 ad

2187 3510 2566 3579 pugnandum?
2599 3509 2661 3564 Et
2689 3512 2808 3581 quis
2834 3527 3020 3567 eorum
3045 3512 3287 3582 corporis
3315 3521 3460 3567 tactu
3492 3511 3543 3582 (l
3561 3512 3599 3566 γ
3626 3512 3746 3582 Περ.

2186 3615 2258 3667 tv,
2288 3599 2378 3670 51)
2397 3639 2412 3666 ,
2450 3601 2648 3656 mortui
2677 3603 2882 3656 scilicet
2910 3601 3130 3669 mundo,
3159 3603 3389 3657 viventis
3415 3614 3593 3656 autem
3623 3602 3746 3668 Deo,

2183 3691 2274 3745 alii
2301 3691 2514 3747 diverso
2558 3692 2744 3748 funere
2789 3693 3107 3760 occubanti,
3140 3694 3325 3765 procul
3352 3694 3514 3748 dubio
3543 3702 3749 3748 mortuo

2187 3783 2317 3849 Deo,
2341 3783 2484 3839 vitiis
2505 3799 2634 3839 vero
2659 3785 2876 3848 viventi,
2905 3785 3055 3855 quasi
3075 3800 3234 3856 supra
3259 3785 3450 3848 dictus,
3477 3784 3746 3855 proficiet;

2183 3872 2255 3927 ita
2287 3885 2344 3930 ut
2378 3875 2557 3930 statim
2588 3875 2872 3944 prosiliens
2915 3877 3129 3932 Christo
3175 3885 3357 3945 grates
3387 3893 3486 3946 pro
3526 3876 3749 3930 sanitate

2182 3973 2306 4034 agat
2351 3976 2666 4022 cunctorum
2729 3983 2866 4039 pene
2914 3971 3221 4025 mortalium
3276 3986 3373 4024 ore
3424 3969 3748 4040 desperata?

2181 4055 2350 4125 Cujus
2381 4072 2566 4112 eorum
2599 4059 2832 4114 carbone
2860 4060 3026 4129 ignito
3055 4061 3123 4116 de
3151 4060 3303 4115 altari
3333 4062 3534 4131 forcipe
3563 4062 3751 4116 cheru-

2180 4149 2269 4203 bin
2312 4149 2541 4203 advecto
2595 4151 2694 4221 (ut
2738 4161 2958 4220 peccata
2996 4166 3091 4207 sua
3121 4150 3426 4206 delerentur
3455 4151 3749 4204 liumilitate

2179 4239 2555 4307 confessionis)
2595 4241 2760 4309 labia,
2792 4250 2850 4296 ut
2876 4241 3049 4307 Isaiae,
3080 4243 3331 4297 mundata
3362 4251 3489 4297 sunt
3516 4241 3651 4313 (Ira.
3678 4257 3747 4306 Vl,

2179 4333 2231 4397 6,
2262 4333 2338 4403 7),
2369 4341 2424 4388 et
2451 4332 2655 4388 efficaci
2683 4335 2926 4390 oratione
2953 4336 3053 4390 sibi
3081 4337 3326 4406 adjuncta
3357 4337 3428 4407 pii
3457 4338 3598 4405 regis
3619 4336 3749 4392 Eze-

2178 4424 2310 4478 chiae
2349 4423 2456 4493 (IV
2494 4423 2618 4495 Reg.
2649 4439 2759 4489 xtx,
2791 4424 2841 4491 1,
2876 4425 2976 4492 14;
3010 4425 3118 4481 Isa.
3152 4443 3353 4490 xxxvn,
3380 4427 3431 4492 1,
3462 4425 3582 4494 15),
3629 4442 3750 4496 sup-
3783 4470 3787 4478 .

2178 4515 2508 4584 plantatione
2535 4521 2750 4569 centum
2789 4515 3059 4583 octoginta
3087 4516 3320 4584 quinque
3351 4516 3512 4570 millia
3542 4516 3748 4570 exerei-
3783 4591 3788 4598 ι

2107 4624 2154 4682 Ι)
2180 4613 2262 4657 tus
2292 4603 2629 4676 Assyriorum
2655 4643 2670 4670 ,
2703 4603 2849 4659 nullo
2901 4614 3192 4674 apparentc
3241 4605 3477 4662 vulneris
3505 4605 3745 4674 vestigio,

2180 4695 2351 4764 angeli
2377 4710 2566 4761 manu,
2597 4703 2654 4748 ut
2679 4694 3000 4764 supradicti,
3029 4703 3292 4764 prostrata
3322 4703 3447 4750 sunt
3477 4695 3586 4765 (IV
3623 4695 3745 4766 Reg.

2180 4802 2290 4850 xix,
2321 4785 2420 4851 55;
2452 4784 2563 4838 Isa.
2593 4800 2756 4850 xxvn,
2788 4784 2918 4855 56)?
2963 4784 3091 4852 Quis
3133 4800 3318 4840 eorum
3367 4786 3436 4841 ob
3486 4795 3748 4856 praecepta

2180 4875 2272 4929 Dei
2297 4883 2352 4929 et
2379 4875 2550 4929 ruinas
2579 4874 2788 4929 emlitus
2820 4875 2973 4929 datas
3003 4874 3132 4945 (Jer.
3156 4891 3194 4939 ι,
3219 4875 3337 4946 17),
3365 4877 3749 4946 veritatemque
3772 4867 3785 4939 ί

2177 4965 2262 5019 vel
2291 4980 2397 5020 non
2419 4964 2754 5019 audientibus
2773 4965 3456 5035 proferendam,squalores
3483 4965 3748 5037 ptedores-
3777 5003 3780 5007 ι

2179 5070 2284 5124 que
2329 5071 2605 5117 carcerum
2658 5055 2789 5127 (Jer.
2836 5072 2937 5122 xx,
2968 5056 3034 5122 2;
3083 5056 3350 5123 xxxtt,2;
3403 5073 3604 5123 xxxvn,
3643 5056 3745 5120 15;

2184 5163 2400 5212 xxxvnt,
2433 5147 2546 5219 6),
2593 5155 2648 5203 et
2675 5156 3079 5203 momentaneas
3107 5156 3307 5200 mortes
3355 5146 3486 5216 (ler.
3518 5161 3664 5211 xxvt,
3693 5143 3745 5211 8,

2182 5238 2292 5307 1.1),
2324 5247 2380 5292 ut
2407 5239 2594 5294 beat-us
2623 5237 2900 5300 Jeremias,
2930 5237 3178 5307 excepit?
3206 5235 3272 5289 Et
3300 5251 3368 5291 ne
3392 5236 3554 5290 multa
3585 5253 3600 5290 :
3625 5236 3748 5301 Quis

2179 5345 2364 5384 eorum
2382 5371 2397 5398 ,
2431 5338 2487 5384 ut
2515 5330 2765 5399 Magister
2791 5329 3027 5397 gentium
3054 5327 3187 5382 dixit
3213 5326 3398 5396 (Hebr.
3423 5342 3495 5389 xt,
3519 5326 3608 5389 '57,
3633 5324 3743 5394 58),

2181 5436 2362 5475 errare
2406 5420 2459 5474 in
2509 5420 2776 5474 montibus
2799 5460 2813 5484 ,
2853 5427 2907 5474 et
2943 5420 2995 5473 in
3025 5418 3292 5488 speluncis
3319 5425 3374 5472 et
3401 5417 3456 5471 in
3481 5416 3740 5476 cavernis,

2181 5513 2426 5584 lapidari,
2470 5513 2658 5577 secari,
2704 5514 2867 5567 totius
2908 5512 3096 5567 mortis
3141 5524 3339 5581 genere
3382 5523 3480 5579 pro
3532 5507 3742 5561 nomine

2179 5605 2388 5660 Domini
2428 5604 2708 5672 attentari,
2741 5603 2880 5660 sicut
2905 5601 3076 5660 sancti
3111 5601 3388 5674 propheta:
3410 5641 3426 5668 ,
3463 5610 3743 5670 perpessus

2177 5705 2259 5752 est
2273 5699 2295 5750 ?
