3970 6470
257 340 357 398 375

968 342 1171 399 LIBER
1206 343 1602 413 QUERULUS.
1630 348 1808 410 PARS
1842 350 1928 409 ll].
1966 349 2377 410 INCREPATIO
2413 352 2480 407 1N
2517 348 2821 407 CLERUM.

3393 338 3500 399 578

322 455 448 511 Car.
476 470 547 509 vt.
584 453 784 510 Deinde
810 471 876 511 ea:
904 454 1052 513 Novo
1092 457 1413 514 Testamento
1450 459 1675 518 Iacobus
1711 462 1821 531 pri-
1852 467 1901 524 Α
1925 463 2288 535 dispersiones
2316 464 2520 520 ossium
2546 505 2563 532 ,
2591 462 3087 534 discerptioncsquc
3112 453 3501 519 membrorum,

258 564 393 609 mus,
431 546 614 600 Petrus
650 555 699 600 et
735 546 952 602 Paulus.
989 578 1061 589 —-—
1095 547 1201 603 Sed
1227 548 1356 619 quid
1383 549 1735 605 immoramur
1762 550 1816 604 in
1856 592 1859 595 μ

258 636 509 708 exemplis
534 637 804 694 veteribus
824 676 841 705 ,
876 654 943 695 ac
970 638 1018 695 si
1054 655 1162 695 non
1190 648 1371 695 essent
1411 640 1470 695 iu
1498 656 1639 697 novo
1667 642 1819 697 ulla?

1924 569 1990 610 ac
2018 555 2183 610 totius
2209 555 2452 626 corporis
2480 568 2682 625 parum,
2707 562 2762 609 et
2786 553 2966 609 omnia
2992 552 3046 606 in
3069 563 3157 605 me
3179 548 3348 603 unum
3373 558 3503 614 sup-

1922 645 2079 714 plicia
2123 644 2319 701 diaboli
2365 654 2485 700 arte
2527 644 2749 714 quaesita
2778 642 3169 712 compleantur.
3206 634 3502 693 dummodo

258 731 483 787 Audiant
508 729 689 799 itaque
715 746 816 786 nos
836 731 930 800 qui
962 730 1163 801 absque
1191 731 1300 788 ullo
1328 732 1516 789 labore
1538 741 1820 802 angustum
1920 731 2104 787 Jesum
2149 730 2420 787 Christum
2468 746 2680 787 merear
2730 730 2974 801 adipisci.
3011 747 3030 781 ι
3083 726 3227 794 Quid
3267 724 3335 780 ad
3386 722 3504 778 haec

258 823 355 896 hoc
390 821 490 876 iter
522 820 838 877 Christianae
873 822 1179 893 religionis,
1208 831 1471 894 praetento
1499 830 1708 879 tantum
1734 838 1825 878 sa-

257 913 505 970 cerdotali
529 912 765 979 nomine,
788 913 990 970 intrare
1008 929 1068 971 se
1086 923 1295 986 putant,
1318 923 1604 987 carpentes
1622 930 1825 987 paucos
1854 928 1859 932 ‘

258 1000 447 1068 flores,
494 1000 659 1057 veluti
685 1017 942 1070 summos,
982 1002 1051 1059 de
1096 1011 1319 1060 extento
1353 1013 1662 1060 sanctorum
1691 1004 1827 1061 Novi

256 1091 577 1149 Testamenti
600 1092 833 1147 tironum
859 1108 1180 1165 amamoque
1207 1103 1382 1166 prato.
1414 1095 1546 1163 Quis
1568 1104 1822 1164 vestrum,

255 1186 342 1255 qui
368 1184 593 1254 torpetis
617 1185 796 1254 potius
820 1200 983 1255 quam
1006 1188 1206 1246 sedetis
1232 1188 1467 1257 legitime
1495 1189 1551 1244 in
1575 1188 1828 1245 sacerdo-

258 1273 346 1328 tali
374 1272 533 1339 sede,
566 1272 771 1342 ejectus
798 1274 867 1329 de
899 1276 1132 1332 concilio
1160 1276 1465 1347 impiorum,
1496 1286 1621 1348 post
1646 1278 1829 1332 diver-

256 1380 429 1419 sarum
453 1364 641 1435 plagas
668 1366 935 1437 virgarum
965 1366 1106 1441 (Aet.
1128 1384 1239 1435 xvt,
1261 1368 1378 1441 23),
1406 1378 1466 1424 ut
1492 1370 1664 1426 sancti
1694 1384 1829 1439 apo-

254 1458 396 1527 stoli,
416 1457 565 1528 quod
582 1457 774 1527 dignus
797 1457 1010 1514 habitus
1034 1467 1118 1516 est
1144 1461 1279 1531 (Act.
1301 1476 1357 1526 v,
1378 1459 1469 1532 41)
1494 1476 1595 1531 pro
1614 1459 1830 1515 Christo

254 1563 377 1603 vero
397 1546 513 1603 Deo
539 1548 919 1604 contumeliam
947 1550 1079 1620 pati,
1101 1557 1219 1606 toto
1244 1550 1408 1606 wrde
1434 1550 1682 1609 Trinitati
1704 1564 1830 1621 gra-

255 1639 351 1693 tias
386 1638 535 1708 egit?
595 1637 726 1706 Quis
771 1640 843 1696 ob
895 1641 1260 1697 testimonium
1307 1654 1438 1697 vero
1487 1640 1602 1698 Deo
1650 1641 1831 1698 feren-

253 1730 376 1784 dum
420 1728 638 1786 fullonis
684 1739 838 1787 vecto
884 1732 1079 1789 crebro
1128 1748 1438 1804 percussus,
1487 1742 1548 1788 ut
1571 1732 1829 1801 Iacobus,

255 1822 453 1892 primus
500 1822 555 1878 in
596 1820 749 1879 Novo
804 1822 1069 1880 duntaxat
1118 1825 1403 1896 episcopus
1460 1826 1830 1894 Testamento,

251 1915 605 1985 corporaliter
630 1914 877 1971 interiit?
925 1915 1056 1983 Quis
1082 1917 1259 1987 gladio
1288 1926 1525 1974 vestrum
1552 1918 1621 1974 ab
1649 1918 1833 1988 iniquo

252 2008 533 2079 principe,
583 2014 643 2064 ut
685 2007 921 2064 Jacobus
963 2006 1184 2065 Joannis
1224 2008 1393 2065 frater
1440 2009 1585 2079 (Act.
1621 2025 1711 2076 xu,
1742 2008 1833 2080 2),

254 2101 432 2170 capite
459 2114 630 2157 cassus
656 2102 777 2156 est?
823 2099 953 2167 Quis
995 2109 1058 2157 ut
1096 2102 1501 2172 protominister
1525 2110 1834 2174 martyrque

252 2191 613 2261 cvangelicus,
635 2193 740 2249 hoc
765 2192 937 2249 solum
960 2194 1198 2250 criminis
1223 2194 1446 2259 habens,
1470 2195 1614 2265 quod
1642 2195 1836 2250 viderit

256 2282 450 2349 Deum,
489 2299 650 2353 quem
696 2284 887 2354 perfidi
931 2284 1114 2341 videre
1165 2285 1541 2355 nequiverunt,
1592 2284 1835 2341 nefandis

253 2376 501 2431 manibus
521 2376 785 2446 lapidatus
808 2384 891 2431 est
914 2377 1051 2446 (Act.
1066 2376 1311 2447 vu,57)?
1337 2377 1468 2445 Quis
1492 2376 1719 2433 inversis
1739 2392 1836 2449 pc-

252 2466 408 2522 dibus
431 2467 608 2522 crucis
632 2466 827 2523 afﬁxus
854 2482 954 2537 pro
982 2468 1289 2523 reverentia
1328 2466 1527 2523 Christi
1572 2467 1832 2537 patibulo,

259 2564 317 2611 ut
342 2557 715 2614 clavicularius
759 2557 851 2613 ille
894 2558 1155 2614 calorum
1195 2559 1346 2628 regni
1375 2548 1627 2625 idoneus,
1656 2567 1837 2615 extre-

256 2661 402 2700 mum
432 2646 657 2701 halitum
683 2646 851 2702 fudit?
880 2646 1010 2714 Quis
1036 2664 1103 2703 ex
1131 2649 1285 2704 vobis
1310 2649 1470 2719 gladii
1499 2648 1610 2705 ictu
1633 2648 1835 2705 veridi-

252 2734 424 2790 cantis
441 2751 541 2804 pro
566 2734 907 2792 confessione
927 2737 1126 2794 Christi
1152 2746 1277 2808 post
1300 2738 1537 2805 vincula,
1567 2753 1833 2806 carceres,

254 2824 554 2894 naufragia,
574 2840 813 2880 amaram
832 2826 1107 2894 virgarum
1135 2827 1355 2894 aedem,
1387 2834 1510 2896 post
1536 2826 1834 2895 fluminum,

254 2912 521 2969 latronum
539 2955 558 2983 ,
585 2916 845 2985 gentium,
900 2914 1229 2985 Iudaeorum,
1260 2917 1836 2988 pseudoapostolorum

255 3004 514 3060 continua
543 3005 801 3075 pericula,
832 3015 957 3076 post
982 3006 1166 3073 famis,
1189 3007 1400 3077 jejunii,
1428 3010 1729 3077 vigiliarum
1758 3011 1838 3065 la-

254 3094 439 3161 bores,
470 3104 594 3166 post
633 3105 910 3167 perpetem
938 3098 1354 3154 sollicitudinem
1382 3101 1619 3154 omnium
1649 3101 1837 3156 Eccle-

254 3185 463 3240 siarum
480 3226 497 3251 ,
527 3194 651 3257 post
672 3195 864 3242 aestum
891 3204 991 3259 pro
1017 3190 1514 3259 scandalizantibus,
1545 3201 1666 3263 post
1693 3192 1840 3248 infir-

256 3277 504 3332 mitatem
532 3294 632 3350 pro
659 3279 884 3336 infirmis
907 3317 924 3343 ,
962 3288 1086 3351 post
1111 3281 1474 3339 admirabilem
1500 3284 1837 3354 praedicando

256 3367 459 3422 Christi
497 3368 845 3440 Evangelium
887 3373 1033 3429 orbis
1070 3388 1209 3443 pene
1254 3375 1536 3431 circuitum
1561 3417 1577 3442 ,
1626 3385 1688 3431 ut
1731 3376 1840 3433 Vas

258 3457 544 3515 electionis
579 3460 944 3531 magisterque
975 3462 1213 3531 gentium
1254 3463 1487 3534 electus,
1521 3467 1697 3536 capite
1724 3466 1840 3538 ple-

263 3564 360 3602 xus
389 3550 508 3605 est?

329 3634 465 3692 Car.
487 3652 579 3693 vu.
601 3636 910 3710 Exemplum
928 3643 1095 3697 sancti
1121 3640 1315 3715 Ignatii
1337 3646 1600 3717 martyris.
1626 3677 1692 3688 —
1710 3646 1839 3715 Quis

168 3800 173 3803 _
261 3736 524 3798 vestrum,
554 3738 612 3784 ut
637 3740 855 3787 sanctus
881 3740 1085 3805 martyr
1110 3733 1345 3803 lgnatius
1369 3735 1664 3794 Antiochia:
1693 3740 1840 3797 urbis

259 3823 567 3893 episcopus,
592 3832 714 3893 post
729 3823 1067 3880 admirabiles
1088 3826 1142 3881 in
1162 3827 1377 3886 Christo
1401 3837 1575 3895 actus,
1598 3830 1669 3886 ob
1692 3832 1841 3886 testi-

261 3911 506 3966 monium
549 3912 667 3981 ejus
711 3912 927 3969 leonum
966 3916 1124 3972 molis
1161 3916 1345 3973 Romae
1370 3917 1677 3976 confractus
1714 3923 1841 3978 est?

261 4001 412 4070 cujus
440 4002 608 4057 verba
636 4018 761 4057 cum
787 4003 853 4058 ad
882 4006 1187 4075 passionem
1230 4007 1520 4066 duceretur
1563 4013 1842 4073 audientes

261 4088 327 4159 (si
352 4089 646 4159 aliquando
673 4091 850 4148 vultus
876 4093 1039 4149 vestri
1068 4095 1264 4151 rubore
1290 4097 1476 4154 suﬁusi
1504 4100 1689 4173 sunt),
1731 4119 1838 4161 non

260 4182 432 4237 solum
469 4182 523 4237 in
551 4184 954 4253 comparatione
979 4186 1097 4255 ejus
1126 4203 1221 4243 vos
1249 4204 1353 4244 non
1383 4191 1639 4260 putabitis
1664 4209 1842 4252 sacer-

261 4270 412 4329 dotes
438 4313 461 4339 ,
507 4273 602 4329 sed
629 4290 699 4330 ne
738 4275 1037 4333 mediocres
1082 4278 1297 4350 quidem
1324 4280 1657 4341 Christianos
1700 4301 1837 4343 esse.

262 4359 349 4415 Ait
374 4362 527 4417 enim
572 4363 645 4417 in.
673 4365 900 4433 epistola
935 4380 1096 4435 quam
1125 4368 1193 4423 ad
1222 4368 1516 4427 Romanam
1544 4373 1839 4431 Ecclesium

263 4451 402 4508 misit
446 4470 463 4507 :
509 4471 529 4505 ι
560 4453 606 4508 Α
640 4453 793 4525 Syria
837 4472 1007 4526 usque
1045 4458 1270 4515 Romam
1307 4477 1429 4517 eum
1469 4465 1653 4521 bestiis
1696 4474 1840 4523 terra

264 4543 509 4613 marique
536 4543 782 4615 depugno
808 4546 898 4603 die
926 4562 992 4604 ac
1017 4559 1199 4614 nocte,
1226 4568 1504 4609 connexus
1532 4563 1587 4610 et
1620 4558 1841 4629 colliga-

265 4641 348 4691 tus
389 4636 586 4691 decem
633 4636 941 4709 leopardis,
989 4643 1249 4700 militibus
1292 4645 1415 4701 dico
1446 4646 1513 4701 ad
1542 4651 1839 4706 custodiam

266 4728 417 4797 datis,
450 4731 543 4801 qui
562 4739 619 4786 et
639 4731 913 4790 beneficiis
936 4735 1133 4792 nostris
1155 4738 1406 4795 saeviores
1433 4738 1582 4795 fiunt.
1613 4740 1721 4797 Sed
1741 4757 1842 4814 ego

267 4836 455 4877 eorum
506 4824 757 4892 nequitiis
804 4825 974 4893 magis
1021 4826 1256 4893 crudior,
1299 4843 1400 4884 nec
1446 4837 1627 4887 tamen
1657 4832 1710 4888 in
1738 4834 1841 4891 hoc

263 4910 582 4979 iustificatus
608 4929 748 4969 sum.
800 4912 846 4970 Ο
873 4916 1135 4974 salutares
1168 4919 1366 4976 bestias
1389 4936 1509 4991 qua:
1536 4938 1841 4994 praeparan-

271 5012 355 5059 tur
413 5005 588 5073 mihi,
635 5007 851 5076 quando
895 5009 1152 5067 venient?
1214 5012 1433 5083 quando
1487 5016 1841 5075 emittentur‘i

266 5096 484 5163 quando
527 5097 607 5151 eis
652 5098 757 5153 frui
804 5099 985 5155 licebit
1029 5102 1280 5158 carnibus
1323 5106 1504 5162 meis?
1560 5123 1695 5178 quas
1740 5124 1842 5180 ego

271 5196 468 5257 exopto
492 5188 731 5244 acriores
758 5189 934 5259 parari
951 5227 968 5254 ,
1000 5200 1056 5245 et
1082 5191 1319 5249 invitabo
1347 5195 1413 5250 ad
1440 5196 1842 5255 devorationem

271 5279 395 5345 mei,
416 5286 476 5333 et
497 5279 827 5348 deprecabor
851 5296 919 5336 ne
946 5281 1085 5337 forte
1113 5283 1267 5354 (utin
1286 5286 1555 5343 nonnullis
1575 5287 1840 5361 fecerunt)

273 5366 497 5423 timeant
519 5369 787 5437 attingere
812 5385 1011 5440 corpus
1039 5384 1255 5441 meum;
1288 5375 1549 5444 quinimo,
1583 5378 1682 5433 etsi
1710 5396 1845 5434 cun-

270 5458 574 5526 ctabuutur,
605 5474 707 5530 ego
734 5461 844 5516 vim
892 5462 1107 5531 faciam,
1140 5478 1242 5533 ego
1269 5480 1357 5521 me
1399 5467 1656 5537 ingeram.
1690 5470 1843 5540 Date,

273 5562 480 5619 quaso,
505 5551 717 5606 veniam
752 5568 767 5606 :
796 5566 899 5622 ego
929 5554 1055 5610 novi
1081 5554 1212 5626 quid
1240 5556 1488 5627 expediat
1514 5560 1664 5614 mihi.
1694 5560 1849 5618 Nunc

276 5636 471 5709 incipio
499 5655 618 5698 esse
643 5640 841 5699 Christi
884 5644 1175 5716 discipulus
1206 5665 1221 5701 :
1246 5647 1478 5704 facessat
1506 5649 1701 5707 invidia
1719 5690 1734 5716 ,
1764 5653 1849 5709 vel

275 5726 492 5787 humani
517 5732 760 5801 adiectus,
778 5735 865 5791 vel
890 5736 1143 5806 nequitias
1169 5738 1476 5809 spiritualis,
1500 5747 1559 5795 ut
1585 5742 1637 5797 in
1665 5740 1845 5799 Jesum

280 5817 547 5883 Christtun
593 5825 819 5899 adipisci
866 5829 1304 5901 mercarjgnes,
1354 5845 1578 5901 cruces,
1623 5833 1848 5905 bestias,

1922 821 2336 878 dormitantibus
2363 823 2552 877 auium
2580 821 2751 878 oculis
2780 819 3056 892 aspicitis?
3082 816 3221 885 Quid
3238 815 3365 871 talia
3384 828 3505 869 sur-

1923 911 2007 968 dis
2032 928 2284 969 sensuum
2310 914 2527 969 auribus
2554 912 2897 969 auscultatis?
2926 909 3183 966 Discutite
3208 921 3389 977 quaso
3416 913 3503 961 te-

1926 1004 2213 1059 nebrosam
2234 1012 2516 1076 atramque
2535 1003 2715 1059 cordis
2733 1002 2899 1059 vestri
2919 998 3200 1070 caliginem
3223 995 3504 1067 temporis,

1926 1101 1987 1148 ut
2012 1092 2256 1148 veritatis
2284 1100 2341 1148 et
2364 1092 2682 1148 humilitatis
2708 1091 3075 1162 prmfulgidum
3101 1089 3281 1144 lumen
3321 1084 3507 1141 videre

1928 1184 2164 1255 possitis.
2216 1184 2551 1241 Christianus
2592 1200 2700 1241 non
2747 1184 3033 1241 mediocris
3074 1181 3171 1239 sed
3217 1178 3504 1254 perfectus,

1932 1276 2183 1334 sacerdos
2204 1293 2310 1333 non
2329 1278 2450 1334 vilis
2468 1278 2564 1334 sed
2584 1294 2845 1344 summus,
2865 1286 3067 1349 martyr
3086 1292 3195 1332 non
3213 1273 3391 1345 segnis
3410 1271 3507 1327 scd

1934 1369 2387 1439 pracipuusdicit
2411 1387 2424 1422 :
2450 1367 2605 1423 Nunc
2632 1371 2824 1442 incipio
2852 1382 2963 1425 esse
2985 1368 3176 1423 Christi
3205 1361 3503 1435 discipulus.

1934 1459 2005 1513 Et
2020 1474 2118 1515 vos
2141 1474 2205 1516 ac
2230 1460 2277 1517 si
2312 1458 2525 1516 Lucifer
2546 1461 2636 1515 ille
2663 1461 2731 1518 de
2753 1459 2891 1517 cmlo
2924 1459 3193 1531 proicias
3234 1455 3369 1528 (Isa.
3394 1470 3505 1518 XIV.

1935 1548 2049 1618 l2),
2075 1549 2257 1605 verbis
2290 1566 2398 1607 non
2433 1558 2703 1621 potestate
2730 1549 3013 1619 erigimini,
3037 1557 3095 1606 et
3115 1546 3509 1619 quodammodo

1932 1642 2033 1697 sub
2070 1641 2233 1698 dente
2269 1644 2553 1700 ruminatis
2591 1651 2647 1699 et
2690 1642 2930 1714 gestibus
2978 1639 3348 1713 prmtenditis,
3391 1652 3513 1708 qua:

1934 1738 2093 1786 antea
2116 1740 2306 1788 auctor
2330 1742 2509 1789 vester
2534 1733 2889 1804 depinxerat:
2917 1730 2983 1788 In
3011 1731 3216 1798 emtum,
3241 1728 3511 1799 inquiens,

1869 1853 1911 1912 Β
1936 1822 2278 1878 comeendam
2301 1865 2317 1891 ,
2348 1832 2398 1878 et
2424 1841 2512 1879 ero
2553 1823 2737 1880 similis
2763 1824 3031 1881 Altissimo
3074 1820 3260 1895 (Ibid.,
3296 1817 3513 1912 l5).gl"1t

1936 1915 2133 1969 iterum
2165 1931 2179 1969 :
2214 1912 2328 1987 Ego
2358 1915 2468 1987 fodi
2492 1924 2543 1971 et
2566 1914 2669 1971 bibi
2698 1931 2921 1988 aquam,
2950 1924 3001 1970 et
3022 1913 3277 1970 exsiccavi
3305 1909 3513 1981 vestigio

1934 2002 2121 2076 pedum
2141 2022 2370 2063 meorum
2388 2024 2566 2063 omnes
2588 2010 2723 2064 rivos
2743 2024 2989 2081 aggerum
3012 2005 3067 2079 (Ι
3069 2023 3148 2062 sa.
3171 2020 3371 2068 xxxvu,
3392 2002 3509 2075 ‘25).

1935 2096 2104 2153 hlulto
2132 2098 2328 2155 rectius
2366 2099 2655 2169 oportebat
2688 2114 2787 2156 vos
2814 2099 3011 2155 imitari
3047 2097 3196 2155 illum
3223 2104 3280 2153 et
3305 2096 3510 2160 audire,

1934 2188 2028 2258 qui
2075 2190 2241 2244 totius
2304 2176 2561 2246 bonitatis
2623 2198 2679 2246 et
2724 2189 3042 2246 humilitatis
3079 2203 3209 2244 vere
3258 2186 3513 2242 invictum

1936 2281 2217 2351 exemplar
2244 2288 2347 2348 est,
2384 2281 2649 2337 dicentem
2680 2296 2778 2353 per
2800 2281 3124 2352 prophetam
3155 2296 3169 2333 :
3201 2277 3316 2347 Ego
3345 2286 3515 2331 autem

1935 2387 2048 2426 sum
2077 2374 2262 2427 vermis
2294 2381 2343 2427 et
2371 2388 2474 2426 non
2502 2373 2675 2442 homo,
2705 2372 3031 2444 opprobrium
3060 2371 3322 2425 hominum
3348 2376 3398 2422 et
3425 2366 3515 2420 ab-

1928 2463 2091 2533 jectio
2120 2462 2281 2534 plebis
2336 2462 2577 2535 (Psalm.
2614 2480 2732 2532 xxI,
2765 2463 2861 2535 7).
2903 2461 2948 2518 Ο
2977 2460 3219 2517 mirabile
3246 2457 3515 2529 quoddam

1935 2554 2135 2610 dixisse
2157 2569 2284 2609 eum
2313 2555 2642 2624 approbrium
2668 2554 2953 2621 hominum,
2982 2568 3102 2609 cum
3132 2550 3304 2606 omnis
3331 2548 3513 2603 mundi

1912 2646 2229 2717 ‘Opprobria
2257 2644 2543 2713 deleverit;
2585 2653 2640 2702 et
2687 2647 2879 2702 iterum
2924 2646 2977 2701 in
3022 2642 3310 2712 Evangelio
3342 2658 3356 2695 :
3389 2636 3513 2695 Non

1938 2753 2145 2805 possum
2169 2752 2264 2807 ego
2293 2752 2326 2790 a
2354 2752 2434 2790 me
2459 2737 2572 2807 ipso
2600 2738 2771 2808 facere
2790 2736 3065 2809 quidquam
3104 2735 3282 2806 (Joan.
3306 2748 3358 2798 v,
3390 2728 3513 2802 50);

1940 2840 2063 2880 cum
2094 2825 2207 2895 ipse
2244 2840 2455 2880 cozevus
2483 2825 2628 2881 Patri
2655 2841 2719 2882 ac
2760 2826 2981 2897 Spiritui
3009 2836 3195 2881 sancto
3214 2822 3517 2881 communis

1937 2913 2286 2984 ejusdemque
2309 2915 2620 2969 substantia:
2655 2915 2849 2971 caelum
2889 2924 2945 2971 et
2981 2924 3179 2971 terram
3208 2930 3329 2970 cum
3369 2912 3515 2967 omni

1941 3018 2129 3058 eorum
2160 3003 2512 3058 inaestimabili
2541 3013 2858 3060 ornamento
2888 3004 3095 3071 fecerit,
3125 3021 3232 3059 non
3274 3004 3512 3069 alterius,

1940 3091 2034 3147 sed
2065 3093 2281 3165 pr0pria
2303 3101 2610 3164 potestate;
2634 3103 2690 3151 et
2716 3110 2812 3150 vos
2839 3104 3155 3165 arroganter
3179 3095 3342 3150 verba
3371 3094 3517 3149 exal-

1943 3190 2109 3251 tasse,
2136 3178 2398 3257 propheta
2423 3184 2635 3242 dicente
2672 3204 2685 3241 :
2720 3184 2857 3253 Quid
2895 3186 3287 3259 superbil‘lerra
3313 3195 3363 3241 et
3386 3185 3516 3242 ciuis

1943 3271 2133 3345 (Ereti.
2163 3289 2217 3338 x,
2249 3275 2345 3345 9)?

2009 3386 2138 3443 Car.
2175 3404 2287 3444 vm.
2327 3388 2634 3462 Exemplum
2661 3392 2827 3447 sancti
2857 3389 3134 3465 Polycarpi
3164 3407 3183 3446 :
3213 3390 3299 3446 ubi
3326 3401 3376 3446 et
3404 3390 3520 3447 loca

1938 3494 2203 3532 sacrarum
2225 3478 2613 3549 Scripturarum
2641 3482 2693 3535 in
2717 3481 2939 3535 medium
2969 3480 3212 3536 adducta.
3232 3512 3306 3523 —-
3322 3478 3427 3536 Sed
3449 3480 3517 3535 ad

1939 3568 2273 3639 proposittnn
2313 3576 2577 3625 revertar.
2623 3570 2786 3638 Quis,
2828 3570 3080 3641 inquam,
3123 3586 3191 3627 ex
3228 3568 3416 3636 vobis,
3459 3578 3519 3625 ut

1940 3657 2282 3730 Smyrnensis
2339 3658 2592 3715 Ecclesia:
2648 3669 2833 3730 pastor
2893 3660 3136 3732 egregius
3190 3658 3518 3732 Polycarpus

1939 3751 2140 3808 Christi
2171 3755 2354 3821 testis,
2384 3769 2626 3810 mensam
2656 3755 2888 3809 humane
2917 3754 3215 3825 hospitibus
3243 3753 3308 3808 ad
3340 3754 3516 3823 ignem

1939 3858 2064 3899 eum
2092 3843 2247 3899 avide
2277 3844 2609 3900 trahentibus
2637 3845 2904 3914 apposuit,
2937 3852 2993 3900 et
3019 3844 3262 3913 objectus
3292 3841 3520 3899 flammis

1942 3950 2041 4006 pro
2060 3934 2257 3990 Christi
2283 3934 2547 3990 charitatc
2568 3934 2704 3989 dixit
2730 3952 2743 3988 :
2769 3933 2870 3998 Qui
2896 3934 3036 3989 dedit
3065 3933 3189 3988 mihi
3218 3933 3353 4004 ignis
3383 3932 3523 4001 ferre

1939 4026 2266 4096 supplicium,
2293 4024 2435 4079 dabit
2462 4034 2517 4079 ut
2545 4026 2656 4079 sine
2681 4024 2939 4080 clavorum
2960 4024 3251 4095 conﬁxione
3274 4023 3520 4093 ﬂammas

1941 4118 2270 4175 immobiliter
2296 4121 2575 4190 perferam.
2623 4117 2797 4173 Unum
2826 4118 3020 4183 adhuc,
3050 4124 3243 4190 praeter
3268 4130 3514 4183 magnam

1943 4208 2118 4265 verbis
2146 4210 2332 4279 volans
2370 4215 2681 4266 sanctorum
2709 4207 2898 4262 silvam
2917 4246 2937 4273 ,
2963 4206 3192 4277 exempli
3220 4207 3389 4276 gratia
3419 4222 3517 4276 po-

1942 4313 2065 4354 nam
2091 4298 2370 4367 Basilium,
2398 4298 2605 4354 scilicet
2624 4296 3008 4352 Caesariensem
3038 4296 3368 4368 episcopum,
3400 4297 3522 4366 qui,

1926 4398 2064 4445 cum
2093 4390 2160 4444 ab
2185 4388 2368 4458 iniquo
2397 4389 2641 4458 principe
2669 4390 2826 4444 minae
2851 4388 3158 4459 hujusmodi
3186 4389 3518 4447 intentaren-

1945 4489 2053 4550 tur,
2082 4480 2224 4550 quod
2269 4481 2371 4535 nisi
2417 4481 2470 4534 in
2516 4481 2805 4536 crastinum
2835 4480 3035 4536 Ariano
3067 4496 3223 4537 coeno
3253 4490 3311 4537 ut
3338 4482 3520 4537 «uteri

1876 4588 1918 4646 ο
1946 4571 2334 4641 macularctur,
2354 4578 2496 4626 esset
2518 4570 2735 4625 omnino
2754 4572 3067 4641 moriturus,
3088 4571 3284 4626 dixisse
3306 4570 3473 4626 fertur
3501 4589 3516 4625 :

1945 4660 2058 4733 Ego
2084 4679 2211 4717 sane
2237 4680 2326 4719 ero
2365 4680 2485 4718 crus
2517 4663 2602 4735 qui
2648 4663 2799 4718 hodie
2825 4681 2977 4730 sum;
3022 4673 3077 4718 tu
3115 4672 3164 4719 te
3192 4666 3385 4719 utinam
3416 4681 3519 4721 non

1933 4753 2203 4808 mutares!
2247 4752 2314 4808 Et
2342 4754 2537 4808 iterum
2568 4770 2581 4807 :
2619 4752 2828 4808 Utinam
2874 4754 3111 4808 haberem
3151 4754 3347 4827 aliquid
3375 4754 3521 4828 digni

1936 4844 2189 4909 numeris,
2217 4844 2353 4914 quod
2379 4844 2618 4914 a/ferrem
2646 4845 2764 4898 huic
2788 4847 2872 4917 qui
2898 4845 3150 4900 maturius
3182 4844 3430 4899 Basiliam
3456 4845 3520 4901 de

1943 4936 2078 4991 nodo
2103 4936 2245 5009 {ollis
2273 4936 2422 5008 hujus
2450 4937 2767 4993 absolveret!
2809 4938 2939 5008 Quis
2966 4955 3033 4995 ex
3063 4940 3213 4995 vobis
3236 4940 3527 5010 apostolici:

1943 5029 2204 5085 sermonis
2248 5030 2486 5098 regulam
2514 5073 2533 5099 ,
2559 5046 2677 5101 qua:
2719 5032 2786 5086 ab
2812 5033 3058 5089 omnibus
3084 5047 3301 5101 semper
3321 5033 3519 5087 sanctis

1944 5117 2313 5172 sacerdotibus
2339 5118 2635 5188 quibusque
2673 5121 3003 5190 temporibus
3029 5110 3391 5189 exstantibus,
3413 5120 3515 5175 bu-

1945 5224 2159 5263 manam
2214 5210 2610 5278 suggestionem
2665 5213 3059 5283 praecipitanter
3108 5212 3175 5267 ad
3226 5212 3530 5281 nequitiam.

1944 5297 2287 5355 festinantem
2324 5304 2742 5371 recutientibus,
2783 5314 2993 5361 servata
3039 5314 3159 5374 est,
3204 5306 3257 5361 in
3286 5322 3519 5377 concus-

1945 5388 2098 5444 sione
2170 5396 2515 5461 tyrannorum
2561 5393 2826 5464 indirupte
2877 5395 3144 5460 custodit,
3204 5396 3308 5451 hoc
3357 5394 3520 5451 modo

1947 5479 2131 5535 dicens
2162 5497 2176 5533 :
2213 5480 2435 5536 Obedire
2474 5494 2671 5555 Oportet
2716 5486 2880 5557 magis
2907 5486 3019 5551 Deo
3051 5504 3206 5558 quam
3232 5486 3521 5546 hominibus

1951 5569 2087 5642 (Act.
2113 5588 2190 5640 Ill,
2212 5570 2344 5646 29)?
2367 5572 2531 5645 lgitur
2558 5577 2927 5647 confugientes
2953 5579 3112 5635 solito
3139 5596 3290 5637 more
3315 5581 3384 5639 ad
3411 5582 3520 5639 ῡθρ

1947 5659 2076 5714 mini
2119 5660 2537 5718 misericordiam
2562 5674 2977 5737 sanctorumque
3003 5669 3382 5740 prophetarum
3405 5671 3523 5743 ejus

1948 5763 2110 5805 voces
2133 5791 2149 5817 ,
2196 5758 2255 5805 ut
2284 5751 2356 5807 illi
2386 5767 2484 5822 pro
2513 5754 2668 5809 nobis
2704 5757 3043 5813 oraculorum
3083 5775 3299 5817 suorum
3341 5762 3523 5835 jacula‘

1950 5840 2277 5912 imperfectis
2301 5844 2626 5916 pastoribus,
2652 5854 2708 5904 ut
2737 5857 2895 5906 antea
2924 5855 3181 5925 tyrannis,
3202 5856 3352 5927 queis
3372 5873 3517 5915 como
