4048 6344
503 247 611 303 575

1307 256 1534 313 GlLDE.
1573 257 1918 317 SAPIENTIS
1959 261 2041 316 DE
2079 262 2349 319 EXCIDIO
2388 263 2776 320 ΒΒΠΛΧΝῌΞ

3642 274 3744 336 576

506 366 688 436 puncti
725 375 999 436 sanentur,
1030 367 1266 437 librent;
1315 372 1588 428 videamus
1632 374 1773 442 quod
1819 373 2073 430 Dominus
2101 379 2148 436 Α
2170 378 2442 447 judicium.
2503 381 2694 436 Omnes
2743 385 2879 437 enim
2927 401 3115 439 mensa:
3152 385 3356 456 repleta:
3400 395 3520 442 sunt
3557 393 3742 444 vomitu

505 472 606 531 per
631 460 921 531 prophetas
947 462 1014 517 ad
1043 461 1252 519 desides
1299 472 1354 519 et
1390 465 1702 520 inhonestos
1744 466 2074 531 sacerdotes,

505 562 692 608 etnon
719 551 859 608 bene
906 553 1159 623 populum
1191 563 1297 609 tam
1325 557 1570 626 exempla
1600 572 1758 626 quam
1790 557 1952 611 verba
1980 555 2077 612 do-

504 651 708 706 centes,
739 643 1002 697 minarum
1031 645 1298 713 loquatur.
1329 644 1460 698 Nam
1489 654 1543 700 et
1570 646 1686 700 Heli
1715 647 1802 701 ille
1824 646 2076 702 sacerdos

505 730 559 786 in
590 730 705 788 Silo
733 747 832 802 pro
859 748 926 788 eo
968 733 1111 802 quod
1158 749 1266 789 non
1311 734 1473 802 digno
1523 735 1617 790 Dei
1655 736 1771 792 zelo
1807 751 1995 792 severe
2023 737 2075 791 in

506 822 645 880 lilios
673 830 1078 878 contemnentes
1119 822 1286 877 Deum
1332 823 1476 878 ultus
1503 823 1694 890 fuerat,
1721 823 1816 879 sed
1846 824 2079 880 molliter

505 922 562 969 et
587 913 886 969 clementer
921 921 981 968 ut
1026 920 1152 982 pote
1197 921 1422 982 paterno
1466 913 1658 969 affectu
1705 915 2077 983 admonuerat,

504 1006 598 1063 tali
629 1004 1092 1061 animadversione
1118 1003 1430 1072 damnatur,
1469 1005 1680 1061 dicente
1706 1005 1774 1061 ad
1802 1021 1924 1062 eum
1951 1021 2078 1078 pro-

505 1099 668 1170 pheta
701 1115 715 1153 :
755 1097 1039 1170 Manifeste
1080 1097 1280 1154 ostendi
1323 1113 1404 1152 me
1451 1098 1520 1152 ad
1558 1098 1764 1152 domum
1790 1099 1954 1169 patris
1982 1100 2075 1165 tui,

505 1206 620 1243 cum
647 1197 816 1244 essent
844 1190 900 1243 in
947 1187 1179 1260 ﬂgypto
1207 1188 1479 1242 servientes
1508 1187 1775 1242 Pharaoni
1800 1205 1819 1254 ;
1863 1198 1913 1244 et
1949 1189 2079 1260 elegi

503 1276 709 1332 domum
745 1277 913 1346 patris
941 1276 1014 1330 tui
1054 1291 1118 1330 ea:
1151 1277 1384 1331 omnibus
1423 1275 1646 1331 tribubus
1675 1275 1846 1332 Israel
1869 1278 1995 1334 mihi
2024 1279 2079 1332 in

503 1368 791 1423 sacerdotio
813 1366 874 1444 μ
900 1365 1029 1439 Reg.
1057 1383 1113 1431 ll,
1151 1367 1241 1435 27,
1268 1366 1381 1438 28).
1423 1366 1487 1422 Ει
1514 1376 1635 1438 post
1661 1383 1832 1438 pauca
1861 1385 1877 1427 :
1907 1366 2080 1433 Quare

503 1460 778 1531 r'espexisti
819 1460 874 1514 in
919 1461 1182 1514 incensum
1221 1476 1389 1513 meum
1415 1467 1462 1513 et
1490 1460 1544 1512 in
1570 1460 1882 1529 sacriﬁcium
1911 1476 2078 1514 meum

503 1551 736 1622 improbo
766 1552 912 1607 oculo
935 1551 961 1604 ?
1007 1559 1057 1606 et
1086 1551 1440 1621 honoriﬁcasti
1465 1551 1604 1621 ﬁlios
1642 1559 1755 1606 tuos
1782 1551 1896 1622 plus
1924 1567 2078 1622 quam

503 1659 612 1708 me,
642 1652 697 1695 ut
721 1641 1045 1696 benediceres
1073 1658 1159 1696 eos
1186 1658 1218 1695 a
1242 1641 1524 1711 primordio
1553 1641 1606 1695 in
1644 1640 1882 1696 omnibus
1909 1643 2076 1696 sacri-

2179 470 2430 535 sordium,
2451 473 2525 525 ita
2543 481 2600 526 ut
2627 490 2731 528 non
2756 485 2888 529 esset
2915 476 3050 530 ultra
3078 478 3236 531 locus.
3268 477 3546 548 Propterea
3574 481 3743 536 audite

2177 557 2382 612 verbum
2420 559 2662 629 Domini,
2699 563 2794 617 viri
2831 563 3086 631 illusores,
3117 567 3203 636 qui
3230 566 3571 621 dominamini
3597 584 3742 637 super

2176 654 2419 722 populum
2445 672 2612 710 meum
2639 663 2725 729 qui
2764 669 2840 713 est
2882 662 2938 714 in
2980 659 3282 715 Jerusalem.
3315 661 3534 717 Dixistis
3560 665 3694 718 enim
3722 677 3746 720 :

2177 743 2536 802 Percussimus
2563 750 2725 819 fwdus
2755 766 2867 804 cum
2895 760 3074 817 morte,
3101 759 3282 807 etcum
3304 753 3509 823 inferno
3537 754 3749 824 fecimus

2177 845 2400 904 pactum.
2426 835 2718 908 Flagellum
2740 839 2998 894 inundans
3018 857 3130 894 cum
3155 841 3436 908 transierit,
3460 859 3560 896 non
3589 845 3747 898 veniet

2177 939 2330 993 super
2354 943 2468 991 nos,
2498 929 2616 999 quia
2637 931 2899 999 posuimus
2920 930 3239 983 mendacium
3262 947 3400 1001 spem
3430 942 3682 997 nostram,
3701 942 3748 987 et

2176 1017 2444 1072 mendacio
2488 1021 2702 1089 protecti
2737 1036 2913 1074 sumus
2954 1019 3092 1092 (ιω.
3120 1036 3303 1086 xxvm,
3339 1022 3390 1087 7,
3423 1020 3476 1088 8,
3510 1021 3598 1088 il,
3637 1023 3724 1093 l5)

2178 1101 2246 1158 Et
2271 1115 2396 1176 post
2421 1107 2693 1176 aliquanta
2726 1125 2741 1162 :
2769 1107 2837 1163 Et
2863 1108 3117 1163 subvertet
3141 1111 3340 1180 grando
3369 1127 3510 1181 spem
3537 1113 3750 1166 menda-

2178 1195 2246 1247 cii
2270 1203 2320 1248 et
2347 1199 2712 1266 protectionem
2741 1215 2889 1270 aqua:
2915 1198 3258 1253 inundabunt.
3290 1198 3358 1253 Et
3384 1201 3633 1256 delebitur
3662 1205 3754 1274 fleo

2177 1284 2272 1338 dus
2297 1295 2516 1340 vestrum
2540 1303 2654 1341 cum
2678 1297 2860 1357 morte,
2881 1299 2930 1343 et
2947 1298 3151 1357 pactum
3174 1300 3393 1344 vestrum
3414 1307 3525 1344 cum
3545 1293 3752 1361 inferno

2178 1389 2281 1430 non
2302 1375 2490 1441 stabit;
2520 1378 2782 1449 flagellum
2803 1379 3064 1432 inundans
3089 1395 3204 1436 cum
3234 1381 3515 1446 transierit,
3541 1383 3686 1436 eritis
3706 1384 3753 1438 ei

2176 1465 2232 1520 in
2260 1467 2734 1532 conculcationem;
2770 1469 3173 1540 quandocunque
3194 1472 3570 1539 pertransierit,
3610 1474 3752 1527 tollet

2175 1570 2263 1608 vos
2293 1553 2479 1625 (Ibid.,
2506 1556 2708 1629 17-19).
2739 1556 2804 1611 Et
2826 1558 3019 1614 iterum
3057 1577 3069 1613 :
3103 1558 3172 1612 Et
3199 1560 3331 1613 dixit
3358 1559 3649 1617 Dominus:
3675 1562 3756 1618 Eo

2177 1645 2314 1712 quod
2339 1647 2717 1718 appropinquat
2738 1649 2957 1719 populus
2982 1650 3079 1703 iste
3099 1665 3188 1704 ore
3207 1666 3320 1718 suo,
3343 1660 3391 1705 et
3411 1651 3563 1706 labiis
3589 1653 3755 1724 glori-

503 1735 636 1805 ﬁciis
663 1751 840 1791 coram
867 1736 982 1790 me?
1019 1732 1089 1787 Et
1129 1748 1265 1787 nunc
1307 1733 1414 1788 htec
1453 1733 1578 1787 dicit
1609 1731 1859 1788 Dominus
1888 1749 1906 1787 :
1935 1731 2074 1797 Quo-
2109 1739 2148 1798 Β
2175 1734 2299 1803 ﬁcat
2329 1751 2428 1799 me,
2461 1751 2551 1790 cor
2577 1744 2748 1790 autem
2772 1753 2948 1791 eorum
2987 1738 3138 1809 longe
3175 1747 3250 1792 est
3278 1757 3311 1792 α
3335 1755 3416 1793 me
3433 1756 3453 1802 ;
3501 1740 3616 1796 ideo
3640 1759 3756 1796 ecce

503 1828 644 1880 niam
685 1826 770 1898 qui
801 1825 1146 1895 honori/icaut
1187 1840 1268 1878 me
1287 1862 1304 1889 ,
1335 1822 1598 1878 honorabo
1624 1839 1749 1888 eos;
1792 1832 1842 1878 et
1868 1824 1954 1894 qui
1980 1840 2074 1893 pro

503 1916 662 1970 nihilo
691 1915 879 1970 habent
906 1932 987 1970 me
1006 1956 1022 1982 ,
1059 1914 1129 1967 ad
1156 1914 1373 1968 nihilum
1401 1914 1715 1985 redigentur.
1765 1910 1835 1965 Et
1863 1913 1958 1967 hoc
1983 1911 2075 1967 tibi

501 2009 704 2078 signant
728 2008 815 2073 sit,
841 2005 975 2078 quod
1001 2005 1160 2059 veniet
1184 2021 1336 2075 super
1362 2003 1490 2058 duos
1518 2004 1657 2072 ﬁlios
1686 2012 1798 2058 tuos
1830 2003 2000 2073 Ophni
2026 2011 2076 2057 et

501 2098 722 2154 Phincos
738 2114 754 2160 ;
780 2097 834 2150 in
856 2113 958 2150 uno
986 2095 1068 2149 die
1093 2095 1374 2149 morientur
1393 2093 1544 2148 ambo
1568 2095 1620 2148 in
1647 2093 1822 2163 gladio
1851 2094 2072 2148 virorum

501 2189 703 2261 (Ibid.,
733 2188 822 2256 29,
854 2189 945 2257 ’51,
975 2188 1088 2259 54).
1140 2188 1199 2243 Si
1242 2188 1357 2244 haec
1399 2188 1580 2256 itaque
1623 2187 1933 2257 patiuntur,
1980 2188 2071 2258 qui

497 2279 674 2335 verbis
722 2287 928 2333 tantum
976 2276 1244 2346 subiectos
1268 2317 1285 2344 ,
1313 2283 1369 2332 et
1409 2291 1519 2330 non
1559 2274 1822 2345 condigna
1871 2276 2073 2332 ultione

500 2369 820 2434 emendant;
867 2367 994 2437 quid
1048 2366 1177 2437 ipsis
1218 2366 1310 2420 lict
1363 2366 1454 2435 qui
1497 2364 1566 2420 ad
1611 2365 1751 2420 mala
1791 2365 2074 2421 hortantur

497 2458 772 2529 peccando
811 2467 867 2513 et
907 2457 1160 2512 trahunt?
1203 2455 1340 2523 Quid
1379 2456 1454 2511 illi
1491 2471 1705 2527 quoque
1733 2457 2070 2528 perspicuum

497 2559 580 2607 est
607 2565 738 2606 vero
761 2551 902 2618 vati,
929 2559 1052 2620 post
1077 2549 1438 2620 expletionem
1466 2549 1601 2618 signi
1622 2549 1690 2603 ab
1717 2548 1906 2604 eodem
1936 2563 2072 2620 pra:-

497 2643 648 2710 dieti,
670 2651 725 2700 et
753 2643 1146 2699 restitutionem
1167 2643 1328 2697 arida:
1357 2657 1546 2697 manus
1568 2641 1729 2712 impio
1748 2641 1884 2710 regi,
1905 2641 2069 2696 misso

495 2749 528 2790 ι
555 2733 734 2790 Ιιιᾱωιι
763 2733 1088 2804 prophetare
1117 2733 1170 2788 in
1205 2730 1420 2797 Bethel,
1447 2729 1823 2801 prohibitoque
1848 2745 1914 2784 ne
1941 2729 2066 2800 quid

496 2824 695 2882 ibidem
725 2825 830 2881 cibi
859 2833 1116 2895 gustaret,
1149 2839 1214 2880 ac
1238 2823 1466 2894 decepto
1497 2822 1565 2876 ab
1595 2823 1701 2877 alio
1747 2824 1828 2893 (ut
1853 2821 2068 2877 diceba-

499 2919 604 2988 tur)
635 2917 919 2988 propheta,
945 2925 1000 2971 ut
1027 2931 1215 2987 parum
1235 2915 1361 2986 quid
1386 2915 1539 2985 panis
1561 2923 1616 2968 et
1636 2929 1787 2982 aqua:
1811 2923 2062 2979 sumeret,

495 3009 706 3078 obtigit,
735 3008 946 3068 diaentc
975 3008 1043 3062 ad
1070 3021 1193 3063 eum
1220 3022 1320 3062 suo
1355 3005 1569 3076 hospite
1601 3023 1613 3058 :
1649 3004 1777 3058 Ilaec
1805 3005 1927 3058 dicit
1959 3003 2064 3057 Do-

2175 1843 2270 1896 ego
2298 1826 2521 1892 addam,
2551 1836 2607 1880 ut
2635 1828 3029 1882 admirationem
3059 1831 3248 1900 faciam
3285 1832 3474 1901 populo
3507 1833 3625 1887 huic
3651 1837 3753 1888 mi-

2174 1917 2350 1972 raculo
2378 1920 2565 1988 grandi
2599 1928 2650 1974 et
2690 1921 2964 1989 stupenda.
3011 1920 3210 1976 Peribit
3252 1923 3389 1976 enim
3430 1927 3692 1995 sapientia
3720 1945 3752 1981 a

2173 2013 2489 2081 sapientibus
2508 2015 2640 2084 ejus,
2667 2023 2718 2070 et
2735 2016 3021 2070 intellectus
3042 2018 3365 2087 prudentium
3388 2019 3500 2089 ejus
3528 2019 3752 2074 abscon-

2173 2101 2341 2156 detur.
2386 2102 2474 2158 γω
2500 2106 2583 2174 qui
2611 2106 2853 2175 profundi
2882 2108 3003 2161 estis
3031 2109 3211 2175 corde,
3240 2119 3295 2162 ut
3320 2127 3351 2162 a
3381 2109 3604 2165 Domino
3635 2112 3754 2164 abs-

2173 2192 2408 2248 condatis
2436 2196 2736 2261 consilium;
2763 2212 2978 2268 quorum
3009 2209 3124 2254 sunt
3155 2200 3207 2255 in
3244 2200 3462 2256 tenebris
3491 2218 3672 2274 opera,
3703 2210 3752 2257 et

2172 2283 2395 2338 dicunt:
2429 2283 2556 2349 Quis
2592 2287 2726 2340 videt
2753 2290 2883 2342 nos?
2924 2299 2973 2344 et
3009 2292 3122 2360 quis
3159 2293 3295 2346 novit
3324 2295 3454 2347 uos?
3497 2293 3750 2348 Perrersa

2173 2374 2310 2428 enim
2349 2374 2459 2429 hcec
2490 2384 2657 2430 vestra
2681 2379 2926 2449 cogitatio
2974 2379 3109 2450 (Isa.
3133 2397 3278 2444 xxix,
3305 2383 3501 2453 1546).
3535 2382 3601 2438 Et
3626 2393 3752 2454 post

2172 2462 2446 2531 aliquanta
2478 2480 2492 2517 :
2525 2463 2657 2520 Htec
2680 2466 2804 2520 dicit
2827 2466 3080 2524 Dominus
3105 2485 3123 2522 :
3155 2469 3345 2524 Caelum
3371 2471 3515 2525 sedes
3540 2489 3676 2537 mea,
3700 2481 3753 2528 et

2173 2561 2310 2604 terra
2334 2552 2612 2607 scabellum
2631 2556 2820 2625 pedum
2842 2573 3067 2612 meorum
3087 2569 3181 2612 est.
3201 2560 3329 2628 Qum
3346 2563 3446 2615 ista
3465 2570 3542 2616 est
3563 2563 3751 2617 domus

2169 2658 2321 2711 quam
2342 2644 2667 2713 tediﬁcabitis
2691 2647 2852 2702 mihi?
2877 2657 2928 2702 et
2951 2649 3062 2718 quis
3091 2651 3186 2703 erit
3211 2652 3352 2705 locus
3379 2653 3559 2722 quietis
3580 2669 3711 2707 mea:
3727 2656 3752 2708 Ρ

2171 2729 2360 2784 Omnia
2398 2732 2506 2787 haec
2532 2749 2715 2788 manus
2744 2751 2856 2788 mea
2897 2738 3055 2806 fecit,
3105 2746 3154 2792 et
3193 2740 3333 2809 facta
3362 2748 3479 2792 sunt
3505 2742 3747 2794 universa

2167 2823 2286 2887 ista,
2311 2825 2436 2879 dicit
2465 2825 2738 2881 Dominus.
2768 2828 2848 2880 Ad
2877 2843 3021 2896 quem
3051 2836 3218 2883 autem
3245 2831 3511 2901 aspiciam,
3543 2832 3648 2885 nisi
3675 2832 3748 2884 ad

2167 2916 2528 2984 pauperculam
2556 2925 2604 2970 et
2633 2918 2908 2970 contritum
2931 2919 3112 2987 spiritu
3142 2927 3189 2972 et
3219 2929 3512 2973 trementem
3542 2936 3746 2973 sermo-

2167 3023 2258 3060 nes
2285 3008 2464 3062 meos?
2506 3005 2608 3071 Qui
2632 3009 2867 3063 immolat
2901 3007 3072 3063 bovem
3099 3052 3115 3078 ,
3161 3013 3308 3081 quasi
3351 3013 3434 3082 qui
3463 3012 3748 3081 interﬁciat

489 3101 660 3152 minus
689 3097 827 3152 Deus
853 3114 871 3152 :
899 3095 1030 3161 Quia
1058 3096 1350 3151 inobedicns
1371 3097 1513 3167 fuisti
1542 3097 1618 3150 ori
1644 3095 1870 3160 Domini,
1891 3103 1940 3147 et
1962 3112 2062 3149 non
2090 3097 2135 3158 C
2166 3099 2330 3153 virum
2341 3101 2462 3168 ;qui
2477 3109 2848 3170 mactatpecus,
2863 3104 3007 3172 quasi
3021 3103 3403 3172 quiexcerebret
3423 3119 3632 3167 canem;
3655 3105 3744 3175 qui

489 3191 754 3245 custodisti
778 3191 1077 3244 mandatum
1096 3190 1230 3259 quod
1249 3190 1486 3260 praecepit
1505 3188 1752 3243 Dominus
1769 3188 1907 3244 Deus
1931 3199 2061 3255 tum,

489 3292 541 3336 et
569 3298 797 3336 reversus
821 3298 895 3347 es,
927 3290 975 3335 et
999 3281 1262 3335 comedisti
1288 3296 1495 3349 panem,
1529 3289 1578 3334 et
1606 3280 1775 3334 bibisti
1804 3297 1988 3351 aquam
2010 3282 2063 3334 in

491 3374 584 3427 hoc
604 3374 716 3428 loco
736 3374 788 3427 in
811 3390 908 3442 quo
929 3373 1290 3427 mandaveram
1317 3373 1405 3426 tibi
1435 3389 1499 3426 ne
1524 3373 1859 3426 manducares
1879 3390 2064 3444 panem

488 3481 581 3517 nec
610 3463 800 3517 biberes
827 3480 1031 3534 aquam,
1057 3481 1158 3518 non
1187 3474 1401 3532 ponetur
1428 3480 1609 3533 corpus
1640 3472 1778 3516 tuum
1809 3465 1859 3518 in
1889 3464 2063 3534 sepul-

491 3573 578 3608 cro
603 3563 806 3624 patrum
849 3565 1067 3608 tuorum.
1113 3553 1183 3607 Et
1210 3557 1400 3624 factum
1438 3565 1542 3620 est,
1576 3556 1762 3624 inquit,
1796 3566 2061 3629 postquam

487 3644 816 3699 manducavit
861 3661 1044 3716 panem
1092 3655 1140 3699 et
1163 3645 1284 3699 bibit
1305 3648 1716 3716 aquam,strarit
1739 3648 1836 3701 sibi
1858 3651 2060 3702 asinam

484 3754 632 3791 suam
661 3747 710 3792 et
739 3739 861 3792 abiit
891 3755 909 3793 .'
935 3748 984 3793 et
1029 3741 1217 3794 invenit
1269 3757 1382 3794 eum
1425 3741 1503 3794 leo
1545 3743 1598 3794 in
1639 3742 1752 3808 via,
1783 3749 1830 3794 et
1877 3743 2062 3796 occidit

484 3846 600 3884 eum
632 3829 751 3903 (Ill
781 3831 908 3904 Reg.
943 3848 1053 3894 xm,
1082 3831 1288 3902 ιιι-ει).

556 3919 684 3975 Car.
738 3937 809 3974 ix.
860 3920 945 3974 Ex
992 3919 1156 3976 Isaia.
1205 3954 1275 3965 --
1321 3921 1511 3977 Isaiam
1557 3938 1772 3993 quoque
1815 3931 2058 3979 sanctum

481 4010 799 4080 prophetam
825 4010 892 4066 de
917 4011 1283 4067 sacerdotibus
1311 4013 1414 4067 hoc
1439 4013 1599 4067 modo
1628 4014 1932 4082 loquentem
1964 4029 2058 4067 au-

480 4102 593 4157 dite
625 4120 638 4155 :
679 4102 769 4156 Va:
796 4105 952 4173 impio
989 4105 1040 4157 iu
1080 4106 1305 4170 malum;
1347 4105 1614 4160 retributio
1648 4107 1782 4159 enim
1814 4121 2056 4158 manuum

480 4193 591 4263 ejus
615 4194 704 4263 ﬁet
725 4196 791 4248 ei.
821 4196 1075 4266 Populum
1105 4213 1271 4250 meum
1297 4207 1561 4250 exactores
1585 4198 1662 4251 sui
1687 4197 2056 4264 spoliaverunt,

478 4294 529 4336 et
549 4285 785 4338 muneres
807 4286 1084 4340 dominatce
1111 4296 1227 4340 sunt
1255 4287 1385 4357 ejus.
1423 4286 1616 4356 Popule
1644 4302 1800 4350 meus,
1825 4287 1908 4356 qui
1935 4283 2056 4340 bea-

479 4384 585 4426 tum
616 4383 664 4427 te
692 4375 888 4441 dicunt,
911 4377 1009 4444 ipsi
1039 4387 1086 4429 te
1114 4377 1397 4445 decipiunt,
1416 4387 1464 4430 et
1493 4378 1622 4430 viam
1653 4391 1912 4445 gressuum
1941 4383 2054 4430 tuo-

2166 3189 2318 3256 o/fert
2339 3189 2663 3254 oblationem,
2689 3192 2836 3260 quasi
2855 3191 2940 3261 qui
2963 3192 3263 3260 sanguinem
3291 3193 3494 3245 suillum
3523 3193 3742 3261 offerat;

2165 3280 2250 3349 qui
2277 3279 2576 3333 recordatur
2603 3280 2766 3333 thuris
2783 3321 2798 3347 ,
2830 3297 2975 3351 quasi
3003 3281 3091 3352 qui
3115 3281 3376 3334 benedicat
3403 3283 3562 3338 idolo.
3614 3283 3747 3341 nec

2165 3373 2337 3425 omnia
2362 3373 2622 3441 elegerunt
2648 3373 2700 3424 in
2720 3373 2816 3425 viis
2838 3372 2964 3439 suis,
2991 3382 3040 3426 et
3064 3374 3117 3425 in
3145 3372 3607 3432 abominationibus
3635 3379 3745 3435 suis

2166 3462 2342 3514 anima
2367 3477 2541 3514 eorum
2570 3461 2820 3514 delectata
2849 3471 2924 3515 est
2964 3461 3096 3532 (lsa.
3128 3478 3270 3528 ιιινι,
3299 3462 3434 3531 1-5).

2237 3551 2363 3606 CAP.
2398 3567 2451 3606 ι.
2500 3549 2585 3605 Ex
2614 3551 2860 3606 Ieremia.
2905 3583 2978 3596 ——
3021 3552 3282 3610 Jeremias
3327 3569 3541 3625 quoque
3584 3559 3742 3628 virgo

2164 3641 2530 3711 prophetaque
2558 3641 2686 3709 quid
2730 3642 3100 3712 insipientibus
3136 3645 3385 3712 loquatur
3413 3647 3740 3717 pastoribus,

2164 3731 2425 3786 attendite
2450 3749 2461 3784 :
2489 3729 2617 3785 lltec
2638 3732 2761 3786 dicit
2783 3732 3067 3789 Dominus:
3085 3734 3222 3799 Quid
3245 3737 3544 3790 invenerunt
3563 3749 3744 3808 patres

2161 3822 2311 3874 restri
2339 3821 2391 3874 in
2419 3837 2500 3874 me
2535 3822 2820 3893 iniquitatis
2844 3865 2860 3891 ,
2903 3827 3022 3895 quia
3067 3825 3432 3896 elongaverunt
3457 3845 3489 3881 a
3520 3846 3600 3883 me
3623 3871 3639 3895 ,
3684 3845 3740 3886 es

2162 3910 2547 3964 (nnbttlaverunt
2575 3921 2689 3979 post
2716 3913 2992 3967 vanitatem
3015 3953 3030 3977 ,
3062 3925 3111 3968 et
3137 3918 3254 3969 vani
3283 3918 3410 3987 facti
3433 3927 3552 3972 sunt
3599 3919 3732 3990 (Jer.

2161 4016 2218 4063 ιι,
2251 4000 2343 4070 5)?
2389 3999 2453 4054 Et
2493 4002 2652 4071 paulo
2683 4012 2804 4072 post
2835 4021 2846 4057 :
2877 4003 2922 4056 Ε
2929 4014 2945 4057 ι
2970 4004 3191 4075 ingressi
3218 4008 3606 4062 contaminastis
3635 4018 3739 4065 ter-

2162 4105 2275 4144 ram
2304 4107 2468 4144 meam
2485 4133 2500 4158 ,
2529 4102 2578 4146 et
2601 4093 2954 4148 [nereditatem
2983 4111 3148 4148 meum
3187 4097 3428 4165 posuistis
3455 4098 3506 4151 in
3535 4098 3735 4153 abomi-

2159 4182 2442 4236 nationem.
2476 4182 2782 4239 Sacerdotes
2808 4202 2909 4240 non
2933 4186 3209 4241 dixerunt:
3235 4187 3332 4242 Ubi
3353 4197 3428 4242 est
3448 4188 3739 4245 Dominus?

2159 4284 2209 4326 et
2239 4283 2462 4328 tenentes
2491 4276 2650 4346 legem
2681 4278 2970 4331 nescierunt
2998 4295 3111 4345 me,
3143 4289 3192 4332 et
3225 4291 3456 4349 pastores
3483 4284 3735 4352 pra'vari-

2159 4366 2262 4418 cati
2290 4375 2407 4419 sunt
2436 4367 2488 4420 in
2518 4383 2618 4421 me.
2667 4367 2951 4436 Propterea
2994 4369 3160 4421 adhuc
3190 4371 3388 4440 judicio
3429 4372 3734 4425 contendam

478 4480 591 4516 rum
632 4465 904 4531 dissipant.
952 4465 1070 4519 Stat
1099 4467 1167 4519 ad
1187 4466 1527 4536 judicandum
1568 4465 1844 4528 Dominus,
1874 4474 1924 4518 et
1951 4473 2056 4518 stat
2085 4467 2130 4527 ι)
2159 4461 2436 4526 vobiscum,
2469 4463 2543 4516 ait
2573 4461 2845 4531 Dominus,
2873 4471 2921 4516 et
2943 4479 3056 4515 cum
3083 4463 3208 4532 ﬁliis
3235 4465 3413 4518 vestris
3442 4464 3735 4534 disceptabo

456 4553 547 4604 ‘ad
563 4553 877 4622 judicaudos
908 4555 1141 4624 papulas.
1193 4555 1444 4608 Dominus
1491 4555 1560 4607 ad
1593 4554 1846 4624 judicium
1891 4555 2052 4608 veniet

475 4659 589 4697 cum
618 4645 823 4697 senibus
847 4646 1020 4715 pepuli
1047 4646 1129 4699 sui
1151 4645 1538 4715 etprincipibus
1563 4646 1692 4715 ejus.
1727 4644 1830 4700 Vos
1851 4645 2051 4717 depasti

475 4735 596 4788 estis
639 4737 838 4788 vincam
879 4752 1044 4789 meam
1075 4753 1092 4790 :
1123 4737 1307 4806 rapina
1332 4737 1570 4804 pauperis
1599 4737 1652 4789 in
1681 4735 1831 4792 domo
1859 4747 2046 4792 vestra.

474 4822 648 4886 Quare
691 4826 910 4880 atteritis
957 4827 1200 4897 papulum
1236 4842 1402 4880 meum
1427 4867 1445 4893 ,
1486 4835 1534 4880 et
1580 4829 1736 4898 facies
1763 4845 2045 4898 pauperum

471 4916 795 4981 commolitis,
813 4918 935 4971 dicit
956 4917 1211 4973 Dominus
1229 4920 1542 4972 exercituum
1565 4919 1701 4990 (Isa.
1725 4936 1798 4987 ιιι,
1825 4921 1845 4973 l
1861 4921 2009 4989 1-15)
2024 4923 2047 4975 ?

465 5002 533 5060 Et
561 5007 687 5061 item
723 5026 733 5060 :
776 5006 867 5062 Va:
901 5010 986 5078 qui
1016 5009 1240 5064 condunt
1267 5009 1401 5080 leges
1431 5011 1662 5082 iniquas,
1693 5020 1741 5065 et
1767 5012 2044 5065 scribentes

465 5097 774 5166 injustitiam
802 5101 1133 5168 scripserunt,
1165 5109 1219 5152 ut
1245 5101 1586 5170 opprimerent
1612 5104 1663 5155 in
1684 5102 1885 5171 judicio
1913 5117 2042 5168 pau-

465 5203 631 5255 peres,
659 5196 706 5239 et
736 5189 837 5240 vim
878 5190 1110 5258 facerent
1139 5205 1314 5243 causa:
1343 5191 1609 5243 humilium
1636 5190 1812 5259 populi
1839 5190 1959 5253 mei,
1989 5197 2044 5240 ut

465 5285 632 5328 essent
652 5276 821 5329 uidua:
838 5278 1015 5345 praeda
1041 5294 1238 5341 eorum,
1259 5286 1308 5330 et
1335 5277 1554 5346 pupillos
1575 5278 1870 5344 diriperent.
1906 5274 2042 5339 Quid

466 5367 666 5435 facietis
694 5366 748 5418 in
777 5365 862 5419 die
898 5366 1207 5419 uisitationis
1244 5375 1293 5419 et
1329 5366 1640 5418 calamitatis
1679 5368 1742 5417 de
1782 5365 1933 5435 longe
1959 5383 2042 5420 ve-

462 5460 652 5512 nientis
683 5456 820 5528 (Isa.
852 5474 905 5522 ι,
938 5458 1081 5526 ί-δγῖ
1110 5457 1176 5510 Et
1206 5455 1340 5510 infra
1374 5473 1387 5508 :
1429 5455 1615 5508 Verum
1644 5456 1694 5508 hi
1721 5473 1915 5526 quoque
1936 5475 2045 5526 pra:

461 5549 578 5600 riuo
607 5551 900 5602 nescierunt
923 5590 938 5614 ,
977 5564 1086 5618 pra:
1114 5547 1358 5600 ebrietate
1383 5554 1684 5598 erraverunt
1707 5587 1722 5612 ,
1754 5550 2044 5604 sacerdotes

464 5638 753 5690 nescierunt
781 5653 891 5705 prce
915 5635 1176 5697 ebrietate,
1209 5634 1437 5700 absorpti
1467 5643 1584 5685 sunt
1621 5650 1652 5686 a
1682 5635 1816 5699 vino,
1845 5653 2046 5691 errave-

460 5740 579 5788 runt
617 5732 668 5785 in
709 5729 956 5783 ebrietate
979 5767 994 5791 ,
1039 5727 1329 5780 nescierunt
1370 5725 1650 5792 videntem,
1684 5727 2046 5796 ignorarcrunt

2163 4549 2350 4622 (lbid.,
2379 4552 2431 4616 7,
2458 4553 2533 4621 9).
2566 4552 2696 4606 Item
2726 4561 2851 4622 post
2877 4552 3147 4620 aliquanta
3179 4570 3192 4606 :
3224 4552 3422 4622 Stupor
3443 4562 3492 4607 et
3519 4556 3735 4609 mirabi-

2157 4640 2230 4693 lia
2261 4643 2400 4711 facta
2428 4651 2546 4694 sunt
2575 4643 2626 4695 in
2656 4651 2812 4695 terra.
2838 4639 3113 4711 Propheta:
3139 4643 3490 4711 prwdicabant
3517 4644 3733 4696 mendas

2156 4735 2312 4797 cium,
2339 4741 2388 4785 et
2417 4732 2708 4785 sacerdotes
2737 4731 3118 4801 applaudebant
3146 4732 3382 4786 manibus
3414 4731 3539 4798 suis,
3566 4743 3617 4786 et
3640 4751 3737 4804 po-

2156 4825 2306 4893 pulus
2334 4839 2480 4875 meus
2505 4823 2685 4876 dilexit
2714 4823 2866 4875 talia.
2897 4821 3035 4884 Quid
3061 4824 3218 4894 igitur
3243 4824 3332 4893 ﬁet
3361 4825 3414 4876 in
3442 4825 3734 4878 novissimis

2157 4917 2269 4984 ejus
2300 4912 2431 4981 (Jer.
2460 4929 2512 4976 ν,
2541 4912 2630 4976 50,
2655 4913 2748 4981 3)?
2784 4911 2878 4966 Cui
2907 4913 3088 4984 loquar
3116 4925 3164 4968 et
3189 4914 3526 4980 contestabor,
3555 4925 3614 4968 ut
3639 4931 3733 4968 au-

2155 5002 2304 5054 diat?
2345 4998 2479 5053 Ecce
2516 5001 2888 5057 incircumciste
2921 5019 3071 5058 aures
3097 5020 3274 5058 eorum
3297 5043 3314 5069 ,
3342 5014 3393 5058 et
3418 5006 3598 5059 audire
3628 5022 3732 5059 non

2152 5098 2384 5158 possunt.
2410 5087 2543 5142 Ecce
2561 5089 2765 5145 uerbum
2789 5091 2996 5146 Domini
3018 5095 3209 5165 factum
3233 5104 3310 5149 est
3332 5096 3434 5150 illis
3460 5099 3515 5150 in
3537 5115 3732 5167 oppro-

2152 5180 2339 5244 brium,
2367 5189 2417 5234 et
2446 5197 2547 5234 non
2576 5183 2858 5250 suscipiunt
2884 5183 3012 5236 illud
3039 5183 3181 5253 (Jer.
3213 5201 3284 5248 vr,
3319 5185 3412 5253 10)
3448 5203 3464 5239 :
3492 5189 3611 5256 quia
3639 5204 3734 5241 ea:-

2152 5272 2360 5325 tcndam
2389 5288 2596 5325 manum
2627 5289 2790 5326 meam
2833 5291 2986 5346 super
3015 5275 3305 5330 habitantes
3346 5288 3533 5331 terram
3558 5317 3573 5342 ,
3603 5280 3734 5332 dicit

2151 5361 2424 5425 Dominus.
2471 5365 2513 5416 A
2556 5364 2752 5417 minore
2779 5367 2962 5436 quippe
2989 5384 3147 5437 usque
3175 5367 3244 5421 ad
3274 5369 3524 5438 majorem
3554 5385 3732 5423 omnes

2151 5456 2383 5510 avaritiae
2409 5455 2611 5509 student
2635 5495 2651 5520 ,
2686 5463 2735 5508 et
2760 5473 2792 5509 a
2820 5459 3070 5526 propheta
3106 5475 3264 5530 usque
3304 5460 3373 5512 ad
3411 5461 3733 5514 sacerdotem

2149 5547 2319 5601 cuncti
2348 5549 2548 5618 faciunt
2574 5547 2766 5602 dolum.
2817 5547 2886 5600 Et
2929 5548 3178 5602 curabant
3218 5551 3574 5604 contritionem
3601 5552 3733 5620 ﬁlias

2151 5640 2327 5708 populi
2348 5641 2446 5692 mei
2473 5657 2586 5693 cum
2608 5639 2911 5708 ignominia,
2934 5640 3154 5694 dicentes
3176 5656 3194 5695 :
3219 5640 3356 5706 Pax,
3381 5658 3487 5710 pax
3507 5659 3527 5707 ;
3551 5651 3600 5695 et
3621 5659 3728 5698 non

2151 5741 2258 5785 crat
2289 5749 2411 5801 pax.
2460 5731 2674 5801 συνοίκεε
2704 5740 2838 5795 sunt,
2863 5732 2980 5800 quia
3003 5733 3431 5791 abominationcm
3454 5736 3720 5805 fecerunt;
