3970 6454
195 339 305 398 377
900 336 1098 399 LIBER
1137 342 1525 412 QUERULUS.
1569 342 1745 397 PARS
1784 342 1792 396 l

1909 340 2318 399 ΙΜΣΠΕΓΑἸΊΟ
2354 344 2419 399 IN
2454 345 2758 403 CLERUM.
3341 346 3448 403 578

192 461 316 531 quin
346 460 516 530 potius
545 460 842 531 confusione
875 478 976 516 non
1004 470 1123 515 sunt
1148 460 1371 531 confusi,
1402 467 1450 514 et
1477 458 1767 513 erubescere
1798 461 1839 515 Α
1870 473 2037 511 meum
2067 454 2255 511 Israel.
2292 456 2361 511 Et
2396 461 2452 512 in
2486 460 2748 529 prophetis
2774 457 3063 517 Ierusalem
3088 460 3194 515 vidi
3210 461 3449 517 similitu-

196 551 510 605 nescierunt.
553 548 894 614 Quamobrem
919 553 1105 607 cadent
1133 554 1267 606 inter
1290 561 1525 615 ruentes;
1556 552 1610 603 in
1638 560 1767 604 tem-
1810 568 1813 573 ·
1869 545 2043 599 dinem
2065 547 2468 600 adulterantium
2487 586 2503 614 ,
2536 558 2585 601 et
2613 549 2714 601 iter
2746 551 3035 616 mendacii;
3058 562 3109 605 et
3128 555 3450 624 confortaue-

194 634 655 714 pore'visitationis
682 660 855 698 eorum
883 654 1119 699 corruent
1146 685 1162 710 ,
1203 643 1329 697 dicit
1354 641 1606 697 Dominus
1635 641 1768 713 (ler.

196 747 270 801 VI,
292 729 498 801 13-15).
529 730 594 786 Et
620 732 810 788 iterum
842 750 854 786 :
890 733 1079 787 Omnes
1104 734 1191 787 isti
1219 734 1475 803 principes
1505 731 1771 786 declinau-

194 823 323 875 tium
348 820 672 875 mbulantes
714 822 1087 893 fraudulenter,
1119 838 1189 877 tes
1216 829 1265 875 et
1296 823 1522 892 ferrum;
1550 818 1771 874 universi

196 910 429 981 corrupti
451 919 590 973 sunt.
616 907 814 982 Defecit
836 909 1168 979 sufflatorium
1188 911 1242 964 in
1261 911 1409 981 igne;
1432 911 1627 980 frustra
1650 923 1774 962 cou-

198 1002 342 1072 ﬁavit
369 1002 670 1071 conﬂator;
709 986 923 1057 malitia
963 1009 1134 1055 autem
1169 1017 1346 1057 eorum
1374 1016 1477 1056 non
1504 1007 1625 1054 sunt
1650 1014 1774 1052 con-

194 1100 439 1163 sumpta.
466 1092 747 1163 Argentum
769 1090 1039 1160 reprobum
1059 1099 1233 1147 vocate
1249 1106 1357 1154 eos,
1378 1090 1498 1161 quia
1527 1088 1774 1142 Dominus

196 1182 417 1253 projecit
447 1181 565 1236 illos
596 1180 783 1252 (Ibid.,
812 1180 1012 1252 28-50).
1036 1180 1105 1235 Et
1122 1188 1247 1251 post
1263 1194 1431 1250 pauca
1461 1197 1477 1232 :
1506 1178 1623 1250 Ege
1640 1195 1776 1243 sum,

194 1290 287 1345 ego
314 1290 431 1327 sunt
447 1290 467 1339 ;
496 1289 589 1343 ego
616 1274 738 1338 vidi,
764 1272 888 1326 dicit
915 1271 1188 1327 Dominus.
1212 1270 1295 1325 Ite
1321 1271 1391 1324 ad
1415 1271 1585 1325 locum
1610 1286 1777 1324 meum

198 1366 253 1419 in
281 1364 422 1430 Silo,
445 1364 534 1419 ubi
561 1363 807 1418 habitavit
833 1379 1019 1419 nomen
1046 1380 1213 1418 meum
1236 1380 1270 1416 a
1297 1362 1579 1433 principio;
1617 1368 1667 1416 et
1699 1360 1776 1416 vi-

197 1455 313 1510 dete
339 1472 461 1527 quc
505 1457 713 1527 fecerim
752 1455 800 1510 ei
827 1464 1038 1525 propter
1065 1454 1320 1509 malitiam
1362 1452 1537 1523 populi
1587 1449 1775 1505 Israel.

197 1542 268 1598 Et
286 1559 428 1597 nunc
448 1543 568 1615 quia
590 1543 782 1614 fecistis
808 1542 983 1597 omnia
1005 1557 1161 1611 opera
1187 1541 1325 1606 htec,
1348 1539 1471 1593 dicit
1491 1538 1777 1601 Dominus;

195 1641 244 1687 et
267 1634 474 1688 locutus
499 1649 614 1687 sum
640 1631 712 1685 ad
739 1648 823 1687 vos
850 1647 1003 1686 mane
1039 1646 1350 1700 consurgens
1385 1637 1436 1683 et
1470 1626 1701 1699 loquens,
1729 1634 1782 1679 et

198 1743 303 1781 non
330 1726 590 1792 audistis;
631 1735 682 1781 et
709 1726 880 1780 vocavi
910 1741 1016 1790 vos,
1042 1734 1093 1779 et
1126 1740 1229 1778 non
1257 1722 1593 1794 respondistis
1622 1737 1641 1776 :
1668 1720 1781 1775 Fa-

1870 644 1990 689 runt
2028 650 2214 689 manus
2250 637 2609 706 pessimorum,
2643 645 2702 690 ut
2738 653 2843 692 non
2883 650 3259 695 converteretur
3295 658 3454 698 unus-

1870 726 2079 796 quisque
2096 742 2128 778 a
2151 726 2352 780 malitia
2369 742 2493 791 sua;
2517 727 2644 797 facti
2659 736 2780 781 sunt
2793 726 2917 781 mihi
2936 744 3112 783 omnes
3126 738 3183 783 ut
3192 730 3447 797 Sodoma,

1870 827 1922 870 et
1943 818 2255 872 habitatores
2275 818 2386 889 ejus
2406 819 2553 889 quasi
2568 817 2874 873 Gomorrha.
2896 817 3180 889 Propterea
3194 822 3303 877 hac
3323 823 3450 877 dicit
3490 880 3501 887 κ

1874 905 2131 961 Dominus
2156 908 2225 961 ad
2246 909 2520 979 prophetas
2543 924 2563 963 :
2588 906 2722 962 Ecce
2742 924 2836 981 ego
2856 906 3035 963 cibabo
3055 925 3141 965 eos
3169 910 3451 979 absinthio,

1872 1007 1927 1052 et
1947 997 2135 1068 potabo
2156 1014 2242 1053 eos
2266 998 2414 1068 felle;
2444 1015 2477 1051 a
2497 998 2759 1068 prophetis
2777 997 2915 1052 enim
2932 997 3221 1053 Jerusalem
3241 1016 3451 1071 egressa

1872 1100 1950 1145 est
1983 1090 2198 1160 pollutio
2229 1107 2382 1159 super
2402 1108 2604 1146 omnem
2625 1099 2836 1146 terram.
2882 1091 3014 1146 ﬂtec
3051 1094 3175 1147 dicit
3194 1092 3451 1151 Dominus

1874 1182 2188 1237 exercituum
2229 1199 2247 1235 :
2290 1180 2471 1237 Nolite
2509 1182 2691 1237 audire
2728 1183 2881 1237 verba
2926 1184 3287 1254 prophetarum
3311 1224 3332 1251 ,
3362 1186 3453 1257 qui

1876 1272 2181 1342 prophetarit
2203 1272 2341 1326 vobis
2367 1282 2417 1327 et
2439 1273 2699 1343 decipiunt
2716 1289 2835 1337 vos;
2858 1274 3101 1328 visionem
3121 1275 3257 1328 enim
3279 1274 3451 1330 cordis

1875 1363 1958 1417 sui
1985 1364 2281 1434 loquuntur,
2311 1379 2411 1417 non
2435 1364 2498 1417 de
2517 1380 2608 1417 ore
2630 1362 2864 1418 Domini.
2898 1361 3090 1418 Dicunt
3110 1364 3246 1419 enim
3263 1364 3345 1418 his
3366 1366 3452 1436 qui

1876 1473 1958 1509 nte
2009 1455 2363 1525 blasphemant
2407 1471 2427 1511 :
2478 1453 2702 1508 Locutus
2741 1463 2818 1509 est
2857 1453 3113 1510 Dominus
3139 1470 3158 1509 :
3198 1454 3318 1509 Pax
3355 1458 3454 1510 erit

1878 1546 2039 1602 vobis.
2064 1544 2132 1600 Et
2154 1545 2389 1601 omnibus
2410 1546 2495 1616 qui
2517 1544 2783 1599 ambulant
2802 1547 2855 1599 in
2878 1546 3131 1617 pravitate
3150 1547 3323 1601 cordis
3350 1547 3452 1611 sui,

1880 1637 2121 1692 dixerunt
2155 1653 2173 1694 ;
2210 1634 2330 1689 Non
2368 1636 2535 1689 veniet
2574 1650 2729 1704 super
2764 1651 2852 1689 vos
2892 1636 3106 1690 malum.
3150 1634 3279 1701 Quis
3316 1638 3456 1691 enim

1881 1725 2051 1795 adfuit
2071 1726 2123 1778 in
2147 1725 2362 1779 consilio
2386 1723 2616 1789 Domini,
2644 1734 2693 1777 et
2720 1725 2845 1779 vidit
2872 1734 2919 1777 et
2949 1725 3143 1779 audiuit
3172 1741 3456 1779 sermonm

197 1818 331 1870 ciam
355 1816 534 1871 domui
562 1816 677 1869 huic
702 1816 756 1869 in
785 1832 884 1886 qua
912 1818 1201 1869 invocatum
1220 1822 1297 1867 εει
1315 1828 1501 1867 "om
1522 1826 1715 1875 meum.
1732 1819 1782 1864 ει
1815 1823 1859 1883 Β
1882 1817 2032 1887 ejus?
2052 1814 2179 1880 Quis
2213 1816 2556 1870 consideravit
2582 1818 2785 1871 verbum
2814 1817 2955 1871 illius
2987 1826 3037 1871 et
3069 1818 3299 1872 audivit?
3328 1817 3461 1873 Ecce

197 1908 251 1960 in
280 1924 383 1978 qua
411 1924 501 1962 vos
524 1905 723 1961 habetis
742 1906 1009 1976 ﬁduciam,
1032 1913 1082 1958 et
1108 1904 1219 1958 loco
1248 1918 1395 1972 quem
1421 1902 1540 1957 dedi
1569 1900 1710 1958 vobis
1735 1909 1785 1955 et

198 2000 441 2070 patribus
475 2000 656 2054 vestris
685 2039 703 2067 ,
748 1999 879 2052 sicut
921 1997 1023 2068 feci
1069 1996 1215 2061 Silo;
1254 2003 1304 2050 et
1338 1996 1613 2067 projiciam
1640 2009 1727 2050 vos
1752 2010 1785 2046 a

200 2089 337 2159 facie
357 2106 477 2142 mea
506 2087 637 2159 (Jer.
663 2103 752 2152 vn,
781 2086 868 2151 11,
896 2085 1005 2156 15).
1031 2084 1097 2140 Et
1121 2086 1312 2150 iterum
1336 2104 1350 2139 :
1374 2084 1503 2140 Filii
1524 2086 1623 2140 mei
1644 2085 1786 2139 exie-

198 2188 321 2231 runt
351 2195 386 2232 a
415 2196 529 2246 me,
558 2188 607 2232 et
634 2195 736 2233 non
764 2177 1075 2244 subsistunt;
1112 2184 1163 2231 et
1186 2194 1290 2232 non
1318 2185 1395 2232 est
1427 2178 1513 2247 qui
1542 2175 1786 2231 extendat

197 2269 341 2323 ultra
394 2270 671 2323 tentoriunt
717 2284 883 2321 meum
907 2306 923 2333 ,
949 2276 1000 2322 et
1037 2268 1205 2338 erigat
1238 2267 1395 2336 pelles
1436 2282 1599 2321 meas.
1651 2264 1785 2330 Quia

200 2359 359 2414 stulte
386 2368 601 2430 egerunt
626 2368 881 2429 pastores,
909 2367 957 2412 et
987 2355 1264 2412 Dominum
1292 2374 1396 2411 non
1436 2358 1744 2428 quwsierunt
1766 2372 1784 2420 ;

201 2460 483 2522 propterea
511 2467 615 2504 non
651 2450 1041 2519 intellexerunt,
1076 2456 1123 2505 et
1150 2465 1277 2521 grex
1314 2466 1490 2504 eorum
1527 2449 1786 2518 dispersus

203 2550 279 2596 est
311 2541 448 2613 (.ler.
473 2558 526 2608 ι,
556 2541 646 2608 20,
673 2541 787 2613 2i).
817 2541 885 2596 Et
911 2551 1034 2612 post
1059 2542 1369 2611 aliquanta;
1396 2539 1534 2605 Quid
1559 2548 1634 2594 est
1653 2540 1789 2610 quod

206 2634 428 2687 dilectus
457 2650 600 2687 meus
633 2634 687 2687 in
714 2634 865 2688 domo
892 2650 1003 2687 mea
1032 2634 1152 2704 fecit
1179 2634 1374 2687 scelera
1399 2632 1604 2685 multa?
1640 2628 1789 2683 Nun-

206 2722 332 2794 quid
361 2740 545 2777 carnes
572 2734 768 2778 sanctte
788 2725 1025 2795 auferent
1049 2740 1080 2776 a
1103 2732 1150 2777 te
1175 2723 1403 2777 malitias
1433 2731 1565 2787 tuas,
1594 2722 1648 2775 in
1671 2720 1787 2792 qui-

208 2814 301 2870 bus
319 2816 549 2887 gloriata
567 2816 656 2869 es?
678 2816 877 2870 Olivam
896 2815 1123 2882 uberem,
1138 2815 1425 2885 pulchram,
1446 2814 1789 2885 fructiferam,

207 2910 499 2977 speciosam
535 2910 730 2962 vocavit
772 2906 1022 2961 Dominus
1062 2924 1245 2962 nomen
1294 2915 1469 2970 tuum;
1517 2904 1587 2958 ad
1623 2920 1790 2959 vocem

206 2994 451 3067 loquelw,
481 2996 693 3067 grandis
721 2995 917 3048 exarsit
948 2994 1083 3064 ignis
1112 2994 1166 3047 in
1195 3010 1277 3054 ea,
1308 3002 1356 3046 ct
1380 2990 1644 3045 combusta
1672 3000 1791 3045 sunt

208 3087 408 3157 fruteta
434 3086 548 3156 ejus
575 3084 707 3155 (Jer.
731 3100 806 3147 ιι,
832 3082 918 3148 15,
948 3082 1056 3151 16).
1088 3080 1155 3135 Ει
1184 3082 1375 3136 iterum
1401 3099 1413 3133 :
1448 3081 1646 3145 Venite,
1669 3097 1791 3135 con-

1888 1907 2034 1964 turbo
2075 1910 2346 1963 dominica:
2384 1908 2757 1980 indignationis
2798 1909 3077 1980 egreditur,
3108 1918 3159 1963 et
3184 1918 3460 1977 temnestas

1883 2015 2155 2068 erumpens
2173 2015 2327 2069 super
2344 2008 2497 2067 caput
2528 2000 2804 2068 impiorum
2823 1999 3006 2053 ueniet.
3036 1996 3159 2053 Non
3187 2007 3464 2053 revertetur

1887 2094 2033 2163 furor
2057 2092 2266 2145 Domini
2286 2106 2442 2161 usque
2463 2090 2583 2143 dum
2604 2090 2785 2161 faciat,
2818 2099 2868 2144 et
2890 2106 3047 2161 usque
3066 2089 3190 2143 dum
3209 2090 3465 2158 compleat

1887 2182 2249 2251 cogitationem
2287 2179 2457 2233 cordis
2490 2180 2589 2233 sui.
2634 2177 2698 2232 In
2731 2178 3020 2233 novissimis
3058 2177 3234 2233 diebus
3271 2177 3464 2233 intelli-

1886 2272 2014 2343 getis
2034 2271 2301 2325 consilium
2323 2274 2434 2342 ejus
2480 2270 2891 2343 (1ὺὶι1.,1Ι-⁴ΞΟ).

1956 2362 2087 2416 CAP.
2119 2377 2191 2415 ιι.
2224 2360 2309 2414 Ea:
2336 2362 2472 2427 Joel,
2503 2360 2652 2424 Osee,
2699 2364 2875 2417 Amos.
2904 2393 2976 2404 —
3004 2360 3198 2415 Parum
3225 2374 3463 2429 namque

1888 2450 2136 2520 cogitatis
2167 2450 2249 2503 vel
2276 2450 2446 2505 facitis
2472 2490 2488 2515 ,
2526 2453 2674 2520 quod
2711 2460 2928 2506 sanctus
2948 2466 3165 2521 quoque
3190 2448 3307 2506 Joel
3343 2464 3464 2505 mo-

1890 2556 2024 2596 nens
2053 2541 2253 2596 inertes
2292 2541 2622 2605 sacerdotes,
2650 2556 2713 2597 ac
2739 2540 2942 2597 deﬂens
2965 2541 3346 2597 detrimentum
3374 2554 3467 2609 po-

1890 2635 2001 2705 puli
2028 2650 2128 2705 pro
2162 2635 2531 2705 iniquitatibus
2557 2648 2743 2688 eorum
2782 2632 2949 2687 edixit
2981 2650 2994 2685 :
3033 2630 3467 2702 Expergiscimini

1889 2727 1975 2798 qui
2008 2727 2131 2780 estis
2158 2724 2285 2780 ebrii
2322 2744 2355 2779 a
2375 2728 2492 2780 vino
2518 2736 2702 2791 vestro,
2732 2735 2782 2779 et
2813 2726 3014 2795 plorate
3038 2732 3087 2778 et
3112 2723 3468 2777 lamentamini

1891 2833 2067 2872 omnes
2095 2818 2181 2888 qui
2207 2817 2379 2871 bibitis
2416 2819 2588 2871 vinum
2614 2818 2669 2870 in
2695 2816 3011 2879 ebrietatem,
3047 2815 3167 2884 quia
3194 2812 3370 2866 ablata
3391 2822 3471 2866 est

1893 2904 1957 2959 ab
1979 2922 2067 2961 ore
2091 2914 2256 2959 vestro
2287 2906 2592 2976 jucunditas
2634 2913 2682 2957 et
2709 2905 2953 2975 gaudium
2988 2902 3144 2972 (Joel.
3174 2918 3212 2965 ι,
3249 2901 3327 2970 5).
3361 2899 3469 2953 Ln-

1892 3007 2027 3068 gete,
2056 2996 2371 3061 sacerdotes,
2401 2996 2485 3065 qui
2516 2995 2783 3047 deservitis
2800 2993 2981 3055 altari,
3000 2992 3120 3061 quia
3148 2990 3320 3044 miseri
3341 2990 3469 3060 facti

1894 3096 2015 3141 sunt
2051 3087 2240 3157 campi.
2287 3085 2487 3156 Lugeat
2527 3093 2701 3150 terra,
2734 3084 2852 3154 quia
2894 3081 3135 3135 miserum
3175 3082 3366 3151 factum
3392 3088 3469 3131 est

207 3177 503 3249 grcgamini
530 3192 704 3231 omnes
734 3173 907 3230 ιορσιὲω
935 3183 1107 3242 terra,
1130 3181 1403 3247 properate
1436 3172 1505 3228 ad
1535 3172 1786 3229 dcrorau-
1819 3190 1864 3252 (3
1895 3180 2239 3252 frumentum,
2289 3183 2340 3229 et
2386 3176 2633 3232 siccatum
2676 3182 2752 3229 est
2802 3174 2991 3236 riuum,
3040 3171 3346 3226 diminutum
3392 3178 3467 3233 cn

208 3269 357 3322 dum.
392 3267 639 3323 Pastores
668 3267 814 3322 multi
844 3266 1072 3322 demoliti
1106 3275 1225 3321 sunt
1258 3266 1457 3320 vineam
1486 3281 1671 3330 meam,
1702 3265 1792 3318 de—

211 3357 401 3410 derunt
446 3356 734 3424 pcrtionem
778 3373 941 3410 meam
994 3354 1383 3409 desiderabilem
1434 3355 1488 3409 in
1537 3354 1793 3408 desertum

215 3447 512 3502 solitudinis
554 3445 684 3517 (Jer.
719 3464 811 3513 xu,
847 3444 899 3513 9,
926 3444 1037 3517 l0).
1082 3444 1322 3514 Itemque
1349 3444 1586 3514 loquitur
1618 3462 1630 3497 :
1663 3441 1793 3498 Ilaec

216 3539 339 3593 dicit
371 3538 625 3594 Dominus
652 3539 842 3611 populo
871 3539 987 3593 huic
1009 3578 1026 3605 ,
1068 3539 1155 3611 qui
1183 3538 1365 3592 dilexit
1400 3552 1599 3591 movere
1638 3536 1793 3607 pedes

216 3645 338 3683 suos
366 3637 417 3683 et
441 3646 545 3684 non
575 3631 778 3701 quievit,
808 3642 858 3685 et
887 3629 1107 3684 Domino
1134 3647 1237 3684 non
1263 3629 1473 3701 placuit.
1526 3626 1681 3682 Nunc
1712 3642 1795 3681 re-

220 3718 520 3773 cordabitur
549 3720 875 3790 iniquitatum
896 3736 1091 3784 eorum,
1122 3729 1172 3772 et
1199 3716 1423 3771 visitabit
1449 3727 1658 3785 peccata
1678 3715 1798 3770 illo-

220 3826 331 3864 rum
374 3808 511 3877 (Ier.
544 3827 651 3876 xw,
688 3811 797 3879 10).
843 3808 1120 3878 Propheta:
1147 3809 1323 3862 dicunt
1350 3808 1423 3861 eis
1453 3824 1471 3861 :
1503 3804 1627 3861 Non
1658 3807 1797 3861 vide-

221 3895 336 3953 bitis
377 3900 630 3971 gladium,
670 3908 720 3952 et
765 3900 929 3969 fames
968 3913 1069 3951 non
1100 3897 1197 3951 erit
1236 3896 1288 3949 in
1321 3895 1481 3960 vobis,
1513 3894 1601 3948 sed
1621 3909 1798 3962 pacem

220 4006 390 4044 veram
417 3990 564 4044 dabit
600 3989 856 4043 Dominus
884 3987 1023 4043 vobis
1050 3988 1106 4041 in
1134 3987 1245 4041 loco
1277 3987 1396 4039 isto.
1430 3982 1499 4036 Et
1525 3984 1658 4036 dixit
1684 3981 1797 4035 Do-

225 4082 389 4136 minus
422 4083 496 4136 ad
536 4099 615 4136 me
640 4098 657 4136 :
684 4080 845 4137 Falso
872 4079 1135 4151 propheta:
1154 4077 1498 4131 vaticinantur
1520 4074 1573 4127 in
1595 4074 1801 4127 nomine

224 4190 368 4241 meo;
405 4192 514 4230 non
540 4176 656 4230 misi
680 4191 788 4240 eos,
811 4183 861 4227 et
887 4188 991 4225 non
1015 4169 1237 4242 prwcepi
1260 4170 1368 4233 eis;
1394 4168 1640 4222 visionem
1666 4182 1802 4219 men-

226 4264 420 4334 dacem,
451 4274 502 4320 et
532 4265 924 4341 diuinationem,
951 4271 1000 4314 et
1030 4259 1452 4329 fraudulentiam,
1478 4266 1528 4310 et
1555 4254 1804 4308 seductio-

226 4372 339 4411 nem
363 4356 541 4412 cordis
560 4356 641 4410 sui
673 4354 980 4425 prophetant
1005 4351 1165 4405 vobis.
1195 4347 1321 4403 Ideo
1344 4348 1452 4401 hwc
1483 4347 1609 4399 dicit
1633 4344 1803 4398 Domi-

230 4464 321 4501 nus
346 4467 363 4502 :
390 4448 461 4503 In
491 4447 665 4519 gladio
685 4455 733 4500 et
756 4447 892 4518 fame
916 4450 1277 4497 consumentur
1303 4439 1565 4509 propheta:
1594 4437 1692 4491 illi.
1732 4435 1804 4489 Et

1894 3271 2092 3335 oleum,
2144 3278 2393 3323 aruerunt
2437 3268 2698 3338 agricoltv.
2739 3266 2932 3336 Lugete
2979 3264 3325 3334 possessiones
3374 3279 3470 3331 pre

1896 3364 2065 3417 tritico
2093 3369 2142 3415 et
2167 3361 2385 3424 hordeo,
2430 3360 2550 3430 quia
2577 3358 2729 3429 periit
2754 3357 3007 3411 vindemia
3053 3371 3119 3408 ex
3144 3370 3289 3423 agro,
3331 3353 3470 3406 vitiis

1894 3454 2125 3522 arefacta
2153 3458 2263 3516 est,
2292 3450 2422 3520 ﬁcus
2450 3449 2718 3503 diminuta:
2744 3455 2863 3501 sunt
2884 3462 2903 3499 :
2927 3452 3171 3516 grauata,
3195 3451 3244 3495 et
3271 3442 3466 3511 palma,

1894 3550 1944 3596 et
1967 3540 2183 3607 malum,
2212 3548 2262 3593 et
2288 3538 2462 3593 omnia
2492 3537 2635 3609 ligna
2662 3537 2776 3607 agri
2804 3536 3039 3605 arefacta
3061 3540 3199 3596 sunt,
3226 3530 3469 3601 quoniam

1895 3631 2241 3702 confuderunt
2278 3629 2523 3701 gaudium
2570 3627 2666 3697 ﬁlii
2711 3627 2975 3680 hominum
3024 3621 3221 3694 (Ibid.,
3269 3619 3323 3683 9,
3356 3618 3469 3687 1‘2).

1897 3722 2026 3789 Quae
2053 3720 2234 3776 omnia
2267 3718 2619 3789 spiritualiter
2648 3714 2990 3784 intelligenda
3021 3720 3178 3768 erunt
3204 3710 3380 3777 vobis,
3403 3724 3472 3763 ne

1898 3821 2007 3868 tam
2036 3811 2307 3883 pestilenti
2334 3808 2475 3864 tame
2503 3808 2650 3863 verbi
2680 3807 2772 3861 Dei
2801 3806 2994 3861 anima:
3018 3811 3210 3858 vestra:
3252 3813 3470 3855 aresce-

1898 3912 2036 3958 rent.
2064 3901 2130 3956 Et
2155 3902 2344 3955 iterum
2362 3918 2375 3954 :
2393 3898 2558 3963 Flete,
2577 3897 2866 3952 sacerdotes
2893 3896 2979 3968 qui
3001 3892 3268 3947 deservitis
3290 3888 3474 3943 Domi-

1900 3994 2230 4060 no,dicentes
2258 4007 2276 4045 :
2299 3990 2487 4054 Parce,
2510 3989 2753 4057 Domine,
2777 3987 2965 4057 populo
2996 3992 3166 4047 tuo,et
3177 3998 3240 4034 ne
3261 3981 3350 4034 des
3362 3978 3471 4033 haz-

1899 4085 2170 4138 reditatem
2199 4093 2341 4137 tuam
2365 4083 2418 4136 in
2439 4081 2791 4151 opprobrium,
2805 4088 2853 4131 et
2876 4094 2939 4130 ne
2955 4076 3280 4128 dominentur
3299 4086 3476 4123 eorum

1901 4184 2114 4245 gentes,
2164 4175 2238 4226 uti
2280 4188 2346 4226 ne
2384 4172 2561 4224 dicant
2600 4177 2775 4241 gentes
2805 4182 2823 4219 :
2865 4164 2965 4219 Ubi
3001 4172 3077 4215 est
3115 4161 3257 4214 Deus
3299 4174 3478 4211 eorum

1904 4262 2063 4335 (laet.
2092 4278 2147 4325 ll,
2182 4262 2310 4332 l7)?
2337 4259 2443 4314 Sed
2474 4259 2589 4312 hinc
2624 4272 2723 4311 vos
2763 4267 3100 4323 nequaquam
3129 4248 3347 4315 auditis,
3382 4247 3478 4301 sed

1905 4350 2086 4405 omnia
2127 4349 2319 4418 quibus
2360 4345 2683 4417 propensius
2726 4342 2892 4397 divini
2942 4340 3135 4394 furoris
3186 4335 3483 4405 indignatio

1907 4436 2239 4503 inardescat,
2267 4433 2568 4489 admittitis.
2593 4432 2731 4499 Quid
2761 4431 2921 4486 etiam
2951 4436 3165 4484 sanctus
3191 4425 3328 4482 Osee
3350 4440 3478 4495 pro-

232 4539 396 4609 populi
448 4518 629 4609 quibus
669 4536 1095 4607 prophetaverunt
1119 4571 1135 4598 ,
1179 4530 1393 4601 projecti
1432 4537 1580 4581 enmt
1619 4528 1672 4579 in
1709 4526 1803 4578 riis
1833 4554 1884 4613 ι)
1908 4530 2067 4599 pheta
2116 4524 2485 4581 sacerdotibus
2519 4522 2680 4578 vestri
2716 4520 2918 4576 moduli
2964 4518 3180 4583 dixerit,
3208 4518 3487 4613 signanter

232 4626 517 4683 Jerusalem
540 4644 649 4696 pra:
671 4629 807 4698 fame
825 4635 872 4679 et
894 4625 1100 4696 gladio;
1142 4631 1191 4676 et
1224 4638 1326 4675 non
1358 4620 1456 4673 erit
1482 4618 1567 4688 qui
1589 4616 1804 4685 sepeliat

237 4714 422 4788 (lbid.,
459 4716 658 4786 15-16).
698 4713 766 4768 Ει
791 4715 982 4768 iterum
1017 4729 1029 4765 :
1071 4710 1164 4765 Va:
1184 4706 1475 4779 pastoribus
1501 4706 1586 4777 qui
1613 4704 1809 4772 disper-

238 4806 354 4861 dunt
377 4824 429 4864 et
452 4809 738 4861 dilacerant
766 4820 970 4877 gregem
990 4817 1194 4874 pascua:
1212 4814 1358 4864 meat,
1381 4798 1505 4851 dicit
1530 4796 1781 4849 Dominus

242 4896 358 4953 Ideo
380 4901 494 4954 hasc
516 4898 637 4952 dicit
676 4895 928 4950 Dominus
968 4892 1105 4947 Deus
1148 4890 1316 4946 Israel
1345 4888 1415 4943 ad
1447 4896 1682 4957 pastores
1720 4888 1805 4957 qui

241 4998 449 5056 pascunt
503 4990 744 5060 populum
790 5002 960 5040 meum
1008 5000 1028 5038 :
1084 4982 1189 5038 Vos
1235 4979 1551 5049 dispersistis
1602 4992 1805 5048 gregem

243 5093 420 5147 meum,
445 5088 494 5134 et
528 5079 750 5151 ejecistis
775 5094 882 5142 eos,
910 5086 959 5130 et
986 5093 1089 5130 non
1121 5074 1366 5127 visitastis
1390 5071 1528 5126 illos.
1555 5068 1690 5122 Ecce
1712 5084 1806 5139 ego

244 5170 451 5225 visitabo
472 5187 625 5241 super
644 5185 729 5223 vos
750 5168 1005 5222 malitiam
1043 5164 1330 5219 studiorum
1356 5172 1654 5223 vestrorum,
1684 5159 1810 5213 dicit

247 5258 492 5317 Dominus
518 5261 652 5334 (Jer.
677 5276 825 5325 χχιιι,
852 5259 905 5323 1,
926 5258 1005 5328 ‘2).
1046 5256 1310 5327 Propheta
1332 5269 1547 5326 namque
1565 5262 1614 5307 et
1635 5268 1809 5306 sacer-

247 5353 332 5406 dos
352 5356 533 5427 polluti
552 5364 703 5421 sunt;
732 5362 782 5407 et
800 5353 855 5405 in
875 5351 1028 5405 domo
1058 5366 1170 5403 mea
1194 5347 1360 5402 iuveni
1389 5346 1580 5400 malum
1610 5359 1807 5407 eorum,

249 5443 362 5498 dicit
381 5445 656 5502 Dominus.
683 5442 749 5497 Et
772 5441 965 5497 idcirco
982 5440 1063 5494 via
1083 5455 1256 5494 eorum
1281 5438 1377 5490 erit
1395 5435 1541 5506 quasi
1563 5432 1811 5487 lubricum

249 5533 301 5586 in
329 5536 573 5603 tenebris;
603 5532 931 5606 impellentur
958 5531 1119 5596 enim,
1145 5537 1194 5582 et
1222 5533 1458 5582 corruent
1484 5526 1539 5578 in
1561 5540 1655 5588 ea;
1691 5522 1816 5590 απε-

253 5642 356 5680 ram
376 5631 509 5683 enim
536 5644 689 5699 super
708 5642 795 5686 eos
819 5625 959 5678 mala
982 5664 999 5691 ,
1038 5637 1231 5675 annum
1269 5617 1576 5673 uisitationis
1615 5631 1813 5678 eorum,

255 5717 369 5772 dicit
397 5720 664 5777 Dominus.
708 5718 774 5773 Et
803 5719 856 5772 in
879 5715 1140 5789 prophetis
1180 5712 1438 5768 Samaria:
1476 5710 1580 5763 vidi
1610 5708 1818 5779 fatuita—

256 5814 378 5876 “tu;
408 5823 458 5867 et
483 5809 859 5883 prophetabttnt
888 5810 940 5863 in
970 5807 1102 5862 Iiaal
1121 5847 1137 5875 ,
1158 5814 1205 5861 et
1230 5801 1549 5873 decipiebant
1572 5799 1813 5871 pupulum

1908 4619 2171 4674 attendite
2202 4635 2215 4671 :
2246 4616 2433 4670 Audite
2459 4615 2595 4683 hwc,
2629 4613 2943 4675 sacerdotes,
2973 4619 3023 4664 et
3048 4609 3281 4663 intendat
3302 4607 3486 4661 domus

1913 4708 2087 4764 Israel
2114 4718 2163 4761 et
2189 4708 2373 4762 domus
2402 4707 2540 4776 regis
2565 4746 2583 4772 ,
2622 4704 2826 4774 inﬁgite
2859 4701 3068 4755 auribus
3097 4700 3278 4753 restris
3312 4714 3329 4751 :
3360 4713 3485 4768 quo-

1910 4802 2052 4855 niam
2094 4800 2164 4854 ad
2206 4816 2294 4854 vos
2334 4808 2411 4852 est
2444 4797 2729 4869 judicium,
2780 4795 2903 4866 quia
2941 4795 3153 4863 laqueus
3192 4790 3316 4861 facti
3362 4788 3487 4842 estis

1910 4892 2247 4964 speculationi
2273 4898 2321 4943 et
2348 4890 2479 4943 velut
2523 4888 2795 4941 reticulum
2820 4894 3085 4939 extensum
3114 4898 3266 4952 super
3304 4877 3487 4932 Itabu-

1910 4983 2045 5035 rium
2089 4980 2226 5052 quod
2269 4979 2600 5049 indagatores
2640 4976 2926 5031 venationis
2963 4974 3289 5043 conﬁxerunt
3328 4965 3484 5031 (Ose.

1912 5088 1970 5139 ν,
2000 5073 2077 5141 Ι).
2110 5069 2275 5125 Vobis
2303 5069 2467 5123 etiam
2494 5082 2525 5120 a
2574 5066 2803 5120 Domino
2835 5063 3086 5119 alienatio
3121 5054 3488 5128 hujuscemodi

1913 5162 2225 5219 intendatur
2270 5175 2369 5231 per
2416 5158 2734 5229 prophetam
2770 5156 2936 5210 Amos
2974 5153 3242 5207 dicentem
3290 5165 3304 5200 :
3352 5144 3491 5199 Odia

1915 5252 2071 5309 habui
2102 5260 2152 5306 et
2201 5250 2371 5320 repuli
2404 5250 2514 5302 dies
2553 5250 2712 5320 festos
2756 5254 2973 5305 vestros,
3010 5251 3191 5295 etnon
3236 5236 3493 5306 accipiam

1915 5344 2125 5398 odorem
2152 5343 2206 5396 in
2230 5340 2539 5395 solemnibus
2582 5334 2997 5392 conventionibus
3032 5330 3213 5384 vestris
3243 5343 3261 5380 :
3294 5325 3414 5396 quia
3441 5331 3493 5378 et

1917 5436 1962 5490 si
1991 5433 2282 5489 obtuleritis
2320 5432 2764 5485 Itolocaustomata
2808 5435 2860 5479 et
2888 5423 3082 5477 hostias
3119 5428 3347 5481 vestras,
3386 5428 3494 5467 non

1920 5523 2172 5594 accipiam
2207 5538 2270 5576 ea
2308 5537 2329 5576 :
2375 5521 2445 5593 (et
2492 5519 2721 5573 salutare
2759 5509 3128 5570 declarationis
3168 5513 3352 5561 vestr:
3390 5518 3495 5557 non

1921 5612 2217 5684 aspiciam.)
2249 5611 2501 5681 Transfer
2528 5626 2561 5662 a
2601 5623 2681 5661 me
2707 5620 2891 5658 sonum
2918 5600 3218 5655 cantionum
3256 5605 3493 5656 tuarum,

1922 5712 1970 5756 et
1998 5702 2254 5773 psalmum
2279 5714 2589 5771 organorum
2621 5706 2820 5749 tuorum
2850 5709 2952 5747 nou
2990 5689 3202 5743 audiam
3231 5687 3412 5760 (Amos
3440 5699 3499 5749 γ,

1922 5793 2011 5860 ‘ll,
2038 5792 2153 5864 25).
2178 5788 2355 5847 Famis
2374 5790 2515 5846 enim
2532 5784 2824 5855 evangelici
2845 5784 2949 5841 cibi
2970 5780 3147 5838 culina
3170 5779 3282 5851 ipsa
3306 5783 3499 5831 uestra:
