4048 6344
548 341 655 398 379

1435 336 1666 396 (Πικῡῶ
1705 338 2052 396 SAPIENTIS
2093 340 2178 395 DE
2217 339 2489 395 EXCIDIO
2526 337 2916 393 BRITANNIJE

3698 339 3800 397 580

548 455 741 511 animus
763 451 969 507 viscera
998 450 1361 507 excomedens
1387 461 1661 520 grassatur
1688 454 1739 507 in
1777 454 1951 522 vobis,
1984 454 2124 508 sicut
2150 464 2196 515 Α
2229 454 2307 507 leo
2336 455 2597 524 rugientes
2628 468 2645 506 :
2668 452 2873 523 judices
2894 452 3024 505 sicut
3053 450 3159 522 lupi
3187 450 3394 504 Arabica
3417 467 3519 503 non
3548 451 3803 521 relinque-

544 558 705 613 supra
728 541 902 597 dictus
932 541 1193 611 propheta
1222 540 1468 610 prtedixit
1498 560 1510 594 :
1545 541 1699 608 Ecce,
1722 543 1987 613 inquiens.
2013 543 2122 597 dies

545 632 771 697 veniunt,
804 631 930 685 dicit
966 628 1218 685 Dominus
1248 646 1267 685 :
1302 641 1353 685 et
1382 632 1614 685 emittam
1648 634 1840 704 famem
1869 635 1923 688 in
1960 642 2121 703 terra,

544 739 650 779 non
672 726 863 795 famem
889 724 1040 793 panis
1068 736 1228 793 neque
1252 723 1392 776 sitim
1420 739 1584 793 aquce.
1610 724 1704 777 sed
1724 726 1911 794 famem
1944 726 1998 779 in
2024 742 2121 778 au-

545 814 734 869 diendo
756 814 959 868 verbum
983 812 1098 866 Dei.
1136 811 1208 865 Et
1226 811 1558 867 movebuntur
1580 830 1725 885 aqua:
1748 831 1780 867 a
1802 813 1945 868 Mari
1968 831 2124 886 usque

551 905 622 959 ad
647 921 812 971 mare,
851 912 900 958 et
932 903 994 957 ab
1024 903 1277 973 Aquilone
1318 919 1478 975 usque
1505 903 1576 957 ad
1624 900 1885 957 Orientem
1911 920 2126 973 percur-

547 1003 695 1059 rent,
745 1004 1030 1065 qucerentes
1076 993 1281 1048 verbum
1328 990 1572 1059 Domini,
1628 1004 1678 1049 et
1727 1012 1830 1050 non
1866 995 2125 1050 invenieM

546 1085 726 1155 (Amos
757 1102 867 1153 vm,
901 1084 989 1150 ll,
1008 1083 1123 1153 12).

618 1172 745 1229 Cu).
775 1190 867 1229 xu.
900 1172 986 1227 Ex
1015 1172 1259 1226 Michtea.
1279 1171 1593 1227 ——Auribus
1620 1186 1835 1242 quoque
1862 1171 2126 1243 percipite

541 1276 793 1322 sanctum
822 1265 1118 1332 Miclncam,
1161 1279 1225 1319 ac
1252 1263 1297 1319 si
1327 1264 1601 1319 caelestem
1628 1263 1913 1335 quamdam
1943 1264 2125 1318 tubam

543 1354 805 1410 adversus
831 1354 1087 1410 subdolus
1114 1353 1297 1424 populi
1336 1353 1603 1423 principes
1644 1353 1909 1409 concisius
1936 1364 2127 1423 perso-

548 1455 789 1502 nantem.
819 1446 1006 1499 Audite
1033 1462 1189 1511 nunc,
1225 1444 1489 1513 inquiens,
1526 1445 1785 1516 principes
1819 1444 1998 1499 domus
2026 1443 2125 1502 Ia-

549 1539 663 1593 cob.
712 1537 905 1593 Nonne
951 1536 1090 1592 vobis
1120 1546 1214 1601 est,
1246 1547 1303 1590 ut
1324 1538 1643 1609 cognoscatis
1662 1536 1919 1607 judicium
1945 1536 2128 1593 odien-

551 1630 683 1684 tibus
711 1631 865 1696 bona,
895 1638 945 1684 et
970 1627 1313 1700 querentibus
1342 1629 1591 1699 maligna,
1624 1629 1941 1698 rapientibus
1966 1627 2126 1698 pelles

546 1737 722 1775 eorum
742 1720 805 1773 ab
827 1721 922 1787 eis,
938 1728 988 1774 et
1012 1736 1191 1773 carnes
1210 1736 1384 1773 eorum
1397 1718 1461 1771 ab
1482 1718 1681 1773 ossibus
1708 1720 1925 1773 eorum?
1948 1716 2129 1784 Quem-

2226 539 2351 594 bant
2383 541 2436 595 in
2466 556 2618 594 mane
2649 555 2669 595 :
2705 540 2967 611 propheta:
2994 540 3105 610 ejus
3133 540 3372 609 spiritum
3414 546 3683 609 portantes
3712 542 3803 596 viri

2224 640 2601 701 contemptores
2624 644 2643 683 .'
2672 630 2965 684 sacerdotes
2997 630 3111 701 ejus
3143 627 3493 701 profanabant
3520 636 3725 698 sancta,
3753 641 3802 686 et

2223 720 2379 791 impie
2400 718 2624 791 agebant
2650 720 2702 773 in
2727 720 2855 791 lege.
2886 718 3142 774 Dominus
3168 728 3339 773 autem
3350 720 3524 792 justus
3552 720 3606 774 in
3637 724 3803 779 medio

2224 810 2356 880 ejus,
2384 818 2434 863 et
2472 825 2577 863 non
2604 809 2759 879 faciet
2785 810 3035 880 injustam
3066 825 3084 863 :
3110 825 3284 875 mane,
3312 826 3465 863 mune
3487 809 3633 864 dabit
3646 812 3805 882 justi-

2228 899 2351 951 tiam
2374 915 2522 952 suam
2545 896 2803 968 (Sophon.
2826 913 2901 963 tu,
2935 897 3011 969 5).
3037 899 3143 954 Sed
3172 909 3226 955 et
3249 900 3464 954 beatum
3486 899 3802 957 Zachariam

2226 996 2535 1043 monentem
2567 1003 2664 1043 vos
2692 988 2744 1041 in
2774 990 2940 1044 verbo
2968 989 3067 1044 Dei
3108 989 3289 1045 audite
3317 1008 3329 1043 :
3359 990 3487 1045 Hac
3513 993 3652 1045 enim
3680 992 3806 1047 dicit

2227 1078 2482 1133 Dominus
2512 1080 2832 1148 omnipotens
2868 1095 2887 1134 :
2918 1077 3183 1134 Iudicium
3203 1080 3404 1151 justam
3440 1081 3708 1152 judicate,
3754 1090 3805 1137 et

2226 1168 2634 1223 misericordiam
2662 1179 2712 1222 et
2741 1171 3122 1225 miserationem
3152 1173 3326 1243 facite,
3360 1175 3709 1248 unusquisque
3737 1178 3804 1232 ad

2226 1261 2444 1331 fratrem
2476 1277 2624 1314 suum
2647 1277 2666 1316 :
2696 1271 2747 1315 et
2774 1262 2980 1316 viduam
3004 1272 3052 1316 et
3081 1264 3370 1334 orphanum
3394 1274 3443 1320 et
3474 1267 3728 1324 advenam
3757 1280 3809 1326 et

2228 1366 2507 1422 pauperem
2548 1356 2643 1423 per
2675 1354 2960 1423 potentiam
2998 1353 3159 1409 nolite
3185 1372 3416 1410 nocere:
3459 1365 3508 1411 et
3550 1360 3807 1414 malitiam

2228 1442 2575 1514 unusquisque
2603 1443 2783 1514 fratris
2806 1442 2888 1496 sui
2915 1460 3018 1497 non
3043 1446 3404 1499 reminiscatur
3432 1447 3484 1501 in
3506 1449 3663 1503 corde
3691 1466 3805 1505 suo.

2227 1530 2299 1586 Et
2334 1542 2660 1589 contumaces
2702 1536 2911 1606 fuerunt
2956 1551 3020 1589 ne
3059 1534 3417 1604 observarent,
3459 1547 3509 1593 et
3555 1540 3809 1594 dederunt

2229 1622 2441 1678 dorsum
2469 1624 2722 1691 stultitim,
2764 1632 2815 1679 et
2839 1640 2988 1679 aures
3015 1642 3137 1680 suas
3177 1626 3580 1698 degravaverunt
3618 1638 3676 1681 ut
3706 1647 3809 1684 non

2228 1715 2470 1768 audirent
2499 1731 2518 1769 :
2546 1726 2596 1770 et
2616 1732 2705 1770 cor
2731 1732 2878 1770 suum
2898 1719 3537 1785 stataeruntinsuadibile,
3567 1737 3633 1774 ne
3653 1722 3807 1774 audi-

548 1810 827 1865 admodum
868 1810 1192 1865 comederunt
1244 1826 1425 1864 carnes
1460 1809 1619 1881 plebis
1667 1825 1821 1877 meat,
1873 1819 1925 1864 et
1968 1810 2126 1881 pelles
2161 1826 2204 1886 Β
2231 1812 2345 1858 rem
2372 1803 2535 1876 legem
2565 1822 2754 1870 meam,
2790 1816 2840 1860 et
2863 1809 3015 1861 verba
3044 1823 3159 1879 qua:
3182 1808 3322 1863 misit
3352 1808 3605 1865 Dominus
3634 1813 3808 1866 omni-

547 1917 721 1955 eorum
752 1902 815 1955 ab
840 1903 914 1955 eis
944 1902 1356 1965 cxcoriaverunt,
1390 1916 1509 1956 ossa
1538 1916 1713 1955 eorum
1744 1901 2127 1971 confregerunt,

548 2002 599 2046 et
622 1993 967 2048 laniaverant
990 1994 1140 2064 quasi
1172 2009 1355 2047 carnes
1384 1993 1438 2045 in
1469 1991 1595 2047 olla.
1628 1990 2034 2046 Succlamabunt
2063 1992 2133 2045 ad

548 2081 738 2150 Deum,
768 2091 821 2136 et
856 2099 958 2137 non
996 2083 1238 2136 exaudiet
1266 2098 1383 2147 eos,
1423 2089 1475 2135 et
1512 2090 1703 2134 avertet
1752 2082 1937 2152 faciem
1984 2096 2132 2136 suam

550 2168 615 2221 ab
655 2170 730 2223 eis
770 2170 823 2223 in
852 2170 945 2224 illo
986 2179 1230 2239 tempore,
1266 2180 1476 2241 propter
1503 2168 1640 2240 quod
1669 2169 1929 2224 malitiose
1956 2186 2131 2242 gesse-

546 2269 669 2315 rant
698 2262 752 2315 in
792 2262 1246 2317 adinventionibus
1283 2263 1391 2317 suis
1432 2278 1586 2332 super
1628 2264 1789 2333 ipsos.
1834 2262 1963 2318 llwc
2002 2265 2132 2319 dicit

550 2350 804 2405 Dominus
823 2368 977 2422 super
996 2353 1273 2423 prophetas
1297 2354 1383 2424 qui
1403 2354 1649 2407 seducunt
1671 2353 1913 2425 papulum
1940 2371 2131 2423 meum,

548 2441 639 2512 qui
666 2442 904 2497 mordent
938 2443 1175 2497 dentibus
1204 2445 1345 2511 suis,
1385 2453 1435 2499 et
1478 2446 1768 2517 pradicant
1797 2449 1850 2502 in
1890 2466 2004 2503 eum
2043 2469 2135 2521 pa-

554 2549 685 2597 cem,
724 2541 774 2585 et
824 2549 926 2586 non
965 2543 1041 2588 est
1084 2534 1207 2589 data
1233 2537 1287 2590 in
1321 2553 1377 2591 os
1407 2554 1581 2591 eorum
1625 2538 1894 2593 :ea'citari
1934 2542 1988 2594 in
2013 2558 2132 2595 eum

550 2621 755 2676 bellant.
790 2622 1072 2694 Propterea
1098 2642 1200 2680 no.1.
1228 2628 1326 2680 erit
1345 2626 1482 2681 vobis
1503 2643 1566 2680 ea:
1595 2627 1807 2693 visione,
1838 2638 1888 2683 et
1912 2628 2132 2684 tenebrat

548 2715 691 2769 vobis
716 2726 865 2770 erunt
906 2733 970 2770 ea:
998 2718 1374 2773 divinatione:
1402 2731 1451 2773 et
1494 2719 1690 2774 cecidet
1718 2722 1798 2775 sol
1824 2738 1978 2792 super
2004 2740 2131 2792 pro-

550 2805 755 2875 phetas,
787 2816 837 2861 et
885 2809 1296 2865 contenebrescet
1323 2828 1478 2881 super
1521 2830 1608 2867 eos
1644 2813 1775 2868 dies.
1808 2811 1878 2867 Et
1906 2818 2128 2887 confun-

542 2896 738 2951 ‘dentur
764 2899 991 2954 videntes
1019 2901 1246 2969 somnia,
1278 2912 1328 2957 et
1354 2903 1724 2959 deridebuntur
1751 2905 1927 2973 divini,
1958 2917 2007 2961 et
2035 2907 2129 2961 ob-

553 2992 844 3044 trectabant
882 2991 1127 3047 adversus
1169 2998 1345 3048 omnes
1390 2996 1490 3065 ipsi
1538 3012 1558 3051 :
1590 2998 1833 3067 quoniam
1890 3015 1993 3053 non
2032 3000 2132 3054 erit

548 3079 637 3149 qui
673 3080 924 3134 exaudiat
949 3099 1055 3136 eos.
1090 3081 1153 3137 Si
1193 3099 1296 3137 non
1344 3101 1437 3155 ego
1468 3086 1742 3157 implevero
1773 3089 2128 3159 fortitudinem

2232 1902 2413 1965 potens
2460 1894 2515 1948 in
2545 1897 2731 1967 spiritu
2775 1913 2867 1951 suo
2896 1898 2950 1951 in
2980 1897 3216 1952 manibus
3260 1901 3625 1971 prophetarum
3660 1904 3810 1972 prio-

2232 2000 2347 2037 rum
2376 2000 2396 2038 :
2421 1993 2470 2039 et
2517 1987 2660 2056 facta
2687 1995 2764 2041 est
2797 1986 2881 2041 ira
2919 2005 3110 2059 magna
3139 2005 3171 2043 a
3210 1987 3434 2045 Domino
3461 1993 3813 2062 omnipotente

2233 2074 2418 2147 (Zach.
2445 2092 2538 2142 vn,
2563 2076 2739 2145 5-12).
2773 2077 2842 2132 Et
2870 2082 3062 2134 iterum
3092 2097 3105 2133 :
3137 2078 3395 2145 Quoniam
3412 2083 3499 2154 qui
3522 2084 3809 2155 loqueban-

2232 2173 2337 2234 tur,
2379 2166 2536 2221 locuti
2563 2177 2684 2223 sunt
2709 2170 2991 2236 molestias,
3018 2181 3067 2224 et
3096 2171 3256 2225 divini
3285 2172 3393 2226 visa
3423 2172 3561 2244 falsa
3586 2183 3635 2228 et
3664 2192 3809 2229 som-

2232 2258 2321 2311 nia
2354 2259 2491 2329 falsa
2516 2258 2871 2332 loquebantur,
2906 2271 2955 2315 et
2978 2268 3107 2315 vane
3130 2263 3528 2318 consolabantur
3547 2282 3567 2320 :
3596 2275 3814 2337 propter

2232 2347 2328 2402 hoc
2357 2350 2494 2403 aridi
2518 2352 2644 2421 facti
2668 2360 2786 2405 sunt
2809 2353 2939 2405 sicut
2967 2370 3101 2417 oves,
3136 2363 3185 2407 et
3212 2354 3386 2425 afflicti
3412 2364 3529 2409 sunt
3562 2359 3811 2429 quoniam

2232 2454 2334 2493 non
2361 2449 2473 2493 erat
2515 2442 2734 2494 sanitas.
2780 2440 2951 2512 Super
2976 2451 3207 2513 pastores
3243 2443 3553 2499 exacerbata
3593 2456 3669 2499 est
3699 2449 3811 2501 ira-

2230 2528 2421 2581 cundia
2460 2544 2596 2594 mea,
2628 2539 2677 2582 et
2703 2545 2857 2600 super
2885 2545 3048 2602 agnos
3078 2532 3293 2588 visitabo
3333 2532 3517 2606 (Zach.
3548 2550 3602 2597 ι,
3639 2534 3701 2602 2,
3732 2534 3810 2606 5).

2231 2617 2288 2671 Et
2321 2629 2442 2689 post
2481 2636 2649 2690 pauca
2695 2637 2714 2675 :
2755 2620 2870 2675 Vox
2918 2624 3314 2679 lamentantium
3357 2635 3645 2696 pastorum,
3692 2628 3815 2700 quia

2229 2711 2420 2765 misera
2464 2714 2608 2783 facta
2652 2722 2728 2767 est
2755 2714 3059 2783 magnitudo
3107 2730 3303 2771 eorum.
3357 2716 3472 2773 Vox
3500 2719 3814 2789 rugientiam

2231 2798 2453 2864 leonum,
2484 2803 2733 2872 quoniam
2759 2803 2916 2857 miser
2946 2805 3115 2875 factus
3152 2814 3229 2860 est
3256 2806 3497 2861 decursus
3534 2807 3813 2864 Iordanis.

2231 2890 2363 2947 Ilcec
2390 2893 2517 2948 dicit
2543 2893 2798 2950 Dominus
2818 2898 3145 2967 omnipotens
3174 2914 3193 2952 :
3221 2896 3321 2962 Qui
3346 2900 3702 2971 possidebant,
3731 2901 3818 2955 in-

2232 2983 2554 3053 terﬁciebant
2577 3024 2594 3051 ,
2632 2994 2683 3040 et
2724 3002 2829 3041 non
2868 2988 3105 3058 patnituit
3140 3005 3261 3054 eos;
3310 2997 3361 3043 et
3399 2989 3485 3058 qui
3523 2990 3816 3048 vendebant

2229 3091 2339 3141 eas,
2389 3074 2680 3131 dicebant:
2724 3076 3030 3133 Benedictus
3070 3077 3342 3147 Dominus,
3386 3081 3508 3152 quia
3536 3083 3692 3138 ditati
3721 3102 3815 3140 su-

549 3167 603 3221 iu
633 3170 817 3237 spiritu
845 3168 1057 3223 Domini
1086 3179 1137 3223 et
1152 3170 1351 3240 judicio
1372 3179 1421 3225 et
1448 3183 1592 3243 potes
1604 3183 1718 3239 ‘ate,
1748 3184 1804 3229 ut
1828 3178 2128 3233 annuntiem
2157 3199 2201 3260 ρ
2233 3183 2346 3221 ἠαδ
2364 3184 2382 3221 -'
2408 3178 2459 3222 ει
2478 3179 2713 3239 Pastor“
2734 3187 2911 3260 εαντηη
2934 3171 3062 3225 ηίίιίί
3080 3174 3222 3242 Ραδεί
3248 3182 3365 3228 δίεπ’
3393 3176 3445 3229 ίη
3466 3176 3560 3230 εδει
3588 3177 3817 3250 Ρτοριετ

551 3257 727 3310 domui
764 3257 927 3311 Iacob
965 3259 1253 3330 impietates
1304 3277 1429 3316 suas
1463 3272 1514 3317 et
1564 3262 1736 3319 Israel
1769 3280 1981 3335 peccata
2012 3287 2126 3327 sua.

551 3344 742 3397 Audite
783 3346 881 3399 hoc
916 3347 1091 3418 itaque
1119 3348 1274 3403 duces
1311 3350 1492 3404 domus
1518 3351 1682 3407 Iacob
1729 3363 1778 3409 et
1809 3357 2003 3411 residui
2032 3360 2130 3414 do-

549 3448 664 3486 mus
699 3432 882 3499 Israel,
912 3438 997 3507 qui
1024 3437 1393 3494 abominamini
1417 3441 1673 3511 judicium
1710 3452 1760 3498 et
1787 3448 1959 3500 omnia
1987 3457 2131 3503 recta

550 3524 868 3591 pervertitis,
900 3527 985 3597 qui
1024 3527 1296 3598 a-dificatis
1322 3528 1450 3584 Sion
1480 3532 1533 3585 in
1573 3534 1860 3603 sanguine,
1900 3544 1949 3589 et
1976 3535 2130 3591 Jeru-

551 3619 713 3670 salem
731 3619 783 3669 in
812 3618 1183 3689 iniquitatibus.
1203 3619 1374 3675 Duces
1389 3622 1501 3692 ejus
1522 3640 1638 3677 cum
1667 3625 1959 3681 muneribus
1979 3628 2130 3699 judi-

552 3705 760 3776 cabant,
790 3717 838 3761 et
866 3710 1156 3764 sacerdotes
1190 3712 1301 3783 ejus
1326 3729 1439 3766 cttm
1474 3715 1705 3769 mercede
1732 3719 2128 3789 respondebant,

550 3806 602 3850 et
642 3799 905 3869 prOpheta:
933 3802 1043 3871 ejus
1072 3818 1185 3855 cum
1214 3806 1432 3873 pecunia
1474 3806 1806 3872 divinabant,
1846 3818 1896 3863 et
1930 3811 1983 3864 in
2015 3810 2129 3865 Do-

550 3889 691 3943 mino
720 3891 1126 3961 requiescebant,
1157 3892 1384 3949 dicentes
1413 3911 1430 3949 :
1462 3894 1653 3951 Nonne
1685 3897 1932 3954 Dominus
1954 3903 2006 3955 in
2036 3919 2130 3957 no-

550 3980 629 4034 bis
656 3982 769 4035 est?
791 3980 915 4037 Non
942 3986 1144 4037 venient
1170 4000 1323 4055 super
1345 4003 1437 4040 nos
1468 3988 1626 4041 mala.
1657 3987 1779 4044 Ideo
1807 4003 2016 4062 propter
2043 4010 2129 4049 vos

556 4072 689 4127 Sion
724 4074 857 4127 sicut
895 4090 1019 4145 ager
1068 4078 1317 4143 arabitur,
1349 4086 1398 4131 et
1437 4078 1724 4133 Ierusalem
1752 4083 1884 4134 sicut
1922 4085 2130 4153 specula

550 4165 772 4225 pomarii
800 4166 917 4229 erit,
947 4175 998 4219 et
1033 4180 1180 4220 mons
1209 4168 1390 4222 domus
1419 4171 1549 4223 sicut
1578 4172 1743 4225 saltus
1768 4173 1912 4227 silva:
1937 4173 2125 4245 (Mich.

549 4270 627 4320 Ill,
654 4254 833 4328 1,12).
858 4255 925 4310 Et
951 4267 1073 4327 post
1094 4259 1365 4327 aliquanta
1388 4280 1399 4314 :
1420 4261 1535 4315 lleu
1565 4281 1661 4328 me,
1687 4267 1806 4335 quia
1826 4268 1995 4337 factus
2016 4285 2127 4323 sum

510 4346 511 4349 “
547 4344 680 4397 sicut
707 4347 793 4414 qui
820 4347 1016 4418 colligit
1042 4352 1283 4419 stipulam
1312 4352 1365 4405 in
1394 4369 1572 4419 messe,
1598 4364 1645 4407 et
1670 4356 1799 4408 sicut
1822 4373 2052 4411 racemus
2072 4361 2125 4413 in

549 4432 821 4498 vindemia,
858 4452 973 4489 cum
1014 4453 1114 4491 non
1145 4440 1214 4492 sit
1258 4440 1433 4495 botrus
1473 4443 1541 4495 ad
1569 4445 1983 4500 manducandum
2013 4450 2126 4518 pri-

549 4526 745 4580 mitiva.
784 4526 900 4581 Ilcu
931 4545 1027 4593 me,
1061 4532 1235 4584 anima
1262 4534 1381 4604 quia
1410 4535 1561 4603 periit.
1592 4538 1808 4591 terrenis
1837 4538 2074 4610 operibus
2104 4556 2122 4593 :

546 4631 748 4685 semper
787 4621 1072 4671 reverentia
1102 4621 1337 4674 exoritur
1377 4638 1610 4679 reverens
1651 4643 1682 4679 a
1729 4637 1914 4683 terra:
1958 4639 2006 4683 et
2039 4633 2124 4701 qui

545 4707 776 4775 corrigat
809 4706 944 4760 inter
972 4707 1203 4763 homines
1238 4727 1341 4764 non
1373 4721 1466 4765 est.
1503 4710 1693 4770 Omnes
1738 4718 1791 4770 in
1821 4720 2124 4789 sanguinem

542 4796 741 4867 judicio
784 4798 1125 4865 contendunt,
1176 4809 1228 4854 et
1262 4806 1608 4875 unusquisque
1646 4808 1937 4876 proximum
1974 4825 2123 4863 suum

547 4887 877 4943 tribulatione
908 4890 1118 4945 tribulat
1136 4932 1149 4958 ,
1188 4893 1241 4946 in
1270 4894 1465 4948 malum
1492 4911 1674 4949 manus
1711 4913 1834 4950 suas
1859 4909 2123 4969 praeparat

543 4976 730 5049 (Mich.
766 4993 856 5047 nt,
895 4979 946 5046 l,
977 4981 1055 5052 5).

614 5070 741 5126 (ΖΜ).
775 5088 888 5128 xm.
921 5072 1005 5129 Ex
1050 5075 1347 5147 Sophonia,
1396 5077 1682 5145 Zacharia,
1733 5076 2017 5132 Malachia.
2050 5112 2121 5123 -

544 5162 682 5230 Quid
724 5164 1027 5236 Sophonias
1054 5169 1217 5223 etiam
1256 5170 1516 5240 prapheta
1563 5169 1806 5239 egregius
1833 5168 1900 5225 de
1928 5172 2121 5225 vestris

546 5256 674 5310 olim
704 5261 1099 5317 comessoribus
1140 5258 1546 5334 disceptaverit,
1597 5260 1855 5315 attendite
1888 5278 1900 5313 :
1938 5260 2006 5317 de
2032 5260 2121 5317 Jc-

545 5348 775 5402 rusalem
791 5365 1018 5421 namque
1032 5350 1368 5421 loquebatur,
1392 5366 1509 5420 qua:
1521 5350 1870 5420 spiritua'iter
1880 5349 2118 5408 Ecclesia

539 5438 627 5492 vel
653 5438 828 5495 anima
864 5442 1194 5512 intelligitur.
1242 5441 1310 5511 0,
1341 5442 1615 5511 inquiens,
1644 5460 1759 5515 qua:
1784 5452 1894 5497 erat
1938 5445 2115 5516 splen-

538 5531 666 5584 dida
695 5541 743 5584 et
766 5530 985 5587 liberata
1023 5534 1223 5598 civitas,
1247 5532 1512 5604 conﬁdens
1540 5534 1795 5596 columba,
1826 5552 1925 5589 non
1954 5535 2115 5590 obau—

540 5620 607 5673 di'
626 5621 665 5673 it
697 5638 866 5677 vocem
894 5639 989 5677 nec
1018 5623 1242 5692 percepit
1276 5621 1604 5692 disciplinam
1632 5640 1649 5677 :
1674 5624 1727 5678 in
1763 5622 1980 5680 Domino
2010 5643 2113 5681 non

540 5710 741 5782 conﬁsa
781 5721 877 5778 est,
908 5721 957 5765 et
992 5709 1062 5764 ad
1100 5708 1263 5764 Deum
1294 5728 1440 5765 suam
1468 5728 1569 5766 non
1607 5714 1820 5767 accessit
1854 5713 2109 5781 (Sophan.

544 5817 622 5868 tu,
653 5801 697 5870 Ι,
728 5799 803 5874 Ξ).
839 5799 904 5857 Et
932 5800 981 5857 id
1011 5815 1196 5871 quare,
1229 5802 1464 5859 ostendit
1495 5820 1507 5859 :
1549 5802 1815 5875 l‘rincipes
1842 5805 1951 5876 ejus
1980 5805 2111 5881 sicut

2154 4578 2206 4636 D

2230 3258 2366 3326 quod
2389 3274 2492 3312 non
2520 3276 2730 3330 parcam
2750 3259 2864 3333 jam
2886 3277 3039 3331 super
3065 3262 3411 3319 inhabitantes
3439 3274 3651 3334 terram,
3687 3270 3815 3323 dicit

2230 3346 2483 3402 Dominus
2514 3349 2701 3419 (Zach.
2725 3366 2799 3417 XI,
2832 3349 2883 3416 5,
2913 3351 2989 3422 6).
3018 3352 3151 3419 Quid
3175 3362 3432 3423 praeterea
3453 3367 3672 3414 sanctus
3701 3358 3815 3415 Ma-

2230 3437 2434 3493 lachias
2476 3440 2740 3509 propheta
2788 3442 2939 3496 vobis
2967 3441 3362 3498 denuntiaverit
3404 3446 3583 3502 audite
3616 3466 3629 3502 :
3684 3449 3812 3517 Vos,

2232 3527 2498 3597 inquiens,
2550 3531 2843 3586 sacerdotes
2870 3535 2954 3604 qui
3001 3535 3245 3603 spernitis
3272 3552 3457 3591 nomen
3500 3556 3668 3593 meum
3696 3582 3713 3609 ,
3760 3552 3817 3595 et

2231 3619 2440 3673 dixistis
2469 3636 2488 3675 :
2536 3619 2603 3675 In
2632 3637 2729 3692 quo
2757 3640 3044 3692 spernimus
3074 3641 3258 3678 nomen
3294 3628 3478 3681 tuum?
3526 3628 3814 3699 Offerendo

2230 3711 2302 3763 ad
2329 3711 2497 3765 altare
2536 3729 2703 3767 meum
2731 3732 2891 3785 panes
2929 3716 3177 3785 pollutos,
3208 3728 3258 3771 et
3303 3718 3510 3774 dixistis
3547 3738 3566 3777 :
3600 3722 3665 3776 In
3709 3742 3813 3791 quo

2230 3801 2505 3869 polluimus
2548 3803 2676 3857 eos?
2713 3796 2778 3856 In
2822 3821 2881 3857 eo
2919 3804 3055 3875 quod
3091 3804 3342 3861 dixistis:
3376 3807 3560 3863 Mensa
3591 3809 3812 3867 Domini

2230 3907 2324 3960 pro
2371 3892 2533 3945 nihilo
2570 3899 2666 3946 est.
2699 3891 2769 3946 Et
2797 3910 2911 3963 qua:
2959 3898 3284 3965 superposita
3326 3907 3446 3952 sunt
3490 3903 3759 3970 sprevistis
3788 3921 3811 3958 :

2229 3981 2473 4050 quoniam
2503 3982 2547 4035 si
2577 3980 2849 4035 adducatis
2878 3998 3067 4037 ca'cum
3091 3984 3161 4037 ad
3186 3986 3461 4052 victimam,
3495 4005 3665 4043 nonne
3690 4008 3808 4045 ma-

2231 4073 2376 4127 lum?
2412 4073 2473 4129 Si
2514 4073 2828 4128 admoveatis
2860 4075 3101 4130 claudum
3133 4086 3222 4130 aut
3254 4079 3589 4149 languidum,
3634 4101 3815 4138 nonne

2229 4163 2462 4218 malum?
2491 4162 2636 4233 Offer
2662 4165 2833 4235 itaque
2862 4164 2992 4218 illud
3034 4168 3311 4236 pra'posito
3356 4177 3460 4233 tuo,
3493 4170 3539 4223 si
3564 4174 3810 4243 suscipiet

2230 4256 2379 4318 illud,
2411 4255 2458 4309 si
2484 4254 2700 4324 accipiet
2740 4270 3014 4325 personam
3060 4265 3219 4321 tuam,
3250 4257 3372 4311 dicit
3401 4256 3657 4314 Dominus
3696 4279 3811 4316 om-

2230 4346 2486 4415 nipotens.
2512 4344 2583 4398 Et
2611 4362 2747 4399 nunc
2775 4358 2986 4402 exorate
3013 4350 3197 4420 faciem
3221 4348 3317 4402 Dei
3349 4352 3517 4414 vestri,
3550 4363 3598 4405 et
3622 4354 3811 4424 depre—

2230 4436 2418 4489 camini
2446 4452 2560 4490 eum
2590 4453 2609 4490 :
2636 4438 2688 4490 in
2711 4438 2946 4493 manibus
2969 4441 3147 4494 vestris
3175 4443 3315 4512 facta
3339 4452 3458 4495 sunt
3485 4444 3609 4509 hwc,
3647 4447 3691 4498 si
3720 4463 3810 4499 ac-

2229 4528 2418 4592 cipiam
2449 4543 2513 4580 e.r
2534 4527 2672 4581 vobis
2699 4546 2947 4599 personas
2971 4540 3161 4585 vestras
3184 4532 3338 4602 (Mal.
3365 4550 3400 4600 ι,
3425 4534 3475 4600 6,
3504 4535 3581 4606 9).
3614 4534 3681 4590 Et
3706 4536 3809 4593 ite-

2229 4634 2346 4671 rum
2380 4635 2393 4670 :
2427 4616 2495 4670 Et
2525 4619 2770 4673 intulis.‘is
2800 4620 2862 4674 de
2897 4624 3081 4693 rapina
3120 4624 3359 4678 claudum
3389 4634 3437 4678 et
3477 4627 3807 4698 languidum,

2227 4718 2277 4761 et
2306 4707 2550 4763 intulistis
2581 4726 2785 4764 munus.
2816 4709 3070 4785 Nunquid
3096 4716 3373 4784 suscipiam
3403 4717 3535 4770 illud
3554 4718 3617 4771 de
3647 4736 3807 4774 manu

2225 4808 2393 4850 vestra
2414 4838 2429 4863 ,
2473 4799 2596 4852 dicit
2625 4798 2915 4854 Dominus?
2960 4802 3268 4859 Maledictus
3298 4805 3506 4861 dolosas
3534 4810 3617 4880 qui
3652 4809 3806 4864 habet

2224 4887 2275 4941 in
2308 4906 2458 4958 grege
2494 4906 2587 4944 suo
2616 4893 2919 4958 masculum,
2959 4905 3008 4947 et
3036 4905 3203 4949 votum
3226 4900 3421 4967 faciens
3443 4901 3677 4955 immolat
3707 4903 3805 4958 de-

2224 4977 2324 5031 bile
2354 4977 2598 5044 Domina,
2652 4983 2771 5051 quia
2803 4982 2915 5036 Rex
2943 4972 3162 5057 magnus
3191 5004 3285 5059 ego
3310 5006 3440 5055 sum,
3466 4992 3590 5045 dicit
3617 4992 3805 5048 Denti-

2222 5085 2319 5122 nus
2346 5072 2681 5136 exercituum,
2714 5083 2762 5125 et
2797 5090 2979 5127 nomen
3010 5094 3175 5130 nteant
3209 5080 3457 5135 horribile
3486 5083 3538 5136 in
3566 5085 3805 5155 gentibus

2224 5158 2410 5231 (lbid.,
2444 5160 2529 5223 l3,
2561 5160 2669 5230 14,.
2696 5162 2765 5217 Et
2792 5182 2926 5218 nunc
2958 5166 3027 5219 ad
3055 5184 3141 5223 vos
3172 5172 3470 5227 mandatum
3499 5173 3615 5244 hoc,
3658 5193 3688 5230 ο
3717 5194 3804 5232 sa-

2221 5251 2471 5305 cerdotes.
2505 5250 2568 5305 Si
2597 5253 2863 5309 nolueritis
2893 5255 3073 5311 audire
3098 5269 3146 5312 et
3188 5277 3381 5329 ponere
3420 5280 3571 5336 super
3605 5282 3715 5331 cor,
3746 5275 3804 5321 ut

2222 5346 2353 5399 detis
2382 5345 2603 5417 gloriam
2630 5349 2828 5401 nomini
2866 5366 2997 5413 meo,
3049 5353 3124 5405 ait
3152 5350 3406 5409 Dominus
3434 5357 3749 5413 exercituum
3779 5375 3801 5414 :

2223 5440 2421 5493 mittam
2444 5440 2495 5494 in
2526 5458 2610 5495 vos
2636 5452 2930 5511 egestatem,
2963 5452 3011 5497 et
3034 5446 3336 5500 maledicam
3366 5446 3803 5506 benedictionibus

2222 5532 2675 5603 vestris,quoniam
2703 5549 2806 5587 non
2827 5536 3066 5604 posuistis
3094 5552 3245 5606 super
3261 5554 3366 5591 cor.
3395 5537 3527 5594 Ecce
3554 5557 3646 5612 ego
3675 5559 3800 5612 pro-

2247 5622 2402 5675 iciam
2442 5622 2582 5677 vobis
2628 5622 2893 5676 brachium
2918 5664 2932 5688 ,
2980 5632 3032 5677 et
3070 5624 3361 5697 dispergam
3403 5645 3554 5699 super
3603 5632 3797 5685 vultum

2223 5726 2444 5770 vestrum
2496 5725 2689 5771 stercus
2744 5714 3124 5771 solemnitatum
3173 5727 3458 5775 vestrarum
3504 5720 3659 5795 (Μαι.
3714 5738 3751 5779 ιι
3779 5764 3794 5789 ,

2225 5804 2275 5875 1,
2303 5804 2382 5876 3).
