3992 6444
236 336 331 393 331

918 335 1114 393 LIBER
1156 338 1545 407 QUERULUS.
1586 341 1765 403 PARS
1804 344 1888 403 Ill.
1928 347 2342 407 INCREPATIO
2379 352 2447 408 ΙΝ
2498 352 2800 410 CLERUM.

3391 350 3499 409 383

304 455 433 511 CAP.
468 469 576 508 xlv.
613 452 808 509 Rursus
836 471 899 509 ea:
939 455 1222 512 Malachia.
1253 491 1325 501 —
1361 459 1469 515 Sed
1520 461 1724 516 interea
1756 470 1816 517 ut
1843 471 1886 526 Α
1917 483 2017 535 qua
2038 467 2293 537 principes
2326 468 2378 520 in
2410 468 2577 520 medio
2606 468 2719 537 ejus
2742 468 2875 521 sicut
2897 467 3071 523 leones
3099 468 3379 540 rugientes,
3405 484 3498 524 re-

238 546 439 601 avidins
460 556 659 613 organa
689 547 939 615 nequitia:
965 550 1276 619 prmparctis
1302 550 1369 605 ad
1398 552 1557 617 bona,
1587 553 1713 623 quid
1742 555 1810 611 de

236 644 419 690 sancto
462 635 743 688 sacerdote
793 635 937 690 dicat
985 636 1049 703 (si
1076 638 1608 709 quantulumcunque
1637 641 1810 698 adhuc

236 724 425 780 interni
458 723 676 781 auditus
705 726 757 780 in
798 725 947 781 vobis
974 730 1262 798 remanet),
1299 730 1596 786 auscultate
1622 748 1635 784 :
1661 730 1805 785 Pac-

236 825 339 868 tum
366 830 557 880 meum,
601 814 865 884 inquiens,
898 818 997 887 fuit
1026 834 1141 872 cum
1188 836 1248 874 eo
1280 819 1369 889 (de
1402 819 1530 875 Levi
1575 836 1807 890 namque

234 905 314 959 vel
343 903 532 977 Moyse
572 906 867 961 secundum
908 906 1185 962 historiam
1235 909 1732 979 loquebatur)-vita:
1756 920 1807 966 et

184 1012 185 1015 ‘
232 995 370 1059 pacis
398 1011 420 1050 :
448 996 572 1050 dedi
600 998 647 1051 ei
676 998 929 1065 timorem,
978 1005 1027 1053 et
1056 998 1227 1052 timuit
1251 1015 1333 1053 me
1358 1016 1377 1054 :
1426 1016 1459 1053 a
1487 1001 1621 1070 {acie
1646 1003 1808 1055 nomi-

231 1091 309 1142 nis
336 1090 438 1143 mei
460 1090 700 1161 parebat.
744 1089 855 1146 Lex
883 1093 1112 1148 veritatis
1141 1094 1238 1165 fuit
1262 1095 1317 1149 in
1348 1110 1437 1151 ore
1457 1095 1587 1167 ejus,
1628 1106 1678 1150 et
1698 1097 1804 1151 ini-

228 1181 395 1250 quitas
424 1197 532 1235 non
577 1190 654 1236 est
680 1182 886 1236 inventa
914 1184 969 1238 in
1014 1184 1164 1239 labiis
1190 1186 1303 1256 ejus
1348 1203 1368 1240 :
1407 1187 1462 1241 in
1502 1204 1629 1257 pace
1659 1197 1710 1242 et
1748 1190 1803 1243 in

228 1269 464 1341 wquitate
492 1270 774 1326 ambulavit
798 1290 993 1327 mecum
1019 1292 1038 1333 :
1079 1284 1129 1330 et
1171 1278 1360 1331 mtiltos
1390 1280 1576 1332 avertit
1601 1280 1665 1333 ab
1696 1281 1801 1334 ini-

225 1359 435 1427 quitate.
470 1356 640 1413 Labia
666 1361 801 1413 enim
823 1362 1106 1418 sacerdotis
1130 1365 1418 1419 custodient
1440 1367 1727 1432 scientiam,
1753 1377 1805 1422 et

224 1446 381 1516 legem
403 1448 666 1518 requirent
681 1464 747 1502 ea:
767 1466 855 1504 ore
868 1451 980 1522 ejus
1002 1468 1021 1509 :
1043 1454 1162 1524 quia
1182 1454 1398 1524 angelus
1421 1455 1631 1511 Domini
1651 1475 1801 1513 exer-

224 1538 409 1591 cituum
420 1548 498 1591 est
513 1537 738 1609 (Halat,
754 1538 805 1606 5,
826 1540 900 1609 7).
922 1540 1073 1598 Nunc
1089 1542 1215 1598 item
1235 1545 1461 1601 mutavit
1484 1561 1725 1613 sensum,
1744 1556 1801 1605 et

224 1628 389 1682 malos
402 1629 686 1699 increpare
707 1647 814 1686 non
827 1632 1057 1688 desinit:
1083 1634 1209 1705 Vos,
1226 1634 1493 1707 inquiens,
1517 1640 1798 1695 recessistis

222 1717 282 1771 de
302 1720 404 1783 via,
442 1729 497 1773 et
525 1720 963 1779 descandalizatis
991 1726 1238 1795 plurimos
1266 1728 1321 1782 in
1347 1730 1459 1801 lege
1480 1746 1499 1785 :
1519 1739 1567 1785 et
1591 1732 1798 1785 irritum

1913 556 2106 625 pientes
2134 558 2372 626 rapinas,
2398 556 2601 610 animas
2625 556 2924 611 devorantes
2953 557 3007 611 in
3026 558 3280 627 potentia,
3301 568 3354 614 et
3376 574 3498 630 pre-

1911 645 1983 698 tia
2011 646 2356 714 accipientes:
2382 655 2433 700 et
2460 647 2625 701 vidum
2656 655 2756 701 tua:
2780 649 3135 718 multiplicatis
3154 660 3276 705 sunt
3304 652 3359 707 in
3385 667 3498 708 tne-

1908 736 1995 789 dio
2026 736 2117 801 tui,
2161 744 2211 790 et
2239 738 2532 792 sacerdotes
2578 739 2691 810 ejus
2732 738 3077 807 despexerunt
3104 742 3267 813 legem
3299 759 3490 811 meam,

1906 834 1957 878 et
1982 826 2273 896 polluerunt
2316 836 2499 880 sancta
2524 845 2659 883 mea.
2702 828 2850 883 Inter
2881 840 3118 885 sanctum
3163 841 3213 886 et
3242 834 3494 903 pollutum

1908 932 2010 970 non
2036 917 2440 988 distinguebant,
2469 928 2519 973 et
2544 921 2680 974 inter
2706 921 2933 974 medium
2960 923 3214 978 immundi
3236 933 3285 978 et
3314 927 3493 982 mundi

1907 1022 2011 1059 non
2037 1006 2332 1061 dividebant
2357 1024 2374 1063 :
2416 1016 2465 1063 et
2494 1025 2526 1062 a
2552 1008 2782 1065 sabbatis
2817 1012 2946 1066 meis
2986 1010 3294 1069 obvelabant
3316 1016 3493 1073 oculos

1904 1113 2044 1159 suos,
2089 1106 2138 1152 et
2166 1098 2467 1169 polluebant
2503 1101 2558 1153 in
2587 1101 2755 1157 medio
2784 1118 2960 1156 eorum
2992 1102 3204 1170 (Ezech.
3237 1120 3369 1173 χχιι,
3396 1104 3488 1172 24,

1903 1186 2016 1257 26).
2042 1187 2109 1241 Et
2136 1189 2327 1243 iterum
2354 1207 2366 1242 :
2400 1188 2471 1243 Et
2503 1191 2793 1262 quccrebam
2820 1208 2886 1246 ex
2906 1194 2979 1247 eis
3010 1194 3169 1248 virum
3201 1202 3335 1250 recte
3361 1212 3493 1251 con-

1904 1288 2211 1345 versantem,
2244 1289 2292 1334 et
2322 1289 2545 1335 stantem
2569 1292 2690 1335 ante
2718 1283 2901 1353 {aciem
2928 1284 3138 1338 omnino
3166 1285 3221 1338 in
3248 1292 3479 1356 tempore

1903 1371 2017 1436 ine,
2049 1387 2114 1424 ne
2149 1371 2202 1424 in
2231 1372 2337 1440 ﬁne
2365 1372 2585 1426 delerent
2612 1390 2729 1427 eam
2750 1389 2769 1428 :
2798 1382 2849 1428 et
2874 1390 2977 1429 non
3006 1376 3198 1430 inveni.
3229 1368 3299 1430 Et
3322 1378 3487 1447 effudi

1905 1460 1959 1514 in
1987 1476 2103 1513 eam
2131 1462 2359 1514 animum
2384 1478 2547 1515 meum
2575 1463 2631 1517 in
2659 1463 2778 1535 igne
2802 1464 2897 1519 irce
2925 1470 3052 1521 mete
3091 1467 3163 1521 ad
3189 1484 3491 1524 consumen-

1905 1550 2025 1603 dum
2052 1567 2137 1605 eos
2162 1567 2179 1604 :
2222 1552 2332 1606 vias
2360 1569 2536 1606 eorum
2564 1554 2618 1607 in
2641 1563 2794 1624 caput
2830 1572 3005 1610 eorum
3048 1558 3185 1625 dedi,
3216 1560 3343 1613 dicit
3371 1559 3486 1616 Do-

1902 1640 2070 1694 minus
2102 1638 2291 1711 (Ibid.,
2331 1640 2421 1705 30,
2453 1642 2565 1712 51).
2607 1641 2675 1696 Ει
2704 1652 2828 1713 post
2860 1644 3174 1713 aliquanta:
3217 1645 3286 1700 Et
3316 1649 3488 1719 factus

1902 1737 1977 1783 est
2000 1747 2167 1784 sermo
2200 1730 2405 1786 Domini
2433 1733 2503 1786 ad
2532 1751 2611 1787 me
2636 1734 2812 1789 dicens
2833 1752 2853 1791 :
2875 1734 2985 1791 Fili
3006 1737 3250 1804 hominis,
3280 1739 3490 1809 loquere

222 1808 416 1876 fecistis
445 1820 656 1879 pactum
682 1828 796 1865 cum
825 1812 965 1880 Levi,
1016 1815 1141 1870 dicit
1179 1816 1434 1873 Dominus
1462 1821 1798 1877 exercituum,
1835 1832 1878 1892 Β
1904 1818 2027 1887 ﬁliis
2057 1822 2233 1889 populi
2274 1823 2393 1887 mei,
2423 1831 2473 1877 et
2500 1823 2641 1878 dices
2679 1824 2750 1878 ad
2776 1842 2862 1881 eos
2886 1843 2905 1880 :
2936 1826 3098 1881 Terra
3141 1830 3195 1883 in
3217 1808 3370 1902 quam
3391 1846 3487 1901 ego

221 1895 449 1967 Propter
474 1901 613 1971 quod
636 1911 687 1955 et
706 1920 800 1974 ego
820 1904 940 1958 dedi
963 1922 1050 1960 vos
1074 1910 1479 1979 contemptibiles
1507 1920 1557 1965 et
1585 1912 1801 1967 humiles

218 1990 271 2042 in
296 1991 538 2047 omnibus
579 1996 813 2065 populis,
846 1999 978 2051 sicut
1006 2015 1108 2053 non
1138 2004 1380 2057 emostis
1418 2004 1525 2057 vias
1565 2021 1726 2069 nteas,
1751 2016 1801 2060 et

217 2084 490 2152 accepistis
535 2087 720 2157 faciem
767 2089 821 2143 iu
852 2089 981 2161 lege.
1030 2090 1284 2162 Nunquid
1329 2112 1432 2148 non
1476 2106 1624 2165 pater
1666 2114 1798 2152 unus

214 2171 448 2226 omnium
499 2178 773 2230 nostrum?
820 2181 1055 2250 nunquid
1099 2198 1205 2237 non
1258 2182 1400 2239 Deus
1446 2202 1578 2240 unus
1607 2189 1799 2244 creavit
1848 2178 1851 2179 ν

215 2260 354 2314 nos?
399 2279 564 2333 quare
601 2280 726 2337 ergo
770 2268 985 2339 despicit
1009 2273 1359 2344 unusquisque
1386 2276 1602 2345 fratrem
1648 2293 1798 2332 suum

216 2350 403 2419 (Ibid.,
427 2352 481 2419 8,
508 2354 635 2423 10)?
656 2356 723 2411 Et
749 2356 940 2413 iterum
973 2377 986 2413 :
1019 2358 1154 2415 Ecce
1183 2365 1347 2417 veniet
1376 2362 1630 2420 Dominus
1648 2382 1798 2422 exer-

215 2442 403 2497 cituum
435 2461 455 2503 :
486 2454 535 2500 et
572 2449 685 2519 quis
723 2452 911 2519 poterit
938 2454 1166 2523 cogitare
1193 2454 1327 2508 diem
1356 2456 1603 2511 adventus
1636 2458 1749 2528 ejus
1770 2459 1796 2513 ἵ

215 2545 265 2589 et
299 2539 414 2607 quis
441 2538 600 2594 stabit
624 2542 693 2594 ad
715 2543 985 2597 videndum
1012 2546 1164 2598 eum?
1192 2544 1314 2616 Ipse
1338 2548 1473 2601 enim
1502 2549 1796 2619 egredietur

215 2630 358 2695 quasi
382 2630 522 2701 ignis
548 2632 756 2695 ardens,
787 2643 838 2688 et
870 2636 1019 2704 quasi
1040 2652 1141 2705 poa
1168 2636 1450 2692 lavantium
1482 2654 1502 2692 :
1533 2647 1583 2692 et
1603 2640 1795 2696 sedebit

217 2721 456 2789 con/laus
500 2732 549 2776 et
586 2724 873 2780 emundans
909 2735 1183 2798 argentum
1207 2766 1222 2793 ,
1278 2737 1329 2783 et
1375 2728 1619 2800 purgabit
1653 2730 1793 2800 ﬁlios

216 2808 366 2875 Levi,
400 2825 450 2868 et
495 2814 683 2870 celabit
730 2832 819 2871 eos
862 2820 1009 2890 quasi
1035 2835 1218 2873 aurum
1246 2828 1298 2874 et
1340 2821 1490 2892 quasi
1522 2829 1793 2893 argentum

215 2900 373 2973 (Mal.
406 2920 485 2973 ιιι,
511 2904 563 2972 l,
594 2906 671 2976 5).
699 2906 766 2961 Et
793 2917 914 2977 post
936 2924 1141 2978 pauca:
1173 2908 1511 2965 Invaluerunt
1536 2927 1689 2981 super
1712 2928 1794 2966 me

214 2993 366 3046 verba
404 3002 591 3057 vestra,
625 2996 748 3049 dicit
796 2996 1049 3052 Dominus
1071 3014 1091 3055 :
1120 3011 1170 3053 et
1209 2999 1421 3053 dixistis
1448 3017 1466 3054 :
1509 2999 1685 3056 Vanus
1710 3010 1789 3056 est

214 3086 303 3152 qui
329 3088 490 3139 servit
524 3085 630 3140 Deo
654 3104 671 3141 :
702 3096 750 3140 et
769 3089 905 3158 quod
927 3090 1342 3153 emolumentum,
1368 3091 1488 3161 quia
1514 3091 1789 3145 custodivi-

210 3191 327 3228 mus
358 3186 619 3247 praecepta
659 3178 789 3249 ejus,
832 3187 881 3232 et
908 3179 1028 3251 quia
1066 3180 1439 3236 ambulavimus
1466 3198 1641 3237 coram
1680 3181 1792 3237 Do-
1816 3200 1861 3262 ρ

211 3266 354 3319 mino
380 3269 696 3322 exercituum
735 3272 947 3323 tristes?
992 3269 1132 3342 Ergo
1178 3288 1315 3325 nunc
1342 3270 1517 3327 beatos
1564 3273 1790 3329 dicemus

212 3365 517 3427 arrogantes
541 3372 561 3412 :
589 3359 839 3431 siquidem
860 3360 1107 3431 aediﬁcati
1131 3370 1251 3415 sunt
1276 3362 1526 3433 facientes
1545 3363 1791 3433 iniquita-

205 3454 311 3501 tem
328 3464 347 3504 :
364 3457 682 3504 tentaverunt
697 3450 881 3517 Deum,
905 3460 955 3506 et
971 3452 1102 3507 salvi
1112 3455 1239 3524 facti
1250 3462 1370 3509 sunt
1382 3453 1599 3526 (Ibid.,l
1612 3455 1782 3523 3,16).

278 3538 409 3596 CAP.
459 3557 549 3597 xv.
601 3541 687 3596 Ea:
734 3540 1020 3598 Ezechiele.
1070 3574 1143 3586 —
1191 3544 1329 3612 Quid
1365 3561 1497 3602 vero
1538 3545 1787 3603 Ecechiel

213 3631 475 3700 propheta
496 3632 710 3700 dixerit,
742 3635 1003 3690 attendite
1027 3653 1042 3689 :
1083 3635 1203 3704 Vw,
1228 3636 1504 3706 inquiens,
1534 3653 1687 3707 super
1713 3652 1789 3693 vat

212 3722 393 3790 veniet,
422 3733 475 3778 et
496 3727 707 3780 nuntius
735 3742 889 3796 super
925 3729 1161 3782 nuntium
1185 3729 1284 3782 erit
1303 3745 1322 3783 :
1351 3738 1400 3783 et
1427 3739 1685 3802 qureretur
1710 3732 1787 3786 vi-

210 3811 285 3867 sio
306 3829 338 3866 a
362 3815 637 3884 propheta,
662 3824 711 3870 et
739 3816 825 3871 lea:
849 3816 1035 3887 peribit
1062 3834 1096 3871 a
1124 3818 1412 3887 sacerdote,
1442 3828 1492 3873 et
1511 3821 1785 3876 consilium

204 3905 274 3961 de
296 3910 588 3964 senioribus
618 3909 831 3979 (Ezech.
859 3926 954 3975 vn,
972 3910 1097 3982 ‘26).
1130 3910 1197 3965 Et
1224 3912 1418 3967 iterum
1441 3930 1455 3967 :
1500 3912 1633 3968 Hcce
1660 3913 1785 3969 dicit

212 3994 463 4053 Dominus
484 4016 503 4054 :
536 3998 614 4054 Eo
634 3999 770 4071 quod
796 4014 1055 4055 sermones
1082 4001 1235 4055 vestri
1261 4010 1380 4055 sunt
1406 4002 1699 4067 mendaces,
1728 4011 1779 4056 et

212 4084 551 4142 divinationes
578 4096 757 4143 vestra:
779 4104 925 4143 vanis
946 4104 964 4153 ;
993 4097 1203 4158 propter
1221 4088 1317 4143 hoc
1335 4104 1451 4143 ecce
1470 4105 1565 4160 ego
1585 4089 1656 4142 ad
1676 4105 1781 4155 vos,

212 4174 329 4228 dicit
355 4176 615 4232 Dominus
638 4193 657 4232 :
705 4176 1002 4232 Extendam
1030 4194 1239 4232 manum
1267 4194 1435 4233 meam
1477 4195 1630 4250 super
1655 4196 1782 4250 pro-

212 4264 380 4331 phetas
407 4268 503 4340 qui
520 4268 690 4322 vident
709 4269 999 4335 mendacia,
1028 4278 1080 4323 et
1098 4286 1186 4324 eos
1204 4269 1292 4339 qui
1306 4268 1582 4339 loquuntur
1600 4286 1737 4324 vana
1760 4286 1781 4325 :

210 4354 260 4407 in
288 4356 569 4428 disciplina
596 4360 770 4429 populi
799 4361 897 4414 mei
918 4375 1020 4415 non
1048 4368 1215 4424 erunt,
1247 4370 1297 4413 et
1322 4361 1378 4414 in
1404 4362 1660 4430 scriptura
1690 4361 1785 4415 do-

160 4463 178 4517 f
211 4460 315 4501 mus
337 4448 509 4505 Israel
537 4467 640 4505 non
661 4451 967 4519 scribentur,
998 4460 1049 4506 et
1075 4453 1129 4505 in
1156 4460 1347 4505 terram
1377 4450 1544 4505 Israel
1570 4468 1673 4507 non
1696 4453 1782 4507 in-

214 4538 450 4595 trahunt:
478 4550 529 4595 et
558 4542 747 4607 scietis,
779 4544 898 4614 quia
935 4560 1028 4614 ego
1063 4541 1337 4598 Dominus.
1370 4542 1660 4613 Propterea
1686 4562 1782 4616 ρο·
1812 4574 1860 4633 D

214 4626 375 4692 pulum
402 4646 577 4685 meum
604 4632 939 4697 seduxerunt,
974 4633 1199 4687 dicentes
1221 4647 1242 4688 :
1291 4632 1408 4687 Pax
1435 4632 1685 4700 Domini;
1732 4645 1784 4689 et

215 4731 307 4772 non
329 4731 406 4777 est
436 4738 544 4793 paa:
582 4722 817 4778 Domini.
859 4722 964 4777 Hic
991 4726 1142 4778 struit
1169 4726 1456 4794 parietem;
1486 4734 1535 4779 et
1563 4726 1663 4795 ipsi
1683 4743 1784 4782 un-

215 4818 329 4874 gunt
354 4828 496 4879 eum,
518 4820 567 4865 et
595 4814 742 4867 cadet
766 4812 980 4884 (Ezech.
1010 4829 1127 4879 xm,
1154 4814 1210 4881 8,
1242 4813 1352 4885 l0).
1402 4813 1472 4870 Et
1514 4823 1640 4885 post
1682 4816 1782 4872 ali-

215 4910 439 4966 quanta:
482 4904 574 4959 γω
594 4905 675 4959 his
700 4906 786 4977 qui
824 4907 1137 4960 concinnant
1161 4905 1433 4961 cervicalia
1459 4906 1637 4961 subtus
1670 4922 1781 4962 om-

217 5003 323 5045 nem
348 4995 572 5051 cubitum
598 5011 804 5061 manus,
846 5004 897 5050 et
936 4996 1136 5067 faciunt
1157 4996 1412 5051 velamina
1436 5013 1589 5067 super
1627 5015 1779 5053 omne

216 5092 357 5147 caput
383 5086 638 5139 universa
676 5086 847 5140 (etatis
873 5087 944 5139 ad
989 5085 1350 5141 subvertendas
1378 5088 1599 5141 animas.
1624 5090 1779 5143 ~Ani-

218 5182 398 5242 meque
422 5174 677 5229 subversa:
703 5184 823 5229 sunt
860 5177 1035 5246 populi
1076 5177 1196 5241 mei,
1224 5184 1273 5230 et
1298 5177 1501 5230 animas
1542 5178 1779 5247 posside-

216 5254 350 5325 bant,
377 5273 425 5316 et
449 5262 879 5317 contaminabant
904 5280 988 5318 me
1008 5264 1079 5318 ad
1103 5266 1347 5335 papulum
1376 5281 1543 5319 meum
1571 5276 1781 5337 propter

217 5364 412 5409 manum
434 5356 641 5426 plenam
669 5356 851 5410 hordei
878 5364 929 5409 et
965 5366 1173 5427 propter
1217 5358 1567 5428 fragmentum
1604 5359 1778 5427 panis,

180 5472 185 5477 ~
218 5439 281 5491 ad
305 5445 609 5499 occidendus
635 5446 841 5499 animas
868 5460 997 5516 quas
1026 5461 1131 5500 non
1172 5446 1437 5516 oportebat
1460 5448 1612 5512 mori,
1642 5457 1691 5502 et
1712 5448 1783 5502 ad

218 5528 499 5590 liberandas
522 5537 724 5590 animas
748 5553 879 5607 quas
906 5554 1009 5591 non
1043 5536 1309 5607 oportebat
1337 5538 1519 5605 vivere,
1553 5540 1672 5593 dum
1703 5541 1782 5595 lo-

216 5623 415 5689 quimini
435 5629 623 5699 popqu
644 5628 944 5682 exaudienti
969 5645 1101 5683 vana
1121 5628 1322 5700 eloquia
1347 5627 1532 5698 (Ibid.,
1558 5629 1645 5697 18,
1669 5623 1792 5702 19)Ῐ

216 5707 280 5765 Et
304 5715 433 5773 intra
460 5738 473 5773 :
505 5718 614 5774 Fili
641 5720 864 5774 hominis
892 5721 976 5774 dic
996 5737 1015 5774 :
1047 5720 1122 5774 Tu
1143 5737 1198 5775 es
1222 5729 1362 5774 terra
1382 5737 1495 5791 qua:
1516 5738 1616 5776 non
1639 5738 1781 5777 com-

185 5802 415 5875 'Pittilltr,
441 5826 602 5881 neque
627 5808 795 5881 pluvia
825 5812 965 5882 facta
988 5820 1063 5867 est
1090 5826 1244 5884 super
1283 5821 1330 5867 te
1359 5811 1412 5867 in
1444 5812 1527 5866 die
1553 5814 1649 5870 ira:
1666 5830 1688 5882 ;
1718 5815 1776 5871 in

1901 1909 2130 1979 gladium
2160 1913 2578 1981 superinducam,
2605 1924 2655 1968 et
2675 1918 2927 1987 acceperit
2954 1918 3173 1989 populus
3203 1928 3358 1975 teme
3383 1921 3482 1977 h0-

1903 2002 2087 2055 minent
2118 2018 2275 2057 unum
2300 2021 2366 2058 ea:
2402 2005 2552 2075 ipsis,
2578 2015 2629 2061 et
2655 2008 2853 2062 dederit
2893 2026 3009 2063 eum
3035 2010 3135 2064 sibi
3157 2011 3211 2065 in
3233 2013 3479 2083 specula-

1900 2100 2059 2147 torem
2081 2110 2099 2158 ;
2129 2102 2178 2147 et
2201 2095 2383 2149 viderit
2406 2096 2638 2167 gladium
2678 2101 2960 2153 venientem
2984 2117 3139 2171 super
3179 2112 3391 2166 terram,
3433 2112 3486 2157 et

1900 2183 2021 2237 tuba
2047 2185 2307 2251 cecinerit,
2331 2193 2380 2238 et
2408 2187 2779 2257 signiﬁcaverit
2804 2190 2990 2259 populo
3013 2205 3032 2244 :
3058 2197 3107 2243 et
3135 2190 3359 2245 audierit
3394 2192 3483 2263 qui

1900 2271 2066 2336 audit,
2117 2289 2289 2327 vocem
2320 2274 2472 2341 tubm,
2523 2284 2572 2329 et
2613 2292 2717 2330 non
2763 2276 3150 2344 observaverit;
3196 2287 3249 2332 et
3286 2282 3481 2334 venerit

1898 2364 2122 2436 gladius,
2172 2372 2222 2419 et
2267 2366 2709 2437 comprehenderit
2749 2383 2898 2422 eum:
2945 2370 3160 2440 sanguis
3190 2369 3301 2440 ejus
3328 2385 3484 2441 super

1896 2464 2050 2525 caput
2077 2456 2187 2526 ejus
2207 2457 2343 2521 erit;
2390 2457 2513 2528 quia
2551 2473 2663 2511 cum
2700 2474 2871 2513 vocem
2912 2457 3046 2514 tuba:
3074 2459 3319 2524 audierit,
3364 2476 3471 2514 non

1895 2546 2220 2600 observavit:
2264 2547 2480 2616 sanguis
2508 2546 2619 2618 ejus
2649 2548 2703 2601 in
2734 2548 2845 2618 ipso
2873 2549 2970 2601 erit
2990 2564 3010 2602 :
3051 2558 3101 2603 et
3137 2548 3219 2602 hic
3241 2549 3363 2618 quia
3389 2566 3482 2604 cu-

1894 2636 2102 2689 stodiuit
2126 2637 2355 2689 animam
2383 2653 2550 2701 suam,
2573 2635 2827 2691 liberavit.
2856 2635 2925 2690 Et
2954 2639 3247 2707 speculator
3266 2640 3312 2693 si
3340 2640 3480 2695 ride-

1896 2728 1964 2781 rit
2004 2726 2233 2796 gladium
2268 2729 2571 2794 venientem,
2613 2738 2664 2782 et
2705 2745 2809 2784 non
2843 2729 3159 2801 signiﬁcavit
3207 2725 3368 2797 tuba;
3422 2741 3475 2787 et

1893 2816 2111 2887 populus
2139 2833 2241 2870 non
2275 2816 2648 2883 observaverit;
2676 2828 2726 2872 et
2753 2820 2957 2873 veniens
2988 2820 3196 2891 gladius
3223 2822 3479 2891 acceperit

1892 2922 1957 2959 es:
1978 2906 2053 2959 eis
2090 2906 2319 2959 animam
2345 2922 2363 2970 ;
2388 2914 2438 2959 et
2466 2907 2579 2976 ipsa
2606 2918 2816 2977 propter
2854 2908 3181 2979 iniquitatem
3210 2925 3357 2963 suam
3388 2925 3477 2963 cae

1892 3004 1983 3066 pta
2003 3004 2101 3061 est,
2124 2996 2428 3067 sanguinem
2456 2996 2519 3050 de
2540 3012 2698 3050 manu
2726 2998 3063 3068 speculatoris
3091 3001 3373 3069 requiram.
3407 2999 3478 3052 Et

1893 3092 1965 3147 tu,
1998 3084 2077 3154 ﬁli
2106 3084 2349 3147 hominis,
2378 3086 2753 3155 speculatorem
2783 3095 2831 3141 te
2857 3087 2973 3141 dedi
3002 3089 3177 3141 domui
3208 3087 3398 3154 Israel,
3427 3097 3477 3141 et

1892 3175 2073 3229 audies
2093 3191 2158 3230 ea:
2178 3192 2266 3230 ore
2286 3191 2395 3231 meo
2416 3174 2639 3241 verbum,
2664 3193 2780 3231 cum
2801 3178 2969 3232 dicam
2985 3179 3242 3249 peccatori
3264 3194 3284 3233 :
3306 3177 3478 3232 Morte

1891 3267 2172 3331 morieris;
2220 3274 2271 3320 et
2297 3282 2399 3321 non
2427 3267 2652 3338 loqueris
2676 3276 2733 3321 ut
2770 3277 2970 3323 avertat
2996 3286 3052 3323 se
3086 3286 3118 3323 a
3148 3270 3229 3323 via
3257 3286 3353 3324 sua
3383 3270 3476 3323 im-

1891 3360 2026 3429 pius,
2044 3368 2093 3413 et
2114 3360 2223 3430 ipse
2250 3360 2435 3430 impius
2464 3361 2521 3413 in
2544 3360 2818 3432 iniquitate
2844 3378 2939 3417 sua
2967 3362 3234 3429 morietur,
3263 3364 3475 3434 sangui-

1890 3463 2006 3501 nem
2032 3456 2203 3502 autent
2229 3449 2341 3520 ejus
2361 3448 2426 3504 de
2448 3465 2603 3503 manu
2629 3460 2717 3503 tua
2738 3450 3015 3520 requiram.
3041 3448 3117 3503 Tu
3140 3466 3255 3505 vero
3275 3451 3321 3505 si
3339 3466 3475 3516 pra:-

1889 3539 2085 3594 dixeris
2125 3541 2285 3610 impio
2314 3540 2450 3596 viam
2469 3541 2601 3612 ejus,
2630 3552 2688 3596 ut
2714 3552 2913 3597 avertat
2933 3558 2989 3597 se
3011 3541 3078 3597 ab
3102 3560 3183 3607 ea,
3213 3553 3263 3597 et
3290 3560 3394 3598 non
3420 3560 3475 3597 se

1889 3632 2131 3685 averterit
2150 3649 2182 3685 a
2203 3634 2284 3686 via
2303 3632 2535 3688 sua:hic
2554 3634 2608 3688 in
2633 3649 2729 3688 sua
2746 3635 3012 3704 impietate
3049 3635 3316 3701 morietur,
3335 3644 3385 3688 et
3418 3644 3471 3687 tu

1888 3725 2113 3778 animum
2136 3735 2275 3779 tuam
2301 3727 2535 3796 eripuisti
2561 3725 2774 3797 (Ezech.
2806 3743 2993 3793 xxxm,
3023 3726 3162 3797 2-9).

1883 3838 1889 3844 -
1958 3812 2088 3870 CAP.
2114 3820 2225 3871 xvi.
2254 3813 2344 3871 Ea:
2368 3814 2655 3889 Evangelia
2678 3815 2936 3872 Matthazi.
2967 3846 3041 3860 ---
3066 3815 3174 3872 Sed
3202 3815 3472 3873 sufﬁciant

1887 3904 2001 3961 lucc
2046 3920 2217 3976 pauca
2263 3905 2333 3961 de
2382 3907 2627 3977 pluribus
2685 3908 3069 3978 prophetarum
3121 3908 3469 3974 testimoniis,

1886 3998 2039 4068 queis
2083 3998 2388 4054 retunditur
2429 3999 2685 4069 superbia
2728 4000 2814 4054 vel
2863 3999 3073 4068 ignavia
3121 3999 3466 4054 sacerdotum

1884 4089 2302 4155 contumacium,
2330 4103 2397 4143 ne
2425 4095 2614 4158 putent
2643 4103 2743 4143 nos
2769 4088 2982 4159 propria
3009 4087 3186 4158 potius
3206 4086 3468 4141 adiuven-

1885 4180 2034 4235 tione
2062 4194 2222 4249 quam
2251 4180 2384 4249 legis
2411 4188 2724 4236 sanctorum
2763 4179 2848 4233 vel
2876 4177 3198 4232 auctoritate
3227 4175 3305 4232 eis
3334 4176 3463 4231 talia

1883 4269 2219 4326 denuntiare.
2270 4270 2558 4325 Videamus
2605 4268 2767 4338 igitur
2814 4266 2940 4336 quid
2986 4266 3293 4335 evangelica
3335 4265 3468 4321 tuba

1884 4360 2085 4415 mundo
2105 4374 2402 4429 personans
2423 4357 2738 4413 inordinatis
2760 4354 3128 4412 sacerdotibus
3147 4355 3467 4426 eloquatur:

1885 4465 1995 4505 non
2016 4450 2159 4505 enim
2186 4450 2255 4505 de
2301 4448 2425 4513 illis,
2456 4456 2517 4503 ut
2553 4448 2663 4518 jam
2712 4447 2966 4512 diximus,
2993 4446 3085 4516 qui
3113 4446 3465 4517 apostolicam

1884 4540 2066 4595 sedem
2096 4538 2333 4609 legitime
2367 4539 2632 4605 obtinent,
2662 4537 2862 4607 quique
2890 4536 3028 4592 bene
3058 4543 3255 4591 norunt
3282 4536 3467 4605 largiri

1887 4630 2184 4701 spiritualia
2214 4630 2491 4686 conservis
2547 4630 2660 4685 suis
2688 4629 2740 4683 in
2778 4636 3021 4698 tempore
3049 4626 3249 4683 cibaria
3279 4627 3344 4699 (si
3374 4627 3469 4698 qui

1889 4731 2066 4777 tamen
2097 4722 2247 4777 multi
2277 4721 2738 4792 inprzcsentiarum
2762 4718 2927 4790 sunt),
2954 4716 3049 4773 scd
3073 4716 3141 4773 de
3163 4717 3470 4788 pastoribus

1886 4813 2167 4884 imperitis,
2213 4814 2305 4883 qui
2334 4813 2713 4883 derelinquunt
2754 4827 2884 4867 oves
2930 4818 2987 4866 et
3032 4818 3260 4881 pascunt
3303 4824 3464 4877 vana,

1885 4913 1941 4960 et
1963 4921 2069 4961 non
2097 4904 2300 4960 habent
2322 4904 2485 4960 verba
2513 4904 2745 4974 pastoris
2768 4901 2948 4974 periti,
2980 4901 3134 4957 nobis
3161 4912 3340 4955 sermo
3360 4907 3463 4955 est.

1886 4995 2117 5052 Evidens
2146 5010 2276 5065 ergo
2305 4994 2556 5051 indicium
2587 5001 2693 5063 est,
2721 5009 2831 5048 non
2861 5008 2980 5048 esse
3013 4993 3138 5047 eum
3166 4988 3465 5059 legitimum

1884 5096 2176 5158 pastorem,
2220 5085 2314 5142 sed
2343 5087 2667 5143 mediocrem
2696 5086 2911 5157 quidem
2938 5084 3321 5149 Christianum,
3371 5082 3466 5151 qui

1885 5176 1999 5231 lucc
2022 5192 2129 5230 non
2159 5183 2267 5229 tam
2303 5184 2485 5230 nostra
2516 5176 2627 5246 (qui
2656 5177 2812 5231 valde
2840 5175 3017 5244 exigui
3044 5173 3274 5240 sumus),
3302 5185 3463 5241 quam

1884 5266 2096 5321 Veteris
2122 5264 2360 5336 Novique
2388 5265 2716 5322 Testamenti
2746 5266 2961 5321 decreta
2989 5261 3252 5319 recusarit
3279 5260 3365 5315 vel
3389 5260 3468 5314 in-

1892 5359 2103 5415 liciatus
2131 5358 2311 5425 fuerit,
2353 5359 2491 5415 sicut
2536 5360 2674 5415 bene
2717 5358 2933 5428 quidam
2977 5362 3286 5411 nostrorum
3329 5352 3407 5407 ait
3443 5369 3459 5407 :

1894 5468 1913 5502 ι
1940 5448 2259 5520 Optabiliter
2297 5438 2542 5519 cupimus
2568 5456 2627 5504 ut
2654 5450 2838 5504 hostes
2864 5445 3117 5503 Ecclesia:
3156 5444 3269 5500 sint
3294 5443 3465 5499 nostri

1885 5554 2101 5609 quoque
2129 5539 2331 5609 absque
2360 5540 2469 5595 ullo
2498 5538 2703 5596 lmdere
2731 5540 2939 5600 hostes,
2990 5543 3048 5591 et
3087 5534 3246 5590 amici
3274 5549 3339 5589 ac
3364 5532 3465 5590 dco

1883 5629 2127 5685 fensores
2152 5629 2320 5685 nostri
2352 5645 2459 5685 non
2487 5630 2661 5685 solum
2702 5627 2991 5695 'l'mderati,
3029 5625 3123 5682 sed
3160 5625 3324 5681 etiam
3368 5638 3467 5696 pa-

1882 5729 1993 5775 tres
2038 5735 2105 5775 ac
2150 5719 2353 5776 domini
2401 5720 2720 5774 habeantur.
2764 5738 2783 5772 ι
2840 5716 3179 5773 Conveniam
3230 5728 3466 5785 namque

1880 5810 2071 5882 singuli
2100 5825 2229 5868 vero
2248 5808 2494 5867 examine
2522 5808 2912 5866 conscientiam
2940 5823 3112 5876 suam,
3154 5814 3211 5863 et
3256 5806 3329 5863 ita
3369 5802 3465 5860 de-
