3992 6532
434 353 543 409 583

1323 342 1551 401 811.ῡῶ
1592 334 1944 397 SAPlENT-S
1980 335 2069 391 DE
2106 326 2373 391 EXClDlO
2410 329 2805 391 BRI'I‘ANNLE

3609 321 3753 382 386

345 500 349 505 ι
434 465 769 543 prehenderit
794 478 863 519 an
892 459 1187 519 secundum
1222 465 1430 514 rectam
1462 455 1731 511 rationem
1759 466 1855 507 sac
1878 449 2012 543 vdo:
2046 455 2091 513 Α
2121 445 2363 543 Domine,
2401 445 2651 543 Domine,
2692 441 2909 543 intrabit
2945 442 3000 495 in
3038 454 3251 543 regnum
3572 455 3597 495 .‘
3617 438 3756 543 ad

438 538 536 614 tali
578 554 848 612 cathedra)
894 552 1180 609 insideant.
1230 550 1549 614 Videamus,
1601 544 1837 614 inquam,
1884 538 2014 609 quid

436 649 689 707 Salvator
715 646 905 704 mundi
932 644 1212 713 factorque
1238 642 1419 721 dicat-2
1473 637 1578 692 Vos
1625 637 1769 700 estis,
1819 632 2011 721 inquit,

434 739 519 794 sal
550 746 724 792 terra.
778 733 929 800 Quod
955 734 1001 788 si
1028 733 1108 787 sal
1135 718 1421 793 evanuerit,
1451 727 1506 781 in
1535 742 1633 794 quo
1661 720 1920 778 satietur?
1948 718 2018 773 ad

438 830 661 885 nihilum
678 828 813 883 valet
835 827 993 891 ultra,
1020 824 1121 878 nisi
1144 831 1199 875 ut
1224 819 1529 891 projiciatur
1549 818 1714 886 foras,
1736 822 1783 868 et
1806 813 2018 866 concul-

438 930 584 976 cetur
611 919 676 973 ab
705 914 993 973 hominibus
1018 912 1234 986 (Matth.
1259 925 1316 975 v,
1342 906 1454 979 15).
1496 906 1612 961 lloc
1653 918 1819 959 unum
1862 900 2017 956 testi-

442 1011 685 1067 monium
714 1008 782 1063 ad
809 1004 1168 1063 conlutandos
1184 1000 1525 1072 impudentes
1543 1011 1785 1068 quosque
1806 990 2020 1049 abunde

440 1097 691 1155 sullicere
713 1102 919 1168 posset.
945 1090 1052 1148 Sed
1091 1099 1149 1145 ut
1171 1085 1591 1145 evidentioribus
1617 1082 1792 1138 adhuc
1819 1079 2023 1149 astipu-

439 1190 752 1254 lationibus,
800 1186 1017 1258 quantis
1069 1183 1389 1253 semetipsos
1438 1174 1865 1234 intolerabilibus
1900 1186 2021 1228 sce-

445 1281 619 1336 lerum
646 1278 883 1335 fascibus
911 1275 1031 1330 falsi
1060 1274 1114 1329 hi
1140 1272 1451 1331 sacerdotes
1476 1266 1815 1338 opprimant,
1844 1260 2025 1317 verbis

442 1368 639 1426 Christi
660 1366 1060 1437 comprobatur,
1089 1363 1265 1432 aliqua
1297 1353 1629 1416 adnectenda
1658 1360 1801 1409 sunt.
1829 1348 2024 1419 Sequi-

449 1470 537 1515 tur
574 1457 760 1513 enim:
820 1454 925 1510 Vos
954 1454 1075 1508 estis
1115 1452 1205 1505 lux
1243 1448 1443 1504 mundi.
1491 1443 1614 1499 Non
1654 1451 1817 1514 potest
1846 1441 2026 1494 civitas

450 1548 697 1604 abscondi
724 1563 882 1617 supra
924 1552 1149 1598 montem
1176 1540 1365 1613 posita.
1408 1535 1587 1608 Neque
1615 1531 1899 1587 accendunt
1940 1528 2025 1583 lu-

445 1655 676 1705 cernam,
704 1646 754 1690 et
780 1642 977 1707 ponunt
1001 1649 1116 1687 eam
1146 1630 1236 1685 sub
1263 1627 1453 1690 modio,
1486 1624 1577 1680 sed
1606 1640 1759 1693 super
1780 1618 2027 1673 candela-

447 1729 614 1796 brum,
642 1737 697 1781 ut
727 1728 894 1782 luceat
914 1722 1147 1780 omnibus
1175 1721 1260 1793 qui
1289 1720 1342 1773 in
1368 1718 1521 1772 domo
1540 1724 1660 1770 sunt
1690 1710 1877 1784 (Ibid.,
1915 1707 2024 1778 14).

2119 540 2205 610 qui
2246 539 2371 610 facit
2398 537 2711 592 voluntatem
2737 534 2921 589 Patris
2960 532 3065 587 mei
3089 533 3176 603 qui
3202 532 3258 586 in
3284 533 3426 588 ccli:
3456 541 3577 602 est,
3608 533 3751 603 ἄρα

2119 629 2333 685 intrabit
2360 630 2414 683 in
2441 644 2655 700 regnum
2676 626 2919 680 calorum
2950 622 3138 695 (Ibid.,
3162 621 3276 693 2|).

2128 732 2164 781 ἐς
2191 722 2321 777 CAP.
2357 736 2485 775 χιιι.
2520 717 2718 774 Iterum
2754 732 2819 771 ea:
2860 714 3144 787 Evangelia
3171 712 3428 769 Mattluei.
3456 744 3540 758 -—
3571 712 3742 780 Quid

2119 829 2251 870 sane
2275 812 2427 870 vobis
2455 810 2547 867 liet
2571 810 2683 881 qui,
2714 816 2774 865 ut
2805 808 3078 880 propheta
3105 806 3241 863 dixit
3269 805 3403 878 (ιω.
3433 823 3562 870 six,
3598 806 3740 875 13),

2121 904 2280 960 labiis
2309 909 2519 958 tantum
2564 908 2621 955 et
2652 914 2762 955 non
2797 898 2963 954 corde
3006 896 3120 953 Deo
3155 896 3417 953 creditis?
3454 894 3739 964 Qualiter

2123 1003 2303 1050 autem
2334 990 2569 1063 isnpletis
2591 987 2737 1060 quod
2756 987 3002 1057 sequitur
3026 1005 3040 1041 :
3074 985 3226 1053 Ecce,
3256 984 3443 1054 inquit,
3473 1001 3586 1055 ego
3606 986 3725 1038 ηιξι

2126 1096 2176 1141 to
2205 1102 2295 1141 vos
2322 1086 2454 1140 sicut
2484 1098 2601 1139 oves
2646 1083 2703 1136 in
2749 1080 2920 1135 medio
2967 1078 3205 1150 luporum
3254 1077 3469 1149 (Matth.
3500 1093 3567 1141 κ,
3604 1075 3725 1143 16),

2125 1176 2217 1247 qui
2247 1189 2401 1231 versa
2429 1173 2548 1229 vice
2595 1179 2655 1227 ut
2691 1170 2803 1241 lupi
2832 1170 2886 1225 in
2912 1183 3131 1239 gregem
3160 1168 3341 1224 ovium
3366 1166 3677 1238 proceditis
3697 1171 3726 1221 ξ

2124 1269 2211 1325 vel
2238 1266 2382 1340 quod
2405 1266 2518 1321 ait:
2551 1262 2731 1334 Estote
2757 1261 3031 1329 prudentes
3059 1260 3191 1315 sicut
3216 1267 3499 1329 serpentes,
3516 1266 3580 1311 et
3600 1257 3729 1312 sins-

2125 1360 2287 1432 pliccs
2312 1360 2447 1414 sicut
2469 1354 2720 1411 columba:
2748 1352 2982 1423 (Ibid)?
3009 1349 3308 1406 Prudentes
3332 1348 3555 1419 quidem
3586 1347 3725 1402 estis

2132 1457 2192 1506 ut
2216 1449 2451 1518 aliquem
2489 1460 2589 1501 ore
2616 1442 2878 1500 exitiabili
2926 1439 3236 1505 mordeatis,
3286 1454 3390 1495 non
3436 1446 3495 1494 ut
3545 1447 3727 1508 caput

2127 1546 2363 1595 vestrum
2406 1535 2553 1606 quod
2596 1542 2680 1590 est
2716 1532 2993 1598 Christus,
3048 1530 3267 1600 objectu
3309 1528 3726 1598 quodammodo

2128 1629 2378 1701 corporis
2425 1626 2756 1691 defendatis,
2802 1638 2962 1696 quem
3004 1623 3133 1678 totis
3179 1636 3403 1693 operum
3442 1619 3725 1675 malorum

2131 1722 2414 1780 conatibus
2450 1718 2802 1776 conculcatis.
2842 1716 2951 1772 Nec
2994 1716 3138 1771 enim
3186 1713 3595 1784 simplicitatem
3623 1728 3723 1769 eo—

449 1820 580 1888 Quis
606 1832 735 1887 ergo
763 1816 1104 1873 sacerdotum
1134 1810 1293 1881 hujus
1323 1806 1578 1879 temporis
1618 1806 1689 1859 ita
1717 1800 2029 1872 ignorantia:
2066 1829 2103 1884 η
2130 1814 2433 1870 [ambarum
2479 1812 2712 1878 habetis,
2758 1810 2888 1879 quin
2932 1807 3116 1879 ροιίυε
3156 1807 3382 1863 comm
3428 1806 3723 1861 ηδείηίιςηξ

446 1911 694 1966 caecitate
726 1920 1028 1978 possessus,
1079 1912 1138 1958 ut
1177 1902 1268 1956 lux
1313 1897 1624 1955 clarissimae.
1671 1894 1925 1956 lucernze,
1969 1891 2022 1943 in

447 2007 626 2076 aliqua
667 2003 830 2058 domo
855 1999 1062 2058 cunctis
1091 1978 1253 2051 noctu
1284 1990 1641 2047 residentibus
1685 1983 1923 2076 scicntia:
1951 1980 2027 2076 si-

451 2068 563 2151 mul
610 2102 666 2149 et
710 2093 975 2147 bonorum
1019 2100 1244 2156 operum
1296 2078 1544 2150 lampade
1573 2074 1761 2130 lucet?
1797 2070 1927 2138 Quis
1956 2068 2028 2124 ita

448 2184 714 2241 universis
758 2181 1017 2237 Ecclesia:
1056 2176 1198 2241 filiis,
1246 2182 1441 2234 tutum,
1492 2168 1764 2238 publicum
1814 2161 2032 2231 conspi-

449 2287 719 2342 cuumque
760 2270 1044 2339 refugium,
1098 2275 1158 2320 ut
1203 2264 1273 2320 sit
1313 2261 1520 2318 civibus
1561 2254 1863 2311 ﬁrmissima
1892 2251 2031 2307 forte

449 2365 579 2421 editi
605 2363 802 2419 montis
828 2361 1020 2415 civitas
1046 2358 1251 2412 vertice
1274 2352 1588 2415 constituta,
1626 2345 1897 2402 habetur?
1924 2342 2031 2399 Sed

452 2465 508 2511 et
533 2452 678 2525 quod
705 2452 983 2522 sequitur:
1017 2448 1107 2505 Sic
1148 2448 1313 2501 luceat
1343 2445 1432 2497 lux
1456 2450 1628 2496 vestra
1662 2454 1837 2493 coram
1866 2436 2039 2491 homi-‘

453 2547 639 2614 nibus,
686 2555 743 2600 ut
787 2544 990 2599 videant
1035 2556 1194 2611 apera
1224 2546 1392 2593 vestra
1422 2535 1575 2597 bona,
1624 2541 1673 2586 et
1702 2529 2033 2601 magniﬁcent

455 2636 667 2691 Patrem
694 2644 933 2698 vestrum,
983 2632 1068 2702 qui
1114 2630 1168 2683 in
1218 2627 1358 2681 caelis
1406 2634 1483 2679 est
1513 2622 1700 2694 (Ibid.,
1734 2620 1861 2689 16):
1912 2618 2033 2689 quis

453 2744 641 2784 eorum
670 2743 778 2781 uno
804 2724 994 2781 saltem
1035 2722 1121 2778 die
1162 2726 1341 2791 potest
1379 2715 1651 2788 implere?
1693 2712 1829 2778 Quin
1852 2709 2035 2780 potius

455 2819 771 2876 densissima
799 2816 1041 2887 quaedam
1092 2827 1281 2869 eorum
1322 2809 1537 2873 nebula,
1581 2814 1807 2875 atraque
1835 2817 2030 2875 pecca-

454 2912 659 2967 minum
687 2910 834 2966 omni
864 2907 1053 2964 Insula:
1082 2907 1157 2962 ita
1181 2902 1441 2961 incumbit
1468 2917 1595 2966 nox,
1629 2906 1690 2953 ut
1716 2911 1907 2955 omnes
1936 2910 2031 2967 pe—

453 3023 525 3064 ne
553 3023 585 3062 a
606 3006 693 3061 via
722 3013 871 3060 recta
900 3009 1128 3066 avertat,
1177 3015 1242 3054 ac
1286 3012 1384 3068 per
1428 2996 1603 3051 invios
1638 2990 2035 3062 impeditosque

450 3099 716 3155 scelerum
739 3095 906 3153 calles
934 3109 1119 3150 errare
1146 3091 1329 3159 faciat,
1354 3102 1585 3159 quorum
1614 3101 1723 3142 non
1744 3083 1905 3139 modo
1934 3081 2035 3136 Pa-

2133 1906 2355 1978 nigrori,
2394 1922 2460 1962 ac
2486 1904 2655 1961 semel
2680 1903 2749 1959 de
2775 1917 2933 1967 arca,
2956 1900 3011 1956 id
3037 1909 3127 1957 est
3149 1898 3415 1966 Ecclesia,
3444 1899 3724 1954 evolitan-

2132 2009 2233 2064 tes,
2281 2000 2513 2055 inventis
2541 1998 2841 2059 carnalium
2867 1996 3207 2067 voluptatum
3250 1994 3533 2058 fetoribus,
3581 2009 3719 2049 nus-

2131 2104 2296 2159 quam
2327 2087 2395 2143 ad
2420 2102 2542 2143 eam
2569 2102 2707 2155 puro
2734 2086 2897 2145 corde
2934 2085 3240 2143 revolastis.
3291 2085 3399 2140 Sed
3438 2084 3721 2140 videam

2131 2187 2189 2234 ct
2214 2190 2429 2234 caetera.
2460 2176 2659 2244 Nolite,
2688 2178 2785 2247 ait,
2816 2178 2995 2233 timere
3020 2193 3107 2232 eos
3128 2177 3216 2247 qui
3241 2174 3483 2231 occidunt
3506 2193 3723 2245 corpus.

2131 2272 2361 2325 animam
2388 2281 2558 2326 autem
2590 2287 2693 2325 non
2719 2279 2934 2341 possunt
2951 2270 3182 2325 occidere
3201 2286 3221 2334 ,'
3242 2268 3336 2324 sed
3353 2271 3525 2340 potius
3547 2270 3722 2323 timete

2130 2378 2269 2425 eum,
2297 2362 2383 2433 qui
2410 2370 2576 2430 potest
2592 2369 2641 2415 et
2666 2362 2895 2415 animam
2915 2370 2963 2415 et
2992 2376 3177 2425 corpus
3204 2359 3423 2430 perdere
3447 2360 3507 2414 in
3530 2361 3717 2431 gehen-

2128 2467 2254 2507 nam
2275 2450 2463 2522 (Ibid.,
2488 2450 2597 2521 18).
2622 2450 2885 2518 Quidnam
2907 2450 3101 2505 borum
3118 2449 3374 2513 feceritis,
3399 2452 3715 2519 recogitate.

2132 2540 2305 2607 Quem
2348 2549 2765 2597 vcro.vestrum
2808 2554 3047 2609 sequens
3102 2539 3471 2596 testimonium
3510 2554 3623 2595 non
3667 2540 3718 2593 in

2132 2629 2401 2703 profundo
2452 2631 2634 2686 cordis
2674 2646 2873 2686 arcano
2914 2630 3180 2697 vulneret,
3234 2629 3382 2699 quod
3427 2630 3497 2685 de
3537 2632 3720 2700 pravis

2132 2722 2464 2779 antistitibus
2500 2722 2750 2777 Salvator
2793 2721 2860 2776 ad
2905 2722 3182 2792 apostolos
3211 2720 3496 2790 loquitur?
3545 2721 3720 2776 Sinite

2132 2816 2250 2871 illos
2271 2830 2290 2869 :
2314 2815 2437 2869 cazci
2465 2824 2584 2867 sunt
2609 2814 2765 2867 duces
2792 2829 3043 2867 ccvcorum
3069 2828 3087 2865 :
3118 2828 3283 2866 cacus
3312 2820 3481 2865 autem
3509 2813 3555 2865 si
3581 2827 3717 2865 me

2134 2904 2379 2957 ducatum
2405 2909 2640 2972 pra'stat,
2662 2899 2812 2955 ambo
2841 2901 2896 2953 in
2923 2901 3123 2971 foveam
3165 2899 3354 2954 cadent
3384 2898 3600 2971 (latth.
3624 2916 3714 2964 xv,

2136 2993 2247 3065 ll).
2288 2992 2462 3063 Egent
2498 3006 2630 3047 sane
2652 2991 2835 3062 pupuli
2862 2990 3055 3062 quibus
3094 2991 3360 3060 praestis,
3405 2990 3490 3046 vel
3535 2992 3717 3060 potius

2134 3100 2272 3157 quos
2298 3082 2606 3153 decepistis,
2636 3082 2845 3137 audire.
2885 3081 3161 3138 Attendite
3210 3083 3373 3137 verba
3403 3080 3614 3137 Domini
3646 3083 3712 3135 ad

457 3198 542 3244 ter
566 3187 803 3245 caelestis
833 3201 938 3241 non
960 3183 1209 3239 laudatur
1236 3197 1331 3251 per
1357 3194 1547 3250 opera,
1578 3176 1673 3232 sed
1700 3177 1863 3230 etiam
1891 3173 2032 3228 into-
2059 3209 2104 3271 ο
2138 3174 2417 3247 apostolos
2468 3181 2525 3230 et
2570 3172 2639 3228 ad
2685 3172 2870 3227 turbas
2915 3171 3204 3241 loquentis,
3256 3187 3377 3241 quae
3415 3180 3471 3226 et
3512 3187 3632 3233 vos,
3661 3180 3718 3225 ut

454 3280 750 3336 lerabiliter
777 3278 1200 3346 blasphematur.
1219 3273 1390 3328 Velim
1412 3269 1629 3339 quidem
1652 3269 1766 3323 lucc
1788 3266 2031 3337 Scriptu-

456 3382 531 3423 ra:
549 3383 716 3423 sacra:
738 3367 1041 3422 testimonia
1061 3365 1185 3419 huic
1205 3361 1446 3433 epistola:
1467 3361 1664 3415 inserta
1692 3359 1773 3413 vel
1789 3359 2033 3412 inseren-

455 3459 547 3523 da,
570 3457 709 3512 sicut
736 3466 916 3512 nostra
944 3454 1287 3511 mediocritas
1320 3459 1523 3522 posset,
1553 3449 1734 3505 omnia
1765 3457 2037 3516 utcunque

459 3546 721 3603 historico
767 3546 853 3600 vel
897 3545 1087 3599 morali
1135 3558 1298 3599 sensu
1328 3540 1693 3611 interpretari.
1736 3538 1845 3595 Sed
1883 3554 1953 3595 ne
1982 3538 2035 3593 in

459 3638 780 3693 immensum
809 3637 1027 3691 modum
1056 3633 1371 3706 opusculum
1403 3632 1510 3687 hoc
1558 3631 1641 3686 his
1671 3632 1762 3702 qui
1790 3646 1900 3686 non
1928 3638 2036 3685 tam

461 3735 646 3782 nostra
694 3742 854 3800 quam
899 3727 996 3781 Dei
1040 3725 1369 3796 despiciunt,
1416 3723 1714 3789 fastidiunt,
1763 3730 2035 3787 avertunt,

460 3817 777 3888 proteletur,
804 3816 1122 3886 simpliciter
1147 3824 1205 3871 et
1231 3816 1433 3885 absque
1462 3815 1571 3869 ulla
1612 3814 1902 3870 verborum
1931 3814 2040 3869 cir-

459 3909 701 3964 cuitione
726 3917 981 3977 congesta
1007 3907 1091 3963 vel
1117 3906 1457 3974 congerenda
1480 3914 1623 3961 sunt.
1658 3905 1725 3960 Et
1755 3914 1878 3976 post
1905 3920 2041 3976 pau-

458 4015 524 4055 ca
547 4018 563 4053 :
593 3998 694 4064 Qui
710 4000 855 4077 enim
881 3998 1087 4054 solverit
1114 4015 1273 4052 unum
1293 3998 1356 4052 de
1376 3998 1637 4053 mundatis
1658 3999 1771 4052 istis
1791 3998 2038 4063 minimis,

459 4101 509 4146 et
538 4091 766 4147 docuerit
794 4092 869 4145 sic
909 4091 1162 4150 hormines.
1214 4091 1459 4144 minimus
1503 4088 1768 4145 vocabitur
1800 4090 1856 4144 in
1883 4106 2041 4160 regno

458 4182 705 4236 cartorum
742 4180 957 4247 (Matth.
989 4197 1042 4247 v,
1074 4180 1187 4250 i9).
1226 4178 1294 4234 Et
1313 4181 1545 4235 iterum:
1576 4178 1757 4235 Nolite
1777 4180 2039 4251 judicare,

459 4282 517 4325 ut
546 4288 649 4327 non
680 4271 1030 4342 judicemini:
1070 4271 1126 4325 in
1153 4286 1252 4340 quo
1281 4270 1419 4324 enim
1434 4269 1637 4341 judicio
1660 4270 2039 4341 judicaveritis,

455 4360 777 4431 judicabitur
805 4361 870 4415 de
901 4361 1039 4414 vobis
1068 4359 1282 4430 (Matth.
1314 4376 1405 4427 vn,
1458 4359 1510 4426 l,
1550 4360 1630 4431 2).
1678 4360 1840 4426 Quis,
1888 4374 2041 4430 rogo,

464 4459 701 4504 vestrum
748 4450 998 4517 respiciet
1027 4448 1081 4505 id
1108 4451 1251 4520 quod
1276 4451 1562 4522 sequitur?
1612 4449 1751 4515 Quid
1777 4461 1949 4505 autem
1977 4454 2047 4506 vi-

2135 3266 2315 3329 audio,
2345 3266 2399 3320 in
2434 3263 2666 3319 medium
2690 3263 2879 3318 crebro
2909 3262 3150 3332 proferre
3187 3278 3296 3319 non
3323 3262 3509 3332 pudet.
3543 3262 3716 3329 Super

2134 3362 2435 3419 cathedram
2460 3361 2631 3433 Moysi
2654 3361 2895 3415 sederunt
2924 3360 3126 3416 Scriba:
3148 3371 3197 3414 et
3221 3359 3494 3415 Pharisaei.
3528 3360 3719 3415 Omnia

2136 3473 2261 3528 ergo
2289 3471 2601 3527 quacunque
2625 3454 2858 3509 dixerint
2885 3452 3044 3517 vobis,
3090 3462 3289 3508 servate
3324 3461 3375 3507 et
3402 3454 3564 3523 facite
3581 3469 3601 3506 :
3639 3469 3720 3507 se-

2135 3548 2358 3603 cundum
2388 3563 2505 3602 vero
2527 3564 2685 3617 opera
2709 3563 2886 3601 eorum
2914 3546 3072 3600 nolite
3106 3548 3279 3617 facere
3302 3561 3319 3597 :
3358 3546 3536 3599 dicunt
3561 3547 3719 3611 enim,

2136 3651 2186 3696 et
2232 3641 2334 3711 ipsi
2377 3657 2481 3695 non
2511 3640 2710 3712 faciunt
2765 3637 2986 3710 (Matth.
3012 3654 3163 3705 χχιιι,
3190 3636 3244 3704 2,
3281 3636 3361 3708 '5).
3410 3636 3719 3692 Periculosa

2142 3738 2292 3785 certe
2319 3745 2385 3785 ac
2413 3743 2746 3799 supervacua
2776 3727 3151 3783 sacerdotibus
3177 3727 3423 3783 doctrina
3451 3734 3557 3793 est,
3602 3742 3722 3795 qua:

2144 3822 2325 3892 pravis
2353 3821 2609 3891 operibus
2636 3819 2967 3875 obfuscatur.
3007 3817 3099 3873 Va:
3126 3817 3287 3883 vobis,
3320 3816 3721 3889 hypocritre,tpi

2140 3912 2384 3967 clauditis
2432 3927 2643 3983 regnum
2674 3910 2916 3964 malorum
2953 3919 3075 3963 ante
3100 3910 3333 3966 homines
3356 3925 3376 3964 :
3422 3926 3509 3964 vos
3553 3918 3723 3964 autem

2142 4020 2244 4056 non
2265 4002 2494 4069 intratis,
2526 4017 2617 4055 nec
2645 4002 2961 4056 introeuntes
2984 4001 3157 4056 sinitis
3175 4002 3376 4055 intrare
3398 3998 3589 4071 (Ibid.,
3616 3998 3725 4066 15).

2143 4091 2260 4147 Non
2307 4090 2480 4146 solum
2539 4089 2684 4144 enim
2740 4105 2851 4160 pra:
2897 4090 3061 4145 tantis
3104 4090 3370 4145 malorum
3411 4088 3727 4145 criminibus

2142 4196 2265 4250 quae
2292 4181 2498 4248 geritis,
2542 4180 2596 4233 in
2623 4178 2821 4246 futuro,
2871 4178 2966 4235 sed
2991 4179 3156 4234 etiam
3186 4194 3288 4248 pro
3315 4179 3402 4234 his
3428 4179 3521 4249 qui
3548 4186 3729 4234 vestro

2143 4272 2385 4342 quotidie
2411 4271 2663 4342 exemplo
2692 4278 2938 4340 pereunt,
2970 4271 3168 4340 pcunali
3197 4285 3355 4340 pmna
3381 4270 3687 4341 plectemiui
3712 4287 3725 4322 :

2145 4379 2374 4433 quorum
2400 4362 2618 4432 sanguis
2645 4362 2697 4417 in
2725 4361 2813 4416 die
2836 4361 3024 4430 iudicii
3046 4362 3119 4417 de
3143 4362 3338 4418 vestris
3364 4361 3617 4416 manibus
3642 4376 3728 4415 re-

2145 4452 2407 4521 quiratur.
2441 4450 2548 4505 Sed
2570 4450 2699 4521 quid
2727 4450 2850 4504 mali
2875 4450 3020 4519 quod
3047 4449 3188 4506 servi
3218 4450 3476 4519 parabola
3502 4457 3731 4520 prastern-

464 4540 582 4607 des,
613 4538 806 4607 inquit,
840 4542 1090 4611 festucam
1115 4543 1166 4595 in
1197 4543 1344 4597 oculo
1370 4544 1551 4614 fratris
1573 4544 1664 4607 tui,
1688 4552 1737 4597 et
1767 4542 1965 4597 trabem
1989 4543 2044 4597 in
2078 4577 2126 4635 υ
2146 4542 2286 4596 derit
2313 4540 2583 4611 inSpicite,
2613 4539 2843 4595 dicentis
2880 4542 2937 4594 in
2975 4540 3129 4595 corde
3173 4556 3310 4596 suo:
3355 4540 3560 4595 Norant
3606 4541 3731 4612 facit

463 4631 615 4685 oculo
646 4638 732 4685 tuo
756 4648 858 4685 non
886 4632 1229 4686 consideras?
1274 4632 1375 4685 Aut
1421 4635 1675 4705 quomodo
1718 4634 1848 4689 dicis
1890 4635 2045 4706 fratri
2078 4630 2111 4635 ⁷
2152 4632 2388 4687 dominus
2416 4648 2560 4685 meus
2582 4632 2774 4685 venire.
2804 4632 2905 4697 Qui
2934 4647 3035 4702 pro
3068 4632 3173 4686 hoc
3200 4630 3425 4688 forsitan
3450 4633 3732 4702 inceperat

466 4727 578 4788 tuo,
606 4717 733 4773 Sine
759 4720 966 4790 ejiciam
995 4721 1243 4790 festucam
1274 4720 1339 4773 de
1367 4721 1514 4775 oculo
1544 4730 1651 4785 tuo,
1671 4730 1733 4796 βι
1757 4739 1875 4777 ecce
1904 4721 2045 4776 trabs

430 4811 522 4883 _in
570 4812 719 4866 oculo
758 4819 844 4867 tuo
882 4821 959 4865 est
1000 4810 1192 4882 (Ibid.,
1223 4810 1280 4879 5,
1318 4810 1396 4881 4).
1439 4812 1534 4867 Vel
1572 4813 1718 4880 quod
1762 4814 2043 4882 sequitur:

470 4899 651 4956 Nolite
677 4901 805 4955 dare
830 4910 1066 4955 sanctum
1091 4902 1328 4969 canibus,
1357 4918 1522 4974 neque
1560 4904 1801 4957 miseritis
1830 4920 2044 4975 marga-

465 4993 597 5046 ritas
625 5001 822 5046 vestras
847 5002 967 5045 ante
994 5007 1177 5057 porcos
1204 5008 1222 5045 :
1252 5008 1317 5045 ne
1352 4994 1486 5063 forte
1512 4992 1810 5047 conculcent
1835 5008 1926 5046 eas
1952 5010 2044 5065 pe-

463 5082 617 5137 dibus
656 5084 801 5149 suis,
847 5091 898 5137 et
934 5084 1166 5136 conversi
1204 5084 1530 5155 disrumpunt
1573 5100 1663 5139 vos
1708 5083 1897 5150 (lbid.,
1947 5085 2002 5154 6)
2034 5102 2049 5139 :

467 5174 614 5245 quod
642 5174 937 5244 saepissime
974 5173 1130 5228 vobis
1175 5174 1375 5228 evenit.
1422 5173 1487 5228 Et
1530 5173 1794 5244 populum
1824 5189 2052 5229 mouens

471 5280 543 5322 ne
580 5282 612 5320 a
640 5266 845 5321 dolosis
870 5264 1213 5332 doctoribus,
1264 5276 1324 5319 ut
1349 5265 1481 5321 estis
1502 5280 1600 5320 vos
1618 5303 1634 5329 ,
1681 5264 2048 5331 seduceretur,

464 5356 639 5413 dixit:
672 5357 933 5413 Attendite
958 5356 1098 5413 vobis
1118 5375 1150 5412 a
1178 5357 1328 5428 falsis
1355 5356 1616 5427 prophetis
1643 5357 1730 5428 qui
1749 5357 1958 5411 veniunt
1983 5356 2053 5411 ad

464 5465 556 5505 vos
583 5449 857 5531 inlvestitu
886 5450 1076 5517 ovium,
1122 5448 1432 5503 intrinsecus
1470 5457 1641 5501 autem
1670 5456 1789 5501 sunt
1818 5447 1929 5519 lupi
1957 5465 2045 5504 ra-

466 5559 620 5614 paces
642 5528 667 5598 ί
708 5561 743 5597 a
781 5542 1031 5614 fructibus
1076 5560 1254 5598 comat
1282 5542 1596 5614 cognoscetis
1636 5559 1745 5598 eos.
1801 5541 2055 5614 Nunquid

452 5629 720 5703 ‘colligunt
766 5634 831 5688 de
865 5635 1031 5705 spinis
1069 5651 1215 5699 uvas,
1259 5619 1349 5687 aut
1384 5633 1448 5688 de
1493 5633 1696 5687 tribulis
1744 5634 1922 5703 licus?
1961 5632 2054 5689 Sic

468 5724 639 5779 omnis
665 5723 821 5779 arbor
848 5723 982 5779 bona
1012 5723 1175 5780 bonos
1204 5726 1403 5797 fructus
1431 5725 1580 5796 facit,
1626 5733 1678 5779 et
1725 5723 1864 5778 mala
1887 5723 2053 5779 malos

471 5811 660 5884 (Ibid.,
695 5812 903 5897 15-17).
955 5814 1021 5870 Et
1051 5815 1185 5873 infra
1212 5834 1224 5871 :
1271 5815 1392 5873 Non
1437 5819 1605 5873 omnis
1634 5818 1720 5889 qui
1746 5816 1874 5871 dicit
1902 5815 2052 5883 mihi,

2150 4732 2411 4791 percutere
2451 4738 2721 4777 conservos
2766 4738 2908 4786 suos,
2959 4721 3283 4776 ntanducans
3327 4732 3377 4776 et
3417 4722 3592 4777 bibens
3621 4738 3733 4777 cum

2150 4811 2326 4866 ebriis.
2361 4812 2538 4866 Veniet
2567 4828 2712 4883 ergo,
2745 4812 2936 4882 inquit,
2964 4813 3207 4868 dominus
3233 4815 3363 4868 servi
3391 4813 3533 4867 illius
3569 4815 3627 4867 in
3653 4813 3735 4866 die

2152 4918 2256 4973 qua
2293 4918 2396 4956 non
2443 4912 2637 4973 sperat,
2680 4912 2730 4957 et
2767 4904 2896 4959 hora
2923 4921 3024 4975 qua
3046 4906 3292 4976 ignorat:
3329 4913 3379 4958 et
3401 4904 3597 4959 dividet
3622 4922 3735 4959 euut

2155 4997 2209 5061 (a
2236 4994 2435 5049 sanctis
2455 4994 2662 5049 scilicet
2687 4995 3081 5065 sacerdotibus)
3110 5005 3409 5067 partemque
3443 4996 3558 5067 ejus
3580 5005 3734 5067 ponet

2152 5102 2267 5140 cum
2306 5086 2589 5157 hypocritis
2634 5088 2779 5157 (cum
2808 5089 2889 5143 eis
2932 5097 3105 5156 certe,
3151 5089 3243 5158 qui
3269 5089 3372 5144 sub
3409 5089 3735 5145 sacerdotali

2154 5175 2386 5243 tegmine
2408 5176 2632 5231 multum
2651 5177 2975 5232 obumbrant
2989 5177 3262 5247 nequitia)
3281 5195 3295 5231 :
3321 5178 3450 5244 illic,
3463 5176 3733 5247 inquiens,

2151 5268 2250 5321 erit
2286 5267 2439 5337 ﬂetus
2466 5278 2517 5322 et
2551 5268 2746 5324 stridor
2782 5270 3014 5323 dentium
3055 5266 3272 5337 (Matth.
3303 5282 3449 5334 xxrv,
3480 5265 3734 5338 48-51);

2152 5356 2351 5425 quibus
2372 5358 2425 5412 in
2453 5357 2555 5414 hac
2581 5359 2690 5414 vita
2724 5375 2833 5414 non
2868 5360 3063 5415 crebro
3089 5358 3269 5415 evenit
3293 5358 3366 5414 ob
3391 5357 3737 5428 quotidianus

2157 5448 2409 5506 Ecclesiae
2437 5451 2625 5508 matris
2651 5452 2834 5509 ruinas
2863 5449 3118 5520 filiorum,
3147 5450 3236 5507 vel
3272 5448 3542 5506 desideria
3587 5451 3737 5521 regni

2156 5543 2438 5599 cmlorum.

2227 5633 2356 5689 CAP.
2391 5650 2533 5690 XVIII.
2566 5632 2653 5688 Ea:
2684 5631 2839 5688 Pauli
2863 5632 3104 5704 Epistula
3121 5632 3193 5687 ad
3221 5632 3508 5690 Romanos.
3534 5665 3607 5679 --
3632 5631 3740 5689 Sed

2156 5724 2435 5781 videamus
2478 5725 2608 5796 quid
2657 5724 2856 5783 Christi
2901 5739 3062 5781 verus
3105 5724 3435 5798 discipulus,
3481 5725 3739 5795 magister

2157 5817 2428 5886 gentium,
2489 5817 2716 5886 Paulus,
2780 5817 2873 5890 qui
2918 5815 3065 5874 omni
3108 5816 3479 5876 ecclesiastico
3527 5816 3734 5889 doctori
