3992 6450
167 353 273 410 ωδ

854 351 1056 406 LIBER
1094 349 1486 419 ouenuws.
1527 350 1825 408 PARS‘itt.
1861 329 2717 414 montanorum

3303 349 3418 410 386

168 469 556 529 imitande
581 469 600 539 (
627 468 756 522 sicut
782 476 832 521 et
855 483 950 538 ego
975 466 1167 522 Christi
1195 465 1250 537 [1
1281 465 1402 522 Cor.
1432 483 1508 534 xI,
1539 465 1654 538 11),
1687 467 1740 521 in
1770 471 1820 529 Λ
1844 468 1928 521 tiis
1954 467 2133 537 (Rom.
2165 483 2280 533 xm,
2306 468 2393 535 12,
2425 468 2541 539 ib).
2590 467 2660 522 Et
2679 468 2876 524 item
2905 468 2989 525 ad.
3008 469 3325 528 Corinthios
3355 471 3418 527 in
3479 462 3509 482 ’⁸

168 563 258 620 tali
307 561 526 632 negotio
551 559 916 630 prmioquatur
960 559 1015 612 in
1043 558 1216 628 prima
1241 555 1483 628 Epistula
1510 557 1700 614 dicens
1720 574 1744 611 :

169 655 300 719 Quia
327 668 443 706 cum
464 651 816 722 cognovissent
844 646 1030 713 Deum,
1057 664 1161 702 non
1189 647 1321 702 sicut
1343 646 1509 702 Deum
1535 648 1742 718 magni-

167 746 467 815 ﬁcaverunt,
491 751 583 794 aut
605 740 801 811 gratias
823 746 1072 810 egerunt:
1111 737 1202 792 sed
1238 747 1551 791 evanuerunt
1577 738 1632 792 in
1655 753 1742 792 co-

169 833 494 906 gitationibus
533 831 640 886 suis
663 845 681 895 ,'
731 839 781 884 et
818 828 1130 884 obcatcalunt
1159 836 1234 882 est
1262 828 1512 898 insipiens
1537 844 1627 882 cor
1648 843 1739 881 eo-

170 938 316 977 runt:
345 923 573 975 dicentes
598 936 652 972 se
671 935 782 974 esse
796 920 1076 988 sapientes,
1104 918 1248 971 stulti
1269 918 1394 988 facti
1414 926 1535 972 sunt
1558 915 1733 988 (Rom.

171 1031 206 1074 ι,
229 1012 319 1075 2|,
346 1010 465 1081 Ὠ).
518 1009 669 1065 Licet
697 1009 802 1067 hoc
828 1009 1079 1076 gentibus
1123 1008 1228 1063 dici
1254 1008 1521 1073 videatur,
1565 1008 1742 1062 intue-

171 1104 293 1160 mini
323 1112 502 1158 tamen
527 1101 648 1173 quia
676 1109 1045 1173 competenter
1070 1102 1222 1157 istius
1241 1102 1343 1156 atri
1368 1101 1743 1156 sacerdotibus

170 1209 284 1250 cum
315 1193 533 1264 populis
558 1192 916 1261 coaptabitnr.
949 1181 1016 1245 Et
1059 1199 1180 1261 post
1207 1205 1419 1262 pauca:
1452 1187 1552 1254 Qui
1595 1206 1741 1244 com-

170 1295 463 1340 mutaoerun
472 1293 510 1350 t,
539 1283 726 1353 inquit,
759 1284 1018 1336 veritatem
1048 1280 1144 1336 Dei
1185 1283 1238 1336 in
1285 1281 1612 1336 mendacium
1628 1296 1647 1335 :
1692 1291 1750 1336 et

1842 557 2014 626 prima
2043 555 2284 627 Epistula
2315 575 2330 611 ε
2364 556 2435 613 Ut
2481 559 2716 628 sapiens,
2745 557 2940 629 inquit,
2963 562 3270 617 architectus
3299 563 3422 632 fun-

1842 648 2137 704 damentum
2150 651 2359 720 posuit:
2370 650 2504 706 alter
2525 651 2929 722 supercdiﬁcat.
2943 652 3315 727 Unusquisque
3331 671 3422 710 au-

1843 749 1942 795 tem
1993 740 2200 806 videat,
2248 742 2501 814 quomodo
2545 743 2946 814 supercdiﬁcet.
2995 743 3424 802 Fundamentum

1840 832 1977 886 enim
2004 831 2148 886 aliud
2167 850 2316 894 nemo
2336 841 2501 904 potest
2527 851 2746 906 ponere,
2777 843 2966 905 preter
2989 837 3044 890 id
3065 838 3203 908 quod
3225 847 3304 892 est
3327 837 3422 893 Je-

1840 936 1928 974 sus
1957 919 2212 977 Christus.
2243 922 2306 978 Si
2357 925 2472 994 quis
2518 932 2690 979 autem
2733 926 3108 997 supercdiﬁcet
3149 943 3302 997 super
3329 928 3424 984 hoc

1841 1028 2026 1066 aurum
2051 1021 2103 1067 et
2129 1023 2420 1086 argentum,
2465 1015 2665 1087 lapides
2712 1017 2986 1086 pretiosos,
3015 1018 3180 1089 ligna,
3226 1021 3424 1089 fenum,

1841 1103 2085 1174 stipulam
2113 1119 2132 1158 :
2171 1106 2563 1176 unumquodque
2603 1122 2733 1176 opus
2759 1108 3092 1178 manifestum
3138 1109 3256 1162 erit.
3297 1107 3426 1163 Dies

1841 1193 1978 1246 enim
2001 1190 2210 1247 Domini
2239 1193 2524 1248 declarabit
2541 1193 2694 1260 illud,
2723 1193 2845 1264 quia
2864 1194 2918 1249 in
2937 1195 3056 1265 igne
3073 1194 3376 1250 revelabitur
3402 1210 3424 1251 :

1842 1289 1892 1334 et
1918 1281 2320 1353 uniuscujusque
2345 1299 2477 1354 opus
2498 1283 2650 1355 quale
2671 1284 2760 1350 sit,
2782 1285 2920 1356 ignis
2947 1285 3206 1355 probabit.
3237 1285 3299 1342 Si
3328 1303 3422 1341 cu-

170 1377 448 1440 colnerunt,
479 1383 530 1428 et
545 1376 822 1429 sen'ierunt
846 1382 1095 1429 creatura.-
1121 1374 1290 1443 potius
1309 1389 1464 1445 quam
1486 1373 1739 1439 Creatori,
1837 1371 1928 1442 jus
1953 1388 2080 1442 opus
2105 1373 2374 1439 manserit,
2403 1375 2579 1428 omnia
2605 1392 2697 1444 per
2715 1377 2888 1448 ignem
2905 1376 3294 1448 judicabuntur.
3322 1376 3425 1443 Qui

169 1471 250 1540 qui
271 1479 350 1523 est
378 1468 676 1524 benedictus
718 1469 772 1521 in
802 1468 1010 1522 swcula.
1053 1463 1338 1536 Propterea
1380 1465 1596 1519 tradidit
1623 1465 1742 1519 illos

173 1563 306 1616 Deus
345 1563 401 1615 in
426 1562 698 1632 passiones
739 1559 1036 1630 ignominia
1064 1556 1252 1628 (Ibid.,
1281 1555 1372 1623 9.5,
1402 1557 1515 1626 9.6).
1547 1555 1612 1609 Et
1639 1555 1742 1610 ite-

171 1668 321 1708 rum:
369 1651 443 1706 Et
487 1652 619 1705 sicut
648 1667 751 1705 non
779 1648 1120 1720 probaverunt
1160 1647 1328 1702 Deum
1357 1647 1542 1700 habere
1567 1646 1623 1699 in
1647 1661 1744 1698 no-

175 1747 300 1810 titia,
331 1743 552 1798 tradidit
591 1743 710 1797 illos
740 1741 878 1796 Deus
921 1741 976 1794 in
1008 1737 1283 1810 reprobum
1317 1752 1544 1800 sensum,
1584 1746 1642 1790 ut
1671 1741 1748 1806 fa-

1843 1462 2352 1532 superrediﬁcaverit,
2400 1465 2682 1522 mercedem
2729 1467 2964 1537 accipiet.
2996 1467 3058 1524 Si
3099 1469 3246 1539 cujus
3297 1487 3428 1541 opus

1844 1551 2050 1617 arserit,
2072 1552 2435 1608 detr-imm
2461 1556 2686 1623 patietur
2705 1554 2758 1628 (1
2783 1554 2905 1612 Cor.
2950 1573 3029 1620 ut,
3061 1557 3149 1624 10,
3178 1558 3290 1628 15).
3314 1559 3427 1615 Ne-

1844 1642 1989 1695 scitis
2017 1643 2138 1712 quia
2167 1643 2406 1712 templum
2433 1643 2696 1711 Dei'estis,
2715 1655 2766 1699 et
2783 1645 3014 1717 Spiritus
3031 1647 3131 1704 Dei
3150 1649 3346 1706 habitat
3370 1654 3427 1707 in

1844 1732 2020 1787 vobis!
2048 1733 2108 1788 Si
2135 1733 2249 1802 quis
2271 1743 2442 1790 autem
2467 1736 2832 1808 templum-ﬁsi
2854 1740 3137 1806 uiolauerit,
3165 1743 3426 1814 disperdet

175 1837 312 1890 ciant
352 1850 472 1906 qua
491 1845 606 1888 non
639 1832 966 1897 conveniunt,
1007 1829 1412 1900 repletorouini
1451 1827 1743 1897 iniquitate,
1778 1859 1822 1918 Β
1847 1823 1996 1918 illaut
2026 1824 2161 1881 Deus
2185 1825 2372 1899 (1bid.,
2398 1828 2488 1895 16,
2514 1829 2624 1901 17).
2649 1829 2719 1885 Et
2738 1831 2932 1888 iterum
2955 1849 2975 1888 :
3005 1835 3203 1909 Siquis
3232 1837 3448 1904 videtur;

175 1927 392 1992 malitia,
429 1924 778 1994 impudicitia,
824 1922 1184 1993 fornicatione,
1212 1920 1467 1986 avaritia,
1494 1919 1744 1990 nequitia,

176 2015 346 2084 plenos
393 2013 612 2076 invidia,
659 2010 942 2066 homicidio
965 2009 1194 2080 (scilicet
1219 2006 1746 2078 animarum’npuli)

176 2109 523 2173 contentione,
549 2105 687 2168 dolo,
719 2104 1040 2174 malignitate
1060 2117 1082 2157 :
1119 2117 1448 2168 susurrones,
1487 2099 1752 2153 detractav-

177 2214 275 2262 res,
299 2197 418 2252 Deo
447 2195 682 2261 odibiles,
711 2194 1127 2261 contumeliosos,
1161 2189 1424 2262 superbos,
1453 2190 1636 2257 elatos,
1666 2189 1751 2242 in-

177 2299 408 2345 ventores
435 2289 712 2355 malorum,
736 2286 1028 2358 parentibus
1048 2283 1415 2350 inobedientes,
1437 2283 1746 2346 insensatos,

177 2381 566 2450 incompositos,
606 2379 720 2432 sine
765 2375 1137 2441 misericordia,
1167 2374 1281 2428 sine
1306 2373 1601 2442 affectione.
1648 2370 1752 2436 Qui

180 2486 290 2524 cum
329 2472 593 2542 justitiam
637 2468 736 2523 Dei
776 2470 1158 2540 cognovissent,
1208 2482 1312 2521 non
1356 2467 1749 2534 intellexerunt,

179 2563 422 2631 ειυοηὺιιιι
437 2562 523 2634 qui
547 2561 671 2615 talia
693 2567 872 2630 agunt,
915 2559 1058 2630 digni
1084 2566 1210 2612 sunt
1234 2565 1398 2611 morte
1423 2554 1613 2627 (Ibid.,
1655 2553 1756 2607 ἓψ-

182 2651 288 2722 ss).
347 2651 606 2720 Quisnam
647 2651 1074 2721 supradictorum
1121 2649 1206 2703 his
1243 2647 1492 2703 omnibus
1528 2645 1583 2701 in
1612 2646 1753 2700 veri-

183 2755 290 2802 tate
311 2747 529 2802 caruitt
557 2746 604 2802 si
649 2746 791 2800 enim
818 2752 980 2809 esset,
1025 2743 1167 2797 forte
1196 2748 1483 2812 caperetur
1508 2738 1754 2810 subiecto

181 2853 361 2904 sensu,
407 2839 462 2894 in
506 2853 616 2910 quo
662 2837 774 2892 ait:
825 2833 950 2892 Non
984 2834 1149 2890 solum
1195 2835 1282 2905 qui
1303 2833 1503 2904 faciunt
1541 2848 1628 2900 ea,
1664 2831 1755 2886 sed

182 2929 335 2982 etiam
365 2930 453 3001 qui
482 2927 805 2984 consentiunt
847 2924 1154 2998 facientibus
1200 2923 1390 2992 (lbid.,
1419 2921 1557 2992 τως
1606 2921 1758 2976 nullo

180 3019 391 3074 scilicet
416 3019 523 3074 hoc
544 3019 687 3073 malo
711 3031 898 3073 eorum
923 3022 1169 3070 exstante
1193 3013 1435 3068 immani.
1483 3010 1548 3066 Et
1578 3011 1714 3066 intra
1738 3025 1754 3064 :

184 3107 259 3162 Tu
281 3116 456 3162 autem
475 3106 758 3162 secundum
784 3104 1029 3158 duritiam
1051 3112 1210 3167 tuam,
1229 3110 1279 3156 et
1304 3117 1393 3155 cor
1411 3099 1754 3170 impcnitens,

1849 1916 1991 1985 apud
2015 1933 2103 1971 vos
2128 1919 2338 1988 sapiens
2363 1934 2476 1972 esse
2501 1919 2556 1973 in
2585 1919 2680 1974 hoc
2701 1922 2912 1988 seculo,
2944 1925 3129 1979 stultus
3148 1927 3262 1995 fiat,
3286 1929 3430 1982 sitsit

1847 2007 2076 2077 sapiens.
2098 2006 2372 2078 Sapientia
2392 2010 2528 2064 enim
2549 2010 2702 2082 hujus
2732 2015 2930 2080 mundi,
2954 2016 3172 2070 stultitia
3193 2025 3270 2071 est
3289 2017 3430 2088 apud

1847 2095 2014 2151 Deum
2044 2097 2230 2168 (ibid,
2262 2098 2352 2162 18,
2394 2099 2505 2167 19).
2546 2100 2616 2156 Et
2640 2111 2763 2172 post
2789 2104 3064 2173 aliquanta
3091 2123 3105 2160 :
3139 2105 3263 2162 Non
3293 2108 3429 2162 bona

1847 2190 2095 2260 gloriatio
2113 2197 2302 2244 vestra.
2325 2189 2558 2246 Nescitis
2575 2194 2698 2264 quia
2743 2195 2999 2248 modicum
3021 2198 3328 2268 fermentum
3351 2207 3432 2254 to-

1851 2287 1957 2332 tam
1985 2295 2211 2334 massam
2237 2281 2558 2352 corrumpit?
2598 2281 2902 2355 Eapurgate
2946 2287 3102 2358 igitur
3150 2298 3290 2343 rents
3325 2289 3434 2360 fer-

1850 2379 2100 2437 mentum,
2125 2379 2184 2424 ut
2210 2372 2322 2428 sitis
2343 2388 2475 2428 nova
2500 2377 2794 2444 conspersio
2816 2375 2871 2446 (1
2894 2374 3020 2432 Cor.
3040 2393 3094 2443 ν,
3115 2376 3170 2445 ϐ,
3193 2377 3271 2450 7).
3291 2376 3433 2446 Quo-

1851 2461 2016 2518 modo
2065 2464 2448 2533 expurgabitur
2469 2472 2626 2520 vetus
2669 2465 3009 2532 fermentum,
3041 2467 3095 2523 id
3123 2476 3208 2525 est
3233 2483 3430 2540 pecea-

1854 2561 1989 2620 tum,
2011 2551 2156 2622 quod
2184 2567 2216 2608 a
2241 2553 2430 2609 diebus
2469 2555 2663 2610 indies
2701 2557 2909 2612 cunctis
2937 2557 3220 2614 conatibus
3241 2573 3434 2614 eumu-

1854 2642 2030 2699 iatur?
2057 2642 2122 2697 Et
2151 2644 2342 2700 iterum
2375 2661 2390 2698 :
2422 2644 2626 2716 Scripsi
2645 2645 2782 2701 vobis
2803 2649 2858 2701 in
2886 2645 3125 2716 Epistola
3145 2664 3166 2703 :
3191 2647 3278 2702 Ne
3291 2665 3434 2705 com-

1855 2734 2175 2788 misceamini
2203 2734 2520 2805 fornicariis.
2551 2733 2677 2791 Non
2730 2737 2902 2808 utique
2946 2739 3242 2809 fornicariis
3278 2739 3434 2810 hujus

1854 2823 2053 2887 mundi,
2078 2832 2169 2877 aut
2211 2827 2406 2892 avaris,
2433 2835 2526 2878 aut
2549 2827 2856 2897 rapacibus,
2877 2839 2968 2882 aut
2987 2828 3139 2884 idolis
3166 2831 3434 2885 servienti-

1856 2914 1949 2968 bus
1974 2929 1993 2968 :
2021 2914 2248 2985 alioquin
2276 2915 2567 2969 debitas-alis
2594 2916 2662 2970 de
2703 2917 2802 2972 hoc
2849 2919 3043 2974 mundo
3071 2919 3233 2974 exire.
3275 2917 3436 2974 Nune

1857 3013 2027 3059 autem
2052 3005 2238 3075 scripsi
2266 3003 2406 3060 uobis
2433 3021 2535 3060 non
2561 3007 2882 3062 commisceri
2909 3023 2929 3061 :
2957 3009 3003 3062 si
3039 3009 3154 3080 quis
3187 3009 3425 3063 nomina-

1861 3105 1943 3149 tur
1962 3097 2148 3166 frater,
2175 3105 2226 3150 et
2243 3105 2322 3150 est
2341 3097 2648 3169 fornicator,
2677 3107 2767 3152 aut
2791 3114 2998 3165 avarus,
3028 3105 3120 3154 aut
3143 3098 3298 3154 idolis
3325 3115 3434 3154 ser-

182 3198 505 3253 thesaurizas
533 3197 622 3250 tibi
649 3198 778 3250 iram
801 3196 856 3250 in
875 3194 960 3249 die
998 3194 1112 3261 irae,
1161 3201 1212 3248 et
1257 3192 1586 3247 reuelationis
1624 3189 1756 3262 justi
1783 3222 1830 3285 ο
1860 3187 2022 3285 risus,
2046 3195 2138 3285 aut
2157 3186 2458 3285 maledicus,
2478 3196 2569 3242 aut
2587 3188 2838 3255 ebriosus,
2869 3196 2960 3242 aut
2985 3204 3184 3261 rapax;
3209 3205 3324 3244 cum
3339 3190 3436 3258 Iot-

179 3289 365 3360 judicii
393 3288 515 3355 Dei,
554 3289 640 3358 qui
665 3287 841 3342 reddet
860 3287 1130 3358 unicuique
1173 3285 1453 3340 secundum
1476 3298 1636 3354 opera
1661 3298 1758 3337 sua
1790 3275 1829 3285 ’
1855 3275 2085 3348 jusmodi
2104 3293 2198 3331 nec
2225 3276 2395 3332 cibum
2434 3277 2638 3346 quidem
2658 3295 2859 3333 sumere
2884 3278 3076 3351 (1bid.,
3102 3278 3157 3346 9,
3183 3279 3295 3349 11).
3325 3278 3440 3337 Sed

185 3379 364 3450 (Rom.
395 3396 455 3449 ιι,
485 3377 536 3446 5,
567 3380 644 3451 6).
694 3377 758 3432 Et
785 3379 1020 3434 iterum:
1067 3375 1190 3432 Non
1231 3385 1310 3430 est
1351 3376 1486 3430 enim
1531 3373 1758 3442 acceptio

187 3486 525 3539 personan
567 3469 706 3542 apud
745 3468 929 3524 Deum.
979 3466 1276 3541 Quicunque
1319 3467 1456 3521 enim
1496 3467 1608 3521 sine
1648 3470 1761 3536 tege

190 3571 539 3632 peccaverunt,
568 3563 680 3616 sine
705 3561 818 3633 lege
844 3559 1080 3631 peribunt
1113 3575 1132 3614 :
1175 3566 1225 3612 et
1261 3558 1542 3630 quicunque
1567 3558 1623 3610 in
1649 3556 1767 3627 lege

191 3665 540 3724 peccauerunt,
566 3671 657 3724 per
685 3656 844 3726 legem
864 3653 1251 3725 judicabantur.
1287 3649 1410 3706 Non
1439 3651 1576 3705 enim
1609 3649 1761 3704 audi-

194 3755 320 3801 tores
361 3749 492 3819 legis
514 3747 644 3819 justi
685 3754 804 3801 sunt
841 3745 980 3814 apud
1020 3743 1204 3807 Deum.
1251 3743 1342 3798 sed
1374 3744 1598 3812 factores
1632 3742 1760 3814 legis

185 3837 605 3909 justificabuntur
645 3836 830 3910 (1bid.,
874 3835 936 3890 11
957 3835 1110 3907 -15).
1141 3835 1280 3904 Quid
1305 3848 1435 3904 ergo
1461 3834 1764 3891 seueritatis

192 3927 384 3996 ingmit
424 3928 508 3984 bis
535 3928 627 3997 qui
665 3943 772 3984 non
799 3925 972 3983 solum
1000 3924 1267 3997 implenda
1297 3941 1405 3980 non
1447 3923 1677 3986 faciunt,"
1709 3931 1766 3981 et

191 4018 457 4086 prohibita
497 4033 605 4073 non
645 4017 933 4084 declinant,
963 4015 1058 4073 sed
1085 4015 1248 4072 etiam
1277 4016 1448 4086 ipsam
1479 4015 1764 4072 verborum

194 4106 285 4163 Dei
324 4108 620 4165 lectionem
665 4107 766 4164 vet
799 4107 1032 4162 tenuiter
1085 4105 1304 4162 auribus
1347 4106 1608 4177 ingestam
1663 4119 1765 4178 pro

195 4199 483 4256 saevissimo
513 4213 688 4269 angue
709 4197 1025 4267 refugiunt?

209 4296 218 4302 '
258 4287 382 4345 Car.
406 4306 522 4347 xxx.
544 4288 694 4355 Item,
717 4304 782 4344 ea:
807 4288 984 4343 eadem
1001 4285 1238 4358 Epistola
1256 4297 1304 4342 et
1331 4304 1398 4342 ea:
1420 4286 1616 4342 duabus
1633 4285 1764 4358 Epi-

199 4381 336 4437 stolis
361 4382 435 4437 ad
465 4380 780 4437 Corinthios.
801 4412 860 4423 —
879 4378 985 4434 Sed
1013 4386 1346 4434 transeamus
1368 4377 1436 4432 ad
1459 4377 1760 4447 sequentia.

201 4468 328 4536 οιίά
353 4490 501 4547 ergo,
525 4472 716 4542 inquit,
747 4471 973 4526 dicemus
992 4471 1018 4524 .’
1060 4468 1428 4524 Permanemus
1459 4470 1514 4523 in
1535 4476 1760 4539 peccato,

197 4573 250 4618 ut
275 4570 448 4638 gratia
476 4565 740 4620 abundet?
763 4562 918 4617 absit.
939 4559 1041 4626 Qui
1060 4561 1197 4616 enim
1224 4559 1414 4614 mortui
1436 4574 1612 4613 sumus
1639 4573 1758 4630 pec-
1788 4583 1841 4645 ο

201 4663 328 4725 cato,
348 4655 604 4729 quomodo
639 4655 824 4709 iterum
849 4652 1072 4707 vivemus
1087 4652 1146 4705 in
1164 4650 1258 4706 illo
1286 4648 1462 4722 (Rom.
1491 4662 1569 4710 vr.
1589 4647 1642 4714 1,
1664 4647 1762 4719 2)?

201 4741 261 4798 Et
276 4755 392 4818 post
419 4745 696 4816 aliquanta
719 4760 734 4798 :
763 4740 890 4807 Quis
910 4758 1025 4808 nos,
1053 4741 1148 4807 ait,
1173 4738 1433 4811 separabit
1451 4753 1486 4792 a
1510 4738 1736 4792 charitat

203 4830 379 4892 Christi
399 4838 428 4892 ἵ
456 4835 740 4901 tribulatio,
771 4849 839 4886 an
862 4832 1124 4903 angustia,
1145 4846 1216 4884 an
1243 4829 1525 4900 persecutio
1541 4867 1556 4894 ,
1577 4844 1646 4882 an
1675 4829 1762 4900 [ας

205 4931 318 4993 mes,
346 4945 413 4984 an
436 4927 662 4990 auditas,
691 4940 759 4978 an
781 4921 1086 4994 periculum,
1115 4936 1183 4974 an
1202 4919 1409 4992 gladius
1444 4905 1620 4991 (Rom.
1648 4933 1763 4988 vnl,

205 5015 321 5088 55)?
343 5019 517 5087 Quem
537 5021 795 5080 vestrum,
817 5029 1020 5085 quaeso,
1046 5013 1171 5068 talis
1197 5011 1389 5067 intimo
1411 5009 1576 5068 corde
1601 5024 1766 5066 oceu-

206 5109 342 5178 pabit
365 5111 610 5179 adactus,
632 5108 724 5180 qui
746 5120 854 5163 non
882 5105 1044 5162 modo
1069 5119 1168 5175 pro
1195 5103 1400 5176 pietate
1419 5115 1528 5158 non
1551 5101 1764 5157 labora-

208 5202 288 5269 tis,
311 5207 402 5262 sed
427 5205 590 5263 etiam
614 5212 675 5260 ut
702 5203 882 5273 inique
901 5199 1071 5270 agatis
1089 5205 1146 5254 et
1163 5196 1435 5253 Christum
1456 5192 1762 5257 otl'endatis,

208 5290 363 5348 multa
389 5291 636 5366 patimini
654 5293 681 5348 2
704 5289 805 5347 Vel
828 5288 972 5360 quod
999 5287 1243 5356 sequitur
1270 5301 1287 5342 :
1317 5283 1443 5340 Non
1479 5282 1761 5355 prtecessit,

212 5378 310 5435 dies
328 5392 497 5440 autem
536 5379 984 5456 appropinquavit.
1015 5377 1332 5449 Abjiciamus
1355 5390 1478 5446 ergo
1503 5389 1663 5444 opera
1691 5381 1767 5427 te-

210 5470 493 5540 nebrarum,
519 5483 570 5530 et
606 5472 884 5528 induamur
929 5483 1077 5521 arma
1105 5465 1257 5520 lueis.
1293 5463 1440 5520 Sicut
1459 5464 1516 5518 in
1543 5462 1645 5528 die,
1668 5461 1765 5516 ho-

213 5573 343 5618 neste
368 5566 680 5622 ambulemus
703 5580 721 5619 :
746 5579 851 5618 non
877 5551 967 5615 in
991 5555 1443 5614 comi-stationibus
1467 5563 1518 5610 et
1543 5553 1765 5609 ebrieta-

217 5651 354 5721 tibus,
375 5674 477 5712 non
501 5659 559 5712 in
587 5652 834 5709 cubilibus
859 5661 910 5706 et
933 5645 1292 5721 impudicitiis,
1321 5661 1426 5699 non
1457 5643 1513 5698 in
1555 5653 1768 5699 conten-

221 5741 342 5796 tione
363 5755 411 5800 et
457 5746 827 5802 aemulatione:
857 5740 948 5797 sed
983 5737 1260 5794 induimini
1292 5734 1564 5790 Dominum
1589 5734 1766 5788 Iesum

219 5831 479 5910 Christum,
497 5852 546 5897 et
570 5842 742 5897 carnis
775 5853 950 5894 curam
981 5852 1046 5891 ne
1074 5835 1293 5908 feceritis
1319 5834 1373 5889 in
1402 5833 1764 5904 concupiscen-

1861 3368 2002 3423 latro
2023 3381 2362 3438 nequaquam
2383 3382 2482 3438 pro
2501 3366 2645 3424 furto
2663 3369 2749 3424 vel
2769 3369 3054 3426 latrocinio
3081 3370 3250 3426 torem
3271 3370 3436 3431 alium

1859 3461 2098 3525 damnat,
2125 3474 2286 3530 quem
2314 3459 2496 3531 potius
2525 3468 2699 3532 optat,
2723 3469 2921 3528 tuetur,
2944 3468 3110 3527 amat,
3134 3462 3438 3535 utpotasui

1859 3551 2079 3609 sceleris
2106 3559 2434 3608 consortem.
2467 3551 2600 3607 Item
2643 3553 2716 3620 in,
2743 3551 2984 3622 Epistula
3023 3553 3090 3608 ad
3128 3552 3446 3611 Corinthios

1859 3641 2091 3700 secunda
2123 3659 2137 3695 :
2171 3640 2323 3720 Ideo,
2362 3643 2553 3712 inquit,
2582 3642 2827 3698 habentes
2852 3641 2988 3697 hanc
3016 3643 3438 3700 administratio-

1861 3747 1978 3786 nem
2009 3732 2166 3804 juata
2191 3732 2330 3798 quod
2353 3732 2766 3788 m'sericordiam
2790 3733 3053 3788 consecuti
3097 3749 3276 3788 saturus
3291 3775 3310 3802 ,
3335 3749 3441 3789 non

1863 3822 2170 3894 deﬁciamus
2189 3838 2210 3877 :
2236 3821 2329 3877 sed
2355 3821 2662 3894 abjiciamus
2681 3827 2888 3880 occutta
2897 3823 3186 3890 dedecoris,
3202 3840 3307 3880 non
3328 3840 3443 3880 am-

1863 3909 2101 3967 bulantes
2136 3912 2197 3966 in
2235 3913 2450 3980 astutia,
2491 3928 2658 3984 neque.
2696 3911 3050 3969 adulterantes
3091 3912 3304 3968 verbum
3343 3912 3444 3967 Dei

1866 4001 1954 4075 (ιι
1993 4002 2116 4058 Cor.
2158 4019 2231 4072 tv,
2264 4004 2318 4068 1,
2343 4001 2423 4072 Ξ).
2452 4001 2530 4058 ln~
2560 4002 3012 4073 subsequentibus
3039 4010 3230 4058 autem
3270 4002 3342 4058 ita
3371 4002 3442 4058 de

1865 4096 2021 4152 malis
2045 4095 2360 4153 doctoribus
2377 4094 2546 4152 dicit:
2579 4092 2723 4149 Nam
2751 4094 3006 4164 ejusmodi
3025 4093 3446 4164 pseudoapostdi.

1864 4197 1986 4244 sunt
2011 4187 2238 4258 operarii
2275 4185 2510 4249 subdoli,
2543 4185 2977 4255 trausligurantes
3013 4198 3069 4238 se
3093 4184 3146 4236 in
3173 4183 3442 4253 apostolos

1865 4279 2078 4334 Christi.
2104 4278 2176 4332 Et
2195 4295 2300 4334 non
2321 4279 2506 4332 mirum
2523 4277 2668 4346 :ipse
2685 4277 2823 4330 enim
2844 4275 3075 4332 Satanas
3097 4277 3438 4348 transfigurat

1863 4385 1920 4424 se
1943 4370 2000 4422 in
2025 4367 2266 4439 angelum
2291 4367 2442 4420 lucis.
2467 4364 2593 4420 Non
2617 4373 2695 4420 est
2719 4381 2965 4437 magnum
2997 4366 3176 4438 igitur,
3195 4368 3240 4421 si
3260 4367 3443 4421 minis-

1866 4458 1934 4513 tri
1951 4459 2065 4528 ejus
2093 4458 2605 4528 transﬁgurenturcut
2625 4457 2798 4528 angeli
2808 4456 3050 4527 justitite,
3078 4475 3293 4530 quorum
3320 4459 3444 4530 ﬁnis

1861 4550 1960 4603 erit
1978 4548 2260 4602 secundum
2279 4549 2437 4618 opera
2464 4562 2640 4603 eorum
2667 4545 2759 4620 (11
2788 4547 2910 4604 Cor.
2936 4564 3007 4616 xi,
3033 4548 3263 4621 13,15).

1871 4690 1886 4697 -
1933 4638 2065 4696 CAP.
2097 4655 2190 4696 xx.
2219 4638 2306 4695 Ea:
2329 4637 2600 4710 Epistolis,
2629 4640 2700 4695 ad
2722 4639 2993 4712 Ephesios,
3017 4640 3088 4695 ad
3110 4640 3428 4696 Thessaloui~

1865 4739 2040 4786 Censes
2063 4729 2114 4796 1,
2144 4740 2196 4786 et
2215 4731 2286 4786 ad
2307 4729 2656 4786 Colosseuses.
2678 4760 2752 4773 -
2777 4731 3058 4789 sues-am
3079 4746 3300 4803 quoque
3315 4732 3444 4802 quid

1868 4825 1936 4881 ad
1955 4823 2216 4896 Ephesios
2229 4825 2403 4882 dicat.
2431 4826 2512 4881 An
2552 4825 2776 4882 nescitis
2798 4841 2897 4882 vos
2917 4840 3018 4896 pro
3045 4825 3150 4882 hoc
3178 4826 3445 4895 Mariano

1866 4930 1992 4974 reos
2017 4919 2227 4974 teneri?
2273 4917 2411 4985 Hoc,
2441 4917 2717 4987 inquiens,
2747 4918 2864 4972 dico
2891 4927 2941 4972 et
2985 4918 3232 4989 testificor
3250 4918 3309 4972 in
3337 4915 3444 4974 Da-

1869 5010 2029 5076 mino,
2058 5020 2114 5063 ut
2135 5010 2252 5081 jam
2278 5025 2382 5064 non
2405 5008 2682 5065 ambuletis
2725 5012 2859 5065 sicut
2893 5019 3069 5082 gentes
3101 5007 3448 5064 ambutantin

1868 5102 2095 5156 uanitate
2113 5116 2292 5156 sensus
2315 5102 2418 5166 sui,
2439 5099 2659 5155 tenebris
2677 5099 3002 5156 obscuratum
3025 5099 3266 5154 habentes
3292 5097 3444 5150 intel—

1870 5191 2087 5257 lectum;
2109 5191 2324 5246 alienati
2341 5207 2376 5246 a
2399 5191 2504 5245 vita
2525 5189 2646 5260 Dei,
2675 5207 2766 5261 per
2787 5189 3136 5264 ignorantiam
3154 5202 3271 5256 qua:
3290 5194 3368 5240 est
3390 5187 3446 5240 in

1869 5283 1974 5337 illis
1994 5290 2205 5352 propter
2233 5281 2516 5336 ctecitatem
2554 5281 2727 5335 cordis
2765 5295 2974 5343 eorum;
3001 5278 3088 5350 qui
3115 5278 3446 5349 desperantes

1867 5374 2169 5442 semetipsos
2219 5371 2544 5426 tradiderunt
2595 5371 2934 5442 impudicitia
2977 5370 3033 5424 in
3092 5367 3446 5438 operationem

1869 5465 2038 5523 omnis
2056 5465 2399 5521 inmunditia:
2423 5473 2473 5520 et
2493 5466 2728 5521 avaritia
2757 5463 2975 5535 (Ephes.
3007 5478 3082 5526 ιν,
3116 5461 3201 5526 17,
3232 5458 3346 5529 ιθ).
3378 5457 3446 5514 Et

1867 5558 1989 5630 quis
2016 5568 2252 5614 vestrum
2297 5564 2494 5628 sponte
2530 5556 2825 5627 expleverit
2871 5555 2924 5611 id
2965 5551 3111 5624 quod
3157 5552 3448 5623 sequitur?

1868 5648 2154 5718 Propterea
2199 5648 2358 5702 nolite
2401 5647 2517 5717 fieri
2555 5645 2930 5717 imprudentes,
2959 5645 3051 5698 sed
3093 5643 3446 5716 intelligentes

1868 5753 1983 5810 qua:
2028 5739 2097 5792 sit
2123 5739 2357 5793 voluntas
2387 5735 2483 5789 Dei
2512 5752 2530 5789 :
2558 5745 2608 5789 et
2637 5736 2796 5792 nolite
2836 5734 3087 5791 inebriari
3127 5737 3244 5790 vino
3266 5734 3320 5788 in
3342 5750 3446 5804 quo

1869 5840 1946 5885 est
1972 5829 2200 5894 luxuria,
2229 5826 2320 5883 sed
2371 5825 2636 5896 repleinini
2687 5825 2891 5898 Spiritu
2935 5834 3116 5883 sancto
3141 5824 3360 5899 (Ephes.
3392 5837 3447 5881 ν.
