4048 6344
503 337 605 392 587

1385 328 1613 387 GILDAS
1653 321 2001 383 SAPIENTIS
2039 324 2126 380 DE
2166 322 2438 380 EXCIDIO
2475 316 2868 375 BRITANNl/E

3645 315 3754 382 538

480 435 593 511 ’17,
622 444 731 514 18).
763 441 869 499 Sed
897 449 953 496 et
976 439 1118 510 quod
1138 438 1207 495 ad
1233 438 1742 494 Thessalonicenses
1765 437 1896 491 dicit
1927 453 1939 488 :
1973 432 2078 486 Νε-

2195 432 2528 494 :oronabitur,
2553 429 2653 482 nisi
2677 428 2902 497 legitime
2925 427 3193 480 certaverit
3218 426 3305 497 (11
3337 428 3471 485 Tim.
3513 446 3576 498 ιι,
3595 430 3651 496 5,
3673 431 3752 501 5).

503 554 599 608 que
636 535 771 587 enim
801 534 988 603 fuimus
1017 531 1156 600 apud
1183 547 1269 584 vos
1299 529 1581 601 aliquando
1610 530 1665 581 in
1685 542 1920 580 sermone
1947 525 2079 577 adu-

505 625 738 691 .ationis,
767 623 900 676 sicut
953 622 1138 675 scitis:
1169 636 1331 688 neque
1383 621 1438 672 in
1485 619 1752 673 occasione
1808 615 2079 670 avaritiae:

505 734 597 771 nec
643 723 930 787 quterentes
958 712 1020 765 ab
1067 710 1356 765 hominibus
1387 709 1635 781 gloriari,
1663 723 1825 779 neque
1852 723 1885 759 a
1922 705 2080 770 vobis,

507 823 666 877 neque
707 806 769 857 ab
798 805 948 868 aliis;
972 820 1086 856 cum
1116 803 1370 872 possimus
1401 800 1585 854 honori
1605 815 1734 862 esse,
1765 799 1895 851 sicut
1915 795 2086 850 caeteri

507 897 730 969 apostoli
758 895 969 950 Christi.
1002 892 1108 947 Sed
1135 893 1260 962 facti
1290 907 1464 943 sumtts
1512 890 1640 943 sicut
1670 886 1866 956 parvuli
1897 886 1950 938 in
1975 902 2086 938 me-

509 987 596 1041 dio
641 991 883 1049 vestrum,
923 980 1000 1035 vel
1029 989 1274 1051 tanquam
1314 980 1358 1032 si
1405 979 1582 1030 nutrix
1633 978 1799 1046 forent
1849 973 2087 1043 parvulos

511 1093 651 1130 suos.
681 1074 764 1128 Ita
787 1074 1137 1127 desiderantes
1166 1088 1274 1138 vos,
1298 1069 1479 1138 cupide
1505 1067 1794 1122 volebamus
1813 1065 1950 1120 vobis
1980 1073 2091 1118 tra-

512 1166 632 1219 dere
657 1181 759 1218 non
787 1164 954 1217 solum
979 1161 1340 1232 Evangelium,
1365 1160 1454 1212 scd
1482 1159 1637 1212 etiam
1662 1158 1862 1210 animas
1885 1165 2090 1209 nostras

516 1257 568 1327 (Ι
605 1256 784 1310 Thess.
810 1271 866 1319 ιι,
898 1252 948 1318 5,
979 1253 1056 1320 8).
1089 1251 1148 1305 Si
1177 1253 1318 1306 hunc
1347 1265 1442 1304 vos
1471 1248 1714 1318 Apostoli
1757 1245 1998 1300 retinetis
2037 1244 2090 1297 in

513 1345 762 1400 omnibus
784 1343 1060 1408 allectum,
1086 1340 1203 1410 ejus
1221 1355 1435 1408 quoque
1462 1335 1735 1393 cathedrtc
1756 1335 1990 1402 legitime
2011 1331 2094 1386 in-

513 1434 689 1488 sidere
719 1431 972 1486 noscatis.
1004 1429 1099 1484 Vel
1120 1429 1281 1483 etiam
1311 1427 1453 1495 quod
1477 1424 1720 1493 sequitur
1752 1439 1765 1476 :
1801 1423 1978 1485 Scitis,
2005 1419 2093 1473 in-

515 1521 653 1590 quit,
680 1536 792 1592 qua:
830 1528 1088 1589 prwcepta
1113 1517 1340 1570 dederim
1385 1514 1544 1568 vobis.
1577 1512 1708 1567 Hinc
1740 1521 1816 1566 est
1856 1511 2093 1565 voluntas
2133 1548 2135 1550 ς

516 1610 614 1663 Dei
653 1609 997 1678 sanctificatio
1052 1615 1222 1660 vestra
1243 1622 1261 1659 :
1284 1614 1340 1658 ut
1367 1603 1670 1658 abstineatis
1699 1619 1785 1656 vos
1808 1619 1839 1654 a
1867 1602 2097 1672 fornica-

518 1701 674 1763 tione,
709 1707 762 1752 ut
789 1700 919 1753 sciat
939 1699 1282 1769 unusquisque
1299 1705 1517 1750 vestrum
1549 1711 1640 1749 vas
1667 1711 1814 1749 suum
1833 1693 2096 1762 possidere

2185 521 2310 576 Hmc
2329 520 2544 589 quidem
2570 521 2835 572 bonorum
2880 516 3205 570 adhortatio.
3245 517 3398 582 Quod
3445 534 3577 574 vero
3627 521 3755 575 item

2183 610 2616 681 comprehendit,
2648 607 2909 662 malorum
2955 607 3227 662 hominum
3276 610 3369 678 (ut
3407 625 3502 664 vos
3536 611 3759 678 quibus-

2185 718 2290 774 que
2344 699 2760 769 intelligentibus
2813 698 3120 770 apparetis)
3169 699 3501 755 denuntiatio
3548 711 3654 757 est.
3696 704 3758 759 Si

2185 795 2317 866 quis,
2349 792 2539 862 inquit,
2570 791 2721 844 aliter
2747 789 2908 853 docet,
2939 797 2987 842 et
3007 806 3110 843 non
3136 792 3412 860 acquiescit
3440 794 3758 848 sermonibus

2187 888 2330 940 sanis
2353 885 2563 940 Domini
2585 884 2748 938 nostri
2778 882 2903 936 Iesu
2932 880 3142 946 Christi,
3171 892 3221 936 et
3267 884 3318 936 ei
3345 900 3457 954 qua:
3481 886 3759 938 secundum

2189 980 2433 1049 pietatem
2461 987 2536 1030 est
2563 976 2833 1038 doctrinm,
2875 972 3118 1039 superbus
3144 983 3249 1038 est,
3281 975 3412 1027 nihil
3457 977 3644 1039 sciens,
3674 978 3763 1030 sed

2187 1067 2522 1136 languescens
2571 1081 2694 1136 erga
2721 1064 3024 1134 qumstiones
3055 1071 3102 1115 et
3129 1079 3330 1132 pugnas
3359 1063 3627 1118 verborum
3650 1080 3669 1120 .'
3698 1082 3762 1118 ea:

2190 1156 2368 1228 quibus
2413 1156 2650 1209 oriuntur
2688 1153 2916 1215 incidite,
2957 1153 3346 1218 contentiones,
3398 1153 3761 1222 blasphemus,

2191 1248 2507 1317 suspiciones
2536 1246 2707 1310 malle,
2731 1245 3138 1313 conﬂictationes
3160 1244 3421 1298 hominum
3450 1254 3619 1298 mente
3645 1263 3765 1299 cor-

2193 1348 2477 1406 ruptorum,
2514 1337 2600 1406 qui
2629 1336 2839 1388 veritate
2864 1334 3048 1404 privati
3077 1344 3216 1399 sunt,
3245 1336 3598 1389 existimantes
3626 1354 3768 1405 qutt-

2195 1432 2328 1478 stum
2345 1441 2456 1478 esse
2483 1425 2725 1494 pietatem
2749 1421 2802 1491 (ι
2828 1421 2960 1476 Tim.
2976 1438 3047 1487 VI,
3071 1421 3125 1484 ὅ,
3150 1420 3227 1490 5).
3259 1421 3364 1476 Sed
3387 1424 3514 1491 quid
3538 1428 3767 1494 spanim

2195 1515 2386 1586 positis
2413 1514 2642 1585 amplius
2669 1521 2883 1568 utentes
2934 1512 3284 1579 testimoniis,
3311 1529 3564 1568 sensuum
3594 1531 3658 1569 ac
3689 1517 3770 1570 di-

2195 1620 2474 1660 versorum
2505 1604 2661 1659 undis
2703 1604 2754 1658 in
2783 1603 3033 1674 deSpecta
3058 1604 3256 1672 ingenii
3304 1605 3471 1658 nostri
3517 1607 3771 1674 cymbala

2196 1693 2610 1750 ﬂuctuabimur‘l
2632 1693 2926 1749 Recurrere
2951 1693 3165 1749 tandem
3200 1694 3484 1762 aliquando
3506 1710 3678 1763 usque
3703 1696 3772 1751 ad

515 1790 570 1842 in
597 1788 789 1843 honore
816 1798 865 1842 et
893 1788 1322 1857 sanctificatione,
1353 1803 1456 1839 non
1479 1787 1532 1840 in
1565 1787 1805 1855 passione
1831 1783 2093 1848 desiderii,
2129 1797 2171 1854 Β
2198 1787 2460 1842 lectiones
2480 1786 2596 1841 illas
2619 1787 2761 1857 (qua:
2787 1785 2856 1839 ad
2882 1786 2985 1840 hoc
3013 1800 3120 1840 non
3159 1785 3330 1840 solum
3375 1795 3434 1841 ut
3456 1790 3770 1853 recitentur,

522 1880 653 1932 sicut
673 1888 722 1932 et
749 1887 924 1950 gentes
946 1895 1061 1948 qua:
1091 1879 1331 1948 ignorant
1359 1875 1544 1929 Deum.
1575 1874 1644 1927 Et
1680 1891 1745 1928 ne
1773 1875 1884 1946 quis
1913 1889 2095 1941 super-

519 1967 785 2038 grediatur
815 1984 974 2038 neque
993 1968 1358 2021 circumveniat
1380 1967 1432 2018 in
1463 1966 1669 2036 negotio
1687 1967 1901 2035 fratrem
1927 1979 2096 2030 suum,

516 2061 760 2132 quoniam
805 2061 990 2116 vindex
1036 2069 1113 2113 est
1159 2059 1412 2112 Dominus
1461 2058 1525 2112 de
1565 2057 1644 2111 his
1691 2056 1945 2112 omnibus.
1972 2055 2098 2110 Non

517 2153 655 2205 enim
677 2151 872 2204 vocavit
888 2166 980 2204 nos
1013 2149 1152 2204 Deus
1178 2149 1237 2202 in.
1258 2147 1765 2214 immunditiam,sed
1784 2147 1839 2200 in
1862 2147 2093 2216 sanctifi-

518 2242 791 2295 cationem.
826 2239 1009 2309 Itaque
1029 2238 1116 2310 qui
1142 2239 1251 2293 haec
1278 2239 1502 2308 spernit,
1537 2254 1640 2291 non
1664 2237 1924 2291 hominem
1949 2252 2098 2306 sper-

522 2333 617 2395 nit,
642 2332 732 2386 sed
762 2331 925 2385 Deum
954 2331 1004 2402 (1
1032 2330 1210 2385 Thess.
1238 2347 1309 2396 tv,
1331 2330 1386 2397 2,
1413 2329 1492 2399 8).
1519 2329 1649 2396 Quis
1677 2330 1841 2386 etiam
1864 2337 2099 2385 vestrum

521 2424 908 2492 circumspecte
955 2428 1220 2492 cauteque
1249 2423 1538 2479 custodivit
1565 2421 1617 2477 id
1645 2421 1787 2492 quod
1822 2424 2100 2492 sequitur?

522 2511 841 2581 Mortiﬁcate
864 2528 986 2583 ergo
1008 2511 1236 2566 membra
1259 2522 1424 2566 vestra
1443 2528 1557 2583 qua:
1576 2520 1695 2566 sunt
1716 2527 1867 2583 super
1885 2520 2097 2575 terram,

522 2604 948 2672 fornicationem,
977 2602 1378 2668 immunditiam,
1428 2602 1713 2669 libidinem,
1754 2612 1804 2657 et
1853 2605 2100 2674 concupi-

521 2696 772 2749 scentiam
793 2695 1020 2748 malam:
1041 2704 1249 2766 prapter
1267 2711 1380 2766 qua:
1399 2696 1532 2748 venit
1554 2697 1636 2748 ira
1650 2693 1748 2749 Dei
1770 2696 1825 2748 in
1843 2695 1982 2764 ﬁlios
1993 2696 2100 2767 dif-

521 2786 750 2855 ﬁdentia:
771 2786 966 2858 (Catos.
997 2802 1075 2855 ιιι,
1104 2785 1160 2854 5,
1189 2786 1266 2856 6).
1290 2786 1493 2841 Videtis
1514 2786 1656 2841 enim
1678 2801 1776 2857 pro
1795 2789 1948 2855 queis
1973 2801 2101 2858 pec-

521 2877 658 2933 catis
680 2877 759 2932 ira
785 2876 880 2933 Dei
907 2879 1242 2948 potissimum
1263 2887 1572 2947 consurgat.

590 2968 722 3024 Car.
752 2985 862 3024 ut.
895 2970 979 3024 Ea:
1010 2970 1260 3041 Epistolis
1282 2971 1351 3024 ad
1383 2970 1700 3026 Timotheum
1728 2979 1778 3026 et
1805 2972 1874 3026 ad
1905 2972 2094 3026 Titum.

518 3091 592 3104 —
617 3062 812 3117 Audite
860 3062 1040 3132 itaque
1068 3062 1197 3131 quid
1242 3062 1309 3117 de
1352 3062 1508 3118 vobis
1549 3063 1866 3132 prophetico
1909 3063 2096 3133 spiritu

2199 1878 2293 1933 sed
2323 1879 2484 1933 etiam
2530 1877 2885 1947 astipulentur
2931 1876 3292 1932 benedictioni
3337 1892 3443 1947 qua
3493 1879 3775 1936 initiantur

2198 1969 2542 2024 sacerdotum
2571 1967 2658 2024 vel
2709 1966 3074 2021 ministrorum
3103 1981 3311 2033 manus,
3343 1982 3545 2038 eosque
3575 1985 3774 2039 perpe—

2201 2070 2294 2117 tuo
2319 2061 2572 2124 doceant,
2600 2059 2675 2113 uti
2705 2073 2773 2113 ne
2800 2073 2830 2111 a
2860 2058 3122 2112 mandatis
3168 2072 3285 2128 qua:
3338 2057 3567 2115 ﬁdeliter
3594 2063 3775 2116 conti—

2201 2158 2398 2205 nentur
2417 2150 2472 2204 in
2497 2150 2599 2217 eis,
2627 2148 2951 2203 sacerdotali
2977 2147 3237 2216 dignitate
3262 2147 3659 2219 degenerantes
3691 2168 3779 2206 ιρι

2201 2241 2415 2305 cedant,
2442 2256 2510 2296 ex
2539 2240 2686 2296 omni
2715 2253 2852 2310 pene
2879 2253 3154 2295 sacrarum
3183 2239 3478 2296 litterarum
3496 2249 3653 2297 textu
3673 2259 3782 2299 me-

2200 2332 2306 2388 rito
2335 2340 2602 2402 excerpta:
2629 2332 2774 2403 sunt)
2819 2332 3179 2388 necessarium
3225 2332 3504 2401 duximus,
3530 2343 3594 2389 ut
3620 2351 3781 2406 aper-

2201 2423 2306 2479 tius
2332 2424 2538 2479 cunctis
2564 2431 2748 2494 pateat
2772 2431 2974 2478 mterna
3002 2423 3259 2494 supplicia
3293 2439 3542 2480 mansura
3572 2441 3692 2491 eos,
3725 2438 3782 2484 et

2201 2531 2310 2570 non
2339 2529 2459 2570 esse
2485 2514 2798 2570 sacerdotes
2842 2513 2929 2569 vel
2980 2513 3076 2568 Dei
3125 2515 3399 2570 ministros
3420 2555 3436 2582 ,
3467 2517 3560 2585 qui
3589 2532 3782 2573 earum

2200 2606 2474 2660 doctrinas
2498 2613 2661 2674 atque
2684 2604 2936 2659 mandata
2955 2618 3120 2674 opere
3157 2606 3450 2660 secundum
3478 2607 3626 2663 vires
3652 2624 3783 2665 suas

2203 2711 2309 2750 non
2337 2694 2769 2764 adimpleverint.

2269 2784 2402 2840 Car.
2447 2800 2578 2840 χχιι.
2606 2783 2691 2838 Ea:
2718 2784 2936 2854 epistola
2961 2783 2991 2837 Ι
3021 2782 3186 2839 Petri.
3215 2814 3285 2827 —
3311 2783 3604 2842 Audiamus
3648 2801 3785 2858 ergo

2200 2875 2326 2946 quid
2351 2876 2599 2947 princeps
2621 2875 2988 2945 apostolorum
3009 2876 3201 2930 beatus
3227 2874 3417 2930 Petrus
3445 2876 3514 2932 de
3556 2877 3651 2931 tali
3680 2894 3782 2934 ne-

2200 2967 2348 3035 gotio
2371 2966 2662 3034 signaverit
2685 2983 2698 3018 :
2731 2964 3056 3029 Benedictus,
3081 2965 3346 3034 inquiens,
3372 2965 3512 3021 Deus
3533 2976 3584 3021 et
3615 2967 3786 3022 Pater

2201 3055 2414 3116 Domini
2444 3057 2607 3110 nostri
2627 3055 2750 3110 Iesu
2772 3053 2981 3120 Christi,
3005 3056 3089 3125 qui
3115 3072 3208 3124 per
3226 3073 3467 3127 magnam
3495 3059 3788 3112 misericor-

519 3164 738 3208 sanctus
765 3152 905 3207 idem
934 3153 1208 3222 apostolus
1235 3152 1535 3221 vestrisque
1579 3153 1943 3208 consimilibus
1963 3168 2096 3222 prte-

2202 3146 2342 3198 diam
2372 3162 2520 3198 suam
2551 3145 2871 3215 regeneravit
2898 3159 2992 3197 nos
3030 3145 3083 3196 in
3112 3160 3253 3212 spem
3282 3146 3398 3200 vita:
3425 3155 3656 3210 atteram,
3689 3164 3787 3216 per

519 3244 732 3308 dixerit,
762 3243 829 3296 ad
858 3243 1198 3298 TimOtheum
1243 3253 1430 3312 aperte
1474 3244 1757 3298 scribens:
1799 3243 1915 3298 Hoc
1958 3246 2098 3298 enim

518 3334 666 3395 scito,
689 3332 824 3402 quod
844 3332 898 3385 in
922 3333 1212 3387 novissimis
1240 3332 1414 3387 diebus
1446 3330 1711 3385 instabunt
1739 3341 1969 3399 tempora
2007 3351 2098 3403 pe-

520 3423 765 3475 riculosa.
791 3420 961 3474 Erunt
989 3424 1127 3476 enim
1149 3423 1380 3476 homines
1407 3424 1709 3492 semetipsos
1735 3433 1986 3488 amantes,
2016 3439 2100 3476 cu-

519 3511 648 3580 pidi,
681 3510 824 3573 elati,
855 3511 1085 3580 superbi,
1112 3512 1423 3580 blasphemi,
1454 3512 1750 3582 parentibus
1792 3514 2097 3569 inobedien-

519 3609 616 3664 tes,
643 3601 858 3670 ingrati,
887 3601 1111 3666 scelesti,
1140 3601 1253 3656 sine
1283 3603 1574 3670 affectione,
1602 3603 1977 3659 incontinentes
2000 3606 2099 3658 im-

519 3697 688 3758 mites,
731 3698 843 3749 sine
888 3697 1222 3766 benignitate,
1266 3698 1584 3767 proditores,
1615 3699 1860 3768 protervi,
1892 3698 2095 3762 tumidi,

519 3789 835 3856 voluptatum
883 3797 1142 3841 amatores
1169 3789 1337 3858 magis
1379 3805 1532 3858 quam
1563 3787 1682 3852 Dei,
1712 3787 1957 3842 habentes
1985 3788 2098 3858 qui-

518 3877 632 3930 dem
660 3878 881 3947 speciem
903 3878 1130 3947 pietatis,
1145 3879 1386 3932 virtutem
1409 3887 1579 3933 autem
1621 3879 1733 3948 ejus
1763 3877 2093 3949 abnegantes.

516 3968 587 4023 Et
608 3969 699 4023 hos
728 3969 896 4022 devita
920 3968 1010 4037 (II
1040 3967 1172 4024 Tim.
1200 3984 1278 4033 ιιι,
1309 3969 1372 4036 l,
1421 3968 1498 4039 5).
1531 3969 1704 4041 (Sicut
1749 3979 1805 4023 et
1833 3969 2095 4038 propheta

516 4061 646 4116 dicit
672 4079 686 4114 :
721 4061 872 4114 0divi
900 4061 1166 4114 ecclesiam
1192 4061 1554 4133 malignorum,
1584 4070 1769 4115 etcum
1796 4061 1970 4130 impiis
1993 4075 2096 4113 non

516 4153 700 4207 sedebo
723 4153 895 4225 [Psal.
920 4169 1048 4221 xxv,
1077 4152 1131 4224 5]
1165 4154 1204 4221 ).
1238 4152 1305 4206 Et
1334 4161 1456 4224 post
1483 4153 1754 4222 aliquanta
1778 4151 1942 4222 (quod
1973 4166 2108 4206 nos-.

517 4253 602 4299 tro
633 4254 873 4313 tempore
894 4244 1140 4299 videmus
1167 4244 1455 4313 pullulare)
1481 4244 1557 4297 ait
1591 4261 1603 4296 :
1640 4244 1857 4314 Semper
1896 4243 2098 4297 discen-

518 4341 614 4397 tes,
654 4344 704 4386 et
748 4350 1010 4404 nunquam
1052 4334 1121 4386 ad
1167 4334 1436 4387 scientiam
1466 4335 1697 4387 veritatis
1724 4334 2106 4404 pervenientes.

521 4421 963 4484 Quemadmodum
1008 4424 1144 4476 enim
1180 4421 1410 4477 Joannes
1439 4433 1487 4476 et
1513 4421 1775 4476 Mambres
1802 4424 2098 4477 restiterunt

519 4507 723 4580 Moysi;
757 4510 830 4562 ita
855 4518 902 4564 et
943 4513 1030 4564 isti
1078 4514 1320 4566 resistunt
1345 4513 1568 4579 veritati,
1599 4513 1829 4567 homines
1866 4514 2094 4582 corrupti
2126 4549 2170 4605 ο

515 4608 706 4664 mente,
731 4601 936 4670 reprobi
957 4604 1098 4654 circa
1141 4602 1333 4671 ﬁdem;
1360 4602 1452 4655 sed
1479 4602 1619 4655 ultra
1648 4619 1751 4659 non
1780 4602 2092 4672 proficient:

515 4694 818 4763 insipientia
847 4695 984 4748 enim
1033 4711 1209 4748 eorum
1236 4695 1515 4765 manifesta
1549 4695 1648 4748 erit
1676 4693 1932 4761 omnibus,
1961 4694 2098 4748 sicut

515 4793 566 4839 et
588 4785 793 4840 illorum
831 4789 929 4859 fuit
978 4786 1065 4859 (ΙΙ
1097 4788 1232 4841 Tim.
1272 4803 1348 4852 ιιι,
1379 4787 1434 4854 7,
1472 4787 1549 4853 9).
1585 4786 1792 4842 Etenim
1821 4788 2100 4843 evidenter

515 4877 771 4943 ostendit,
799 4877 1029 4946 qualiter
1057 4893 1117 4933 se
1144 4878 1435 4933 exhibeant
1456 4876 1635 4932 ollicio
1661 4877 1995 4944 sacerdotes,
2022 4881 2097 4933 ita

516 4966 584 5021 ad
614 4965 801 5025 Titum
819 4969 1060 5025 scribens
1091 4985 1104 5021 :
1137 4967 1206 5021 Te
1233 4969 1402 5036 ipsum
1430 4966 1601 5037 praebe
1629 4971 1918 5039 exemplum
1941 4967 2096 5023 bono—

514 5072 632 5110 rum
655 5071 889 5126 Operam,
909 5059 964 5112 in
993 5058 1262 5124 doctrina,
1289 5058 1343 5111 in
1365 5058 1683 5128 integritate,
1713 5059 1768 5112 in
1816 5060 2090 5129 gravitate,

512 5144 721 5200 verbum
770 5163 953 5201 sanum
990 5147 1203 5209 habens,
1235 5147 1714 5218 irrepreheusibile;
1744 5158 1800 5201 ut
1845 5151 1890 5202 is
1919 5149 2002 5219 qui
2027 5164 2094 5202 ea:

514 5235 728 5290 adverso
749 5245 844 5301 est,
869 5246 1101 5291 vereatur
1118 5279 1135 5304 ,
1166 5237 1363 5293 nullum
1392 5239 1586 5292 malum
1606 5239 1800 5292 habens
1832 5239 2002 5292 dicere
2028 5239 2095 5292 de

514 5326 664 5383 nobis
685 5327 814 5398 (Tit.
848 5343 906 5390 ιι,
938 5328 988 5394 7,
1015 5328 1090 5398 8).
1125 5327 1192 5382 Et
1228 5329 1419 5384 iterum
1448 5329 1514 5383 ad
1565 5329 1904 5385 Timotheum
1936 5347 1955 5384 :
1986 5329 2096 5384 La-

513 5417 660 5484 bora,
692 5419 881 5488 isquit,
911 5420 1041 5481 sicut
1067 5419 1226 5473 bonus
1251 5420 1394 5474 miles
1415 5419 1607 5474 Christi
1625 5419 1769 5475 Iesu.
1796 5420 1965 5476 Nemo
1993 5425 2092 5476 mi-

511 5509 671 5563 litans
705 5510 831 5574 Deo,
858 5511 1091 5575 implicat
1111 5527 1165 5562 se
1188 5511 1404 5579 negotiis
1427 5509 1779 5576 smcularibus,
1805 5521 1861 5564 ut
1885 5513 2087 5582 placeat

511 5601 558 5656 ei
579 5603 662 5655 cui
681 5620 736 5657 se
763 5602 1012 5672 probavit.
1048 5601 1188 5655 Nam
1213 5611 1259 5655 et
1281 5603 1367 5659 aui
1396 5602 1655 5656 contendit
1684 5603 1736 5655 in
1759 5620 1953 5673 agone,
1980 5622 2085 5660 non

2201 3237 2626 3290 resurrectionem
2648 3251 2681 3287 a
2708 3235 2924 3289 mortuis
2948 3234 3158 3289 Domini
3188 3237 3350 3290 nostri
3390 3235 3519 3290 Iesu
3559 3236 3782 3299 Christi,

2200 3325 2256 3377 in
2286 3323 2636 3377 hereditatem
2663 3323 3134 3392 incorruptibilem,
3165 3325 3660 3392 immarcescibilem,
3707 3328 3786 3380 in-

2199 3413 2633 3479 contaminatam,
2662 3422 3016 3467 conservatam
3041 3415 3094 3467 in
3117 3415 3255 3468 caelis
3275 3415 3330 3468 in
3358 3432 3466 3480 vos,
3487 3417 3575 3487 qui
3597 3419 3651 3471 in
3677 3419 3784 3471 vir-

2199 3510 2306 3555 tute
2340 3501 2436 3555 Dei
2470 3503 2798 3557 custodimini
2829 3501 2883 3574 (Ι
2911 3502 3058 3558 Petr.
3087 3520 3127 3572 ι,
3149 3504 3202 3569 5,
3227 3503 3303 3575 5).
3331 3503 3508 3571 Quare
3536 3508 3681 3561 enim
3708 3509 3787 3562 in-

2197 3597 2458 3666 sipienter
2485 3611 2516 3650 a
2543 3597 2697 3652 vobis
2720 3596 2953 3651 violatur
2998 3596 3119 3652 talis
3163 3597 3469 3661 haereditas.
3499 3615 3620 3669 qua:
3670 3617 3784 3656 non

2197 3690 2338 3745 sicut
2389 3698 2625 3756 terrena,
2663 3687 2922 3754 decidua;
2969 3687 3064 3743 sed
3109 3689 3565 3746 immarcescibilis
3617 3701 3788 3761 atque

2196 3787 2399 3833 :eterna
2423 3780 2540 3834 est?
2562 3777 2630 3832 Et
2652 3787 2777 3849 post
2796 3779 3068 3849 aliquanta
3093 3796 3106 3831 :
3133 3779 3354 3853 Propter
3375 3783 3511 3852 quod
3531 3787 3785 3839 succincti

2197 3879 2357 3925 estote
2377 3870 2574 3925 lumbos
2601 3871 2787 3925 mentis
2815 3880 3021 3940 vestrm,
3043 3871 3229 3938 sobrii,
3257 3874 3482 3944 perfecte
3505 3888 3786 3945 sperantes

2196 3967 2251 4018 in
2277 3981 2394 4018 eam
2417 3981 2531 4035 quit
2559 3964 2776 4032 offertur
2801 3963 2939 4018 vobis
2967 3965 3192 4036 gratiam
3239 3966 3292 4018 in
3322 3966 3634 4022 revelatione
3651 3967 3784 4022 Iesu.

2199 4055 2392 4110 Christi
2425 4054 2611 4126 (lbid.,
2639 4055 2748 4125 15).
2775 4055 3063 4109 Rimamini
3093 4069 3321 4123 namque
3347 4057 3584 4126 pectoris
3613 4059 3785 4116 vestri

2196 4147 2481 4217 profunda,
2513 4163 2580 4200 an
2629 4146 2796 4200 sobrii
2825 4147 2969 4213 sitis,
3001 4154 3056 4200 et
3106 4146 3343 4216 perlecte
3388 4147 3784 4204 sacerdotalem

2197 4237 2423 4306 gratiam
2444 4236 2856 4292 examinandam
2884 4237 2938 4291 in
2969 4237 3178 4292 Domini
3207 4238 3539 4293 revelatione
3565 4255 3788 4296 conser~

2197 4329 2357 4383 vetis.
2390 4327 2455 4381 Et
2483 4329 2676 4382 iterum
2727 4327 2894 4382 dicit:
2928 4325 3091 4390 Quasi
3127 4328 3226 4396 filii
3273 4327 3646 4384 benedictionis
3676 4348 3787 4386 non

2196 4421 2580 4492 conﬁgurantcs
2603 4436 2690 4473 vos
2715 4418 2820 4472 illis
2847 4416 3102 4489 prioribus
3135 4419 3445 4489 ignorantia:
3469 4430 3650 4474 vestra:
3694 4423 3788 4475 de-

2196 4513 2402 4567 sideriis
2425 4528 2442 4567 :
2472 4511 2564 4566 sed
2583 4510 2864 4564 secundum
2891 4525 3003 4563 eum
3033 4509 3119 4580 qui
3146 4525 3232 4562 vos
3253 4510 3448 4563 vocavit
3477 4521 3686 4564 sanctos
3723 4523 3745 4545 ι·
3767 4549 3784 4575 ,

2195 4613 2244 4659 et
2277 4621 2363 4659 vos
2408 4605 2575 4670 sancti
2615 4605 2668 4657 in
2697 4603 2838 4657 omni
2884 4601 3271 4656 conversatione
3319 4610 3503 4656 estote.
3554 4589 3786 4674 Propter

2196 4694 2334 4766 quod
2385 4694 2631 4764 scriptum
2658 4704 2734 4747 est
2760 4709 2780 4748 .°
2816 4692 2998 4747 Sancti
3027 4700 3206 4756 estote,
3245 4693 3364 4761 quia
3394 4707 3486 4762 ego
3513 4709 3627 4746 sum
3654 4711 3785 4746 san-

2199 4795 2312 4836 ctus
2344 4783 2533 4854 (lbid.,
2566 4783 2650 4849 ll,
2678 4783 2788 4853 16).
2831 4781 2960 4848 Quis
2988 4795 3119 4850 rogo
3162 4790 3398 4836 vestrum
3427 4783 3501 4854 ita
3529 4783 3787 4837 sanctita-

2199 4884 2308 4931 tem
2341 4884 2456 4930 toto
2503 4876 2665 4929 animi
2694 4874 2886 4929 ardore
2915 4882 3155 4928 sectatus
3183 4881 3283 4936 cst,
3308 4882 3368 4928 ut
3393 4875 3498 4929 hoc
3515 4884 3784 4942 quantum

2201 4968 2256 5022 in
2284 4983 2343 5022 se
2381 4976 2482 5031 est,
2512 4965 2787 5021 festinaret
2829 4966 3088 5036 implere?
3109 4966 3215 5021 Sed
3245 4967 3521 5022 videamus
3558 4969 3690 5037 quid
3725 4971 3778 5024 in

2195 5057 2311 5126 ejus
2336 5056 2568 5111 secunda
2593 5057 2824 5112 lectione
2844 5056 3204 5111 contineatur.
3233 5055 3555 5122 Charissimi,
3583 5058 3780 5128 inquit,

2196 5150 2400 5203 animas
2428 5156 2621 5202 vestras
2651 5148 2938 5218 casti/icate
2965 5146 3035 5200 ad
3057 5146 3394 5201 obediendum
3415 5149 3539 5217 ﬁdei
3561 5167 3656 5218 per
3681 5152 3783 5219 spi—

2196 5243 2352 5295 ritum
2380 5242 2435 5295 iu
2464 5239 2736 5303 charitate,
2762 5240 2818 5293 in
2847 5239 3188 5309 fraternitate,
3211 5253 3276 5290 ex
3295 5238 3448 5291 corde
3475 5254 3594 5292 vero
3641 5241 3781 5294 invi-

2195 5350 2307 5388 cem
2331 5333 2604 5404 diligentes
2632 5341 3036 5402 perseveranter,
3065 5332 3210 5400 quasi
3240 5330 3408 5383 renati
3453 5347 3556 5385 non
3604 5347 3674 5385 ea:
3701 5350 3783 5386 se-

2195 5426 2334 5478 mine
2359 5423 2701 5492 corruptibili,
2727 5423 2818 5476 sed
2848 5419 3226 5487 incorruptibili
3269 5419 3417 5474 verbo
3474 5421 3571 5475 Dei
3603 5424 3704 5477 vivi
3731 5434 3780 5477 et

2196 5517 2543 5585 permanentis
2569 5515 2622 5569 in
2659 5524 2910 5570 azternum
2933 5512 3119 5584 (Ibid.,
3159 5511 3248 5576 22,
3274 5511 3385 5582 25).
3411 5511 3538 5568 Hmc
3559 5514 3780 5582 quidem

2195 5607 2262 5662 ab
2309 5607 2569 5677 Apostolo
2598 5606 2873 5670 mandata,
2907 5611 2962 5660 et
2990 5604 3042 5658 in
3069 5603 3157 5661 dic
3186 5612 3374 5660 vestrm
3422 5605 3779 5664 ordinationis

584 5798 607 5824 ο
649 5787 798 5852 Vulg.
821 5823 836 5850 ,
859 5793 1111 5838 sanctum.
1147 5781 1208 5838 Et
1256 5785 1416 5853 paulo
1446 5792 1589 5847 ante,
1625 5785 1719 5837 lilii
1749 5785 2068 5842 obedientite.
2114 5785 2200 5839 Sic
2224 5795 2279 5840 ct
2306 5785 2480 5840 Graio.
