3992 6450
163 299 274 360 589
878 303 1078 361 LIBER
1114 303 1506 374 QUERULUS.
1546 305 1723 366 PARS
1757 306 1768 368 1

1884 306 2290 396 tacueram
2326 311 2392 366 l.\‘
2427 311 2728 368 cecuuu.
3324 312 3434 372 δυο

164 415 348 498 lecta,
380 423 446 472 ut
473 431 538 474 ea
565 417 832 489 indirupte
873 419 1246 486 custodiretis;
1275 418 1370 475 sed
1415 434 1756 490 nequaquam
1784 425 1830 482 Α
1858 419 2352 489 irreprehensibilem
2371 439 2483 478 esse
2511 423 2702 496 (Ibid.,
2730 421 2808 494 Ξ).
2834 423 2894 478 in
2924 423 3028 480 hoc
3047 438 3278 494 namque
3316 437 3433 478 sera

167 521 202 562 ι
229 506 392 564 vobis
423 507 482 564 in
519 507 724 580 judicio
749 509 990 580 impleta,
1020 508 1116 566 sed
1145 525 1244 566 nec
1269 509 1494 564 multum
1521 509 1756 579 cogitata
1859 522 2020 563 mone
2047 508 2298 580 lacrymis
2323 511 2492 580 magis
2539 527 2699 580 quam
2748 512 2925 567 verbis
2973 528 3108 582 opus
3130 521 3244 580 est;
3273 526 3337 566 ac
3385 511 3432 566 si

167 600 257 657 vel
286 599 576 657 intellecta
602 608 747 656 sunt.
803 600 871 656 Et
900 600 1036 656 infra
1064 620 1078 655 :
1108 601 1435 673 Deponentes
1462 603 1622 674 igitur
1649 618 1759 656 om-
1859 598 2083 657 dixisset
2104 601 2390 672 Apostolus
2409 597 2694 660 cumesse
2717 605 2963 661 omnibus
2993 606 3437 678 irreprehensibi—

169 707 291 745 nem
334 691 619 757 malitiam,
649 701 698 746 et
725 708 925 746 omnem
967 691 1164 758 dolum,
1193 699 1242 744 et
1270 689 1681 755 simulationem,
1712 699 1761 744 et
1862 689 2050 746 liorem
2076 691 2292 748 debere.
2327 692 2495 749 Unius
2522 696 2702 750 uxoris
2733 696 2894 749 virum
2925 694 3138 768 (lbid.).
3191 695 3331 763 Quid
3363 697 3435 751 ita

169 779 448 844 int-idiom,
481 788 530 835 et
557 780 919 849 detractiones,
941 781 1073 834 sicut
1105 779 1257 835 modo
1305 780 1463 852 geniti
1510 779 1759 852 infantes,
1862 779 2004 850 apud
2033 797 2134 836 nos
2162 797 2377 852 quoque
2416 785 2796 848 contemnitur,
2826 785 2978 854 quasi
3006 801 3111 840 non
3140 787 3434 856 audiretur,

171 870 541 937 rationabiles,
568 880 616 926 et
634 873 745 926 sine
765 872 884 926 dolo
905 871 986 926 lac
1015 871 1375 940 concupiscite,
1393 880 1448 923 ut
1473 887 1532 924 eo
1557 886 1762 924 cresca-
1865 869 1950 925 vel
1983 870 2124 926 idem
2154 872 2334 928 dicere
2356 865 2412 928 et
2438 873 2609 928 virum
2638 876 2894 931 uxorum?
2923 873 3186 940 Sobrium,
3220 878 3436 948 pruden-

174 964 239 1016 tis
278 963 337 1016 in
377 963 601 1018 salutem
621 980 640 1018 :
662 964 903 1034 quoniam
932 963 1096 1018 dulcis
1125 971 1200 1018 est
1243 961 1494 1016 Dominus
1525 961 1576 1032 (Ι
1614 961 1760 1015 Pctr.
1865 970 1964 1014 tem
1996 960 2207 1033 (Ibid.).
2229 962 2359 1030 Quis
2381 964 2544 1018 etiam
2573 979 2638 1020 ex
2660 966 2812 1021 vobis
2829 965 2931 1030 hoc
2951 966 3235 1036 aliquando
3256 969 3435 1024 inesse

173 1067 232 1116 tl,
265 1051 319 1116 1.
346 1052 432 1122 5).
468 1052 782 1123 Recogitate
810 1069 877 1108 au
908 1054 1020 1108 hinc
1047 1067 1262 1124 quoque
1290 1050 1465 1106 surde
1495 1051 1711 1106 auribus
1732 1067 1762 1106 a

174 1140 331 1196 vobis
358 1140 547 1196 audita
576 1141 840 1211 crebrius,
866 1140 1270 1197 conculcentur.
1304 1139 1371 1194 Et
1395 1140 1587 1195 iterum
1613 1157 1626 1193 :
1660 1138 1764 1194 Vos

175 1243 350 1286 autem
380 1249 547 1305 genus
575 1234 811 1295 electum,
835 1235 1008 1304 regale
1029 1233 1395 1300 sacerdotium,
1419 1249 1543 1304 gens
1561 1240 1762 1296 sancta,

176 1323 403 1393 populus
434 1324 491 1378 in
522 1324 868 1396 adoptionem,
892 1332 948 1376 ut
969 1324 1175 1377 virtutes
1204 1324 1520 1376 annuntietis
1548 1322 1660 1395 ejus
1681 1319 1768 1393 qui

177 1413 241 1467 de
272 1415 510 1468 tenebris
538 1431 624 1469 vos
654 1415 848 1468 vocavit
872 1415 924 1468 in
954 1412 1086 1466 illud
1126 1422 1230 1466 tam
1259 1411 1568 1466 admirabile
1597 1411 1766 1464 lumen

177 1522 330 1560 suum
363 1504 564 1573 (Ibid.,
590 1505 664 1574 9).
695 1504 813 1559 Non
836 1504 1008 1559 solum
1037 1518 1136 1574 per
1161 1519 1260 1557 vos
1280 1503 1507 1557 virtutes
1534 1502 1630 1557 Dei
1658 1518 1767 1558 non

179 1595 580 1652 annuntiantur
607 1595 688 1650 vel
715 1595 1086 1660 meliorantur,
1117 1594 1212 1649 sed
1242 1593 1405 1648 etiam
1437 1593 1767 1663 pravissimis

1863 1051 1966 1106 sibi
1991 1052 2184 1106 saltem
2206 1053 2447 1124 optavit?
2492 1054 2816 1125 llospitalem
2848 1055 3058 1130 (lbid.).
3107 1057 3165 1112 ld
3208 1058 3253 1112 si
3297 1057 3434 1112 forte

1865 1155 1995 1195 casu
2025 1143 2287 1208 evenerit,
2319 1144 2595 1213 popularis
2626 1160 2771 1200 aura:
2798 1147 2976 1216 potius
3003 1162 3164 1216 quam
3186 1150 3435 1219 praecepti

1866 1235 2037 1302 gratia
2066 1234 2286 1303 factum,
2312 1253 2419 1293 non
2446 1238 2684 1309 prodest,
2712 1240 2937 1296 Domino
2963 1240 3240 1296 Salvatore
3264 1243 3337 1296 ita
3363 1243 3438 1296 di-

1868 1333 2026 1380 cente
2052 1341 2066 1378 :
2096 1325 2259 1380 Amen
2304 1327 2420 1384 dico
2469 1325 2630 1396 vobis,
2660 1339 2956 1398 receperunt
2983 1331 3264 1385 mercedem
3292 1347 3439 1384 suam

1869 1412 2082 1486 (Matth.
2114 1430 2186 1480 vr,
2215 1413 2294 1474 2).
2326 1411 2612 1483 Ornatam,
2642 1434 2744 1471 non
2799 1419 3130 1487 vinolentum,
3165 1437 3270 1476 non
3314 1405 3462 1491 per-o

1869 1520 2147 1570 cussorem,
2179 1505 2271 1559 sed
2289 1506 2593 1572 modestum,
2619 1525 2721 1563 non
2748 1509 3046 1580 litigiosum,
3071 1529 3173 1566 non
3197 1513 3437 1582 cupidum

1871 1593 1925 1666 (I
1955 1595 2086 1650 Tim.
2117 1613 2194 1664 ιιι,
2225 1596 2280 1662 2,
2304 1596 2382 1669 ὅ).
2425 1595 2470 1651 0
2497 1597 2676 1654 feralis
2719 1599 3044 1655 immutatio!
3086 1600 3131 1655 Ο
3177 1602 3442 1658 horrenda

178 1684 380 1741 vestris
409 1684 555 1758 apud
587 1685 892 1740 incredulos
917 1699 1160 1754 quosque
1187 1682 1557 1763 despiciuntur
1585 1699 1772 1740 exem-
1870 1695 2262 1758 praeceptorum
2283 1687 2580 1743 etelestium
2604 1689 2968 1746 conculcatio!
2997 1691 3182 1747 Nonne
3206 1692 3444 1762 infatiga-

181 1775 308 1846 plis.

249 1865 386 1921 Car.
419 1881 574 1928 χχιιι.
627 1863 711 1919 Ea:
756 1863 966 1919 Actibus
1009 1864 1362 1935 apos:olorum
1403 1872 1453 1918 et
1499 1881 1678 1918 rursus
1704 1879 1770 1918 ex

182 1957 429 2028 Epistola
454 1957 486 2012 Ι
509 1958 577 2011 ad
602 1955 938 2011 Timotheum.
961 1985 1034 1997 —-
1065 1954 1303 2010 Audistis
1339 1952 1477 2010 forte
1505 1954 1557 2008 in
1579 1955 1770 2010 eodem

180 2051 267 2105 die
315 2050 472 2118 quod
502 2049 555 2102 in
582 2047 813 2102 lectione
840 2045 1006 2101 Actus
1032 2045 1400 2117 apostolorum
1428 2045 1626 2101 lectum
1656 2055 1771 2116 est,

182 2142 346 2197 Petro
379 2142 439 2196 in
489 2138 668 2195 medio
719 2137 1103 2209 discipulorum
1156 2146 1426 2206 surgente,
1453 2137 1544 2206 qui
1593 2135 1767 2191 dixit:

189 2233 305 2288 Viri
338 2235 560 2305 fratres,
583 2240 780 2302 oportet
800 2232 1112 2301 scripturam
1132 2229 1334 2299 impleri
1355 2245 1509 2299 quam
1527 2227 1771 2298 prwdixit

183 2324 422 2394 Spiritus
452 2335 662 2378 sanctus
685 2340 776 2393 per
795 2338 852 2377 os
879 2321 1050 2375 David
1072 2320 1136 2374 de
1155 2319 1295 2373 Juda
1321 2321 1458 2392 (Act.
1483 2335 1520 2386 ι,
1546 2315 1634 2387 l5,
1656 2318 1766 2381 l6).

181 2417 249 2472 Et
271 2417 442 2488 paulo
463 2425 586 2487 post
615 2433 629 2468 :
658 2414 707 2468 11
715 2417 760 2469 ic
779 2416 951 2486 itaque
969 2414 1236 2483 acquisivit
1255 2429 1436 2484 agrum
1460 2411 1522 2464 de
1539 2411 1772 2464 mercede

183 2509 482 2580 in'quitatis
511 2507 700 2576 {Ibid.,
742 2505 854 2577 l8).
885 2505 1000 2561 Hoc
1023 2521 1218 2562 securo
1255 2506 1342 2561 vel
1381 2505 1561 2576 potius
1588 2503 1768 2559 hebeti

181 2599 373 2667 corde,
400 2599 556 2670 quasi
585 2614 692 2653 non
739 2597 808 2652 de
853 2597 1005 2652 vobis
1043 2597 1241 2652 lectum
1290 2595 1496 2658 luisset,
1525 2594 1769 2650 audistis.

184 2690 340 2758 Quis,
369 2705 577 2762 quasso,
599 2698 835 2746 vestrum
861 2705 966 2744 non
991 2687 1182 2758 quaerit
1218 2700 1402 2755 agrum
1426 2685 1494 2740 de
1522 2683 1772 2740 mercede

185 2779 528 2850 iniquitatis?
553 2779 716 2836 ludas
763 2795 994 2849 namque
1021 2777 1236 2832 loculos
1276 2776 1601 2846 compilabat
1631 2793 1644 2828 ε
1677 2791 1772 2830 vos

185 2865 460 2930 Ecclesiae.
495 2870 716 2928 donaria
764 2871 1101 2940 ﬁliorumque
1129 2869 1337 2924 animas
1381 2866 1498 2936 ejus
1528 2866 1769 2922 vastatis.

183 2963 280 3020 Ille
300 2965 441 3020 adiit
458 2962 675 3019 ludaaos
703 2971 764 3017 ut
792 2961 959 3016 Deum
987 2959 1246 3015 venderet
1277 2976 1290 3012 :
1318 2974 1418 3012 vos
1441 2967 1486 3029 ι)
1499 2972 1698 3011 rannos
1719 2964 1774 3010 et

186 3064 403 3124 patrem
453 3061 692 3109 vestrum
739 3051 1010 3107 diabolum
1053 3058 1110 3105 ut
1139 3049 1412 3105 Christum
1439 3046 1769 3118 despiciatis.

1799 1790 1847 1850 Β
1872 1777 2051 1834 biliter
2076 1779 2142 1834 ad
2172 1779 2284 1836 hac
2309 1781 2660 1850 expugnanda
2677 1824 2693 1850 ,
2721 1783 2810 1838 vel
2839 1785 3019 1854 potius
3046 1785 3317 1840 obruenda
3347 1802 3442 1841 ac-

1876 1877 2026 1926 tuum
2048 1872 2439 1941 verborumque
2460 1887 2611 1928 arma
2632 1873 2920 1944 corripitis,
2941 1890 3039 1945 pro
3061 1873 3215 1946 queis
3236 1891 3446 1930 conser-

1871 1961 2060 2016 vandis
2088 1971 2248 2032 atque
2279 1963 2577 2032 ﬁrmandis,
2606 1964 2650 2018 si
2696 1980 2913 2020 necesse
2967 1964 3170 2029 fuisset,
3203 1974 3257 2020 et
3287 1981 3442 2035 poena

1873 2054 2014 2110 ultro
2042 2054 2339 2120 subeunda,
2373 2064 2430 2111 et
2458 2055 2566 2110 vita
2595 2057 2839 2128 ponenda
2860 2057 3008 2111 erat?
3036 2056 3142 2111 Sed
3171 2056 3446 2111 videamus

1872 2156 1928 2199 et
1973 2145 2292 2213 sequentia:
2330 2144 2574 2212 Domum,
2602 2146 2793 2217 inquit,
2824 2163 2970 2201 suam
3001 2147 3125 2201 bene
3166 2156 3442 2218 regentem,
3474 2217 3476 2219 b

1871 2236 2010 2305 ﬁlios
2037 2235 2306 2292 habentem
2333 2237 2567 2293 subditos
2605 2255 2720 2292 cum
2766 2240 2906 2293 omni
2959 2240 3195 2293 castitate
3223 2238 3276 2309 (Ι
3308 2238 3440 2292 Tim.

1871 2341 1948 2391 ιιι,
1978 2324 2033 2398 4)
2064 2325 2205 2398 Ergo
2224 2327 2534 2400 imperfecta
2580 2336 2664 2383 est
2686 2337 2904 2399 patrum
2931 2327 3168 2394 castitas,
3199 2329 3244 2383 si
3272 2328 3444 2382 eidem

1872 2434 1979 2473 non
2008 2425 2064 2472 et
2086 2417 2312 2473 ﬁliorum
2341 2417 2729 2474 accumulatur.
2761 2416 2868 2474 Sed
2908 2417 3035 2488 quid
3061 2419 3192 2483 erit,
3224 2417 3312 2471 ubi
3345 2433 3444 2472 nec

1871 2517 2026 2579 pater
2054 2524 2154 2566 nec
2208 2508 2349 2565 ﬁlius
2395 2509 2521 2563 mali
2577 2509 2836 2578 genitoris
2889 2509 3136 2579 exemplo
3192 2518 3446 2579 pravatus

1871 2599 2202 2668 conspicitur
2228 2600 2442 2654 castus?
2464 2598 2526 2655 Si
2549 2600 2660 2672 quis
2683 2611 2852 2653 autem
2876 2598 3053 2654 domui
3090 2616 3199 2654 sua:
3225 2616 3448 2669 prtcesse

1834 2693 2053 2764 .nescit,
2083 2692 2334 2764 quomodo
2380 2690 2631 2746 Ecclesia:
2680 2690 2778 2745 Dei
2823 2691 3142 2763 diligentiam
3189 2689 3447 2744 adhibebit

1875 2781 2061 2853 (lbid.,
2093 2780 2188 2851 5)?
2217 2780 2341 2835 Haec
2367 2790 2490 2834 sunt
2509 2780 2670 2836 verba
2692 2796 2811 2849 qua:
2833 2781 3143 2856 indubitatis
3171 2781 3447 2856 eﬁeetihus

1872 2871 2256 2943 approbantur.
2289 2869 2552 2926 Diaconos
2595 2872 2832 2931 similiter
2876 2872 3108 2942 pudicos,
3139 2888 3243 2926 non
3288 2871 3446 2926 bilin-

1874 2977 2020 3033 gues,
2044 2977 2146 3015 non
2171 2962 2285 3014 vino
2308 2961 2521 3014 multum
2549 2959 2772 3025 deditos,
2795 2977 2898 3014 non
2931 2970 3074 3030 turpe
3099 2960 3297 3014 lucrum
3337 2979 3447 3015 sec-

1873 3061 2063 3118 tantes,
2093 3051 2336 3106 habentes
2379 3053 2674 3123 mgsterium
2702 3051 2825 3122 ﬁdei
2865 3053 2920 3105 in
2951 3052 3264 3106 conscientia
3293 3069 3444 3121 pura.

185 3146 284 3202 Ille
317 3145 542 3214 triginta
575 3143 844 3213 argenteis
883 3141 1128 3196 venalem
1171 3141 1358 3194 habuit
1385 3138 1624 3193 omnium
1654 3136 1772 3192 Sal-
1801 3149 1846 3212 ρ
1877 3139 1951 3194 Ili
1977 3147 2146 3194 autem
2174 3137 2452 3210 probentur
2470 3141 2712 3210 primum,
2740 3147 2790 3193 et
2807 3139 2882 3192 sic
2911 3138 3222 3202 ministrent,
3248 3138 3448 3192 nullum

185 3245 446 3292 vatorem
478 3253 492 3290 :
525 3250 620 3291 vos
643 3233 728 3289 vel
757 3247 864 3288 uno
893 3230 1076 3288 obolo'.
1096 3230 1231 3298 Quid
1250 3230 1438 3302 plura?
1464 3227 1655 3285 Fertur
1674 3243 1770 3283 νου

187 3328 272 3384 bis
322 3329 382 3383 in
437 3327 671 3382 medium
717 3324 955 3380 Matthia:
1009 3324 1062 3380 in
1113 3320 1480 3379 confusionem
1533 3329 1768 3376 vestram

193 3417 526 3488 exemplum,
547 3427 856 3472 sanctorum
877 3429 1092 3486 quoque
1115 3412 1482 3484 apostolorum
1507 3411 1770 3467 electione

191 3509 276 3564 vel
293 3508 502 3580 judicio
529 3506 756 3572 Christi,
781 3521 887 3561 non
909 3506 1124 3576 propria
1151 3503 1424 3558 voluntate
1449 3501 1625 3558 sortiti
1656 3517 1672 3554 :
1701 3500 1770 3556 ad

193 3599 340 3669 quod
387 3599 519 3655 cmci
552 3597 730 3654 elfecti
767 3612 876 3652 non
904 3595 1098 3651 videtis
1139 3609 1300 3664 quam
1325 3594 1480 3662 longe
1509 3607 1538 3646 a
1564 3591 1770 3646 meritis

196 3688 313 3758 ejus
330 3689 568 3755 distetis,
597 3687 723 3742 dum
750 3685 804 3740 in
823 3700 1060 3740 amorem
1085 3693 1142 3739 et
1166 3682 1417 3739 ell'ectum
1444 3678 1591 3736 Iuda:
1615 3681 1771 3735 tradi-

196 3779 328 3838 toris
351 3787 550 3852 sponte
575 3776 875 3836 corruistis.
907 3774 1144 3846 Apparet
1165 3787 1294 3842 ergo
1318 3786 1442 3828 eum
1462 3771 1554 3844 qui
1577 3785 1672 3825 vos
1689 3786 1774 3824 sa-

197 3870 445 3927 cerdotes
474 3870 650 3926 sciens
668 3884 738 3924 ex
755 3867 920 3924 corde
945 3865 1106 3930 dicit,
1130 3881 1238 3920 non
1263 3878 1380 3919 esse
1399 3877 1588 3918 verum
1615 3861 1772 3918 Chri-

196 3960 452 4020 stianum.
475 3960 618 4017 Sane
637 3957 782 4030 quod
805 3958 1000 4022 sentio,
1029 3955 1320 4027 proferam.
1344 3953 1534 4011 Posset
1553 3953 1772 4026 quidem

198 4049 367 4109 leuior
395 4051 516 4108 ﬁeri
544 4049 838 4122 increpatio
864 4067 876 4102 :
901 4047 997 4106 sed
1019 4046 1148 4119 quid
1168 4046 1386 4118 prodest
1401 4046 1590 4101 vulnus
1607 4060 1771 4100 manu

201 4149 404 4200 tantum
457 4142 695 4214 palpare,
725 4147 1068 4209 unguentove
1119 4151 1338 4206 ungere,
1369 4135 1516 4207 quod
1560 4142 1773 4189 tumore

199 4228 308 4294 jam
354 4234 448 4288 vel
476 4234 646 4286 fetore
691 4229 794 4284 sibi
841 4229 1160 4284 horrescens
1205 4225 1444 4282 cauterio
1473 4231 1531 4278 et
1556 4223 1776 4294 publico,

202 4319 331 4388 ignis
371 4320 729 4377 medicamine
781 4326 932 4388 eget;
959 4319 1005 4375 si
1048 4327 1227 4374 tamen
1251 4316 1362 4372 ullo
1391 4315 1552 4371 modo
1592 4313 1772 4371 sanari

201 4413 381 4482 possit,
409 4427 561 4482 aegro
607 4426 942 4482 nequaquam
992 4410 1254 4465 medelam
1302 4415 1594 4479 qumrente,
1623 4406 1772 4462 etab

1872 3232 2066 3288 crimen
2095 3231 2336 3286 habentes
2367 3227 2553 3302 (lbid.,
2577 3229 2633 3299 8,
2663 3227 2775 3300 10).
2818 3227 2918 3286 llis
2956 3228 3206 3284 nimirum
3257 3227 3447 3285 horre-

1871 3337 2030 3378 scens
2057 3320 2147 3376 diu
2178 3319 2455 3375 immoravi
2489 3337 2503 3372 :
2535 3334 2699 3374 unum
2733 3318 2965 3374 veridice
2992 3332 3207 3388 possum
3236 3318 3439 3384 dicere,

1870 3414 1998 3484 quin
2023 3413 2136 3467 haec
2158 3411 2339 3467 omnia
2364 3411 2418 3466 in
2446 3409 2744 3466 contrarios
2767 3417 2916 3465 actus
2944 3415 3244 3474 mutentur;
3274 3408 3347 3463 ita
3385 3417 3448 3462 ut

1869 3503 2050 3561 clerici
2075 3503 2240 3575 (quod
2269 3517 2376 3557 non
2422 3502 2624 3570 absque
2675 3499 2865 3555 dolore
2890 3498 3068 3553 cordis
3095 3496 3291 3566 fateor)
3338 3495 3444 3550 im-

1872 3595 2070 3668 pudici,
2094 3595 2375 3664 bilingues,
2401 3591 2557 3657 ebrii,
2580 3588 2750 3660 turpis
2774 3589 2908 3646 lucri
2935 3587 3148 3659 cupidi,
3185 3586 3448 3642 habentes

1873 3685 2031 3742 ﬁdem
2061 3694 2118 3741 et
2139 3686 2219 3756 (ut
2249 3683 2429 3738 verius
2455 3680 2651 3752 dicam)
2682 3679 3053 3736 inﬁdelitatem
3085 3678 3140 3733 in
3167 3677 3447 3733 conscien-

1875 3777 1948 3832 tia
1995 3777 2229 3846 impura,
2260 3788 2368 3830 non
2395 3769 2608 3842 probati
2632 3769 2688 3825 in
2716 3768 2882 3835 bono,
2903 3767 2997 3825 sed
3027 3767 3080 3822 in
3107 3767 3252 3823 malo
3281 3781 3448 3837 opere

1873 3867 2109 3938 praesciti
2129 3865 2517 3932 ministrantes,
2543 3869 2600 3917 et
2627 3861 2908 3916 innumera
2934 3859 3159 3914 crimina
3185 3847 3466 3920 habentes

1872 3973 2028 4015 sacro
2055 3955 2351 4012 ministerio
2371 3952 2758 4016 adsciscantur.

1941 4050 2069 4106 Cae.
2095 4064 2240 4104 xxrv.
2284 4045 2477 4102 Iterum
2519 4061 2584 4100 ea:
2622 4043 2862 4098 Matt/uri
2905 4040 3206 4112 Evangelia.
3238 4069 3309 4080 —
3338 4037 3447 4091 Au-

1870 4142 2024 4199 distis
2049 4139 2213 4196 etiam
2259 4138 2351 4194 illo
2399 4136 2486 4191 die
2532 4136 2662 4205 (quo
2707 4133 2876 4188 multo
2921 4129 3133 4197 dignius
3171 4127 3449 4196 multoque

1871 4231 2072 4287 rectius
2101 4236 2238 4294 erat,
2281 4234 2341 4284 ut
2368 4225 2434 4280 ad
2476 4237 2747 4280 carcerem
2781 4220 2865 4275 vel
2892 4226 3150 4274 catastam
3180 4217 3448 4290 poenalem

1872 4337 2032 4392 quam
2074 4319 2142 4374 ad
2185 4302 2545 4373 sacerdotium
2594 4307 2962 4379 traheremiui)
3008 4307 3234 4362 Domino
3266 4307 3448 4362 scisci-

1873 4411 2028 4476 tanti,
2078 4422 2236 4479 quem
2266 4420 2325 4461 se
2351 4418 2470 4458 esse
2513 4409 2764 4474 putarent
2810 4398 3077 4469 discipuli,
3121 4399 3336 4452 Petrum
3365 4412 3446 4452 re-

202 4501 301 4559 hoc
327 4505 542 4562 medico
565 4503 779 4573 lengius
803 4502 1126 4559 recedente?
1152 4500 1196 4554 0
1225 4499 1424 4554 inimici
1448 4499 1564 4564 Dei,
1585 4505 1640 4552 et
1661 4512 1768 4552 non
1795 4507 1838 4562 ι)
1874 4497 2154 4570 spondisse
2177 4513 2191 4550 :
2216 4495 2292 4549 Tu
2311 4511 2366 4550 es
2387 4491 2621 4548 Christus
2644 4489 2814 4544 Filius
2841 4488 2937 4544 Dei
2965 4489 3060 4544 uiui
3090 4487 3304 4561 (Matth.
3336 4504 3448 4553 xvi,

202 4595 533 4662 sacerdotes,
560 4593 800 4650 veterani
820 4591 1084 4646 malorum
1106 4599 1292 4645 etnon
1319 4584 1602 4660 pontiﬁces
1619 4623 1634 4647 ,
1661 4593 1772 4639 tra-

202 4681 392 4743 ditores
418 4693 480 4742 et
507 4702 614 4741 non
661 4691 971 4740 sanctorum
1012 4681 1379 4753 apostolorum
1406 4692 1766 4744 successores,

203 4783 254 4830 et
281 4795 381 4834 non
406 4778 612 4834 Christi
638 4768 891 4832 ministri.
913 4773 1266 4830 Auscultastis
1289 4771 1501 4841 quidem
1521 4769 1769 4826 secunda:

207 4865 444 4927 lectionis
463 4870 693 4940 apostoli
716 4866 866 4922 Pauli
895 4867 1182 4922 verborum
1203 4878 1394 4920 sonum
1413 4861 1526 4935 (sed
1547 4862 1600 4916 in
1619 4861 1766 4916 nullo

206 4962 355 5018 modo
374 4963 582 5019 monita
601 4963 964 5031 virtutemque
987 4957 1264 5024 servastis,
1287 4964 1342 5012 et
1355 4954 1766 5011 simulacrorum

211 5054 360 5110 modo
384 5072 506 5126 qua:
527 5072 636 5111 non
664 5054 847 5109 vident
873 5068 1046 5123 neque
1068 5051 1324 5115 audiunt,
1354 5047 1552 5104 eodem
1579 5045 1666 5102 die
1687 5044 1769 5100 al-

208 5143 304 5198 tari
354 5147 620 5217 aStitistis)
669 5153 798 5200 tunc
843 5152 901 5200 et
943 5141 1185 5213 quotidie
1235 5139 1393 5195 vobis
1430 5135 1765 5193 intonautis:

213 5228 434 5301 Fratres,
463 5237 654 5308 inquit,
685 5236 854 5306 fidelis
882 5249 1048 5288 sermo
1073 5242 1168 5298 est,
1217 5241 1267 5286 et
1310 5231 1449 5286 omni
1477 5231 1770 5297 acceptione

213 5322 386 5394 dignus
409 5327 466 5400 (l
498 5326 632 5382 Tim.
662 5342 750 5391 ιιι,
778 5325 854 5394 1).
883 5324 978 5379 llle
1004 5324 1139 5378 dixit
1168 5321 1378 5378 ﬁdelem
1406 5328 1464 5376 et
1508 5319 1724 5388 dignum
1751 5334 1766 5372 :

211 5426 298 5470 vos
319 5427 376 5473 ut
394 5419 663 5476 inﬁdelem
689 5424 747 5473 et
774 5417 1048 5484 indignum
1092 5413 1390 5484 sprevistis.
1421 5411 1484 5467 Si
1514 5409 1625 5481 quis
1651 5409 1762 5480 epi-

210 5517 462 5575 acopatum
485 5510 644 5581 cupit,
672 5508 858 5563 bonum
879 5521 1005 5576 opus
1028 5499 1487 5574 desiderat(lbid.)
1521 5499 1627 5554 Vos
1651 5496 1769 5568 epi-

212 5603 468 5662 scopatum
498 5611 822 5668 magnOpere
849 5594 1086 5650 avaritia:
1115 5591 1304 5660 gratia,
1338 5605 1442 5645 non
1471 5587 1765 5659 spiritualis

200 5683 462 5751 profectus
488 5689 712 5745 obtentu
739 5685 959 5757 cupitis,
989 5693 1044 5740 et
1070 5685 1268 5740 bonum
1297 5696 1432 5752 opus
1465 5679 1539 5736 illi
1579 5677 1765 5734 condi-

215 5784 361 5842 gnum
409 5795 742 5850 nequaquam
794 5777 1023 5833 habetis.
1075 5773 1288 5844 Oportet
1314 5788 1436 5843 ergo
1464 5768 1757 5840 huiusmodi

1881 4590 2006 4662 l6);
2034 4590 2189 4659 eique
2221 4587 2505 4643 Dominum
2552 4598 2652 4654 pro
2695 4583 2788 4638 tali
2833 4581 3171 4638 confessione
3209 4582 3462 4640 dixisse:

1880 4681 2070 4737 Beatus
2098 4697 2171 4746 es,
2196 4680 2376 4735 Simon
2402 4675 2698 4743 Bar—Jona,
2733 4675 2850 4747 quia
2878 4667 3000 4729 euro
3041 4683 3090 4729 et
3107 4675 3320 4746 sanguis
3346 4690 3450 4730 non

1876 4776 2112 4831 reuelauit
2142 4774 2252 4840 tibi,
2294 4774 2385 4829 sed
2415 4773 2574 4828 Pater
2599 4787 2738 4825 meus
2765 4770 2850 4841 qui
2879 4769 2936 4823 in
2978 4769 3117 4823 ccelis
3150 4776 3226 4824 est
3256 4767 3449 4840 (lbid.,

1878 4865 1988 4940 17).
2023 4867 2161 4936 Ergo
2190 4866 2379 4922 Petrus
2405 4881 2435 4919 a
2459 4865 2571 4919 Deo
2601 4863 2760 4918 Patre
2786 4861 2981 4918 doetus
3004 4869 3151 4916 recte
3177 4860 3447 4916 Christum

1875 4957 2197 5013 conﬁtetur:
2239 4971 2333 5011 vos
2361 4965 2538 5009 autem
2567 4953 2754 5008 moniti
2784 4968 2812 5006 a
2841 4961 2996 5024 patre
3023 4960 3204 5006 vestro
3230 4950 3448 5005 diabolo

1871 5046 2051 5117 inique
2078 5045 2410 5100 Salvatorem
2453 5044 2608 5098 malis
2633 5041 2842 5098 actibus
2868 5041 3162 5108 denegatis.
3191 5038 3330 5095 Vero
3358 5054 3445 5095 sa-

1868 5137 2072 5194 cerdoti
2099 5134 2293 5190 dicitur
2326 5151 2340 5188 :
2371 5133 2446 5188 Tu
2472 5150 2526 5188 es
2551 5132 2760 5196 Petrus,
2805 5141 2854 5188 et
2895 5148 3046 5202 super
3085 5130 3218 5182 hanc
3244 5137 3443 5199 petram

1869 5225 2138 5296 aediﬁcabo
2181 5223 2469 5277 Ecclesium
2513 5237 2680 5275 nteant
2719 5219 3050 5288 (lbid.,18).
3089 5218 3198 5273 Vos
3225 5213 3463 5287 quidem'

1871 5316 2235 5373 assimilamini
2273 5314 2380 5370 viro
2420 5315 2594 5381 stulto,
2636 5313 2723 5386 qui
2748 5309 3020 5382 wdiﬁcavit
3050 5310 3255 5364 donutm
3294 5323 3444 5361 suam

1866 5423 2022 5477 super
2046 5423 2262 5462 arenam
2290 5403 2503 5474 (Matth.
2531 5420 2623 5466 vn.
2665 5402 2779 5474 96).
2823 5399 3125 5456 Notandum
3168 5413 3300 5454 vero
3337 5406 3442 5463 est,

1867 5499 2010 5569 quod
2031 5497 2402 5568 insipientibus
2425 5497 2477 5552 in
2497 5494 2807 5550 tediﬁcanda
2826 5493 2989 5548 domo
3008 5505 3291 5546 arenarum
3316 5505 3444 5560 pen-

1868 5587 2006 5643 dula:
2036 5588 2314 5644 mobilitati
2342 5586 2596 5641 Dominus
2639 5599 2746 5639 non
2773 5590 3117 5654 cooperetur,
3146 5579 3440 5636 secundum

1867 5677 1997 5733 illud
2026 5697 2041 5733 :
2073 5677 2328 5733 Fecerunt
2354 5677 2452 5734 sibi
2481 5691 2648 5747 reges,
2677 5675 2767 5730 sed
2787 5691 2891 5729 non
2918 5689 3010 5744 per
3037 5688 3116 5726 me
3146 5666 3294 5742 (Ose.
3324 5685 3438 5734 vui,

1867 5767 1941 5837 4).
1973 5765 2268 5838 itidemque
2295 5765 2436 5838 quod
2481 5764 2722 5834 sequitur
2747 5760 2934 5819 eadem
2977 5768 3137 5817 sonat
3169 5757 3435 5816 dicendo:
