3992 6452
487 309 590 372 591
1838 310 2066 375 PELACI

2209 314 2389 376 PAPA
2422 311 2462 370 1.
3665 305 3796 362 392

495 425 564 481 Et
590 435 752 498 portat
794 429 952 501 inferi
996 445 1100 483 non
1142 429 1486 499 prtevatebunt
1531 427 1747 498 (Matth.
1790 445 1901 497 xvu,
1937 429 2062 500 18):
2099 443 2144 495 Α
2175 430 2348 485 solum
2404 424 2732 482 conscientia
2779 421 3138 494 supplaudat,
3193 435 3314 475 cum
3361 435 3547 476 eorum
3601 423 3798 492 qud:

493 517 717 586 ejusque
744 525 962 587 peccata
993 518 1381 587 intelliguntur.
1423 519 1499 574 De
1529 530 1705 574 vestra
1736 519 1864 589 quid
1884 521 2077 575 exitia-
2177 527 2371 590 praeest
2400 519 2468 588 (si
2497 518 2588 587 qui
2633 524 2853 586 propter
2893 513 3009 582 ejus
3037 512 3356 582 imperitiam
3381 512 3464 566 vel
3491 511 3792 567 desidiam

493 607 585 662 bili
614 614 879 663 structura
898 608 1310 677 pronuntiatur?
1347 607 1604 662 Venerunt
1630 610 1868 678 ﬂumina,
1898 619 1946 662 et
1971 610 2076 677 ﬂa-
2175 626 2271 664 seu
2302 609 2665 664 adulationem
2690 606 2965 677 perierint)
2998 609 3049 659 in
3079 605 3166 658 die
3190 603 3377 672 judicii
3411 603 3478 659 de
3515 604 3790 673 ejusdem

493 705 675 751 verunt
699 698 854 762 venti,
903 707 952 750 et
981 699 1301 767 impegerunt
1328 699 1383 751 in
1409 699 1617 752 domum
1654 699 1818 763 illaut,
1863 706 1912 752 et
1942 699 2075 752 ceci-
2177 699 2443 762 manibus,
2492 697 2656 750 veluti
2700 695 3093 757 interfectoris,
3143 694 3332 747 anima:
3381 695 3788 764 exquirantur.

493 784 568 838 dit
593 802 611 838 :
637 795 688 840 et
716 787 813 855 fuit
855 786 1005 838 ruina
1034 785 1144 854 ejus
1173 799 1363 855 magna
1391 785 1608 855 (Matth.
1645 802 1738 853 vn,
1769 786 1881 856 27).
1915 783 2077 839 Petro
2177 789 2312 857 Quia
2358 804 2456 844 nec
2482 787 2687 843 dulcior
2729 801 2873 841 mors
2902 799 3020 855 quae
3051 785 3274 840 infertur
3300 801 3330 838 a
3359 785 3498 841 bono
3537 802 3790 856 quoque

494 876 716 945 ejusque
755 876 1151 930 successoribus
1191 873 1318 928 dicit
1364 875 1617 930 Dominus
1648 894 1660 928 :
1696 875 1761 928 Et
1808 875 1897 928 tibi
1944 874 2076 928 dabo
2178 882 2414 945 homine,
2447 894 2605 949 quam
2652 879 2814 933 malo.
2849 878 3097 948 Alioquin
3129 893 3233 932 non
3265 877 3488 934 dixisset
3521 879 3790 949 Apostoo

493 968 658 1021 claves
690 966 832 1036 regni
879 967 1118 1019 cartorum
1162 964 1376 1035 (Matth.
1409 982 1519 1033 va,
1553 966 1639 1037 19)
1668 984 1680 1019 :
1716 965 1878 1020 Vobis
1906 980 2066 1019 vero:

2183 972 2278 1037 lus,
2301 971 2449 1026 velut
2475 979 2756 1039 paternum
2787 967 3014 1035 legatum
3041 966 3148 1020 suis
3172 968 3570 1022 successoribus
3591 970 3784 1022 dere-

497 1055 620 1109 Non
669 1057 783 1108 novi
830 1073 916 1109 vos
947 1070 964 1108 :
997 1055 1241 1108 discedite
1287 1071 1319 1107 a
1365 1071 1464 1118 me,
1514 1056 1742 1125 operarii
1790 1054 2075 1124 iniquitatis
2177 1062 2422 1130 linquens
2446 1077 2458 1112 :
2481 1058 2707 1111 Mundus
2734 1074 2828 1128 ego
2850 1071 2960 1109 sum
2989 1056 3051 1108 ab
3080 1055 3306 1110 omnium
3335 1059 3600 1127 sanguine.
3632 1057 3786 1112 Non

496 1145 710 1216 (Matth.
744 1161 833 1209 vlt,
867 1145 971 1209 25;
1023 1143 1150 1197 Luc.
1180 1160 1294 1210 xm,
1323 1144 1448 1212 27);
1502 1153 1559 1198 ut
1597 1144 1829 1213 separati
1851 1143 2078 1197 sinistrr
2175 1150 2312 1204 enim
2331 1147 2613 1219 subterfugi
2636 1164 2733 1218 quo
2757 1149 2922 1200 minus
2946 1147 3305 1200 annuntiarem
3329 1147 3470 1202 vobis
3487 1165 3642 1203 omne
3659 1165 3786 1217 asy-

495 1237 666 1306 partis
693 1251 813 1290 cum
854 1236 1046 1300 haedis,
1079 1237 1214 1290 eatis
1241 1236 1292 1289 in
1324 1236 1499 1303 ignem
1527 1243 1806 1289 aeternum.
1840 1234 2078 1301 Itemque
2175 1241 2384 1293 sterium
2419 1238 2511 1291 Dei
2542 1238 2678 1307 (Act.
2706 1253 2798 1303 xx,
2823 1235 2912 1299 26,
2944 1235 3057 1305 2⁸1).
3106 1235 3273 1291 Multo
3307 1254 3537 1307 namque
3567 1256 3678 1293 usu
3711 1253 3784 1295 ac

498 1327 644 1380 omni
687 1336 873 1381 sancto
921 1327 1187 1381 sacerdoti
1234 1325 1563 1396 promittitur
1607 1340 1620 1377 :
1659 1322 1727 1376 Et
1771 1339 2079 1395 qnwcnnque
2177 1326 2476 1395 frequentia
2502 1326 2526 1363 δ
2553 1333 2895 1396 peccatorum
2938 1326 3209 1394 inebriati,
3235 1334 3292 1381 et
3320 1327 3660 1384 incessanter
3695 1331 3782 1383 ir-

497 1415 710 1470 solveris
734 1432 884 1486 super
905 1425 1115 1480 terram,
1138 1425 1286 1470 erunt
1309 1416 1480 1469 soluta
1507 1424 1556 1468 et
1583 1416 1636 1468 in
1666 1415 1805 1468 caelis
1829 1430 1846 1467 :
1870 1422 1918 1467 et
1947 1430 2080 1486 qua:-

498 1523 694 1575 cunque
721 1506 957 1576 ligaveris
988 1523 1140 1575 super
1162 1515 1372 1570 terram,
1423 1513 1571 1558 erunt
1599 1506 1762 1575 ligata
1790 1514 1839 1557 et
1865 1505 1918 1558 in
1941 1504 2078 1558 castis

2177 1417 2455 1471 ruentibus
2485 1416 2636 1471 vobis
2678 1415 2940 1472 scelerum
2971 1417 3365 1472 cumulatorum
3407 1435 3471 1474 ac
3508 1422 3554 1477 si
3598 1424 3784 1479 undis

2176 1508 2434 1578 quassati,
2487 1523 2648 1562 unam
2698 1507 2862 1562 veluti
2902 1517 3022 1577 post
3068 1508 3402 1580 naufragium
3440 1513 3512 1584 (in
3554 1529 3666 1584 qua
3703 1514 3781 1569 ad

499 1594 711 1666 (Matth.
745 1612 850 1662 xu,
887 1597 997 1666 l9).
1032 1597 1138 1651 Sed
1177 1596 1450 1666 quomodo
1477 1612 1576 1651 vos
1613 1595 1814 1664 aliquid
1860 1596 2079 1651 solvetis
2177 1603 2420 1657 vivorum
2459 1609 2658 1656 terram
2688 1600 2950 1669 evadatis)
2995 1602 3326 1671 pmnitcntim
3373 1605 3605 1660 tabulam
3643 1614 3782 1661 toto

497 1692 556 1739 ut
585 1685 654 1738 sit
683 1685 916 1739 solutum
947 1694 1000 1740 et
1030 1686 1083 1740 in
1112 1687 1283 1753 caelis,
1334 1703 1365 1742 a
1395 1687 1532 1743 etnlo
1562 1687 1632 1742 ob
1659 1687 1863 1742 scelera
1894 1687 2080 1742 adem-
2178 1691 2343 1745 animi
2389 1690 2510 1744 nisu
2559 1689 2842 1760 exquirite,
2887 1698 2945 1743 ut
2983 1697 3258 1745 avertatur
3303 1691 3452 1746 furor
3484 1693 3714 1748 Domini
3747 1709 3782 1749 ι

495 1774 590 1843 pti,
640 1782 695 1829 et
723 1776 1032 1831 immanium
1069 1786 1410 1847 peccatorum
1440 1778 1653 1834 funibus
1679 1780 1989 1849 compediti,
2021 1788 2078 1834 ut
2111 1791 2155 1850 Β
2180 1782 2332 1837 vobis
2360 1781 2778 1836 misericorditer
2813 1780 3041 1835 dicentis
3066 1799 3078 1832 :
3106 1778 3245 1835 Nolo
3280 1793 3493 1836 mortem
3519 1796 3785 1854 peccati»

495 1865 750 1920 Salomon
778 1883 993 1937 quoque
1018 1870 1095 1923 ait
1137 1887 1150 1923 :
1189 1870 1464 1925 Criniculis
1501 1881 1827 1940 peccatorum
1870 1888 2077 1926 suorum

495 1958 838 2028 unusquisque
867 1961 1239 2030 constringitur
1268 1960 1448 2030 (Prov.
1478 1977 1534 2029 γ,
1572 1961 1701 2033 22)?
1736 1963 1958 2032 Quaque
1985 1980 2076 2017 ra-

497 2047 642 2101 tione
673 2048 872 2116 aliquid
899 2052 955 2105 in
987 2058 1129 2104 terra
1173 2051 1402 2118 ligabitis
1429 2053 1574 2120 quod
1617 2068 1775 2123 supra
1825 2053 2078 2107 mundum

495 2137 655 2189 etiam
683 2137 876 2204 ligetur
898 2148 1116 2208 propter
1140 2149 1166 2176 ³·
1190 2142 1564 2210 vosmetipsos,
1587 2143 1677 2211 qui
1701 2143 1774 2196 ita
1805 2142 1948 2212 ligati
1979 2144 2079 2197 ini-

495 2225 787 2293 quitatibus
815 2227 868 2280 in
900 2229 1001 2282 hoc
1037 2229 1235 2284 mundo
1279 2232 1558 2295 tenemini,
1602 2240 1662 2286 ut
1707 2232 1762 2286 in
1804 2233 1954 2288 cmlis
1983 2249 2079 2289 ne-

497 2327 764 2382 quaquam
791 2317 1111 2382 ascendatis,
1135 2318 1232 2373 sed
1251 2320 1302 2373 in
1328 2319 1553 2375 infausta
1575 2322 1762 2376 tartari
1786 2324 2078 2390 ergastula,

497 2419 605 2459 non
633 2408 876 2461 conversi
929 2409 980 2463 in
1031 2409 1134 2464 hac
1181 2412 1290 2465 vita
1337 2412 1405 2466 ad
1449 2414 1754 2482 Dominum,
1778 2413 2078 2471 decidatis?

497 2491 608 2548 Nec
634 2495 738 2549 sibi
781 2496 1066 2566 quisquam
1117 2500 1455 2556 sacerdotum
1501 2503 1570 2558 de
1615 2504 1858 2574 corporis
1893 2502 2077 2559 mundi

568 2634 594 2662 ι
617 2624 880 2706 lta_recte,
901 2631 1210 2706 u_t_vid9tur,
1235 2632 1371 2690 Bibl.
1397 2632 1498 2688 PP.
1525 2634 1692 2690 Paris.
1717 2635 1901 2706 Neque
1926 2637 2071 2692 enim

499 2693 677 2780 placet
702 2693 872 2752 lectio
888 2700 1020 2780 edit.
1051 2693 1246 2769 Oxon.,
1274 2720 1430 2774 supra
1467 2706 1672 2760 modum
1699 2693 1855 2760 etiam
1883 2706 2071 2780 ligetur

497 2773 684 2834 prater
708 2771 1056 2840 vosmetipsos.

547 2877 2550 2920 Μ

2179 1877 2271 1939 τῖε,
2319 1874 2409 1928 sed
2456 1883 2511 1928 ut
2553 1881 2879 1929 convertatur
2915 1883 2964 1928 et
3002 1877 3135 1929 vivat
3174 1874 3387 1945 (Exech.
3418 1893 3606 1942 xxxttt,
3641 1878 3777 1949 ιι).

2178 1963 2296 2036 lpse
2332 1966 2670 2035 omnipotens
2709 1964 2845 2019 Deus
2887 1967 3038 2020 totius
3076 1966 3444 2021 consolationis
3480 1977 3526 2022 et
3553 1971 3778 2023 miseria

2179 2056 2370 2110 cordia:
2396 2055 2483 2127 (11
2503 2055 2624 2111 Cor.
2646 2072 2686 2123 ι,
2712 2056 2767 2128 ὅ)
2796 2056 3146 2126 paucissimos
3172 2057 3343 2112 bonos
3367 2067 3612 2128 pastores
3632 2075 3776 2115 corp

2179 2154 2360 2202 servet
2389 2149 2454 2202 ab
2483 2148 2629 2202 omni
2661 2149 2821 2213 malo,
2865 2155 2919 2202 et
2958 2149 3256 2219 municipes
3301 2147 3479 2213 faciat,
3527 2153 3776 2208 subacto

2179 2237 2451 2292 communi
2493 2237 2677 2303 hoste,
2724 2238 2955 2293 civitatis
2989 2235 3285 2294 Jerusalem
3332 2240 3604 2305 cmlestis,
3654 2243 3774 2297 huc

2179 2335 2263 2383 est
2305 2337 2612 2384 sanctorum
2640 2329 2880 2384 omnium
2910 2329 3361 2398 congregationis,
3401 2330 3561 2386 Pater
3587 2341 3642 2386 et
3674 2332 3772 2386 Fi-

2180 2417 2282 2474 lius
2305 2426 2360 2474 et
2389 2417 2618 2490 Spiritus
2659 2427 2877 2475 sanctus
2903 2437 2915 2472 :
2941 2420 3028 2475 cui
3071 2419 3143 2475 sit
3185 2419 3360 2476 honor
3398 2430 3453 2477 et
3494 2422 3660 2492 gloria
3709 2424 3769 2479 in

2180 2509 2374 2564 stccula
2400 2510 2739 2565 saeculorum.
2772 2510 2963 2566 Amen.

2250 2637 2278 2678 ιν
2308 2638 2635 2715 llicnitcrum_
2646 2643 2924 2715 sequimur
2949 2643 3084 2698 Bibl.
3108 2642 3213 2698 PP.
3243 2642 3440 2713 Paris.,
3459 2644 3657 2715 rejecta
3679 2646 3767 2703 le-

2179 2709 2359 2765 ctione
2385 2709 2586 2780 0x0n.,
2608 2709 2926 2784 Multumque
2949 2730 3070 2768 nam
3100 2731 3216 2768 usu.

2560 2888 3760 2924 Μ

637 2903 3741 2924 mm

1733 3043 1902 3089 ANNO
1945 3043 2174 3088 ιιοιιιιει
2220 3043 2502 3088 BLV—DL!
2515 3067 2530 3088 ο

999 3198 2997 3509 ΡΕιΑρ-ιιιξ-ΡΑΡΑ
3088 3213 3249 3415 1.

1637 3608 1909 3667 NOTITIA
1941 3612 2030 3684 (ex
2062 3613 2222 3672 Libro
2258 3613 2598 3693 Pontillcali).

565 3757 811 3862 Pelagius
839 3759 1113 3862 .natione
1147 3758 1438 3862 Romanus,
1471 3777 1537 3819 ex
1571 3771 1726 3834 patre
1749 3763 1956 3823 Joanne
1985 3767 2069 3823 Vi-
2100 3773 2147 3836 C
2179 3788 2305 3829 vere
2333 3777 2430 3845 (a).
2464 3771 2533 3831 Et
2576 3777 2862 3836 multitudo
2900 3781 3289 3854 religiosorum,
3334 3792 3655 3862 sapientium
3693 3805 3752 3854 et

491 3849 732 3920 cariano,
777 3851 916 3906 sedit
943 3867 1114 3908 annos
1139 3853 1404 3920 undecim,
1434 3859 1448 3887 ⁸
1479 3871 1691 3913 menses
1717 3857 1927 3927 decem,
1955 3859 2072 3917 dies

490 3941 792 3996 octodecim
819 3941 866 3996 ιδ.
917 3943 984 3997 Et
1010 3944 1136 3998 dum
1167 3959 1273 4000 non
1323 3955 1501 4002 essent
1546 3949 1785 4021 episcopi
1813 3953 1904 4022 qui
1946 3969 2068 4010 cum

488 4032 800 4088 ordinarent
828 4073 846 4101 ,
893 4035 1090 4090 inventi
1130 4044 1254 4090 sunt
1294 4035 1400 4092 duo
1457 4039 1712 4110 episcopi,
1745 4040 1976 4099 Joannes
2003 4045 2070 4101 de

490 4119 731 4189 Perusio,
775 4132 829 4179 et
859 4123 1039 4180 Bonus
1065 4124 1133 4180 de
1160 4125 1466 4193 Ferentino,
1509 4138 1563 4184 et
1589 4129 1828 4189 Andreas
1849 4135 2070 4206 presby-

490 4221 571 4267 ter
598 4214 664 4269 de
693 4213 869 4280 Ostia;
915 4225 971 4271 et
998 4216 1379 4272 ordinaverunt
1408 4233 1530 4274 eum
1560 4223 1886 4290 pontificem.
1918 4224 2069 4281 Tunc

487 4303 630 4357 enim
659 4319 767 4360 non
795 4314 950 4361 erant
989 4307 1041 4361 in
1084 4307 1249 4375 clero,
1277 4307 1372 4377 qui
1412 4323 1533 4364 eum
1581 4320 1798 4382 possent
1841 4329 2063 4383 promo-

2177 3867 2454 3934 nobilium,
2483 3869 2848 3927 subduxerant
2874 3890 2932 3930 se
2954 3891 2983 3930 a
3004 3881 3380 3939 communione
3406 3884 3543 3954 ejus,
3569 3888 3751 3945 dicen-

2182 3965 2283 4024 tes,
2314 3961 2437 4028 quia
2481 3961 2533 4014 in
2563 3971 2736 4017 morte
2763 3963 2936 4033 Vigilii
2958 3983 3111 4039 papa:
3129 3985 3189 4024 se
3216 3971 3523 4042 immiscuit,
3551 3988 3612 4032 ut
3635 3988 3751 4034 tan.

2181 4049 2250 4102 tis
2279 4050 2449 4119 pmnis
2477 4049 2818 4119 allligeretur.
2851 4053 3051 4110 Eodem
3081 4066 3323 4129 tempore
3351 4061 3545 4120 Narses
3571 4077 3627 4121 et
3652 4067 3752 4122 Pe-

2175 4134 2345 4204 lagius
2372 4152 2528 4208 papa,
2561 4141 2786 4195 consilio
2807 4142 2955 4209 inito,
2986 4145 3110 4201 data
3139 4147 3322 4204 litania
3351 4166 3381 4206 a
3408 4165 3596 4210 sancto
3619 4155 3751 4213 Pan-

2177 4226 2348 4280 cratio
2391 4227 2464 4298 (b)
2497 4245 2618 4283 cum
2647 4232 2858 4302 hymnis
2885 4244 2939 4288 et
2961 4237 3183 4294 canticis
3207 4241 3554 4310 spiritalibus,
3587 4263 3749 4304 vent.h

2173 4327 2296 4372 runt
2345 4320 2411 4374 ad
2454 4330 2696 4376 sanctum
2726 4322 2938 4380 Petrum
2983 4330 3302 4398 apostolum.
3354 4333 3455 4400 Qui
3507 4337 3749 4409 Pelagi

559 4491 605 4571 ξ.
1620 4483 1717 4571 qui
1758 4493 1839 4571 est
1867 4485 2059 4571 vigesi:
2090 4490 2133 4546 D
2162 4499 2335 4558 gentes
2359 4493 2692 4571 imaginibus,
2725 4505 2776 4571 et
2803 4513 3126 4571 nunc_usqne
3153 4505 3396 4562 hactenus
3419 4525 3452 4563 a
3481 4511 3630 4566 nobis
3653 4531 3739 4570 ee-

488 4566 609 4606 mus
657 4563 830 4621 nonus
876 4549 1083 4621 imperii
1108 4549 1436 4621 Justiiiiani,
1485 4549 1725 4621 ejusdem
1774 4549 2060 4609 Justiniani

488 4617 826 4692 imperatoris
853 4617 1218 4692 promotione,
1251 4620 1304 4674 in
1333 4617 1712 4692 locumeigilii
1740 4624 2061 4692 subrogatus

486 4687 581 4745 est
609 4687 853 4762 Pelagius
877 4757 889 4762 _
897 4689 1327 4762 archidiaconus,
1355 4693 1445 4760 qui
1482 4691 1552 4762 ob
1588 4687 1952 4762 imminentem
1977 4694 2062 4762 ja-

485 4768 694 4814 eturam
715 4757 992 4828 catholicae
1014 4758 1155 4828 lldei,
1189 4757 1275 4812 vel
1298 4757 1641 4828 ignominiam
1659 4757 2062 4818 Chalcedonen-

485 4829 562 4900 sis
581 4827 795 4884 concilii
816 4827 1143 4900 evitandam,
1169 4827 1410 4900 quintam
1439 4830 1699 4900 synodum
1723 4833 2057 4899 approbavit.

485 4897 662 4979 Quare
689 4913 810 4979 cum
835 4895 1206 4979 Occidentales
1234 4895 1484 4979 episcopi
1501 4899 1704 4979 majore
1733 4895 1958 4954 scissura
1981 4904 2060 4979 di-

481 4967 810 5038 viderentur,
842 4981 940 5037 per
967 4967 1171 5022 litteras
1207 4967 1489 5038 aliquoties
1513 4984 1543 5023 a
1571 4967 1630 5024 se
1659 4967 1853 5025 frustra
1882 4972 2054 5027 moni-

484 5045 571 5092 tos
591 5052 688 5105 per
713 5036 991 5091 Narsetem
1020 5037 1266 5105 compelli
1295 5036 1518 5092 curavit.

558 5054 571 5091 s
627 5052 688 5091 er
713 5052 991 5091 narsetem
1020 5052 1266 5105 eompem
1295 5052 1518 5092 curavu.

558 5052 725 5178 δήεις
753 5107 1083 5178 temporibus
1107 5106 1316 5173 Franci,
1340 5123 1484 5178 _eum
1527 5109 1782 5178 plurimas
1809 5109 2058 5177 regiones

481 5173 650 5230 ltaliaé
667 5173 975 5244 depopulati
999 5174 1243 5239 fuissent,
1271 5191 1301 5229 a
1331 5173 1628 5232 Justiniano
1668 5173 1938 5242 debellati,
1970 5189 2055 5233 at-

521 5260 588 5318 ue
617 5244 884 5318 Romano
907 5245 1134 5313 imperio
1166 5247 1182 5264 '
1213 5245 1417 5318 subacti
1465 5246 1712 5318 leguntur
1751 5249 1889 5318 apud
1918 5251 2059 5315 Aga-

484 5313 671 5368 thiam.
693 5383 702 5384 7
723 5313 1024 5384 Hadrianus
1069 5328 1206 5384 papa
1247 5315 1298 5384 in
1329 5313 1554 5384 epistola
1577 5317 1642 5369 ad
1667 5313 1915 5372 Carolum
1947 5313 2056 5372 bia-

483 5397 646 5451 gnum
676 5383 743 5438 de
769 5381 1105 5450 imaginibus,
1143 5381 1219 5437 'de
1248 5381 1462 5451 Pelagio
1492 5385 1605 5438 haec
1631 5387 1816 5441 scribit
1847 5405 1859 5440 :
1890 5387 2057 5443 Multo

484 5455 706 5522 amplius
731 5469 847 5522 vero
873 5453 986 5522 ejus
1010 5454 1320 5507 sanctissimi
1354 5470 1668 5509 successores
1708 5457 1923 5511 domnus
1955 5457 2056 5512 Pe-

484 5521 651 5592 lagius
678 5531 726 5576 et
753 5521 969 5575 domnus
1012 5521 1263 5592 Joannes,
1315 5524 1458 5578 mira:
1485 5525 1850 5592 magnitudinis
1895 5527 2055 5580 eccle-

483 5591 615 5644 siam
636 5592 994 5661 Apostolorum
1020 5609 1052 5644 a
1073 5591 1179 5645 solo
1202 5592 1536 5661 mdiﬁcantes,
1562 5591 1804 5649 historias
1829 5595 2054 5649 diversas

487 5670 591 5712 tam
613 5663 664 5713 in
688 5662 879 5713 musivo
907 5677 1059 5727 quam
1083 5662 1135 5714 in
1156 5663 1308 5716 variis
1337 5663 1590 5718 coloribus
1620 5681 1734 5717 cum
1765 5668 1926 5719 sacris
1948 5668 2060 5736 pin-

552 5739 570 5759 °
596 5739 694 5789 [loc
717 5737 1036 5788 falsls~imum.

2164 4571 2432 4615 nerantur.

2162 4643 2297 4711 vero
2320 4647 2598 4711 successor
2625 4634 2742 4711 _ejus
2773 4636 3014 4711 perfecit,
3053 4634 3213 4711 atque
3241 4634 3396 4702 titulo
3424 4634 3742 4709 Sanctorum

2163 4696 2392 4785 Philippi
2416 4711 2469 4785 et
2491 4696 2676 4785 Jacobi
2706 4696 2948 4785 eamdem
2976 4696 3742 4785 consecravit:

2161 4780 2320 4849 quem
2369 4779 2528 4849 teste_
2558 4772 2799 4849 [Samnio
2833 4777 3048 4847 antiqua
3097 4772 3442 4842 monumenta
3472 4772 3742 4849 Vatieais;

2162 4834 2395 4892 basilicae
2418 4855 2447 4893 a
2477 4840 2675 4896 Manlio
2701 4845 2923 4900 collecta
2955 4834 3190 4905 babenti:

2513 4579 2614 4618 anc
2633 4566 2914 4647 ecclesiam
2941 4566 3189 4643 Pelagius
3226 4575 3469 4647 inempit,
3511 4566 3746 4640 Joannes

2303 4931 2548 5000 Pelagius
2569 4937 2739 5003 capit,
2771 4940 3038 5009 complevit
3064 4960 3202 5012 papa
3229 4944 3484 5004 Joannes.

2230 5020 2361 5076 Sav.
2391 5021 2588 5079 BINIUS.

2229 5109 2258 5150 ιι
2287 5111 3023 5190 saltastasiicommentarius,
3053 5125 3143 5190 qui
3185 5134 3324 5182 teste
3351 5126 3586 5186 Baronio
3610 5134 3741 5188 scri-

2162 5183 2620 5272 ptusltabeturin
2636 5185 2953 5272 bibliotheca
2973 5183 3255 5272 Vaticana,
3281 5197 3442 5272 habet
3466 5183 3739 5272 Pelagium

2163 5251 2366 5327 sedisse
2390 5269 2561 5327 agnos
2588 5267 2816 5323 quatuor
2841 5274 3051 5314 menses
3077 5251 3261 5318 decem
3299 5251 3492 5323 ctdies

2160 5321 2299 5396 σίιιι.Δ
2320 5319 2393 5396 Ita
2426 5319 2685 5396 Duronius
2713 5341 2854 5380 anno
2882 5327 3005 5393 559,
3039 5347 3187 5386 num.
3221 5334 3271 5388 1.
3303 5319 3660 5396 ὲεῦζῑιιὲῖιὲξξ

2232 5391 2307 5460 (a)
2325 5389 2469 5471 βοά..
2493 5393 2776 5471 Lue.,_qni
2806 5389 3044 5464 poterant
3083 5389 3737 5471 promoveri.

2161 5468 2209 5513 et
2230 5462 2499 5534 multitudo
2527 5462 2904 5534 religiOsorum.

2235 5529 2308 5601 (ὁ)
2332 5529 2478 5586 idem
2506 5529 2651 5598 codf,
2681 5535 2754 5586 ad
2780 5534 3032 5592 Sanctum
3059 5538 3418 5602 Pancratium.

2238 5669 2387 5754 '_Alii
2413 5686 2582 5754 annos
2611 5672 2706 5754 10,
2725 5689 2937 5732 menses
2967 5677 3032 5732 10
3052 5717 3067 5744 ,
3097 5680 3211 5737 dies
3242 5684 3308 5738 l8
3331 5727 3345 5754 ,
3378 5686 3465 5743 alii
3507 5704 3676 5748 annos
3706 5695 3738 5750 6

2167 5748 2372 5794 tantum
2399 5742 2446 5795 ei
2477 5742 2730 5797 tribuuttt.
