3992 6480
203 392 300 449 593

1327 380 1592 440 PELAGll
1632 381 1834 438 ΡΔΡᾸΞ
1874 383 1894 437 1
1931 381 2305 440 ΕΡΙΒΤΟΙΛΕ.

3360 382 3429 431 39
3439 386 3470 432 4

206 518 382 565 terrens
425 499 714 571 Evangelia
765 509 820 555 et
881 514 1098 556 crucem
1144 499 1355 556 Domini
1405 514 1568 570 super
1613 508 1778 570 caput
1805 503 2002 564 Aeum
2034 497 2112 566 (ὁ)
2141 513 2315 569 usque
2344 498 2412 554 ad
2456 497 2688 570 primum
2735 497 2955 568 gradum
3005 495 3211 552 venire.
3265 469 3470 548 Eodem

203 610 362 659 suum,
396 589 447 647 in
473 586 758 646 ambonem
789 590 1050 646 ascendit.
1084 587 1152 644 Et
1192 590 1269 645 sic
1297 590 1555 646 satisfecit
1581 599 1776 646 cuncto

206 676 386 754 populo
434 687 488 734 et
517 677 660 749 plebi
691 679 790 751 (α),
822 678 950 749 quia
995 677 1201 733 nullum
1250 679 1452 733 malum
1485 679 1780 750 peregisset

203 780 378 830 contra
405 767 674 838 Vigilium.

263 861 390 917 ltem
415 859 610 931 adjecit
633 859 882 930 Pelagius
928 877 1090 933 papa,
1138 869 1194 918 et
1221 861 1394 920 dixit:
1430 856 1564 918 Peto
1594 870 1657 917 ut
1683 875 1778 932 pe-

205 956 433 1010 titionem
481 969 657 1008 meam
705 953 1059 1021 conlirmetis,
1109 961 1170 1010 ut
1210 957 1256 1011 si
1302 956 1424 1026 quis
1461 955 1551 1012 ille
1579 953 1778 1023 estqui

203 1044 586 1118 promovendus
613 1054 697 1100 est
735 1045 788 1100 in
833 1053 1021 1101 sancta
1049 1045 1308 1113 Ecclesia,
1340 1047 1409 1101 ab
1438 1045 1660 1102 ostiario
1687 1059 1780 1100 us-

201 1153 300 1210 que
317 1137 380 1192 ad
401 1137 626 1206 gradum
653 1137 1017 1209 episcopatus,
1049 1148 1226 1208 neque
1252 1153 1351 1210 per
1371 1153 1581 1204 aurum,
1604 1149 1782 1205 neque

201 1245 291 1300 per
315 1229 521 1298 aliquas
562 1229 952 1300 promissiones
979 1227 1231 1301 proficiat
1272 1230 1391 1303 (vos
1419 1224 1563 1285 enim
1592 1243 1782 1285 omnes

200 1320 338 1378 scitis
387 1322 515 1391 quia
545 1322 650 1377 hoc
677 1322 1034 1377 simoniacum
1063 1322 1168 1394 est)
1193 1341 1206 1376 :
1237 1321 1333 1378 sed
1361 1323 1408 1378 si
1436 1321 1558 1392 quis
1586 1318 1674 1377 ille
1698 1328 1784 1376 est

200 1409 378 1466 doctus
425 1411 483 1466 in
530 1424 698 1484 opere
726 1411 842 1480 Dei,
873 1413 1072 1468 bonam
1101 1413 1266 1468 vitam
1295 1413 1522 1479 habens,
1554 1427 1662 1468 non
1685 1427 1784 1483 per

199 1497 482 1568 dationem,
526 1500 621 1557 sed
650 1514 747 1571 per
774 1500 972 1556 bonam
998 1504 1488 1574 conversationem,
1522 1502 1776 1573 jubemus

263 1670 286 1698 ιι
315 1659 390 1716 Ex
418 1660 658 1731 antiquis
685 1660 958 1718 Vaticana:
987 1661 1222 1717 basilica:
1246 1660 1632 1725 monumentis,
1664 1675 1782 1730 qua:

197 1727 413 1787 Manlius
433 1727 674 1801 collegit,
695 1733 1030 1805 epitaphium
1052 1731 1270 1802 Pelagio
1288 1747 1443 1806 papae
1463 1727 1781 1802 inscriptum

200 1800 293 1857 hoc
318 1802 574 1857 recitatur
600 1820 612 1856 :

231 1816 293 1858 00
318 1811 574 1859 recitatur
600 1820 612 1856 ζ

263 1871 540 1946 Terrenum
561 1872 1025 1946 corpusclaudant
1053 1873 1163 1929 haec
1187 1875 1321 1946 forte
1348 1874 1587 1946 sepulcra

329 1942 426 1998 Nil
453 1945 624 1997 sancti
646 1942 841 1997 meritis
868 1942 1196 2014 derogatura'
1211 1945 1326 1998 viri.

269 2011 402 2084 Vicit
430 2015 486 2069 in
511 2029 633 2084 arce
660 2014 768 2084 poli
787 2013 978 2068 caelesti
996 2011 1120 2068 luce
1151 2016 1346 2080 beatus,

334 2082 475 2139 Vivit
496 2093 547 2156 et
575 2082 673 2156 hic
686 2085 882 2137 cunctis
907 2100 999 2156 per
1023 2085 1111 2154 pia
1141 2087 1283 2156 facta
1311 2086 1458 2140 locis.

259 2153 498 2226 Surgere
508 2154 708 2224 judicio
737 2153 923 2218 certus,
950 2153 1288 2226 dextramque
1318 2161 1569 2210 tenentem

327 2223 582 2295 Augei-ica
604 2232 802 2294 partem
830 2239 885 2277 se
910 2226 1146 2295 rapiente
1173 2223 1351 2280 manu.

266 2291 531 2348 Virtutum
559 2291 791 2347 numeret
811 2291 989 2348 titulos
1017 2293 1254 2349 Ecclesia
1278 2295 1396 2359 Dei,

211 2422 214 2425 ,
274 2432 306 2437 _
334 2363 478 2428 Quos
506 2371 719 2437 ventura
746 2373 803 2416 ut
829 2365 1022 2437 siccata
1051 2366 1188 2436 ferre
1216 2377 1424 2437 queant.

267 2432 456 2488 Rector
485 2433 785 2502 apostolica:
806 2434 952 2503 ﬁdei,
997 2432 1290 2489 veneranda
1317 2438 1500 2491 retexit

335 2504 618 2576 Dogmata,
643 2519 756 2574 qua:
777 2505 917 2559 clare
945 2505 1258 2559 constituere
1285 2505 1496 2562 Patres.

269 2573 492 2647 Eloquio
513 2573 700 2628 curans
721 2591 954 2628 errorum
975 2575 1254 2647 schismate
1275 2577 1473 2647 lapsos,

215 2696 218 2697 ν
273 2713 299 2717 Α
337 2644 405 2700 Ut
427 2661 598 2717 veram
630 2644 1027 2717 teneantcorda
1047 2644 1470 2717 placata/idem.

261 2713 504 2770 Sacravit
533 2715 722 2769 multos
751 2715 928 2770 divina
954 2717 1064 2787 lege
1092 2713 1381 2784 ministros,

1884 601 2128 660 tempore
2171 588 2415 646 ecclesia:
2462 590 2624 646 rebus
2647 589 2721 661 (c)
2753 585 2990 662 prml‘ecit
3014 589 3094 660 (d)
3126 584 3473 642 Valentinum

1885 677 2156 737 notarium
2184 697 2340 737 suum
2370 681 2651 738 timentem
2678 681 2863 745 Deum,
2883 688 2939 736 et
2965 680 3173 735 restitui
3203 673 3329 733 fecit
3353 693 3474 732 utn-

1884 768 1974 827 nia
2002 787 2132 826 vasa
2161 787 2325 827 aurea
2353 780 2408 826 et
2434 779 2709 841 argentea,
2761 777 2814 825 et
2849 769 3008 840 pallia
3039 785 3136 838 per
3162 783 3352 824 omnes
3379 782 3473 824 ec-

1885 863 2098 921 clesias.
2125 861 2329 918 Eodem
2359 871 2604 932 tempore
2634 861 2844 916 initiata
2890 868 2973 916 est
3001 858 3219 914 basilica
3249 867 3473 929 aposto-

1885 955 2060 1012 lorum
2089 954 2320 1025 Philippi
2349 961 2405 1010 et
2431 951 2636 1010 Jacobi.
2668 952 2798 1021 Qua:
2827 951 2953 1008 dum
2983 947 3289 1006 initiaretur
3313 949 3478 1005 fabri-

1885 1045 2018 1111 cari,
2049 1051 2297 1101 mortuus
2325 1052 2408 1101 est
2435 1054 2485 1112 ι,
2509 1049 2566 1101 et
2583 1046 2823 1116 sepultus
2848 1043 2901 1098 in
2925 1043 3147 1098 basilica
3167 1041 3311 1097 beati
3331 1041 3476 1097 Petri

1886 1129 2117 1207 apostoli
2159 1137 2316 1192 sexto
2363 1152 2536 1193 nouas
2575 1132 2794 1190 Martias
2833 1133 2926 1208 (c).
2958 1127 3058 1189 llic
3087 1131 3213 1188 fecit
3256 1130 3478 1208 ordinae

1885 1228 2064 1284 tiones
2101 1227 2237 1284 duas
2275 1237 2373 1298 per
2422 1241 2664 1282 mensem
2695 1221 3091 1290 Decembrium,
3133 1223 3481 1294 presbyteros

1884 1314 2070 1390 viginti
2099 1330 2216 1385 sex,
2264 1316 2522 1375 diacones
2561 1334 2777 1388 novem,
2826 1317 3109 1389 episcopos
3143 1330 3239 1387 per
3267 1312 3478 1368 diVersa

1884 1410 2002 1472 loca
2035 1427 2259 1467 numero
2283 1411 2636 1483 quadraginta
2667 1427 2884 1466 novem.
2907 1409 2974 1462 Et
3005 1408 3238 1464 cessavit
3265 1406 3481 1478 episco-

1886 1513 2047 1575 patus
2074 1517 2291 1558 menses
2321 1509 2432 1557 tres
2461 1501 2537 1574 (ι’)
2564 1500 2679 1556 dies
2698 1501 2886 1569 viginti
2913 1500 3170 1570 quinque.

2035 1657 2133 1714 Nil
2153 1659 2319 1730 pretio
2342 1659 2537 1730 faciens
2559 1657 2895 1730 immaculata
2919 1671 3123 1712 manus.

1961 1727 2203 1797 Captivos
2231 1727 2510 1792 redimens,
2539 1728 2742 1782 miseris
2763 1743 3060 1782 succurrere
3083 1737 3348 1797 promptus

2083 1797 2380 1871 auperibus,
2411 1815 2674 1871 nunquam
2695 1807 2847 1871 parta
2878 1815 3068 1868 negare
3087 1798 3203 1871 sibi.

1896 1934 1898 1936 τ
1963 1868 2162 1952 Tristia
2185 1868 2540 1952 participans,
2556 1869 2669 1952 ltl’l‘l.
2693 1870 2991 1952 moderator
3015 1869 3216 1938 opimus

2034 1939 2260 1994 Alterius
2290 1941 2507 2010 gemitus
2530 1939 2750 1993 credidit
2776 1955 2889 1992 esse
2915 1952 3054 1992 suos.

1961 2017 2188 2073 Additur
2215 2021 2405 2074 eodem
2437 2019 2557 2073 loco
2582 2035 2594 2071 :
2621 2017 2724 2071 Hic
2751 2019 3021 2088 requiescit
3046 2015 3291 2089 Pelagius
3319 2021 3478 2089 papa,

1811 2081 1860 2143 B
1887 2089 1976 2160 qui
2001 2089 2136 2160 sedit
2179 2105 2344 2143 annos
2367 2097 2609 2160 quatuor,
2640 2081 2844 2160 menses
2867 2089 3082 2160 decem,_
3102 2081 3210 2141 die}
3233 2081 3406 2160 decem
3433 2081 3484 2144 et

1890 2156 2040 2281 2cm.
2059 2158 2339 2283 [gggositus
2367 2156 2550 2230 quarto
2597 2175 2764 2240 nonas
2793 2157 2995 2214 Martii.
3040 2156 3164 2213 Haec
3188 2172 3255 2212 ex
3279 2157 3482 2218 Baron.

1930 2244 2039 2283 nno
2181 2268 2194 2283 .

1930 2244 2039 2284 11110
2070 2244 2194 2284 ὓῦυ.

1965 2369 2045 2442 (a)
2076 2368 2134 2442 ln
2157 2369 2348 2442 eodem
2376 2381 2429 2425 et
2455 2370 2590 2442 plebi
2617 2369 2789 2425 deest.

1991 2439 2043 2513 b)
2070 2439 2134 2513 ln
2163 2441 2376 2507 eodem,
2401 2439 2788 2513 jubemuseam
2814 2439 2986 2513 deest.

1989 2503 2038 2576 ε)
2070 2503 2126 2565 1η
2157 2513 2348 2566 eodem
2365 2503 2521 2576 ὠά..
2551 2511 2786 2565 ecclesia:
2814 2510 2965 2566 rebus
2989 2512 3161 2570 deest.

1976 2583 2058 2653 (ά)
2077 2581 2232 2653 ldem
2247 2582 2404 2653 cod.,
2436 2583 2628 2652 posuit.

1971 2651 2044 2723 (e)
2073 2651 2130 2723 l_n
2157 2652 2371 2716 eodem,
2397 2651 2543 2707 sexto
2569 2669 2740 2709 nonas
2765 2652 2989 2709 Martias
3011 2655 3186 2712 deest.

1975 2721 2055 2793 (ί)
2084 2721 2255 2792 Idem,
2283 2723 2412 2777 duos

207 2833 3479 2876 ΝΜ

1074 2927 1847 3095 genam:
1923 2927 2466 3052 parm
2541 2943 2612 3052 ι

1420 3147 2274 3281 EPISTOL/E.

541 3527 877 3586 EPISTOLA
916 3527 1132 3585 PRIMA
1179 3529 1325 3603 (olim
1353 3530 1444 3601 ll.)

764 3660 832 3698 an
870 3659 1153 3698 masere»:
1181 3644 1216 3700 ‘.

198 3756 454 3814 Hortatur
480 3756 749 3829 utilegatis
771 3757 1026 3829 auxilium
1054 3765 1265 3829 prestet
1294 3756 1366 3809 ad
1387 3760 1654 3829 episcopos
1685 3757 1791 3812 Ec-

503 3827 676 3882 clesia:
707 3827 1095 3898 perturbatores
1124 3828 1481 3899 corrigendos.

265 3941 545 4011 Pelagius,
569 3941 752 3997 Narsaa
777 3941 1006 4012 patricio
1032 3949 1089 3996 et
1115 3941 1239 3996 duci
1265 3940 1321 3996 in
1353 3940 1506 3996 Italia
1533 3944 1571 3994 ¹.

272 4033 425 4100 Quali
463 4048 563 4088 nos
585 4032 653 4088 de
681 4031 864 4101 glorise
891 4039 1086 4087 vestra:
1113 4030 1302 4086 studiis
1326 4030 1530 4101 judicio
1556 4031 1796 4099 gratule-

199 4139 314 4179 mur
329 4164 345 4190 ,
369 4140 487 4180 non
509 4123 686 4180 solum
717 4131 973 4189 vestram,
997 4123 1092 4178 sed
1113 4123 1408 4177 multorum
1433 4138 1497 4178 ac
1519 4137 1659 4193 pene
1679 4138 1798 4177 om-

202 4213 345 4268 nium
375 4212 653 4269 credimus
681 4212 884 4268 habere
925 4212 1203 4277 notitiam;
1246 4220 1301 4266 et
1331 4212 1532 4268 idcirco
1561 4229 1703 4268 nunc
1731 4213 1800 4268 de

204 4301 428 4373 bisquze
451 4302 609 4357 vobis
630 4301 982 4372 praesentibus
1007 4301 1078 4356 ibi
1110 4302 1224 4356 lieri
1243 4309 1541 4373 stupemus,
1574 4303 1798 4359 ﬁducia-

204 4393 320 4449 liter
346 4392 497 4465 apud
533 4393 760 4461 gloriam
787 4401 1020 4448 vestram
1051 4391 1302 4447 duximus
1330 4393 1796 4464 conquerendum.

209 4479 473 4538 Thracius
519 4481 781 4552 siquidem
821 4490 985 4551 atque
1017 4481 1411 4538 Maximilianus
1435 4485 1654 4538 nomina
1685 4493 1803 4538 tan-

210 4581 321 4628 tum
374 4575 760 4645 episcoporum
817 4573 1107 4639 habentes,
1164 4583 1220 4629 et
1267 4574 1691 4631 ecclesiasticam
1728 4576 1800 4632 ibi

208 4666 467 4723 unitatem
493 4665 816 4736 perturbare
843 4664 1098 4719 dicuntur
1119 4705 1135 4731 ,
1167 4673 1223 4720 et
1261 4681 1451 4720 omnes
1471 4666 1802 4722 ecclesiasti-

209 4771 296 4813 cas
342 4774 430 4815 res
481 4758 593 4814 suis
620 4757 808 4812 usibus
838 4756 1157 4826 applicare:
1212 4757 1480 4810 intentum
1526 4765 1585 4812 ut
1612 4767 1802 4814 contra

1818 3542 1863 3603 (ζ
1895 3535 2089 3594 allectu
2112 3529 2339 3609 gloriam
2370 3552 2626 3610 vestram,
2661 3544 2896 3614 petimus
2925 3553 2984 3598 nt
3033 3543 3289 3615 praefatis,
3319 3548 3412 3617 qui
3459 3565 3489 3604 a

1899 3641 2085 3687 nostra
2109 3633 2238 3689 sede
2266 3634 2457 3690 directi
2484 3645 2630 3702 sunt,
2660 3637 2715 3692 in
2743 3637 2994 3692 omnibus
3013 3637 3298 3708 praebeatis
3337 3643 3462 3696 auxi
3488 3674 3493 3679 ι

1901 3725 2062 3794 lium;
2105 3742 2209 3783 nec
2237 3729 2439 3798 putetis
2467 3729 2694 3799 alicujus
2721 3745 2844 3785 esse
2864 3731 3092 3801 peccati,
3115 3732 3161 3787 si
3190 3731 3494 3802 bujusmodi

1900 3815 2146 3873 homines
2183 3820 2634 3889 comprimuntur.
2668 3819 2787 3878 Hoc
2826 3823 2972 3877 enim
3000 3831 3056 3878 et
3078 3823 3272 3879 divina:
3301 3832 3358 3878 et
3395 3826 3494 3879 hu-

1901 3923 2076 3963 manm
2106 3905 2201 3982 [αι.
2256 3910 2563 3984 mundanae]
2595 3912 2740 3982 leges
2768 3922 3102 3980 statuerunt,
3125 3923 3186 3969 ut
3209 3915 3278 3970 ab
3305 3913 3494 3971 Eccle«

1905 3999 1998 4064 sia:
2023 3999 2231 4056 unitate
2257 4001 2412 4057 divisi
2436 4044 2451 4068 ,
2477 4012 2534 4058 et
2556 4005 2674 4074 ejus
2701 4020 2890 4075 pacem
2916 4007 3250 4075 iniquissime
3277 4015 3492 4077 pertur-

1905 4093 2115 4159 bantes,
2140 4109 2170 4148 a
2199 4096 2544 4153 szccularibus
2567 4099 2728 4154 etiam
2752 4099 3110 4170 potestatibus
3137 4099 3495 4169 compriman-

1907 4193 2013 4239 tur.
2045 4185 2158 4240 Nec
2200 4187 2491 4258 quidquam
2521 4189 2694 4258 majus
2719 4197 2824 4257 est,
2868 4188 3012 4243 unde
3039 4189 3152 4244 Deo
3180 4188 3496 4245 sacriﬁcium

1909 4276 2126 4345 possitis
2154 4277 2350 4332 ollerre
2373 4317 2390 4344 ,
2419 4293 2583 4346 quam
2631 4278 2678 4332 si
2722 4278 2774 4332 id
2823 4277 3084 4334 ordinetis
3108 4315 3123 4341 ,
3155 4288 3216 4332 ut
3243 4278 3296 4332 hi
3325 4279 3414 4347 qui
3444 4278 3495 4332 in

1909 4381 2060 4420 suam
2110 4374 2167 4420 et
2210 4367 2438 4422 aliorum
2485 4368 2780 4438 perniciem
2822 4367 3252 4436 debacchentur,
3277 4383 3496 4439 compe-

1908 4454 2040 4509 tenti
2069 4454 2303 4511 debeant
2324 4458 2507 4526 vigore
2535 4459 2825 4530 compesci.

2314 4568 2652 4625 EPISTOLA
2687 4570 2732 4626 ll
2770 4569 2937 4644 (Olim
2965 4571 3076 4643 Ill).

2518 4676 2588 4716 AD
2626 4678 2866 4718 EUIDBI.

2231 4749 2415 4807 Monet
2441 4762 2498 4807 ut
2532 4755 2892 4811 schismaticos
2916 4765 3169 4835 coerceat.

212 4862 368 4906 unum
382 4865 595 4916 eorum,
621 4849 675 4904 id
697 4857 780 4904 est
806 4847 1252 4918 Maximilianum,
1281 4865 1453 4918 usque
1474 4851 1541 4905 ad
1569 4866 1669 4908 nos
1697 4869 1796 4922 per

1968 4865 2086 4922 Non
2110 4881 2210 4922 vos
2236 4867 2515 4923 hominum
2537 4870 2845 4939 vaniloquia
2869 4871 3169 4938 retardent,
3201 4871 3496 4931 dicentium

211 4948 316 4996 tam
359 4944 582 5011 longum
613 4943 736 5009 iter,
791 4942 1114 4998 necessitate
1142 4943 1529 5012 compellente,
1579 4945 1797 5014 quidam

213 5031 612 5103 iufatigabiliter
637 5035 948 5098 venientes,
980 5049 1171 5104 preces
1198 5032 1472 5092 ollerrent.

280 5122 359 5179 0b
398 5139 563 5195 quam
601 5139 819 5180 causam
858 5123 1078 5179 Petrum
1105 5125 1479 5198 presbyterum
1508 5128 1651 5184 sedis
1696 5145 1799 5185 no-

215 5223 356 5281 strae,
385 5218 483 5274 sed
497 5226 554 5273 et
584 5215 888 5286 Projectum
911 5217 1178 5274 notarium
1201 5219 1268 5274 ad
1297 5219 1487 5275 eadem
1510 5221 1627 5277 loca
1646 5221 1802 5277 duxi-

216 5321 329 5362 mus
357 5307 728 5374 destinandos,
760 5316 821 5362 ut
846 5323 910 5362 ea
935 5323 1055 5379 quae
1075 5310 1350 5367 canonicis
1376 5314 1591 5370 statutis
1615 5329 1645 5368 a
1667 5331 1802 5386 pra:-

218 5395 370 5454 dictis
409 5399 888 5470 pseudoepiscopis
941 5402 1306 5470 compererint
1351 5406 1640 5461 commissa
1668 5448 1683 5473 ,
1714 5409 1801 5464 vel

219 5489 372 5559 digna
395 5491 630 5551 debeant
653 5491 729 5547 ibi
753 5491 958 5546 ultione
984 5506 1351 5561 compescere,
1373 5494 1459 5550 vel
1488 5495 1711 5552 eosdem
1732 5499 1802 5554 ad

217 5593 316 5636 uos
349 5597 521 5653 usque
567 5581 885 5654 perducere.
934 5580 1004 5636 Et
1055 5581 1181 5638 ideo
1229 5585 1524 5642 salutantes
1570 5596 1800 5658 paterno

343 5717 551 5792 Duples
577 5725 834 5792 usurpata
864 5723 948 5792 e_st
975 5717 1133 5788 hujus
1158 5718 1391 5775 nominis
1409 5720 1717 5792 declinatio,
1745 5733 1803 5780 ut

224 5788 410 5844 lectori
430 5786 591 5848 Tacile
619 5786 842 5848 patebit.
877 5786 1030 5843 Eorr.

292 5862 306 5892 ⁸
346 5859 552 5928 Ansel.,
585 5857 677 5913 lib.
709 5872 802 5924 ιιι,
830 5873 950 5928 cap.
975 5857 1071 5926 46;
1099 5858 1303 5933 Polye,
1337 5861 1457 5922 ibid.

579 5953 850 6012 Parant.
894 5951 1118 6012 LXIX.

1902 4959 2025 5027 quia
2069 4943 2501 5028 persecutionem
2531 4960 2775 5018 Ecclesia
2804 4961 2983 5029 faciat,
3017 4964 3142 5019 dum
3170 4964 3256 5018 vel
3283 4980 3347 5020 ea
3375 4958 3494 5034 quas

1902 5050 2312 5104 committuntur
2331 5052 2591 5121 reprimit,
2615 5054 2700 5108 vel
2722 5053 3021 5108 animarum
3051 5055 3277 5110 salutem
3308 5058 3489 5124 requi-

1904 5139 1976 5193 rit
2021 5140 2063 5191 '.
2110 5137 2307 5194 Errant
2361 5141 2665 5209 hujusmodi
2710 5143 2943 5199 rumoris
2970 5144 3316 5201 labulatores.
3374 5143 3492 5200 Non

1904 5230 2247 5301 persequitur
2266 5273 2280 5298 ,
2325 5232 2428 5287 nisi
2455 5233 2547 5303 qui
2574 5235 2640 5290 ad
2670 5235 2870 5290 malum
2901 5236 3062 5304 cogit.
3094 5236 3194 5304 Qui
3231 5251 3361 5292 vero
3390 5254 3477 5292 ma

1909 5320 2022 5375 lum
2050 5321 2136 5376 vel
2161 5319 2362 5377 factum
2384 5322 2495 5392 jam
2524 5325 2716 5394 punit,
2741 5326 2828 5381 vel
2855 5327 3106 5396 prohibet
3135 5343 3202 5382 ne
3230 5326 3353 5392 ﬁat;
3387 5345 3494 5384 non

1909 5412 2254 5482 persequitur
2281 5413 2418 5482 iste,
2448 5413 2546 5470 sed
2573 5415 2763 5484 diligit.
2786 5416 2919 5470 Nam
2949 5416 2992 5470 si
3019 5459 3034 5484 ,
3067 5425 3127 5471 ut
3165 5416 3239 5471 illi
3265 5425 3492 5487 putant,

1910 5518 2072 5560 nemo
2119 5519 2224 5561 nec
2265 5507 2638 5577 reprimendus
2664 5521 2693 5563 a
2722 5509 2862 5563 malo
2887 5548 2901 5572 ,
2933 5523 3036 5563 nec
3065 5509 3421 5566 retrahendus
3463 5525 3494 5566 a

1907 5597 2050 5652 malo
2069 5596 2136 5654 ad
2157 5597 2357 5654 bonum
2381 5608 2491 5667 est,
2515 5601 2778 5657 humanas
2800 5611 2853 5657 et
2872 5602 3080 5658 divinas
3106 5603 3254 5675 leges
3273 5616 3494 5660 necesse

1984 5732 2003 5760 ²
2044 5727 2250 5812 Ροιχεε,
2284 5734 2378 5790 lib.
2406 5750 2496 5802 vn,
2531 5735 2613 5790 tit.
2645 5733 2883 5796 5.'Ans..
2915 5736 3008 5791 lib.
3036 5753 3133 5804 ιη,
3160 5753 3207 5794 c.
3253 5732 3341 5794 45.
3376 5737 3488 5795 lvo.

1909 5815 1963 5869 ρ.
1999 5817 2052 5868 x,
2083 5802 2238 5862 0.95.
3121 5802 3127 5804 ’
3309 5851 3313 5854 .

3063 5963 3128 6023 13
