3992 6456
508 391 614 447 395

1854 388 2121 446 PELAGII
2162 387 2365 445 PAP/E
2404 388 2425 442 ῐ

3704 374 3839 427 59D

505 517 587 563 cst
610 505 859 562 evacuari
884 549 899 574 ,
929 522 1049 578 qure
1076 516 1131 562 et
1158 506 1311 561 malis
1331 520 1568 576 pmnam,
1598 513 1655 561 et
1682 503 1837 559 bonis
1865 504 2083 574 praemia
2114 510 2162 565 Α
2190 511 2284 556 aut
2313 502 2457 557 aliud
2490 502 2659 557 altare
2687 500 2942 567 erexerit,
2991 514 3090 555 seu
3135 498 3367 554 schisma
3403 495 3640 560 fecerit;
3706 494 3833 547 istc

499 600 706 670 justitia
743 599 1002 655 suadente
1030 598 1381 655 constituunt.
1413 597 1610 652 Malum
1633 604 1813 651 autem
1855 595 2089 650 scbisma

502 707 645 760 esse,
673 700 731 748 et
749 706 846 763 per
871 698 1087 747 exteras
1111 689 1276 744 etiam
1304 697 1603 760 potestates
1642 685 1946 758 bujusmodi
1992 686 2084 741 ho-

503 788 675 844 mines
693 785 892 844 debere
918 784 1169 855 opprimi,
1195 792 1251 839 et
1278 783 1553 839 canonica:
1584 780 1871 852 Scriptura:
1899 788 2093 835 aucto-

502 879 635 937 ritas
654 919 674 947 ,
699 887 757 934 et
783 862 1129 950 paternarum
1157 875 1463 945 regularum
1494 889 1593 929 nos
1629 874 1829 929 veritas
1856 871 2019 927 docet
2050 872 2087 926 ⁸.

502 969 758 1040 Quisquis
788 981 918 1037 ergo
943 966 1011 1021 ab
1040 965 1350 1036 apostolicis
1380 964 1582 1020 divisus
1610 971 1693 1019 est
1734 962 1950 1017 sedibus
1972 1002 1988 1027 ,
2037 961 2091 1016 in

501 1062 793 1118 schismate
817 1074 940 1114 eum
968 1072 1086 1113 esse
1109 1072 1217 1111 non
1258 1055 1473 1110 dubium
1520 1062 1633 1120 est,
1673 1062 1727 1111 et
1754 1061 1941 1109 contra
1973 1053 2091 1107 uni-

501 1148 765 1207 versalem
794 1146 1089 1204 Ecelesiam
1121 1147 1290 1201 altare
1320 1154 1549 1201 conatur
1577 1146 1806 1214 erigere.
1837 1143 1943 1199 Sed
1965 1142 2090 1214 quid

502 1244 570 1298 de
592 1241 789 1297 talibus
817 1240 1051 1295 insertus
1074 1237 1501 1295 Chalcedonensi
1541 1236 1750 1309 synodo
1781 1252 1955 1292 canon
1982 1245 2091 1291 sta-

502 1340 649 1401 tuat,
672 1331 842 1402 gloria
870 1340 1050 1385 vestra
1075 1328 1402 1395 consideret,
1425 1329 1516 1383 ubi
1543 1336 1666 1399 post
1694 1327 1797 1381 alia
1825 1327 1901 1382 sic
1927 1326 2087 1382 dicit:

503 1423 663 1492 Quia
703 1421 1085 1478 communione
1125 1418 1362 1489 seipsum
1389 1418 1698 1489 suspendit,
1725 1426 1779 1473 et
1807 1416 2090 1473 collectam

501 1517 651 1585 facit,
678 1524 735 1572 et
759 1514 930 1570 altare
943 1512 1221 1569 constituit
1238 1529 1253 1577 ;
1272 1520 1327 1567 et
1349 1510 1807 1567 nolueritvocanti
1834 1511 2091 1581 episc0po

501 1609 829 1674 consentire,
854 1615 911 1663 et
934 1604 1167 1661 noluerit
1190 1602 1365 1659 eidem
1386 1603 1750 1673 acquiescere,
1767 1617 1943 1672 neque
1969 1602 2095 1657 obe-

502 1700 618 1755 dire
644 1698 818 1770 primo
846 1704 902 1752 et
927 1694 1225 1752 secundum
1252 1693 1491 1759 vocanti,
1524 1693 1670 1748 hunc
1695 1694 1915 1748 omnino
1940 1693 2093 1746 dam-

502 1792 755 1859 nari,nec
781 1802 1019 1857 unquam
1040 1784 1128 1841 vel
1154 1784 1455 1850 orationem
1480 1783 1699 1850 mereri,
1723 1799 1823 1839 nec
1851 1782 2093 1853 recipere

500 1898 623 1939 eum
636 1895 795 1953 posse
804 1875 1151 1934 bonorem.Si
1166 1874 1309 1929 enim
1322 1873 1679 1946 permanserit
1691 1874 1874 1929 turbas
1887 1873 2090 1929 faciens
2122 1890 2168 1950 Β

498 1982 557 2031 ει
572 1972 868 2031 seditiones
896 1968 1175 2035 Ecclesiae,
1208 1982 1308 2038 per
1335 1974 1578 2023 exteram
1605 1974 1933 2037 potestatem
1965 1974 2084 2020 tan-

497 2079 658 2136 quam
710 2060 1025 2119 seditiosum
1068 2057 1377 2129 comprimi.
1417 2056 1487 2111 Et
1524 2057 1716 2113 beatus
1760 2057 2090 2125 Augustinus

498 2156 568 2211 de
596 2156 792 2210 talibus
837 2153 970 2210 dicit
1022 2152 1265 2226 (Enchir.
1308 2167 1358 2207 c.
1391 2150 1479 2222 72)
1524 2167 1537 2205 :
1570 2150 1735 2205 Multa
1764 2151 1926 2205 etiam
1965 2166 2032 2205 cu
2057 2166 2086 2203 ιι

500 2245 683 2300 invitis
710 2244 941 2313 benigna
976 2244 1211 2312 quadam
1240 2242 1533 2312 asperitate
1561 2240 1859 2312 plectendis
1882 2241 2090 2311 agenda

500 2342 654 2402 sunt,
696 2349 927 2405 quorum
954 2333 1135 2404 potius
1165 2333 1383 2387 utilitati
1408 2332 1795 2388 consulendum
1821 2334 1907 2389 est
1926 2348 2087 2403 quam

500 2427 787 2486 voluntati.
828 2426 962 2481 Nam
991 2428 1045 2481 in
1072 2425 1417 2498 corripiendo
1465 2425 1605 2493 filio,
1634 2428 1976 2497 quantumvis
2004 2444 2091 2483 as-

501 2535 650 2591 pere,
683 2533 954 2588 nunquam
985 2524 1243 2589 paternus
1282 2533 1436 2573 amor
1463 2518 1726 2574 amittitur
1757 2537 1771 2573 :
1802 2518 1860 2575 lit
1889 2530 2088 2588 tamen,

501 2611 648 2681 quod
669 2610 874 2678 nollet,
898 2618 959 2666 ut
983 2610 1195 2678 doleat,
1226 2609 1318 2681 qui
1346 2613 1512 2666 etiam
1540 2611 1738 2668 invitus
1763 2613 1975 2670 videtur
1995 2616 2093 2671 do-

502 2704 619 2760 lore
664 2703 956 2759 sanandus.
1007 2702 1150 2759 Ecce
1207 2702 1400 2759 videtis
1454 2704 1913 2776 quemadmodum
1960 2708 2092 2764 tanti

501 2794 813 2850 testimonio
843 2793 1018 2849 Patris
1060 2809 1171 2849 non
1197 2804 1558 2865 persequatur
1583 2797 1888 2853 coercendo
1916 2798 2044 2853 talia
2073 2838 2088 2861 ,

501 2885 597 2942 sed
627 2885 814 2954 diligat
840 2886 1180 2942 emendando
1212 2886 1346 2942 tales
1374 2901 1589 2958 semper
1613 2887 1880 2945 Ecclesia.
1910 2889 2094 2945 Facite

498 2990 631 3047 ergo
659 2976 824 3033 etiam
850 2992 969 3046 vos,
1014 2976 1158 3047 quod
1187 2976 1421 3033 scientes
1450 2977 1805 3034 intentionem
1829 2978 2092 3034 Christia-

500 3071 683 3127 nitatis
710 3078 905 3128 vestrae
954 3072 1269 3141 frequenter
1296 3074 1612 3141 hortamur;
1640 3083 1696 3129 et
1724 3074 1850 3131 date
1874 3091 2093 3146 operam

502 3170 562 3217 ut
588 3162 717 3217 talia
749 3161 862 3218 lteri
896 3162 1036 3217 ultra
1065 3177 1173 3217 non
1205 3162 1366 3218 liceat
1389 3206 1405 3231 ,
1435 3165 1529 3220 sed
1558 3166 1723 3219 etiam
1751 3166 1918 3237 (quod
1942 3167 2096 3226 vobis

2196 593 2697 648 excommunicetur
2710 602 2872 663 atque
2884 592 3188 647 damnetur.
3203 588 3360 656 Quod
3387 588 3431 643 si
3449 586 3586 643 forte
3608 597 3671 641 et
3696 585 3829 639 hoc

2193 684 2618 754 contempserit,
2651 692 2707 739 et
2752 681 3111 753 permanserit
3138 681 3429 736 divisiones
3466 686 3522 733 et
3551 676 3823 732 schisma

2192 774 2468 841 faciendo,
2500 790 2598 844 per
2626 780 2921 844 potestates
2947 770 3191 841 publicas
3231 769 3589 840 opprimatur.
3617 764 3821 831 Ecce,

2192 867 2411 923 domine
2433 909 2450 936 ,
2480 866 2621 937 quod
2650 866 2858 921 animus
2905 874 3083 920 vester
3127 864 3267 920 forte
3314 862 3530 917 timidus
3557 872 3681 927 est,
3738 873 3825 915 ne

2192 961 2442 1033 persequi
2470 961 2703 1016 videaris
2725 1001 2741 1024 ,
2768 959 2834 1015 de
2865 957 3083 1014 Patrum
3113 957 3269 1013 vobis
3306 955 3629 1011 auctoritate
3679 952 3819 1005 haec

2191 1053 2428 1108 breviter
2448 1052 2724 1121 dirigenda
2754 1052 2963 1107 curavit
2985 1045 3296 1123 [L.curavi]
3319 1066 3331 1101 :
3357 1063 3479 1103 cum
3501 1044 3656 1100 mille
3691 1043 3815 1097 alia

2192 1145 2433 1218 exempla
2452 1154 2507 1201 et
2532 1145 2947 1200 constitutiones
2966 1144 3073 1200 sint
3096 1142 3291 1211 quibus
3317 1141 3595 1196 evidenter
3615 1154 3814 1207 agno—

2191 1238 2375 1302 scitur,
2400 1247 2458 1292 ut
2486 1239 2743 1294 facientes
2771 1238 3033 1293 scissuras
3061 1237 3113 1291 in
3143 1243 3330 1291 saneta
3359 1234 3599 1290 Ecclesia
3622 1274 3640 1297 ,
3683 1248 3811 1286 non

2192 1331 2365 1386 solum
2388 1331 2611 1396 exsiliis,
2628 1330 2723 1386 sed
2747 1331 2911 1385 etiam
2940 1329 3334 1400 proscriptione
3363 1340 3545 1381 rerum
3568 1334 3623 1379 et
3653 1323 3809 1376 dura

2192 1422 2435 1478 custodia
2464 1437 2560 1494 per
2590 1420 2831 1492 publicas
2860 1428 3159 1492 potestates
3188 1418 3424 1474 debeant
3452 1430 3728 1472 coerceri.

2601 1553 2939 1611 EPISTOLA
2973 1553 3040 1608 ιιι
3084 1553 3229 1626 (olim
3279 1551 3385 1622 ιγ).

2661 1684 2730 1723 ΑΒ
2768 1683 2969 1724 Μιιεειι
3011 1681 3317 1721 Ριτιιιοιυιι.

2197 1779 2268 1835 Ut
2295 1779 2649 1834 schismaticos
2671 1819 2687 1843 ,
2720 1796 2751 1832 a
2780 1777 2962 1850 quibus
3004 1779 3178 1850 fuerat
3201 1777 3397 1844 injuste
3422 1776 3809 1830 communione

2650 1848 2955 1903 interdictas
2978 1848 3011 1916 ,⁷
3044 1848 3306 1918 reprimat.

2265 1959 2513 2031 Pelagius
2544 1960 2726 2018 Narste
2753 1960 2981 2030 patricio
3002 1961 3024 1992 ¹

2265 2073 2584 2141 Relcgentes
2631 2072 2838 2127 litteras
2866 2070 3196 2126 excellentiae
3221 2078 3415 2125 vestne
3441 2108 3457 2134 ,
3486 2068 3554 2124 de
3586 2068 3795 2137 injuria

2191 2166 2405 2234 quidem
2435 2182 2595 2236 quam
2626 2166 3101 2234 vobisiniquorum
3131 2164 3407 2219 hominum
3434 2160 3796 2231 praesumptio

2194 2257 2435 2326 ingessit,
2476 2256 2632 2311 valde
2658 2256 2946 2311 doluimus.
3007 2253 3115 2309 Sed
3160 2254 3286 2322 quia
3334 2254 3535 2307 scimus
3565 2251 3795 2305 occulto

2193 2346 2287 2401 Dei
2306 2344 2509 2414 judicio
2538 2344 2773 2399 animam
2806 2349 3057 2407 vestram,
3082 2342 3182 2396 etsi
3210 2357 3306 2412 per
3328 2341 3554 2395 aliorum
3585 2339 3794 2407 iniqui-

2195 2444 2358 2490 tatem
2390 2441 2445 2489 et
2472 2434 2778 2504 superbiam
2798 2474 2813 2501 ,
2844 2440 2899 2488 et
2924 2448 2955 2486 a
2985 2431 3445 2488 contaminatione
3473 2430 3794 2485 schismatis

2192 2526 2550 2592 custodit-am;
2600 2525 2808 2594 egimus
2851 2524 3204 2594 omnipotenti
3248 2522 3363 2577 Deo
3404 2522 3637 2591 gratias,
3689 2521 3794 2589 qui

2193 2619 2355 2673 etiam
2397 2616 2464 2671 de
2504 2616 2659 2671 malis
2704 2615 2983 2669 hominum
3012 2616 3220 2670 actibus
3246 2614 3390 2669 bona
3409 2612 3628 2682 operari
3657 2628 3792 2667 con-

2193 2712 2385 2766 suevit.
2426 2709 2537 2764 Nec
2563 2710 2707 2764 enim
2736 2709 2853 2764 sine
2892 2708 3033 2763 illius
3078 2706 3411 2779 providentia
3438 2704 3791 2760 factumesse

2194 2802 2521 2861 credendum
2547 2811 2652 2869 est,
2700 2812 2759 2858 ut
2802 2802 3059 2859 inscnsati
3093 2812 3149 2856 et
3177 2800 3415 2872 perversi
3436 2799 3685 2854 homines
3720 2796 3794 2853 ad

2193 2896 2301 2951 hoc
2330 2910 2501 2964 usque
2530 2894 2838 2964 prosilirent
2859 2933 2877 2959 ,
2923 2902 2984 2948 ut
3027 2908 3178 2948 suam
3215 2892 3529 2945 divisionem
3556 2888 3795 2944 catholi-

2195 3002 2315 3041 ca'n
2346 3000 2465 3041 esse
2506 2984 2789 3040 credentes
2826 2982 3154 3049 Ecclesiam,
3185 2997 3214 3036 a
3244 2996 3339 3036 sua
3364 2996 3461 3036 vos
3488 2978 3797 3050 pollutione

2196 3080 2568 3151 prohiberent.
2617 3076 2709 3131 Sic
2736 3077 2879 3131 enim
2909 3092 3005 3147 per
3041 3074 3462 3130 misericordiam
3493 3072 3587 3126 Dei
3616 3073 3796 3126 etiam

2198 3171 2562 3227 nescientibus
2584 3170 2688 3225 illis
2708 3170 2813 3225 hoc
2842 3169 3040 3224 factum
3062 3176 3165 3233 est,
3191 3177 3295 3223 uta
3318 3167 3795 3222 schismatieorum

503 3253 960 3350 facillimum.
990 3266 1100 3307 non
1128 3252 1337 3350 dubito)
1380 3254 1434 3309 hi
1463 3254 1555 3350 qui
1575 3255 1714 3350 talia
1741 3270 2096 3350 przesumpsc-
2123 3290 2167 3350 ο
2199 3264 2433 3319 factione
2460 3260 2600 3317 eruti
2625 3304 2640 3329 ,
2665 3261 2971 3325 catholicae,
3003 3274 3164 3329 quam
3190 3258 3427 3325 diligitis,
3457 3256 3659 3311 servari
3682 3271 3798 3311 vos

505 3351 663 3411 runt,
686 3342 753 3397 ad
774 3342 1075 3413 piissimum
1113 3342 1412 3415 principem
1438 3344 1538 3399 sub
1559 3344 1717 3413 digna
1745 3345 1984 3400 custodia
2013 3346 2096 3401 di-

505 3434 768 3503 rigantur.
802 3431 1069 3488 Recolere
1088 3433 1233 3488 enim
1254 3433 1417 3491 debet
1438 3435 1703 3491 celsitudo
1728 3443 1905 3491 vestra
1920 3477 1935 3504 ,
1968 3438 2095 3508 quid

504 3537 605 3595 per
628 3538 728 3579 vos
748 3523 889 3578 Deus
916 3521 1104 3578 fecerit
1124 3531 1373 3594 tempore
1396 3525 1489 3581 illo
1513 3540 1646 3595 quo,
1675 3526 1886 3582 Istriam
1908 3534 1965 3583 et
1995 3527 2096 3583 Ve-

507 3614 677 3669 netias
691 3621 922 3686 tyranno
943 3612 1119 3669 Totila
1137 3614 1466 3685 possidente,
1482 3616 1703 3673 Francis
1719 3617 1880 3672 etiam
1900 3629 2094 3675 cuncta

506 3705 839 3762 vastantibus
861 3743 877 3772 ,
909 3719 1017 3759 non
1046 3714 1177 3762 ante
1200 3714 1380 3762 tamen
1408 3707 1864 3765 Mediolanensem
1886 3711 2097 3781 cpisco-

508 3809 635 3864 pum
658 3792 773 3849 tieri
798 3793 1136 3863 permisistis,
1167 3795 1269 3851 nisi
1297 3797 1772 3854 clementissimum
1798 3800 2094 3873 principem

507 3883 702 3942 exinde
730 3885 1052 3942 retulissetis
1080 3904 1094 3941 :
1126 3896 1183 3943 et
1214 3889 1344 3959 quid
1384 3890 1499 3945 ﬁeri
1526 3891 1821 3958 debuisset,
1847 3893 1963 3963 ejus
1990 3895 2096 3951 ite-

505 3989 624 4032 rum
651 3975 870 4047 scriptis
892 3979 1348 4048 reeognovissetis
1372 4017 1386 4044 ,
1417 3986 1474 4035 et
1498 3980 1640 4037 inter
1661 3982 1858 4053 ubique
1884 3984 2097 4043 ferven-

503 4080 588 4128 tes
616 4071 834 4138 hostes,
867 4070 1182 4128 Ravennam
1208 4081 1391 4130 tamen
1429 4083 1485 4131 et
1529 4076 1575 4132 is
1611 4077 1703 4148 qui
1723 4078 2093 4149 ordinabatur,

503 4171 562 4219 et
588 4162 635 4219 is
659 4163 753 4233 qui
781 4162 1128 4221 ordinaturus
1166 4174 1312 4233 erat,
1345 4168 1681 4239 providentia
1722 4170 1970 4229 culminis
1997 4189 2093 4229 ve-

503 4256 601 4311 stri
630 4254 844 4311 deducti
870 4264 1021 4310 sunt.
1054 4254 1130 4311 De
1176 4255 1461 4328 Liguribus
1487 4300 1501 4326 ,
1532 4268 1691 4330 atque
1722 4260 2009 4328 Veneticis,
2042 4276 2099 4320 et

2201 3354 2511 3422 contigisset
2538 3350 2811 3406 Ecclesiae.
2845 3349 3101 3417 Quamvis
3128 3349 3290 3418 igitur
3326 3356 3508 3403 vestra
3535 3362 3631 3417 per
3656 3346 3796 3401 illo-

2196 3460 2315 3499 rum
2342 3444 2521 3500 scelus
2544 3443 2745 3498 utilitas
2768 3440 2905 3495 facta
2933 3441 3031 3507 sit,
3062 3440 3230 3495 nolite
3265 3448 3443 3494 tamen
3466 3437 3797 3507 impunitam

2197 3535 2672 3605 pnesumptionem
2689 3533 2992 3601 iniquorum
3016 3531 3299 3586 hominum
3312 3529 3542 3598 grassari
3564 3528 3797 3599 permit-

2199 3637 2332 3683 tere.
2362 3626 2421 3683 Si
2447 3627 2591 3682 enim
2621 3625 2878 3695 hocquod
2907 3626 2960 3679 in
2982 3632 3215 3679 vestram
3235 3623 3458 3692 gloriam
3487 3635 3797 3691 praesump-

2197 3726 2405 3785 serunt,
2459 3734 2569 3774 non
2623 3716 2783 3772 fuerit
2829 3715 3062 3771 vindicta
3110 3728 3509 3784 compressum,
3548 3710 3695 3783 quod
3736 3712 3797 3767 in

2198 3813 2497 3869 minoribus
2542 3825 2651 3865 non
2677 3809 2889 3864 valeant
2926 3807 3133 3878 puniri,
3165 3806 3362 3875 ambigi
3383 3806 3523 3860 ultra
3551 3821 3661 3859 non
3688 3803 3796 3860 de-

2200 3906 2310 3962 bet.
2341 3904 2605 3959 Exercete
2634 3901 2796 3970 igitur
2824 3901 2877 3955 in
2902 3901 3099 3955 talibus
3125 3899 3362 3955 debitam
3380 3897 3794 3960 auctoritatem,

2198 4007 2255 4054 et
2280 4013 2350 4052 ne
2386 3997 2466 4052 eis
2505 3992 2736 4065 amplius
2764 3994 2891 4048 talia
2915 3991 3282 4048 committendi
3310 3990 3529 4061 spiritus
3557 4000 3792 4055 emt,

2198 4089 2395 4146 vestris
2422 4085 2841 4143 coercitionibus
2868 4084 3248 4154 reprimantur.
3279 4082 3360 4136 Ad
3388 4082 3493 4137 hoc
3523 4079 3795 4151 siquidem

2200 4183 2297 4237 Dei
2342 4189 2474 4236 nutu
2505 4179 2667 4235 etiam
2708 4186 2898 4232 contra
2929 4191 3027 4230 vos
3056 4176 3181 4229 talia
3216 4182 3699 4245 prtesumpserunt,
3729 4182 3795 4226 ut

2200 4275 2304 4329 alia
2334 4272 2485 4329 vobis
2513 4270 2926 4339 corrigentibus,
2956 4269 3025 4324 ab
3053 4268 3241 4324 eodem
3269 4268 3475 4324 scelere
3496 4266 3634 4321 alios
3663 4281 3795 4336 pos-

504 4347 673 4404 ίεῑΐίίε
714 4346 986 4417 episcopis
1011 4347 1141 4416 quid
1180 4347 1357 4403 dicam
1376 4350 1401 4403 ?
1420 4364 1557 4419 quos
1586 4350 1777 4407 idonea
1806 4360 1890 4409 εει
1916 4355 2101 4410 81001-
2198 4365 2334 4431 sitis,
2360 4364 2473 4419 Deo
2499 4363 2847 4433 propitiante,
2872 4360 3099 4415 munire.
3131 4359 3329 4427 Quales
3358 4367 3537 4413 autem
3568 4358 3676 4413 sint
3693 4357 3791 4427 qui

504 4441 670 4497 lentia
715 4448 896 4494 vestra
945 4446 1002 4494 et
1052 4440 1265 4495 ratione
1301 4447 1357 4495 et
1393 4450 1666 4511 potestate
1694 4444 2009 4514 reprimere,
2041 4455 2098 4502 et

503 4531 774 4589 dimittitis
800 4545 897 4586 eos
945 4530 1001 4585 in
1043 4538 1412 4601 contemptum
1440 4534 1859 4604 apostolicarum
1887 4538 2095 4594 sedium

503 4622 572 4679 de
591 4636 689 4678 sua
719 4619 1020 4676 rusticitate
1064 4619 1282 4689 gloriari
1311 4640 1323 4676 :
1352 4639 1498 4693 eum,
1523 4625 1567 4681 si
1588 4626 1713 4695 quid
1738 4641 1832 4682 eos
1859 4628 1928 4684 de
1953 4627 2095 4698 judi-

502 4714 590 4771 cio
615 4710 935 4768 universalis
959 4709 1167 4782 synodi,
1198 4712 1345 4783 quod
1371 4714 1837 4786 Constantinopoli
1860 4732 1960 4787 per
1985 4718 2096 4788 pri-

503 4819 647 4861 mam
675 4818 850 4874 nuper
895 4802 1131 4873 elapsam
1170 4804 1523 4863 indictionem
1570 4816 1748 4864 actum
1792 4817 1909 4878 est,
1952 4809 2095 4865 forte

504 4897 802 4965 movebat,
831 4895 899 4951 ad
926 4895 1106 4951 sedem
1136 4899 1489 4968 apostolicam
1540 4900 1835 4969 (quomodo
1877 4916 2095 4971 semper

503 4992 704 5049 factum
733 4989 838 5061 est)
865 4989 1055 5045 electis
1079 4990 1345 5059 aliquibus
1374 4989 1445 5047 de
1483 4992 1625 5055 suis,
1657 4993 1749 5062 qui
1770 4992 1904 5049 dare
1923 5003 1977 5048 et
1997 5010 2091 5050 ac-

500 5087 685 5158 cipere
720 5083 986 5139 rationem
1010 5094 1262 5152 possent,
1292 5084 1521 5153 dirigere
1541 5085 1871 5151 debuerunt;
1904 5095 1959 5141 et
1982 5102 2091 5143 non

499 5175 697 5235 clausis
726 5175 897 5231 oculis
920 5189 1117 5244 corpus
1141 5173 1337 5229 Christi
1367 5175 1462 5231 Dei
1490 5176 1679 5241 nostri,
1711 5177 1815 5231 hoc
1839 5184 1925 5232 est
1942 5192 2093 5234 sanc-

502 5281 611 5327 tam
640 5268 939 5326 Ecclesiam
966 5268 1226 5322 lacerare.
1258 5267 1435 5324 Nolite
1461 5281 1592 5336 ergo
1620 5268 1867 5325 dubitare
1895 5268 2085 5340 hujus—

500 5362 650 5419 modi
694 5359 945 5417 homines
992 5358 1273 5429 principali
1324 5359 1411 5415 vel
1463 5357 1705 5428 judiciali
1768 5362 2091 5418 auctoritate

500 5452 905 5523 comprimere:
945 5449 1070 5521 quia
1123 5450 1322 5519 regula:
1372 5449 1592 5504 Patrum
1640 5450 1747 5507 hoc
1785 5452 2092 5523 specialiter

501 5543 897 5599 constituerunt
919 5579 935 5604 ,
967 5548 1027 5594 ut
1070 5540 1117 5596 si
1146 5555 1250 5611 qua
1280 5540 1636 5597 ecclesiastici
1663 5540 1828 5598 officii
1857 5558 2089 5613 persona

502 5634 590 5688 cui
636 5631 910 5701 subjectus
952 5637 1036 5687 est
1078 5631 1361 5699 restiterit,
1402 5631 1485 5686 vel
1512 5646 1755 5687 seorsum
1785 5633 2087 5704 collegerit,

575 5812 590 5842 ¹
635 5809 722 5873 Η,
754 5823 808 5877 q.
830 5806 893 5877 9.
917 5805 979 5860 Si
1007 5805 1120 5877 quis
1141 5806 1307 5875 presb.
1334 5805 1485 5863 Actio
1518 5806 1549 5860 ὁ
1579 5806 1632 5861 in
1661 5821 1747 5877 ep.
1782 5807 2089 5877 archiman-

506 5874 862 5936 dritarum'ad
883 5874 1058 5944 ipsum
1086 5874 1278 5932 cencil.
1314 5878 1588 5938 Antioch..
1619 5874 1868 5935 canens.

2201 4453 2498 4510 Ecclesiam
2518 4451 2749 4520 fugiunt,
2788 4449 3129 4504 Eufrasiivos
3148 4448 3353 4504 scelera
3384 4451 3528 4518 (qua:
3554 4446 3791 4516 amplius

2198 4545 2413 4601 occulta
2442 4543 2582 4598 Deus
2610 4557 2729 4597 esse
2752 4540 2944 4611 noluit)
2968 4540 3246 4595 evidenter
3266 4538 3588 4595 informant:
3608 4539 3701 4607 qui
3729 4538 3785 4593 in

2201 4635 2496 4692 homicidio
2519 4634 2737 4703 quidem
2777 4647 2878 4687 nec
2907 4618 3141 4685 hominis
3169 4630 3621 4685 necessitudinem
3639 4670 3657 4696 ,
3685 4644 3789 4684 nec

2199 4726 2382 4781 fratris
2410 4725 2729 4780 charitatem
2754 4762 2771 4788 ,
2804 4737 2903 4777 nec
2928 4720 3221 4776 sacerdotii
3250 4720 3609 4776 reverentiam
3632 4720 3786 4788 cogi-

2200 4819 2354 4874 tavit.
2395 4817 2708 4871 lncestuoso
2746 4822 2929 4869 autem
2966 4811 3233 4867 adulterio
3272 4813 3436 4866 etiam
3476 4812 3642 4881 ipsius
3666 4811 3786 4864 vin-

2198 4910 2357 4965 dictae
2383 4907 2602 4963 abstulit
2632 4904 2889 4959 modum:
2920 4902 3067 4971 quia,
3113 4902 3161 4957 si
3199 4900 3521 4955 adulterium
3568 4901 3781 4970 punias,

2202 5021 2309 5060 non
2333 5009 2577 5058 remanet
2606 5001 2659 5055 in
2675 4997 3095 5070 quovindicetur
3114 4996 3369 5051 incestus.
3392 4994 3448 5049 Si
3476 4995 3783 5049 incestnoso

2198 5101 2412 5169 ingeras
2437 5113 2674 5169 poenam,
2706 5096 2931 5151 inultum
2958 5095 3162 5149 crimen
3189 5093 3437 5147 adulterii
3458 5091 3781 5146 remanebit.

2200 5193 2339 5249 Ecce
2366 5192 2435 5247 de
2479 5206 2588 5261 quo
2616 5188 2846 5256 collegio
2874 5194 3002 5241 sunt
3025 5224 3040 5249 ,
3071 5183 3162 5253 qui
3201 5191 3462 5252 quantum
3492 5182 3559 5236 ad
3588 5196 3782 5251 super-

2197 5285 2340 5340 biam
2390 5297 2543 5338 suam
2572 5323 2588 5349 ,
2632 5278 2882 5349 injuriam
2928 5276 3082 5329 vobis
3110 5273 3309 5327 inferre
3337 5272 3509 5327 moliti
3532 5280 3686 5332 sunt;
3725 5280 3783 5325 et

2197 5383 2454 5444 quantum
2482 5372 2550 5426 ad
2571 5367 2964 5441 providentiam
2988 5366 3103 5430 Dei,
3129 5364 3441 5433 impollutos
3467 5378 3566 5417 vos
3593 5360 3784 5416 Eccle-

2196 5466 2289 5521 sia:
2306 5470 2679 5520 servaverunt.
2706 5458 2927 5514 Auferte
2953 5456 3087 5511 tales
3116 5454 3183 5510 ab
3213 5455 3314 5509 ista
3338 5454 3612 5524 provincia
3634 5494 3650 5519 ,
3676 5452 3783 5508 uti-

2198 5557 2329 5612 mini
2362 5555 2543 5611 oblata
2572 5553 2724 5609 vobis
2750 5567 2781 5605 a
2827 5550 2939 5605 Deo
2969 5546 3307 5619 opprimendi
3352 5546 3589 5616 perlidos
3615 5560 3781 5601 occa-

2197 5648 2368 5706 sione.
2424 5644 2580 5713 Quod
2629 5652 2757 5699 tunc
2805 5640 3016 5713 plenius
3046 5637 3159 5694 ﬁeri
3202 5637 3433 5708 poterit,
3463 5636 3510 5691 si
3529 5644 3778 5692 auctores

2270 5812 2289 5843 ’
2332 5807 2537 5875 Ansel.,
2566 5805 2655 5863 lib.
2688 5820 2779 5870 sn,
2812 5817 2932 5873 cap.
2957 5799 3044 5855 47.
3074 5797 3290 5870 Polyc.,
3312 5796 3438 5854 ibid.
