3992 6472
219 370 319 433 397

1662 370 2036 434 EPISTOLAL.

3382 382 3484 438 598

218 466 477 522 scelerum
506 463 572 519 ad
618 463 1092 519 clementissimum
1138 465 1435 535 principem
1465 465 1792 536 dirigantur,
1826 472 1874 529 Α
1900 465 2004 534 est]
2035 467 2089 521 in
2116 466 2407 524 schismate
2432 504 2447 533 ,
2479 478 2531 523 et
2554 469 2605 524 in
2636 486 2701 526 eo
2725 473 3072 539 maledictus,
3105 486 3202 528 nec
3231 472 3490 527 honorem

218 566 274 613 et
299 554 529 610 maxime
558 552 806 609 Ecclesiae
836 553 1164 623 Aquileiensi
1186 553 1423 623 invasor,
1446 554 1535 626 qui
1564 563 1620 610 et
1641 555 1796 630 [forte

1905 557 2142 627 episcopi
2170 558 2371 627 poterit
2400 561 2639 617 retinere
2668 579 2767 619 nec
2794 566 3064 619 interitum.

1024 756 1118 814 AD
1154 756 1528 815 EPISTULAS
1566 757 1610 813 ll
1648 768 1704 814 et
1724 756 1790 812 Ill
1830 758 1974 829 (olim
2014 759 2080 813 Ill
2118 768 2176 815 et
2211 759 2303 833 IV)
2344 760 2613 818 PELAGII
2650 764 2671 819 Ι

1650 887 1719 927 ΔΙ)
1756 886 2034 926 NABSETEI

1391 990 1958 1044 ANIMADVEBBIO
2011 991 2137 1040 cm
2150 994 2332 1043 l'lCA.

1726 1085 1983 1099 ὴ

284 1174 724 1242 Quemadmodum
754 1193 801 1231 v.
844 1175 913 1229 el.
944 1176 1199 1230 Antonius
1223 1174 1357 1245 Pagi
1386 1173 1439 1226 in
1470 1171 1663 1227 Critica
1684 1167 1796 1227 Ba-

214 1270 344 1324 ronii
386 1267 659 1339 epistolam
687 1266 754 1322 10
789 1266 989 1339 Pelagii
1033 1265 1062 1319 Ι
1093 1266 1162 1319 ad
1204 1264 1582 1319 Childebertum
1611 1280 1676 1318 ex
1699 1264 1798 1318 du-

214 1361 331 1431 plici
362 1362 656 1432 fragmento
687 1359 906 1412 duarum
934 1358 1091 1428 plane
1117 1356 1436 1411 diversan
1464 1357 1800 1427 epistolarum

211 1464 502 1509 consertam
555 1468 666 1507 esse
713 1451 1115 1514 animadvertit;
1156 1450 1231 1503 ita
1267 1448 1422 1520 plane
1447 1448 1617 1502 ethoc
1662 1446 1800 1501 idem

212 1544 329 1598 aliis
366 1542 600 1615 ejusdem
649 1540 853 1612 Pelagii
896 1540 1129 1612 epistolis
1177 1536 1429 1593 accidisse
1468 1554 1571 1592 non
1600 1537 1797 1591 dubito.

1906 1181 2075 1227 mento
2121 1171 2257 1244 quod
2288 1171 2588 1226 Holslenius
2629 1173 2874 1244 vulgavit,
2906 1174 3193 1246 tegiturque
3216 1175 3268 1230 in
3297 1174 3498 1233 Collec-

1907 1266 2046 1319 tivne
2071 1262 2569 1319 Veneto-Labbeana
2601 1275 2721 1319 tom.
2762 1265 2863 1334 VI,
2888 1276 2938 1321 et
2975 1266 3255 1322 Valeriano
3276 1272 3497 1340 patricio

1904 1355 2208 1411 inscribitur
2237 1372 2254 1410 :
2284 1355 2422 1426 quod
2447 1373 2574 1410 sane
2601 1359 2947 1428 fragmentum
2975 1360 3141 1428 prTmo
3182 1359 3388 1430 quidem
3421 1370 3499 1416 to-

1908 1458 2014 1503 tam
2053 1449 2326 1519 epistolam
2366 1448 2601 1520 quintam
2627 1448 2696 1503 ad
2723 1447 3000 1504 Narsetem
3026 1450 3217 1518 reddit,
3244 1452 3326 1504 cui
3349 1448 3503 1506 unica

1909 1541 2043 1594 serie
2086 1540 2472 1595 succenturiata
2517 1549 2595 1593 est
2640 1540 2860 1609 epistola
2904 1540 2958 1594 5.
2991 1536 3104 1595 Nec
3132 1556 3258 1593 sane
3286 1543 3505 1612 geminte

212 1632 445 1688 Gentium
483 1632 552 1687 ad
581 1630 862 1686 Narsetem
889 1631 1123 1702 epistolae
1140 1671 1154 1696 ,
1182 1631 1276 1685 illa
1305 1646 1486 1701 nempe
1513 1645 1625 1699 qua?
1655 1642 1797 1683 num.
1835 1621 1881 1681 B
1904 1632 2013 1687 illa:
2038 1632 2269 1700 episton
2291 1641 2649 1703 argumentum
2676 1632 2866 1689 habent
2907 1633 3164 1688 diversum
3190 1672 3205 1698 ,
3236 1651 3399 1706 neque
3424 1635 3504 1689 al-

216 1720 312 1780 Set
337 1727 507 1779 altera
527 1740 642 1796 quae
666 1740 809 1778 num.
839 1724 874 1777 5
902 1723 1042 1794 apud
1069 1721 1330 1777 Labbeum
1357 1722 1614 1792 leguntur,
1638 1738 1796 1776 unam

212 1818 544 1887 eamdemque
564 1815 921 1872 continuatam
965 1813 1237 1885 epistolam
1282 1810 1525 1867 exhibent
1569 1813 1624 1866 in
1650 1814 1795 1883 frag-

634 2009 972 2066 EPISTOIA
1016 2009 1083 2066 tv
1116 2011 1261 2081 (olim
1289 2008 1382 2080 γ).

682 2121 749 2158 Δί)
777 2119 979 2159 NARSEN
1023 2116 1329 2158 PATRICIUII.

216 2190 392 2251 Honet
430 2204 485 2249 ut
516 2196 886 2267 Aquileiensem
906 2202 953 2267 et
981 2193 1421 2267 Mediolanensem
1448 2196 1713 2251 eviscouos
1736 2195 1806 2249 ad

560 2264 841 2336 principem
867 2264 959 2319 sub
986 2266 1219 2319 custodia
1249 2265 1460 2337 dirigat.

282 2377 557 2449 Pelagius,
588 2377 770 2433 Narste
792 2378 1019 2449 patricio
1054 2379 1092 2433 ί.

282 2469 427 2525 istud
456 2478 541 2524 est
567 2469 711 2539 quod
739 2484 769 2524 a
790 2469 945 2525 vobis
965 2470 1330 2540 poposcimus,
1361 2478 1418 2525 et
1444 2484 1585 2523 nunc
1613 2468 1806 2525 iterum

217 2562 550 2634 postulamus
572 2601 588 2628 ,
618 2569 677 2616 ut
718 2559 1001 2617 Paulinum
1036 2562 1439 2633 Aquileiensem
1485 2561 1806 2633 pseudoepi-

218 2667 465 2722 scopum,
497 2660 551 2707 et
588 2652 738 2707 illum
767 2651 1225 2707 Mediolanensem
1252 2652 1568 2723 episc0pum
1598 2651 1664 2706 ad
1698 2650 1809 2706 cle-

217 2745 615 2800 mentissimum
637 2743 935 2815 principem
962 2743 1061 2799 sub
1089 2744 1247 2813 digna
1272 2744 1514 2799 custodia
1544 2743 1806 2811 dirigatis;

1906 1732 2021 1778 tera
2043 1723 2106 1777 ab
2134 1722 2301 1778 altera
2325 1724 2533 1795 sejungi
2552 1724 2820 1780 commode
2845 1732 3074 1793 possent.

1912 2010 2158 2067 dolemus
2182 2048 2198 2080 ,
2236 2011 2434 2082 quibus
2456 2011 2695 2068 donante
2714 2011 2946 2069 Domino
2973 2016 3308 2085 prOpositum
3338 2022 3423 2071 est
3450 2014 3504 2069 in

1913 2101 2331 2156 mansuetudine
2384 2111 2771 2173 supportantes
2816 2106 2997 2161 omnia
3050 2103 3303 2161 fraterna:
3358 2105 3507 2178 pacis

1914 2187 2135 2245 vinculo
2163 2190 2484 2246 custodire:
2535 2191 2631 2246 sed
2680 2192 2845 2261 (sicut
2898 2192 3154 2265 diximus)
3182 2193 3505 2249 divisionem

1915 2289 2151 2335 vestram
2177 2294 2208 2334 a
2227 2280 2467 2349 generali
2494 2279 2762 2349 Ecclesia,
2792 2297 2955 2352 quam
2986 2282 3343 2338 tolerabiliter
3361 2283 3504 2338 ferre

1914 2389 2023 2429 non
2053 2380 2267 2445 potero,
2299 2374 2651 2430 vehementer
2664 2382 2877 2445 stupeo.
2907 2372 3042 2429 Cum
3072 2375 3217 2430 enim
3254 2374 3504 2432 beatissi-

1913 2482 2036 2522 mus
2081 2465 2413 2535 Augustinus
2456 2465 2739 2521 domitum
2780 2466 3063 2521 sententias
3107 2481 3346 2531 memor,
3398 2480 3508 2534 qua

1910 2559 2322 2616 fundamentum
2370 2557 2629 2616 Ecclesiae
2669 2560 2723 2613 in
2751 2559 3061 2629 apostolicis
3088 2558 3306 2615 sedibus
3331 2556 3509 2614 collo-

1912 2653 2055 2708 cavit
2080 2691 2097 2718 ,
2128 2652 2182 2707 in
2209 2653 2507 2709 schismate
2546 2667 2668 2709 esse
2703 2652 2867 2717 dicat,
2895 2653 3203 2721 quicunque
3221 2667 3283 2709 se
3309 2667 3340 2707 a
3370 2667 3509 2723 prac-

1912 2741 2047 2797 sulis
2070 2740 2383 2796 earumdem
2424 2740 2629 2797 sedium
2657 2742 2981 2797 auctoritate
3010 2741 3096 2797 vel
3125 2742 3509 2813 communione

218 2843 279 2889 ut
318 2842 374 2889 et
398 2834 498 2889 iste
524 2836 615 2904 qui
654 2835 937 2905 episcopus
963 2848 1084 2890 esse
1121 2834 1426 2889 nullatenus
1446 2841 1653 2906 potest,
1684 2833 1810 2902 quia
1838 2857 1885 2919 ο
1919 2831 2291 2903 suspenderit;
2330 2846 2433 2887 nec
2460 2831 2621 2886 aliam
2667 2831 2977 2887 munit-estet
3021 2847 3145 2889 esse
3183 2830 3507 2895 Ecclesiam,

216 2933 409 2979 contra
440 2939 658 2981 omnem
686 2925 1005 2981 canonicam
1044 2925 1489 2980 consuetudinem
1512 2924 1684 2981 factus
1705 2932 1811 2992 est,

216 3015 357 3071 alios
406 3016 548 3071 ultra
594 3032 702 3071 non
757 3016 981 3087 perdat;
1037 3024 1094 3071 et
1132 3016 1225 3071 ille
1263 3016 1355 3086 qui
1384 3026 1573 3070 contra
1604 3029 1813 3071 morem

217 3109 505 3179 antiquum
547 3124 670 3164 eum
716 3109 969 3163 ordinare
998 3109 1359 3179 praesumpsit,
1390 3124 1659 3164 canonum
1699 3107 1817 3162 vin-

218 3197 381 3253 dictae
408 3197 703 3266 subiaceat.
729 3197 842 3252 Nec
864 3198 1016 3252 licuit
1042 3197 1203 3253 alicui
1225 3196 1532 3266 aliquando,
1558 3211 1660 3251 nec
1688 3196 1819 3251 lice-

217 3286 299 3343 bit
346 3289 730 3359 particularem
756 3288 1022 3361 synodum
1052 3302 1385 3357 congregare
1417 3305 1430 3340 :
1484 3286 1579 3343 sed
1603 3287 1819 3356 quoties

221 3379 402 3450 aliqua
423 3379 490 3434 de
512 3379 801 3435 universali
823 3380 1030 3452 synodo
1056 3379 1323 3449 aliquibus
1350 3379 1613 3434 dubitatio
1635 3378 1817 3435 nasci-

223 3479 312 3526 tur
334 3510 352 3536 ,
377 3469 446 3523 ad
474 3468 840 3539 recipiendam
869 3469 937 3524 de
962 3484 1028 3524 eo
1057 3467 1206 3540 quod
1237 3485 1344 3523 non
1374 3468 1697 3537 intelligunt,
1730 3483 1818 3523 ra-

224 3560 424 3616 tionem
448 3598 466 3626 ,
495 3568 589 3614 aut
607 3567 801 3630 sponte
825 3559 861 3613 ii
881 3558 973 3629 qui
1000 3559 1228 3614 salutem
1250 3558 1444 3613 animo:
1472 3573 1581 3614 suae
1608 3558 1817 3614 deside-

225 3660 386 3717 rant,
442 3651 513 3705 ad
554 3652 908 3721 apostolicam
933 3651 1117 3706 sedem
1146 3667 1245 3722 pro
1272 3651 1579 3721 recipienda
1607 3651 1817 3707 ratione

225 3740 590 3807 conveniant,
622 3749 718 3795 aut
761 3740 807 3796 si
853 3740 993 3796 forte
1023 3741 1187 3814 (sicut
1227 3740 1295 3796 de
1336 3742 1528 3796 talibus
1554 3742 1815 3813 scriptum

226 3838 305 3886 est
334 3830 522 3903 (Prov.
554 3832 707 3902 xvm)
731 3873 746 3900 ,
778 3830 1031 3887 Peccator
1060 3850 1174 3886 cum
1197 3835 1389 3888 venerit
1417 3835 1469 3888 in
1499 3833 1815 3905 profundunt

228 3923 523 3991 malorum,
577 3924 879 3994 contemnit)
932 3925 1006 3979 ita
1057 3925 1317 3980 obstinati
1365 3933 1420 3979 et
1466 3934 1817 3982 contumaces

227 4016 554 4084 exstiterint,
594 4024 653 4071 ut
683 4016 864 4071 doceri
890 4032 997 4071 non
1029 4016 1221 4084 velint;
1251 4032 1349 4074 eos
1368 4017 1436 4072 ab
1459 4019 1664 4073 eisdem
1683 4032 1817 4089 apo-

228 4111 430 4169 stolicis
470 4111 687 4168 sedibus
716 4120 809 4167 aut
853 4113 1050 4168 attrahi
1079 4113 1147 4169 ad
1176 4114 1404 4169 salutem
1432 4116 1815 4186 quoquomodo

228 4214 451 4259 necesse
478 4211 580 4268 est,
629 4211 721 4258 aut
772 4204 863 4274 (ne
907 4204 1133 4261 aliorum
1180 4205 1410 4274 perditio
1440 4175 1815 4277 esse-possint)
1850 4175 1896 4234 θ

230 4297 522 4353 secundum
564 4311 803 4352 canones
832 4311 929 4367 per
973 4298 1259 4354 saeculares
1305 4298 1587 4369 comprimi
1634 4308 1819 4370 potes-

234 4396 382 4447 tates.

646 4498 979 4557 EPISTULA
1020 4502 1065 4557 v
1107 4503 1255 4574 (olim
1282 4502 1394 4574 vn.

692 4630 760 4666 AD
797 4629 1072 4670 EPISCOPOS
1112 4630 1333 4670 TUSCIE.

585 4719 734 4793 Ipsos
764 4722 827 4777 ob
855 4724 1078 4778 schisma
1098 4724 1443 4795 reprehendit.

302 4828 674 4890 Dilectissimis
721 4836 975 4892 fratribus
1030 4836 1368 4904 Gaudentio,
1428 4836 1813 4903 Maximiliano,

239 4920 493 4981 Gerontio
519 4966 534 4991 ,
574 4923 728 4984 Justo
751 4969 766 4993 ,
798 4924 1053 4984 Terentio
1079 4967 1095 4994 ,
1127 4928 1289 4984 Vitali
1318 4938 1372 4984 et
1408 4928 1697 4989 Laurentio
1724 4944 1819 5000 per

239 5012 481 5076 Tusciam
508 5021 891 5089 Annonariam,
922 5020 1187 5091 Pelagius.

306 5111 572 5169 Directam
617 5128 650 5169 a
692 5115 844 5170 vobis
873 5114 1190 5169 relationem
1213 5156 1229 5180 ,
1260 5113 1543 5170 defensore
1568 5112 1817 5170 Ecclesia:

244 5211 427 5259 nostrae
456 5202 693 5261 Jordane
718 5204 991 5261 deferente
1014 5244 1031 5272 ,
1052 5207 1439 5277 suscipientes,
1468 5208 1600 5262 satis
1640 5208 1818 5261 mirati

244 5305 417 5351 smnus
431 5298 504 5352 ita
520 5313 617 5353 vos
628 5298 939 5369 apostolica:
951 5300 1291 5355 auctoritatis
1305 5300 1519 5366 oblitos,
1536 5308 1593 5355 ut
1604 5300 1820 5354 divisio-

248 5401 361 5444 nem
384 5400 619 5448 vestram
640 5394 708 5448 ab
728 5392 1019 5447 universali
1039 5391 1277 5449 Ecclesia
1303 5409 1426 5449 meo
1446 5394 1609 5449 etiam
1637 5394 1820 5449 volue-

246 5477 356 5535 ritis
380 5484 544 5552 (quod
588 5483 749 5554 absit)
794 5498 1058 5538 consensu
1103 5483 1332 5549 ﬁrmari;
1374 5493 1429 5540 et
1456 5500 1592 5554 quos
1635 5485 1818 5540 decuit

247 5573 547 5655 popularem
569 5575 926 5643 ignorantiam
954 5576 1272 5632 sacerdotali
1304 5576 1548 5633 doctrina
1583 5578 1818 5648 compri-

250 5675 391 5721 mere
413 5707 428 5733 ,
456 5668 508 5722 in
534 5668 915 5725 contumeliam
944 5667 1086 5725 sedis
1106 5669 1448 5740 apostolicae,
1479 5668 1651 5737 plebis
1681 5667 1817 5724 velle

251 5758 392 5825 sequi
415 5757 690 5827 judicium.
733 5759 841 5815 Nec
864 5760 965 5816 ista
1005 5760 1270 5827 dicentes,
1291 5758 1542 5829 injuriam
1573 5767 1814 5815 nostram

320 5871 334 5901 ⁸
372 5872 574 5944 Ansel.,
603 5876 695 5933 lib.
726 5892 829 5944 xtl,
862 5893 910 5933 c.
937 5876 988 5931 4.
1024 5876 1208 5948 Polyc.
1238 5875 1329 5932 lib.
1361 5891 1397 5939 ι,
1433 5875 1515 5930 tit.
1542 5872 1626 5928 15.

1916 2922 2020 2980 nisi
2061 2937 2184 2992 qua:
2212 2923 2266 2976 in
2304 2921 2650 2992 pontiﬁcibus
2698 2922 3118 2991 apostolicarum
3165 2922 3379 2978 sedium
3424 2931 3511 2978 est

1914 3014 2149 3072 solidata
2195 3014 2468 3070 radicibus
2501 3031 2514 3067 :
2543 3014 2814 3084 quomodo
2854 3029 2954 3071 vos
2999 3014 3069 3069 ab
3098 3014 3335 3071 universi
3365 3015 3512 3069 orbis

1917 3105 2303 3162 communione
2328 3113 2612 3174 separatos
2640 3120 2762 3162 esse
2792 3121 2898 3162 non
2927 3105 3149 3161 creditis
3175 3145 3190 3171 ,
3221 3106 3266 3161 si
3288 3104 3395 3161 mei
3426 3106 3513 3160 in-

1920 3208 2005 3253 ter
2031 3212 2187 3253 sacra
2213 3197 2471 3269 mysteria
2490 3194 2787 3252 secundum
2811 3195 3257 3253 consuetudinem
3283 3194 3513 3251 nominis

1920 3290 2239 3349 memoriam
2283 3290 2546 3353 reticetis,
2574 3290 2627 3345 in
2656 3305 2799 3359 quo,
2833 3290 2965 3347 licet
3007 3289 3246 3359 indigno,
3292 3295 3511 3358 aposto-

1919 3381 2036 3437 licae
2077 3380 2221 3437 sedis
2266 3396 2367 3451 per
2414 3380 2812 3441 successionem
2862 3380 3205 3452 episcopatus
3260 3377 3512 3449 praesenti

1921 3480 2169 3542 tempore
2205 3470 2399 3527 videtis
2436 3472 2739 3527 consistere
2770 3470 3116 3526 ﬁrmitatem?

1991 3563 2097 3620 Sed
2126 3579 2196 3620 ne
2222 3564 2367 3634 apud
2409 3580 2506 3620 vos
2554 3565 2693 3619 forte
2712 3602 2728 3629 ,
2759 3565 2843 3619 vel
2873 3565 3013 3636 apud
3036 3578 3229 3634 greges
3248 3563 3339 3635 qui
3362 3563 3512 3619 vobis

1920 3655 2197 3711 commissi
2222 3664 2366 3721 sunt,
2389 3654 2457 3710 de
2484 3655 2587 3710 ﬁde
2610 3664 2795 3711 nostra
2826 3656 3004 3726 aliqua
3035 3656 3208 3726 possit
3232 3670 3513 3711 remanere

1918 3747 2154 3819 suspicio
2178 3785 2195 3816 ,
2224 3748 2331 3805 hoc
2373 3747 2720 3805 dilectionem
2748 3759 2983 3804 vestram
3022 3749 3324 3805 certissime
3352 3761 3512 3803 nosse

1919 3838 2295 3908 desidero,me
2323 3840 2489 3905 illam,
2506 3840 2748 3897 donante
2769 3841 3020 3907 Domino,
3046 3840 3321 3896 custodire
3350 3840 3509 3896 ﬁdem

1919 3944 2081 3999 quam
2125 3946 2279 3987 sacra
2321 3931 2691 4003 apostolorum
2720 3932 2963 3989 doctrina
2990 3932 3302 3996 constituit,
3350 3945 3511 3998 quam

1920 4024 2149 4079 Nicaeum
2176 4024 2364 4096 synodi
2400 4023 2632 4079 ﬁrmavit
2660 4024 2953 4079 auctoritas
2971 4064 2985 4087 ,
3010 4034 3171 4092 quam
3200 4020 3511 4076 Constantis

1919 4117 2266 4188 nopolitante,
2320 4110 2605 4187 Ephesium
2658 4117 2875 4186 primm,
2930 4122 2985 4169 et
3033 4112 3509 4178 Chalcedonensis,

1921 4218 2230 4264 sanctarum
2274 4207 2604 4278 synodorum
2652 4206 3014 4275 explanavere
3063 4203 3380 4267 sententiae,
3411 4218 3512 4259 nec

1922 4299 2213 4368 quidquam
2262 4298 2329 4353 de
2366 4297 2709 4368 prmlatarum
2752 4294 3080 4369 synodorum
3109 4293 3512 4349 deﬁnitionibus

1922 4391 2007 4445 vel
2036 4389 2370 4444 imminuisse
2397 4402 2484 4441 me
2511 4386 2733 4455 aliquid,
2759 4386 2845 4440 vel
2874 4385 3109 4453 auxisse,
3135 4392 3228 4441 aut
3254 4385 3307 4439 in
3329 4385 3511 4454 aliquo

1922 4490 2287 4551 permutasse;
2317 4479 2413 4535 sed
2433 4478 2635 4542 omnia,
2659 4477 2773 4533 Deo
2793 4477 3047 4547 propitio,
3074 4492 3193 4547 quin
3220 4477 3289 4533 ab
3316 4476 3421 4532 illis
3443 4476 3511 4533 de

1921 4570 2046 4627 ﬁdei
2096 4571 2332 4641 puritate
2360 4570 2665 4639 conscripta
2694 4574 2851 4633 sunt,
2902 4567 3292 4624 inviolabiliter
3319 4576 3508 4625 custo-

1920 4663 2064 4718 dire:
2090 4660 2448 4717 anathematis
2466 4658 2823 4715 'nihilominus
2846 4657 3049 4728 judicio
3074 4658 3331 4725 subdens,
3356 4658 3506 4728 quis-

1920 4753 2041 4824 quis
2078 4760 2147 4807 ad
2173 4752 2659 4824 suprascriptarum
2692 4758 2937 4820 quatuor
2976 4750 3305 4821 synodorum
3341 4750 3501 4807 ﬁdem

1919 4844 2006 4898 vel
2034 4843 2101 4899 ad
2149 4843 2444 4898 beatissimi
2493 4841 2691 4897 Leonis
2721 4838 2963 4912 praesulis
3006 4842 3320 4911 apostolica:
3364 4841 3510 4896 sedis

1922 4934 2151 4990 Tomum
2179 4973 2195 4999 ,
2220 4937 2309 5005 qui
2342 4934 2397 4988 in
2425 4932 2851 4988 Chalcedonensi
2879 4938 2961 4986 est
2989 4931 3197 5003 synodo
3216 4930 3509 4988 conﬁrmab-

1921 5036 2008 5082 tus
2031 5065 2047 5093 ,
2077 5026 2254 5097 aliqua
2298 5042 2365 5080 ex
2404 5034 2559 5094 parte
2585 5024 2669 5079 vel
2696 5022 3071 5078 inﬁrmandum
3100 5020 3505 5091 quoquomodo,

1918 5119 2005 5173 vel
2053 5118 2106 5172 in
2142 5117 2359 5172 dubium
2386 5116 2549 5187 (quod
2600 5116 2760 5183 absit)
2808 5111 3175 5169 deducendum
3220 5109 3507 5180 aliquando

1920 5209 2276 5264 consenserit.
2326 5206 2438 5261 Hac
2462 5206 2620 5274 igitur
2659 5205 2880 5260 dilectio
2926 5212 3107 5259 vestra
3150 5201 3276 5258 ﬁdei
3308 5209 3506 5256 nostrae

1918 5298 2255 5369 professione
2283 5297 2511 5361 munita,
2541 5297 2897 5366 ignorantiam
2926 5295 3201 5348 hominum
3233 5293 3394 5363 (sicut
3417 5309 3505 5347 sa-

1918 5394 2165 5447 cerdotes
2218 5390 2397 5461 decet)
2450 5391 2503 5445 in
2562 5390 2751 5460 spiritu
2808 5386 3231 5442 mansuetudinis
3276 5384 3505 5440 edocere

1924 5483 2157 5549 festinet,
2180 5492 2235 5538 et
2256 5499 2287 5537 a
2313 5498 2479 5555 prava
2509 5482 2807 5538 intentione
2836 5478 3007 5533 modis
3055 5476 3301 5532 omnibus
3342 5488 3502 5530 revo-

1922 5592 2048 5632 care
2087 5584 2250 5646 atque
2296 5574 2487 5630 unitati
2530 5573 2786 5630 Ecclesia:
2828 5570 3075 5626 reddere.
3106 5566 3263 5633 Quod
3306 5567 3351 5622 si
3381 5569 3501 5637 quis

1921 5667 2062 5721 forte
2108 5666 2274 5720 etiam
2315 5672 2442 5735 post
2482 5663 2597 5718 hate
2624 5662 2858 5731 aliquem
2886 5660 2987 5715 sibi
3018 5673 3302 5729 superesse
3329 5657 3502 5714 credit

1922 5756 2267 5828 scrupulum;
2299 5755 2367 5812 ab
2400 5755 2588 5809 insano
2619 5750 2850 5807 tumultu
2871 5750 3142 5819 desinens,
3172 5747 3241 5804 ad
3263 5763 3362 5805 nos
3384 5762 3501 5803 ma-
