3992 6462
492 384 597 441 599

1870 386 2068 440 l’ELAl

2177 385 2378 439 ΡΑΡᾸΞ
2410 386 2429 441 1
3682 384 3779 437 .500

490 500 569 565 gis
598 500 780 553 venire
810 498 1023 553 festinet
1056 518 1067 553 :
1103 508 1158 554 ut
1186 514 1251 553 ex
1284 499 1365 553 his
1406 515 1527 568 qua:
1561 497 1812 564 dubitat,
1842 499 2081 553 rationa-
2112 522 2159 579 Α
2191 506 2558 553 trecentorum
2606 497 2793 553 decem
2851 505 2905 552 et
2967 505 3094 551 octo
3120 537 3135 561 ,
3184 495 3777 566 Constantinopolitano

415 617 424 629 -
491 590 580 643 bili
608 591 971 646 satisfactione
1006 598 1261 661 percepta
1290 631 1303 654 ,
1338 590 1488 644 Izetus
1514 631 1528 652 ,
1562 588 1675 644 Deo
1701 590 1953 659 propitio,
1988 605 2082 645 co-

486 680 631 747 gnita
660 681 887 735 veritate
911 723 924 746 ,
956 680 1245 735 universali
1294 679 1623 734 reformetnr
1651 678 1937 735 Ecclesire.
1971 680 2079 734 Nos

486 771 629 824 enim
689 771 1004 839 (secundum
1077 770 1429 840 apostolicam
1500 769 1847 839 sententiam)
1904 768 2079 839 parati

485 878 668 917 sumus
698 863 767 915 ad
793 863 1204 933 satisfactionem
1251 863 1393 916 omni
1437 862 1670 931 poscenti
1698 878 1793 915 nos
1824 862 2077 915 rationem

486 950 548 1002 de
575 967 636 1002 ea
658 967 771 1018 quia
791 951 842 1003 in
871 950 1017 1005 nobis
1044 959 1119 1005 est
1146 951 1249 1021 ﬁde
1284 950 1339 1015 (I
1361 949 1507 1004 Petr.
1533 948 1615 1022 ιιι)
1648 968 1661 1003 :
1696 951 1821 1020 quia
1851 949 1904 1004 in
1934 949 2080 1003 nullo

487 1057 585 1102 nos
612 1057 641 1094 a
671 1042 868 1096 sanctis
895 1041 1161 1110 Patribus,
1189 1042 1529 1097 custodiente
1553 1057 1650 1095 nos
1678 1040 1855 1093 divina
1885 1038 2079 1108 gratia,

487 1133 836 1201 cognovimus
860 1132 1126 1189 deviasse.
1154 1133 1413 1209 Dominus
1446 1147 1542 1187 vos
1572 1130 1870 1185 incolumes
1898 1137 2081 1184 custo-

489 1221 630 1289 diat,
658 1220 850 1277 fratres
878 1222 1195 1278 charissimi.
1230 1222 1349 1277 Dat.
1396 1239 1463 1275 xv
1487 1222 1698 1277 calend.
1732 1220 1913 1286 Mart.,
1938 1235 2079 1273 anno

493 1313 556 1368 l5
580 1322 702 1385 post
725 1314 1059 1369 consulatum
1082 1314 1265 1370 Basilii
1284 1314 1382 1368 viri
1412 1311 1714 1368 clarissimi.

896 1443 1221 1500 EPlSTOLA
1266 1446 1328 1500 v1
1361 1447 1509 1516 (olim
1538 1445 1672 1515 vn).

893 1553 959 1591 AD
999 1552 1293 1592 UNIVEBSUI
1323 1553 1567 1593 POPULUI
1595 1553 1701 1592 DEI.

1032 1628 1107 1682 De
1130 1630 1236 1699 ﬁde
1263 1630 1541 1685 catholica.

562 1736 804 1806 Pelagius
832 1739 1119 1809 episcopus
1147 1740 1397 1796 universo
1417 1742 1619 1812 populo
1642 1740 1754 1797 Dei.

561 1830 662 1886 Vas
688 1832 969 1887 electionis
996 1832 1336 1889 beatissimus
1380 1832 1578 1889 Paulus
1600 1835 1877 1904 apostolus
1903 1876 1918 1903 ,
1948 1850 2070 1889 cum

485 1925 550 1981 de
574 1922 769 1979 Judaeis
794 1925 847 1979 in
872 1922 1091 1979 Christo
1117 1926 1343 1980 necdum
1364 1927 1710 1983 credentibus
1735 1928 2069 1997 loqueretur,
2104 1905 2149 1963 Β

485 2016 657 2070 zelum
686 2030 783 2070 eos
811 2015 907 2070 Dei
955 2017 1156 2072 habere
1186 2018 1461 2087 professus
1498 2026 1581 2073 est
1606 2060 1621 2087 ,
1652 2018 1749 2074 sed
1784 2033 1852 2073 ne
1880 2032 1947 2073 ex
1970 2019 2074 2074 hoc

483 2106 600 2159 sine
639 2104 796 2175 culpa
824 2120 945 2161 esse
983 2107 1350 2174 crederentur,
1382 2117 1783 2179 consequenter
1810 2108 2007 2177 adjecit
2058 2128 2070 2162 :

486 2196 592 2249 Sed
621 2212 723 2249 non
754 2196 1037 2249 secundum
1083 2198 1350 2252 scientiam
1397 2199 1573 2270 (Rom.
1606 2202 1663 2268 ι)
1690 2218 1703 2253 :
1735 2208 1795 2255 ut
1831 2216 1926 2256 eos
1973 2216 2073 2256 ne-

485 2286 718 2342 cessarie
759 2301 854 2356 per
880 2286 1179 2341 doctrinam
1208 2304 1239 2341 a
1268 2289 1379 2343 Deo
1409 2289 1508 2343 sibi
1540 2290 1799 2344 creditam
1830 2290 2075 2345 ostende-

486 2387 569 2432 ret
611 2376 998 2432 emendandos.
1056 2378 1211 2443 Quod
1252 2380 1613 2435 testimonium
1669 2389 1857 2435 nostro
1908 2383 2073 2436 etiam

484 2470 716 2540 tempori
769 2470 1063 2523 convenire
1110 2469 1348 2526 eharitas
1396 2481 1577 2526 vestra
1643 2487 1753 2527 non
1806 2474 2068 2541 ambigit:

484 2559 607 2629 quia
639 2558 742 2615 etsi
767 2558 939 2613 zelum
964 2558 1055 2612 Dei
1084 2560 1138 2612 in
1162 2560 1517 2627 quorumdam
1544 2562 1814 2616 mentibus
1829 2576 1949 2616 esse
1974 2562 2070 2616 de-

485 2649 900 2719 prehendimus,
931 2648 985 2702 in
1015 2649 1119 2704 hoc
1145 2656 1325 2704 tamen
1356 2650 1502 2720 quod
1521 2649 1918 2721 suspicionibus
1946 2652 2071 2721 qui-

483 2739 707 2795 busdam
734 2739 852 2799 sine
895 2740 1086 2795 notitia
1114 2740 1359 2797 veritatis
1397 2758 1457 2797 se
1493 2751 1883 2798 concusserunt
1911 2751 2071 2811 atque

478 2832 818 2898 concutiunt,
850 2838 903 2888 et
933 2832 1077 2902 quod
1098 2848 1159 2889 se
1179 2849 1211 2888 a
1238 2834 1533 2891 visceribus
1554 2836 1723 2890 unica:
1748 2836 1935 2890 matris
1966 2835 2069 2890 Ec-

481 2923 659 2979 clesiae
689 2922 890 2979 nefaria
930 2924 1274 2982 animositate
1302 2926 1644 2997 discerpunt,
1674 2929 1793 2984 sine
1840 2929 2068 2984 scientia

481 3029 576 3070 eos
628 3029 748 3070 esse
794 3030 903 3070 non
933 3015 1154 3071 dubium
1197 3025 1296 3074 est.
1331 3017 1397 3072 Et
1426 3033 1709 3089 possemus
1738 3019 2069 3092 [possumus]

481 3106 692 3176 quidem
722 3108 891 3163 totius
917 3122 1094 3163 causae
1122 3109 1390 3164 rationem
1431 3109 1497 3164 ad
1526 3109 1795 3166 sedandos
1822 3127 2071 3167 rumores

482 3199 787 3265 hominum,
836 3198 1020 3254 divina
1062 3200 1220 3255 nobis
1276 3210 1608 3271 cooperante
1653 3203 2022 3259 misericordia
2050 3246 2064 3270 ,

2191 594 2408 641 centum
2439 587 2824 656 quinquaginta
2844 585 3151 661 ,Epliesino
3177 586 3352 657 primo
3400 587 3778 658 ducentorum,

2184 677 2277 733 sed
2309 688 2363 733 et
2384 677 2451 732 de
2472 676 2899 733 Chalcedonensi
2926 686 3307 733 sescentorum
3331 677 3571 746 triginta,
3599 679 3672 733 ita
3696 694 3779 733 me

2185 775 2505 839 protegente
2532 769 2710 823 divina
2742 767 3111 823 misericordia
3141 768 3400 831 sensisse,
3437 777 3491 822 et
3519 785 3693 839 usque
3711 771 3773 825 ad

2185 862 2474 915 terminum
2495 861 2617 914 vita:
2638 876 2771 915 mea:
2793 859 2994 914 sentire
3024 867 3139 914 toto
3160 860 3343 913 animo
3363 867 3418 913 et
3440 867 3552 913 tota
3581 861 3773 915 virtute

2182 952 2460 1023 proﬁteor,
2480 962 2539 1007 ut
2555 969 2647 1009 eas
2668 954 2721 1007 in
2751 961 2953 1007 sanctae
2981 950 3103 1008 ﬁdei
3120 950 3434 1008 defensione
3461 958 3517 1006 et
3548 949 3769 1005 damna—

2183 1045 2418 1099 tionibus
2441 1045 2703 1099 hmresum
2722 1052 2883 1112 atque
2904 1042 3281 1097 haereticorum
3304 1084 3319 1110 ,
3356 1048 3563 1110 utpote
3588 1048 3773 1093 sancto

2185 1135 2421 1191 ﬁrmatas
2453 1135 2686 1206 Spiritu,
2739 1134 3047 1189 omnimoda
3087 1133 3376 1189 devotione
3412 1130 3719 1187 custodiam
3758 1150 3770 1184 :

2181 1241 2404 1294 quarum
2420 1226 2746 1289 ﬁrmitatem,
2777 1225 2900 1295 quia
2916 1223 3237 1279 universalis
3264 1222 3522 1278 Ecclesia:
3553 1222 3775 1279 ﬁrmitas

2181 1323 2283 1379 est,
2310 1315 2380 1368 ita
2403 1330 2489 1370 me
2514 1316 2649 1369 tueri
2680 1330 2742 1370 ac
2764 1314 3057 1370 defendere
3079 1314 3343 1385 proﬁteor
3359 1354 3375 1379 ,
3400 1314 3541 1369 sicut
3566 1328 3661 1367 eas
3690 1313 3773 1366 de-

2180 1422 2425 1462 eessores
2448 1423 2599 1463 meos
2626 1407 2929 1463 defendisse
2960 1424 3067 1462 non
3094 1406 3314 1462 dubium
3346 1414 3429 1460 est
3461 1424 3473 1459 :
3502 1406 3553 1460 in
3582 1406 3771 1475 quibus

2182 1497 2328 1552 illum
2372 1497 2456 1570 (S.
2502 1496 2629 1568 Leo)
2656 1499 2887 1552 maxime
2914 1505 2971 1551 et
3000 1496 3152 1566 sequi
3189 1505 3244 1551 et
3271 1495 3474 1551 imitari
3503 1494 3768 1559 desidero,

2180 1602 2338 1657 quem
2358 1575 2813 1643 Chalcedonensis
2824 1588 3010 1658 synodi
3031 1596 3312 1642 auctorem
3337 1585 3587 1641 novimus
3605 1586 3769 1640 exsti-

2182 1674 2327 1746 tisse;
2342 1680 2432 1747 qui
2448 1694 2546 1733 suo
2568 1692 2871 1747 congruens
2895 1676 3249 1747 nomini,ejus
3269 1692 3326 1731 se
3356 1677 3660 1731 membrum
3678 1676 3764 1743 qui

2179 1768 2245 1823 de
2263 1769 2400 1823 tribu
2412 1767 2438 1822 J
2450 1768 2551 1822 uda
2572 1767 2661 1823 leo
2676 1768 2902 1832 exstitit,
2920 1765 3255 1823 vivacissima
3276 1767 3397 1821 ﬁdei
3413 1765 3765 1821 sollicitudine

2179 1859 2459 1915 evidenter
2487 1861 2742 1915 ostendit.
2784 1861 3025 1915 Similem
3070 1859 3231 1929 igitur
3272 1860 3655 1929 suprascriptis
3677 1874 3761 1928 sy-

2179 1950 2338 2007 nodis
2359 1954 2717 2007 reverentiam
2742 1969 2829 2008 me
2866 1968 3081 2023 semper
3109 1952 3474 2007 exhibiturum
3504 1967 3625 2007 esse
3648 1966 3764 2006 con-

2182 2040 2309 2107 ﬁdo,
2340 2051 2395 2097 et
2423 2042 2728 2113 quicunque
2754 2044 2821 2097 ab
2851 2043 3038 2097 iisdem
3070 2049 3303 2113 quatuor
3330 2041 3577 2095 conciliis
3603 2042 3762 2095 abso-

2178 2134 2273 2188 luti
2303 2143 2445 2197 sunt,
2504 2150 2590 2189 me
2619 2150 2739 2189 esse
2769 2134 3101 2190 orthodoxos
3131 2132 3435 2187 habiturum
3455 2174 3472 2199 ,
3523 2148 3624 2186 nec
3668 2148 3761 2185 un-

2177 2238 2336 2292 quam
2368 2224 2422 2278 in
2450 2225 2561 2278 vita
2592 2240 2711 2279 mea
2734 2267 2748 2291 ,
2800 2224 2905 2279 Deo
2935 2240 3035 2279 nos
3064 2224 3117 2278 in
3148 2223 3398 2278 omnibus
3428 2231 3761 2293 protegente,

2178 2315 2378 2383 aliquid
2408 2316 2475 2370 de
2503 2325 2704 2370 sancta:
2735 2323 2790 2369 et
2821 2331 2959 2370 verre
2996 2313 3395 2386 praedicationis
3423 2328 3613 2367 eorum
3639 2328 3759 2366 auc-

2181 2405 2399 2459 toritate
2428 2405 2690 2460 minuere.

2244 2498 2349 2553 Sed
2380 2506 2431 2552 et
2454 2513 2707 2564 canones,
2740 2513 2876 2567 quos
2901 2498 3055 2555 sedes
3077 2497 3374 2569 apostolica
3397 2496 3657 2566 suscepit,
3682 2510 3758 2549 se-

2174 2605 2313 2658 quor
2344 2596 2398 2643 et
2439 2603 2697 2655 veneror,
2746 2600 2800 2643 et
2831 2589 2941 2643 Deo
2986 2590 3274 2658 adjuvante
3297 2587 3558 2650 defendo,
3593 2600 3758 2654 neque

2174 2679 2259 2735 vel
2308 2678 2376 2734 de
2420 2679 2519 2734 hac
2576 2679 2908 2749 professione
2953 2681 3181 2733 reticere
3232 2686 3325 2731 aut
3353 2676 3631 2732 discedere
3666 2675 3757 2728 ali-

2173 2772 2388 2843 quando
2414 2773 2691 2843 promitto.
2726 2770 2997 2841 Epistolas
3020 2772 3181 2826 etiam
3212 2772 3383 2825 beatae
3423 2767 3756 2824 recordatio-

2176 2865 2256 2919 nis
2284 2880 2435 2934 papa:
2462 2863 2735 2918 C(eiestini
2754 2906 2767 2931 ,
2800 2863 2934 2917 Sixti
2959 2871 3013 2917 et
3039 2878 3145 2932 [me
3168 2862 3413 2916 omnibus
3444 2861 3591 2915 beati
3622 2858 3757 2912 Leo-

2176 2955 2275 3020 nis,
2301 2971 2403 3009 nec
2432 2970 2538 3008 non
2562 2955 2723 3009 etiam
2751 2970 3119 3009 successurum
3150 2953 3284 3022 ejus,
3319 2951 3526 3015 lliarii,
3551 2949 3758 3019 Simpli-

2172 3049 2261 3112 cii,
2295 3048 2489 3102 Felicis
2515 3087 2529 3112 ,
2554 3045 2754 3100 Gelasii
2780 3088 2793 3111 ,
2828 3046 3118 3111 Anastasii,
3153 3043 3489 3116 Symmachi,
3523 3041 3759 3096 liortuis-

2172 3140 2277 3207 dae,
2320 3138 2573 3204 Joannis,
2606 3138 2831 3204 Felicis,
2862 3138 3118 3193 Bonifacii
3141 3181 3156 3207 ,
3182 3137 3407 3192 Joannis
3436 3135 3679 3197 alterius,
3710 3139 3760 3185 et

2173 3231 2420 3301 Agapeti,
2448 3248 2546 3301 pro
2576 3230 2891 3286 defensione
2917 3230 3036 3285 fidei
3066 3229 3365 3295 catholicrc,
3398 3238 3454 3285 et
3480 3244 3581 3299 pro
3606 3226 3755 3280 ﬁrmi-

483 3291 800 3394 ﬁdticialiter
825 3292 1128 3394 explicare;
1161 3293 1403 3394 nihilque
1437 3301 1626 3394 contra
1658 3294 1814 3394 ﬁdem
1840 3294 2067 3394 Palmm
2095 3294 2137 3353 (ἶ
2173 3291 2793 3394 tate-suprascriptarum
2834 3332 3067 3394 quatuor
3087 3291 3413 3394 synodorum
3434 3364 3450 3389 ,
3481 3291 3538 3377 et
3568 3326 3755 3376 contra

484 3389 778 3449 contraque
820 3388 1053 3449 quatuor
1097 3382 1426 3453 synodorum
1468 3382 1774 3440 ﬁrmitatem
1800 3385 2068 3439 ullatenus

483 3490 601 3530 esse
632 3476 947 3530 tentandum
976 3477 1313 3552 [tentatum],
1359 3478 1699 3536 lueidissimis
1718 3482 2067 3551 approbatio-

486 3566 642 3622 nibus
660 3564 1070 3635 demonstrare;
1100 3570 1377 3639 magisque
1406 3570 1458 3624 id
1486 3578 1684 3637 actum,
1708 3579 1768 3626 ut
1794 3587 2065 3627 memora-

484 3667 658 3709 tarum
673 3656 1001 3726 synodorum
1024 3658 1249 3714 ﬁrmitas
1268 3668 1456 3715 contra
1484 3675 1672 3716 omnes
1694 3662 1940 3719 inimicos
1962 3662 2064 3717 im-

484 3750 669 3805 mobili
716 3747 989 3803 soliditate
1017 3750 1360 3805 consisteret.
1409 3750 1518 3807 Sed
1559 3752 1687 3820 quia
1732 3753 1836 3808 hoe
1865 3753 1947 3807 his
1974 3754 2066 3823 qui

484 3841 622 3898 lacte
646 3841 826 3913 potius
852 3855 1014 3910 quam
1054 3842 1227 3897 solido
1256 3843 1378 3899 cibo
1408 3844 1677 3899 nutriendi
1709 3853 1834 3901 sunt
1862 3846 1916 3919 (1
1944 3864 2061 3902 eor.

483 3935 560 4000 vi)
586 3933 950 3990 necessarium
980 3950 1101 3989 esse
1129 3950 1235 3989 non
1265 3935 1532 4003 duximus,
1565 3945 1625 3991 ut
1665 3938 1827 4010 (sicut
1856 3954 2061 3994 memo-

484 4035 629 4082 ratus
657 4026 858 4082 Doctor
881 4027 1123 4095 gentium
1143 4026 1296 4095 dicit)
1338 4028 1477 4084 inter
1497 4028 1767 4099 perfectos
1795 4030 2063 4099 loquenda

481 4119 550 4173 sit
570 4119 837 4189 sapientia
855 4138 867 4173 :
883 4120 1217 4177 hocinterim
1243 4123 1386 4193 quod
1403 4123 1566 4179 etiam
1598 4123 1834 4193 parvulis
1853 4124 2065 4179 abunde

480 4210 731 4279 sufﬁciat,
764 4210 829 4265 ad
873 4212 1121 4268 notitiam
1149 4214 1387 4269 omnium
1419 4213 1765 4268 deferendum
1796 4230 1914 4269 esse
1937 4230 2062 4285 per-

481 4304 773 4374 speximus.
804 4303 863 4359 Id
891 4313 1069 4361 autem
1099 4313 1201 4372 est,
1236 4315 1292 4361 ut
1316 4305 1473 4361 ﬁdem
1501 4320 1675 4361 meam
1705 4322 1915 4360 annexa
1938 4306 2064 4360 sub-

482 4404 566 4450 ter
591 4394 928 4464 professione
976 4398 1225 4452 deﬁniam
1251 4438 1266 4462 ,
1295 4398 1348 4451 in
1378 4413 1502 4467 qua,
1552 4398 1663 4453 Deo
1701 4398 1973 4468 propitio,
2010 4403 2064 4452 et

482 4494 643 4540 rectm
671 4501 759 4542 me
782 4488 1150 4556 apostolorum
1179 4488 1445 4544 doctrina:
1467 4498 1523 4543 et
1552 4488 1767 4544 Patrum
1801 4490 2062 4543 inhzcrere

481 4575 722 4645 vestigiis
750 4577 1030 4633 evidenter
1076 4586 1369 4647 appareat,
1419 4587 1479 4632 ut
1505 4594 1602 4648 per
1626 4595 1741 4646 vos,
1768 4581 1858 4650 qui
1886 4580 2062 4635 zelum

2172 3413 2453 3468 haereticos
2478 3454 2493 3479 ,
2521 3422 2629 3466 tam
2662 3414 2727 3467 ad
2753 3414 3020 3483 principes
3048 3430 3207 3485 quam
3234 3413 3301 3467 ad
3331 3412 3645 3487 episcopos',
3679 3408 3758 3464 vel

2171 3504 2443 3574 quoslibet
2473 3504 2609 3557 alios
2638 3518 2734 3575 per
2756 3501 3030 3558 Orientem
3060 3513 3115 3559 et
3135 3503 3402 3574 Illyricum
3430 3511 3595 3570 atque
3626 3500 3759 3554 Dar-

2169 3592 2423 3659 daniam,
2478 3593 2721 3662 aliasque
2780 3593 3088 3663 provincias
3143 3593 3371 3647 diversis
3426 3590 3760 3659 temporibus

2170 3684 2398 3747 missas,
2453 3684 2866 3747 inviolabiliter,
2920 3684 3209 3751 adjuvante
3273 3682 3490 3738 Christo
3530 3680 3760 3735 Domino

2172 3783 2357 3831 nostro
2381 3815 2397 3840 ,
2430 3790 2517 3829 me
2543 3775 2818 3829 custodire
2847 3772 3106 3845 proﬁteor
3129 3816 3142 3842 ,
3171 3782 3229 3830 et
3270 3788 3461 3830 omnes
3490 3787 3629 3841 quos
3664 3769 3760 3842 ipsi

2168 3867 2563 3921 damnaverunt
2585 3866 2786 3921 habere
2815 3865 3131 3930 damnatos;
3162 3874 3215 3919 et
3239 3880 3375 3935 quos
3412 3864 3510 3932 ipsi
3534 3876 3757 3931 recepe-

2166 3967 2314 4023 runt,
2355 3956 2625 4026 prtecipue
2672 3955 3010 4011 venerabiles
3054 3956 3338 4026 episcopos
3367 3952 3755 4008 Theodoritum

2167 4056 2221 4101 et
2250 4046 2417 4113 Ibam,
2453 4061 2541 4100 me
2565 4045 2703 4100 inter
2732 4046 3067 4101 orthodoxos
3098 4046 3363 4101 venerari.

2236 4136 2362 4193 Haec
2401 4145 2484 4192 est
2514 4137 2675 4206 igitur
2708 4136 2837 4194 ﬁdes
2866 4152 2986 4192 mea
3026 4147 3081 4192 et
3108 4152 3232 4207 spes
3276 4153 3414 4199 mea,
3441 4152 3561 4206 qua:
3592 4138 3645 4191 in
3674 4152 3755 4191 ine

2165 4228 2309 4284 dono
2338 4228 2717 4283 misericordim
2742 4228 2833 4283 Dei
2861 4237 2944 4283 est
2970 4246 2982 4281 :
3014 4245 3112 4298 pro
3141 4246 3245 4299 qua
3275 4230 3510 4284 maxime
3538 4239 3756 4299 paratos

2166 4333 2265 4372 nos
2312 4332 2433 4372 esse
2482 4317 2698 4383 debere,
2733 4318 2923 4373 beatus
2970 4315 3163 4373 Petrus
3202 4318 3269 4371 ad
3321 4318 3752 4388 respondendum

2165 4407 2312 4461 omni
2352 4410 2594 4477 poscenti
2626 4424 2724 4463 nos
2765 4408 3031 4463 rationem
3071 4406 3127 4480 (Ι
3162 4406 3306 4462 Petr.
3353 4408 3451 4479 ιιι).
3486 4407 3622 4463 Cum
3654 4409 3753 4462 hac

2165 4502 2501 4573 professione
2547 4518 2635 4558 me
2664 4504 2848 4559 vivere
2883 4512 3047 4575 opto,
3081 4519 3203 4559 cum
3232 4504 3347 4572 ipsa
3371 4509 3496 4554 ante
3520 4498 3752 4554 tribunal

2164 4593 2359 4650 Christi
2388 4595 2640 4650 assistere
2673 4613 2685 4647 :
2718 4610 2815 4664 per
2843 4596 2982 4650 hanc
3009 4610 3039 4649 a
3082 4594 3323 4665 peccatis
3368 4591 3503 4646 meis
3548 4588 3751 4645 absolvi

484 4666 576 4722 Dei
609 4668 773 4722 etiam
794 4683 916 4724 cum
936 4670 1158 4725 scientia
1190 4669 1717 4739 possidetis,c'.eteris
1736 4672 2057 4738 innotescat,

2177 4702 2253 4742 me
2273 4688 2462 4753 credo,
2495 4698 2550 4744 et
2571 4690 2635 4744 ad
2658 4690 2936 4746 dexteram
2968 4689 3152 4759 gloriae
3180 4688 3360 4743 divina
3382 4682 3753 4740 misericordia

483 4773 620 4829 quos
641 4769 903 4829 operante
928 4760 1139 4816 Domini
1170 4762 1336 4816 nostri
1363 4763 1534 4829 gratia
1554 4803 1568 4828 ,
1593 4779 1700 4818 non
1729 4765 1844 4821 sine
1885 4777 2063 4824 vestra

485 4847 736 4903 mercede
781 4848 849 4904 ab
894 4849 1241 4906 irrationabili
1270 4849 1549 4905 divisionis
1575 4866 1685 4905 suae
1716 4854 1858 4908 malo
1897 4857 2065 4910 conli-

486 4936 661 4995 dimus
686 4938 1011 4996 liberandos.

556 5025 632 5083 De
670 5030 872 5086 sanctis
899 5044 1028 5085 vero
1071 5039 1304 5101 quatuor
1328 5036 1571 5095 conciliis
1592 5078 1607 5104 ,
1661 5040 1714 5095 id
1744 5050 1825 5097 est
1858 5043 2071 5104 Niceno

2166 4782 2577 4853 deportandum.
2621 4785 2939 4854 Quicunque
2967 4791 3144 4838 autem
3175 4781 3316 4836 aliud
3344 4778 3606 4841 senserit,
3638 4789 3754 4831 cre~

2167 4873 2363 4929 diderit
2386 4918 2400 4942 ,
2434 4877 3013 4945 prmdicaverit,,hunc
3034 4875 3454 4930 anathematizat
3491 4878 3679 4926 sancta
3708 4876 3756 4924 et

2174 4965 2489 5021 universalis
2519 4967 2760 5024 Ecclesia
2784 4969 2899 5024 Dei.
2952 4968 3095 5024 Deus
3121 4984 3219 5024 vos
3261 4967 3559 5022 incolumes
3582 4970 3756 5020 custo-

2180 5052 2315 5125 diat,
2345 5055 2436 5111 ﬁlii
2466 5058 2815 5114 dilectissimi.
2850 5058 3039 5114 Amen.

497 5154 3755 5201 Ἢ

1513 5262 1893 5322 ADMONITIO
1931 5267 2163 5326 JACOBI
2202 5271 2553 5342 SIRMONDI,
2594 5276 2651 5332 S.
2692 5276 2739 5333 J.

1582 5396 1647 5435 DE
1685 5396 1877 5437 MDINE
1915 5400 2241 5448 SEQUENTIUI
2284 5405 2646 5449 EPIsTOLARUI

555 5568 667 5632 Quo
696 5584 832 5623 nunc
857 5568 1044 5624 ordine
1084 5586 1116 5623 a
1143 5572 1289 5628 nobis
1329 5575 1544 5647 digesta:
1569 5589 1706 5645 sunt,
1736 5581 1871 5635 hunc
1894 5584 2063 5653 ipsum

483 5661 720 5715 exhibent
748 5660 952 5715 codices
980 5662 1208 5732 antiqui,
1248 5664 1543 5724 Pithmanus
1567 5679 1615 5725 et
1648 5670 1952 5739 Lirinensis,
1978 5686 2062 5729 at-

483 5764 577 5820 que
598 5748 914 5803 Arelatensis
934 5748 1064 5805 adeo
1082 5751 1170 5805 ille
1196 5754 1332 5809 unde
1356 5758 1580 5827 primum
1610 5760 1884 5834 descripta:
1911 5775 1960 5820 et
1993 5768 2064 5820 ad

493 5840 766 5895 Baronium
789 5840 1104 5897 cardinulem
1127 5844 1313 5912 missa,
1334 5850 1386 5902 in
1412 5848 1573 5907 lucem
1604 5855 1923 5911 nrodierunt.
1953 5860 2060 5913 Sed

2170 5603 2367 5644 summo
2389 5593 2498 5648 viro
2516 5633 2531 5659 ,
2560 5604 2619 5647 ut
2646 5595 2879 5650 ordinm
2904 5597 3262 5666 interpolaret,
3295 5597 3415 5669 fecit
3437 5606 3683 5668 corrupta
3700 5594 3751 5648 in

2168 5683 2478 5754 amigrapr
2506 5688 2642 5757 quod
2693 5700 2962 5760 acceperat
3006 5692 3119 5763 ejus
3155 5693 3385 5763 cpistola:
3407 5691 3711 5762 subscriptio
3733 5728 3748 5754 ,

2165 5770 2251 5826 ubi
2271 5790 2410 5829 anno
2444 5773 2514 5828 15
2541 5778 2783 5849 scriptum
2813 5782 2980 5850 fuerat
3002 5798 3095 5851 pro
3124 5799 3259 5837 anno
3286 5781 3353 5836 16
3377 5783 3596 5846 Basilii;
3619 5780 3746 5853 quod

2163 5866 2403 5921 mendum
2437 5878 2657 5924 veterum
2697 5874 2985 5928 earumdem
3016 5874 3261 5931 librorum
3299 5895 3392 5946 ope
3422 5878 3742 5932 sustulimus.

2312 5956 2366 5970 θ
