3992 6500
232 401 316 457 ιοί
1669 379 2045 436 EI’ISTOLE.

596 505 928 563 EPISTULA
955 503 1044 561 vn
1074 504 1222 576 (olim
1244 482 1404 570 'vut).

445 616 512 655 AD
537 614 812 654 SAPAUDUI
846 611 1134 652 EPISCOPUII
1163 605 1567 649 ARELATENSEH.

235 695 546 750 Salutatoria
582 694 884 763 priusquam
923 708 954 744 α
1001 689 1253 760 Sapaudo
1295 687 1496 741 litteras
1533 684 1804 753 acciperet.

299 784 649 840 Dilectissimo
672 781 824 837 fratri
853 779 1110 852 Sapaudo
1142 778 1408 846 Pelagius.

3393 367 3498 424 402

1830 495 1880 552 A
1907 491 2103 546 aﬁectu
2123 483 2284 560 quem
2315 488 2470 545 vobis
2494 488 2872 559 impendimus,
2894 494 2950 542 et
2976 499 3076 557 pro
3105 483 3182 540 rei
3207 489 3370 553 gestze
3397 495 3496 533 mi-

1910 587 2093 651 vitate,
2121 584 2271 639 salva
2294 584 2568 654 aequitate,
2599 587 3006 650 competentem
3029 577 3105 632 illi
3149 590 3312 646 quem
3358 571 3493 626 dile-

1910 679 2021 734 ctio
2061 687 2152 733 tua
2197 676 2429 741 miserit,
2458 675 2702 746 priebere
2729 672 2988 727 favorem.
3029 670 3172 725 Deus
3212 677 3267 724 te
3288 664 3498 721 incolu-

1910 784 2054 824 mem
2082 759 2368 833 cus'todiat,
2400 766 2565 820 frater
2588 762 2924 819 charissime.
2943 760 3077 814 Data
3105 759 3316 814 decimo
3343 761 3501 810 sexto

299 882 422 944 Quae
449 875 733 929 nobiscum
759 842 1146 942 omnipotentis
1175 842 1463 940 Deivgratia
1493 867 1653 923 fuerit
1681 879 1811 936 ope-
1907 859 2166 916 calendas
2187 856 2461 925 Octobris,
2492 870 2638 911 anno
2667 852 2736 907 15
2779 861 2906 923 post
2953 849 3292 906 consulatum
3321 842 3506 901 Basilii

234 982 360 1039 rata,
390 969 455 1024 ad
485 969 804 1024 charitatem
834 976 981 1022 tuam
1012 965 1281 1022 credimus
1317 964 1482 1020 fuisse
1510 963 1809 1043 perlatum;

235 1077 324 1132 pro
343 1075 442 1129 qua
465 1073 527 1114 re
547 1058 615 1112 ad
644 1074 744 1114 nos
770 1056 1032 1112 destinari
1055 1062 1404 1120 convenerat,
1430 1061 1488 1108 ut
1510 1053 1814 1109 visitatione

235 1150 492 1208 communi
523 1163 716 1218 magno
748 1149 975 1204 invicem
1007 1147 1205 1216 gaudio
1236 1145 1556 1202 frueremur.
1591 1143 1701 1199 Nos
1731 1151 1802 1198 ta-

234 1258 345 1297 men
373 1240 626 1295 fraterna:
653 1255 922 1306 memores
951 1238 1246 1303 charitatis,
1280 1237 1622 1308 pnesentium
1647 1235 1804 1308 porti-

236 1343 398 1388 torum
422 1333 714 1388 occasione
741 1340 977 1403 reperta,
1029 1331 1268 1388 ofﬁcium
1318 1330 1570 1386 fraterna:
1617 1328 1817 1386 saluta-

236 1421 388 1476 tionis
415 1420 799 1491 impendimus,
821 1430 1072 1492 optantes
1097 1431 1156 1476 ut
1178 1421 1388 1476 alterna
1416 1421 1468 1475 in
1496 1421 1692 1474 timore
1722 1419 1823 1474 Do-

237 1515 357 1568 mini
386 1513 656 1567 charitate
686 1513 944 1577 viventes,
977 1521 1167 1567 mutuo
1214 1510 1528 1582 frequenter
1570 1511 1820 1566 refovea—

237 1620 346 1662 tuur
387 1603 648 1675 alloquio.
680 1601 821 1660 Deus
853 1611 910 1658 te
951 1603 1277 1659 incolumem
1326 1601 1619 1669 custodiat,
1657 1599 1813 1654 fratet

238 1698 566 1754 cbarissime.
589 1696 722 1751 Data
744 1714 797 1751 tv
827 1712 1090 1751 nonarum
1110 1696 1394 1762 Juliarum,
1419 1710 1561 1750 anno
1586 1692 1654 1748 15
1704 1699 1826 1763 post

237 1791 569 1846 consulatum
599 1787 784 1843 Basilii
811 1787 912 1842 viri
941 1787 1224 1843 clarissimi
1275 1788 1400 1856 (Au.
1433 1784 1628 1840 Christi
1675 1780 1820 1848 556).

623 1918 958 1976 EPISTULA
982 1920 1096 1976 VIII
1129 1921 1275 1993 (olim
1312 1920 1426 1993 1X).

898 2029 965 2066 AD
994 2029 1234 2066 EUIIDEII.

240 2105 472 2162 Hodcste
502 2107 680 2162 laudes
711 2107 880 2188 rejicit
909 2107 1088 2188 quibus
1129 2107 1276 2188 illum
1323 2106 1603 2178 Sapauttus
1636 2109 1691 2162 iu
1743 2107 1827 2161 lit-

759 2186 882 2232 teris
910 2186 1017 2232 suis
1046 2186 1286 2232 ornarat.

305 2313 668 2369 Dilectissimo
691 2312 838 2368 fratri
866 2306 1121 2383 Sapaudo
1143 2311 1416 2382 Pelagius.

305 2403 684 2459 Fraternitatis
714 2413 904 2460 vestra:
931 2412 1084 2474 grata
1131 2405 1291 2460 nobis
1333 2403 1601 2473 colloquia
1654 2403 1831 2458 Felice

242 2496 357 2550 viro
378 2495 614 2550 honesto
643 2495 923 2550 deferente
951 2495 1320 2566 suscepimus;
1357 2495 1550 2564 quibus
1596 2494 1832 2549 recensi-

243 2585 330 2651 tis,
386 2584 662 2640 communi
718 2583 947 2639 Domino
998 2600 1062 2639 ac
1088 2583 1199 2639 Deo
1229 2594 1417 2639 nostro
1447 2583 1834 2640 insuﬂicientcs

241 2678 442 2746 gratias
487 2678 714 2746 egimus,
745 2678 872 2746 quia
916 2676 1222 2732 dilectionis
1249 2685 1351 2732 tua:
1381 2677 1830 2741 incolumitatem,

243 2784 361 2839 qua:
381 2769 538 2824 nobis
563 2777 648 2822 est
666 2768 1061 2835 desiderabilis,
1093 2783 1280 2824 eorum
1313 2766 1692 2824 testiﬁcatione
1743 2784 1835 2822 co-

243 2859 542 2927 gnovimus.
576 2857 648 2913 Ea
676 2866 854 2912 autem
878 2873 996 2928 qum
1018 2859 1069 2912 in
1094 2858 1292 2913 nostris
1313 2857 1557 2913 laudibus
1587 2856 1836 2911 facundia

241 2950 354 3020 poris
379 2937 549 3004 vestri
579 2950 856 3017 disseruit,
887 2965 1196 3020 quanquam
1225 2965 1322 3005 vos
1344 2956 1728 3018 congruentem
1751 2966 1840 3004 vo-

243 3041 323 3098 bis
350 3060 468 3100 rem
491 3043 683 3100 iecisse
711 3043 1057 3098 manifestum
1092 3044 1184 3111 sit,
1217 3057 1316 3097 nos
1346 3050 1526 3096 tamen
1554 3043 1687 3096 nihil
1740 3058 1840 3096 no-

241 3145 414 3192 strum
437 3153 506 3191 ex
535 3137 784 3191 omnibus
812 3151 933 3204 quae
954 3136 1095 3190 dicta
1124 3143 1252 3190 sunt
1272 3142 1649 3202 agnoscentes,
1682 3150 1838 3189 vere-

1915 953 2016 1007 viri
2044 950 2347 1008 clarissimi.

2347 1098 2676 1156 El’lSTOLA
2701 1097 2773 1152 1x
2804 1097 2947 1167 (olim
2976 1092 3066 1166 xi.

2349 1229 2416 1268 AD
2445 1224 2854 1268 CUILDEBERTUI
2882 1221 3080 1262 REGI-II.

1921 1349 2213 1402 Anathcma
2240 1346 2366 1418 dicit
2393 1346 2458 1418 iis
2484 1347 2569 1418 qui
2601 1347 2663 1399 de
2690 1343 2805 1418 ﬁde
2822 1343 2988 1418 aliter
3019 1340 3252 1418 sentiunt
3280 1353 3431 1418 quam

1993 1418 2249 1489 epistolis”
2270 1417 2459 1489 Leonis
2497 1411 2554 1470 ἐι
2582 1418 2635 1470 in
2664 1411 2882 1469 concilio
2913 1411 3320 1489 Citatcedouensi
3350 1411 3516 1489 conti-

1988 1481 2160 1542 netur.
2211 1487 2476 1559 Reliquias
2523 1496 2820 1540 sanctorum
2864 1486 3018 1539 mittit
3070 1501 3161 1555 per
3208 1481 3516 1535 Hominem-

1997 1561 2187 1615 bonum
2207 1558 2588 1613 subdiucouem.

2000 1676 2230 1730 Domino
2262 1674 2370 1728 ﬁlio
2419 1671 2808 1741 gloriosissimo
2835 1679 2996 1741 atque
3022 1665 3521 1741 praecellentissimo

1929 1767 2276 1821 Cbildeberto
2306 1766 2417 1835 regi
2447 1763 2693 1834 Pelagius
2719 1764 3027 1833 episcopus.

1863 1886 1906 1943 Β
2007 1858 2229 1914 Rulinus
2255 1859 2339 1912 vir
2366 1858 2701 1925 magniﬁcus,
2731 1857 2939 1924 legatus
2961 1853 3292 1910 excellentia:
3311 1858 3524 1911 vestrae,

1935 1952 2090 2008 nobis
2117 1951 2252 2006 dixit
2296 1949 2441 2020 quod
2489 1958 2544 2004 et
2573 1950 2626 2004 in
2675 1948 2966 2020 provinciis
2989 1945 3281 2001 Galliarum
3310 1940 3526 2011 quidam

1932 2042 2136 2098 semina
2157 2039 2532 2096 seandalorum
2555 2045 2887 2110 sparserunt,
2913 2035 3143 2092 dicendo
3170 2031 3301 2104 quid
3340 2038 3526 2087 contra

1935 2135 2092 2190 ﬁdem
2120 2133 2467 2200 catholicam,
2497 2132 2641 2202 quod
2670 2131 2928 2186 Dominus
2978 2143 3084 2183 non
3118 2125 3373 2196 patiatur,
3431 2119 3528 2182 ad-

1933 2226 2176 2280 tuissum.
2200 2222 2269 2276 Et
2293 2223 2539 2291 quamvis
2567 2239 2595 2276 a
2629 2222 2860 2275 transitu
2883 2219 3021 2274 diva:
3051 2214 3325 2272 memoria:
3347 2212 3526 2266 Theo-

1934 2317 2080 2370 donc
2109 2313 2362 2382 Augustae
2384 2312 2558 2366 nullas
2580 2312 2648 2366 de
2678 2310 2784 2366 ﬁde
2803 2311 3131 2380 quaestiones
3161 2305 3398 2362 Ecclesia
3435 2303 3528 2358 Det

1936 2409 1988 2462 in
2015 2407 2261 2478 partibus,
2274 2404 2508 2459 Orientis
2531 2404 2644 2459 Deo
2664 2403 2958 2460 miserante
2978 2401 3251 2468 formidet,
3268 2399 3362 2456 sed
3385 2412 3530 2467 quac-

1936 2500 2060 2556 dam
2081 2497 2315 2568 capitula
2346 2505 2499 2552 extra
2529 2495 2686 2550 ﬁdem
2712 2495 2910 2551 fuerint
2936 2495 3160 2566 agitata,
3215 2493 3285 2549 de
3337 2491 3532 2561 quibus

1939 2590 2156 2659 longum
2181 2596 2264 2644 est
2293 2597 2351 2642 ut
2373 2587 2649 2656 epistolari
2678 2587 2886 2658 possint
2908 2586 3196 2657 complecti
3226 2599 3480 2640 sermone
3513 2600 3528 2636 :

1939 2682 2044 2736 hoc
2071 2679 2330 2746 breviter,
2360 2677 2655 2733 secundum
2685 2677 3111 2732 admonitionem
3160 2673 3366 2746 praafati
3416 2689 3530 2727 ma-

1939 2771 2117 2840 gniﬁci
2145 2771 2246 2824 viri
2265 2768 2464 2834 Ruﬁni,
2496 2769 2562 2824 ad
2588 2767 2886 2823 sanandum
2907 2769 3145 2824 animum
3173 2761 3530 2830 vestrumniel

1941 2861 2179 2918 omnium
2203 2859 2426 2914 fratrum
2446 2866 2504 2914 et
2527 2859 2976 2929 coepiscoporum
3003 2864 3311 2912 nostrorum
3335 2856 3389 2909 in
3409 2853 3535 2908 Gal-

1942 2954 2027 3007 liae
2057 2951 2365 3020 regionibus
2406 2949 2839 3016 consistentium,
2883 2948 3186 3004 faciendum
3243 2963 3363 3003 esse
3409 2961 3509 3017 pro

1943 3042 2219 3112 spexinius
2236 3059 2249 3093 :
2266 3039 2508 3095 dicentes
2529 3040 2986 3095 anatliematizare
3011 3055 3130 3104 nos,
3155 3046 3212 3094 et
3240 3038 3449 3092 alienos
3470 3037 3538 3090 ab

1943 3141 2160 3188 teternzc
2188 3133 2313 3187 vita:
2343 3131 2576 3203 praemiis
2599 3131 2863 3200 judicare,
2885 3130 3192 3200 quicunque
3217 3129 3284 3184 ab
3313 3128 3403 3182 illa
3432 3125 3535 3182 fide

241 3227 501 3282 cundiam
533 3227 706 3296 magis
735 3227 1074 3292 incurrimus,
1106 3226 1232 3280 illud
1284 3226 1580 3282 doctissimi
1622 3227 1722 3281 viri
1771 3227 1838 3298 ad
1868 3271 1913 3330 C
1945 3243 2104 3299 quam
2132 3227 2304 3282 beata:
2330 3224 2719 3281 recordationis
2747 3240 2886 3296 papa
2931 3223 3040 3279 Leo
3069 3222 3122 3278 in
3147 3223 3259 3278 suis
3298 3220 3536 3291 epistolis

243 3319 490 3374 animum
520 3320 900 3390 producentes,
926 3321 1018 3388 qui
1048 3320 1181 3374 dixit
1208 3338 1220 3374 :
1266 3320 1418 3376 Sicut
1444 3336 1569 3376 vera
1599 3322 1717 3378 laus
1746 3338 1838 3378 or-

208 3402 213 3408 ’
247 3419 364 3478 nat,
413 3410 495 3466 sic
524 3410 657 3464 falsa
704 3412 946 3478 castigat.
979 3409 1202 3466 Multum
1234 3413 1376 3466 enim
1407 3413 1528 3467 vita:
1551 3421 1749 3469 nostra:
1778 3429 1842 3470 ac

249 3517 466 3558 morum
489 3503 652 3557 verba
682 3502 962 3557 charitatis
1000 3512 1193 3558 vestra:
1221 3519 1504 3559 mensuras
1550 3503 1838 3562 excedunt.

252 3593 511 3663 Optamus
533 3601 716 3648 tamen
746 3601 805 3646 ut
846 3601 1161 3648 sanctorum
1216 3596 1458 3650 omnium
1499 3596 1748 3666 precibus
1789 3603 1844 3650 et

254 3685 450 3742 vestris
500 3685 836 3741 orationibus
884 3685 1047 3740 faciat
1088 3702 1190 3740 nos
1241 3687 1384 3742 Deus
1414 3687 1546 3742 tales
1588 3688 1844 3756 existere,

255 3775 442 3843 quales
470 3791 570 3829 vos
600 3791 720 3832 esse
747 3790 814 3830 ex
861 3777 1006 3831 bona
1029 3777 1311 3832 voluntate
1340 3778 1608 3848 pinxistis.
1669 3779 1845 3848 Atque

257 3863 376 3922 ideo
399 3865 704 3921 salutantes
731 3866 916 3922 debito
939 3868 1222 3924 charitatis
1269 3868 1489 3934 affectu,
1544 3870 1846 3926 iudicamus

257 3969 372 4020 nos,
397 3957 616 4011 inventa
642 3968 768 4012 ante
798 3958 899 4013 hoc
920 3974 1144 4028 parvum
1167 3968 1377 4030 tempus
1407 3962 1694 4018 occasione
1713 3977 1848 4031 quo-

258 4048 504 4104 rumdam
557 4049 624 4104 de
677 4051 954 4120 provincia
993 4063 1174 4108 vestra
1223 4052 1448 4108 Romam
1492 4054 1844 4123 venientium,

258 4148 407 4196 tanto
436 4143 644 4198 amoris
673 4144 838 4198 vestri
869 4143 1080 4200 fervore
1109 4146 1272 4201 fuisse
1301 4162 1612 4217 succensos,
1643 4155 1705 4202 ut
1749 4148 1850 4202 im-

261 4235 534 4302 patienter
565 4235 826 4292 ferremus
853 4238 1157 4307 hujusmodi
1186 4240 1647 4310 opportunitatem
1687 4241 1852 4296 silen-

264 4324 333 4378 tio
361 4325 671 4395 prmterire.
699 4325 1012 4383 Scribentes
1041 4343 1275 4397 namque
1304 4329 1691 4398 gloriosissimo
1711 4346 1853 4387 com-

262 4417 407 4471 muni
461 4417 580 4472 tilio
626 4416 975 4475 Cbildeberto
1030 4421 1167 4488 regi,
1223 4420 1389 4475 etiam
1437 4420 1506 4476 ad
1534 4421 1850 4478 charitatem

264 4517 403 4565 tuam
432 4512 667 4576 litteras,
698 4511 886 4582 quales
907 4514 1007 4568 sub
1057 4513 1322 4568 brevitate
1375 4514 1636 4584 temporis
1674 4515 1854 4586 potui-

265 4617 380 4658 mus
409 4601 642 4666 dictare,
681 4604 1094 4658 transmisimus.
1143 4603 1400 4670 Quaedam
1451 4610 1634 4658 autem
1671 4605 1851 4671 nobis,

266 4693 403 4748 sicut
427 4694 742 4765 scripsistis,
768 4696 989 4766 proprio
1015 4711 1112 4752 ore
1151 4696 1449 4750 litterarum
1476 4703 1775 4752 vestrarum
1801 4699 1855 4752 in

267 4787 587 4858 compendio
615 4790 847 4858 portitor
865 4790 1152 4856 iutimavit,
1179 4806 1299 4862 quae
1318 4806 1418 4846 nos
1437 4807 1547 4847 non
1574 4791 1855 4848 mediocri-

269 4883 347 4929 ter
372 4887 784 4946 pcrmoverunt,
836 4878 1168 4936 admirantes
1214 4880 1464 4936 nimirum
1512 4897 1618 4952 qua
1648 4884 1860 4938 ratione

271 4972 374 5020 tam
420 4985 564 5025 nova
594 4986 682 5024 res
729 4970 890 5025 fuerit
918 4982 1203 5043 usurpata;
1252 4985 1308 5030 et
1334 4990 1558 5030 necesse
1600 4976 1861 5031 habemus

272 5060 487 5117 solliciti
509 5078 647 5127 esse,
674 5072 731 5118 ut
753 5065 797 5118 si
826 5066 947 5134 quis
974 5067 1200 5130 venerit,
1233 5084 1340 5122 non
1369 5067 1522 5124 facile
1551 5068 1723 5133 nobis,
1753 5077 1864 5123 tan-

271 5162 428 5219 quam
459 5155 684 5223 ignaris,
711 5156 992 5226 subripere
1034 5159 1231 5230 aliquid
1262 5160 1526 5215 videatur.
1559 5160 1746 5216 Melius
1774 5170 1857 5216 ta-

273 5254 392 5297 men
433 5243 745 5301 fraternitas
797 5255 886 5302 tua
917 5246 1095 5314 faciet,
1127 5250 1172 5306 si
1219 5265 1554 5320 cognoscens
1576 5253 1694 5308 illos
1723 5269 1860 5323 quos

275 5335 619 5404 suspicamini
651 5337 718 5392 ad
746 5353 848 5394 nos
876 5355 1000 5394 esse
1027 5349 1302 5405 venturos,
1332 5342 1496 5396 etiam
1543 5359 1641 5398 vos
1669 5359 1858 5413 perso-

275 5438 396 5482 nam
424 5428 743 5485 instructam
773 5448 842 5487 ex
867 5433 1017 5487 omni
1044 5442 1196 5502 parte
1215 5435 1473 5504 dirigatis,
1498 5451 1616 5504 quae
1638 5436 1716 5492 eis
1737 5451 1862 5505 pos-

275 5520 346 5579 sit
371 5522 635 5579 obsistere
662 5543 673 5577 :
707 5527 830 5593 quia
852 5541 975 5580 cum
1004 5527 1233 5596 epistola
1252 5539 1430 5582 vestra
1455 5529 1585 5583 nihil
1609 5529 1677 5582 de
1698 5545 1860 5584 causa

277 5612 568 5690 contineat,
601 5616 645 5671 si
674 5616 763 5672 hic
789 5616 880 5685 qui
909 5617 1066 5673 nobis
1095 5618 1258 5674 modo
1280 5635 1348 5674 ex
1377 5619 1654 5675 voluntate
1683 5630 1860 5676 vestra

277 5703 439 5759 verbo
468 5708 748 5775 suggeSsit,
783 5716 909 5765 tunc
938 5709 1080 5780 apud
1109 5727 1208 5767 nos
1235 5719 1468 5782 nequeat
1497 5711 1744 5776 inveniri,
1785 5713 1862 5766 vi-

277 5792 521 5851 debimur
548 5815 646 5855 nos
666 5803 999 5859 accusatoris
1021 5801 1254 5858 cilicium
1283 5803 1605 5874 suscepisse.
1637 5803 1788 5870 Quod
1817 5805 1862 5859 si

278 5897 310 5961 ζ
339 5893 431 5946 tua
453 5889 710 5952 charitatc
737 5912 970 5962 persona
998 5895 1262 5968 dirigitur,
1291 5906 1533 5956 nostrum
1562 5907 1662 5966 est,
1691 5907 1741 5955 et
1763 5915 1862 5968 pro

1942 3321 2276 3393 prtedicavit,
2326 3327 2381 3374 et
2435 3334 2598 3389 quam
2644 3317 3083 3374 Chalcedonense
3112 3313 3422 3377 concilium,
3453 3327 3536 3368 se-

1943 3425 2115 3482 quens
2145 3409 2393 3466 eumdem
2423 3408 2734 3478 praesulem,
2764 3407 2906 3463 edita
2925 3407 3236 3463 deﬁnitione
3280 3403 3536 3474 suscepit,

1945 3505 1999 3560 in
2031 3521 2138 3559 una
2169 3505 2396 3575 syllaba,
2428 3512 2522 3559 aut
2550 3504 2602 3558 in
2633 3519 2744 3559 uno
2771 3504 2959 3569 verbo,
2988 3503 3073 3558 vel
3099 3503 3151 3557 in
3181 3516 3363 3567 sensu,
3395 3513 3537 3555 erra-

1944 3596 2022 3650 vit
2067 3595 2377 3665 aliquando,
2433 3603 2528 3650 aut
2573 3595 2861 3651 declinavit
2914 3595 2999 3650 vel
3053 3594 3404 3650 declinaverit
3444 3591 3538 3647 ali-

1945 3689 2180 3759 quando.
2204 3689 2408 3756 Quibus
2436 3703 2495 3744 se
2517 3688 2591 3744 ita
2617 3687 2959 3754 habentibus,
2991 3703 3099 3742 non
3121 3685 3362 3741 attendat
3381 3682 3540 3740 celsi-

1947 3780 2076 3837 tudo
2089 3787 2286 3847 vestra,
2311 3794 2412 3835 nec
2430 3778 2624 3836 fratres
2645 3779 2814 3836 nostri
2836 3778 3096 3850 episcopi,
3120 3777 3330 3832 fabulas
3350 3790 3538 3831 eorum

1947 3877 2225 3933 hominum
2255 3877 2348 3947 qui
2373 3876 2640 3932 scaudalis
2690 3877 3071 3932 delectantur:
3121 3872 3375 3943 quoniam
3427 3868 3542 3923 haec

1949 3969 2066 4039 ipsa
2098 3968 2169 4022 ita
2199 3969 2564 4039 contigerunt,
2591 3976 2649 4023 ut
2676 3984 2799 4024 cum
2838 3976 2996 4040 pater
3023 3973 3202 4022 vester
3229 3961 3543 4020 clementis-

1951 4061 2118 4117 simus
2147 4061 2442 4133 imperator
2467 4077 2657 4118 omnes
2687 4061 2938 4126 haereses,
2988 4075 3110 4130 quae
3161 4054 3542 4112 Constantino-

1950 4153 2061 4223 poli
2090 4154 2374 4223 episcopos
2399 4170 2526 4209 suos
2554 4161 2610 4208 et
2637 4152 2916 4217 ecclesias,
2967 4165 3088 4206 cum
3118 4146 3326 4216 magnis
3353 4145 3541 4200 rediti-

1952 4243 2054 4297 bus
2083 4251 2138 4296 et
2168 4257 2414 4297 vasorum
2437 4242 2769 4306 diversitate,
2812 4254 2980 4309 usque
3007 4238 3073 4293 ad
3098 4245 3341 4307 tempora
3370 4236 3544 4307 impe-

1953 4333 2019 4388 rii
2049 4332 2166 4402 ejus
2191 4333 2515 4398 habuerunt,
2543 4332 2820 4394 everterit,
2852 4339 2908 4386 et
2935 4329 3158 4385 sublatis
3185 4327 3422 4382 basilicis
3459 4341 3546 4382 eo-

1955 4439 2073 4478 rum
2099 4432 2260 4492 atque
2288 4423 2570 4490 reditibus,
2594 4422 2950 4490 omnibusque
2993 4421 3112 4476 aliis
3140 4420 3322 4485 rebus,
3349 4417 3545 4475 catho-

1956 4515 2072 4570 licis
2099 4514 2398 4569 tradiderit.
2431 4513 2494 4568 lli
2525 4527 2653 4581 ergo
2683 4513 2773 4584 qui
2803 4513 2856 4568 in
2884 4512 3015 4584 ipsis
3043 4511 3318 4568 erroribus
3339 4523 3546 4565 reman-

1955 4613 2163 4673 serunt,
2179 4605 2485 4674 conglobati
2505 4614 2630 4661 sunt
2655 4607 2708 4660 in
2732 4622 2913 4672 unum,
2928 4614 2984 4660 et
2997 4613 3164 4676 agunt
3180 4599 3546 4669 vehementer,

1958 4699 2190 4770 qualiter
2220 4698 2515 4755 Ecclesiam
2544 4700 2868 4756 catholicam
2898 4700 3146 4756 scindant
3199 4707 3362 4770 atque
3415 4713 3548 4768 per-

1959 4791 2198 4846 turbent.
2230 4791 2362 4846 Nam
2389 4800 2443 4848 et
2467 4793 2573 4847 huc
2600 4792 2654 4847 in
2684 4791 2914 4859 Italiam,
2944 4792 3180 4862 quandiu
3207 4806 3306 4846 nos
3335 4792 3388 4846 iu
3414 4790 3548 4862 Con-

1959 4882 2307 4952 stantinopoli
2332 4881 2545 4948 fuimus,
2572 4882 2639 4938 de
2662 4883 2879 4938 nomine
2910 4893 3098 4939 nostro
3127 4884 3343 4940 chartas
3365 4882 3548 4936 mitte-

1961 4975 2110 5040 bant,
2134 4975 2362 5031 diceudo
2390 4977 2542 5045 quasi
2572 4993 2670 5032 nos
2695 4976 2987 5034 dixerimus
3017 4976 3174 5033 ﬁdem
3229 4975 3548 5032 catholicam

1961 5067 2126 5122 fuisse
2163 5077 2494 5136 corruptam.
2543 5066 2695 5124 Nunc
2720 5083 2852 5124 vero
2881 5069 3045 5124 etiam
3073 5056 3263 5125 contra
3289 5081 3387 5121 nos
3417 5063 3543 5119 alle-

1964 5168 2091 5214 runt
2112 5161 2215 5214 huc
2243 5159 2459 5214 chartas
2485 5160 2660 5215 tacitis
2689 5161 3014 5224 nominibus,
3047 5169 3106 5217 ut
3135 5160 3405 5216 nesciatur
3432 5155 3551 5226 quis

1966 5268 2062 5309 eas
2087 5253 2250 5306 misit.
2283 5251 2393 5307 Sed
2420 5251 2500 5307 sic
2527 5251 2732 5308 faciunt
2754 5252 3045 5308 Christiani
3083 5251 3175 5319 qui
3204 5251 3259 5305 in
3287 5248 3549 5304 Constan-

1967 5344 2196 5415 tinopoli
2222 5352 2365 5409 sunt,
2397 5344 2521 5399 dum
2547 5360 2642 5400 eos
2670 5353 2883 5400 constet
2909 5361 3018 5398 non
3047 5357 3167 5398 esse
3194 5340 3546 5396 Christianos.

1968 5433 2200 5489 Maxime
2231 5443 2409 5490 tamen
2436 5434 2771 5492 Nestoriana:
2799 5434 3018 5488 hatresis
3047 5431 3316 5494 homines,
3358 5445 3456 5500 pro
3486 5445 3554 5484 ee

1951 5520 2106 5598 quod
2126 5528 2405 5585 Nestorius
2423 5528 2558 5585 duas
2578 5538 2798 5584 naturas
2820 5527 2876 5582 in
2903 5524 3117 5580 Christo
3137 5532 3415 5593 separatas
3435 5522 3552 5590 qui-

1963 5621 2085 5678 dem
2117 5631 2173 5677 et
2199 5622 2397 5678 divisas
2426 5622 2749 5689 astruxerit,
2767 5619 3136 5675 fraudulenter
3157 5616 3454 5671 moliuntur
3481 5615 3550 5670 d7.

1964 5731 2088 5771 cere
2112 5731 2218 5772 non
2249 5716 2410 5784 longe
2438 5717 2507 5771 ab
2537 5716 2817 5771 intellectu
2837 5728 2958 5769 esse
2985 5709 3440 5767 Chalcedonensis
3462 5727 3551 5782 sy-

1967 5807 2095 5862 nodi
2125 5816 2352 5879 ctpapzc
2393 5806 2611 5883 Leonis,
2643 5807 2771 5861 dum
2799 5804 3129 5875 Nestorium,
3158 5819 3259 5875 pro
3297 5819 3366 5860 eo
3409 5805 3554 5874 quod

1963 5899 2159 5958 divisas
2203 5900 2335 5958 duas
2383 5907 2621 5959 naturas.
2654 5907 2940 5968 assereret,
2986 5899 3101 5971 ipso
3130 5897 3380 5968 destinate
3409 5895 3552 5952 beati
