3992 6456
466 337 569 395 408

1809 337 2082 395 PELAGII
2122 337 2320 394 ΡΑΡΑΞ

3638 332 3776 391 sas

468 471 618 527 papa:
652 457 847 515 Leonis
873 464 1226 515 constatesse
1262 456 1596 513 damnatum.
1646 456 1773 513 llaec
1821 455 2058 511 breviter
2084 456 2130 514 Α
2161 457 2504 527 contigerunt,
2536 452 2695 527 sicuti
2722 462 2777 510 et
2804 454 3161 525 posteriorem
3182 452 3251 508 ab
3278 452 3359 511 his
3382 453 3556 510 verbis
3584 472 3600 508 :
3644 453 3784 509 Rea

466 548 789 608 insinuanda
836 564 959 607 esse
1009 550 1347 606 excellentiae
1388 559 1582 605 vestrae
1633 547 1955 612 curavimus,
1996 554 2057 601 ut

470 643 561 699 ille
585 644 749 701 ardor
776 643 899 701 ﬁdei
925 653 1142 711 vestrm,
1164 653 1221 701 et
1241 645 1465 700 unitatis
1494 660 1666 711 amor,
1692 660 1801 699 non
1831 642 2057 711 alicujus

469 735 709 805 perversi
738 736 970 791 hominis
999 735 1227 802 fabulas,
1250 744 1343 791 aut
1364 737 1582 794 chartas
1610 734 1908 806 superﬂuas
1933 750 2058 806 per-

469 825 649 881 mittat
665 827 870 882 attendi
902 845 916 882 :
940 827 1065 899 quia
1088 835 1145 882 et
1173 828 1262 883 hic
1282 829 1560 899 simplices
1586 828 1798 897 aliquos
1842 827 2057 897 episco-

472 932 591 989 pos,
624 927 678 973 et
705 919 1005 975 nescientes
1034 920 1206 989 prima
1240 919 1507 975 elementa
1538 919 1681 985 ﬁdei,
1731 918 2058 973 sollicitave-

473 1023 617 1079 runt,
649 1023 710 1069 ut
736 1029 839 1070 nec
861 1016 1127 1070 rationem
1174 1016 1344 1086 ipsam
1374 1017 1693 1087 intelligant,
1727 1032 1826 1071 nec
1853 1015 2056 1072 discer-

478 1114 610 1164 nant
635 1114 894 1175 quantum
924 1106 994 1159 sit
1014 1106 1215 1165 bonum
1237 1121 1268 1161 a
1291 1105 1393 1161 ﬁde
1424 1107 1691 1163 catholica
1714 1122 1821 1161 non
1851 1121 2057 1170 errare;

479 1200 578 1255 sed
607 1199 651 1253 si
677 1213 781 1267 qua
810 1206 937 1252 sunt
960 1198 1064 1253 alia
1092 1198 1285 1268 quibus
1306 1199 1508 1254 crimen
1538 1199 1607 1254 ab
1633 1199 1898 1255 haereticis
1920 1198 2059 1267 pati-

479 1297 568 1345 tur
593 1297 776 1345 sancta
805 1288 1045 1346 Ecclesia
1069 1289 1323 1345 refutare.
1358 1290 1487 1357 Quis
1528 1290 1673 1345 enim
1724 1290 1962 1361 patiatur
2007 1297 2064 1346 ut

478 1380 710 1439 Nestorii
763 1381 850 1437 vel
900 1391 1227 1439 sectatorum
1280 1382 1397 1452 ejus
1438 1383 1819 1453 blasphemias,
1871 1397 1971 1453 pro
1997 1397 2064 1438 eo

478 1474 625 1545 quod
650 1475 783 1530 duas
812 1482 1029 1530 naturas
1060 1476 1111 1529 in
1140 1474 1356 1531 Christo
1383 1483 1684 1545 separatas,
1734 1475 1787 1529 id
1812 1483 1897 1530 est
1925 1473 2066 1529 divi-

479 1582 569 1623 sas
590 1581 709 1623 csse
739 1567 1047 1633 astruxerit,
1079 1567 1359 1623 catholica:
1389 1568 1511 1623 ﬁdei
1540 1568 1813 1624 existimet
1834 1583 2065 1623 concor-

481 1658 650 1713 dare?
678 1655 746 1712 Ut
773 1668 955 1713 autem
977 1672 1076 1713 nos
1096 1658 1571 1715 diutribulationes
1596 1657 2066 1728 Constantinopoli

482 1759 807 1821 pateremur,
838 1749 925 1804 illa
947 1764 1034 1804 res
1062 1750 1188 1807 fecit
1215 1765 1377 1819 quam
1404 1750 1642 1806 breviter
1668 1750 1916 1821 superius
1939 1750 2065 1807 teti-

481 1842 655 1898 aimus
681 1857 693 1893 :
720 1840 975 1910 quoniam
1001 1841 1216 1897 vivente
1243 1841 1497 1911 Augusta,
1522 1839 1784 1911 quidquid
1813 1842 1867 1895 in
1894 1840 2069 1897 eccle-
2100 1846 2142 1906 Β

479 1934 715 1990 siasticis
730 1933 906 1988 causis
930 1934 1268 1997 movebatur,
1293 1942 1603 2003 suspectum
1624 1932 2068 1988 habuimus.Nam

482 2032 635 2094 pater
666 2034 845 2083 vester
871 2024 1316 2081 clementissimus
1339 2027 1655 2095 imperator,
1677 2033 1733 2080 et
1754 2024 1899 2080 beati
1916 2038 2067 2094 papm

484 2112 678 2169 Leonis
704 2114 920 2182 dogma,
950 2122 1006 2168 et
1027 2112 1480 2169 Chalcedonensis
1508 2113 1701 2186 synodi
1732 2111 1891 2168 ﬁdem
1922 2112 2069 2167 nullo

482 2205 642 2261 modo
670 2220 904 2275 unquam
935 2206 1138 2275 patitur
1189 2206 1399 2260 violari.
1452 2205 1727 2275 Reliquias
1773 2219 1904 2261 vero
1959 2212 2071 2259 tam

485 2298 765 2352 beatorum
792 2295 1159 2365 apostolorum
1205 2310 1366 2364 quam
1394 2304 1704 2352 sanctorum
1752 2304 2067 2366 martyrum,

485 2387 591 2454 iam
622 2387 837 2457 quidem
868 2402 965 2456 per
984 2401 1171 2442 servos
1204 2386 1294 2440 Dei
1325 2386 1637 2441 monasterii
1666 2384 1959 2441 Lirinensis
1986 2384 2070 2440 di-

485 2475 739 2532 reximus.
768 2475 875 2531 Sed
904 2484 959 2531 et
988 2491 1132 2531 nunc
1152 2490 1287 2545 quas
1314 2476 1473 2543 legati
1500 2477 1662 2530 vestri
1687 2482 2068 2546 poposcerunt,

486 2581 584 2621 cos
613 2566 823 2623 misisse
862 2567 1159 2635 signemus,
1210 2565 1531 2636 deputanles
1584 2565 2070 2621 Hominembonum

485 2655 876 2713 subdiaconum
905 2672 973 2716 ex
1001 2658 1149 2713 clero
1176 2656 1428 2713 Ecclesia:
1455 2666 1673 2723 nostra},
1706 2672 1735 2711 a
1766 2672 1874 2728 quo
1905 2671 2074 2726 usque

483 2747 551 2802 ad
599 2747 817 2808 fratrem
873 2757 929 2803 et
976 2751 1353 2820 coepiscopum
1384 2758 1629 2805 nostrum
1656 2749 1961 2819 Sapauduni
1987 2750 2075 2820 ju-

486 2838 649 2893 hente
696 2838 924 2894 Domino
960 2839 1293 2895 deferantur.
1343 2840 1476 2895 Data
1497 2857 1553 2896 tn
1584 2841 1703 2896 idus
1725 2841 2069 2909 Decembres,

485 2944 628 2983 anno
654 2928 724 2982 l5
748 2932 1226 3000 postconsulatum
1250 2930 1426 2987 Basilii
1477 2933 1577 2987 viri
1627 2933 1929 2997 clarissimi,
1979 2948 2077 3003 per

493 3019 742 3083 Ruﬁnum
770 3022 1001 3091 legatum
1027 3024 1198 3093 (Anno
1213 3022 1403 3079 Christi
1426 3021 1572 3089 556).

1119 3161 1459 3233 Subscriptio.

561 3267 810 3337 Pelagius
832 3271 1199 3326 misericordia
1228 3270 1324 3325 Dei
1353 3270 1640 3340 episcopus
1687 3269 1937 3327 Ecclesiae
1983 3288 2075 3329 ca-

490 3358 705 3415 tholicae
734 3360 879 3417 urbis
907 3361 1113 3429 Ronne,
1136 3362 1431 3432 exemplari
1457 3360 1700 3432 epistolis
1728 3371 1927 3418 nostra:
1946 3364 2071 3420 sub-

486 3449 696 3520 scripsi.

885 3578 1211 3626 OBLEBVATIO
1240 3583 1288 3620 P.
1317 3580 1533 3620 ANTONII
1564 3581 1679 3620 PAGI

771 3655 841 3708 ad
887 3670 1081 3708 annum
1127 3651 1319 3708 Christi
1359 3650 1487 3720 556,
1526 3670 1583 3707 n.
1634 3652 1685 3719 7,
1732 3652 1786 3707 8.

558 3763 799 3892 Eglswla
819 3762 1022 3848 Pelagii
1046 3762 1533 3847 ad_Childebertum
1562 3779 1747 3848 regem
1776 3780 1831 3821 ιιι
1863 3763 1931 3819 id.
1968 3763 2074 3821 De-

558 3853 605 3891 m
650 3873 663 3891 .
708 3851 834 3890 anm
874 3833 979 3888 556
1021 3842 1244 3892 scrinia.
1294 3851 1361 3890 ex
1407 3835 1616 3892 duabus
1650 3836 1800 3892 alus.
1849 3850 2074 3892 auarum

488 3833 663 3892 remb.
708 3837 834 3905 anni
874 3833 979 3905 556
1021 3836 1244 3905 scripta,
1294 3851 1361 3890 ex
1407 3835 1616 3905 duabus
1636 3833 1800 3902 aliis,
1849 3850 2077 3905 quarum

491 3906 658 3962 altera
700 3905 767 3961 ad
796 3902 1219 3967 Childebertum.
1251 3905 1419 3961 altera
1446 3906 1513 3959 ad
1540 3902 1901 3961 Justinianurit
1922 3922 1953 3960 a
1979 3907 2078 3962 Ἦ-

491 3977 621 4045 gillo
651 3977 777 4033 data
814 3975 1015 4042 fuerat,
1044 3977 1419 4035 consarcinata
1443 3983 1545 4032 est.
1571 3973 1945 4047 Hzeciduarum
1966 3976 2080 4047 epi-

491 4049 779 4113 stularum,
800 4046 868 4103 ad
880 4046 1282 4101 Childebertum
1297 4047 1501 4102 scilicet
1530 4054 1587 4101 et
1614 4046 2075 4113 adJustinianuin,

494 4119 913 4183 consarcinatio,
938 4117 1139 4173 nemini
1168 4118 1272 4173 huc
1303 4132 1472 4187 usque
1500 4117 1803 4183 observata,
1836 4133 1957 4187 quae
1998 4125 2083 4172 ta-

494 4206 615 4245 men
647 4204 753 4245 non
778 4188 988 4244 videtur
1009 4189 1060 4243 in
1084 4188 1303 4244 dubium
1329 4189 1652 4244 revocanda.
1680 4188 1825 4245 Finis
1853 4188 1996 4243 enim
2027 4197 2083 4243 et

494 4261 702 4317 initium
733 4258 974 4331 epistol-.e
997 4274 1117 4327 qua:
1146 4257 1655 4331 adLCliildebertunl
1664 4275 1848 4330 regem
1879 4258 2081 4330 scripta

493 4326 834 4401 supponitiir,
862 4326 1076 4399 spectat
1104 4329 1169 4383 ad
1198 4326 1401 4401 Gallias
1431 4338 1487 4384 et
1511 4330 1575 4383 ad
1594 4400 1597 4401 ν
1616 4326 1949 4401 Francorum
1991 4326 2084 4384 re-

493 4398 637 4469 gein,
658 4403 777 4469 qui,
796 4400 1046 4471 utgliquet
1066 4415 1135 4455 ex
1162 4400 1266 4454 alia
1295 4398 1495 4468 Pelagii
1518 4400 1766 4471 epistola,
1803 4399 2080 4471 Ruﬁnum,

500 4471 724 4542 Romam
741 4470 821 4542 ad
851 4469 1135 4542 Pelagium
1151 4485 1343 4540 papam
1373 4469 1596 4542 miserat
1628 4489 1641 4526 :
1672 4473 1762 4541 qui
1788 4470 2085 4542 postulavit

498 4550 555 4595 ut
578 4539 820 4612 pontifex
860 4539 945 4612 vel
981 4539 1325 4612 Childeberto
1347 4539 1675 4610 signiﬁcaret
1693 4539 1755 4597 se
1777 4539 1873 4612 per
1901 4542 2082 4598 omnia

498 4612 560 4683 Β.
581 4609 782 4666 Leonis
809 4610 1023 4683 scriptis
1052 4611 1323 4683 assentiri,
1350 4609 1435 4683 vel
1476 4612 1708 4683 propriis
1735 4609 1914 4683 verbis
1943 4626 2076 4666 con-

496 4681 785 4738 fessionem
812 4680 1073 4737 suae—ﬁdei
1103 4681 1168 4736 ad
1210 4682 1458 4737 eumdem
1480 4680 1798 4742 destinaret.
1828 4680 1885 4741 Id
1942 4697 2077 4737 con-

497 4761 608 4808 stat
629 4768 695 4807 ex
720 4752 824 4806 alia
849 4751 1050 4821 Pelagii
1080 4751 1146 4806 ad
1176 4750 1574 4808 Childebertum
1605 4766 1786 4818 regem
1818 4752 2070 4821 epistola,

498 4824 553 4895 in
576 4838 679 4895 qua
708 4819 945 4895 pontifex
975 4819 1049 4876 ait
1077 4841 1088 4875 :
1132 4821 1353 4877 Veniens
1386 4821 1607 4895 Ruﬁnus
1636 4823 1713 4876 vir
1742 4819 2075 4895 magniﬁcus,

495 4890 1052 4964 legatus—excellentia:
1076 4901 1273 4955 vestrae,
1306 4890 1625 4964 conﬁdenter
1655 4910 1687 4945 α
1710 4890 1884 4964 nobis,
1911 4890 1965 4947 ut
1987 4893 2077 4964 de-

494 4962 619 5028 cuit,
652 4964 927 5035 postulavit
949 4974 1195 5035 quatenus
1222 4963 1370 5035 robis
1399 4972 1488 5015 aut
1516 4962 1678 5017 beatw
1703 4963 2076 5035 recordationis

496 5033 854 5106 paptv'Leonis
881 5033 1072 5088 tantum
1090 5050 1121 5085 a
1144 5033 1288 5089 nobis
1309 5036 1595 5106 peremnia
1614 5034 1904 5087 conservari
1924 5034 2081 5102 signi-

496 5102 655 5175 ﬁcare
682 5104 1054 5167 debuissemns,
1099 5102 1437 5175 aut_propriis
1458 5102 1626 5175 uerbis
1656 5111 1847 5175 nostra:
1876 5105 2079 5175 contis-

495 5172 692 5229 sionem
718 5174 844 5245 fidei
864 5174 1142 5228 destinare.
1174 5172 1488 5245 Huiusmodi
1512 5172 2078 5245 petitionisratiolimc

499 5245 597 5298 fuit
622 5240 768 5314 quod
796 5244 1005 5299 semina
1033 5240 1403 5299 scandalbrum
1447 5240 1524 5297 in'
1543 5243 1844 5314 provinciis,
1874 5240 2078 5301 Gallia-

500 5331 614 5368 rum
641 5312 671 5368 a
700 5314 1022 5383 quibusdam
1070 5315 1477 5384 spargebantur.
1528 5315 1683 5382 quasi
1724 5312 1850 5381 quid
1889 5322 2078 5367 contra

498 5385 653 5439 ﬁdem
685 5384 1006 5457 catholicam
1030 5385 1082 5457 in
1104 5383 1290 5457 quinta
1306 5383 1519 5457 synodo
1545 5384 2077 5457 generaiiJierac_tuiii

496 5464 659 5510 esset.
696 5456 872 5523 Quare
895 5452 1473 5524 Pelagiuslitteris'hoc
1496 5452 1640 5509 anno
1669 5454 1737 5510 ad
1767 5452 2083 5511 Childeber-

497 5534 608 5579 tum
638 5527 802 5582 tertio
834 5526 952 5582 idus
980 5526 1302 5584 Decembres
1331 5526 1539 5591 missis,
1580 5526 1725 5579 illam
1762 5525 2079 5596 petitionem

501 5596 761 5666 implevit,
795 5606 852 5651 et
877 5599 1162 5653 anathema
1190 5598 1327 5652 dixit
1353 5597 1416 5650 iis
1437 5597 1530 5666 qui
1556 5596 1623 5651 de
1648 5596 1750 5651 ﬁde
1771 5596 1931 5650 aliter
1951 5610 2080 5666 sen-

501 5612 570 5648 nn
613 5612 761 5663 tevu,
795 5612 852 5651 et
877 5612 1162 5653 anathema
1190 5612 1327 5652 uixit
1353 5612 1416 5650 ns
1437 5612 1530 5666 qui
1556 5612 1623 5651 ae
1648 5612 1750 5651 nue
1771 5612 1931 5650 aliter
1951 5612 2080 5649 sen-

499 5612 893 5739 tjeﬁantquam
919 5669 973 5728 in
1001 5669 1243 5739 epistolis
1262 5669 1437 5723 sancti
1467 5668 1663 5739 Leonis
1692 5676 1749 5739 et
1772 5668 1824 5739 in
1850 5665 2082 5739 concilio

499 5736 923 5793 Chalcedenensi
946 5736 1342 5796 continebatur.
1374 5738 1580 5793 Artifex
1620 5737 1860 5806 epistola:
1889 5736 1955 5789 de
1975 5750 2082 5803 qua

502 5808 678 5880 agitur
701 5808 877 5880 refert
904 5811 1140 5878 priorem
1176 5811 1290 5878 ejus
1318 5819 1525 5880 partem
1556 5808 1622 5862 ad
1653 5807 2079 5880 Childebertum,

501 5878 568 5932 ab
597 5876 752 5934 initio
776 5876 943 5945 usque
978 5880 1046 5935 ad
1072 5881 1186 5939 hmo
1208 5876 1372 5938 verba
1405 5898 1417 5935 :
1453 5879 1715 5941 Quoniam
1739 5879 1851 5935 haec
1879 5877 2082 5935 inscita

2102 3227 2150 3290 C

2163 524 2350 591 liquias
2380 543 2496 580 vero
2526 536 2629 579 tam
2649 524 2916 581 beatorum
2944 527 3293 595 apostolorum
3326 542 3478 583 uuam
3524 534 3780 595 sancto:

2163 614 2275 679 runt
2304 608 2611 679 martyrum,
2631 598 2743 679 jam
2771 594 3087 679 quidem'per
3107 612 3278 651 servos
3303 596 3418 679 .Detn
3440 594 3785 651 monasterii

2162 666 2453 722 Lirinensis
2474 666 2854 729 direximus,“
2882 666 3078 721 «etcra
3111 682 3143 719 u

2232 738 2458 807 Reliqua
2508 737 2687 792 omnia
2744 737 2798 791 in
2828 737 3054 807 epistola
3086 737 3153 791 ad

3216 683 3282 721 ue
3303 668 3365 722 in
3387 665 3567 721 ﬁnem.

3228 738 3579 793 hildebertum
3608 752 3781 794 con—-

2164 817 2313 864 tenta
2340 807 2635 878 desumpsit
2656 808 3065 878 consarcinator
3092 823 3159 862 ex
3189 808 3465 878 aliquibus
3485 808 3701 878 litteris
3731 821 3781 864 δ

2162 879 2356 947 Vigilio
2401 876 2544 949 papa
2595 879 2658 932 ad
2687 876 3042 949 Iustinianum
3078 878 3223 949 imp.
3261 876 3419 934 datis.
3451 877 3583 949 Nam
3631 879 3779 934 hac

2162 950 2326 1004 verba
2359 947 2506 1004 verbi
2535 950 2705 1018 gratia
2733 948 2943 1003 nonnisi
2972 947 3035 1002 ad
3075 948 3451 1018 imperatorem
3478 947 3779 1004 Constan-

2165 1020 2577 1089 tinopolitanum
2606 1019 2800 1089 scripta
2822 1026 2948 1073 sunt
2971 1037 2983 1072 :
3014 1018 3144 1073 Hec
3161 1020 3277 1089 ipsa
3302 1020 3378 1073 ita
3398 1020 3778 1092 contigerunt,

2163 1099 2221 1144 ut
2251 1106 2365 1145 cum
2393 1099 2541 1161 pater
2565 1100 2727 1161 uester
2764 1091 3192 1145 clementissimus
3245 1091 3525 1161 imperator
3568 1106 3782 1147 omnes

2165 1162 2385 1217 Iurreses
2411 1178 2525 1232 qua:
2552 1160 2999 1232 Constantinopoli
3029 1162 3295 1230 episcopos
3320 1160 3451 1232 suos
3495 1170 3546 1215 et
3578 1161 3780 1216 eccle—

2163 1234 2291 1298 sias,
2316 1231 2431 1286 cum
2458 1233 2660 1302 magnis
2685 1231 2974 1286 redditibus
3001 1241 3049 1285 et
3074 1248 3317 1286 uasorum
3344 1231 3641 1287 diversitate
3668 1247 3781 1302 us-

2234 1320 2261 1357 e
2277 1302 2347 1372 ad
2367 1300 2595 1372 temisero
2610 1302 2815 1370 imperii
2831 1310 2941 1370 ejus
2964 1303 3270 1365 habuerunt,
3288 1304 3519 1356 everterit
3537 1312 3606 1368 et,
3632 1300 3785 1356 sub-

2186 1376 2285 1428 atis
2314 1371 2545 1429 basilicis
2569 1389 2746 1427 eorum
2770 1382 2922 1442 atque
2945 1373 3248 1436 redditibus,
3281 1372 3610 1443 omnibusque
3634 1372 3781 1425 aliis

2166 1443 2315 1499 rebus
2327 1444 2611 1507 catholicis,
2634 1440 2928 1498 tradiderit.
2946 1442 3162 1498 Certum
3182 1451 3265 1498 est
3287 1452 3463 1497 autem
3482 1440 3781 1497 Iustinum

2167 1515 2449 1570 Seniorem
2498 1515 2875 1571 lneretieorum
2924 1513 3176 1568 basilicas
3220 1512 3534 1568 orthodoxis
3580 1511 3781 1566 tradi-

2168 1586 2327 1650 disse,
2377 1594 2433 1641 et
2479 1584 2838 1640 Justinianum
2870 1584 2988 1653 ejus
3019 1584 3183 1653 lilium
3211 1583 3517 1653 adoptivum
3548 1581 3778 1646 fuisse;

2167 1672 2287 1711 eum
2315 1664 2502 1711 contra
2528 1655 2838 1712 Clodoveus
2860 1652 3080 1723 Magnus
3100 1652 3431 1709 Childeberti
3454 1662 3628 1723 pater,
3660 1665 3781 1723 nec

2169 1728 2466 1797 appellatus
2518 1734 2603 1781 est
2652 1722 2967 1797 imperator,
3015 1724 3311 1795 praesertim
3356 1722 3784 1797 appontiﬁcibu

2174 1794 2431 1853 Romanis
2447 1835 2462 1859 ,
2496 1812 2669 1864 neque
2689 1794 2881 1867 aliquis
2909 1794 3235 1867 Francorum
3257 1810 3353 1851 rex
3382 1794 3781 1867 haereticorum

2174 1867 2430 1923 ecclesias
2482 1863 2983 1937 Constantinopoli,
3008 1865 3500 1937 evertereipotuit.
3532 1863 3615 1917 Ad
3645 1864 3781 1918 haec

2174 1946 2366 1993 auctor
2419 1938 2559 1992 illius
2612 1936 2859 2007 epistolae
2904 1936 3041 1991 infra
3087 1936 3324 1994 ostendit
3358 1936 3780 2007 imperatorem

2172 2023 2333 2078 quem
2363 2005 2661 2078 alloquitur
2682 2008 2846 2062 alium
2878 2024 2985 2062 non
3016 2022 3135 2078 esse
3161 2021 3322 2075 quam
3348 2005 3726 2078 Justinianum
3758 2020 3776 2056 :

2178 2077 2247 2133 Ut
2272 2088 2445 2132 autem
2472 2076 2566 2133 nos
2586 2080 2674 2132 diu
2704 2079 3059 2133 tribulationes
3080 2076 3525 2146 Constantinopoli
3556 2083 3781 2145 peterea

2176 2165 2312 2216 mur,
2339 2149 2433 2205 illa
2480 2166 2565 2203 res
2607 2151 2726 2220 fecit
2767 2166 2923 2220 quam
2951 2148 3168 2202 breviter
3187 2149 3422 2220 superius
3452 2146 3725 2216 tetigimus
3757 2159 3781 2197 :~

2172 2220 2418 2302 quoniam
2446 2217 2642 2302 vivente
2681 2217 2921 2302 .Augusta
2970 2221 3186 2302 (nempe
3239 2217 3541 2302 Theodora,
3598 2229 3781 2302 quam

2168 2284 2279 2359 iam
2309 2292 2361 2344 in
2391 2291 2578 2345 eadem
2610 2284 2836 2361 epistola
2864 2284 3188 2359 nominarat)
3220 2287 3466 2361 quidQuid
3510 2288 3565 2341 in
3595 2284 3778 2361 effle-

2173 2352 2400 2417 3iasticis
2425 2361 2597 2415 causis
2624 2352 2939 2425 movebatur,
2963 2352 3254 2429 suspectum
3281 2352 3572 2429 habuimus.
3618 2352 3674 2407 Ν
3678 2372 3780 2411 aut

2172 2441 2323 2501 pater
2347 2442 2512 2487 vester
2539 2432 2967 2501 clementissimus
2996 2427 3294 2499 insperator,
3321 2439 3387 2501 et,
3418 2427 3555 2501 beati
3610 2442 3783 2501 ραρρ

2176 2496 2366 2579 Leonis
2394 2504 2605 2574 dogma,
2650 2512 2703 2579 et
2747 2496 3193 2579 Chalcedonensis
3221 2499 3407 2571 synodi
3429 2500 3593 2579 [idem
3621 2496 3783 2552 nulla

2174 2574 2327 2646 modo
2349 2567 2575 2646 unquam
2592 2567 2791 2646 patitur
2819 2572 3023 2646 violari.
3057 2569 3155 2625 Ubi
3180 2567 3302 2646 loco
3331 2567 3527 2646 patitur
3579 2567 3781 2635 legen-

2175 2644 2302 2699 dum
2331 2640 2515 2715 pas'sus
2544 2640 2640 2698 est.
2673 2644 2827 2697 Mitto
2854 2642 3040 2715 aliain
3080 2657 3142 2695 ea
3184 2640 3425 2715 epistula
3465 2645 3779 2694 memorata

2175 2729 2295 2786 qum
2318 2709 2425 2770 dici
2449 2730 2555 2770 non
2578 2713 2891 2786 potuere_ab
2919 2713 3027 2767 alio
3049 2709 3302 2786 pontiﬁce
3327 2709 3574 2786 Romano
3601 2723 3773 2777 quam

2178 2779 2210 2840 ἁ
2235 2784 2428 2854 Vigilio
2458 2779 2762 2852 post-suum
2791 2779 3261 2853 Constantinopoli
3290 2783 3345 2837 in
3392 2779 3633 2854 Siciliam
3679 2794 3781 2854 rev

2177 2848 2367 2910 (litum.
2429 2848 2670 2924 Denique
2720 2855 2860 2909 inter
2917 2862 3099 2924 partes
3151 2848 3280 2924 ires,
3311 2852 3508 2924 quibus
3536 2848 3778 2921 epistola

2180 2926 2270 2981 illa
2301 2934 2553 2995 consula,
2579 2922 2722 2981 nulla
2745 2922 3013 2979 connexio
3034 2932 3138 2989 est,
3168 2932 3227 2978 ut
3255 2922 3457 2992 legenti
3486 2929 3658 2993 patet.

2602 3103 2936 3162 EPISTOLA
2962 3103 3012 3158 x
3043 3104 3187 3177 (olim
3216 3100 3328 3175 Xl).

2393 3217 2462 3257 AD
2502 3215 2778 3257 SAPAUDUII
2816 3212 3102 3253 EPISCOPUI
3145 3206 3547 3250 Ακειλτεκεει.

2179 3334 2519 3392 Commendat
2540 3334 2618 3388 illi
2638 3332 2862 3387 reditum
2915 3329 3285 3387 Hominisboni
3320 3326 3646 3392 subdiaconi,
3685 3334 3783 3378 αις

2248 3442 2345 3498 que
2379 3434 2433 3479 ut
2465 3422 2681 3479 Placido
2710 3424 2848 3493 patri
2877 3439 2969 3477 suo
3000 3432 3244 3492 suggerat
3291 3420 3356 3474 de
3401 3418 3781 3490 comparandis

2250 3517 2570 3591 Romamque
2598 3514 2861 3571 mittendis
2883 3512 3105 3569 vestibus
3133 3528 3247 3585 qua:
3267 3513 3322 3567 in
3368 3527 3624 3584 pauperes
3649 3525 3778 3566 ero-

2250 3618 2452 3682 geritur.

2252 3743 2614 3800 Dilectissimo
2634 3741 2788 3797 fratri
2811 3741 3065 3812 Sapaudo
3093 3739 3361 3811 Pelagius.

2251 3837 2385 3903 Quia
2436 3836 2595 3906 legati
2648 3834 2743 3892 ﬁlii
2784 3835 2953 3893 nostri
2982 3835 3352 3905 gloriosissimi
3385 3836 3527 3905 regis
3555 3836 3781 3893 Childe-

2180 3929 2343 3995 berti,
2373 3930 2657 3984 beatorum
2682 3928 3053 3998 apostolorum
3085 3926 3229 3983 Petri
3259 3935 3315 3983 et
3345 3925 3516 3992 Pauli,
3548 3936 3604 3984 et
3632 3929 3777 3984 alio-

2180 4038 2298 4079 rum
2329 4031 2639 4080 sanctorum
2668 4030 2962 4094 martyrum
2986 4022 3242 4092 reliquias
3265 4031 3652 4093 peposcerunt,
3676 4039 3779 4079 ne-

2181 4130 2332 4173 cesse
2381 4115 2667 4171 habuimus
2716 4114 3205 4172 Hominembonum
3260 4115 3652 4172 subdiaconum
3702 4118 3784 4173 de

2183 4211 2330 4266 clero
2350 4216 2539 4266 nostro
2569 4208 2821 4277 dirigere,
2845 4208 2936 4279 qui
2966 4223 3060 4264 eas
3089 4224 3261 4278 usque
3286 4208 3353 4263 ad
3374 4206 3780 4268 fraternitatem

2183 4310 2333 4357 tuam
2356 4317 2477 4357 cum
2500 4300 2803 4357 reverentia
2830 4299 3162 4370 deportaret.
3195 4298 3265 4357 Et
3310 4300 3436 4356 ideo
3474 4300 3779 4355 salutantes

2186 4395 2468 4449 hortamur
2513 4400 2573 4448 ut
2598 4392 2821 4464 quaesita
2850 4392 3156 4457 occasione,
3189 4392 3304 4446 sive
3340 4392 3483 4457 navi,
3514 4392 3630 4446 sive
3660 4400 3777 4447 ter-

2183 4505 2340 4559 reno,
2368 4502 2490 4544 cum
2518 4487 2716 4543 talibus
2756 4486 3002 4557 personis
3028 4484 3095 4541 de
3124 4486 3319 4556 quibus
3361 4484 3505 4539 nulla
3546 4485 3779 4556 periculi

2109 4622 2160 4682 Β
2182 4582 2355 4654 possit
2382 4594 2501 4636 esse
2526 4578 2780 4649 suspicio,
2807 4576 2874 4633 ad
2904 4592 3002 4633 nos
3022 4591 3145 4632 eum
3167 4580 3392 4647 juvante
3436 4575 3664 4630 Domino
3686 4591 3778 4632 re—

2182 4672 2427 4729 mittatis.
2456 4670 2529 4725 Ea
2552 4676 2729 4726 autem
2759 4683 2879 4740 qua:
2897 4684 2997 4740 pro
3025 4669 3232 4724 honore
3275 4666 3556 4723 eharitatis
3593 4676 3699 4723 tum
3734 4681 3772 4723 a

2183 4765 2340 4820 nobis
2368 4764 2661 4832 supradicti
2684 4762 2843 4831 legati
2894 4761 3206 4832 poposcisse
3237 4767 3555 4828 noscuntur,
3596 4760 3775 4831 parati

2182 4873 2371 4913 sumus
2396 4856 2507 4912 Deo
2521 4856 2744 4926 iuvante
2764 4854 3085 4913 concedere.
3130 4853 3236 4910 Sed
3266 4854 3365 4908 nisi
3395 4854 3603 4909 litteras
3654 4862 3776 4906 tuas

2184 4965 2284 5021 per
2328 4956 2383 5004 te
2430 4948 2814 5017 acceperimus,
2865 4947 3004 5003 sicut
3055 4947 3217 5001 etiam
3258 4945 3574 5001 decessores
3601 4943 3775 5000 nostri

2186 5041 2580 5114 postulantibus
2601 5042 2708 5096 tuis
2744 5039 3120 5096 decessoribus
3156 5037 3537 5109 praestiterunt,
3586 5050 3776 5107 super~

2187 5132 2348 5189 ﬁuum
2393 5132 2753 5202 jndicavimus
2798 5132 2942 5187 ultro
2985 5130 3373 5186 transmittere.
3403 5127 3509 5184 Sed
3550 5144 3677 5183 mox
3706 5126 3777 5181 ad

2186 5236 2304 5291 nos,
2326 5224 2550 5295 juvante
2577 5223 2824 5287 Domino,
2851 5237 3014 5276 unum
3043 5222 3111 5277 de
3139 5220 3286 5276 clero
3309 5229 3401 5275 tuo
3431 5235 3552 5275 cum
3582 5217 3776 5273 litteris

2186 5318 2467 5384 direxeris,
2492 5318 2537 5371 si
2558 5316 2819 5371 Dominus
2839 5314 3090 5379 voluerit,
3121 5322 3177 5369 et
3220 5313 3266 5369 si
3288 5313 3602 5378 vixerimus,
3642 5324 3775 5383 pro-

2187 5410 2451 5469 mittimus
2478 5424 2578 5465 nos
2597 5422 2718 5463 esse
2747 5407 3003 5462 facturos.
3035 5403 3301 5459 Praeterea
3332 5404 3636 5471 hortamur,
3655 5402 3777 5456 viro

2187 5501 2717 5572 magniﬁcentissimo
2749 5497 2856 5553 ﬁlio
2884 5505 3091 5560 nostro,
3122 5495 3353 5565 patricio
3378 5491 3596 5548 Placido
3617 5494 3770 5562 geni-

2186 5596 2293 5652 tori
2314 5603 2406 5650 tuo
2433 5593 2606 5656 dicas,
2631 5602 2688 5646 ut
2707 5588 2855 5661 quod,
2879 5588 2946 5645 de
2968 5586 3318 5659 pensionibus
3366 5585 3771 5657 possessionum

2187 5685 2435 5741 Ecclesia:
2465 5692 2663 5738 nostrte
2691 5680 2977 5737 collectum
3008 5685 3110 5744 est,
3140 5685 3233 5732 aut
3260 5692 3358 5748 per
3399 5692 3557 5731 suum
3597 5671 3775 5732 homi-

2188 5793 2332 5842 nem,
2364 5785 2457 5830 aut
2484 5789 2581 5845 per
2604 5773 2795 5829 harum
2824 5769 2979 5826 nobis
3004 5768 3256 5837 dignetur
3280 5767 3513 5836 dirigere
3542 5770 3775 5837 portito-

2190 5848 2301 5929 rem
2329 5888 2341 5923 :
2375 5869 2499 5937 quia
2523 5867 2685 5922 Italia:
2715 5864 2919 5933 praedia
2941 5864 3011 5919 ita
3034 5862 3451 5926 dcsolatasunt,
3483 5869 3539 5916 ut
3571 5857 3639 5915 ad
3684 5872 3768 5914 re-

3178 5990 3205 6020 Ι
