3992 6462
219 292 326 350 1ίεῦ

1690 289 2066 357 EPISTOLE.

3411 312 3511 372 406

217 408 632 478 cuperationem
661 423 849 466 eorum
897 424 1054 465 nemo
1082 409 1329 466 sufficiat.
1362 408 1429 462 Et
1469 411 1514 464 si
1563 411 1818 481 possibile
1847 418 2087 475 Atatem
2145 432 2356 472 morum
2412 421 2671 478 exhibeas
2731 423 3035 480 clariorem.
3105 422 3374 495 Scriptum
3432 437 3517 481 est

217 509 324 564 est,
355 507 416 556 ut
441 500 594 556 nobis
615 501 680 556 de
721 500 846 572 ipsis
892 501 1078 558 solidis
1122 518 1248 572 saga
1291 499 1637 564 tomeutacia,
1695 517 1815 572 quae

215 593 549 665 pauperibus
588 592 797 661 erogari
825 594 1054 662 possint,
1081 601 1139 648 et
1168 593 1376 647 tunicas
1403 592 1572 655 albas,
1596 599 1689 646 aut
1716 608 1806 647 cu-

213 683 415 749 cullas,
449 684 531 738 vel
553 684 790 753 colobia,
817 691 909 738 aut
936 684 982 739 si
1012 700 1132 754 qua:
1155 685 1273 739 aliae
1295 683 1506 755 species
1528 684 1582 738 in
1603 684 1818 755 provin-

215 775 299 829 cia
341 771 501 839 ﬁunt,
528 789 648 842 qua:
677 775 1023 846 pauperibus,
1075 783 1134 830 ut
1161 775 1413 844 diximus,
1455 775 1667 844 erogari
1720 774 1816 830 de-

213 867 404 932 beant,
437 866 596 922 nobis
621 867 815 923 exinde
862 869 1022 924 facite
1051 869 1380 940 comparari,
1410 877 1466 924 et
1496 869 1815 939 opportuni-

212 963 326 1010 tate
353 955 515 1011 navis
564 957 784 1012 inventa
831 957 1064 1026 dirigite,
1096 970 1155 1013 ut
1183 959 1444 1014 maximas
1492 958 1813 1014 fraternitati

213 1053 318 1100 tua:
346 1047 555 1115 gratias
582 1047 898 1114 referamus,
926 1049 1052 1104 dum
1084 1050 1135 1104 in
1165 1049 1469 1120 hujusmodi
1495 1049 1812 1105 sollicitudi-

211 1153 338 1194 nem
363 1148 614 1194 nostram
645 1139 981 1210 providentia
1013 1142 1290 1198 cbaritatis
1320 1141 1664 1197 tumrelevari
1688 1157 1816 1196 cou-

213 1231 417 1300 tigerit.
444 1231 739 1290 Hortamur
769 1235 931 1290 etiam
956 1244 1012 1291 ut
1042 1236 1383 1292 Anastasium
1409 1235 1629 1290 fratrem
1659 1233 1812 1291 Pauli

211 1322 525 1381 defensoris
548 1324 803 1383 Ecclesia:
826 1327 892 1382 ad
920 1345 1018 1383 nos
1056 1329 1266 1384 faciatis
1317 1345 1626 1384 occurrere.
1669 1327 1812 1383 Deus

211 1423 264 1468 te
290 1415 625 1471 incolumem
653 1419 940 1484 custodiat,
975 1419 1138 1476 frater
1167 1421 1502 1476 charissime.
1555 1421 1692 1475 Data
1721 1429 1812 1474 six

210 1505 473 1563 calendas
501 1506 804 1577 Ianuarias,
828 1525 972 1566 anno
1005 1509 1072 1564 15
1096 1520 1220 1582 post
1261 1511 1602 1568 consulatum
1628 1510 1812 1566 Basilii

211 1597 310 1652 viri
341 1598 654 1657 clarissimi.

609 1731 943 1789 EPISTOLA
981 1734 1049 1789 ΧΙ
1091 1735 1244 1806 (olim
1283 1734 1428 1807 XII).

605 1863 673 1902 AD
700 1863 974 1903 SAPAUDUII
1010 1865 1219 1904 ΑιιειΑτ
1228 1866 1416 1904 ENSEII.

314 1959 472 2015 Vires
500 1961 579 2016 illi
606 1979 728 2018 suas
757 1965 810 2018 in
842 1961 1014 2038 Gallia
1042 1964 1266 2038 delegat,
1296 1966 1543 2038 palliique
1568 1984 1720 2021 usum

857 2037 1172 2105 impertitur.

273 2142 647 2198 Dilectissimo
678 2144 827 2199 fratri
857 2145 1113 2215 Sapaudo
1142 2123 1408 2216 Pelagius.

273 2232 550 2302 Majorum
601 2243 930 2299 nostrorum,
980 2247 1240 2306 operante
1281 2237 1378 2293 Dei
1422 2238 1811 2308 misericordia,

203 2316 494 2394 cupientes
517 2325 778 2382 inhaerere
814 2328 1075 2399 vestigiis,
1105 2340 1164 2385 et
1199 2345 1388 2385 eorum
1436 2341 1586 2386 actus
1631 2331 1814 2389 divino

204 2414 482 2484 juvamine
522 2417 581 2471 in
607 2419 857 2475 omnibus
882 2421 1101 2487 imitari,
1145 2422 1392 2477 cbaritati
1425 2431 1529 2478 tua:
1570 2440 1667 2494 per
1695 2426 1814 2480 uni-

205 2522 421 2562 versam
450 2507 678 2563 Galliam
719 2521 919 2566 sancta:
954 2513 1097 2570 sedis
1129 2515 1468 2584 apostolicze,
1501 2517 1588 2572 cui
1633 2517 1812 2574 divina

203 2597 378 2666 gratia
409 2601 777 2668 prmsidemus,
810 2603 959 2658 vices
981 2603 1323 2674 injungimus.
1355 2604 1470 2662 Hoc
1499 2607 1641 2662 enim
1668 2610 1810 2664 anti-

204 2689 430 2757 quitatis
458 2693 718 2747 memoria
747 2693 927 2758 docet,
951 2694 1054 2750 hoc
1084 2696 1246 2752 etiam
1273 2695 1518 2752 Romana
1548 2705 1812 2764 testantur

203 2781 404 2836 scrinia
428 2797 458 2836 a
484 2783 683 2839 sanctis
707 2783 956 2841 Patribus
983 2795 1037 2842 et
1064 2787 1439 2845 decessoribus
1467 2791 1665 2846 nostris
1708 2793 1812 2848 tuis

203 2869 589 2929 decessoribus
607 2889 736 2929 esse
762 2891 1083 2933 concessum
1110 2895 1122 2930 :
1156 2886 1215 2932 ut
1243 2878 1386 2934 illius
1409 2878 1618 2934 stabilis
1646 2889 1812 2950 petrze

200 2963 534 3032 sempiterna
574 2964 843 3032 soliditas,
885 2982 1047 3037 supra
1076 2982 1238 3036 quam
1277 2969 1539 3025 Dominus
1563 2969 1814 3027 Salvator

201 3064 392 3108 n05ter
451 3055 722 3124 prepriam
773 3056 1014 3110 fundavit
1059 3057 1359 3113 Ecclesiam
1416 3075 1448 3114 a
1503 3061 1634 3116 solis
1687 3071 1812 3118 ortu

201 3156 383 3210 usque
408 3142 476 3196 ad
498 3159 771 3212 occasum,
799 3145 1060 3214 primatus
1088 3147 1170 3202 sui
1197 3147 1407 3218 apicem
1436 3165 1809 3206 successorum

198 3247 430 3285 suorum
446 3234 786 3300 auctoritate,
804 3243 917 3290 tam
930 3251 1025 3306 per
1044 3253 1101 3293 se
1122 3255 1280 3308 quam
1298 3255 1395 3309 per
1416 3236 1642 3298 vicarios
1662 3260 1812 3310 suos,

203 3323 435 3380 liriniter
462 3325 750 3382 obtineret.
777 3325 893 3383 Nos
915 3325 1108 3396 autem,
1140 3331 1279 3386 sicut
1300 3332 1429 3388 dicit
1452 3335 1645 3390 beatus
1667 3335 1813 3406 Apo-

204 3418 397 3486 stolus,
445 3436 547 3474 non
600 3419 653 3473 in
700 3423 1009 3478 immensum
1050 3425 1356 3496 gloriamur,
1399 3430 1491 3482 sed
1531 3433 1812 3488 secundum

204 3525 503 3566 mensuram
537 3513 735 3584 regula:
762 3532 861 3586 qua
902 3533 1109 3571 mensus
1138 3527 1214 3572 est
1243 3519 1388 3574 nobis
1431 3519 1565 3575 Deus
1605 3540 1813 3578 mensu-

207 3617 318 3654 ram
346 3603 677 3674 pertingendi
723 3622 881 3676 usque
928 3606 998 3660 ad
1045 3625 1152 3663 vos.
1184 3607 1296 3666 Nec
1333 3611 1468 3665 enim
1511 3615 1658 3684 quasi
1705 3631 1810 3670 non

208 3691 555 3763 pertingentes
582 3696 1032 3765 superexcedimus
1075 3715 1189 3753 nos.
1219 3698 1310 3755 Sic
1337 3716 1466 3770 ergo
1492 3705 1814 3775 participata

209 3781 567 3838 sollicitudine
605 3793 849 3842 sanctam
873 3787 967 3842 Dei
997 3788 1355 3844 universalcm
1387 3790 1680 3849 Ecclesium
1712 3811 1811 3850 no-

207 3870 298 3924 stri
329 3888 428 3944 per
452 3871 544 3928 Dei
568 3875 795 3941 gratiam
823 3891 1013 3932 rexere
1041 3877 1296 3947 majores.
1323 3880 1457 3937 Hinc
1480 3892 1562 3937 est
1585 3885 1727 3955 quod
1753 3895 1811 3942 et

204 3979 307 4032 nos
335 3964 661 4021 fraternitati
695 3976 796 4022 tua:
827 3968 1134 4039 hujusmodi
1179 3988 1337 4028 curas
1367 3975 1718 4046 injungimus,
1750 3988 1810 4035 ut

208 4053 345 4110 sedis
374 4064 578 4111 nostrzc
599 4059 831 4116 vicarius
860 4060 1155 4129 institutus,
1186 4063 1252 4117 ad
1282 4064 1452 4118 instar
1480 4076 1722 4123 nostrum
1752 4070 1808 4126 in

208 4139 499 4200 Galliarum
531 4149 774 4217 partibus
803 4150 957 4220 primi
986 4153 1286 4208 sacerdotis
1328 4154 1506 4210 locum
1540 4157 1804 4224 obtineas,

174 4237 556 4308 [etquidquid
603 4240 670 4295 ad
725 4242 1173 4311 gubernationem
1219 4245 1304 4300 vei
1350 4245 1808 4316 dispensationem

207 4327 561 4386 ecclesiastici
589 4338 758 4387 status
782 4332 1073 4401 gerendum
1103 4342 1203 4398 est,
1236 4335 1462 4393 servatis
1483 4336 1701 4393 Patrum
1730 4354 1809 4394 re-

209 4419 338 4486 gulis
384 4431 448 4478 et
496 4422 640 4479 sedis
675 4425 986 4494 apostolica:
1021 4428 1361 4496 constitutis,
1411 4429 1576 4486 divini
1619 4432 1806 4501 judicii

211 4513 637 4569 consideratione
663 4515 972 4586 dispenses;
997 4517 1269 4589 talemque
1294 4526 1348 4575 te
1368 4521 1424 4575 in
1444 4523 1808 4578 custodiendis
1837 4557 1884 4617 υ

212 4605 504 4661 canonibus
533 4612 720 4661 sancta
750 4608 1164 4664 conversatione
1194 4610 1561 4679 demonstres,
1593 4614 1809 4682 qualem

215 4693 338 4745 lanii
392 4695 504 4749 ioci
550 4693 707 4750 decet
752 4711 872 4751 esse
919 4698 1236 4753 ‘vicarium:
1285 4715 1495 4755 memor
1530 4704 1809 4758 sententiae

147 4831 156 4840 _
216 4778 347 4836 beati
373 4784 530 4839 Pauli
553 4787 808 4856 apostoli,
839 4803 943 4856 qua
975 4787 1320 4847 Timotheum
1343 4791 1665 4863 discipulum
1697 4797 1809 4851 sol-

216 4867 347 4929 licite
371 4876 631 4946 magister
663 4877 916 4933 informat
949 4879 1134 4936 dicens
1165 4899 1177 4934 :
1213 4881 1394 4937 Testor
1423 4901 1598 4939 coram
1628 4885 1737 4942 Deo
1761 4897 1812 4942 et

217 4962 412 5022 Christo
442 4967 565 5021 Jesu
585 5009 600 5035 ,
647 4980 694 5023 et
722 4970 893 5025 electis
923 4972 1119 5043 angelis
1156 4973 1294 5044 ejus,
1332 4981 1386 5027 ut
1417 4975 1525 5030 lucc
1549 4979 1812 5034 custodias

218 5056 320 5111 sine
337 5063 666 5132 prwjudicio,
688 5064 763 5117 nil
785 5066 982 5136 faciens
1009 5067 1064 5120 in
1088 5069 1247 5122 aliam
1274 5079 1475 5140 partem
1500 5072 1806 5128 declinando

223 5146 268 5214 (ι
302 5147 435 5204 Tim.
465 5151 580 5224 xv).
617 5151 686 5208 Ut
709 5164 995 5223 erogetur,
1037 5157 1351 5214 charissime
1387 5160 1570 5229 frater,
1615 5173 1807 5219 aucto-

223 5236 342 5295 ritas
369 5244 664 5314 pontificis,
690 5256 745 5302 et
774 5251 1008 5318 pastoris
1041 5254 1419 5324 mansuetudo,
1449 5271 1547 5326 per
1573 5273 1674 5312 nos
1713 5257 1805 5313 tibi
1885 5267 1887 5269 ‘

224 5327 390 5388 locum
415 5336 616 5404 vicarii,
647 5338 788 5394 sicut
811 5348 869 5394 et
894 5339 1268 5397 decessoribus
1294 5345 1420 5409 tuis,
1444 5346 1658 5401 noveris
1684 5361 1802 5416 gra«

224 5418 304 5475 tiae
340 5424 582 5497 largitate
607 5445 945 5486 concessum.
977 5431 1113 5500 Quia
1151 5435 1275 5489 licet
1303 5437 1443 5505 apud
1486 5435 1654 5492 Deum
1698 5449 1807 5493 non

226 5510 291 5566 sit
337 5522 578 5590 acceptio
625 5537 1000 5593 personarum,
1051 5533 1195 5578 tuam
1244 5535 1425 5582 tamen
1483 5527 1806 5584 cbaritatem

228 5605 378 5662 etiam
404 5613 604 5666 carnali
631 5615 979 5682 generatione
1001 5625 1215 5671 constat
1241 5633 1360 5672 esse
1384 5618 1714 5687 przcclaram.
1740 5619 1808 5674 Et

230 5691 340 5750 ideo
366 5704 614 5758 convenit
641 5713 698 5758 ut
718 5716 919 5775 quanto
941 5706 994 5760 in
1017 5714 1068 5762 te
1093 5707 1349 5764 Dominus
1373 5709 1687 5780 multiplicia
1709 5711 1806 5768 bo-

234 5802 293 5842 ua
318 5790 530 5865 largitus
557 5803 657 5862 est,
693 5804 840 5854 tanto
864 5797 918 5854 iu
939 5798 1362 5857 sacerdotalibus
1391 5799 1597 5857 actibus
1625 5802 1807 5871 probi-

1919 507 2104 559 cnim:
2149 505 2244 562 Cui
2276 512 2759 569 commendaveruut
2797 517 3047 584 multum,
3091 517 3206 588 plus
3240 525 3411 588 petent
3451 520 3514 573 ab

1917 610 1978 648 eo
2003 593 2153 666 (Luc.
2181 597 2301 669 xu).
2334 597 2501 656 Usum
2530 618 2747 674 quoque
2767 605 2915 675 pallii
2946 607 3042 662 tibi
3071 607 3324 665 alacriter
3348 609 3515 666 affec-

1920 684 2160 756 tioseque
2186 691 2553 760 concedimus,
2575 695 2779 764 pariter
2792 698 2954 752 etiam
2971 698 3187 770 pallium
3200 701 3515 772 dirigentes,

1919 783 1977 827 ut
2007 775 2058 830 in
2085 777 2215 832 tanti
2244 779 2350 834 loci
2389 779 2602 852 fastigio
2630 784 2975 854 constitutus,
3012 791 3271 859 praeclaro
3299 807 3518 863 quoque

1916 865 2101 923 habitu
2125 867 2398 929 decoreris
2470 874 2688 931 scituris
2714 877 2963 934 omnibus
2998 880 3350 938 ecclesiastici
3393 894 3517 953 gra-

1915 956 2017 1012 dus
2047 959 2372 1027 hominibus,
2423 965 2623 1020 nullam
2677 967 2866 1024 haberi
2912 969 3206 1037 licentiam,
3249 974 3365 1028 sine
3409 973 3516 1030 for-

1915 1058 2060 1105 mata
2106 1059 2210 1108 tua:
2255 1056 2554 1126 cbaritatis,
2583 1075 2650 1116 ex
2676 1075 3000 1131 quacunque
3035 1059 3327 1117 Galliarum
3363 1073 3516 1136 parte

1914 1139 2186 1210 longiores
2208 1153 2395 1215 petere
2416 1149 2696 1216 regiones;
2737 1165 2808 1206 ne
2835 1151 3104 1222 prohibita
3130 1161 3515 1222 pne-sumentes

1914 1229 2013 1299 ipsi
2044 1246 2103 1286 se
2134 1235 2355 1304 proprio
2384 1237 2668 1294 videantur
2704 1241 2916 1310 privare
2955 1240 3155 1299 officio.
3187 1241 3313 1299 Haec
3353 1244 3514 1314 igitur

1913 1335 2011 1389 per
2031 1321 2342 1380 Flavianum
2385 1327 2671 1384 diaconum
2693 1339 2749 1386 ct
2779 1330 3088 1389 Nestorium
3122 1333 3512 1393 subdiaconum

1913 1409 2169 1469 Ecclesiae
2217 1426 2349 1485 tuae,
2385 1434 2484 1489 per
2522 1435 2659 1490 quos
2710 1424 2966 1492 epistolas
3012 1431 3132 1482 tuas
3185 1427 3511 1496 accepimus,

1912 1506 2193 1564 scribenda
2225 1526 2344 1568 esse
2382 1513 2706 1570 curavimus.
2737 1516 2794 1571 in
2827 1532 3055 1586 quorum
3085 1520 3248 1574 etiam
3281 1533 3511 1575 conver-

1911 1597 2122 1654 satione
2143 1599 2412 1658 laudabile
2429 1609 2532 1658 tua:
2553 1605 2832 1662 cbaritatis
2852 1609 3165 1678 agnovimus
3187 1610 3508 1690 institutum.

1911 1689 2054 1746 Deus
2077 1699 2128 1749 te
2151 1693 2476 1750 incolumem
2504 1698 2789 1765 custodiat,
2821 1698 2989 1755 frater
3011 1701 3344 1758 charissime.
3373 1689 3508 1758 Data

1845 1807 1892 1866 Β
1919 1797 1974 1834 ιιι
2002 1797 2172 1838 nonas
2198 1783 2496 1854 Februarii,
2520 1801 2663 1843 anno
2705 1787 2769 1842 16
2813 1797 2938 1860 post
2981 1790 3320 1848 consulatum
3364 1791 3509 1849 Basi-

1920 1873 1976 1928 lii
2004 1873 2105 1931 viri
2125 1875 2429 1935 clarissimi.

2300 1971 2632 2072 mm”
2678 2016 2772 2072 xu
2800 2018 2946 2088 (olim
2967 2017 3108 2090 Xlll)

2323 2140 2390 2179 AD
2428 2141 2836 2182 CHILDEBERTUI
2876 2145 3072 2185 REGEI.

1919 2237 2201 2309 Signiﬁcat
2245 2254 2301 2292 se
2334 2240 2464 2312 vices
2492 2255 2616 2294 suas
2647 2248 2698 2294 et
2723 2241 2870 2312 pallii
2909 2257 3058 2295 usum
3088 2242 3346 2312 Sapaudo
3384 2257 3513 2298 con-

2251 2311 2482 2377 cessisse,
2513 2326 2662 2383 quem
2690 2311 2798 2383 regi
2826 2311 3170 2366 commendat.

1983 2421 2217 2476 Domino
2241 2420 2349 2476 filio
2380 2422 2575 2478 merito
2600 2423 2988 2494 gloriosissimo
3017 2434 3181 2496 atque
3199 2425 3512 2497 praecellen-

1917 2513 2124 2569 tissimo
2143 2511 2487 2570 Cbildeberto
2518 2515 2630 2585 regi
2662 2513 2932 2586 Pelagius.
3485 2531 3487 2534 ‘

1986 2627 2331 2685 Excellentia:
2361 2638 2552 2686 vestra:
2589 2631 2816 2699 litteras,
2862 2640 2987 2704 post
3026 2631 3144 2690 illas
3169 2647 3305 2702 quas
3350 2631 3510 2702 legati

1916 2723 2082 2778 vestri
2107 2722 2436 2790 detulerunt,
2467 2724 2630 2780 etiam
2661 2740 2758 2796 per
2777 2740 2873 2781 eos
2899 2740 3038 2796 quos
3063 2725 3229 2782 frater
3255 2733 3312 2781 ct
3331 2727 3511 2797 coepi-

1913 2828 2110 2882 scopus
2146 2823 2332 2872 noster
2357 2815 2642 2888 Sapaudus
2666 2815 2737 2872 ad
2786 2833 2888 2873 nos
2929 2816 3156 2888 direxit,
3201 2825 3510 2876 reverenter

1913 2906 2256 2978 accepimus,
2302 2915 2360 2963 et
2410 2907 2599 2963 salutis
2641 2915 2838 2963 vestra:
2859 2948 2875 2976 ,
2927 2924 3046 2978 qua:
3091 2907 3248 2965 nobis
3299 2923 3512 2980 semper

1913 2998 2150 3068 Optanda
2192 3005 2305 3064 est,
2355 3008 2748 3067 cognoscentes
2795 2998 3027 3065 indicia,
3077 3000 3277 3070 gratias
3320 3000 3512 3056 divina:

1914 3087 2104 3158 pietati
2145 3088 2451 3155 retulimus,
2481 3097 2770 3150 exorantes
2794 3079 3139 3146 clementiam
3176 3089 3292 3160 ejus
3321 3098 3382 3145 ut
3416 3107 3513 3147 vos

1839 3189 1882 3250 η
1915 3178 2157 3247 iargillua
2200 3179 2404 3250 pietate
2439 3195 2536 3235 sua
2575 3188 2757 3236 servet
2802 3181 3120 3238 incolumes.
3151 3181 3380 3238 Litteras
3416 3199 3512 3238 au-

1917 3278 2024 3326 tem
2045 3279 2258 3327 nostras
2284 3269 2508 3342 praefato
2537 3271 2914 3328 consacerdoti
2937 3281 3125 3330 nostro
3151 3273 3401 3346 Sapaudo
3427 3289 3512 3330 se-

1913 3361 2147 3418 cundum
2174 3363 2490 3435 petitionem
2530 3370 2768 3420 vestram
2805 3363 3128 3434 direximus,
3160 3381 3316 3422 usum
3363 3365 3510 3437 pallii

1909 3454 2115 3525 pariter
2149 3455 2511 3514 concedentes
2552 3473 2567 3513 :
2609 3457 2736 3527 quia
2789 3459 2844 3514 in
2895 3458 3096 3516 scrinio
3144 3459 3512 3516 ecclesiastico

1911 3547 2280 3616 hujuscemodi
2322 3550 2572 3621 exempla
2610 3551 2934 3621 reperimus,
2973 3552 3168 3621 quibus
3210 3551 3512 3608 ostenditur

1911 3639 2315 3720 Arelatensibus
2341 3643 2612 3713 episcopis
2634 3659 2664 3698 a
2691 3653 2891 3701 sancta:
2912 3646 3302 3703 recordationis
3323 3645 3509 3703 deces-

1909 3731 2122 3788 scribus
2154 3734 2356 3793 nostris
2382 3734 2498 3791 ham
2540 3732 2706 3791 fuisse
2751 3735 2969 3792 collata.
3023 3735 3315 3808 Propterea
3359 3737 3507 3794 salu-

1910 3829 2088 3896 tantes
2107 3824 2255 3880 cultu
2279 3826 2548 3895 regalibus
2571 3827 2750 3884 infulis
2771 3827 2972 3896 debito,
2999 3830 3333 3900 postulamus
3356 3837 3414 3886 ut
3433 3831 3506 3900 ita

1911 3932 2035 3973 eum
2061 3927 2225 3988 atque
2252 3917 2548 3976 Ecciesiam
2576 3920 2697 3990 ejus
2736 3923 2909 3992 gratia
2949 3923 3282 3980 excellentiae
3315 3931 3507 3978 vestra:

1911 4016 2125 4065 tueatur
2151 4026 2216 4066 ac
2243 4010 2445 4075 foveat,
2476 4028 2542 4068 ne
2583 4028 2744 4083 quem
2773 4029 2873 4084 per
2899 4015 3046 4070 vices
3083 4021 3294 4070 nostras
3322 4015 3507 4082 augeri

1908 4101 2236 4170 propitiante
2265 4101 2374 4158 Deo
2411 4103 2748 4176 postulastis,
2778 4106 2832 4160 in
2871 4105 3048 4174 aliqua
3078 4112 3232 4175 parte
3257 4105 3506 4174 cuiquam

1909 4189 2310 4248 Gallicanorum
2363 4195 2702 4251 sacerdotum
2736 4237 2752 4263 ,
2817 4195 2905 4250 vel
2956 4194 3241 4265 cujuslibet
3303 4195 3507 4252 ordinis

1909 4284 2259 4341 ecclesiastici
2287 4300 2552 4357 personae,
2594 4286 2740 4357 quod
2787 4301 2892 4340 non
2923 4294 3157 4357 oportet,
3181 4287 3505 4358 contempti-

1910 4376 2032 4432 bilis
2058 4377 2356 4443 habeatur;
2387 4386 2442 4432 et
2466 4379 2518 4434 in
2559 4393 2626 4434 eo
2649 4378 2958 4436 auctoritati
2985 4386 3185 4435 sanctae
3211 4377 3354 4434 sedis
3376 4395 3506 4450 apo-

1909 4468 2142 4534 stolicae,
2179 4477 2235 4524 et
2280 4470 2442 4540 genio
2484 4477 2688 4536 vestro,
2731 4471 2822 4541 qui
2873 4487 2972 4542 pro
3018 4486 3087 4526 eo
3125 4471 3508 4543 suifragatores

1910 4559 2188 4626 acceditis,
2242 4559 2389 4629 quod
2435 4560 2602 4626 absit,
2633 4561 2881 4617 videatur
2921 4561 2974 4617 in
3005 4561 3186 4632 aliquo
3237 4561 3504 4634 derogari.

1914 4649 2342 4706 Perincolumem
2393 4653 2772 4709 excellentiam
2827 4663 3062 4710 vestram
3129 4653 3270 4711 Deus
3323 4663 3505 4712 uoster

1913 4742 2211 4812 custodiat,
2239 4745 2459 4804 domine
2488 4746 2562 4802 liii
2586 4747 2970 4817 gloriosissime
3007 4754 3170 4820 atque
3197 4748 3505 4821 praecellen-

1916 4835 2140 4894 tissime.
2662 4877 2688 4900 .

2273 4951 2608 5009 EPISTULA
2651 4953 2764 5010 xm
2794 4955 2942 5026 (olim
2985 4955 3144 5028 xw).

2341 5087 2410 5126 ΑΒ
2445 5087 2854 5129 (ειιιιιιειιειιτωι
2891 5089 3088 5129 REGEI.

1916 5181 1996 5237 De
2026 5184 2273 5258 Sapaudo
2298 5184 2616 5258 Arelatensi,
2655 5185 2742 5258 qui
2781 5195 2962 5258 contra
2988 5186 3125 5258 sedis
3152 5201 3260 5258 sui:
3297 5187 3379 5256 pri
3391 5187 3512 5240 vile.

1988 5256 2128 5324 gium
2180 5256 2396 5309 alterius
2441 5255 2678 5327 episcopi
2705 5256 2960 5329 judicium
2987 5255 3159 5310 subire
3175 5255 3356 5327 jussus
3407 5260 3514 5327 fire.

1988 5332 2090 5378 rat.
2391 5345 2393 5354 '

1987 5435 2216 5491 Domino
2245 5433 2357 5492 filio
2403 5437 2796 5505 gloriosissimo
2823 5444 2986 5507 atque
3013 5437 3509 5509 pmcellentissimo

1913 5527 2266 5584 Cbildeberto
2294 5529 2407 5598 regi
2436 5527 2701 5599 Pelagius.

1985 5619 2119 5676 Cum
2147 5621 2478 5688 {oelsitudini
2505 5631 2698 5678 vestra:
2737 5621 2906 5677 multa
2953 5621 3094 5678 dona
3139 5623 3509 5681 misericordia

1913 5710 2093 5766 divina
2115 5712 2434 5779 contulerit,
2464 5729 2564 5783 pro
2607 5728 2793 5770 amore
2840 5721 3019 5770 tamen
3058 5730 3218 5786 quem
3255 5715 3508 5773 Ecclesia

1915 5802 2032 5873 ejus
2062 5801 2344 5861 sinceriter
2369 5803 2635 5861 cxbibetis
2664 5803 2881 5879 (Nicol.
2912 5805 2994 5876 1.1,
3026 5810 3176 5882 epist.
3201 5808 3255 5876 8,
3283 5809 3354 5865 ml
3375 5810 3507 5866 uie.
