4048 6344
526 277 630 333 407

1882 281 2153 339 PELAGll
2192 282 2393 337 l’APAil
2428 282 2449 338 l

3706 287 3804 340 ωδ

521 391 705 463 imper.
745 392 1086 461 ercorum),
1115 391 1241 448 fecit
1269 407 1365 449 vos
1411 392 1592 448 multis
1618 392 1967 460 regnantibus
2006 394 2117 449 cla-
2148 399 2194 456 A
2224 404 2411 449 nostro
2441 394 2968 465 magnificentissimo
2998 411 3113 452 Vtro
3136 396 3362 468 patricio
3389 394 3629 463 Placido,
3657 399 3806 467 geni-

521 482 700 541 riores
741 484 1035 554 :quoniam
1064 484 1202 540 inter
1240 485 1373 540 alias
1416 485 1567 555 regni
1609 486 1770 541 vestri
1817 501 1974 541 curas
2020 501 2117 555 pro

523 575 912 644 tranquillitate
939 586 1136 631 sanctae
1165 575 1422 631 Ecclesia:
1447 577 1771 648 praecipuam
1806 576 2118 631 sollicitudi-

522 679 649 719 nem
670 680 767 720 vos
792 673 999 720 certum
1025 673 1109 720 est
1146 665 1420 720 exhibere.
1450 664 1581 732 Qua:
1610 682 1731 721 cum
1760 667 1833 720 ita
1860 666 1984 731 sint,
2018 666 2118 720 mi-

523 773 711 814 ramur
736 758 862 827 quia
901 766 1161 827 quantum
1198 758 1353 814 nobis
1391 759 1734 829 prmsentium
1796 760 2115 831 portitorum

522 850 791 919 suggestio
834 850 1104 921 patefecit,
1136 850 1278 920 passi
1321 851 1449 905 estis
1491 850 1692 921 subripi
1720 851 1872 905 vobis
1911 848 2118 921 Sapau-

522 944 651 997 dum
701 942 920 997 fratrem
965 951 1022 998 et
1067 943 1445 1015 coepiscopum
1475 952 1747 1011 nostrum,
1788 944 2115 1001 Arelatensis

521 1032 756 1088 civitatis
810 1033 1125 1098 antistitem,
1180 1034 1331 1104 cujus
1385 1034 1623 1095 Ecclesia
1693 1036 1746 1090 in
1810 1037 2115 1105 regionibus

521 1121 810 1179 Gallicanis
830 1125 1091 1195 primatus
1119 1126 1396 1195 privilegio
1418 1135 1470 1185 et
1500 1128 1641 1182 sedis
1663 1128 1971 1197 apostolica:
1989 1129 2115 1183 vici-

519 1215 621 1269 bus
649 1214 956 1281 decoratur,
988 1216 1053 1269 ad
1084 1217 1396 1286 petitionem
1426 1218 1664 1288 episcopi
1702 1218 1769 1273 ab
1808 1218 1925 1289 ipso
1963 1219 2110 1274 ordi-

520 1305 663 1373 nati,
694 1305 748 1359 in
778 1305 1038 1375 judicium
1076 1308 1350 1375 sequentis
1385 1307 1613 1362 civitatis
1660 1309 1920 1379 episcopi,
1968 1311 2111 1380 quod

504 1394 665 1453 nulla
693 1399 1055 1454 ecclesiastica
1092 1398 1209 1468 lege
1236 1398 1319 1453 vel
1343 1400 1550 1455 ratione
1580 1399 1929 1465 conceditur,
1968 1402 2111 1471 judi-

517 1490 750 1545 candum
785 1490 1047 1560 juberctis
1082 1506 1398 1558 occurrere;
1431 1499 1489 1546 ut
1536 1492 1653 1561 ipso
1680 1492 1747 1548 de
1793 1494 2109 1550 conculcato

516 1580 623 1636 loci
653 1583 733 1636 sui
762 1582 1071 1652 praejudicio
1100 1592 1486 1651 conquerente,
1522 1583 1669 1639 illum
1699 1585 1789 1655 qui
1834 1586 2108 1655 usurpavit

517 1688 737 1735 necesse
760 1674 829 1732 sit
849 1674 915 1729 de
944 1673 1126 1733 illicita
1154 1674 1569 1745 pmsumptione
1598 1675 1801 1746 culpari
1826 1674 2107 1747 (Hincma-

2223 486 2326 540 tori
2358 495 2468 550 tuo,
2519 501 2587 540 ex
2610 494 2793 541 nostra
2832 502 3064 557 persona
3106 487 3352 545 volumus
3387 488 3755 545 commendari
3786 510 3802 523 ·

2221 584 2277 629 ιιι
2332 574 2385 631 in
2430 591 2526 631 sua
2571 578 2900 632 continentia
2930 590 3317 650 recognoscant
3361 589 3622 652 quantum
3665 581 3805 652 apud

2219 668 2536 724 charitatem
2579 679 2724 724 tuam
2751 671 2829 727 eis
2874 673 3268 729 commendatio
3306 683 3490 730 nostra
3518 672 3799 744 profuerit.

2217 757 2325 813 Sed
2368 766 2423 814 et
2450 758 2580 815 illud
2605 760 2672 815 ad
2702 762 3274 817 commemorationem
3316 769 3423 817 tua:
3449 761 3803 817 fraternitatis

2218 850 2550 916 adducimus,
2601 858 2661 905 ut
2699 852 2840 908 sicut
2880 852 3203 924 jampridem
3247 853 3584 923 scripsimus,
3622 862 3803 909 vestes

2216 958 2335 1013 quae
2364 943 2690 1015 pauperibus
2729 954 3046 1014 erogentur,
3074 944 3135 1013 id
3177 953 3260 1001 est
3288 945 3546 1012 cucullas,
3569 952 3625 999 et
3652 944 3801 998 tuni-

2215 1047 2325 1094 cas,
2356 1041 2517 1103 atque
2539 1047 2687 1103 saga,
2719 1033 2787 1090 de
2815 1048 2881 1090 eo
2903 1033 3048 1106 quod
3088 1050 3185 1105 pro
3229 1034 3578 1105 pensionibus
3627 1034 3801 1089 eccle-

2214 1123 2548 1179 siasticarum
2577 1125 2980 1197 possessionum
3007 1126 3163 1181 nobis
3182 1126 3412 1181 domnus
3448 1124 3588 1181 filius
3617 1136 3802 1181 noster

2213 1211 2460 1271 Placidus
2497 1214 2800 1271 directurus
2827 1224 2965 1285 erat,
3013 1218 3316 1287 comparari
3362 1216 3589 1284 faciatis,
3630 1225 3686 1271 et
3731 1216 3801 1270 ad

2211 1310 2427 1371 portum
2452 1302 2777 1371 Romanum,
2806 1305 2917 1361 Deo
2938 1307 3285 1377 propitiante,
3311 1306 3509 1375 dirige;
3532 1315 3801 1377 quatenus

2209 1391 2625 1448 sollicitudinem
2672 1404 2912 1451 nostram
2958 1412 3024 1451 ex
3073 1406 3225 1467 parte
3264 1397 3444 1467 aliqua
3496 1398 3797 1453 relevetis:

2209 1483 2333 1552 quia
2372 1492 2520 1538 tanta
2549 1493 2761 1553 egestas
2799 1494 2856 1541 et
2882 1487 3093 1541 auditas
3121 1488 3175 1541 in
3205 1486 3423 1542 civitate
3454 1487 3556 1542 ista
3588 1494 3691 1553 est,
3742 1497 3799 1541 ut

2209 1575 2324 1629 sine
2348 1574 2535 1631 dolore
2564 1586 2620 1632 et
2649 1579 2895 1647 angustia
2932 1578 3110 1634 cordis
3154 1578 3325 1634 nostri
3361 1578 3605 1634 homines
3658 1593 3798 1648 quos

2207 1662 2435 1719 honesto
2464 1665 2585 1721 loco
2611 1673 2770 1721 natos
2807 1666 3031 1723 idoneos
3081 1683 3435 1734 noveramus,
3471 1683 3579 1722 non
3623 1669 3799 1738 possi-

518 1781 624 1831 rus,
644 1782 727 1835 ep.
759 1765 811 1834 6,
856 1782 902 1820 ο.
936 1765 1043 1837 15).
1089 1764 1194 1822 Pro
1222 1766 1432 1836 quibus,
1465 1765 1883 1827 Christianitatis
1906 1777 2091 1823 vestrm

2208 1770 2327 1810 mus
2374 1756 2632 1826 aspicere.
2685 1758 2826 1816 Deus
2872 1769 2926 1815 te
2953 1760 3277 1817 incolumem
3306 1760 3597 1826 custodiat,
3629 1760 3799 1815 frater

512 1856 837 1912 confidentia
889 1857 1027 1924 freti,
1077 1866 1303 1928 paterno
1334 1858 1511 1913 studio
1560 1849 1895 1929 postulamus
1946 1868 2004 1913 ut
2052 1860 2099 1914 si

512 1947 639 2018 quid
669 1948 775 2002 tale
816 1949 1015 2004 factum
1041 1958 1125 2004 est
1147 1987 1162 2013 ,
1195 1963 1431 2019 congrua
1458 1949 1824 2004 satisfactione
1848 1949 2101 2005 celeriter

510 2041 838 2108 amputetur,
868 2056 966 2095 nec
997 2040 1158 2095 ullum
1179 2040 1260 2096 sui
1282 2040 1587 2111 exemplum
1618 2041 1670 2095 in
1693 2040 2099 2112 perturbatione

510 2125 869 2183 Ecclesiarum
916 2144 1051 2198 quas
1103 2131 1255 2185 vobis
1294 2130 1437 2186 Deus
1483 2129 1731 2197 credidit,
1790 2132 2097 2201 relinquere

508 2219 859 2275 concedatur.
890 2218 957 2275 Et
1002 2220 1305 2289 hujusmodi
1334 2222 1511 2277 causis
1555 2222 1840 2277 sollicitam
1893 2239 1989 2279 vos
2042 2225 2095 2279 in

507 2313 716 2383 reliquo
758 2311 912 2368 decet
964 2312 1220 2368 exhibere
1270 2314 1568 2383 cautelam,
1617 2330 1686 2370 ne
1734 2314 1861 2384 quid
1907 2324 2093 2373 contra

505 2404 893 2460 ecclesiasticas
932 2404 1145 2474 regulas
1195 2405 1501 2476 petentibus
1546 2406 1895 2462 concedatis:
1945 2408 2105 2484 quia,

504 2496 648 2575 quod
674 2498 813 2553 bene
838 2497 1112 2567 cognitum
1141 2505 1224 2553 est
1253 2498 1517 2568 religiosae
1545 2501 1711 2554 menti
1739 2509 1952 2567 vestra,
1986 2517 2091 2558 non

503 2589 661 2648 aliter
682 2588 794 2645 Deo
820 2596 1011 2649 nostro
1040 2598 1189 2646 recte
1230 2599 1411 2661 potest
1440 2592 1636 2661 regalis
1663 2591 1880 2647 devotio
1922 2592 2092 2648 famu—

503 2679 620 2753 lari,
672 2682 772 2736 nisi
800 2680 1136 2752 providentia
1164 2681 1279 2753 ejus
1319 2682 1803 2739 ecclesiasticorum
1842 2684 2090 2739 ordinum

501 2780 743 2827 servetur
772 2773 1065 2844 integritas.
1092 2774 1522 2831 lncolumitatem
1546 2776 1877 2832 excellentia
1898 2784 2089 2831 vestrae

500 2861 640 2925 Deus
694 2873 879 2920 noster
949 2865 1259 2932 custodiat,
1312 2866 1529 2923 domine
1586 2866 1659 2921 fili
1704 2866 2088 2937 gloriosissime

498 2965 660 3026 atque
682 2957 1196 3028 przecellentissime.

869 3070 1203 3137 EPISTULA
1232 3071 1349 3135 XIV
1390 3074 1539 3144 (olim
1568 3071 1704 3142 XV).

912 3201 945 3240 1)
982 3200 1258 3240 SAPAUDUI
1294 3201 1703 3242 Αιιειλτεκεειι.

497 3278 578 3334 De
604 3279 821 3350 epistola
843 3295 960 3350 sua,
993 3294 1147 3350 quam
1174 3278 1243 3350 de
1264 3277 1370 3346 ﬁde
1393 3278 1651 3350 catholica
1680 3278 1747 3331 ad
1773 3296 1943 3349 regem
1969 3290 2090 3335 ante

565 3346 791 3418 scripsit.
838 3346 1176 3411 Commendat
1204 3346 1468 3418 Romanos
1497 3350 1582 3418 qui
1613 3346 1847 3403 hostium
1863 3361 1999 3413 metu
2027 3369 2086 3406 eo

564 3417 905 3496 confugerunt
920 3436 947 3486 ;ν
968 3420 1250 3490 iterumque
1279 3417 1342 3471 de
1368 3417 1589 3481 vestibus
1632 3421 1687 3474 in
1733 3420 1911 3473 urbem
1961 3423 2083 3474 mit-

569 3490 755 3544 tendis.

567 3597 927 3653 Dilectissimo
956 3597 1106 3652 fratri
1129 3596 1379 3667 Sapaudo
1406 3596 1676 3667 Pelagius.

563 3689 737 3746 Tanta
779 3690 933 3746 nobis
964 3697 1049 3745 est
1076 3689 1216 3745 circa
1263 3705 1551 3761 personam
1590 3698 1697 3747 tua:
1736 3690 2086 3749 fraternitatis

495 3781 730 3851 allectio,
779 3788 837 3835 ut
863 3781 1036 3836 nullas
1063 3781 1380 3837 occasiones
1409 3782 1636 3837 transire
1662 3782 1877 3838 silentio
1905 3785 2083 3853 patia-

493 3888 633 3937 mur.
668 3871 906 3943 Denique
929 3873 1178 3929 veniente
1207 3872 1334 3928 illuc
1364 3871 1524 3927 Petro
1551 3873 1697 3928 urbis
1722 3874 2083 3943 negotiatore,

491 3966 780 4048 prtesentia
810 3965 1114 4021 curavimus
1160 3964 1228 4020 ad
1275 3961 1667 4019 fraternitatem
1705 3970 1853 4018 tuam
1884 3960 2080 4034 scripta

490 4062 742 4137 dirigere,
773 4060 1141 4125 desiderantes
1179 4065 1240 4114 ut
1266 4057 1335 4113 de
1356 4056 1725 4112 incolumitate
1753 4070 1970 4126 quoque
1996 4057 2081 4111 vi-

490 4154 671 4212 cissim
691 4153 828 4209 datis
842 4150 1333 4231 opportunitatibus
1362 4161 1735 4218 agnoscamus.
1761 4146 1935 4217 Atque
1956 4145 2081 4202 ideo

490 4244 790 4304 salutantes
816 4242 1055 4299 fraterno
1083 4241 1363 4298 charitatis
1388 4253 1592 4306 amore,
1625 4238 1929 4294 indicamus
1953 4253 2081 4308 pro-

489 4336 719 4407 pitiante
740 4335 968 4395 Domino
990 4336 1134 4390 circa
1165 4348 1263 4389 nos
1300 4333 1480 4389 omnia
1525 4347 1784 4403 prospere
1829 4332 1962 4402 geri.
2015 4330 2080 4387 Et

489 4410 772 4481 hortamur
798 4432 875 4491 ut,
929 4426 973 4481 si
1002 4423 1231 4495 epistola
1252 4439 1412 4494 quam
1443 4439 1542 4494 per
1583 4423 1869 4479 diaConum
1915 4434 2077 4494 atque

2203 1847 2533 1903 charissima.
2566 1848 2696 1903 Data
2727 1850 2901 1907 idibus
2928 1851 3147 1921 Aprilis,
3178 1868 3322 1909 anno
3354 1852 3417 1906 i6
3445 1860 3563 1924 post
3597 1866 3797 1908 consu-

2200 1938 2365 1994 latum
2396 1941 2575 1996 Basilii
2604 1942 2703 1995 viri
2731 1942 3037 1999 clarissimi.

2573 2052 2907 2109 EPISTOLA
2945 2054 3038 2109 XV
3069 2056 3213 2125 (olim
3238 2054 3402 2128 XVI).

2631 2163 2700 2201 AD
2738 2163 3145 2205 ClllLDEBERTUM
3170 2164 3366 2209 REGEM.

2198 2251 2361 2308 Mittit
2408 2255 2779 2328 cwtfessignem
2837 2257 2961 2327 ﬁdei
3007 2274 3139 2322 sure,
3175 2267 3441 2328 monetque
3490 2267 3550 2313 ut
3613 2265 3793 2315 caueat

2268 2340 2333 2407 ne
2376 2343 2475 2407 qua
2508 2325 2568 2380 in
2613 2325 2799 2381 Galliis
2838 2325 2938 2399 per
2984 2328 3253 2383 haereticos
3298 2325 3517 2384 excitari
3566 2328 3791 2383 discidia

2266 2405 2423 2450 sinat.

2267 2509 2496 2566 Domino
2526 2509 2636 2566 filio
2663 2510 3050 2580 gloriosissimo
3079 2520 3243 2584 atque
3283 2512 3788 2584 pratcellentissimo

2192 2601 2538 2659 Cbildeberto
2563 2604 2676 2672 regi
2706 2603 2952 2671 Pelagius
2976 2604 3277 2675 episcopus.

2264 2695 2495 2751 llumani
2537 2695 2751 2764 generis
2801 2694 3049 2751 Salvator
3080 2711 3144 2751 ac
3186 2696 3447 2753 Dominus
3489 2695 3790 2767 discipulos

2190 2801 2317 2841 suos
2366 2784 2600 2852 docens,
2646 2785 2764 2840 ait:
2800 2782 2925 2840 Non
2968 2795 3043 2840 est
3083 2785 3317 2841 voluntas
3367 2785 3547 2842 Patris
3595 2788 3787 2850 vestri,

2188 2880 2274 2949 qui
2313 2879 2369 2932 in
2410 2876 2549 2931 caelis
2601 2885 2698 2940 est,
2735 2884 2793 2929 ut
2828 2893 2963 2931 unus
3016 2876 3201 2931 saltem
3245 2884 3424 2948 pereat
3468 2878 3532 2932 de
3579 2878 3789 2949 pusillis

2191 2968 2402 3041 (Matth.
2429 2968 2576 3041 xvni)
2604 2986 2616 3022 :
2641 2967 2708 3023 de
2728 2967 2923 3039 quibus
2952 2983 3051 3023 nec
3076 2968 3423 3023 scandalizari
3449 2984 3788 3040 quemquam

2188 3062 2305 3118 sine
2332 3060 2511 3131 magni
2540 3059 2734 3115 asserit
2756 3059 3161 3129 comparatione
3190 3058 3459 3130 supplicii.
3492 3058 3631 3115 Cum
3682 3059 3786 3128 igi-

2114 3155 2158 3216 C
2192 3161 2280 3207 tur
2299 3151 2461 3207 etiam
2483 3150 2551 3207 de
2589 3148 2795 3221 pusillis
2815 3149 2917 3205 ista
2946 3148 3117 3203 forma
3145 3150 3398 3237 pmcepti
3443 3150 3534 3217 sit,
3577 3158 3788 3222 quanto

2189 3245 2347 3300 nobis
2384 3243 2561 3298 studio
2590 3258 2655 3298 ac
2688 3241 2872 3297 labore
2894 3241 3243 3309 satagendum
3269 3250 3354 3296 est
3399 3248 3458 3296 ut
3502 3257 3606 3312 pro
3634 3244 3788 3301 aufe-

2189 3334 2362 3391 rendo
2404 3332 2724 3401 suspicionis
2761 3331 3018 3387 seandalo
3057 3333 3373 3402 obsequium
3425 3332 3787 3391 confessionis

2190 3438 2386 3490 nostra:
2414 3426 2627 3497 regibus
2655 3425 3046 3491 ministremus;
3070 3426 3263 3495 quibus
3283 3441 3383 3481 nos
3406 3425 3571 3481 etiam
3600 3428 3787 3483 subdi-

2189 3528 2275 3583 tos
2301 3535 2420 3575 esse
2456 3525 2656 3573 sanctte
2706 3516 2998 3587 Scriptura:
3042 3518 3397 3588 praecipiunt?
3431 3518 3784 3576 Venienset-

2189 3610 2333 3665 enim
2387 3607 2610 3669 Rufinus
2656 3606 2739 3662 vir
2790 3604 3135 3677 magnificus,
3186 3607 3396 3678 legatus
3443 3608 3787 3664 excellentiae

2188 3708 2397 3766 vestrm,
2448 3697 2780 3758 confidenter
2817 3712 2846 3751 a
2888 3697 3064 3767 nobis,
3120 3705 3178 3751 ut
3222 3698 3421 3764 decuit,
3462 3699 3785 3769 postulavit,

2185 3801 2451 3863 quatenus
2478 3792 2629 3849 vobis
2657 3798 2749 3847 aut
2778 3790 2950 3846 beatae
2975 3788 3371 3845 recordationis
3398 3805 3553 3861 papa:
3584 3789 3787 3846 Leonis

2186 3893 2392 3943 tomum
2423 3898 2453 3938 a
2479 3883 2633 3938 nobis
2654 3897 2751 3951 per
2789 3880 2968 3935 omnia
2997 3880 3305 3936 conservari
3334 3881 3642 3951 significare
3686 3881 3787 3938 de-

2186 3975 2511 4042 buissemus,
2539 3980 2634 4029 aut
2664 3971 2895 4042 propriis
2920 3970 3099 4027 verbis
3138 3979 3337 4033 nostra:
3376 3973 3785 4029 confessionem

2185 4065 2309 4120 fidei
2348 4063 2638 4120 destinare.
2687 4062 2755 4117 Et
2791 4062 3017 4133 primam
3062 4061 3280 4135 quidem
3334 4064 3614 4134 petitionis
3661 4065 3785 4136 ejus

2182 4167 2410 4230 partem,
2433 4156 2559 4226 quia
2588 4155 2797 4211 facilior
2823 4153 2940 4222 fuit,
2972 4170 3100 4210 mox
3129 4164 3187 4210 ut
3212 4155 3371 4223 dixit,
3401 4156 3782 4231 implevimus,

2181 4263 2376 4317 meque
2428 4248 2483 4302 in
2529 4246 2781 4303 omnibus
2833 4245 3072 4317 praedicti
3111 4246 3354 4316 praesulis
3403 4255 3609 4302 tomum
3676 4262 3781 4319 pro

2181 4337 2461 4395 catholicae
2493 4335 2615 4391 fidei
2666 4334 2967 4396 assertione
3002 4336 3398 4410 conscriptum,
3430 4335 3541 4392 Deo
3586 4338 3779 4408 propi-

2182 4430 2282 4499 tio,
2312 4427 2602 4493 custodire,
2634 4441 2826 4482 manus
2853 4433 3048 4481 nostras
3070 4426 3136 4481 ad
3164 4440 3261 4482 vos
3289 4427 3631 4497 professione
3658 4429 3774 4498 sig-

491 4516 879 4571 snbdiaconum
920 4515 1269 4570 fraternitatis
1309 4522 1414 4569 tua
1453 4514 1521 4570 ad
1565 4515 2071 4572 excellentissimum
2104 4534 2152 4595 υ
2179 4524 2441 4580 navimus,
2467 4520 2538 4577 Ur
2567 4529 2748 4577 autem
2776 4519 2973 4577 nullius
2999 4519 3254 4588 deinceps
3272 4560 3291 4589 1
3318 4518 3462 4588 quod
3491 4519 3656 4593 absu‘
3682 4536 3778 4576 ευ-

492 4611 658 4675 ﬁlium
689 4617 928 4664 nostrum
978 4606 1380 4663 Childcbertum
1427 4620 1610 4676 regem
1654 4606 1967 4677 direximus,
2019 4609 2073 4665 in

492 4719 597 4772 qua
637 4703 705 4758 de
734 4701 989 4757 institutis
1027 4700 1458 4756 beatissimorum
1498 4698 1719 4777 Patrum
1765 4710 2072 4756 nostrorum

493 4794 651 4851 fidem
670 4793 989 4851 catholicam
1034 4799 1223 4848 nostro
1266 4805 1363 4862 per
1414 4790 1508 4847 Dei
1553 4791 1779 4860 gratiam
1825 4807 2074 4848 sermone

491 4886 942 4958 deprompsimus,
992 4892 1103 4939 tam
1153 4884 1253 4954 ipsi
1308 4883 1692 4954 gloriosissimo
1745 4883 1860 4951 regi
1910 4899 2072 4953 quam

489 4980 737 5035 charitati
772 4986 876 5033 tua:
908 4978 994 5033 vel
1040 4977 1161 5034 aliis
1199 4976 1449 5032 fratribus
1499 4974 1832 5045 coepiscopis
1877 4976 2076 5031 nostris

489 5070 711 5141 placuit,
762 5069 1024 5141 rescripta
1062 5077 1168 5124 tua:
1214 5066 1493 5124 charitatis
1544 5064 1771 5120 celerius
1809 5079 2071 5134 agnosca-

489 5178 629 5224 mus,
672 5159 937 5217 Praeterea
969 5158 1411 5221 commendamus
1437 5154 1746 5225 specialiter
1797 5153 2070 5210 dilectioni

489 5262 593 5307 tute
625 5238 899 5309 Romanos
925 5252 1015 5320 qui
1065 5248 1377 5305 hostilitatis
1418 5254 1563 5301 metu
1592 5247 1963 5316 confugerunt,
2012 5258 2070 5303 ut

487 5344 739 5399 solatium
768 5341 1121 5399 fraternitatis
1166 5348 1288 5404 tum,
1339 5347 1395 5392 et
1420 5337 1806 5398 continentiam
1853 5340 2067 5407 qualem

488 5437 849 5507 peregrinatio
870 5451 1057 5491 eorum
1078 5432 1253 5503 poscit
1277 5431 1579 5497 inveniant;
1608 5448 1744 5502 quos
1773 5433 1933 5491 etiam
1959 5433 2069 5489 filio

2182 4614 2437 4686 spicionis
2461 4612 2723 4669 resideret
2750 4612 2982 4677 occasio,
3008 4610 3168 4664 etiam
3194 4610 3339 4667 illam
3370 4610 3529 4664 aliam
3561 4619 3777 4681 partem

2182 4722 2345 4777 quam
2393 4712 2724 4761 memoratus
2778 4703 2861 4757 vir
2908 4701 3130 4756 illustris
3186 4701 3410 4763 Rufinus
3464 4703 3773 4768 admonuit,

2184 4795 2361 4850 facere
2390 4793 2623 4858 mutavi;
2654 4791 2861 4846 scilicet
2889 4791 3118 4860 propriis
3160 4789 3348 4848 verbis.
3370 4789 3775 4852 confessionem

2182 4885 2306 4944 fidei
2334 4899 2493 4953 quam
2533 4890 2806 4945 tenemus,
2837 4895 3133 4949 exponens.
3165 4878 3510 4935 Definitiones
3552 4896 3776 4952 quoque

2178 4975 2247 5031 de
2276 4975 2465 5029 eadem
2495 4971 2761 5027 catholica
2789 4969 2891 5023 fide
2913 4982 3031 5038 quae
3058 4969 3109 5022 in
3139 4977 3372 5037 quatuor
3403 4971 3610 5025 sanctis
3640 4987 3774 5026 con-

2178 5064 2312 5122 ciliis
2340 5070 2552 5129 statuta:
2579 5068 2722 5124 sunt,
2747 5058 2841 5115 sed
2894 5065 2949 5113 et
2997 5060 3279 5113 memorati
3310 5056 3605 5129 pontificis,
3634 5076 3773 5129 quas

2177 5156 2493 5214 universalis
2542 5167 2758 5224 semper
2798 5151 2971 5205 tenuit
3018 5166 3082 5206 ac
3127 5160 3277 5207 tenet
3325 5150 3567 5207 Ecclesia
3597 5192 3614 5218 ,
3665 5169 3771 5209 nos

2175 5265 2297 5306 cum
2328 5247 2423 5302 Dei
2452 5245 2650 5301 auxilio
2682 5255 2866 5299 tenere
2893 5251 3053 5315 atque
3079 5242 3389 5310 defendere,
3419 5247 3675 5314 praesenti
3700 5245 3770 5301 ad

2177 5337 2553 5395 excellentiam
2575 5343 2809 5391 vestram
2838 5332 3107 5405 colloquio
3134 5333 3489 5393 intimandum
3513 5351 3769 5392 necessa-

2174 5432 2254 5488 rio
2271 5428 2527 5500 iudicavi.

1677 5614 1902 5675 FlDES
1947 5614 2165 5675 PAP/E
2210 5611 2553 5675 PELAGII.

554 5726 733 5785 Credo
761 5725 921 5790 igitur
951 5723 1003 5774 in
1050 5736 1213 5774 unum
1244 5719 1432 5788 Deum,
1480 5718 1714 5784 Patrem,
1754 5725 1810 5777 et
1850 5715 2062 5783 Filium,

486 5833 541 5880 et
588 5817 847 5890 Spiritum
884 5820 1167 5870 sanctum:
1214 5810 1427 5871 Patrem
1479 5810 1683 5869 scilicet
1729 5809 2067 5887 omnipotcn:

2172 5725 2299 5780 tem,
2332 5716 2735 5785 sempiternum,
2767 5709 3096 5779 ingenitum;
3128 5709 3321 5766 Filium
3348 5727 3479 5767 vero
3510 5728 3577 5768 ex
3610 5710 3757 5781 ejus-

2176 5807 2296 5862 dem
2326 5803 2498 5860 Patris
2525 5800 2819 5858 substantia
2847 5797 2933 5855 vel
2960 5806 3147 5855 natura
3168 5801 3403 5869 genitum
3441 5811 3569 5859 ante
3597 5818 3759 5860 (nunc
