3992 6464
186 335 303 394 ωε)
1666 331 2048 390 ΕΡΙΒΤΟιΑ-Ζ.
3410 333 3515 390 M0

190 453 438 510 omnino
501 454 586 511 vel
625 454 907 528 temporis,
958 455 1045 512 vel
1097 453 1412 524 cujusquam
1468 448 1699 515 initium,
1746 447 1814 502 de
1847 456 1893 508 Α
1921 443 2327 501 subsistentiam
2369 444 2632 503 adunatas
2677 447 2951 504 credimus
2994 461 3116 504 esse
3159 454 3401 512 naturas,
3456 455 3519 502 ut

193 543 602 615 omnipotente
629 546 1056 618 omnipotentem
1075 585 1090 610 ,
1118 545 1398 614 :rqualem,
1430 540 1822 611 consempiter-
1923 539 2204 610 utriusque
2232 541 2565 611 proprietate
2593 551 2829 611 servata,
2879 552 3071 598 neutra
3109 551 3521 601 converteretur

194 651 333 690 num
366 646 430 691 et
480 639 1000 696 consubstantialem
1027 639 1279 708 genitori.
1310 636 1569 708 Spiritum
1605 648 1822 704 quoque
1922 631 1978 685 in
2007 629 2252 686 alteram.
2293 631 2372 687 Ac
2398 641 2706 702 propterea,
2735 633 2874 688 sicut
2901 649 3043 704 saepe
3069 635 3320 703 diximus,
3349 651 3516 690 unum

193 736 465 784 sanetum
520 732 968 801 omnipotentem,
1021 731 1256 799 utrique,
1310 726 1459 783 Patri
1502 726 1711 782 scilicet
1759 737 1822 778 ac
1925 721 2283 791 eumdemque
2331 722 2603 776 Christum
2653 738 2773 778 esse
2824 738 3008 778 verum
3055 725 3248 780 Filium
3294 725 3414 796 Dei,
3463 734 3520 782 et

195 818 341 874 Filio
371 822 1184 894 :nqualem,consempiternum
1205 829 1366 891 atque
1391 816 1823 875 consubstantia'
1926 813 2176 868 eumdem
2219 814 2392 884 ipsum
2441 829 2629 868 verum
2675 813 2841 869 ﬁlium
2891 815 3125 871 hominis
3171 815 3518 885 conﬁtemur,

195 909 346 977 lem;
393 914 500 982 qui
545 930 613 970 ex
642 913 803 972 Patre
830 915 1262 986 intemporaliter
1279 911 1606 985 procedens,
1650 909 1826 965 Patris
1928 904 2450 960 consubstantialem
2478 904 2628 959 Patri
2653 905 2945 961 secundum
2981 905 3256 974 deitatem,
3280 907 3520 964 consub-

199 1010 288 1056 est
317 1002 571 1074 Filiique
600 1005 854 1076 Spiritus.
880 1006 997 1062 Hoc
1022 1015 1105 1062 est
1129 1015 1239 1061 tres
1265 1018 1546 1076 personas,
1573 1003 1688 1056 sive
1714 1009 1826 1056 tres
1928 999 2238 1056 stantialem
2287 999 2446 1054 nobis
2474 1002 2722 1054 eumdem
2754 997 3050 1054 secundum
3080 998 3472 1054 humanitatem
3502 1017 3517 1065 ;

200 1094 607 1152 subsistentias
636 1100 793 1155 unius
826 1100 1076 1156 essentize
1101 1100 1214 1154 sive
1255 1107 1480 1161 naturas,
1513 1095 1672 1150 unius
1719 1094 1829 1149 vir-
1927 1107 2026 1161 per
2054 1090 2236 1147 omnia
2263 1091 2421 1146 nobis
2441 1090 2669 1145 similem
2693 1091 2896 1158 absque
2915 1097 3141 1161 peccato
3165 1107 3180 1156 ;
3212 1089 3520 1160 passibilem

202 1187 360 1253 tutis,
425 1190 598 1244 unius
651 1191 1004 1260 operationis,
1061 1191 1220 1246 unius
1265 1186 1614 1245 beatitudinis
1667 1194 1829 1255 atque
1930 1197 2116 1250 carne,
2164 1183 2414 1238 eumdem
2460 1183 2634 1252 ipsum
2665 1181 3052 1252 impassibilem
3081 1180 3302 1237 deitate.
3347 1180 3519 1249 Quem

204 1280 374 1334 unius
399 1285 729 1350 potestatis;
761 1293 822 1340 ut
843 1287 981 1339 trina
1011 1286 1082 1341 sit
1107 1285 1305 1348 unitas,
1339 1291 1396 1338 et
1421 1297 1528 1337 una
1561 1283 1630 1336 sit
1654 1282 1830 1338 Trini-

1960 1275 2030 1328 ub
2059 1273 2253 1329 Pontio
2282 1273 2456 1328 Pilato
2496 1282 2690 1343 sponte
2726 1289 2828 1344 pro
2867 1272 3040 1328 salute
3085 1279 3270 1327 nostra
3300 1285 3521 1341 passum

209 1379 314 1438 tas,
341 1372 512 1441 juxta
543 1376 693 1432 vocis
735 1377 1017 1433 dominicae
1045 1378 1353 1444 veritatem,
1381 1375 1611 1431 dicentis
1636 1394 1648 1429 :
1705 1375 1828 1441 Ite;

1957 1380 2052 1420 :sse
2081 1380 2244 1420 carne
2269 1365 2608 1430 conlitemur,
2657 1364 2971 1419 cruciﬁxum
3021 1379 3208 1431 carne,
3249 1371 3523 1418 mortuum

207 1461 398 1517 docete
472 1482 655 1521 οηιηεε
719 1476 936 1539 gemes,
1001 1469 1322 1539 θαριίχαηιεε
1372 1483 1458 1521 eo;
1503 1468 1558 1521 ίη
1624 1467 1833 1521 nomine
1933 1472 2115 1523 carne,
2145 1456 2506 1512 resurrexisse
2557 1456 2714 1509 tertia
2743 1455 2830 1510 die
2855 1454 3152 1525 gloriﬁcata
3182 1464 3237 1510 et
3263 1455 3522 1518 incorru-

211 1552 425 1620 Patris,
481 1567 535 1610 et
561 1556 722 1624 Filii,
751 1566 798 1612 et
830 1559 1058 1629 Spiritus
1103 1560 1269 1612 sancti
1323 1556 1546 1629 (Matth.
1604 1558 1828 1629 xxvm).
1933 1547 2106 1619 ptibili
2153 1547 2345 1602 eadem
2393 1561 2576 1611 carne,
2619 1555 2674 1600 et
2714 1555 3090 1602 conversatum
3121 1553 3245 1617 post
3283 1559 3525 1600 resurre-

211 1643 271 1697 ln
321 1646 597 1714 nomine,
652 1647 862 1719 inquit,
911 1664 1018 1704 ηοη
1067 1648 1400 1719 nominibus,
1443 1658 1501 1704 ιιι
1556 1658 1612 1704 ει
1667 1664 1832 1704 unum
1935 1640 2168 1694 ctionem
2203 1653 2326 1694 cum
2367 1636 2643 1707 discipulis
2671 1637 2804 1704 suis,
2854 1652 2918 1692 ac
2968 1637 3152 1691 multis
3196 1636 3372 1692 modis
3416 1635 3526 1691 evi-

213 1734 395 1790 Deum
459 1752 564 1806 per
617 1738 984 1795 indistincium
1058 1741 1253 1796 divina;
1315 1741 1562 1797 essentia;
1631 1755 1832 1796 nomen
1935 1731 2123 1786 denter
2154 1731 2232 1786 eis
2260 1729 2560 1785 ostendisse
2588 1729 2669 1784 sui
2695 1728 2938 1798 corporis
2961 1728 3244 1783 veritatem
3271 1745 3285 1794 ;
3312 1735 3368 1782 et
3396 1741 3527 1797 qua-

213 1827 590 1893 ostenderet,
665 1839 720 1885 et
798 1846 1152 1901 personarum
1246 1831 1629 1887 discretionem
1718 1831 1831 1885 suis
1863 1820 1908 1880 Β
1936 1820 2243 1890 dragesimo
2263 1820 2351 1874 die
2371 1819 2678 1874 videntibus
2703 1818 3204 1894 eisdem‘discipulis
3225 1817 3529 1873 ascendisse

216 1917 665 1975 demonstratam
712 1923 1133 1992 proprietatibus
1180 1923 1481 1978 edoceret:
1536 1922 1660 1992 quia
1707 1920 1834 1975 dum
1940 1915 1994 1968 in
2025 1914 2230 1980 caelos;
2276 1912 2466 1968 sedere
2511 1913 2675 1967 etiam
2717 1912 2781 1965 ad
2807 1911 3085 1965 dexteram
3125 1908 3322 1963 Patris.
3356 1907 3527 1974 Quem

217 2009 404 2064 tribus
459 2026 631 2064 unum
671 2011 884 2067 deitatis
937 2027 1136 2067 nomen
1182 2019 1267 2066 est
1291 2050 1306 2076 ,
1350 2012 1627 2080 aequalitas
1654 2019 1838 2066 osten-
1939 2004 2103 2061 credo
2129 2012 2185 2059 et
2211 2003 2496 2070 conﬁteor,
2523 2001 2813 2057 secundum
2843 1999 3277 2056 testiﬁcationem
3309 1998 3532 2065 angelo-

217 2099 376 2154 ditur
403 2116 810 2170 personarum;
842 2111 898 2158 et
940 2119 1126 2159 rursus
1165 2103 1444 2173 aequalitas
1482 2116 1835 2173 personarum
1939 2111 2080 2160 rum,
2110 2095 2250 2150 sicut
2277 2094 2518 2148 ascendit
2549 2093 2601 2146 in
2633 2092 2822 2159 cmlos,
2863 2093 2936 2145 ita
2977 2097 3262 2144 venturum
3288 2087 3532 2156 judicare

226 2191 370 2245 nihil
395 2201 740 2259 extraneum,
775 2194 904 2247 nihil
933 2194 1198 2250 accedens
1224 2194 1279 2247 in
1327 2193 1406 2248 eis
1449 2193 1712 2264 permittit
1750 2193 1835 2246 in-

229 2283 412 2352 telligi
454 2301 469 2336 :
518 2285 591 2337 ita
636 2292 694 2338 ut
742 2293 796 2339 et
834 2285 1200 2354 unusquisque
1238 2300 1426 2340 eorum
1463 2300 1624 2341 verus
1662 2283 1841 2354 perfe-

225 2383 473 2443 ctusque
498 2375 568 2429 sit
593 2375 734 2430 Deus
759 2392 772 2440 ;
804 2375 1056 2430 videlicet
1089 2391 1155 2430 ex
1185 2374 1518 2445 plenitudine
1545 2374 1840 2429 divinitatis
1897 2381 1900 2388 '

233 2466 374 2520 nihil
400 2467 586 2521 minus
615 2467 668 2521 in
697 2468 939 2536 singulis,
989 2468 1122 2522 nihil
1151 2469 1381 2539 amplius
1427 2467 1754 2536 intelligatur
1783 2466 1838 2521 in

233 2557 436 2611 tribus.
482 2554 559 2610 Ex
603 2557 704 2612 hac
732 2567 914 2612 autem
942 2566 1150 2623 sancta,
1200 2567 1256 2613 et
1301 2557 1632 2624 beatissima,
1676 2565 1839 2626 atque

233 2646 693 2701 consubstantiali
722 2646 1005 2712 Trinitate,
1029 2648 1192 2703 credo
1216 2656 1377 2718 atque
1397 2647 1662 2704 conﬁteor
1680 2661 1840 2702 unam

235 2752 562 2806 personam,
611 2737 664 2791 id
689 2745 790 2804 est,
831 2737 1024 2792 Filium
1054 2737 1147 2792 Dei
1174 2754 1273 2810 pro
1302 2739 1474 2793 salute
1500 2739 1720 2792 humani
1748 2753 1843 2807 ge-

236 2831 394 2881 neris
446 2826 756 2882 novissimis
795 2828 1132 2899 temporibus
1176 2829 1518 2884 descendisse
1562 2828 1631 2885 de
1679 2830 1838 2895 cmlo,

239 2931 345 2972 nec
375 2918 612 2987 patriam
663 2918 864 2984 sedem,
907 2934 1010 2974 nec
1038 2919 1219 2974 mundi
1270 2919 1629 2987 gubernacula
1674 2921 1843 2975 relin-

236 3018 552 3079 quentem;
595 3018 652 3065 et
695 3021 884 3067 sancto
929 3011 1130 3082 Spiritu
1160 3013 1573 3084 superveniente
1602 3013 1655 3066 in
1685 3014 1844 3068 beata

241 3104 482 3174 Virgine
500 3105 687 3168 Maria,
713 3114 873 3174 atque
894 3106 1250 3161 obumbrante
1271 3107 1322 3161 ei
1344 3107 1538 3161 virtute
1560 3107 1840 3171 Altissimi,

1941 2186 2094 2240 vivos
2133 2193 2188 2240 et
2218 2192 2481 2239 mortuos.
2523 2180 2722 2236 Omnes
2770 2181 2914 2235 enim
2953 2180 3201 2235 homines
3247 2178 3315 2232 ab
3362 2177 3532 2232 Adam

1937 2266 2114 2350 usque
2143 2279 2211 2334 ad
2240 2279 2762 2334 consummationem
2783 2273 2968 2330 saaculi
2994 2280 3152 2329 natos
3181 2281 3237 2328 et
3264 2278 3530 2332 mortuos,

1941 2389 2063 2430 cum
2092 2374 2210 2444 ipso
2239 2372 2412 2425 Adam
2441 2370 2664 2442 ejusque
2693 2384 2862 2424 uxore
2881 2409 2894 2433 ,
2927 2369 3020 2437 qui
3051 2381 3160 2421 non
3190 2381 3257 2420 ex
3287 2363 3405 2418 aliis
3433 2378 3534 2433 pa-

1941 2465 2186 2520 rentibus
2215 2465 2327 2518 nati
2354 2471 2500 2531 sunt,
2551 2462 2644 2518 sed
2673 2463 2812 2518 alter
2833 2461 2901 2517 de
2933 2469 3100 2525 terra,
3151 2459 3321 2513 altera
3351 2463 3532 2511 autem

1944 2554 2012 2610 de
2038 2563 2190 2609 costa
2221 2554 2346 2622 viri,
2391 2553 2561 2610 creati
2610 2563 2757 2620 sunt,
2814 2561 2943 2606 tunc
2983 2557 3385 2606 resurrecturos
3414 2561 3536 2602 esse

1944 2645 2228 2709 c0nliteor,
2263 2654 2317 2699 et
2345 2653 2526 2700 astare
2556 2653 2682 2699 ante
2712 2642 2943 2698 tribunal
2973 2641 3193 2709 Christi,
3222 2648 3281 2695 ut
3307 2638 3537 2709 recipiat

1947 2738 2313 2806 unusquisque
2341 2738 2560 2808 propria
2587 2736 2850 2807 corporis,
2883 2743 3046 2807 prout
3072 2735 3257 2804 gessit,
3290 2734 3406 2788 sive
3434 2732 3537 2788 bo-

1947 2845 2036 2894 na,
2088 2829 2201 2884 sive
2229 2829 2410 2893 mala;
2461 2839 2517 2884 et
2551 2828 2728 2897 justos
2772 2827 2990 2898 quidem
3037 2842 3136 2896 per
3179 2825 3535 2894 largissimam

1947 2919 2178 2988 gratiam
2207 2917 2324 2984 Dei,
2375 2925 2435 2972 ut
2463 2927 2589 2989 pote
2615 2933 2745 2973 vasa
2785 2909 3171 2972 misericordiae
3213 2917 3268 2970 in
3313 2917 3539 2985 gloriam

1946 3000 2269 3082 prmparata,
2314 3019 2531 3065 mternaz
2557 3011 2683 3065 vitae
2710 3009 2946 3080 praemiis
2973 3009 3320 3072 donaturum,
3370 3009 3424 3062 in
3451 3022 3540 3063 so:

1950 3102 2146 3157 cietate
2172 3100 2425 3158 videlicet
2450 3101 2785 3170 angelorum,
2836 3099 3040 3167 absque
3079 3099 3191 3153 ullo
3213 3097 3325 3166 jam
3356 3098 3539 3168 lapsus

243 3197 516 3252 eumdem
545 3196 782 3251 Verbum
826 3213 890 3252 ac
933 3197 1130 3252 Filium
1177 3198 1273 3253 Dei
1314 3199 1367 3254 in
1418 3207 1573 3255 utero
1603 3200 1843 3270 ejusdem
1873 3198 1918 3262 ρ
1948 3192 2030 3247 sui
2072 3199 2221 3246 metu
2259 3191 2374 3246 sine
2410 3190 2518 3246 ﬁne
2544 3190 2818 3257 victuros;
2869 3189 3082 3258 iniquos
3111 3197 3291 3244 autem
3318 3187 3543 3242 arbitrio

242 3295 463 3344 sancta:
500 3286 733 3355 Virginis
770 3286 952 3342 Maria:
993 3287 1292 3344 clementer
1336 3289 1660 3360 ingressum,
1695 3299 1749 3345 et
1779 3289 1846 3346 de

244 3391 421 3433 carne
450 3375 571 3446 ejus
598 3377 699 3431 sibi
733 3378 912 3432 unisse
953 3392 1172 3432 carnem
1200 3379 1380 3432 anima
1406 3379 1654 3434 rationali
1679 3388 1735 3436 et
1765 3381 1850 3436 in-

247 3468 552 3525 tellectuali
581 3468 870 3523 animatam
895 3486 908 3521 :
933 3484 1034 3522 nec
1055 3477 1180 3524 ante
1206 3479 1444 3525 creatam
1464 3485 1585 3528 esse
1605 3488 1844 3541 carnem,

251 3569 309 3616 et
337 3568 538 3632 postea
568 3559 944 3632 supervenisse
969 3560 1160 3614 Filium
1186 3560 1282 3616 Dei
1306 3578 1321 3628 ;
1365 3561 1479 3628 sed,
1530 3565 1670 3619 sicut
1709 3566 1848 3620 scri-

255 3660 412 3722 ptum
442 3660 550 3715 est,
570 3653 828 3723 sapientia
856 3649 1154 3722 aediﬁcante
1179 3651 1276 3707 sibi
1297 3653 1506 3708 domum
1530 3653 1710 3726 (Prov.
1744 3666 1847 3726 rx),

256 3759 385 3801 mox
416 3759 640 3799 carnem
669 3743 723 3798 in
767 3751 924 3799 utero
952 3743 1204 3813 Virginis,
1247 3760 1374 3800 mox
1420 3745 1584 3802 Verbi
1609 3747 1706 3802 Dei
1731 3763 1854 3803 car-

262 3852 385 3892 nem
415 3836 638 3902 factam,
683 3836 985 3906 exindeque
1023 3838 1142 3892 sine
1168 3838 1276 3893 ulla
1319 3841 1719 3910 permutatione
1758 3851 1854 3898 aut

265 3928 628 3985 conversione
673 3926 835 3981 Verbi
883 3927 1168 3997 carnisque
1211 3937 1418 3984 natura:
1441 3972 1457 3999 ,
1505 3930 1742 3988 Verbum
1789 3947 1855 3990 ac

264 4016 458 4072 Filium
481 4017 580 4072 Dei
608 4017 807 4074 factum
826 4017 1100 4074 hominem
1125 4035 1286 4074 unum
1308 4021 1362 4076 in
1387 4028 1614 4091 utraque
1635 4033 1853 4094 natura,

263 4110 444 4166 divina
501 4111 711 4166 scilicet
763 4119 820 4166 et
861 4112 1116 4179 humana,
1160 4113 1433 4170 Christum
1462 4115 1644 4172 Jesum
1683 4119 1853 4174 Deum

259 4199 480 4270 verum,
519 4202 878 4272 eumdemque
905 4220 1092 4260 verum
1118 4206 1393 4262 hominem
1421 4210 1771 4278 processisse,
1804 4213 1857 4270 id

267 4301 350 4349 est
377 4303 566 4350 natum
595 4309 738 4362 esse,
766 4303 978 4350 servata
1007 4296 1316 4366 integritate
1343 4307 1602 4357 materna:
1628 4304 1855 4373 virgini-

269 4385 391 4439 tatis
429 4403 442 4439 :
491 4385 619 4455 quia
643 4385 722 4441 sic
749 4401 872 4440 eum
899 4387 1052 4456 virgo
1080 4402 1402 4458 permanens
1427 4393 1634 4461 genuit,
1663 4409 1857 4463 quem-

273 4474 562 4531 admodum
609 4476 763 4545 virgo
809 4477 1078 4547 concepit.
1143 4477 1376 4550 Propter
1420 4483 1566 4551 quod
1612 4485 1856 4541 eamdem

1950 3283 2244 3340 voluntatis
2286 3283 2518 3353 propriae
2561 3295 2689 3336 vasa
2733 3280 2826 3335 ira:
2855 3287 2981 3352 apta
3024 3280 3078 3335 in
3105 3279 3382 3334 interitum
3410 3293 3539 3349 per-

1949 3380 2250 3439 manentes,
2281 3371 2374 3441 qui
2396 3372 2537 3426 viam
2566 3370 2780 3426 Domini
2807 3377 2901 3425 aut
2927 3385 3037 3425 non
3061 3376 3418 3438 agnoverunt,
3448 3374 3543 3422 aut

1951 3465 2225 3533 cognitam
2263 3462 2490 3519 diversis
2543 3461 2686 3532 capti
2734 3459 3268 3532 praevaricationibus
3309 3457 3543 3528 relique-

1949 3564 2096 3621 runt,
2145 3556 2200 3610 in
2242 3554 2417 3626 poenis
2462 3552 2652 3609 aeterni
2679 3559 2842 3623 atque
2885 3549 3338 3619 inexstinguibilis
3384 3548 3541 3618 ignis,

1952 3653 2012 3700 ut
2039 3646 2158 3702 sine
2178 3643 2286 3699 ﬁne
2314 3643 2558 3710 ardeant,
2587 3642 2887 3712 justissima
2911 3640 3118 3711 judicio
3157 3639 3504 3718 traditurum.

2023 3735 2148 3790 Haec
2178 3742 2263 3790 est
2288 3735 2454 3805 igitur
2489 3732 2622 3789 ﬁdes
2654 3747 2776 3788 mea
2805 3740 2862 3787 et
2887 3747 3013 3803 spes
3038 3747 3180 3798 mea,
3227 3746 3345 3801 quae
3374 3731 3428 3785 in
3456 3743 3546 3784 me

1952 3826 2098 3883 dono
2127 3825 2508 3882 misericordia:
2531 3824 2628 3880 Dei
2657 3832 2778 3880 est:
2809 3839 2910 3895 pro
2935 3839 3041 3893 qua
3068 3824 3303 3878 maxime
3327 3829 3546 3893 paratos

1952 3934 2074 3976 esse
2093 3919 2289 3974 debere
2309 3919 2500 3974 beatus
2520 3915 2713 3974 Petrus
2735 3916 3010 3988 apostolus
3027 3915 3273 3987 praecipit
3294 3913 3383 3982 (II
3395 3912 3540 3968 Patr.

1953 4016 2034 4086 ιιι)
2067 4013 2135 4069 ad
2181 4000 2616 4084 respondendum
2661 4009 2809 4065 omni
2850 4008 3098 4081 poscenti
3125 4022 3227 4063 nos
3255 4007 3541 4061 rationem.

1955 4109 2108 4165 Nunc
2155 4106 2410 4163 convenit
2455 4103 2836 4161 excellentiam
2891 4104 3128 4157 vestram
3185 4115 3286 4170 pro
3335 4097 3548 4153 fervore

1957 4201 2196 4272 ejusdem
2224 4199 2370 4266 ﬁdei,
2399 4183 2561 4268 quam
2589 4211 2687 4252 vos
2718 4196 2772 4251 in
2803 4195 2968 4250 corde
2996 4194 3198 4249 habere
3226 4192 3546 4261 gaudemus,

1956 4295 2286 4368 peculiarem
2309 4306 2494 4346 curam
2523 4305 2624 4360 per
2651 4289 2930 4343 universas
2950 4286 3136 4342 Galliae
3158 4292 3352 4340 vestrae
3380 4285 3550 4354 regio-

1958 4403 2056 4443 nes
2085 4385 2420 4458 impendere,
2469 4397 2537 4438 ne
2566 4381 2677 4436 illic
2706 4379 2959 4436 scandala
3003 4378 3358 4446 seminantes,
3408 4377 3550 4434 sicut

1961 4479 2015 4533 in
2042 4475 2284 4548 partibus
2310 4474 2428 4529 istis
2455 4473 2637 4529 facere
2665 4471 3020 4537 conabantur,
3065 4467 3255 4526 frontis
3283 4485 3394 4525 suae
3417 4485 3548 4540 pro-

275 4565 488 4623 heatam
534 4568 796 4636 virginem
840 4569 1062 4625 Mariam
1090 4569 1187 4626 Dei
1218 4571 1547 4630 Genitricem
1575 4578 1860 4636 verissime
1887 4567 1941 4627 Ι)
1967 4569 2196 4625 cacitate
2219 4566 2527 4638 impellente
2551 4564 2874 4630 discurrant,
2899 4572 2953 4619 et
2981 4564 3117 4619 alios
3137 4562 3330 4620 fratres
3373 4572 3429 4619 et
3453 4578 3550 4620 co-

276 4659 598 4715 conﬁtemur
621 4663 641 4712 :‘
680 4660 889 4730 peperit
934 4661 1076 4715 enim
1108 4663 1443 4719 incarnatum
1474 4665 1569 4721 Dei
1600 4667 1855 4726 Verbum.

277 4744 367 4802 Est
394 4763 530 4819 ergo
554 4765 694 4804 unus
734 4759 896 4819 atque
924 4751 1063 4805 idem
1112 4750 1266 4809 Jesus
1313 4753 1557 4812 Christus
1585 4774 1744 4816 verus
1771 4759 1861 4816 Fi-

280 4837 377 4895 lius
402 4841 520 4907 Dei,
551 4849 608 4895 et
635 4841 776 4896 idem
807 4842 921 4912 ipse
959 4855 1123 4898 verus
1152 4845 1291 4901 ﬁlius
1334 4847 1566 4904 hominis
1589 4849 1861 4920 perfectus

281 4926 332 4980 in
360 4929 585 4996 deitate,
638 4938 693 4984 et
723 4931 867 4986 idem
897 4931 1014 5002 ipse
1062 4935 1331 5003 perfectus
1383 4937 1436 4990 in
1484 4937 1858 5009 humanitate;

282 5026 336 5070 ut
363 5029 489 5089 pote
519 5026 666 5074 totus
705 5020 757 5075 in
799 5021 942 5089 suis,
983 5028 1038 5076 ct
1066 5021 1206 5078 idem
1233 5024 1347 5094 ipse
1376 5034 1520 5082 totus
1542 5027 1594 5080 in
1624 5029 1860 5095 nostris;

283 5107 356 5162 sic
395 5124 497 5179 per
537 5110 828 5165 secundam
884 5113 1220 5170 nativitatem
1270 5132 1488 5174 sumens
1535 5133 1603 5174 ex
1645 5120 1866 5178 homine

288 5209 453 5257 matre
493 5201 640 5272 quod
668 5218 776 5257 non
806 5212 944 5269 erat,
991 5213 1048 5259 ut
1085 5223 1194 5262 non
1238 5209 1528 5266 desisteret
1573 5226 1693 5268 esse
1721 5214 1867 5284 quod

288 5307 380 5360 per
405 5296 658 5366 primam,
706 5311 812 5366 qua
843 5311 908 5351 ex
944 5296 1099 5352 Patre
1131 5306 1288 5355 natus
1327 5311 1428 5367 est,
1461 5311 1596 5358 erat.
1641 5302 1870 5373 Propter

289 5385 424 5450 quod
449 5402 573 5442 eum
599 5401 664 5440 ex
695 5386 903 5441 duabus
931 5394 1000 5441 etc
1019 5387 1072 5442 in
1100 5388 1326 5455 duabus,
1359 5395 1698 5452 manentibus
1727 5396 1867 5452 indi-

289 5474 411 5533 visis
457 5475 860 5545 inconfusisque
888 5476 1157 5534 credimus
1207 5492 1328 5536 csse
1358 5483 1581 5540 naturis.
1623 5484 1868 5542 lndivisis

292 5566 520 5634 quidem,
551 5569 678 5638 quia
708 5575 764 5623 et
793 5576 918 5638 post
958 5570 1381 5640 assumptionem
1423 5583 1628 5630 naturae
1669 5585 1867 5634 nostrm

295 5672 424 5714 unus
465 5659 714 5716 Christus
764 5659 929 5715 Filius
958 5659 1050 5716 Dei
1089 5665 1386 5732 permansit
1437 5673 1491 5720 et
1543 5678 1862 5736 permanet:

298 5751 582 5811 inconfusis
609 5761 808 5823 autem,
858 5755 980 5824 quia
1009 5755 1088 5814 sic
1117 5755 1170 5812 in
1197 5772 1356 5812 unam
1382 5773 1668 5829 personam
1696 5769 1858 5832 atque

1963 4660 2254 4730 episcopos
2276 4654 2514 4723 nostros,
2535 4656 2621 4711 vel
2643 4655 2878 4711 creditas
2900 4655 2980 4710 eis
3005 4655 3212 4726 plebes,
3240 4655 3311 4710 ad
3337 4654 3551 4711 dissen-

1962 4746 2144 4810 siOnes
2190 4750 2506 4819 exagitent:
2559 4748 2686 4818 quia
2733 4746 2863 4803 dum
2911 4755 3075 4803 recta:
3115 4745 3241 4802 ﬁdei
3283 4762 3394 4802 non
3421 4747 3552 4816 sint,

1964 4847 2150 4903 dolore
2176 4842 2541 4916 oppressionis
2569 4857 2701 4907 sum,
2732 4846 2792 4896 ut
2819 4855 2878 4896 se
2907 4839 2974 4896 ad
2995 4839 3278 4896 nutrienda
3300 4838 3553 4895 scandala

1967 4936 2251 4993 catholicis
2279 4933 2572 4988 familiares
2598 4929 2854 4996 elﬁciant,
2879 4931 3044 4985 etiam
3072 4938 3279 4985 rectam
3305 4928 3465 4984 ﬁdem
3495 4921 3555 4985 se

1966 5029 2224 5085 simulant
2265 5024 2565 5091 vindicare,
2615 5023 2851 5078 maxime
2895 5022 3037 5094 apud
3080 5036 3176 5077 eos
3215 5019 3309 5089 qui
3337 5019 3557 5078 fraudes

1969 5122 2211 5192 ipsorum
2241 5127 2297 5174 et
2328 5117 2484 5172 dolos
2512 5116 2782 5185 ignorant.
2836 5113 2942 5170 Sed
2986 5114 3151 5181 Deus,
3200 5109 3292 5180 qui
3327 5111 3556 5180 gloriam

1967 5218 2204 5265 vestram
2236 5215 2425 5264 contra
2470 5205 2720 5262 inimicos
2747 5205 2895 5276 pacis
2923 5203 3307 5260 ecclesiastica:
3340 5201 3556 5260 miseri-

1969 5303 2208 5359 corditer
2253 5301 2358 5356 hoc
2397 5307 2641 5369 tempore
2691 5297 3034 5368 prmparavit,
3083 5303 3306 5367 prxestet
3354 5310 3452 5350 vos
3481 5295 3558 5350 ita

1972 5393 2236 5452 sollicitos
2264 5400 2320 5447 et
2359 5391 2781 5459 circumspectos
2807 5387 3065 5456 existere,
3115 5395 3176 5442 ut
3211 5403 3320 5443 non
3347 5402 3558 5458 praeva-

1973 5488 2120 5542 leant
2145 5484 2285 5538 intra
2313 5490 2430 5538 sata
2457 5488 2657 5536 sanctae
2684 5479 2940 5535 Ecclesiae
2979 5481 3032 5534 in
3073 5479 3178 5534 illis
3199 5480 3444 5550 partibus
3473 5479 3559 5536 lo-

1972 5578 2167 5634 liorum
2196 5592 2416 5633 suorum
2446 5574 2654 5630 semina
2692 5573 2925 5643 maligna
2950 5571 3181 5642 jactare.
3242 5571 3560 5629 Perincolu-

1974 5686 2116 5725 mem
2166 5668 2541 5726 excellentiam
2586 5673 2822 5722 vestram
2870 5664 3014 5721 Deus
3060 5672 3244 5723 noster
3268 5654 3556 5733 Custodiat,

1967 5763 2184 5821 domine
2234 5761 2307 5820 ﬁli
2345 5759 2725 5832 gloriosissime
2760 5766 2923 5830 atquc
2953 5758 3460 5828 praecellentissime.
