  <div class='ocr_page' id='page_1' title='image "/cluster/home/n/w/nwhite01/storage/ocr_20150623/69/hvd.32044015469349/213.png"; bbox 0 0 4048 6344; ppageno 0'>
   <div class='ocr_carea' id='block_1_1' title="bbox 470 244 558 301">
    <p class='ocr_par' dir='ltr' id='par_1_1' title="bbox 470 244 558 301">
     <span class='ocr_line' id='line_1_1' title="bbox 470 244 558 301; baseline 0.034 -3"><span class='ocrx_word' id='word_1_1' title='bbox 470 244 558 301; x_wconf 80' lang='lat' dir='ltr'><strong>Hi</strong></span> 
     </span>
    </p>
   </div>
   <div class='ocr_carea' id='block_1_2' title="bbox 1806 252 2374 314">
    <p class='ocr_par' dir='ltr' id='par_1_2' title="bbox 1806 252 2374 314">
     <span class='ocr_line' id='line_1_2' title="bbox 1806 252 2374 314; baseline 0.014 -8"><span class='ocrx_word' id='word_1_2' title='bbox 1806 252 2073 309; x_wconf 80' lang='lat' dir='ltr'><strong>PELACII</strong></span> <span class='ocrx_word' id='word_1_3' title='bbox 2111 256 2312 312; x_wconf 73' lang='grc' dir='ltr'><strong>ΡΑΡᾹΞ</strong></span> <span class='ocrx_word' id='word_1_4' title='bbox 2351 258 2374 314; x_wconf 83' lang='grc'><strong>1</strong></span> 
     </span>
    </p>
   </div>
   <div class='ocr_carea' id='block_1_3' title="bbox 3628 267 3741 320">
    <p class='ocr_par' dir='ltr' id='par_1_3' title="bbox 3628 267 3741 320">
     <span class='ocr_line' id='line_1_3' title="bbox 3628 267 3741 320; baseline 0.018 -2"><span class='ocrx_word' id='word_1_5' title='bbox 3628 267 3741 320; x_wconf 67' lang='grc'><strong>613</strong></span> 
     </span>
    </p>
   </div>
   <div class='ocr_carea' id='block_1_4' title="bbox 1358 378 3725 406">
    <p class='ocr_par' dir='ltr' id='par_1_4' title="bbox 1358 378 3725 406">
     <span class='ocr_line' id='line_1_4' title="bbox 1358 378 3725 406; baseline 0.001 -6"><span class='ocrx_word' id='word_1_6' title='bbox 1358 378 3725 406; x_wconf 51' lang='grc' dir='ltr'><strong>δ-Ἢ</strong></span> 
     </span>
    </p>
   </div>
   <div class='ocr_carea' id='block_1_5' title="bbox 995 459 2042 569">
    <p class='ocr_par' dir='ltr' id='par_1_5' title="bbox 995 459 2042 535">
     <span class='ocr_line' id='line_1_5' title="bbox 995 459 2042 535; baseline 0.002 -4"><span class='ocrx_word' id='word_1_7' title='bbox 995 459 1487 532; x_wconf 81' lang='lat' dir='ltr'><strong>EJUSDEM</strong></span> <span class='ocrx_word' id='word_1_8' title='bbox 1564 462 2042 535; x_wconf 84' lang='lat' dir='ltr'><strong>PELAGII-</strong></span> 
     </span>
    </p>
   </div>
   <div class='ocr_carea' id='block_1_6' title="bbox 2148 459 3205 569">
    <p class='ocr_par' dir='ltr' id='par_1_6' title="bbox 2148 466 3205 561">
     <span class='ocr_line' id='line_1_6' title="bbox 2148 466 3205 561; baseline 0.013 -29"><span class='ocrx_word' id='word_1_9' title='bbox 2148 466 2390 536; x_wconf 68' lang='lat' dir='ltr'><strong>‘APAZ</strong></span> <span class='ocrx_word' id='word_1_10' title='bbox 2465 468 2508 539; x_wconf 82' lang='grc' dir='ltr'><strong>Ι</strong></span> <span class='ocrx_word' id='word_1_11' title='bbox 2591 470 3205 561; x_wconf 68' lang='lat' dir='ltr'><strong>EPISTOLE,</strong></span> 
     </span>
    </p>
   </div>
   <div class='ocr_carea' id='block_1_7' title="bbox 686 612 2042 675">
    <p class='ocr_par' dir='ltr' id='par_1_7' title="bbox 686 612 2042 660">
     <span class='ocr_line' id='line_1_7' title="bbox 686 612 2042 660; baseline 0.001 -6"><span class='ocrx_word' id='word_1_12' title='bbox 686 612 802 655; x_wconf 69' lang='lat' dir='ltr'><strong>BEU</strong></span> <span class='ocrx_word' id='word_1_13' title='bbox 849 612 1067 657; x_wconf 77' lang='lat' dir='ltr'><strong>POTIUS</strong></span> <span class='ocrx_word' id='word_1_14' title='bbox 1114 617 1504 660; x_wconf 70' lang='lat' dir='ltr'><strong>FRAGMENTA</strong></span> <span class='ocrx_word' id='word_1_15' title='bbox 1547 616 1726 660; x_wconf 70' lang='lat' dir='ltr'><strong>LUCB</strong></span> <span class='ocrx_word' id='word_1_16' title='bbox 1768 615 2042 659; x_wconf 65' lang='lat' dir='ltr'><strong>BOLSTEN</strong></span> 
     </span>
    </p>
   </div>
   <div class='ocr_carea' id='block_1_8' title="bbox 2148 612 3532 675">
    <p class='ocr_par' dir='ltr' id='par_1_8' title="bbox 2148 614 3532 675">
     <span class='ocr_line' id='line_1_8' title="bbox 2148 614 3532 675; baseline 0.013 -18"><span class='ocrx_word' id='word_1_17' title='bbox 2148 614 2380 661; x_wconf 76' lang='lat' dir='ltr'><strong>BTUDIO</strong></span> <span class='ocrx_word' id='word_1_18' title='bbox 2421 620 2673 667; x_wconf 72' lang='lat' dir='ltr'><strong>PRIMUM</strong></span> <span class='ocrx_word' id='word_1_19' title='bbox 2720 624 2757 666; x_wconf 77' lang='grc' dir='ltr'><strong><em>Β</em></strong></span> <span class='ocrx_word' id='word_1_20' title='bbox 2799 625 3117 670; x_wconf 72' lang='lat' dir='ltr'><strong>TENEBMS</strong></span> <span class='ocrx_word' id='word_1_21' title='bbox 3163 628 3532 675; x_wconf 71' lang='lat' dir='ltr'><strong>VINDICATA.</strong></span> 
     </span>
    </p>
   </div>
   <div class='ocr_carea' id='block_1_9' title="bbox 563 826 1978 899">
    <p class='ocr_par' dir='ltr' id='par_1_9' title="bbox 563 826 1978 899">
     <span class='ocr_line' id='line_1_9' title="bbox 563 826 1978 899; baseline 0.001 -17"><span class='ocrx_word' id='word_1_22' title='bbox 563 827 763 899; x_wconf 87' lang='lat' dir='ltr'><strong>elugius</strong></span> <span class='ocrx_word' id='word_1_23' title='bbox 790 826 984 884; x_wconf 86' lang='lat' dir='ltr'><strong>Joanni</strong></span> <span class='ocrx_word' id='word_1_24' title='bbox 1019 828 1247 885; x_wconf 86' lang='lat' dir='ltr'><strong>Patricio</strong></span> <span class='ocrx_word' id='word_1_25' title='bbox 1269 831 1586 897; x_wconf 81' lang='lat' dir='ltr'><strong>caburlario,</strong></span> <span class='ocrx_word' id='word_1_26' title='bbox 1613 831 1748 886; x_wconf 85' lang='lat' dir='ltr'><strong>inter</strong></span> <span class='ocrx_word' id='word_1_27' title='bbox 1773 840 1978 888; x_wconf 70' lang='lat' dir='ltr'><strong>caetera.</strong></span> 
     </span>
    </p>
   </div>
   <div class='ocr_carea' id='block_1_10' title="bbox 530 916 2046 990">
    <p class='ocr_par' dir='ltr' id='par_1_10' title="bbox 530 916 2046 990">
     <span class='ocr_line' id='line_1_10' title="bbox 530 916 2046 990; baseline 0.002 -18"><span class='ocrx_word' id='word_1_28' title='bbox 530 916 807 987; x_wconf 87' lang='lat' dir='ltr'><strong>Pudenda,</strong></span> <span class='ocrx_word' id='word_1_29' title='bbox 838 920 908 974; x_wconf 90' lang='lat' dir='ltr'><strong>ita</strong></span> <span class='ocrx_word' id='word_1_30' title='bbox 937 928 995 974; x_wconf 90' lang='lat' dir='ltr'><strong>nt</strong></span> <span class='ocrx_word' id='word_1_31' title='bbox 1019 919 1211 986; x_wconf 91' lang='lat' dir='ltr'><strong>dicam,</strong></span> <span class='ocrx_word' id='word_1_32' title='bbox 1245 920 1431 990; x_wconf 84' lang='lat' dir='ltr'><strong>rapina</strong></span> <span class='ocrx_word' id='word_1_33' title='bbox 1458 921 1512 975; x_wconf 91' lang='lat' dir='ltr'><strong>in</strong></span> <span class='ocrx_word' id='word_1_34' title='bbox 1540 921 1801 977; x_wconf 82' lang='lat' dir='ltr'><strong>divisione</strong></span> <span class='ocrx_word' id='word_1_35' title='bbox 1825 930 1909 976; x_wconf 91' lang='lat' dir='ltr'><strong>est</strong></span> <span class='ocrx_word' id='word_1_36' title='bbox 1936 936 2046 976; x_wconf 91' lang='lat' dir='ltr'><strong>non</strong></span> 
     </span>
    </p>
   </div>
   <div class='ocr_carea' id='block_1_11' title="bbox 458 1013 2044 1085">
    <p class='ocr_par' dir='ltr' id='par_1_11' title="bbox 458 1013 2044 1085">
     <span class='ocr_line' id='line_1_11' title="bbox 458 1013 2044 1085; baseline 0 -18"><span class='ocrx_word' id='word_1_37' title='bbox 458 1020 834 1078; x_wconf 89' lang='lat' dir='ltr'><strong>consecratus,</strong></span> <span class='ocrx_word' id='word_1_38' title='bbox 893 1013 987 1068; x_wconf 91' lang='lat' dir='ltr'><strong>sed</strong></span> <span class='ocrx_word' id='word_1_39' title='bbox 1044 1022 1362 1069; x_wconf 79' lang='lat' dir='ltr'><strong>exsecratus</strong></span> <span class='ocrx_word' id='word_1_40' title='bbox 1422 1015 1729 1085; x_wconf 88' lang='lat' dir='ltr'><strong>episcopus.</strong></span> <span class='ocrx_word' id='word_1_41' title='bbox 1790 1013 1845 1069; x_wconf 88' lang='lat' dir='ltr'><strong>Si</strong></span> <span class='ocrx_word' id='word_1_42' title='bbox 1900 1013 2044 1068; x_wconf 91' lang='lat' dir='ltr'><strong>enim</strong></span> 
     </span>
    </p>
   </div>
   <div class='ocr_carea' id='block_1_12' title="bbox 460 1105 2043 1176">
    <p class='ocr_par' dir='ltr' id='par_1_12' title="bbox 460 1105 2043 1176">
     <span class='ocr_line' id='line_1_12' title="bbox 460 1105 2043 1176; baseline 0.001 -18"><span class='ocrx_word' id='word_1_43' title='bbox 460 1105 631 1176; x_wconf 89' lang='lat' dir='ltr'><strong>ipsum</strong></span> <span class='ocrx_word' id='word_1_44' title='bbox 683 1120 879 1160; x_wconf 86' lang='lat' dir='ltr'><strong>nomen</strong></span> <span class='ocrx_word' id='word_1_45' title='bbox 926 1107 1349 1162; x_wconf 82' lang='lat' dir='ltr'><strong>consecrationis</strong></span> <span class='ocrx_word' id='word_1_46' title='bbox 1406 1106 1715 1161; x_wconf 74' lang='lat' dir='ltr'><strong>rationabili</strong></span> <span class='ocrx_word' id='word_1_47' title='bbox 1760 1121 1825 1162; x_wconf 93' lang='lat' dir='ltr'><strong>ac</strong></span> <span class='ocrx_word' id='word_1_48' title='bbox 1869 1105 2043 1161; x_wconf 85' lang='lat' dir='ltr'><strong>vivaci</strong></span> 
     </span>
    </p>
   </div>
   <div class='ocr_carea' id='block_1_13' title="bbox 461 1196 2045 1269">
    <p class='ocr_par' dir='ltr' id='par_1_13' title="bbox 461 1196 2045 1269">
     <span class='ocr_line' id='line_1_13' title="bbox 461 1196 2045 1269; baseline -0.001 -16"><span class='ocrx_word' id='word_1_49' title='bbox 461 1196 730 1253; x_wconf 87' lang='lat' dir='ltr'><strong>intellectu</strong></span> <span class='ocrx_word' id='word_1_50' title='bbox 762 1198 1098 1265; x_wconf 87' lang='lat' dir='ltr'><strong>discutimus,</strong></span> <span class='ocrx_word' id='word_1_51' title='bbox 1128 1200 1173 1254; x_wconf 89' lang='lat' dir='ltr'><strong>is</strong></span> <span class='ocrx_word' id='word_1_52' title='bbox 1198 1199 1292 1269; x_wconf 88' lang='lat' dir='ltr'><strong>qui</strong></span> <span class='ocrx_word' id='word_1_53' title='bbox 1324 1214 1447 1255; x_wconf 91' lang='lat' dir='ltr'><strong>cum</strong></span> <span class='ocrx_word' id='word_1_54' title='bbox 1470 1199 1759 1254; x_wconf 83' lang='lat' dir='ltr'><strong>universali</strong></span> <span class='ocrx_word' id='word_1_55' title='bbox 1780 1197 2045 1253; x_wconf 80' lang='lat' dir='ltr'><strong>detrectat</strong></span> 
     </span>
    </p>
   </div>
   <div class='ocr_carea' id='block_1_14' title="bbox 458 1288 2043 1357">
    <p class='ocr_par' dir='ltr' id='par_1_14' title="bbox 458 1288 2043 1357">
     <span class='ocr_line' id='line_1_14' title="bbox 458 1288 2043 1357; baseline -0.001 -13"><span class='ocrx_word' id='word_1_56' title='bbox 458 1289 762 1345; x_wconf 89' lang='lat' dir='ltr'><strong>consecrari</strong></span> <span class='ocrx_word' id='word_1_57' title='bbox 802 1289 1068 1357; x_wconf 85' lang='lat' dir='ltr'><strong>Ecclesia,</strong></span> <span class='ocrx_word' id='word_1_58' title='bbox 1121 1298 1470 1346; x_wconf 90' lang='lat' dir='ltr'><strong>consecratus</strong></span> <span class='ocrx_word' id='word_1_59' title='bbox 1499 1289 1603 1344; x_wconf 92' lang='lat' dir='ltr'><strong>dici</strong></span> <span class='ocrx_word' id='word_1_60' title='bbox 1633 1290 1716 1344; x_wconf 89' lang='lat' dir='ltr'><strong>vel</strong></span> <span class='ocrx_word' id='word_1_61' title='bbox 1746 1304 1866 1344; x_wconf 91' lang='lat' dir='ltr'><strong>esse</strong></span> <span class='ocrx_word' id='word_1_62' title='bbox 1897 1288 2043 1343; x_wconf 91' lang='lat' dir='ltr'><strong>nulla</strong></span> 
     </span>
    </p>
   </div>
   <div class='ocr_carea' id='block_1_15' title="bbox 458 1380 2042 1451">
    <p class='ocr_par' dir='ltr' id='par_1_15' title="bbox 458 1380 2042 1451">
     <span class='ocr_line' id='line_1_15' title="bbox 458 1380 2042 1451; baseline 0 -16"><span class='ocrx_word' id='word_1_63' title='bbox 458 1380 666 1436; x_wconf 85' lang='lat' dir='ltr'><strong>ratione</strong></span> <span class='ocrx_word' id='word_1_64' title='bbox 708 1383 929 1451; x_wconf 89' lang='lat' dir='ltr'><strong>poterit.</strong></span> <span class='ocrx_word' id='word_1_65' title='bbox 958 1382 1292 1438; x_wconf 88' lang='lat' dir='ltr'><strong>Consecrare</strong></span> <span class='ocrx_word' id='word_1_66' title='bbox 1319 1383 1463 1439; x_wconf 90' lang='lat' dir='ltr'><strong>enim</strong></span> <span class='ocrx_word' id='word_1_67' title='bbox 1494 1390 1578 1436; x_wconf 90' lang='lat' dir='ltr'><strong>est</strong></span> <span class='ocrx_word' id='word_1_68' title='bbox 1605 1380 1765 1437; x_wconf 90' lang='lat' dir='ltr'><strong>simul</strong></span> <span class='ocrx_word' id='word_1_69' title='bbox 1803 1396 2042 1435; x_wconf 89' lang='lat' dir='ltr'><strong>sacrare.</strong></span> 
     </span>
    </p>
   </div>
   <div class='ocr_carea' id='block_1_16' title="bbox 458 1470 2045 1543">
    <p class='ocr_par' dir='ltr' id='par_1_16' title="bbox 458 1470 2045 1543">
     <span class='ocr_line' id='line_1_16' title="bbox 458 1470 2045 1543; baseline 0.001 -17"><span class='ocrx_word' id='word_1_70' title='bbox 458 1471 563 1527; x_wconf 90' lang='lat' dir='ltr'><strong>Sed</strong></span> <span class='ocrx_word' id='word_1_71' title='bbox 592 1472 660 1527; x_wconf 82' lang='lat' dir='ltr'><strong>ab</strong></span> <span class='ocrx_word' id='word_1_72' title='bbox 686 1470 939 1528; x_wconf 73' lang='lat' dir='ltr'><strong>Ecclesia:</strong></span> <span class='ocrx_word' id='word_1_73' title='bbox 966 1474 1259 1530; x_wconf 84' lang='lat' dir='ltr'><strong>visceribus</strong></span> <span class='ocrx_word' id='word_1_74' title='bbox 1287 1474 1509 1539; x_wconf 90' lang='lat' dir='ltr'><strong>divisus,</strong></span> <span class='ocrx_word' id='word_1_75' title='bbox 1553 1482 1610 1529; x_wconf 90' lang='lat' dir='ltr'><strong>et</strong></span> <span class='ocrx_word' id='word_1_76' title='bbox 1636 1473 1703 1528; x_wconf 88' lang='lat' dir='ltr'><strong>ab</strong></span> <span class='ocrx_word' id='word_1_77' title='bbox 1732 1471 2045 1543; x_wconf 81' lang='lat' dir='ltr'><strong>apostolicis</strong></span> 
     </span>
    </p>
   </div>
   <div class='ocr_carea' id='block_1_17' title="bbox 458 1563 2045 1637">
    <p class='ocr_par' dir='ltr' id='par_1_17' title="bbox 458 1563 2045 1637">
     <span class='ocr_line' id='line_1_17' title="bbox 458 1563 2045 1637; baseline 0.001 -20"><span class='ocrx_word' id='word_1_78' title='bbox 458 1563 674 1618; x_wconf 86' lang='lat' dir='ltr'><strong>sedibus</strong></span> <span class='ocrx_word' id='word_1_79' title='bbox 711 1574 993 1637; x_wconf 88' lang='lat' dir='ltr'><strong>separatus</strong></span> <span class='ocrx_word' id='word_1_80' title='bbox 1021 1574 1267 1623; x_wconf 82' lang='lat' dir='ltr'><strong>exsecrat</strong></span> <span class='ocrx_word' id='word_1_81' title='bbox 1295 1567 1411 1637; x_wconf 89' lang='lat' dir='ltr'><strong>ipse</strong></span> <span class='ocrx_word' id='word_1_82' title='bbox 1452 1566 1651 1636; x_wconf 86' lang='lat' dir='ltr'><strong>potius,</strong></span> <span class='ocrx_word' id='word_1_83' title='bbox 1696 1574 1754 1620; x_wconf 92' lang='lat' dir='ltr'><strong>et</strong></span> <span class='ocrx_word' id='word_1_84' title='bbox 1779 1581 1886 1619; x_wconf 93' lang='lat' dir='ltr'><strong>non</strong></span> <span class='ocrx_word' id='word_1_85' title='bbox 1912 1579 2045 1619; x_wconf 85' lang='lat' dir='ltr'><strong>con-</strong></span> 
     </span>
    </p>
   </div>
   <div class='ocr_carea' id='block_1_18' title="bbox 457 1653 2046 1726">
    <p class='ocr_par' dir='ltr' id='par_1_18' title="bbox 457 1653 2046 1726">
     <span class='ocr_line' id='line_1_18' title="bbox 457 1653 2046 1726; baseline -0.001 -16"><span class='ocrx_word' id='word_1_86' title='bbox 457 1663 651 1721; x_wconf 64' lang='grc' dir='ltr'><strong>εδει-αι.</strong></span> <span class='ocrx_word' id='word_1_87' title='bbox 679 1653 807 1711; x_wconf 72' lang='lat' dir='ltr'><strong>iure</strong></span> <span class='ocrx_word' id='word_1_88' title='bbox 832 1671 959 1726; x_wconf 89' lang='lat' dir='ltr'><strong>ergo</strong></span> <span class='ocrx_word' id='word_1_89' title='bbox 980 1666 1290 1714; x_wconf 78' lang='lat' dir='ltr'><strong>exsecratus</strong></span> <span class='ocrx_word' id='word_1_90' title='bbox 1315 1665 1542 1719; x_wconf 90' lang='lat' dir='ltr'><strong>tantum,</strong></span> <span class='ocrx_word' id='word_1_91' title='bbox 1568 1672 1673 1710; x_wconf 92' lang='lat' dir='ltr'><strong>non</strong></span> <span class='ocrx_word' id='word_1_92' title='bbox 1698 1660 2046 1711; x_wconf 83' lang='lat' dir='ltr'><strong>consecratus</strong></span> 
     </span>
    </p>
   </div>
   <div class='ocr_carea' id='block_1_19' title="bbox 457 1744 2045 1816">
    <p class='ocr_par' dir='ltr' id='par_1_19' title="bbox 457 1744 2045 1816">
     <span class='ocr_line' id='line_1_19' title="bbox 457 1744 2045 1816; baseline -0.002 -15"><span class='ocrx_word' id='word_1_93' title='bbox 457 1747 657 1816; x_wconf 86' lang='lat' dir='ltr'><strong>poterit</strong></span> <span class='ocrx_word' id='word_1_94' title='bbox 684 1744 812 1812; x_wconf 89' lang='lat' dir='ltr'><strong>dici,</strong></span> <span class='ocrx_word' id='word_1_95' title='bbox 860 1762 1020 1816; x_wconf 89' lang='lat' dir='ltr'><strong>quem</strong></span> <span class='ocrx_word' id='word_1_96' title='bbox 1050 1748 1209 1804; x_wconf 88' lang='lat' dir='ltr'><strong>simul</strong></span> <span class='ocrx_word' id='word_1_97' title='bbox 1238 1763 1454 1804; x_wconf 75' lang='lat' dir='ltr'><strong>sacrare</strong></span> <span class='ocrx_word' id='word_1_98' title='bbox 1500 1748 1554 1802; x_wconf 91' lang='lat' dir='ltr'><strong>in</strong></span> <span class='ocrx_word' id='word_1_99' title='bbox 1584 1748 1790 1802; x_wconf 89' lang='lat' dir='ltr'><strong>unitate</strong></span> <span class='ocrx_word' id='word_1_100' title='bbox 1817 1745 2045 1814; x_wconf 88' lang='lat' dir='ltr'><strong>conjun-</strong></span> 
     </span>
    </p>
   </div>
   <div class='ocr_carea' id='block_1_20' title="bbox 457 1838 2044 1909">
    <p class='ocr_par' dir='ltr' id='par_1_20' title="bbox 457 1838 2044 1909">
     <span class='ocr_line' id='line_1_20' title="bbox 457 1838 2044 1909; baseline 0.001 -18"><span class='ocrx_word' id='word_1_101' title='bbox 457 1838 557 1894; x_wconf 90' lang='lat' dir='ltr'><strong>ctis</strong></span> <span class='ocrx_word' id='word_1_102' title='bbox 604 1838 859 1894; x_wconf 89' lang='lat' dir='ltr'><strong>membris</strong></span> <span class='ocrx_word' id='word_1_103' title='bbox 900 1856 1010 1894; x_wconf 90' lang='lat' dir='ltr'><strong>non</strong></span> <span class='ocrx_word' id='word_1_104' title='bbox 1053 1840 1300 1909; x_wconf 79' lang='lat' dir='ltr'><strong>agnoscit</strong></span> <span class='ocrx_word' id='word_1_105' title='bbox 1340 1838 1602 1895; x_wconf 84' lang='lat' dir='ltr'><strong>Ecclesia.</strong></span> <span class='ocrx_word' id='word_1_106' title='bbox 1643 1838 1933 1894; x_wconf 80' lang='lat' dir='ltr'><strong>Videamus</strong></span> <span class='ocrx_word' id='word_1_107' title='bbox 1963 1845 2044 1892; x_wconf 89' lang='lat' dir='ltr'><strong>ta-</strong></span> 
     </span>
    </p>
   </div>
   <div class='ocr_carea' id='block_1_21' title="bbox 456 1931 2043 2003">
    <p class='ocr_par' dir='ltr' id='par_1_21' title="bbox 456 1931 2043 2003">
     <span class='ocr_line' id='line_1_21' title="bbox 456 1931 2043 2003; baseline 0.002 -20"><span class='ocrx_word' id='word_1_108' title='bbox 456 1944 581 1984; x_wconf 89' lang='lat' dir='ltr'><strong>men</strong></span> <span class='ocrx_word' id='word_1_109' title='bbox 611 1938 789 1984; x_wconf 92' lang='lat' dir='ltr'><strong>utrum</strong></span> <span class='ocrx_word' id='word_1_110' title='bbox 835 1932 919 1986; x_wconf 88' lang='lat' dir='ltr'><strong>vel</strong></span> <span class='ocrx_word' id='word_1_111' title='bbox 968 1932 1206 2003; x_wconf 87' lang='lat' dir='ltr'><strong>ipsarum</strong></span> <span class='ocrx_word' id='word_1_112' title='bbox 1247 1933 1697 1989; x_wconf 91' lang='lat' dir='ltr'><strong>consuetudinem</strong></span> <span class='ocrx_word' id='word_1_113' title='bbox 1725 1933 1958 2003; x_wconf 89' lang='lat' dir='ltr'><strong>partium</strong></span> <span class='ocrx_word' id='word_1_114' title='bbox 1987 1931 2043 1987; x_wconf 88' lang='lat' dir='ltr'><strong>in</strong></span> 
     </span>
    </p>
   </div>
   <div class='ocr_carea' id='block_1_22' title="bbox 456 2021 2042 2094">
    <p class='ocr_par' dir='ltr' id='par_1_22' title="bbox 456 2021 2042 2094">
     <span class='ocr_line' id='line_1_22' title="bbox 456 2021 2042 2094; baseline -0.001 -18"><span class='ocrx_word' id='word_1_115' title='bbox 456 2035 550 2076; x_wconf 87' lang='lat' dir='ltr'><strong>sua</strong></span> <span class='ocrx_word' id='word_1_116' title='bbox 583 2021 923 2079; x_wconf 88' lang='lat' dir='ltr'><strong>ordinatione</strong></span> <span class='ocrx_word' id='word_1_117' title='bbox 951 2026 1410 2080; x_wconf 89' lang='lat' dir='ltr'><strong>conservaverint.</strong></span> <span class='ocrx_word' id='word_1_118' title='bbox 1457 2024 1660 2094; x_wconf 86' lang='lat' dir='ltr'><strong>Nempe</strong></span> <span class='ocrx_word' id='word_1_119' title='bbox 1689 2024 1733 2078; x_wconf 90' lang='lat' dir='ltr'><strong>is</strong></span> <span class='ocrx_word' id='word_1_120' title='bbox 1755 2038 1875 2079; x_wconf 90' lang='lat' dir='ltr'><strong>mos</strong></span> <span class='ocrx_word' id='word_1_121' title='bbox 1902 2022 2042 2076; x_wconf 80' lang='lat' dir='ltr'><strong>anti—</strong></span> 
     </span>
    </p>
   </div>
   <div class='ocr_carea' id='block_1_23' title="bbox 456 2114 2041 2187">
    <p class='ocr_par' dir='ltr' id='par_1_23' title="bbox 456 2114 2041 2187">
     <span class='ocr_line' id='line_1_23' title="bbox 456 2114 2041 2187; baseline 0 -19"><span class='ocrx_word' id='word_1_122' title='bbox 456 2128 594 2182; x_wconf 89' lang='lat' dir='ltr'><strong>quus</strong></span> <span class='ocrx_word' id='word_1_123' title='bbox 638 2114 756 2181; x_wconf 80' lang='lat' dir='ltr'><strong>fuit,</strong></span> <span class='ocrx_word' id='word_1_124' title='bbox 807 2125 866 2170; x_wconf 87' lang='lat' dir='ltr'><strong>ut</strong></span> <span class='ocrx_word' id='word_1_125' title='bbox 893 2117 1017 2186; x_wconf 88' lang='lat' dir='ltr'><strong>quia</strong></span> <span class='ocrx_word' id='word_1_126' title='bbox 1048 2133 1148 2187; x_wconf 92' lang='lat' dir='ltr'><strong>pro</strong></span> <span class='ocrx_word' id='word_1_127' title='bbox 1187 2117 1581 2186; x_wconf 80' lang='lat' dir='ltr'><strong>longinquitate</strong></span> <span class='ocrx_word' id='word_1_128' title='bbox 1608 2116 1695 2170; x_wconf 88' lang='lat' dir='ltr'><strong>vel</strong></span> <span class='ocrx_word' id='word_1_129' title='bbox 1723 2114 2041 2170; x_wconf 75' lang='lat' dir='ltr'><strong>difficultate</strong></span> 
     </span>
    </p>
   </div>
   <div class='ocr_carea' id='block_1_24' title="bbox 2065 827 3744 911">
    <p class='ocr_par' dir='ltr' id='par_1_24' title="bbox 2065 827 3744 911">
     <span class='ocr_line' id='line_1_24' title="bbox 2065 827 3744 911; baseline 0.011 -30"><span class='ocrx_word' id='word_1_130' title='bbox 2065 831 2117 891; x_wconf 75' lang='grc' dir='ltr'><strong>Α</strong></span> <span class='ocrx_word' id='word_1_131' title='bbox 2146 827 2296 885; x_wconf 85' lang='lat' dir='ltr'><strong>Idem</strong></span> <span class='ocrx_word' id='word_1_132' title='bbox 2325 830 2575 904; x_wconf 79' lang='lat' dir='ltr'><strong>Pelagius</strong></span> <span class='ocrx_word' id='word_1_133' title='bbox 2612 832 2814 891; x_wconf 75' lang='lat' dir='ltr'><strong>Victori</strong></span> <span class='ocrx_word' id='word_1_134' title='bbox 2840 844 2893 890; x_wconf 78' lang='lat' dir='ltr'><strong>et</strong></span> <span class='ocrx_word' id='word_1_135' title='bbox 2930 836 3216 895; x_wconf 78' lang='lat' dir='ltr'><strong>Pancratio</strong></span> <span class='ocrx_word' id='word_1_136' title='bbox 3254 838 3575 911; x_wconf 66' lang='lat' dir='ltr'><strong>illustribus,</strong></span> <span class='ocrx_word' id='word_1_137' title='bbox 3607 843 3744 900; x_wconf 72' lang='lat' dir='ltr'><strong>inter</strong></span> 
     </span>
    </p>
   </div>
   <div class='ocr_carea' id='block_1_25' title="bbox 2834 916 3047 963">
    <p class='ocr_par' dir='ltr' id='par_1_25' title="bbox 2834 916 3047 963">
     <span class='ocr_line' id='line_1_25' title="bbox 2834 916 3047 963; baseline 0.019 -4"><span class='ocrx_word' id='word_1_138' title='bbox 2834 916 3047 963; x_wconf 77' lang='lat' dir='ltr'><strong>cwtera.</strong></span> 
     </span>
    </p>
   </div>
   <div class='ocr_carea' id='block_1_26' title="bbox 2216 1010 3743 1090">
    <p class='ocr_par' dir='ltr' id='par_1_26' title="bbox 2216 1010 3743 1090">
     <span class='ocr_line' id='line_1_26' title="bbox 2216 1010 3743 1090; baseline 0.011 -25"><span class='ocrx_word' id='word_1_139' title='bbox 2216 1010 2262 1065; x_wconf 84' lang='lat' dir='ltr'><strong>A</strong></span> <span class='ocrx_word' id='word_1_140' title='bbox 2299 1012 2765 1069; x_wconf 82' lang='lat' dir='ltr'><strong>scliismatieorum</strong></span> <span class='ocrx_word' id='word_1_141' title='bbox 2788 1016 3086 1083; x_wconf 82' lang='lat' dir='ltr'><strong>sacriﬁciis,</strong></span> <span class='ocrx_word' id='word_1_142' title='bbox 3111 1021 3288 1090; x_wconf 85' lang='lat' dir='ltr'><strong>potius</strong></span> <span class='ocrx_word' id='word_1_143' title='bbox 3313 1030 3495 1079; x_wconf 88' lang='lat' dir='ltr'><strong>autem</strong></span> <span class='ocrx_word' id='word_1_144' title='bbox 3521 1026 3743 1081; x_wconf 85' lang='lat' dir='ltr'><strong>sacrile-</strong></span> 
     </span>
    </p>
   </div>
   <div class='ocr_carea' id='block_1_27' title="bbox 2145 1104 3748 1189">
    <p class='ocr_par' dir='ltr' id='par_1_27' title="bbox 2145 1104 3748 1189">
     <span class='ocr_line' id='line_1_27' title="bbox 2145 1104 3748 1189; baseline 0.011 -31"><span class='ocrx_word' id='word_1_145' title='bbox 2145 1104 2245 1171; x_wconf 83' lang='lat' dir='ltr'><strong>giis</strong></span> <span class='ocrx_word' id='word_1_146' title='bbox 2273 1106 2543 1162; x_wconf 88' lang='lat' dir='ltr'><strong>abstinere</strong></span> <span class='ocrx_word' id='word_1_147' title='bbox 2558 1108 2788 1165; x_wconf 78' lang='lat' dir='ltr'><strong>debetis.</strong></span> <span class='ocrx_word' id='word_1_148' title='bbox 2820 1108 3063 1167; x_wconf 88' lang='lat' dir='ltr'><strong>Schisma</strong></span> <span class='ocrx_word' id='word_1_149' title='bbox 3086 1113 3350 1183; x_wconf 82' lang='lat' dir='ltr'><strong>siquidem</strong></span> <span class='ocrx_word' id='word_1_150' title='bbox 3378 1117 3573 1189; x_wconf 87' lang='lat' dir='ltr'><strong>ipsum,</strong></span> <span class='ocrx_word' id='word_1_151' title='bbox 3596 1120 3748 1189; x_wconf 84' lang='lat' dir='ltr'><strong>quod</strong></span> 
     </span>
    </p>
   </div>
   <div class='ocr_carea' id='block_1_28' title="bbox 2146 1195 3751 1269">
    <p class='ocr_par' dir='ltr' id='par_1_28' title="bbox 2146 1195 3751 1269">
     <span class='ocr_line' id='line_1_28' title="bbox 2146 1195 3751 1269; baseline 0.012 -20"><span class='ocrx_word' id='word_1_152' title='bbox 2146 1195 2391 1250; x_wconf 68' lang='lat' dir='ltr'><strong>Graecum</strong></span> <span class='ocrx_word' id='word_1_153' title='bbox 2421 1214 2621 1253; x_wconf 90' lang='lat' dir='ltr'><strong>nomen</strong></span> <span class='ocrx_word' id='word_1_154' title='bbox 2644 1207 2760 1269; x_wconf 89' lang='lat' dir='ltr'><strong>est,</strong></span> <span class='ocrx_word' id='word_1_155' title='bbox 2791 1201 3081 1258; x_wconf 84' lang='lat' dir='ltr'><strong>scissuram</strong></span> <span class='ocrx_word' id='word_1_156' title='bbox 3115 1213 3296 1262; x_wconf 91' lang='lat' dir='ltr'><strong>sonat.</strong></span> <span class='ocrx_word' id='word_1_157' title='bbox 3323 1205 3429 1263; x_wconf 89' lang='lat' dir='ltr'><strong>Sed</strong></span> <span class='ocrx_word' id='word_1_158' title='bbox 3450 1208 3505 1264; x_wconf 89' lang='lat' dir='ltr'><strong>in</strong></span> <span class='ocrx_word' id='word_1_159' title='bbox 3536 1211 3751 1269; x_wconf 74' lang='lat' dir='ltr'><strong>unitate</strong></span> 
     </span>
    </p>
   </div>
   <div class='ocr_carea' id='block_1_29' title="bbox 2145 1287 3743 1364">
    <p class='ocr_par' dir='ltr' id='par_1_29' title="bbox 2145 1287 3743 1364">
     <span class='ocr_line' id='line_1_29' title="bbox 2145 1287 3743 1364; baseline 0.008 -21"><span class='ocrx_word' id='word_1_160' title='bbox 2145 1287 2376 1343; x_wconf 87' lang='lat' dir='ltr'><strong>scissura</strong></span> <span class='ocrx_word' id='word_1_161' title='bbox 2404 1305 2525 1345; x_wconf 91' lang='lat' dir='ltr'><strong>esse</strong></span> <span class='ocrx_word' id='word_1_162' title='bbox 2567 1305 2675 1345; x_wconf 91' lang='lat' dir='ltr'><strong>non</strong></span> <span class='ocrx_word' id='word_1_163' title='bbox 2703 1300 2905 1361; x_wconf 88' lang='lat' dir='ltr'><strong>potest.</strong></span> <span class='ocrx_word' id='word_1_164' title='bbox 2934 1292 3053 1349; x_wconf 83' lang='lat' dir='ltr'><strong>Non</strong></span> <span class='ocrx_word' id='word_1_165' title='bbox 3092 1309 3223 1364; x_wconf 88' lang='lat' dir='ltr'><strong>ergo</strong></span> <span class='ocrx_word' id='word_1_166' title='bbox 3251 1299 3446 1354; x_wconf 87' lang='lat' dir='ltr'><strong>unitati</strong></span> <span class='ocrx_word' id='word_1_167' title='bbox 3488 1315 3743 1357; x_wconf 85' lang='lat' dir='ltr'><strong>commu-</strong></span> 
     </span>
    </p>
   </div>
   <div class='ocr_carea' id='block_1_30' title="bbox 2147 1378 3743 1449">
    <p class='ocr_par' dir='ltr' id='par_1_30' title="bbox 2147 1378 3743 1449">
     <span class='ocr_line' id='line_1_30' title="bbox 2147 1378 3743 1449; baseline 0.009 -16"><span class='ocrx_word' id='word_1_168' title='bbox 2147 1378 2330 1434; x_wconf 86' lang='lat' dir='ltr'><strong>nicant</strong></span> <span class='ocrx_word' id='word_1_169' title='bbox 2374 1381 2463 1449; x_wconf 91' lang='lat' dir='ltr'><strong>qui</strong></span> <span class='ocrx_word' id='word_1_170' title='bbox 2517 1382 2877 1440; x_wconf 89' lang='lat' dir='ltr'><strong>schismaticis</strong></span> <span class='ocrx_word' id='word_1_171' title='bbox 2921 1386 3348 1443; x_wconf 90' lang='lat' dir='ltr'><strong>communicant.</strong></span> <span class='ocrx_word' id='word_1_172' title='bbox 3392 1388 3585 1447; x_wconf 84' lang='lat' dir='ltr'><strong>Partes</strong></span> <span class='ocrx_word' id='word_1_173' title='bbox 3637 1393 3743 1449; x_wconf 83' lang='lat' dir='ltr'><strong>sibi</strong></span> 
     </span>
    </p>
   </div>
   <div class='ocr_carea' id='block_1_31' title="bbox 2146 1468 3751 1553">
    <p class='ocr_par' dir='ltr' id='par_1_31' title="bbox 2146 1468 3751 1553">
     <span class='ocr_line' id='line_1_31' title="bbox 2146 1468 3751 1553; baseline 0.01 -30"><span class='ocrx_word' id='word_1_174' title='bbox 2146 1469 2248 1540; x_wconf 90' lang='lat' dir='ltr'><strong>ipsi</strong></span> <span class='ocrx_word' id='word_1_175' title='bbox 2272 1468 2535 1538; x_wconf 78' lang='lat' dir='ltr'><strong>iecerunt,</strong></span> <span class='ocrx_word' id='word_1_176' title='bbox 2565 1480 2620 1527; x_wconf 89' lang='lat' dir='ltr'><strong>et</strong></span> <span class='ocrx_word' id='word_1_177' title='bbox 2648 1475 2716 1529; x_wconf 89' lang='lat' dir='ltr'><strong>ab</strong></span> <span class='ocrx_word' id='word_1_178' title='bbox 2754 1489 2821 1530; x_wconf 92' lang='lat' dir='ltr'><strong>eo</strong></span> <span class='ocrx_word' id='word_1_179' title='bbox 2859 1476 3004 1546; x_wconf 89' lang='lat' dir='ltr'><strong>quod</strong></span> <span class='ocrx_word' id='word_1_180' title='bbox 3043 1493 3208 1533; x_wconf 82' lang='lat' dir='ltr'><strong>unum</strong></span> <span class='ocrx_word' id='word_1_181' title='bbox 3248 1488 3363 1546; x_wconf 89' lang='lat' dir='ltr'><strong>est,</strong></span> <span class='ocrx_word' id='word_1_182' title='bbox 3405 1487 3464 1535; x_wconf 92' lang='lat' dir='ltr'><strong>ut</strong></span> <span class='ocrx_word' id='word_1_183' title='bbox 3506 1483 3751 1553; x_wconf 72' lang='lat' dir='ltr'><strong>apostoli</strong></span> 
     </span>
    </p>
   </div>
   <div class='ocr_carea' id='block_1_32' title="bbox 2144 1560 3743 1644">
    <p class='ocr_par' dir='ltr' id='par_1_32' title="bbox 2144 1560 3743 1644">
     <span class='ocr_line' id='line_1_32' title="bbox 2144 1560 3743 1644; baseline 0.008 -28"><span class='ocrx_word' id='word_1_184' title='bbox 2144 1560 2311 1617; x_wconf 69' lang='lat' dir='ltr'><strong>Judaei</strong></span> <span class='ocrx_word' id='word_1_185' title='bbox 2336 1562 2447 1631; x_wconf 88' lang='lat' dir='ltr'><strong>jam</strong></span> <span class='ocrx_word' id='word_1_186' title='bbox 2471 1564 2650 1620; x_wconf 87' lang='lat' dir='ltr'><strong>verbis</strong></span> <span class='ocrx_word' id='word_1_187' title='bbox 2671 1566 2885 1635; x_wconf 88' lang='lat' dir='ltr'><strong>loquar,</strong></span> <span class='ocrx_word' id='word_1_188' title='bbox 2904 1570 3204 1639; x_wconf 76' lang='lat' dir='ltr'><strong>semetipsos</strong></span> <span class='ocrx_word' id='word_1_189' title='bbox 3227 1580 3561 1644; x_wconf 71' lang='lat' dir='ltr'><strong>segregatim</strong></span> <span class='ocrx_word' id='word_1_190' title='bbox 3577 1614 3595 1639; x_wconf 96' lang='lat'><strong>,</strong></span> <span class='ocrx_word' id='word_1_191' title='bbox 3626 1576 3743 1644; x_wconf 80' lang='lat' dir='ltr'><strong>spi-</strong></span> 
     </span>
    </p>
   </div>
   <div class='ocr_carea' id='block_1_33' title="bbox 2144 1655 3745 1728">
    <p class='ocr_par' dir='ltr' id='par_1_33' title="bbox 2144 1655 3745 1728">
     <span class='ocr_line' id='line_1_33' title="bbox 2144 1655 3745 1728; baseline 0.008 -21"><span class='ocrx_word' id='word_1_192' title='bbox 2144 1655 2300 1707; x_wconf 84' lang='lat' dir='ltr'><strong>ritum</strong></span> <span class='ocrx_word' id='word_1_193' title='bbox 2328 1672 2433 1709; x_wconf 89' lang='lat' dir='ltr'><strong>non</strong></span> <span class='ocrx_word' id='word_1_194' title='bbox 2455 1655 2645 1709; x_wconf 73' lang='lat' dir='ltr'><strong>habent</strong></span> <span class='ocrx_word' id='word_1_195' title='bbox 2675 1655 2724 1726; x_wconf 79' lang='grc'><strong>(1</strong></span> <span class='ocrx_word' id='word_1_196' title='bbox 2733 1656 2848 1725; x_wconf 90' lang='lat' dir='ltr'><strong>ud.,</strong></span> <span class='ocrx_word' id='word_1_197' title='bbox 2865 1657 2943 1728; x_wconf 87' lang='lat'><strong>9).</strong></span> <span class='ocrx_word' id='word_1_198' title='bbox 2971 1658 3175 1726; x_wconf 82' lang='lat' dir='ltr'><strong>Quibus</strong></span> <span class='ocrx_word' id='word_1_199' title='bbox 3194 1661 3444 1717; x_wconf 88' lang='lat' dir='ltr'><strong>omnibus</strong></span> <span class='ocrx_word' id='word_1_200' title='bbox 3467 1663 3603 1719; x_wconf 82' lang='lat' dir='ltr'><strong>illud</strong></span> <span class='ocrx_word' id='word_1_201' title='bbox 3622 1664 3745 1720; x_wconf 75' lang='lat' dir='ltr'><strong>eili-</strong></span> 
     </span>
    </p>
   </div>
   <div class='ocr_carea' id='block_1_34' title="bbox 2147 1746 3743 1825">
    <p class='ocr_par' dir='ltr' id='par_1_34' title="bbox 2147 1746 3743 1825">
     <span class='ocr_line' id='line_1_34' title="bbox 2147 1746 3743 1825; baseline 0.006 -23"><span class='ocrx_word' id='word_1_202' title='bbox 2147 1746 2308 1813; x_wconf 92' lang='lat' dir='ltr'><strong>citur,</strong></span> <span class='ocrx_word' id='word_1_203' title='bbox 2342 1755 2403 1802; x_wconf 89' lang='lat' dir='ltr'><strong>ut</strong></span> <span class='ocrx_word' id='word_1_204' title='bbox 2428 1747 2554 1817; x_wconf 90' lang='lat' dir='ltr'><strong>quia</strong></span> <span class='ocrx_word' id='word_1_205' title='bbox 2574 1748 2631 1802; x_wconf 92' lang='lat' dir='ltr'><strong>in</strong></span> <span class='ocrx_word' id='word_1_206' title='bbox 2660 1749 2895 1805; x_wconf 80' lang='lat' dir='ltr'><strong>unitates</strong></span> <span class='ocrx_word' id='word_1_207' title='bbox 2917 1766 3081 1806; x_wconf 87' lang='lat' dir='ltr'><strong>unum</strong></span> <span class='ocrx_word' id='word_1_208' title='bbox 3124 1767 3232 1807; x_wconf 90' lang='lat' dir='ltr'><strong>non</strong></span> <span class='ocrx_word' id='word_1_209' title='bbox 3260 1760 3407 1820; x_wconf 86' lang='lat' dir='ltr'><strong>sunt,</strong></span> <span class='ocrx_word' id='word_1_210' title='bbox 3440 1762 3499 1809; x_wconf 92' lang='lat' dir='ltr'><strong>ut</strong></span> <span class='ocrx_word' id='word_1_211' title='bbox 3519 1755 3649 1825; x_wconf 85' lang='lat' dir='ltr'><strong>quia</strong></span> <span class='ocrx_word' id='word_1_212' title='bbox 3685 1756 3743 1811; x_wconf 89' lang='lat' dir='ltr'><strong>in</strong></span> 
     </span>
    </p>
   </div>
   <div class='ocr_carea' id='block_1_35' title="bbox 2144 1842 3742 1915">
    <p class='ocr_par' dir='ltr' id='par_1_35' title="bbox 2144 1842 3742 1915">
     <span class='ocr_line' id='line_1_35' title="bbox 2144 1842 3742 1915; baseline 0.004 -18"><span class='ocrx_word' id='word_1_213' title='bbox 2144 1851 2299 1913; x_wconf 89' lang='lat' dir='ltr'><strong>parte</strong></span> <span class='ocrx_word' id='word_1_214' title='bbox 2324 1858 2445 1899; x_wconf 89' lang='lat' dir='ltr'><strong>esse</strong></span> <span class='ocrx_word' id='word_1_215' title='bbox 2489 1842 2804 1909; x_wconf 90' lang='lat' dir='ltr'><strong>voluerunt,</strong></span> <span class='ocrx_word' id='word_1_216' title='bbox 2827 1852 2888 1899; x_wconf 92' lang='lat' dir='ltr'><strong>ut</strong></span> <span class='ocrx_word' id='word_1_217' title='bbox 2923 1845 3049 1914; x_wconf 89' lang='lat' dir='ltr'><strong>quia</strong></span> <span class='ocrx_word' id='word_1_218' title='bbox 3088 1844 3348 1915; x_wconf 81' lang='lat' dir='ltr'><strong>Spiritum</strong></span> <span class='ocrx_word' id='word_1_219' title='bbox 3387 1862 3505 1903; x_wconf 84' lang='lat' dir='ltr'><strong>non.</strong></span> <span class='ocrx_word' id='word_1_220' title='bbox 3535 1847 3742 1904; x_wconf 79' lang='lat' dir='ltr'><strong>habent</strong></span> 
     </span>
    </p>
   </div>
   <div class='ocr_carea' id='block_1_36' title="bbox 2145 1933 3753 2008">
    <p class='ocr_par' dir='ltr' id='par_1_36' title="bbox 2145 1933 3753 2008">
     <span class='ocr_line' id='line_1_36' title="bbox 2145 1933 3753 2008; baseline 0.002 -18"><span class='ocrx_word' id='word_1_221' title='bbox 2145 1933 2388 2003; x_wconf 86' lang='lat' dir='ltr'><strong>corporis</strong></span> <span class='ocrx_word' id='word_1_222' title='bbox 2414 1933 2641 2003; x_wconf 82' lang='lat' dir='ltr'><strong>Christi,</strong></span> <span class='ocrx_word' id='word_1_223' title='bbox 2661 1934 2981 1991; x_wconf 70' lang='lat' dir='ltr'><strong>sacrificium</strong></span> <span class='ocrx_word' id='word_1_224' title='bbox 3004 1935 3204 1992; x_wconf 86' lang='lat' dir='ltr'><strong>habere</strong></span> <span class='ocrx_word' id='word_1_225' title='bbox 3225 1952 3329 1992; x_wconf 90' lang='lat' dir='ltr'><strong>non</strong></span> <span class='ocrx_word' id='word_1_226' title='bbox 3360 1939 3589 2008; x_wconf 83' lang='lat' dir='ltr'><strong>possint.</strong></span> <span class='ocrx_word' id='word_1_227' title='bbox 3621 1938 3753 1994; x_wconf 72' lang='lat' dir='ltr'><strong>Non</strong></span> 
     </span>
    </p>
   </div>
   <div class='ocr_carea' id='block_1_37' title="bbox 2145 2012 3747 2094">
    <p class='ocr_par' dir='ltr' id='par_1_37' title="bbox 2145 2012 3747 2094">
     <span class='ocr_line' id='line_1_37' title="bbox 2145 2012 3747 2094; baseline 0.004 -16"><span class='ocrx_word' id='word_1_228' title='bbox 2145 2032 2326 2079; x_wconf 88' lang='lat' dir='ltr'><strong>autem</strong></span> <span class='ocrx_word' id='word_1_229' title='bbox 2366 2024 2521 2080; x_wconf 90' lang='lat' dir='ltr'><strong>nobis</strong></span> <span class='ocrx_word' id='word_1_230' title='bbox 2560 2040 2707 2080; x_wconf 90' lang='lat' dir='ltr'><strong>nunc</strong></span> <span class='ocrx_word' id='word_1_231' title='bbox 2746 2025 2835 2079; x_wconf 89' lang='lat' dir='ltr'><strong>illa</strong></span> <span class='ocrx_word' id='word_1_232' title='bbox 2875 2026 3103 2094; x_wconf 67' lang='lat' dir='ltr'><strong>quaestio</strong></span> <span class='ocrx_word' id='word_1_233' title='bbox 3150 2034 3253 2093; x_wconf 87' lang='lat' dir='ltr'><strong>est,</strong></span> <span class='ocrx_word' id='word_1_234' title='bbox 3284 2036 3462 2083; x_wconf 88' lang='lat' dir='ltr'><strong>utrum</strong></span> <span class='ocrx_word' id='word_1_235' title='bbox 3497 2012 3747 2084; x_wconf 69' lang='lat' dir='ltr'><strong>tolerare</strong></span> 
     </span>
    </p>
   </div>
   <div class='ocr_carea' id='block_1_38' title="bbox 2144 2114 3747 2181">
    <p class='ocr_par' dir='ltr' id='par_1_38' title="bbox 2144 2114 3747 2181">
     <span class='ocr_line' id='line_1_38' title="bbox 2144 2114 3747 2181; baseline 0.002 -11"><span class='ocrx_word' id='word_1_236' title='bbox 2144 2115 2338 2181; x_wconf 87' lang='lat' dir='ltr'><strong>malos,</strong></span> <span class='ocrx_word' id='word_1_237' title='bbox 2366 2114 2460 2170; x_wconf 90' lang='lat' dir='ltr'><strong>sed</strong></span> <span class='ocrx_word' id='word_1_238' title='bbox 2488 2122 2665 2169; x_wconf 84' lang='lat' dir='ltr'><strong>utrum</strong></span> <span class='ocrx_word' id='word_1_239' title='bbox 2704 2114 3001 2171; x_wconf 84' lang='lat' dir='ltr'><strong>debeamus</strong></span> <span class='ocrx_word' id='word_1_240' title='bbox 3027 2115 3385 2172; x_wconf 85' lang='lat' dir='ltr'><strong>schismaticis</strong></span> <span class='ocrx_word' id='word_1_241' title='bbox 3417 2117 3639 2174; x_wconf 90' lang='lat' dir='ltr'><strong>sociari.</strong></span> <span class='ocrx_word' id='word_1_242' title='bbox 3681 2116 3747 2173; x_wconf 87' lang='lat' dir='ltr'><strong>Si</strong></span> 
     </span>
    </p>
   </div>
   <div class='ocr_carea' id='block_1_39' title="bbox 456 2204 3745 2275">
    <p class='ocr_par' dir='ltr' id='par_1_39' title="bbox 456 2204 3745 2275">
     <span class='ocr_line' id='line_1_39' title="bbox 456 2204 3745 2275; baseline 0.001 -17"><span class='ocrx_word' id='word_1_243' title='bbox 456 2204 661 2260; x_wconf 88' lang='lat' dir='ltr'><strong>itineris</strong></span> <span class='ocrx_word' id='word_1_244' title='bbox 681 2206 749 2258; x_wconf 90' lang='lat' dir='ltr'><strong>ab</strong></span> <span class='ocrx_word' id='word_1_245' title='bbox 774 2208 1079 2275; x_wconf 91' lang='lat' dir='ltr'><strong>apostolico</strong></span> <span class='ocrx_word' id='word_1_246' title='bbox 1108 2223 1400 2263; x_wconf 88' lang='lat' dir='ltr'><strong>onerosum</strong></span> <span class='ocrx_word' id='word_1_247' title='bbox 1429 2208 1534 2263; x_wconf 90' lang='lat' dir='ltr'><strong>illis</strong></span> <span class='ocrx_word' id='word_1_248' title='bbox 1564 2207 1739 2262; x_wconf 78' lang='lat' dir='ltr'><strong>fuerat</strong></span> <span class='ocrx_word' id='word_1_249' title='bbox 1773 2206 2033 2271; x_wconf 87' lang='lat' dir='ltr'><strong>ordinari,</strong></span> <span class='ocrx_word' id='word_1_250' title='bbox 2068 2209 2114 2270; x_wconf 86' lang='lat' dir='ltr'><strong>B</strong></span> <span class='ocrx_word' id='word_1_251' title='bbox 2143 2204 2306 2260; x_wconf 89' lang='lat' dir='ltr'><strong>etiam</strong></span> <span class='ocrx_word' id='word_1_252' title='bbox 2332 2204 2454 2274; x_wconf 86' lang='lat' dir='ltr'><strong>ipsi,</strong></span> <span class='ocrx_word' id='word_1_253' title='bbox 2484 2204 2611 2259; x_wconf 91' lang='lat' dir='ltr'><strong>licet</strong></span> <span class='ocrx_word' id='word_1_254' title='bbox 2636 2204 2690 2259; x_wconf 91' lang='lat' dir='ltr'><strong>in</strong></span> <span class='ocrx_word' id='word_1_255' title='bbox 2719 2221 2819 2260; x_wconf 92' lang='lat' dir='ltr'><strong>suo</strong></span> <span class='ocrx_word' id='word_1_256' title='bbox 2848 2221 3011 2260; x_wconf 90' lang='lat' dir='ltr'><strong>sensu</strong></span> <span class='ocrx_word' id='word_1_257' title='bbox 3032 2205 3394 2275; x_wconf 85' lang='lat' dir='ltr'><strong>abundantes,</strong></span> <span class='ocrx_word' id='word_1_258' title='bbox 3437 2208 3580 2263; x_wconf 88' lang='lat' dir='ltr'><strong>intra</strong></span> <span class='ocrx_word' id='word_1_259' title='bbox 3625 2222 3745 2262; x_wconf 83' lang='lat' dir='ltr'><strong>ma-</strong></span> 
     </span>
    </p>
   </div>
   <div class='ocr_carea' id='block_1_40' title="bbox 456 2296 2038 2368">
    <p class='ocr_par' dir='ltr' id='par_1_40' title="bbox 456 2296 2038 2368">
     <span class='ocr_line' id='line_1_40' title="bbox 456 2296 2038 2368; baseline 0 -17"><span class='ocrx_word' id='word_1_260' title='bbox 456 2298 557 2368; x_wconf 89' lang='lat' dir='ltr'><strong>ipsi</strong></span> <span class='ocrx_word' id='word_1_261' title='bbox 586 2313 645 2352; x_wconf 93' lang='lat' dir='ltr'><strong>se</strong></span> <span class='ocrx_word' id='word_1_262' title='bbox 688 2297 920 2353; x_wconf 89' lang='lat' dir='ltr'><strong>invicem</strong></span> <span class='ocrx_word' id='word_1_263' title='bbox 949 2298 1367 2354; x_wconf 84' lang='lat' dir='ltr'><strong>Mediolanensis</strong></span> <span class='ocrx_word' id='word_1_264' title='bbox 1396 2307 1452 2354; x_wconf 92' lang='lat' dir='ltr'><strong>et</strong></span> <span class='ocrx_word' id='word_1_265' title='bbox 1492 2297 1850 2368; x_wconf 86' lang='lat' dir='ltr'><strong>Aquileiensis</strong></span> <span class='ocrx_word' id='word_1_266' title='bbox 1886 2296 2038 2352; x_wconf 82' lang='lat' dir='ltr'><strong>ordi-</strong></span> 
     </span>
    </p>
   </div>
   <div class='ocr_carea' id='block_1_41' title="bbox 456 2388 2043 2459">
    <p class='ocr_par' dir='ltr' id='par_1_41' title="bbox 456 2388 2043 2459">
     <span class='ocr_line' id='line_1_41' title="bbox 456 2388 2043 2459; baseline 0.001 -17"><span class='ocrx_word' id='word_1_267' title='bbox 456 2403 584 2443; x_wconf 86' lang='lat' dir='ltr'><strong>nare</strong></span> <span class='ocrx_word' id='word_1_268' title='bbox 610 2388 850 2459; x_wconf 89' lang='lat' dir='ltr'><strong>episcopi</strong></span> <span class='ocrx_word' id='word_1_269' title='bbox 878 2388 1188 2445; x_wconf 88' lang='lat' dir='ltr'><strong>debuissent</strong></span> <span class='ocrx_word' id='word_1_270' title='bbox 1213 2408 1226 2443; x_wconf 92' lang='lat'><strong>:</strong></span> <span class='ocrx_word' id='word_1_271' title='bbox 1255 2390 1328 2444; x_wconf 90' lang='lat' dir='ltr'><strong>ita</strong></span> <span class='ocrx_word' id='word_1_272' title='bbox 1356 2397 1538 2444; x_wconf 91' lang='lat' dir='ltr'><strong>tamen</strong></span> <span class='ocrx_word' id='word_1_273' title='bbox 1567 2398 1626 2444; x_wconf 90' lang='lat' dir='ltr'><strong>ut</strong></span> <span class='ocrx_word' id='word_1_274' title='bbox 1650 2388 1702 2445; x_wconf 92' lang='lat' dir='ltr'><strong>in</strong></span> <span class='ocrx_word' id='word_1_275' title='bbox 1732 2403 1796 2444; x_wconf 89' lang='lat' dir='ltr'><strong>ea</strong></span> <span class='ocrx_word' id='word_1_276' title='bbox 1823 2388 2043 2445; x_wconf 88' lang='lat' dir='ltr'><strong>civitate</strong></span> 
     </span>
    </p>
   </div>
   <div class='ocr_carea' id='block_1_42' title="bbox 454 2478 2042 2552">
    <p class='ocr_par' dir='ltr' id='par_1_42' title="bbox 454 2478 2042 2552">
     <span class='ocr_line' id='line_1_42' title="bbox 454 2478 2042 2552; baseline -0.002 -17"><span class='ocrx_word' id='word_1_277' title='bbox 454 2496 505 2535; x_wconf 86' lang='lat' dir='ltr'><strong>tn</strong></span> <span class='ocrx_word' id='word_1_278' title='bbox 533 2494 638 2549; x_wconf 88' lang='lat' dir='ltr'><strong>qua</strong></span> <span class='ocrx_word' id='word_1_279' title='bbox 670 2489 787 2534; x_wconf 90' lang='lat' dir='ltr'><strong>erat</strong></span> <span class='ocrx_word' id='word_1_280' title='bbox 812 2480 1143 2536; x_wconf 86' lang='lat' dir='ltr'><strong>ordinandus</strong></span> <span class='ocrx_word' id='word_1_281' title='bbox 1186 2482 1496 2552; x_wconf 92' lang='lat' dir='ltr'><strong>episcopus,</strong></span> <span class='ocrx_word' id='word_1_282' title='bbox 1538 2479 1761 2535; x_wconf 88' lang='lat' dir='ltr'><strong>alterius</strong></span> <span class='ocrx_word' id='word_1_283' title='bbox 1807 2478 2042 2534; x_wconf 91' lang='lat' dir='ltr'><strong>civitatis</strong></span> 
     </span>
    </p>
   </div>
   <div class='ocr_carea' id='block_1_43' title="bbox 453 2569 2043 2643">
    <p class='ocr_par' dir='ltr' id='par_1_43' title="bbox 453 2569 2043 2643">
     <span class='ocr_line' id='line_1_43' title="bbox 453 2569 2043 2643; baseline -0.001 -16"><span class='ocrx_word' id='word_1_284' title='bbox 453 2570 693 2643; x_wconf 79' lang='lat' dir='ltr'><strong>pontifex</strong></span> <span class='ocrx_word' id='word_1_285' title='bbox 717 2586 1004 2628; x_wconf 90' lang='lat' dir='ltr'><strong>occurrere</strong></span> <span class='ocrx_word' id='word_1_286' title='bbox 1030 2572 1307 2627; x_wconf 89' lang='lat' dir='ltr'><strong>debuisset</strong></span> <span class='ocrx_word' id='word_1_287' title='bbox 1332 2590 1347 2639; x_wconf 88' lang='lat'><strong>;</strong></span> <span class='ocrx_word' id='word_1_288' title='bbox 1376 2581 1435 2627; x_wconf 91' lang='lat' dir='ltr'><strong>ut</strong></span> <span class='ocrx_word' id='word_1_289' title='bbox 1463 2579 1520 2627; x_wconf 90' lang='lat' dir='ltr'><strong>et</strong></span> <span class='ocrx_word' id='word_1_290' title='bbox 1543 2569 1828 2626; x_wconf 86' lang='lat' dir='ltr'><strong>ordinandi</strong></span> <span class='ocrx_word' id='word_1_291' title='bbox 1849 2569 2043 2626; x_wconf 87' lang='lat' dir='ltr'><strong>electio</strong></span> 
     </span>
    </p>
   </div>
   <div class='ocr_carea' id='block_1_44' title="bbox 453 2662 2045 2734">
    <p class='ocr_par' dir='ltr' id='par_1_44' title="bbox 453 2662 2045 2734">
     <span class='ocr_line' id='line_1_44' title="bbox 453 2662 2045 2734; baseline 0 -16"><span class='ocrx_word' id='word_1_292' title='bbox 453 2680 482 2718; x_wconf 91' lang='lat' dir='ltr'><strong>a</strong></span> <span class='ocrx_word' id='word_1_293' title='bbox 512 2665 765 2734; x_wconf 63' lang='lat' dir='ltr'><strong>praesenti</strong></span> <span class='ocrx_word' id='word_1_294' title='bbox 809 2664 1139 2729; x_wconf 91' lang='lat' dir='ltr'><strong>ordinatore,</strong></span> <span class='ocrx_word' id='word_1_295' title='bbox 1187 2680 1256 2720; x_wconf 83' lang='lat' dir='ltr'><strong>ex</strong></span> <span class='ocrx_word' id='word_1_296' title='bbox 1279 2680 1545 2720; x_wconf 90' lang='lat' dir='ltr'><strong>consensu</strong></span> <span class='ocrx_word' id='word_1_297' title='bbox 1590 2664 1910 2719; x_wconf 87' lang='lat' dir='ltr'><strong>universalis</strong></span> <span class='ocrx_word' id='word_1_298' title='bbox 1956 2662 2045 2718; x_wconf 90' lang='lat' dir='ltr'><strong>cui</strong></span> 
     </span>
    </p>
   </div>
   <div class='ocr_carea' id='block_1_45' title="bbox 454 2753 2046 2826">
    <p class='ocr_par' dir='ltr' id='par_1_45' title="bbox 454 2753 2046 2826">
     <span class='ocr_line' id='line_1_45' title="bbox 454 2753 2046 2826; baseline 0 -17"><span class='ocrx_word' id='word_1_299' title='bbox 454 2753 823 2825; x_wconf 72' lang='lat' dir='ltr'><strong>praeﬁciendus</strong></span> <span class='ocrx_word' id='word_1_300' title='bbox 844 2764 962 2810; x_wconf 84' lang='lat' dir='ltr'><strong>erat</strong></span> <span class='ocrx_word' id='word_1_301' title='bbox 990 2754 1270 2824; x_wconf 64' lang='lat' dir='ltr'><strong>Ecclesiae,</strong></span> <span class='ocrx_word' id='word_1_302' title='bbox 1299 2757 1492 2812; x_wconf 88' lang='lat' dir='ltr'><strong>melius</strong></span> <span class='ocrx_word' id='word_1_303' title='bbox 1514 2772 1578 2811; x_wconf 93' lang='lat' dir='ltr'><strong>ac</strong></span> <span class='ocrx_word' id='word_1_304' title='bbox 1606 2756 1813 2811; x_wconf 83' lang='lat' dir='ltr'><strong>facilius</strong></span> <span class='ocrx_word' id='word_1_305' title='bbox 1835 2754 2046 2826; x_wconf 88' lang='lat' dir='ltr'><strong>potuis-</strong></span> 
     </span>
    </p>
   </div>
   <div class='ocr_carea' id='block_1_46' title="bbox 452 2846 2048 2918">
    <p class='ocr_par' dir='ltr' id='par_1_46' title="bbox 452 2846 2048 2918">
     <span class='ocr_line' id='line_1_46' title="bbox 452 2846 2048 2918; baseline 0 -17"><span class='ocrx_word' id='word_1_306' title='bbox 452 2852 536 2901; x_wconf 89' lang='lat' dir='ltr'><strong>set</strong></span> <span class='ocrx_word' id='word_1_307' title='bbox 575 2846 836 2914; x_wconf 82' lang='lat' dir='ltr'><strong>agnosci;</strong></span> <span class='ocrx_word' id='word_1_308' title='bbox 884 2856 941 2902; x_wconf 91' lang='lat' dir='ltr'><strong>et</strong></span> <span class='ocrx_word' id='word_1_309' title='bbox 986 2847 1040 2902; x_wconf 91' lang='lat' dir='ltr'><strong>in</strong></span> <span class='ocrx_word' id='word_1_310' title='bbox 1088 2863 1186 2903; x_wconf 90' lang='lat' dir='ltr'><strong>sua</strong></span> <span class='ocrx_word' id='word_1_311' title='bbox 1215 2847 1304 2917; x_wconf 90' lang='lat' dir='ltr'><strong>qui</strong></span> <span class='ocrx_word' id='word_1_312' title='bbox 1335 2847 1405 2902; x_wconf 82' lang='lat' dir='ltr'><strong>ad</strong></span> <span class='ocrx_word' id='word_1_313' title='bbox 1433 2848 1805 2918; x_wconf 84' lang='lat' dir='ltr'><strong>episcopatum</strong></span> <span class='ocrx_word' id='word_1_314' title='bbox 1849 2860 2048 2916; x_wconf 81' lang='lat' dir='ltr'><strong>prove-</strong></span> 
     </span>
    </p>
   </div>
   <div class='ocr_carea' id='block_1_47' title="bbox 453 2935 2049 3006">
    <p class='ocr_par' dir='ltr' id='par_1_47' title="bbox 453 2935 2049 3006">
     <span class='ocr_line' id='line_1_47' title="bbox 453 2935 2049 3006; baseline 0.001 -16"><span class='ocrx_word' id='word_1_315' title='bbox 453 2935 663 2991; x_wconf 81' lang='lat' dir='ltr'><strong>hendus</strong></span> <span class='ocrx_word' id='word_1_316' title='bbox 691 2946 828 3006; x_wconf 89' lang='lat' dir='ltr'><strong>erat,</strong></span> <span class='ocrx_word' id='word_1_317' title='bbox 872 2954 973 2995; x_wconf 92' lang='lat' dir='ltr'><strong>nec</strong></span> <span class='ocrx_word' id='word_1_318' title='bbox 1022 2946 1202 2995; x_wconf 87' lang='lat' dir='ltr'><strong>tamen</strong></span> <span class='ocrx_word' id='word_1_319' title='bbox 1248 2939 1545 2995; x_wconf 89' lang='lat' dir='ltr'><strong>ordinatori</strong></span> <span class='ocrx_word' id='word_1_320' title='bbox 1592 2954 1691 2994; x_wconf 91' lang='lat' dir='ltr'><strong>suo</strong></span> <span class='ocrx_word' id='word_1_321' title='bbox 1737 2936 2049 2993; x_wconf 87' lang='lat' dir='ltr'><strong>subdendus</strong></span> 
     </span>
    </p>
   </div>
   <div class='ocr_carea' id='block_1_48' title="bbox 452 3025 2049 3101">
    <p class='ocr_par' dir='ltr' id='par_1_48' title="bbox 452 3025 2049 3101">
     <span class='ocr_line' id='line_1_48' title="bbox 452 3025 2049 3101; baseline 0.002 -20"><span class='ocrx_word' id='word_1_322' title='bbox 452 3025 646 3096; x_wconf 77' lang='lat' dir='ltr'><strong>fuerat,</strong></span> <span class='ocrx_word' id='word_1_323' title='bbox 672 3028 1016 3085; x_wconf 89' lang='lat' dir='ltr'><strong>ordinaretur</strong></span> <span class='ocrx_word' id='word_1_324' title='bbox 1035 3029 1297 3086; x_wconf 88' lang='lat' dir='ltr'><strong>Ecclesia.</strong></span> <span class='ocrx_word' id='word_1_325' title='bbox 1331 3030 1454 3086; x_wconf 87' lang='lat' dir='ltr'><strong>Noli</strong></span> <span class='ocrx_word' id='word_1_326' title='bbox 1482 3030 1805 3086; x_wconf 83' lang='lat' dir='ltr'><strong>catholicam</strong></span> <span class='ocrx_word' id='word_1_327' title='bbox 1833 3043 2049 3101; x_wconf 89' lang='lat' dir='ltr'><strong>semper</strong></span> 
     </span>
    </p>
   </div>
   <div class='ocr_carea' id='block_1_49' title="bbox 452 3118 2045 3191">
    <p class='ocr_par' dir='ltr' id='par_1_49' title="bbox 452 3118 2045 3191">
     <span class='ocr_line' id='line_1_49' title="bbox 452 3118 2045 3191; baseline 0 -19"><span class='ocrx_word' id='word_1_328' title='bbox 452 3125 686 3181; x_wconf 89' lang='lat' dir='ltr'><strong>mentem</strong></span> <span class='ocrx_word' id='word_1_329' title='bbox 708 3118 885 3190; x_wconf 89' lang='lat' dir='ltr'><strong>aliqua</strong></span> <span class='ocrx_word' id='word_1_330' title='bbox 900 3120 1369 3176; x_wconf 86' lang='lat' dir='ltr'><strong>schismaticorum</strong></span> <span class='ocrx_word' id='word_1_331' title='bbox 1386 3120 1767 3176; x_wconf 91' lang='lat' dir='ltr'><strong>communione</strong></span> <span class='ocrx_word' id='word_1_332' title='bbox 1784 3119 2045 3191; x_wconf 88' lang='lat' dir='ltr'><strong>polluere.</strong></span> 
     </span>
    </p>
   </div>
   <div class='ocr_carea' id='block_1_50' title="bbox 452 3210 2046 3283">
    <p class='ocr_par' dir='ltr' id='par_1_50' title="bbox 452 3210 2046 3283">
     <span class='ocr_line' id='line_1_50' title="bbox 452 3210 2046 3283; baseline -0.001 -16"><span class='ocrx_word' id='word_1_333' title='bbox 452 3210 627 3267; x_wconf 90' lang='lat' dir='ltr'><strong>Unum</strong></span> <span class='ocrx_word' id='word_1_334' title='bbox 654 3212 850 3268; x_wconf 86' lang='lat' dir='ltr'><strong>Christi</strong></span> <span class='ocrx_word' id='word_1_335' title='bbox 880 3229 1102 3283; x_wconf 91' lang='lat' dir='ltr'><strong>corpus,</strong></span> <span class='ocrx_word' id='word_1_336' title='bbox 1133 3230 1295 3269; x_wconf 91' lang='lat' dir='ltr'><strong>unam</strong></span> <span class='ocrx_word' id='word_1_337' title='bbox 1321 3221 1539 3269; x_wconf 87' lang='lat' dir='ltr'><strong>constat</strong></span> <span class='ocrx_word' id='word_1_338' title='bbox 1568 3228 1691 3268; x_wconf 88' lang='lat' dir='ltr'><strong>esse</strong></span> <span class='ocrx_word' id='word_1_339' title='bbox 1721 3211 2046 3268; x_wconf 86' lang='lat' dir='ltr'><strong>Ecclesiam.</strong></span> 
     </span>
    </p>
   </div>
   <div class='ocr_carea' id='block_1_51' title="bbox 454 3301 2050 3373">
    <p class='ocr_par' dir='ltr' id='par_1_51' title="bbox 454 3301 2050 3373">
     <span class='ocr_line' id='line_1_51' title="bbox 454 3301 2050 3373; baseline -0.001 -16"><span class='ocrx_word' id='word_1_340' title='bbox 454 3302 696 3359; x_wconf 89' lang='lat' dir='ltr'><strong>Divisnm</strong></span> <span class='ocrx_word' id='word_1_341' title='bbox 723 3305 792 3359; x_wconf 92' lang='lat' dir='ltr'><strong>ab</strong></span> <span class='ocrx_word' id='word_1_342' title='bbox 820 3305 1027 3360; x_wconf 89' lang='lat' dir='ltr'><strong>unitate</strong></span> <span class='ocrx_word' id='word_1_343' title='bbox 1054 3305 1226 3360; x_wconf 84' lang='lat' dir='ltr'><strong>altare</strong></span> <span class='ocrx_word' id='word_1_344' title='bbox 1253 3306 1538 3360; x_wconf 90' lang='lat' dir='ltr'><strong>veritatem</strong></span> <span class='ocrx_word' id='word_1_345' title='bbox 1582 3301 1784 3359; x_wconf 89' lang='lat' dir='ltr'><strong>Christi</strong></span> <span class='ocrx_word' id='word_1_346' title='bbox 1834 3301 2050 3373; x_wconf 90' lang='lat' dir='ltr'><strong>corpori</strong></span> 
     </span>
    </p>
   </div>
   <div class='ocr_carea' id='block_1_52' title="bbox 458 3396 2051 3465">
    <p class='ocr_par' dir='ltr' id='par_1_52' title="bbox 458 3396 2051 3465">
     <span class='ocr_line' id='line_1_52' title="bbox 458 3396 2051 3465; baseline 0 -14"><span class='ocrx_word' id='word_1_347' title='bbox 458 3410 566 3451; x_wconf 90' lang='lat' dir='ltr'><strong>non</strong></span> <span class='ocrx_word' id='word_1_348' title='bbox 598 3404 781 3465; x_wconf 88' lang='lat' dir='ltr'><strong>potest</strong></span> <span class='ocrx_word' id='word_1_349' title='bbox 805 3409 1175 3465; x_wconf 76' lang='lat' dir='ltr'><strong>congregare;</strong></span> <span class='ocrx_word' id='word_1_350' title='bbox 1231 3396 1507 3451; x_wconf 89' lang='lat' dir='ltr'><strong>toleranda</strong></span> <span class='ocrx_word' id='word_1_351' title='bbox 1537 3404 1665 3451; x_wconf 89' lang='lat' dir='ltr'><strong>sunt</strong></span> <span class='ocrx_word' id='word_1_352' title='bbox 1708 3396 1763 3450; x_wconf 91' lang='lat' dir='ltr'><strong>in</strong></span> <span class='ocrx_word' id='word_1_353' title='bbox 1791 3409 2051 3464; x_wconf 90' lang='lat' dir='ltr'><strong>compage</strong></span> 
     </span>
    </p>
   </div>
   <div class='ocr_carea' id='block_1_53' title="bbox 452 3486 2045 3557">
    <p class='ocr_par' dir='ltr' id='par_1_53' title="bbox 452 3486 2045 3557">
     <span class='ocr_line' id='line_1_53' title="bbox 452 3486 2045 3557; baseline 0 -17"><span class='ocrx_word' id='word_1_354' title='bbox 452 3486 694 3557; x_wconf 90' lang='lat' dir='ltr'><strong>corporis</strong></span> <span class='ocrx_word' id='word_1_355' title='bbox 719 3486 1015 3555; x_wconf 90' lang='lat' dir='ltr'><strong>positorum</strong></span> <span class='ocrx_word' id='word_1_356' title='bbox 1044 3487 1209 3541; x_wconf 91' lang='lat' dir='ltr'><strong>etiam</strong></span> <span class='ocrx_word' id='word_1_357' title='bbox 1238 3486 1328 3540; x_wconf 91' lang='lat' dir='ltr'><strong>illa</strong></span> <span class='ocrx_word' id='word_1_358' title='bbox 1357 3501 1743 3557; x_wconf 87' lang='lat' dir='ltr'><strong>nonnunquam</strong></span> <span class='ocrx_word' id='word_1_359' title='bbox 1770 3486 1896 3540; x_wconf 89' lang='lat' dir='ltr'><strong>vitia</strong></span> <span class='ocrx_word' id='word_1_360' title='bbox 1925 3500 2045 3556; x_wconf 62' lang='lat' dir='ltr'><strong>quae</strong></span> 
     </span>
    </p>
   </div>
   <div class='ocr_carea' id='block_1_54' title="bbox 2146 2295 3745 2368">
    <p class='ocr_par' dir='ltr' id='par_1_54' title="bbox 2146 2295 3745 2368">
     <span class='ocr_line' id='line_1_54' title="bbox 2146 2295 3745 2368; baseline 0.003 -19"><span class='ocrx_word' id='word_1_361' title='bbox 2146 2303 2303 2350; x_wconf 88' lang='lat' dir='ltr'><strong>terna</strong></span> <span class='ocrx_word' id='word_1_362' title='bbox 2333 2303 2514 2351; x_wconf 87' lang='lat' dir='ltr'><strong>tamen</strong></span> <span class='ocrx_word' id='word_1_363' title='bbox 2545 2295 2708 2365; x_wconf 90' lang='lat' dir='ltr'><strong>positi</strong></span> <span class='ocrx_word' id='word_1_364' title='bbox 2754 2297 2965 2353; x_wconf 89' lang='lat' dir='ltr'><strong>viscera</strong></span> <span class='ocrx_word' id='word_1_365' title='bbox 3013 2307 3318 2367; x_wconf 69' lang='lat' dir='ltr'><strong>quairerent</strong></span> <span class='ocrx_word' id='word_1_366' title='bbox 3346 2299 3671 2368; x_wconf 83' lang='lat' dir='ltr'><strong>veritatem,</strong></span> <span class='ocrx_word' id='word_1_367' title='bbox 3710 2314 3745 2353; x_wconf 72' lang='grc' dir='ltr'><strong><em>ι</em></strong></span> 
     </span>
    </p>
   </div>
   <div class='ocr_carea' id='block_1_55' title="bbox 2146 2387 3746 2461">
    <p class='ocr_par' dir='ltr' id='par_1_55' title="bbox 2146 2387 3746 2461">
     <span class='ocr_line' id='line_1_55' title="bbox 2146 2387 3746 2461; baseline 0.003 -17"><span class='ocrx_word' id='word_1_368' title='bbox 2146 2388 2305 2444; x_wconf 90' lang='lat' dir='ltr'><strong>nobis</strong></span> <span class='ocrx_word' id='word_1_369' title='bbox 2333 2387 2631 2459; x_wconf 89' lang='lat' dir='ltr'><strong>repellendi</strong></span> <span class='ocrx_word' id='word_1_370' title='bbox 2660 2404 2771 2443; x_wconf 90' lang='lat' dir='ltr'><strong>non</strong></span> <span class='ocrx_word' id='word_1_371' title='bbox 2801 2396 2973 2456; x_wconf 89' lang='lat' dir='ltr'><strong>erant,</strong></span> <span class='ocrx_word' id='word_1_372' title='bbox 3007 2389 3182 2446; x_wconf 89' lang='lat' dir='ltr'><strong>donec</strong></span> <span class='ocrx_word' id='word_1_373' title='bbox 3210 2390 3354 2461; x_wconf 88' lang='lat' dir='ltr'><strong>apud</strong></span> <span class='ocrx_word' id='word_1_374' title='bbox 3394 2406 3491 2447; x_wconf 89' lang='lat' dir='ltr'><strong>eos</strong></span> <span class='ocrx_word' id='word_1_375' title='bbox 3531 2392 3746 2449; x_wconf 77' lang='lat' dir='ltr'><strong>ratione</strong></span> 
     </span>
    </p>
   </div>
   <div class='ocr_carea' id='block_1_56' title="bbox 2157 2481 3755 2554">
    <p class='ocr_par' dir='ltr' id='par_1_56' title="bbox 2157 2481 3755 2554">
     <span class='ocr_line' id='line_1_56' title="bbox 2157 2481 3755 2554; baseline 0.003 -17"><span class='ocrx_word' id='word_1_376' title='bbox 2157 2481 2295 2538; x_wconf 79' lang='lat' dir='ltr'><strong>duce</strong></span> <span class='ocrx_word' id='word_1_377' title='bbox 2318 2482 2396 2537; x_wconf 89' lang='lat' dir='ltr'><strong>rei</strong></span> <span class='ocrx_word' id='word_1_378' title='bbox 2426 2482 2627 2538; x_wconf 88' lang='lat' dir='ltr'><strong>veritas</strong></span> <span class='ocrx_word' id='word_1_379' title='bbox 2653 2482 2956 2539; x_wconf 82' lang='lat' dir='ltr'><strong>claruisset.</strong></span> <span class='ocrx_word' id='word_1_380' title='bbox 2986 2484 3089 2540; x_wconf 89' lang='lat' dir='ltr'><strong>Sed</strong></span> <span class='ocrx_word' id='word_1_381' title='bbox 3118 2484 3246 2554; x_wconf 88' lang='lat' dir='ltr'><strong>quia</strong></span> <span class='ocrx_word' id='word_1_382' title='bbox 3276 2501 3336 2542; x_wconf 88' lang='lat' dir='ltr'><strong>se</strong></span> <span class='ocrx_word' id='word_1_383' title='bbox 3364 2486 3433 2541; x_wconf 81' lang='lat' dir='ltr'><strong>ab</strong></span> <span class='ocrx_word' id='word_1_384' title='bbox 3453 2486 3755 2542; x_wconf 80' lang='lat' dir='ltr'><strong>universali</strong></span> 
     </span>
    </p>
   </div>
   <div class='ocr_carea' id='block_1_57' title="bbox 2150 2572 3747 2646">
    <p class='ocr_par' dir='ltr' id='par_1_57' title="bbox 2150 2572 3747 2646">
     <span class='ocr_line' id='line_1_57' title="bbox 2150 2572 3747 2646; baseline 0.002 -18"><span class='ocrx_word' id='word_1_385' title='bbox 2150 2572 2396 2629; x_wconf 86' lang='lat' dir='ltr'><strong>Ecclesia</strong></span> <span class='ocrx_word' id='word_1_386' title='bbox 2424 2574 2741 2640; x_wconf 90' lang='lat' dir='ltr'><strong>diviserunt,</strong></span> <span class='ocrx_word' id='word_1_387' title='bbox 2765 2576 2904 2631; x_wconf 91' lang='lat' dir='ltr'><strong>sicut</strong></span> <span class='ocrx_word' id='word_1_388' title='bbox 2930 2575 3121 2632; x_wconf 87' lang='lat' dir='ltr'><strong>beatus</strong></span> <span class='ocrx_word' id='word_1_389' title='bbox 3144 2575 3476 2646; x_wconf 80' lang='lat' dir='ltr'><strong>Augustinus</strong></span> <span class='ocrx_word' id='word_1_390' title='bbox 3500 2575 3600 2643; x_wconf 90' lang='lat' dir='ltr'><strong>ait,</strong></span> <span class='ocrx_word' id='word_1_391' title='bbox 3629 2591 3747 2631; x_wconf 84' lang='lat' dir='ltr'><strong>om-</strong></span> 
     </span>
    </p>
   </div>
   <div class='ocr_carea' id='block_1_58' title="bbox 2154 2662 3755 2735">
    <p class='ocr_par' dir='ltr' id='par_1_58' title="bbox 2154 2662 3755 2735">
     <span class='ocr_line' id='line_1_58' title="bbox 2154 2662 3755 2735; baseline 0.002 -16"><span class='ocrx_word' id='word_1_392' title='bbox 2154 2662 2238 2719; x_wconf 91' lang='lat' dir='ltr'><strong>nis</strong></span> <span class='ocrx_word' id='word_1_393' title='bbox 2278 2664 2581 2720; x_wconf 89' lang='lat' dir='ltr'><strong>catholicus</strong></span> <span class='ocrx_word' id='word_1_394' title='bbox 2627 2679 2851 2720; x_wconf 89' lang='lat' dir='ltr'><strong>securus</strong></span> <span class='ocrx_word' id='word_1_395' title='bbox 2887 2680 3007 2721; x_wconf 89' lang='lat' dir='ltr'><strong>eam</strong></span> <span class='ocrx_word' id='word_1_396' title='bbox 3047 2674 3258 2735; x_wconf 88' lang='lat' dir='ltr'><strong>partem</strong></span> <span class='ocrx_word' id='word_1_397' title='bbox 3290 2665 3628 2728; x_wconf 74' lang='lat' dir='ltr'><strong>detestatur,</strong></span> <span class='ocrx_word' id='word_1_398' title='bbox 3659 2666 3755 2722; x_wconf 71' lang='lat' dir='ltr'><strong>cui</strong></span> 
     </span>
    </p>
   </div>
   <div class='ocr_carea' id='block_1_59' title="bbox 2146 2753 3748 2826">
    <p class='ocr_par' dir='ltr' id='par_1_59' title="bbox 2146 2753 3748 2826">
     <span class='ocr_line' id='line_1_59' title="bbox 2146 2753 3748 2826; baseline 0.001 -17"><span class='ocrx_word' id='word_1_399' title='bbox 2146 2753 2443 2811; x_wconf 88' lang='lat' dir='ltr'><strong>Ecclesiam</strong></span> <span class='ocrx_word' id='word_1_400' title='bbox 2472 2755 2833 2814; x_wconf 88' lang='lat' dir='ltr'><strong>universalem</strong></span> <span class='ocrx_word' id='word_1_401' title='bbox 2856 2756 3171 2826; x_wconf 82' lang='lat' dir='ltr'><strong>apostolicis</strong></span> <span class='ocrx_word' id='word_1_402' title='bbox 3187 2756 3405 2812; x_wconf 89' lang='lat' dir='ltr'><strong>sedibus</strong></span> <span class='ocrx_word' id='word_1_403' title='bbox 3432 2756 3748 2811; x_wconf 80' lang='lat' dir='ltr'><strong>roboratam</strong></span> 
     </span>
    </p>
   </div>
   <div class='ocr_carea' id='block_1_60' title="bbox 2149 2846 3750 2915">
    <p class='ocr_par' dir='ltr' id='par_1_60' title="bbox 2149 2846 3750 2915">
     <span class='ocr_line' id='line_1_60' title="bbox 2149 2846 3750 2915; baseline -0.002 -11"><span class='ocrx_word' id='word_1_404' title='bbox 2149 2863 2258 2904; x_wconf 88' lang='lat' dir='ltr'><strong>non</strong></span> <span class='ocrx_word' id='word_1_405' title='bbox 2285 2849 2688 2903; x_wconf 88' lang='lat' dir='ltr'><strong>communicare</strong></span> <span class='ocrx_word' id='word_1_406' title='bbox 2717 2848 3020 2915; x_wconf 90' lang='lat' dir='ltr'><strong>cognoscit.</strong></span> <span class='ocrx_word' id='word_1_407' title='bbox 3051 2847 3163 2903; x_wconf 88' lang='lat' dir='ltr'><strong>Nec</strong></span> <span class='ocrx_word' id='word_1_408' title='bbox 3203 2846 3346 2903; x_wconf 84' lang='lat' dir='ltr'><strong>enim</strong></span> <span class='ocrx_word' id='word_1_409' title='bbox 3393 2847 3597 2915; x_wconf 87' lang='lat' dir='ltr'><strong>levigat</strong></span> <span class='ocrx_word' id='word_1_410' title='bbox 3644 2847 3750 2903; x_wconf 77' lang='lat' dir='ltr'><strong>cri~</strong></span> 
     </span>
    </p>
   </div>
   <div class='ocr_carea' id='block_1_61' title="bbox 2149 2937 3751 3008">
    <p class='ocr_par' dir='ltr' id='par_1_61' title="bbox 2149 2937 3751 3008">
     <span class='ocr_line' id='line_1_61' title="bbox 2149 2937 3751 3008; baseline -0.001 -13"><span class='ocrx_word' id='word_1_411' title='bbox 2149 2955 2277 2995; x_wconf 91' lang='lat' dir='ltr'><strong>men</strong></span> <span class='ocrx_word' id='word_1_412' title='bbox 2305 2955 2526 3003; x_wconf 89' lang='lat' dir='ltr'><strong>eorum,</strong></span> <span class='ocrx_word' id='word_1_413' title='bbox 2566 2939 2739 3008; x_wconf 85' lang='lat' dir='ltr'><strong>magis</strong></span> <span class='ocrx_word' id='word_1_414' title='bbox 2781 2955 2913 2995; x_wconf 85' lang='lat' dir='ltr'><strong>vero</strong></span> <span class='ocrx_word' id='word_1_415' title='bbox 2949 2947 3129 3007; x_wconf 87' lang='lat' dir='ltr'><strong>auget,</strong></span> <span class='ocrx_word' id='word_1_416' title='bbox 3159 2938 3306 3008; x_wconf 87' lang='lat' dir='ltr'><strong>quod</strong></span> <span class='ocrx_word' id='word_1_417' title='bbox 3329 2954 3425 2995; x_wconf 89' lang='lat' dir='ltr'><strong>eos</strong></span> <span class='ocrx_word' id='word_1_418' title='bbox 3460 2937 3555 2994; x_wconf 91' lang='lat' dir='ltr'><strong>diu</strong></span> <span class='ocrx_word' id='word_1_419' title='bbox 3592 2939 3751 2994; x_wconf 81' lang='lat' dir='ltr'><strong>resti-</strong></span> 
     </span>
    </p>
   </div>
   <div class='ocr_carea' id='block_1_62' title="bbox 2150 3029 3751 3102">
    <p class='ocr_par' dir='ltr' id='par_1_62' title="bbox 2150 3029 3751 3102">
     <span class='ocr_line' id='line_1_62' title="bbox 2150 3029 3751 3102; baseline -0.002 -16"><span class='ocrx_word' id='word_1_420' title='bbox 2150 3033 2282 3088; x_wconf 90' lang='lat' dir='ltr'><strong>tisse</strong></span> <span class='ocrx_word' id='word_1_421' title='bbox 2334 3030 2566 3097; x_wconf 76' lang='lat' dir='ltr'><strong>dixistis,</strong></span> <span class='ocrx_word' id='word_1_422' title='bbox 2598 3047 2667 3087; x_wconf 90' lang='lat' dir='ltr'><strong>ne</strong></span> <span class='ocrx_word' id='word_1_423' title='bbox 2695 3032 3007 3102; x_wconf 88' lang='lat' dir='ltr'><strong>apostolicis</strong></span> <span class='ocrx_word' id='word_1_424' title='bbox 3034 3030 3504 3087; x_wconf 82' lang='lat' dir='ltr'><strong>communicantes</strong></span> <span class='ocrx_word' id='word_1_425' title='bbox 3528 3029 3751 3085; x_wconf 85' lang='lat' dir='ltr'><strong>sedibus</strong></span> 
     </span>
    </p>
   </div>
   <div class='ocr_carea' id='block_1_63' title="bbox 2157 3121 3750 3196">
    <p class='ocr_par' dir='ltr' id='par_1_63' title="bbox 2157 3121 3750 3196">
     <span class='ocr_line' id='line_1_63' title="bbox 2157 3121 3750 3196; baseline -0.001 -17"><span class='ocrx_word' id='word_1_426' title='bbox 2157 3125 2210 3179; x_wconf 92' lang='lat' dir='ltr'><strong>in</strong></span> <span class='ocrx_word' id='word_1_427' title='bbox 2233 3139 2330 3179; x_wconf 90' lang='lat' dir='ltr'><strong>sua</strong></span> <span class='ocrx_word' id='word_1_428' title='bbox 2360 3124 2740 3180; x_wconf 88' lang='lat' dir='ltr'><strong>communione</strong></span> <span class='ocrx_word' id='word_1_429' title='bbox 2766 3125 3089 3196; x_wconf 76' lang='lat' dir='ltr'><strong>reciperent.</strong></span> <span class='ocrx_word' id='word_1_430' title='bbox 3124 3123 3187 3178; x_wconf 86' lang='lat' dir='ltr'><strong>in</strong></span> <span class='ocrx_word' id='word_1_431' title='bbox 3217 3123 3323 3179; x_wconf 89' lang='lat' dir='ltr'><strong>hoc</strong></span> <span class='ocrx_word' id='word_1_432' title='bbox 3361 3122 3511 3178; x_wconf 85' lang='lat' dir='ltr'><strong>enim</strong></span> <span class='ocrx_word' id='word_1_433' title='bbox 3539 3121 3671 3178; x_wconf 91' lang='lat' dir='ltr'><strong>dum</strong></span> <span class='ocrx_word' id='word_1_434' title='bbox 3696 3131 3750 3178; x_wconf 89' lang='lat' dir='ltr'><strong>et</strong></span> 
     </span>
    </p>
   </div>
   <div class='ocr_carea' id='block_1_64' title="bbox 2155 3214 3755 3287">
    <p class='ocr_par' dir='ltr' id='par_1_64' title="bbox 2155 3214 3755 3287">
     <span class='ocr_line' id='line_1_64' title="bbox 2155 3214 3755 3287; baseline 0.002 -17"><span class='ocrx_word' id='word_1_435' title='bbox 2155 3216 2233 3270; x_wconf 91' lang='lat' dir='ltr'><strong>illi</strong></span> <span class='ocrx_word' id='word_1_436' title='bbox 2280 3214 2532 3284; x_wconf 90' lang='lat' dir='ltr'><strong>culpandi</strong></span> <span class='ocrx_word' id='word_1_437' title='bbox 2577 3224 2735 3282; x_wconf 92' lang='lat' dir='ltr'><strong>sunt,</strong></span> <span class='ocrx_word' id='word_1_438' title='bbox 2773 3216 2866 3287; x_wconf 88' lang='lat' dir='ltr'><strong>qui</strong></span> <span class='ocrx_word' id='word_1_439' title='bbox 2904 3216 3306 3273; x_wconf 87' lang='lat' dir='ltr'><strong>communicare</strong></span> <span class='ocrx_word' id='word_1_440' title='bbox 3336 3216 3533 3271; x_wconf 79' lang='lat' dir='ltr'><strong>talibus</strong></span> <span class='ocrx_word' id='word_1_441' title='bbox 3560 3215 3755 3273; x_wconf 81' lang='lat' dir='ltr'><strong>volue-</strong></span> 
     </span>
    </p>
   </div>
   <div class='ocr_carea' id='block_1_65' title="bbox 2150 3305 3747 3375">
    <p class='ocr_par' dir='ltr' id='par_1_65' title="bbox 2150 3305 3747 3375">
     <span class='ocr_line' id='line_1_65' title="bbox 2150 3305 3747 3375; baseline 0.001 -14"><span class='ocrx_word' id='word_1_442' title='bbox 2150 3313 2294 3371; x_wconf 91' lang='lat' dir='ltr'><strong>runt,</strong></span> <span class='ocrx_word' id='word_1_443' title='bbox 2320 3305 2490 3360; x_wconf 93' lang='lat' dir='ltr'><strong>multo</strong></span> <span class='ocrx_word' id='word_1_444' title='bbox 2519 3306 2691 3374; x_wconf 89' lang='lat' dir='ltr'><strong>magis</strong></span> <span class='ocrx_word' id='word_1_445' title='bbox 2706 3313 2887 3360; x_wconf 88' lang='lat' dir='ltr'><strong>tamen</strong></span> <span class='ocrx_word' id='word_1_446' title='bbox 2912 3305 2987 3360; x_wconf 91' lang='lat' dir='ltr'><strong>illi</strong></span> <span class='ocrx_word' id='word_1_447' title='bbox 3009 3306 3328 3362; x_wconf 86' lang='lat' dir='ltr'><strong>exsecrandi</strong></span> <span class='ocrx_word' id='word_1_448' title='bbox 3342 3315 3491 3373; x_wconf 89' lang='lat' dir='ltr'><strong>sunt,</strong></span> <span class='ocrx_word' id='word_1_449' title='bbox 3517 3308 3615 3375; x_wconf 91' lang='lat' dir='ltr'><strong>qui</strong></span> <span class='ocrx_word' id='word_1_450' title='bbox 3642 3322 3747 3363; x_wconf 83' lang='lat' dir='ltr'><strong>non</strong></span> 
     </span>
    </p>
   </div>
   <div class='ocr_carea' id='block_1_66' title="bbox 2152 3393 3761 3464">
    <p class='ocr_par' dir='ltr' id='par_1_66' title="bbox 2152 3393 3761 3464">
     <span class='ocr_line' id='line_1_66' title="bbox 2152 3393 3761 3464; baseline 0.004 -15"><span class='ocrx_word' id='word_1_451' title='bbox 2152 3394 2329 3450; x_wconf 90' lang='lat' dir='ltr'><strong>solum</strong></span> <span class='ocrx_word' id='word_1_452' title='bbox 2369 3394 2424 3449; x_wconf 93' lang='lat' dir='ltr'><strong>in</strong></span> <span class='ocrx_word' id='word_1_453' title='bbox 2448 3393 2822 3450; x_wconf 87' lang='lat' dir='ltr'><strong>sacerdotibus</strong></span> <span class='ocrx_word' id='word_1_454' title='bbox 2852 3394 3288 3451; x_wconf 90' lang='lat' dir='ltr'><strong>communionem</strong></span> <span class='ocrx_word' id='word_1_455' title='bbox 3324 3395 3761 3464; x_wconf 71' lang='lat' dir='ltr'><strong>apostolicam</strong></span> 
     </span>
    </p>
   </div>
   <div class='ocr_carea' id='block_1_67' title="bbox 2150 3485 3749 3556">
    <p class='ocr_par' dir='ltr' id='par_1_67' title="bbox 2150 3485 3749 3556">
     <span class='ocr_line' id='line_1_67' title="bbox 2150 3485 3749 3556; baseline 0.002 -16"><span class='ocrx_word' id='word_1_456' title='bbox 2150 3486 2386 3553; x_wconf 83' lang='lat' dir='ltr'><strong>sedium,</strong></span> <span class='ocrx_word' id='word_1_457' title='bbox 2415 3500 2602 3540; x_wconf 88' lang='lat' dir='ltr'><strong>verum</strong></span> <span class='ocrx_word' id='word_1_458' title='bbox 2642 3486 2805 3541; x_wconf 81' lang='lat' dir='ltr'><strong>etiam</strong></span> <span class='ocrx_word' id='word_1_459' title='bbox 2837 3485 2891 3540; x_wconf 92' lang='lat' dir='ltr'><strong>in</strong></span> <span class='ocrx_word' id='word_1_460' title='bbox 2916 3485 3047 3556; x_wconf 88' lang='lat' dir='ltr'><strong>ipsis</strong></span> <span class='ocrx_word' id='word_1_461' title='bbox 3075 3486 3228 3541; x_wconf 87' lang='lat' dir='ltr'><strong>laieis</strong></span> <span class='ocrx_word' id='word_1_462' title='bbox 3263 3495 3612 3555; x_wconf 85' lang='lat' dir='ltr'><strong>spreverunt.</strong></span> <span class='ocrx_word' id='word_1_463' title='bbox 3642 3485 3749 3543; x_wconf 79' lang='lat' dir='ltr'><strong>Sed</strong></span> 
     </span>
    </p>
   </div>
   <div class='ocr_carea' id='block_1_68' title="bbox 454 3574 3749 3648">
    <p class='ocr_par' dir='ltr' id='par_1_68' title="bbox 454 3574 3749 3648">
     <span class='ocr_line' id='line_1_68' title="bbox 454 3574 3749 3648; baseline 0 -18"><span class='ocrx_word' id='word_1_464' title='bbox 454 3592 553 3645; x_wconf 93' lang='lat' dir='ltr'><strong>pro</strong></span> <span class='ocrx_word' id='word_1_465' title='bbox 598 3577 803 3631; x_wconf 89' lang='lat' dir='ltr'><strong>unitate</strong></span> <span class='ocrx_word' id='word_1_466' title='bbox 830 3577 1099 3633; x_wconf 89' lang='lat' dir='ltr'><strong>interdum</strong></span> <span class='ocrx_word' id='word_1_467' title='bbox 1134 3586 1417 3648; x_wconf 88' lang='lat' dir='ltr'><strong>parcentes</strong></span> <span class='ocrx_word' id='word_1_468' title='bbox 1445 3593 1696 3635; x_wconf 85' lang='lat' dir='ltr'><strong>resecare</strong></span> <span class='ocrx_word' id='word_1_469' title='bbox 1723 3594 1833 3633; x_wconf 91' lang='lat' dir='ltr'><strong>non</strong></span> <span class='ocrx_word' id='word_1_470' title='bbox 1860 3594 2042 3647; x_wconf 87' lang='lat' dir='ltr'><strong>possu-</strong></span> <span class='ocrx_word' id='word_1_471' title='bbox 2068 3579 2113 3641; x_wconf 90' lang='lat' dir='ltr'><strong>C</strong></span> <span class='ocrx_word' id='word_1_472' title='bbox 2146 3591 2249 3631; x_wconf 91' lang='lat' dir='ltr'><strong>nec</strong></span> <span class='ocrx_word' id='word_1_473' title='bbox 2278 3574 2410 3630; x_wconf 89' lang='lat' dir='ltr'><strong>illud</strong></span> <span class='ocrx_word' id='word_1_474' title='bbox 2449 3575 2527 3630; x_wconf 89' lang='lat' dir='ltr'><strong>eis</strong></span> <span class='ocrx_word' id='word_1_475' title='bbox 2556 3574 2777 3647; x_wconf 89' lang='lat' dir='ltr'><strong>prodest</strong></span> <span class='ocrx_word' id='word_1_476' title='bbox 2813 3574 2959 3645; x_wconf 89' lang='lat' dir='ltr'><strong>quod</strong></span> <span class='ocrx_word' id='word_1_477' title='bbox 2987 3591 3083 3631; x_wconf 88' lang='lat' dir='ltr'><strong>eos</strong></span> <span class='ocrx_word' id='word_1_478' title='bbox 3111 3575 3164 3629; x_wconf 92' lang='lat' dir='ltr'><strong>in</strong></span> <span class='ocrx_word' id='word_1_479' title='bbox 3202 3574 3407 3630; x_wconf 90' lang='lat' dir='ltr'><strong>eisdem</strong></span> <span class='ocrx_word' id='word_1_480' title='bbox 3434 3575 3632 3632; x_wconf 88' lang='lat' dir='ltr'><strong>litteris</strong></span> <span class='ocrx_word' id='word_1_481' title='bbox 3658 3577 3749 3633; x_wconf 87' lang='lat' dir='ltr'><strong>vel.</strong></span> 
     </span>
    </p>
   </div>
   <div class='ocr_carea' id='block_1_69' title="bbox 454 3670 2035 3744">
    <p class='ocr_par' dir='ltr' id='par_1_69' title="bbox 454 3670 2035 3744">
     <span class='ocr_line' id='line_1_69' title="bbox 454 3670 2035 3744; baseline 0.001 -19"><span class='ocrx_word' id='word_1_482' title='bbox 454 3686 593 3726; x_wconf 91' lang='lat' dir='ltr'><strong>mus.</strong></span> <span class='ocrx_word' id='word_1_483' title='bbox 634 3670 769 3737; x_wconf 84' lang='lat' dir='ltr'><strong>Quia</strong></span> <span class='ocrx_word' id='word_1_484' title='bbox 794 3680 852 3725; x_wconf 93' lang='lat' dir='ltr'><strong>et</strong></span> <span class='ocrx_word' id='word_1_485' title='bbox 888 3672 1257 3740; x_wconf 89' lang='lat' dir='ltr'><strong>evangelicum</strong></span> <span class='ocrx_word' id='word_1_486' title='bbox 1296 3673 1587 3741; x_wconf 89' lang='lat' dir='ltr'><strong>agricolam</strong></span> <span class='ocrx_word' id='word_1_487' title='bbox 1630 3670 1808 3744; x_wconf 82' lang='lat' dir='ltr'><strong>(Joan.</strong></span> <span class='ocrx_word' id='word_1_488' title='bbox 1837 3689 1924 3738; x_wconf 74' lang='lat' dir='ltr'><strong>xv,</strong></span> <span class='ocrx_word' id='word_1_489' title='bbox 1954 3671 2035 3742; x_wconf 70' lang='lat'><strong>2),</strong></span> 
     </span>
    </p>
   </div>
   <div class='ocr_carea' id='block_1_70' title="bbox 454 3761 2059 3833">
    <p class='ocr_par' dir='ltr' id='par_1_70' title="bbox 454 3761 2059 3833">
     <span class='ocr_line' id='line_1_70' title="bbox 454 3761 2059 3833; baseline 0.003 -18"><span class='ocrx_word' id='word_1_490' title='bbox 454 3761 629 3816; x_wconf 90' lang='lat' dir='ltr'><strong>minus</strong></span> <span class='ocrx_word' id='word_1_491' title='bbox 676 3761 994 3817; x_wconf 81' lang='lat' dir='ltr'><strong>atlerentem</strong></span> <span class='ocrx_word' id='word_1_492' title='bbox 1045 3763 1277 3818; x_wconf 85' lang='lat' dir='ltr'><strong>fructum</strong></span> <span class='ocrx_word' id='word_1_493' title='bbox 1328 3763 1625 3833; x_wconf 90' lang='lat' dir='ltr'><strong>palmitem,</strong></span> <span class='ocrx_word' id='word_1_494' title='bbox 1674 3764 1721 3818; x_wconf 89' lang='lat' dir='ltr'><strong>si</strong></span> <span class='ocrx_word' id='word_1_495' title='bbox 1765 3772 1944 3819; x_wconf 90' lang='lat' dir='ltr'><strong>tamen</strong></span> <span class='ocrx_word' id='word_1_496' title='bbox 1987 3765 2059 3821; x_wconf 16' lang='lat' dir='ltr'><strong>in,</strong></span> 
     </span>
    </p>
   </div>
   <div class='ocr_carea' id='block_1_71' title="bbox 454 3851 2039 3924">
    <p class='ocr_par' dir='ltr' id='par_1_71' title="bbox 454 3851 2039 3924">
     <span class='ocr_line' id='line_1_71' title="bbox 454 3851 2039 3924; baseline 0.002 -20"><span class='ocrx_word' id='word_1_497' title='bbox 454 3851 563 3907; x_wconf 83' lang='lat' dir='ltr'><strong>vite</strong></span> <span class='ocrx_word' id='word_1_498' title='bbox 591 3860 825 3919; x_wconf 88' lang='lat' dir='ltr'><strong>maneat,</strong></span> <span class='ocrx_word' id='word_1_499' title='bbox 859 3868 1089 3924; x_wconf 89' lang='lat' dir='ltr'><strong>purgare</strong></span> <span class='ocrx_word' id='word_1_500' title='bbox 1118 3868 1277 3924; x_wconf 88' lang='lat' dir='ltr'><strong>posse</strong></span> <span class='ocrx_word' id='word_1_501' title='bbox 1300 3862 1484 3908; x_wconf 91' lang='lat' dir='ltr'><strong>noster</strong></span> <span class='ocrx_word' id='word_1_502' title='bbox 1510 3854 1757 3909; x_wconf 88' lang='lat' dir='ltr'><strong>Salvator</strong></span> <span class='ocrx_word' id='word_1_503' title='bbox 1784 3854 2039 3909; x_wconf 82' lang='lat' dir='ltr'><strong>edocuit:</strong></span> 
     </span>
    </p>
   </div>
   <div class='ocr_carea' id='block_1_72' title="bbox 453 3944 2041 4017">
    <p class='ocr_par' dir='ltr' id='par_1_72' title="bbox 453 3944 2041 4017">
     <span class='ocr_line' id='line_1_72' title="bbox 453 3944 2041 4017; baseline 0.002 -19"><span class='ocrx_word' id='word_1_504' title='bbox 453 3944 748 4015; x_wconf 85' lang='lat' dir='ltr'><strong>abscissum</strong></span> <span class='ocrx_word' id='word_1_505' title='bbox 779 3955 959 4001; x_wconf 88' lang='lat' dir='ltr'><strong>autem</strong></span> <span class='ocrx_word' id='word_1_506' title='bbox 989 3963 1020 4001; x_wconf 90' lang='lat' dir='ltr'><strong>a</strong></span> <span class='ocrx_word' id='word_1_507' title='bbox 1049 3947 1159 4002; x_wconf 87' lang='lat' dir='ltr'><strong>vite</strong></span> <span class='ocrx_word' id='word_1_508' title='bbox 1189 3946 1466 4017; x_wconf 89' lang='lat' dir='ltr'><strong>palmitem</strong></span> <span class='ocrx_word' id='word_1_509' title='bbox 1496 3947 1599 4001; x_wconf 87' lang='lat' dir='ltr'><strong>nisi</strong></span> <span class='ocrx_word' id='word_1_510' title='bbox 1632 3947 1739 4017; x_wconf 88' lang='lat' dir='ltr'><strong>igni</strong></span> <span class='ocrx_word' id='word_1_511' title='bbox 1780 3947 1848 4001; x_wconf 89' lang='lat' dir='ltr'><strong>ad</strong></span> <span class='ocrx_word' id='word_1_512' title='bbox 1887 3962 2041 4001; x_wconf 91' lang='lat' dir='ltr'><strong>com-</strong></span> 
     </span>
    </p>
   </div>
   <div class='ocr_carea' id='block_1_73' title="bbox 454 4034 2042 4108">
    <p class='ocr_par' dir='ltr' id='par_1_73' title="bbox 454 4034 2042 4108">
     <span class='ocr_line' id='line_1_73' title="bbox 454 4034 2042 4108; baseline 0.003 -19"><span class='ocrx_word' id='word_1_513' title='bbox 454 4034 760 4090; x_wconf 91' lang='lat' dir='ltr'><strong>burendum</strong></span> <span class='ocrx_word' id='word_1_514' title='bbox 786 4046 970 4106; x_wconf 88' lang='lat' dir='ltr'><strong>aptum</strong></span> <span class='ocrx_word' id='word_1_515' title='bbox 1017 4053 1138 4092; x_wconf 90' lang='lat' dir='ltr'><strong>esse</strong></span> <span class='ocrx_word' id='word_1_516' title='bbox 1169 4054 1278 4092; x_wconf 90' lang='lat' dir='ltr'><strong>non</strong></span> <span class='ocrx_word' id='word_1_517' title='bbox 1327 4053 1503 4108; x_wconf 90' lang='lat' dir='ltr'><strong>posse,</strong></span> <span class='ocrx_word' id='word_1_518' title='bbox 1537 4038 1777 4106; x_wconf 90' lang='lat' dir='ltr'><strong>ejusdem</strong></span> <span class='ocrx_word' id='word_1_519' title='bbox 1807 4038 2042 4093; x_wconf 73' lang='lat' dir='ltr'><strong>caelestis</strong></span> 
     </span>
    </p>
   </div>
   <div class='ocr_carea' id='block_1_74' title="bbox 453 4129 2042 4201">
    <p class='ocr_par' dir='ltr' id='par_1_74' title="bbox 453 4129 2042 4201">
     <span class='ocr_line' id='line_1_74' title="bbox 453 4129 2042 4201; baseline 0.003 -20"><span class='ocrx_word' id='word_1_520' title='bbox 453 4129 693 4197; x_wconf 89' lang='lat' dir='ltr'><strong>magistri</strong></span> <span class='ocrx_word' id='word_1_521' title='bbox 718 4130 945 4185; x_wconf 90' lang='lat' dir='ltr'><strong>veritate</strong></span> <span class='ocrx_word' id='word_1_522' title='bbox 969 4130 1255 4186; x_wconf 86' lang='lat' dir='ltr'><strong>didicimus</strong></span> <span class='ocrx_word' id='word_1_523' title='bbox 1288 4130 1501 4201; x_wconf 63' lang='lat' dir='ltr'><strong>(Ibid).</strong></span> <span class='ocrx_word' id='word_1_524' title='bbox 1533 4130 1655 4186; x_wconf 84' lang='lat' dir='ltr'><strong>Noli</strong></span> <span class='ocrx_word' id='word_1_525' title='bbox 1689 4146 1819 4201; x_wconf 86' lang='lat' dir='ltr'><strong>ergo</strong></span> <span class='ocrx_word' id='word_1_526' title='bbox 1851 4145 2042 4186; x_wconf 88' lang='lat' dir='ltr'><strong>eorum</strong></span> 
     </span>
    </p>
   </div>
   <div class='ocr_carea' id='block_1_75' title="bbox 452 4219 2043 4290">
    <p class='ocr_par' dir='ltr' id='par_1_75' title="bbox 452 4219 2043 4290">
     <span class='ocr_line' id='line_1_75' title="bbox 452 4219 2043 4290; baseline 0.002 -18"><span class='ocrx_word' id='word_1_527' title='bbox 452 4219 545 4287; x_wconf 88' lang='lat' dir='ltr'><strong>qui</strong></span> <span class='ocrx_word' id='word_1_528' title='bbox 575 4220 683 4288; x_wconf 84' lang='lat' dir='ltr'><strong>igni</strong></span> <span class='ocrx_word' id='word_1_529' title='bbox 710 4220 820 4290; x_wconf 88' lang='lat' dir='ltr'><strong>apti</strong></span> <span class='ocrx_word' id='word_1_530' title='bbox 865 4230 1010 4290; x_wconf 92' lang='lat' dir='ltr'><strong>sunt,</strong></span> <span class='ocrx_word' id='word_1_531' title='bbox 1062 4237 1173 4276; x_wconf 90' lang='lat' dir='ltr'><strong>non</strong></span> <span class='ocrx_word' id='word_1_532' title='bbox 1204 4221 1624 4282; x_wconf 87' lang='lat' dir='ltr'><strong>consecrationi,</strong></span> <span class='ocrx_word' id='word_1_533' title='bbox 1668 4221 1764 4276; x_wconf 88' lang='lat' dir='ltr'><strong>sed</strong></span> <span class='ocrx_word' id='word_1_534' title='bbox 1792 4236 2043 4276; x_wconf 78' lang='lat' dir='ltr'><strong>exsecra-</strong></span> 
     </span>
    </p>
   </div>
   <div class='ocr_carea' id='block_1_76' title="bbox 456 4310 2042 4370">
    <p class='ocr_par' dir='ltr' id='par_1_76' title="bbox 456 4310 2042 4370">
     <span class='ocr_line' id='line_1_76' title="bbox 456 4310 2042 4370; baseline 0.003 -7"><span class='ocrx_word' id='word_1_535' title='bbox 456 4310 690 4366; x_wconf 86' lang='lat' dir='ltr'><strong>tionibus</strong></span> <span class='ocrx_word' id='word_1_536' title='bbox 716 4314 1038 4369; x_wconf 89' lang='lat' dir='ltr'><strong>consentire.</strong></span> <span class='ocrx_word' id='word_1_537' title='bbox 1091 4314 1202 4370; x_wconf 86' lang='lat' dir='ltr'><strong>Nec</strong></span> <span class='ocrx_word' id='word_1_538' title='bbox 1248 4315 1524 4369; x_wconf 78' lang='lat' dir='ltr'><strong>existimes</strong></span> <span class='ocrx_word' id='word_1_539' title='bbox 1553 4314 1673 4369; x_wconf 91' lang='lat' dir='ltr'><strong>illos</strong></span> <span class='ocrx_word' id='word_1_540' title='bbox 1697 4313 1779 4368; x_wconf 89' lang='lat' dir='ltr'><strong>vel</strong></span> <span class='ocrx_word' id='word_1_541' title='bbox 1812 4327 1929 4368; x_wconf 90' lang='lat' dir='ltr'><strong>esse</strong></span> <span class='ocrx_word' id='word_1_542' title='bbox 1957 4310 2042 4367; x_wconf 94' lang='lat' dir='ltr'><strong>vel</strong></span> 
     </span>
    </p>
   </div>
   <div class='ocr_carea' id='block_1_77' title="bbox 455 4399 2038 4473">
    <p class='ocr_par' dir='ltr' id='par_1_77' title="bbox 455 4399 2038 4473">
     <span class='ocr_line' id='line_1_77' title="bbox 455 4399 2038 4473; baseline 0.002 -19"><span class='ocrx_word' id='word_1_543' title='bbox 455 4400 561 4455; x_wconf 90' lang='lat' dir='ltr'><strong>dici</strong></span> <span class='ocrx_word' id='word_1_544' title='bbox 590 4399 889 4457; x_wconf 84' lang='lat' dir='ltr'><strong>Ecclesiatn</strong></span> <span class='ocrx_word' id='word_1_545' title='bbox 919 4419 1097 4473; x_wconf 87' lang='lat' dir='ltr'><strong>posse.</strong></span> <span class='ocrx_word' id='word_1_546' title='bbox 1137 4402 1350 4459; x_wconf 83' lang='lat' dir='ltr'><strong>Etenim</strong></span> <span class='ocrx_word' id='word_1_547' title='bbox 1401 4421 1545 4473; x_wconf 91' lang='lat' dir='ltr'><strong>cum,</strong></span> <span class='ocrx_word' id='word_1_548' title='bbox 1599 4406 1740 4461; x_wconf 89' lang='lat' dir='ltr'><strong>sicut</strong></span> <span class='ocrx_word' id='word_1_549' title='bbox 1784 4403 2038 4467; x_wconf 77' lang='lat' dir='ltr'><strong>diximus,</strong></span> 
     </span>
    </p>
   </div>
   <div class='ocr_carea' id='block_1_78' title="bbox 453 4489 2035 4561">
    <p class='ocr_par' dir='ltr' id='par_1_78' title="bbox 453 4489 2035 4561">
     <span class='ocr_line' id='line_1_78' title="bbox 453 4489 2035 4561; baseline 0.001 -17"><span class='ocrx_word' id='word_1_550' title='bbox 453 4489 693 4559; x_wconf 81' lang='lat' dir='ltr'><strong>Ecclesia</strong></span> <span class='ocrx_word' id='word_1_551' title='bbox 722 4508 827 4546; x_wconf 91' lang='lat' dir='ltr'><strong>una</strong></span> <span class='ocrx_word' id='word_1_552' title='bbox 856 4494 947 4561; x_wconf 91' lang='lat' dir='ltr'><strong>sit,</strong></span> <span class='ocrx_word' id='word_1_553' title='bbox 976 4495 1064 4549; x_wconf 91' lang='lat' dir='ltr'><strong>cui</strong></span> <span class='ocrx_word' id='word_1_554' title='bbox 1092 4495 1146 4549; x_wconf 92' lang='lat' dir='ltr'><strong>in</strong></span> <span class='ocrx_word' id='word_1_555' title='bbox 1177 4496 1418 4551; x_wconf 80' lang='lat' dir='ltr'><strong>Canticis</strong></span> <span class='ocrx_word' id='word_1_556' title='bbox 1441 4496 1773 4551; x_wconf 87' lang='lat' dir='ltr'><strong>canticorum</strong></span> <span class='ocrx_word' id='word_1_557' title='bbox 1802 4494 1998 4549; x_wconf 85' lang='lat' dir='ltr'><strong>dicitur</strong></span> <span class='ocrx_word' id='word_1_558' title='bbox 2022 4511 2035 4546; x_wconf 90' lang='lat'>:</span> 
     </span>
    </p>
   </div>
   <div class='ocr_carea' id='block_1_79' title="bbox 459 4577 2041 4655">
    <p class='ocr_par' dir='ltr' id='par_1_79' title="bbox 459 4577 2041 4655">
     <span class='ocr_line' id='line_1_79' title="bbox 459 4577 2041 4655; baseline 0.004 -23"><span class='ocrx_word' id='word_1_559' title='bbox 459 4577 575 4633; x_wconf 88' lang='lat' dir='ltr'><strong>Una</strong></span> <span class='ocrx_word' id='word_1_560' title='bbox 598 4590 672 4633; x_wconf 78' lang='lat' dir='ltr'><strong>est</strong></span> <span class='ocrx_word' id='word_1_561' title='bbox 696 4581 928 4635; x_wconf 88' lang='lat' dir='ltr'><strong>columba</strong></span> <span class='ocrx_word' id='word_1_562' title='bbox 956 4599 1068 4635; x_wconf 78' lang='lat' dir='ltr'><strong>mea</strong></span> <span class='ocrx_word' id='word_1_563' title='bbox 1107 4583 1284 4653; x_wconf 76' lang='lat' dir='ltr'><strong>(Cant.</strong></span> <span class='ocrx_word' id='word_1_564' title='bbox 1316 4584 1429 4655; x_wconf 83' lang='lat' dir='ltr'><strong>vi);</strong></span> <span class='ocrx_word' id='word_1_565' title='bbox 1463 4586 1667 4639; x_wconf 89' lang='lat' dir='ltr'><strong>nullam</strong></span> <span class='ocrx_word' id='word_1_566' title='bbox 1712 4584 1871 4638; x_wconf 88' lang='lat' dir='ltr'><strong>aliam</strong></span> <span class='ocrx_word' id='word_1_567' title='bbox 1921 4598 2041 4639; x_wconf 83' lang='lat' dir='ltr'><strong>esse</strong></span> 
     </span>
    </p>
   </div>
   <div class='ocr_carea' id='block_1_80' title="bbox 454 4671 2040 4744">
    <p class='ocr_par' dir='ltr' id='par_1_80' title="bbox 454 4671 2040 4744">
     <span class='ocr_line' id='line_1_80' title="bbox 454 4671 2040 4744; baseline 0.004 -20"><span class='ocrx_word' id='word_1_568' title='bbox 454 4679 668 4725; x_wconf 91' lang='lat' dir='ltr'><strong>constat</strong></span> <span class='ocrx_word' id='word_1_569' title='bbox 707 4671 807 4726; x_wconf 92' lang='lat' dir='ltr'><strong>nisi</strong></span> <span class='ocrx_word' id='word_1_570' title='bbox 830 4688 952 4742; x_wconf 69' lang='lat' dir='ltr'><strong>qum</strong></span> <span class='ocrx_word' id='word_1_571' title='bbox 978 4673 1032 4727; x_wconf 90' lang='lat' dir='ltr'><strong>in</strong></span> <span class='ocrx_word' id='word_1_572' title='bbox 1061 4676 1361 4744; x_wconf 86' lang='lat' dir='ltr'><strong>apostolica</strong></span> <span class='ocrx_word' id='word_1_573' title='bbox 1388 4685 1472 4731; x_wconf 77' lang='lat' dir='ltr'><strong>est</strong></span> <span class='ocrx_word' id='word_1_574' title='bbox 1501 4677 1684 4732; x_wconf 88' lang='lat' dir='ltr'><strong>radice</strong></span> <span class='ocrx_word' id='word_1_575' title='bbox 1716 4675 1938 4733; x_wconf 82' lang='lat' dir='ltr'><strong>fundata</strong></span> <span class='ocrx_word' id='word_1_576' title='bbox 1966 4694 1977 4729; x_wconf 92' lang='lat'><strong>:</strong></span> <span class='ocrx_word' id='word_1_577' title='bbox 2008 4691 2040 4730; x_wconf 91' lang='lat' dir='ltr'><strong>a</strong></span> 
     </span>
    </p>
   </div>
   <div class='ocr_carea' id='block_1_81' title="bbox 454 4762 2041 4839">
    <p class='ocr_par' dir='ltr' id='par_1_81' title="bbox 454 4762 2041 4839">
     <span class='ocr_line' id='line_1_81' title="bbox 454 4762 2041 4839; baseline 0.006 -25"><span class='ocrx_word' id='word_1_578' title='bbox 454 4762 647 4831; x_wconf 89' lang='lat' dir='ltr'><strong>quibus</strong></span> <span class='ocrx_word' id='word_1_579' title='bbox 677 4763 845 4833; x_wconf 89' lang='lat' dir='ltr'><strong>ipsam</strong></span> <span class='ocrx_word' id='word_1_580' title='bbox 900 4762 1060 4820; x_wconf 80' lang='lat' dir='ltr'><strong>ﬁdem</strong></span> <span class='ocrx_word' id='word_1_581' title='bbox 1105 4767 1158 4821; x_wconf 92' lang='lat' dir='ltr'><strong>in</strong></span> <span class='ocrx_word' id='word_1_582' title='bbox 1204 4768 1454 4824; x_wconf 87' lang='lat' dir='ltr'><strong>universo</strong></span> <span class='ocrx_word' id='word_1_583' title='bbox 1506 4777 1857 4839; x_wconf 87' lang='lat' dir='ltr'><strong>propagalam</strong></span> <span class='ocrx_word' id='word_1_584' title='bbox 1910 4768 2041 4824; x_wconf 88' lang='lat' dir='ltr'><strong>orbe</strong></span> 
     </span>
    </p>
   </div>
   <div class='ocr_carea' id='block_1_82' title="bbox 456 4855 2038 4926">
    <p class='ocr_par' dir='ltr' id='par_1_82' title="bbox 456 4855 2038 4926">
     <span class='ocr_line' id='line_1_82' title="bbox 456 4855 2038 4926; baseline 0.004 -19"><span class='ocrx_word' id='word_1_585' title='bbox 456 4868 561 4908; x_wconf 91' lang='lat' dir='ltr'><strong>non</strong></span> <span class='ocrx_word' id='word_1_586' title='bbox 604 4862 783 4923; x_wconf 88' lang='lat' dir='ltr'><strong>potest</strong></span> <span class='ocrx_word' id='word_1_587' title='bbox 834 4855 1088 4912; x_wconf 89' lang='lat' dir='ltr'><strong>dubitari.</strong></span> <span class='ocrx_word' id='word_1_588' title='bbox 1136 4856 1289 4926; x_wconf 84' lang='lat' dir='ltr'><strong>Quod</strong></span> <span class='ocrx_word' id='word_1_589' title='bbox 1339 4860 1491 4916; x_wconf 86' lang='lat' dir='ltr'><strong>vobis</strong></span> <span class='ocrx_word' id='word_1_590' title='bbox 1534 4860 1662 4915; x_wconf 90' lang='lat' dir='ltr'><strong>licet</strong></span> <span class='ocrx_word' id='word_1_591' title='bbox 1702 4860 2038 4915; x_wconf 89' lang='lat' dir='ltr'><strong>notissimum</strong></span> 
     </span>
    </p>
   </div>
   <div class='ocr_carea' id='block_1_83' title="bbox 2146 3669 3746 3741">
    <p class='ocr_par' dir='ltr' id='par_1_83' title="bbox 2146 3669 3746 3741">
     <span class='ocr_line' id='line_1_83' title="bbox 2146 3669 3746 3741; baseline 0 -16"><span class='ocrx_word' id='word_1_592' title='bbox 2146 3669 2449 3740; x_wconf 86' lang='lat' dir='ltr'><strong>ignorantia</strong></span> <span class='ocrx_word' id='word_1_593' title='bbox 2480 3672 2727 3738; x_wconf 88' lang='lat' dir='ltr'><strong>rationis,</strong></span> <span class='ocrx_word' id='word_1_594' title='bbox 2756 3670 2843 3726; x_wconf 88' lang='lat' dir='ltr'><strong>vel</strong></span> <span class='ocrx_word' id='word_1_595' title='bbox 2870 3670 3213 3741; x_wconf 88' lang='lat' dir='ltr'><strong>simplicitate</strong></span> <span class='ocrx_word' id='word_1_596' title='bbox 3256 3669 3568 3727; x_wconf 90' lang='lat' dir='ltr'><strong>intellectus</strong></span> <span class='ocrx_word' id='word_1_597' title='bbox 3606 3672 3691 3726; x_wconf 81' lang='lat' dir='ltr'><strong>sui</strong></span> <span class='ocrx_word' id='word_1_598' title='bbox 3715 3687 3746 3725; x_wconf 88' lang='lat' dir='ltr'><strong>a</strong></span> 
     </span>
    </p>
   </div>
   <div class='ocr_carea' id='block_1_84' title="bbox 2146 3758 3745 3831">
    <p class='ocr_par' dir='ltr' id='par_1_84' title="bbox 2146 3758 3745 3831">
     <span class='ocr_line' id='line_1_84' title="bbox 2146 3758 3745 3831; baseline -0.001 -15"><span class='ocrx_word' id='word_1_599' title='bbox 2146 3770 2331 3816; x_wconf 90' lang='lat' dir='ltr'><strong>nostra</strong></span> <span class='ocrx_word' id='word_1_600' title='bbox 2362 3777 2422 3817; x_wconf 91' lang='lat' dir='ltr'><strong>se</strong></span> <span class='ocrx_word' id='word_1_601' title='bbox 2445 3762 2828 3817; x_wconf 90' lang='lat' dir='ltr'><strong>communione</strong></span> <span class='ocrx_word' id='word_1_602' title='bbox 2866 3758 3209 3831; x_wconf 88' lang='lat' dir='ltr'><strong>suspendisse</strong></span> <span class='ocrx_word' id='word_1_603' title='bbox 3237 3758 3554 3829; x_wconf 84' lang='lat' dir='ltr'><strong>perhibetis.</strong></span> <span class='ocrx_word' id='word_1_604' title='bbox 3600 3759 3745 3829; x_wconf 88' lang='lat' dir='ltr'><strong>ldip-</strong></span> 
     </span>
    </p>
   </div>
   <div class='ocr_carea' id='block_1_85' title="bbox 2147 3853 3742 3925">
    <p class='ocr_par' dir='ltr' id='par_1_85' title="bbox 2147 3853 3742 3925">
     <span class='ocr_line' id='line_1_85' title="bbox 2147 3853 3742 3925; baseline -0.001 -15"><span class='ocrx_word' id='word_1_605' title='bbox 2147 3870 2268 3910; x_wconf 87' lang='lat' dir='ltr'><strong>sum</strong></span> <span class='ocrx_word' id='word_1_606' title='bbox 2291 3855 2434 3911; x_wconf 81' lang='lat' dir='ltr'><strong>enim</strong></span> <span class='ocrx_word' id='word_1_607' title='bbox 2464 3855 2637 3923; x_wconf 83' lang='lat' dir='ltr'><strong>magis</strong></span> <span class='ocrx_word' id='word_1_608' title='bbox 2666 3863 2786 3923; x_wconf 90' lang='lat' dir='ltr'><strong>est,</strong></span> <span class='ocrx_word' id='word_1_609' title='bbox 2813 3862 3035 3925; x_wconf 82' lang='lat' dir='ltr'><strong>propter</strong></span> <span class='ocrx_word' id='word_1_610' title='bbox 3062 3853 3209 3922; x_wconf 89' lang='lat' dir='ltr'><strong>quod</strong></span> <span class='ocrx_word' id='word_1_611' title='bbox 3234 3854 3562 3909; x_wconf 86' lang='lat' dir='ltr'><strong>schismatici</strong></span> <span class='ocrx_word' id='word_1_612' title='bbox 3583 3863 3742 3908; x_wconf 88' lang='lat' dir='ltr'><strong>sunt:</strong></span> 
     </span>
    </p>
   </div>
   <div class='ocr_carea' id='block_1_86' title="bbox 2148 3944 3745 4016">
    <p class='ocr_par' dir='ltr' id='par_1_86' title="bbox 2148 3944 3745 4016">
     <span class='ocr_line' id='line_1_86' title="bbox 2148 3944 3745 4016; baseline -0.001 -16"><span class='ocrx_word' id='word_1_613' title='bbox 2148 3946 2272 4016; x_wconf 89' lang='lat' dir='ltr'><strong>quia</strong></span> <span class='ocrx_word' id='word_1_614' title='bbox 2303 3961 2409 4001; x_wconf 90' lang='lat' dir='ltr'><strong>non</strong></span> <span class='ocrx_word' id='word_1_615' title='bbox 2440 3962 2535 4002; x_wconf 91' lang='lat' dir='ltr'><strong>eos</strong></span> <span class='ocrx_word' id='word_1_616' title='bbox 2557 3945 2765 4001; x_wconf 91' lang='lat' dir='ltr'><strong>diversa</strong></span> <span class='ocrx_word' id='word_1_617' title='bbox 2777 3944 3045 4001; x_wconf 86' lang='lat' dir='ltr'><strong>sentiendi</strong></span> <span class='ocrx_word' id='word_1_618' title='bbox 3068 3945 3351 4015; x_wconf 88' lang='lat' dir='ltr'><strong>judicium,</strong></span> <span class='ocrx_word' id='word_1_619' title='bbox 3375 3944 3474 4001; x_wconf 89' lang='lat' dir='ltr'><strong>sed</strong></span> <span class='ocrx_word' id='word_1_620' title='bbox 3497 3945 3745 4014; x_wconf 67' lang='lat' dir='ltr'><strong>quaedam</strong></span> 
     </span>
    </p>
   </div>
   <div class='ocr_carea' id='block_1_87' title="bbox 2150 4035 3753 4106">
    <p class='ocr_par' dir='ltr' id='par_1_87' title="bbox 2150 4035 3753 4106">
     <span class='ocr_line' id='line_1_87' title="bbox 2150 4035 3753 4106; baseline 0 -17"><span class='ocrx_word' id='word_1_621' title='bbox 2150 4036 2293 4106; x_wconf 89' lang='lat' dir='ltr'><strong>apud</strong></span> <span class='ocrx_word' id='word_1_622' title='bbox 2313 4051 2373 4091; x_wconf 92' lang='lat' dir='ltr'><strong>se</strong></span> <span class='ocrx_word' id='word_1_623' title='bbox 2401 4035 2580 4090; x_wconf 86' lang='lat' dir='ltr'><strong>delata</strong></span> <span class='ocrx_word' id='word_1_624' title='bbox 2600 4078 2617 4104; x_wconf 91' lang='lat'><strong>,</strong></span> <span class='ocrx_word' id='word_1_625' title='bbox 2642 4036 2745 4091; x_wconf 90' lang='lat' dir='ltr'><strong>sibi</strong></span> <span class='ocrx_word' id='word_1_626' title='bbox 2782 4042 2966 4092; x_wconf 88' lang='lat' dir='ltr'><strong>tamen</strong></span> <span class='ocrx_word' id='word_1_627' title='bbox 3007 4036 3279 4105; x_wconf 82' lang='lat' dir='ltr'><strong>incognita</strong></span> <span class='ocrx_word' id='word_1_628' title='bbox 3318 4044 3661 4100; x_wconf 88' lang='lat' dir='ltr'><strong>metuentes,</strong></span> <span class='ocrx_word' id='word_1_629' title='bbox 3691 4045 3753 4090; x_wconf 87' lang='lat' dir='ltr'><strong>et</strong></span> 
     </span>
    </p>
   </div>
   <div class='ocr_carea' id='block_1_88' title="bbox 2146 4123 3743 4195">
    <p class='ocr_par' dir='ltr' id='par_1_88' title="bbox 2146 4123 3743 4195">
     <span class='ocr_line' id='line_1_88' title="bbox 2146 4123 3743 4195; baseline 0.002 -17"><span class='ocrx_word' id='word_1_630' title='bbox 2146 4133 2334 4178; x_wconf 87' lang='lat' dir='ltr'><strong>contra</strong></span> <span class='ocrx_word' id='word_1_631' title='bbox 2366 4123 2722 4195; x_wconf 90' lang='lat' dir='ltr'><strong>apostolicam</strong></span> <span class='ocrx_word' id='word_1_632' title='bbox 2743 4123 2928 4179; x_wconf 89' lang='lat' dir='ltr'><strong>sedem</strong></span> <span class='ocrx_word' id='word_1_633' title='bbox 2959 4133 3163 4180; x_wconf 90' lang='lat' dir='ltr'><strong>temere</strong></span> <span class='ocrx_word' id='word_1_634' title='bbox 3179 4124 3483 4191; x_wconf 89' lang='lat' dir='ltr'><strong>credentes,</strong></span> <span class='ocrx_word' id='word_1_635' title='bbox 3507 4126 3743 4195; x_wconf 87' lang='lat' dir='ltr'><strong>pessima</strong></span> 
     </span>
    </p>
   </div>
   <div class='ocr_carea' id='block_1_89' title="bbox 2149 4217 3751 4288">
    <p class='ocr_par' dir='ltr' id='par_1_89' title="bbox 2149 4217 3751 4288">
     <span class='ocr_line' id='line_1_89' title="bbox 2149 4217 3751 4288; baseline 0.002 -17"><span class='ocrx_word' id='word_1_636' title='bbox 2149 4217 2329 4273; x_wconf 90' lang='lat' dir='ltr'><strong>divisit</strong></span> <span class='ocrx_word' id='word_1_637' title='bbox 2365 4218 2569 4288; x_wconf 91' lang='lat' dir='ltr'><strong>opinio.</strong></span> <span class='ocrx_word' id='word_1_638' title='bbox 2616 4217 2771 4285; x_wconf 84' lang='lat' dir='ltr'><strong>Quod</strong></span> <span class='ocrx_word' id='word_1_639' title='bbox 2798 4218 3033 4276; x_wconf 90' lang='lat' dir='ltr'><strong>schisma</strong></span> <span class='ocrx_word' id='word_1_640' title='bbox 3062 4217 3374 4288; x_wconf 77' lang='lat' dir='ltr'><strong>specialiter</strong></span> <span class='ocrx_word' id='word_1_641' title='bbox 3405 4232 3528 4275; x_wconf 85' lang='lat' dir='ltr'><strong>esse</strong></span> <span class='ocrx_word' id='word_1_642' title='bbox 3552 4218 3751 4274; x_wconf 85' lang='lat' dir='ltr'><strong>beatus</strong></span> 
     </span>
    </p>
   </div>
   <div class='ocr_carea' id='block_1_90' title="bbox 2147 4307 3748 4380">
    <p class='ocr_par' dir='ltr' id='par_1_90' title="bbox 2147 4307 3748 4380">
     <span class='ocr_line' id='line_1_90' title="bbox 2147 4307 3748 4380; baseline 0.002 -18"><span class='ocrx_word' id='word_1_643' title='bbox 2147 4309 2430 4363; x_wconf 89' lang='lat' dir='ltr'><strong>denuntiat</strong></span> <span class='ocrx_word' id='word_1_644' title='bbox 2459 4308 2788 4380; x_wconf 80' lang='lat' dir='ltr'><strong>Augustinus</strong></span> <span class='ocrx_word' id='word_1_645' title='bbox 2815 4309 3002 4365; x_wconf 90' lang='lat' dir='ltr'><strong>dicens</strong></span> <span class='ocrx_word' id='word_1_646' title='bbox 3047 4307 3113 4363; x_wconf 92' lang='lat' dir='ltr'><strong>de</strong></span> <span class='ocrx_word' id='word_1_647' title='bbox 3143 4308 3341 4363; x_wconf 88' lang='lat' dir='ltr'><strong>talibus</strong></span> <span class='ocrx_word' id='word_1_648' title='bbox 3371 4328 3385 4362; x_wconf 89' lang='lat'><strong>:</strong></span> <span class='ocrx_word' id='word_1_649' title='bbox 3420 4310 3521 4375; x_wconf 75' lang='lat' dir='ltr'><strong>Qui</strong></span> <span class='ocrx_word' id='word_1_650' title='bbox 3559 4310 3748 4365; x_wconf 79' lang='lat' dir='ltr'><strong>adrer-</strong></span> 
     </span>
    </p>
   </div>
   <div class='ocr_carea' id='block_1_91' title="bbox 2142 4400 3750 4472">
    <p class='ocr_par' dir='ltr' id='par_1_91' title="bbox 2142 4400 3750 4472">
     <span class='ocr_line' id='line_1_91' title="bbox 2142 4400 3750 4472; baseline 0.002 -17"><span class='ocrx_word' id='word_1_651' title='bbox 2142 4418 2258 4456; x_wconf 79' lang='lat' dir='ltr'><strong>sum</strong></span> <span class='ocrx_word' id='word_1_652' title='bbox 2283 4404 2646 4456; x_wconf 83' lang='lat' dir='ltr'><strong>auctoritatem</strong></span> <span class='ocrx_word' id='word_1_653' title='bbox 2673 4401 2881 4457; x_wconf 86' lang='lat' dir='ltr'><strong>illarum</strong></span> <span class='ocrx_word' id='word_1_654' title='bbox 2909 4400 3266 4456; x_wconf 78' lang='lat' dir='ltr'><strong>Ecclesiarum</strong></span> <span class='ocrx_word' id='word_1_655' title='bbox 3285 4417 3401 4472; x_wconf 66' lang='lat' dir='ltr'><strong>quin</strong></span> <span class='ocrx_word' id='word_1_656' title='bbox 3424 4403 3750 4472; x_wconf 63' lang='lat' dir='ltr'><strong>apostolicae</strong></span> 
     </span>
    </p>
   </div>
   <div class='ocr_carea' id='block_1_92' title="bbox 2143 4492 3743 4562">
    <p class='ocr_par' dir='ltr' id='par_1_92' title="bbox 2143 4492 3743 4562">
     <span class='ocr_line' id='line_1_92' title="bbox 2143 4492 3743 4562; baseline 0.001 -17"><span class='ocrx_word' id='word_1_657' title='bbox 2143 4492 2290 4547; x_wconf 80' lang='lat' dir='ltr'><strong>sedes</strong></span> <span class='ocrx_word' id='word_1_658' title='bbox 2344 4501 2395 4546; x_wconf 93' lang='lat' dir='ltr'><strong>et</strong></span> <span class='ocrx_word' id='word_1_659' title='bbox 2441 4493 2687 4562; x_wconf 79' lang='lat' dir='ltr'><strong>epistolas</strong></span> <span class='ocrx_word' id='word_1_660' title='bbox 2734 4492 2966 4561; x_wconf 86' lang='lat' dir='ltr'><strong>accipere</strong></span> <span class='ocrx_word' id='word_1_661' title='bbox 3005 4498 3327 4557; x_wconf 86' lang='lat' dir='ltr'><strong>meruerunt,</strong></span> <span class='ocrx_word' id='word_1_662' title='bbox 3371 4500 3562 4545; x_wconf 66' lang='lat' dir='ltr'><strong>temere</strong></span> <span class='ocrx_word' id='word_1_663' title='bbox 3626 4508 3743 4546; x_wconf 81' lang='lat' dir='ltr'><strong>cre-</strong></span> 
     </span>
    </p>
   </div>
   <div class='ocr_carea' id='block_1_93' title="bbox 2147 4578 3742 4651">
    <p class='ocr_par' dir='ltr' id='par_1_93' title="bbox 2147 4578 3742 4651">
     <span class='ocr_line' id='line_1_93' title="bbox 2147 4578 3742 4651; baseline 0.001 -16"><span class='ocrx_word' id='word_1_664' title='bbox 2147 4584 2257 4651; x_wconf 82' lang='lat' dir='ltr'><strong>dit,</strong></span> <span class='ocrx_word' id='word_1_665' title='bbox 2307 4582 2742 4636; x_wconf 82' lang='lat' dir='ltr'><strong>immanissimum</strong></span> <span class='ocrx_word' id='word_1_666' title='bbox 2777 4581 3072 4636; x_wconf 81' lang='lat' dir='ltr'><strong>schismatis</strong></span> <span class='ocrx_word' id='word_1_667' title='bbox 3112 4578 3308 4633; x_wconf 83' lang='lat' dir='ltr'><strong>crimen</strong></span> <span class='ocrx_word' id='word_1_668' title='bbox 3354 4596 3386 4632; x_wconf 89' lang='lat' dir='ltr'><strong>a</strong></span> <span class='ocrx_word' id='word_1_669' title='bbox 3428 4596 3485 4633; x_wconf 81' lang='lat' dir='ltr'><strong>se</strong></span> <span class='ocrx_word' id='word_1_670' title='bbox 3519 4582 3742 4651; x_wconf 55' lang='lat' dir='ltr'><strong>propul-</strong></span> 
     </span>
    </p>
   </div>
   <div class='ocr_carea' id='block_1_94' title="bbox 2143 4670 3750 4743">
    <p class='ocr_par' dir='ltr' id='par_1_94' title="bbox 2143 4670 3750 4743">
     <span class='ocr_line' id='line_1_94' title="bbox 2143 4670 3750 4743; baseline 0 -16"><span class='ocrx_word' id='word_1_671' title='bbox 2143 4690 2261 4728; x_wconf 87' lang='lat' dir='ltr'><strong>sare</strong></span> <span class='ocrx_word' id='word_1_672' title='bbox 2290 4690 2393 4727; x_wconf 91' lang='lat' dir='ltr'><strong>non</strong></span> <span class='ocrx_word' id='word_1_673' title='bbox 2437 4674 2647 4743; x_wconf 82' lang='lat' dir='ltr'><strong>poterit.</strong></span> <span class='ocrx_word' id='word_1_674' title='bbox 2687 4672 2769 4727; x_wconf 86' lang='lat' dir='ltr'><strong>Ad</strong></span> <span class='ocrx_word' id='word_1_675' title='bbox 2810 4687 3101 4734; x_wconf 86' lang='lat' dir='ltr'><strong>summam,</strong></span> <span class='ocrx_word' id='word_1_676' title='bbox 3139 4679 3233 4726; x_wconf 91' lang='lat' dir='ltr'><strong>aut</strong></span> <span class='ocrx_word' id='word_1_677' title='bbox 3271 4670 3393 4726; x_wconf 90' lang='lat' dir='ltr'><strong>illos</strong></span> <span class='ocrx_word' id='word_1_678' title='bbox 3440 4670 3750 4729; x_wconf 84' lang='lat' dir='ltr'><strong>Ecclesiam</strong></span> 
     </span>
    </p>
   </div>
   <div class='ocr_carea' id='block_1_95' title="bbox 2143 4762 3742 4837">
    <p class='ocr_par' dir='ltr' id='par_1_95' title="bbox 2143 4762 3742 4837">
     <span class='ocr_line' id='line_1_95' title="bbox 2143 4762 3742 4837; baseline 0 -17"><span class='ocrx_word' id='word_1_679' title='bbox 2143 4780 2262 4820; x_wconf 89' lang='lat' dir='ltr'><strong>esse</strong></span> <span class='ocrx_word' id='word_1_680' title='bbox 2289 4764 2539 4831; x_wconf 89' lang='lat' dir='ltr'><strong>creditis,</strong></span> <span class='ocrx_word' id='word_1_681' title='bbox 2584 4772 2640 4819; x_wconf 90' lang='lat' dir='ltr'><strong>et</strong></span> <span class='ocrx_word' id='word_1_682' title='bbox 2683 4780 2804 4819; x_wconf 90' lang='lat' dir='ltr'><strong>cum</strong></span> <span class='ocrx_word' id='word_1_683' title='bbox 2845 4764 2967 4819; x_wconf 65' lang='lat' dir='ltr'><strong>dua:</strong></span> <span class='ocrx_word' id='word_1_684' title='bbox 3004 4762 3259 4819; x_wconf 67' lang='lat' dir='ltr'><strong>Ecclesia:</strong></span> <span class='ocrx_word' id='word_1_685' title='bbox 3288 4779 3412 4819; x_wconf 86' lang='lat' dir='ltr'><strong>esse</strong></span> <span class='ocrx_word' id='word_1_686' title='bbox 3447 4780 3559 4820; x_wconf 88' lang='lat' dir='ltr'><strong>non</strong></span> <span class='ocrx_word' id='word_1_687' title='bbox 3607 4783 3742 4837; x_wconf 81' lang='lat' dir='ltr'><strong>pos-</strong></span> 
     </span>
    </p>
   </div>
   <div class='ocr_carea' id='block_1_96' title="bbox 2145 4852 3748 4923">
    <p class='ocr_par' dir='ltr' id='par_1_96' title="bbox 2145 4852 3748 4923">
     <span class='ocr_line' id='line_1_96' title="bbox 2145 4852 3748 4923; baseline 0.001 -13"><span class='ocrx_word' id='word_1_688' title='bbox 2145 4855 2271 4919; x_wconf 89' lang='lat' dir='ltr'><strong>sint,</strong></span> <span class='ocrx_word' id='word_1_689' title='bbox 2305 4869 2424 4920; x_wconf 92' lang='lat' dir='ltr'><strong>nos,</strong></span> <span class='ocrx_word' id='word_1_690' title='bbox 2456 4853 2601 4923; x_wconf 89' lang='lat' dir='ltr'><strong>quod</strong></span> <span class='ocrx_word' id='word_1_691' title='bbox 2630 4854 2789 4917; x_wconf 87' lang='lat' dir='ltr'><strong>absit,</strong></span> <span class='ocrx_word' id='word_1_692' title='bbox 2843 4853 3219 4908; x_wconf 88' lang='lat' dir='ltr'><strong>schismaticos</strong></span> <span class='ocrx_word' id='word_1_693' title='bbox 3248 4852 3606 4922; x_wconf 84' lang='lat' dir='ltr'><strong>judicabitis;</strong></span> <span class='ocrx_word' id='word_1_694' title='bbox 3646 4867 3748 4912; x_wconf 82' lang='lat' dir='ltr'><strong>aut</strong></span> 
     </span>
    </p>
   </div>
   <div class='ocr_carea' id='block_1_97' title="bbox 454 4944 3789 5021">
    <p class='ocr_par' dir='ltr' id='par_1_97' title="bbox 454 4944 3789 5021">
     <span class='ocr_line' id='line_1_97' title="bbox 454 4944 3789 5021; baseline 0.002 -23"><span class='ocrx_word' id='word_1_695' title='bbox 454 4946 673 5001; x_wconf 88' lang='lat' dir='ltr'><strong>omnino</strong></span> <span class='ocrx_word' id='word_1_696' title='bbox 695 4946 785 5014; x_wconf 88' lang='lat' dir='ltr'><strong>sit,</strong></span> <span class='ocrx_word' id='word_1_697' title='bbox 807 4946 951 5002; x_wconf 90' lang='lat' dir='ltr'><strong>beati</strong></span> <span class='ocrx_word' id='word_1_698' title='bbox 975 4957 1149 5005; x_wconf 90' lang='lat' dir='ltr'><strong>tamen</strong></span> <span class='ocrx_word' id='word_1_699' title='bbox 1174 4951 1454 5021; x_wconf 82' lang='lat' dir='ltr'><strong>Augustini</strong></span> <span class='ocrx_word' id='word_1_700' title='bbox 1472 4951 1781 5006; x_wconf 89' lang='lat' dir='ltr'><strong>testimonio</strong></span> <span class='ocrx_word' id='word_1_701' title='bbox 1799 4964 2046 5019; x_wconf 89' lang='lat' dir='ltr'><strong>compro—</strong></span> <span class='ocrx_word' id='word_1_702' title='bbox 2073 4955 2122 5015; x_wconf 74' lang='grc' dir='ltr'><strong>ι)</strong></span> <span class='ocrx_word' id='word_1_703' title='bbox 2148 4947 2192 5002; x_wconf 89' lang='lat' dir='ltr'><strong>si</strong></span> <span class='ocrx_word' id='word_1_704' title='bbox 2217 4961 2400 5001; x_wconf 88' lang='lat' dir='ltr'><strong>veram</strong></span> <span class='ocrx_word' id='word_1_705' title='bbox 2443 4946 2496 5000; x_wconf 93' lang='lat' dir='ltr'><strong>in</strong></span> <span class='ocrx_word' id='word_1_706' title='bbox 2543 4945 2861 5016; x_wconf 88' lang='lat' dir='ltr'><strong>apostolicis</strong></span> <span class='ocrx_word' id='word_1_707' title='bbox 2892 4944 3109 5001; x_wconf 88' lang='lat' dir='ltr'><strong>sedibus</strong></span> <span class='ocrx_word' id='word_1_708' title='bbox 3137 4960 3260 5000; x_wconf 87' lang='lat' dir='ltr'><strong>esse</strong></span> <span class='ocrx_word' id='word_1_709' title='bbox 3295 4954 3510 5001; x_wconf 89' lang='lat' dir='ltr'><strong>constat</strong></span> <span class='ocrx_word' id='word_1_710' title='bbox 3548 4945 3742 5004; x_wconf 81' lang='lat' dir='ltr'><strong>Eccle-</strong></span> <span class='ocrx_word' id='word_1_711' title='bbox 3784 5002 3789 5011; x_wconf 82' lang='grc'><em>,</em></span> 
     </span>
    </p>
   </div>
   <div class='ocr_carea' id='block_1_98' title="bbox 452 5030 2039 5112">
    <p class='ocr_par' dir='ltr' id='par_1_98' title="bbox 452 5030 2039 5112">
     <span class='ocr_line' id='line_1_98' title="bbox 452 5030 2039 5112; baseline 0.005 -27"><span class='ocrx_word' id='word_1_712' title='bbox 452 5030 663 5091; x_wconf 82' lang='lat' dir='ltr'><strong>bemus.</strong></span> <span class='ocrx_word' id='word_1_713' title='bbox 689 5036 882 5093; x_wconf 82' lang='lat' dir='ltr'><strong>Audite</strong></span> <span class='ocrx_word' id='word_1_714' title='bbox 910 5039 1037 5109; x_wconf 88' lang='lat' dir='ltr'><strong>quid</strong></span> <span class='ocrx_word' id='word_1_715' title='bbox 1069 5041 1124 5095; x_wconf 92' lang='lat' dir='ltr'><strong>in</strong></span> <span class='ocrx_word' id='word_1_716' title='bbox 1151 5042 1388 5111; x_wconf 89' lang='lat' dir='ltr'><strong>quodam</strong></span> <span class='ocrx_word' id='word_1_717' title='bbox 1417 5058 1583 5112; x_wconf 89' lang='lat' dir='ltr'><strong>opere</strong></span> <span class='ocrx_word' id='word_1_718' title='bbox 1613 5058 1711 5097; x_wconf 87' lang='lat' dir='ltr'><strong>suo</strong></span> <span class='ocrx_word' id='word_1_719' title='bbox 1736 5039 2039 5111; x_wconf 72' lang='lat' dir='ltr'><strong>prmclaris-</strong></span> 
     </span>
    </p>
   </div>
   <div class='ocr_carea' id='block_1_99' title="bbox 454 5124 2039 5200">
    <p class='ocr_par' dir='ltr' id='par_1_99' title="bbox 454 5124 2039 5200">
     <span class='ocr_line' id='line_1_99' title="bbox 454 5124 2039 5200; baseline 0.004 -23"><span class='ocrx_word' id='word_1_720' title='bbox 454 5124 622 5182; x_wconf 88' lang='lat' dir='ltr'><strong>simus</strong></span> <span class='ocrx_word' id='word_1_721' title='bbox 650 5126 841 5184; x_wconf 89' lang='lat' dir='ltr'><strong>doctor</strong></span> <span class='ocrx_word' id='word_1_722' title='bbox 863 5130 1006 5186; x_wconf 90' lang='lat' dir='ltr'><strong>dicat</strong></span> <span class='ocrx_word' id='word_1_723' title='bbox 1033 5130 1285 5188; x_wconf 74' lang='lat' dir='ltr'><strong>Ecclesia:</strong></span> <span class='ocrx_word' id='word_1_724' title='bbox 1308 5151 1324 5200; x_wconf 88' lang='lat'><strong>;</strong></span> <span class='ocrx_word' id='word_1_725' title='bbox 1358 5134 1431 5187; x_wconf 90' lang='lat' dir='ltr'><strong>ait</strong></span> <span class='ocrx_word' id='word_1_726' title='bbox 1452 5134 1594 5187; x_wconf 90' lang='lat' dir='ltr'><strong>enim</strong></span> <span class='ocrx_word' id='word_1_727' title='bbox 1622 5152 1635 5186; x_wconf 92' lang='lat'><strong>:</strong></span> <span class='ocrx_word' id='word_1_728' title='bbox 1670 5131 1819 5196; x_wconf 83' lang='lat' dir='ltr'><strong>Quod</strong></span> <span class='ocrx_word' id='word_1_729' title='bbox 1846 5133 1893 5186; x_wconf 79' lang='lat' dir='ltr'><strong>si</strong></span> <span class='ocrx_word' id='word_1_730' title='bbox 1919 5132 2039 5185; x_wconf 83' lang='lat' dir='ltr'><strong>nul-</strong></span> 
     </span>
    </p>
   </div>
   <div class='ocr_carea' id='block_1_100' title="bbox 454 5216 2038 5293">
    <p class='ocr_par' dir='ltr' id='par_1_100' title="bbox 454 5216 2038 5293">
     <span class='ocr_line' id='line_1_100' title="bbox 454 5216 2038 5293; baseline 0.004 -23"><span class='ocrx_word' id='word_1_731' title='bbox 454 5216 505 5271; x_wconf 91' lang='lat' dir='ltr'><strong>lo</strong></span> <span class='ocrx_word' id='word_1_732' title='bbox 535 5217 685 5272; x_wconf 85' lang='lat' dir='ltr'><strong>modo</strong></span> <span class='ocrx_word' id='word_1_733' title='bbox 712 5228 847 5273; x_wconf 86' lang='lat' dir='ltr'><strong>recte</strong></span> <span class='ocrx_word' id='word_1_734' title='bbox 874 5223 976 5276; x_wconf 87' lang='lat' dir='ltr'><strong>dici</strong></span> <span class='ocrx_word' id='word_1_735' title='bbox 1005 5232 1172 5293; x_wconf 82' lang='lat' dir='ltr'><strong>potest</strong></span> <span class='ocrx_word' id='word_1_736' title='bbox 1201 5221 1443 5277; x_wconf 80' lang='lat' dir='ltr'><strong>Ecclesia</strong></span> <span class='ocrx_word' id='word_1_737' title='bbox 1469 5225 1523 5277; x_wconf 90' lang='lat' dir='ltr'><strong>in</strong></span> <span class='ocrx_word' id='word_1_738' title='bbox 1553 5241 1652 5293; x_wconf 87' lang='lat' dir='ltr'><strong>qua</strong></span> <span class='ocrx_word' id='word_1_739' title='bbox 1673 5224 1899 5278; x_wconf 74' lang='lat' dir='ltr'><strong>schisma</strong></span> <span class='ocrx_word' id='word_1_740' title='bbox 1921 5231 2038 5289; x_wconf 83' lang='lat' dir='ltr'><strong>est;</strong></span> 
     </span>
    </p>
   </div>
   <div class='ocr_carea' id='block_1_101' title="bbox 455 5314 2039 5387">
    <p class='ocr_par' dir='ltr' id='par_1_101' title="bbox 455 5314 2039 5387">
     <span class='ocr_line' id='line_1_101' title="bbox 455 5314 2039 5387; baseline 0.006 -26"><span class='ocrx_word' id='word_1_741' title='bbox 455 5317 615 5364; x_wconf 78' lang='lat' dir='ltr'><strong>restat</strong></span> <span class='ocrx_word' id='word_1_742' title='bbox 654 5323 707 5365; x_wconf 90' lang='lat' dir='ltr'><strong>ut</strong></span> <span class='ocrx_word' id='word_1_743' title='bbox 737 5318 980 5385; x_wconf 83' lang='lat' dir='ltr'><strong>quoniam</strong></span> <span class='ocrx_word' id='word_1_744' title='bbox 1024 5314 1258 5371; x_wconf 84' lang='lat' dir='ltr'><strong>Ecclesia</strong></span> <span class='ocrx_word' id='word_1_745' title='bbox 1287 5317 1435 5371; x_wconf 88' lang='lat' dir='ltr'><strong>nulla</strong></span> <span class='ocrx_word' id='word_1_746' title='bbox 1476 5334 1589 5371; x_wconf 83' lang='lat' dir='ltr'><strong>esse</strong></span> <span class='ocrx_word' id='word_1_747' title='bbox 1629 5334 1733 5371; x_wconf 88' lang='lat' dir='ltr'><strong>non</strong></span> <span class='ocrx_word' id='word_1_748' title='bbox 1760 5326 1949 5387; x_wconf 79' lang='lat' dir='ltr'><strong>potest,</strong></span> <span class='ocrx_word' id='word_1_749' title='bbox 1976 5333 2039 5371; x_wconf 89' lang='lat' dir='ltr'><strong>ea</strong></span> 
     </span>
    </p>
   </div>
   <div class='ocr_carea' id='block_1_102' title="bbox 455 5398 2038 5479">
    <p class='ocr_par' dir='ltr' id='par_1_102' title="bbox 455 5398 2038 5479">
     <span class='ocr_line' id='line_1_102' title="bbox 455 5398 2038 5479; baseline 0.006 -26"><span class='ocrx_word' id='word_1_750' title='bbox 455 5398 521 5453; x_wconf 82' lang='lat' dir='ltr'><strong>sit</strong></span> <span class='ocrx_word' id='word_1_751' title='bbox 550 5418 704 5471; x_wconf 70' lang='lat' dir='ltr'><strong>quam</strong></span> <span class='ocrx_word' id='word_1_752' title='bbox 728 5405 781 5456; x_wconf 89' lang='lat' dir='ltr'><strong>in</strong></span> <span class='ocrx_word' id='word_1_753' title='bbox 820 5406 960 5460; x_wconf 80' lang='lat' dir='ltr'><strong>sedis</strong></span> <span class='ocrx_word' id='word_1_754' title='bbox 989 5408 1287 5477; x_wconf 74' lang='lat' dir='ltr'><strong>apostolica:</strong></span> <span class='ocrx_word' id='word_1_755' title='bbox 1324 5408 1803 5479; x_wconf 62' lang='lat' dir='ltr'><strong>perZsuccessiones,</strong></span> <span class='ocrx_word' id='word_1_756' title='bbox 1836 5409 2038 5479; x_wconf 85' lang='lat' dir='ltr'><strong>episco-</strong></span> 
     </span>
    </p>
   </div>
   <div class='ocr_carea' id='block_1_103' title="bbox 455 5494 2036 5563">
    <p class='ocr_par' dir='ltr' id='par_1_103' title="bbox 455 5494 2036 5563">
     <span class='ocr_line' id='line_1_103' title="bbox 455 5494 2036 5563; baseline 0.004 -19"><span class='ocrx_word' id='word_1_757' title='bbox 455 5508 637 5559; x_wconf 78' lang='lat' dir='ltr'><strong>porum</strong></span> <span class='ocrx_word' id='word_1_758' title='bbox 666 5494 841 5550; x_wconf 84' lang='lat' dir='ltr'><strong>radice</strong></span> <span class='ocrx_word' id='word_1_759' title='bbox 860 5500 1213 5562; x_wconf 82' lang='lat' dir='ltr'><strong>constitutam,</strong></span> <span class='ocrx_word' id='word_1_760' title='bbox 1238 5499 1496 5552; x_wconf 87' lang='lat' dir='ltr'><strong>nullorum</strong></span> <span class='ocrx_word' id='word_1_761' title='bbox 1521 5500 1784 5553; x_wconf 82' lang='lat' dir='ltr'><strong>hominum</strong></span> <span class='ocrx_word' id='word_1_762' title='bbox 1814 5500 2036 5563; x_wconf 87' lang='lat' dir='ltr'><strong>malitia,</strong></span> 
     </span>
    </p>
   </div>
   <div class='ocr_carea' id='block_1_104' title="bbox 454 5584 2039 5661">
    <p class='ocr_par' dir='ltr' id='par_1_104' title="bbox 454 5584 2039 5661">
     <span class='ocr_line' id='line_1_104' title="bbox 454 5584 2039 5661; baseline 0.006 -26"><span class='ocrx_word' id='word_1_763' title='bbox 454 5584 659 5638; x_wconf 78' lang='lat' dir='ltr'><strong>etiamsi</strong></span> <span class='ocrx_word' id='word_1_764' title='bbox 686 5596 808 5641; x_wconf 88' lang='lat' dir='ltr'><strong>nota</strong></span> <span class='ocrx_word' id='word_1_765' title='bbox 848 5590 1053 5644; x_wconf 71' lang='lat' dir='ltr'><strong>excludi</strong></span> <span class='ocrx_word' id='word_1_766' title='bbox 1079 5605 1181 5643; x_wconf 79' lang='lat' dir='ltr'><strong>non</strong></span> <span class='ocrx_word' id='word_1_767' title='bbox 1220 5590 1404 5661; x_wconf 80' lang='lat' dir='ltr'><strong>possit,</strong></span> <span class='ocrx_word' id='word_1_768' title='bbox 1433 5590 1523 5643; x_wconf 88' lang='lat' dir='ltr'><strong>sed</strong></span> <span class='ocrx_word' id='word_1_769' title='bbox 1543 5608 1638 5660; x_wconf 84' lang='lat' dir='ltr'><strong>pro</strong></span> <span class='ocrx_word' id='word_1_770' title='bbox 1677 5591 1878 5645; x_wconf 87' lang='lat' dir='ltr'><strong>ratione</strong></span> <span class='ocrx_word' id='word_1_771' title='bbox 1910 5600 2039 5645; x_wconf 87' lang='lat' dir='ltr'><strong>tem—</strong></span> 
     </span>
    </p>
   </div>
   <div class='ocr_carea' id='block_1_105' title="bbox 455 5676 2041 5754">
    <p class='ocr_par' dir='ltr' id='par_1_105' title="bbox 455 5676 2041 5754">
     <span class='ocr_line' id='line_1_105' title="bbox 455 5676 2041 5754; baseline 0.004 -25"><span class='ocrx_word' id='word_1_772' title='bbox 455 5676 597 5744; x_wconf 59' lang='lat' dir='ltr'><strong>poris</strong></span> <span class='ocrx_word' id='word_1_773' title='bbox 646 5677 915 5735; x_wconf 86' lang='lat' dir='ltr'><strong>toleranda</strong></span> <span class='ocrx_word' id='word_1_774' title='bbox 959 5681 1253 5754; x_wconf 83' lang='lat' dir='ltr'><strong>judicetur,</strong></span> <span class='ocrx_word' id='word_1_775' title='bbox 1291 5681 1396 5738; x_wconf 87' lang='lat' dir='ltr'><strong>ullo</strong></span> <span class='ocrx_word' id='word_1_776' title='bbox 1438 5683 1588 5740; x_wconf 85' lang='lat' dir='ltr'><strong>modo</strong></span> <span class='ocrx_word' id='word_1_777' title='bbox 1635 5681 1803 5739; x_wconf 83' lang='lat' dir='ltr'><strong>valeat</strong></span> <span class='ocrx_word' id='word_1_778' title='bbox 1851 5682 2041 5737; x_wconf 74' lang='lat' dir='ltr'><strong>exstin-</strong></span> 
     </span>
    </p>
   </div>
   <div class='ocr_carea' id='block_1_106' title="bbox 460 5782 633 5837">
    <p class='ocr_par' dir='ltr' id='par_1_106' title="bbox 460 5782 633 5837">
     <span class='ocr_line' id='line_1_106' title="bbox 460 5782 633 5837; baseline -0.012 -13"><span class='ocrx_word' id='word_1_779' title='bbox 460 5782 633 5837; x_wconf 78' lang='lat' dir='ltr'><strong>gnere.</strong></span> 
     </span>
    </p>
   </div>
   <div class='ocr_carea' id='block_1_107' title="bbox 2148 5026 3763 5105">
    <p class='ocr_par' dir='ltr' id='par_1_107' title="bbox 2148 5026 3763 5105">
     <span class='ocr_line' id='line_1_107' title="bbox 2148 5026 3763 5105; baseline 0.001 -12"><span class='ocrx_word' id='word_1_780' title='bbox 2148 5037 2304 5101; x_wconf 90' lang='lat' dir='ltr'><strong>siam,</strong></span> <span class='ocrx_word' id='word_1_781' title='bbox 2335 5044 2390 5090; x_wconf 91' lang='lat' dir='ltr'><strong>et</strong></span> <span class='ocrx_word' id='word_1_782' title='bbox 2416 5035 2537 5091; x_wconf 91' lang='lat' dir='ltr'><strong>illos</strong></span> <span class='ocrx_word' id='word_1_783' title='bbox 2574 5036 2642 5091; x_wconf 90' lang='lat' dir='ltr'><strong>ab</strong></span> <span class='ocrx_word' id='word_1_784' title='bbox 2672 5036 2881 5091; x_wconf 89' lang='lat' dir='ltr'><strong>unitate</strong></span> <span class='ocrx_word' id='word_1_785' title='bbox 2908 5035 3113 5092; x_wconf 90' lang='lat' dir='ltr'><strong>divisos</strong></span> <span class='ocrx_word' id='word_1_786' title='bbox 3150 5037 3481 5105; x_wconf 84' lang='lat' dir='ltr'><strong>cognoscite,</strong></span> <span class='ocrx_word' id='word_1_787' title='bbox 3506 5047 3570 5095; x_wconf 76' lang='lat' dir='ltr'><strong>et.</strong></span> <span class='ocrx_word' id='word_1_788' title='bbox 3586 5026 3763 5097; x_wconf 50' lang='lat' dir='ltr'><strong>com?</strong></span> 
     </span>
    </p>
   </div>
   <div class='ocr_carea' id='block_1_108' title="bbox 2148 5126 3749 5199">
    <p class='ocr_par' dir='ltr' id='par_1_108' title="bbox 2148 5126 3749 5199">
     <span class='ocr_line' id='line_1_108' title="bbox 2148 5126 3749 5199; baseline 0.005 -17"><span class='ocrx_word' id='word_1_789' title='bbox 2148 5127 2422 5182; x_wconf 89' lang='lat' dir='ltr'><strong>munionis</strong></span> <span class='ocrx_word' id='word_1_790' title='bbox 2467 5127 2820 5195; x_wconf 69' lang='lat' dir='ltr'><strong>qumstionem</strong></span> <span class='ocrx_word' id='word_1_791' title='bbox 2860 5142 2978 5182; x_wconf 87' lang='lat' dir='ltr'><strong>esse</strong></span> <span class='ocrx_word' id='word_1_792' title='bbox 3017 5126 3318 5193; x_wconf 83' lang='lat' dir='ltr'><strong>sublatam,</strong></span> <span class='ocrx_word' id='word_1_793' title='bbox 3360 5143 3520 5199; x_wconf 84' lang='lat' dir='ltr'><strong>quam</strong></span> <span class='ocrx_word' id='word_1_794' title='bbox 3550 5147 3749 5189; x_wconf 81' lang='lat' dir='ltr'><strong>veram</strong></span> 
     </span>
    </p>
   </div>
   <div class='ocr_carea' id='block_1_109' title="bbox 2148 5218 3745 5291">
    <p class='ocr_par' dir='ltr' id='par_1_109' title="bbox 2148 5218 3745 5291">
     <span class='ocr_line' id='line_1_109' title="bbox 2148 5218 3745 5291; baseline 0.003 -17"><span class='ocrx_word' id='word_1_795' title='bbox 2148 5218 2253 5274; x_wconf 89' lang='lat' dir='ltr'><strong>nisi</strong></span> <span class='ocrx_word' id='word_1_796' title='bbox 2289 5218 2344 5271; x_wconf 92' lang='lat' dir='ltr'><strong>in</strong></span> <span class='ocrx_word' id='word_1_797' title='bbox 2391 5218 2596 5272; x_wconf 88' lang='lat' dir='ltr'><strong>unitate</strong></span> <span class='ocrx_word' id='word_1_798' title='bbox 2642 5223 2856 5272; x_wconf 88' lang='lat' dir='ltr'><strong>constat</strong></span> <span class='ocrx_word' id='word_1_799' title='bbox 2902 5232 3024 5272; x_wconf 90' lang='lat' dir='ltr'><strong>esse</strong></span> <span class='ocrx_word' id='word_1_800' title='bbox 3060 5232 3169 5273; x_wconf 89' lang='lat' dir='ltr'><strong>non</strong></span> <span class='ocrx_word' id='word_1_801' title='bbox 3207 5233 3388 5287; x_wconf 84' lang='lat' dir='ltr'><strong>posse.</strong></span> <span class='ocrx_word' id='word_1_802' title='bbox 3420 5219 3540 5277; x_wconf 82' lang='lat' dir='ltr'><strong>Noli</strong></span> <span class='ocrx_word' id='word_1_803' title='bbox 3580 5236 3745 5291; x_wconf 84' lang='lat' dir='ltr'><strong>ergo,</strong></span> 
     </span>
    </p>
   </div>
   <div class='ocr_carea' id='block_1_110' title="bbox 2146 5306 3744 5381">
    <p class='ocr_par' dir='ltr' id='par_1_110' title="bbox 2146 5306 3744 5381">
     <span class='ocr_line' id='line_1_110' title="bbox 2146 5306 3744 5381; baseline 0.003 -16"><span class='ocrx_word' id='word_1_804' title='bbox 2146 5311 2300 5381; x_wconf 89' lang='lat' dir='ltr'><strong>quasi</strong></span> <span class='ocrx_word' id='word_1_805' title='bbox 2330 5309 2476 5365; x_wconf 89' lang='lat' dir='ltr'><strong>nulla</strong></span> <span class='ocrx_word' id='word_1_806' title='bbox 2498 5308 2960 5365; x_wconf 85' lang='lat' dir='ltr'><strong>schismaticorum</strong></span> <span class='ocrx_word' id='word_1_807' title='bbox 2980 5317 3145 5377; x_wconf 90' lang='lat' dir='ltr'><strong>atque</strong></span> <span class='ocrx_word' id='word_1_808' title='bbox 3159 5306 3414 5365; x_wconf 68' lang='lat' dir='ltr'><strong>Ecclesia:</strong></span> <span class='ocrx_word' id='word_1_809' title='bbox 3433 5312 3744 5370; x_wconf 75' lang='lat' dir='ltr'><strong>ditierentia</strong></span> 
     </span>
    </p>
   </div>
   <div class='ocr_carea' id='block_1_111' title="bbox 2147 5401 3741 5471">
    <p class='ocr_par' dir='ltr' id='par_1_111' title="bbox 2147 5401 3741 5471">
     <span class='ocr_line' id='line_1_111' title="bbox 2147 5401 3741 5471; baseline 0.001 -11"><span class='ocrx_word' id='word_1_810' title='bbox 2147 5406 2236 5467; x_wconf 87' lang='lat' dir='ltr'><strong>sit,</strong></span> <span class='ocrx_word' id='word_1_811' title='bbox 2266 5404 2405 5458; x_wconf 89' lang='lat' dir='ltr'><strong>velle</strong></span> <span class='ocrx_word' id='word_1_812' title='bbox 2435 5401 2805 5457; x_wconf 77' lang='lat' dir='ltr'><strong>indifferenter</strong></span> <span class='ocrx_word' id='word_1_813' title='bbox 2833 5410 3187 5471; x_wconf 88' lang='lat' dir='ltr'><strong>utrorumque</strong></span> <span class='ocrx_word' id='word_1_814' title='bbox 3210 5403 3490 5460; x_wconf 73' lang='lat' dir='ltr'><strong>sacrificiis</strong></span> <span class='ocrx_word' id='word_1_815' title='bbox 3514 5405 3741 5463; x_wconf 80' lang='lat' dir='ltr'><strong>sociari.</strong></span> 
     </span>
    </p>
   </div>
   <div class='ocr_carea' id='block_1_112' title="bbox 2146 5491 3740 5564">
    <p class='ocr_par' dir='ltr' id='par_1_112' title="bbox 2146 5491 3740 5564">
     <span class='ocr_line' id='line_1_112' title="bbox 2146 5491 3740 5564; baseline 0.001 -13"><span class='ocrx_word' id='word_1_816' title='bbox 2146 5496 2264 5551; x_wconf 87' lang='lat' dir='ltr'><strong>Non</strong></span> <span class='ocrx_word' id='word_1_817' title='bbox 2294 5503 2378 5551; x_wconf 91' lang='lat' dir='ltr'><strong>est</strong></span> <span class='ocrx_word' id='word_1_818' title='bbox 2422 5494 2621 5551; x_wconf 89' lang='lat' dir='ltr'><strong>Christi</strong></span> <span class='ocrx_word' id='word_1_819' title='bbox 2653 5509 2880 5564; x_wconf 87' lang='lat' dir='ltr'><strong>corpus,</strong></span> <span class='ocrx_word' id='word_1_820' title='bbox 2903 5491 3052 5562; x_wconf 84' lang='lat' dir='ltr'><strong>quod</strong></span> <span class='ocrx_word' id='word_1_821' title='bbox 3085 5494 3458 5551; x_wconf 85' lang='lat' dir='ltr'><strong>schismaticus</strong></span> <span class='ocrx_word' id='word_1_822' title='bbox 3496 5494 3740 5562; x_wconf 80' lang='lat' dir='ltr'><strong>coniicit,</strong></span> 
     </span>
    </p>
   </div>
   <div class='ocr_carea' id='block_1_113' title="bbox 2144 5582 3744 5655">
    <p class='ocr_par' dir='ltr' id='par_1_113' title="bbox 2144 5582 3744 5655">
     <span class='ocr_line' id='line_1_113' title="bbox 2144 5582 3744 5655; baseline 0.001 -11"><span class='ocrx_word' id='word_1_823' title='bbox 2144 5589 2187 5645; x_wconf 89' lang='lat' dir='ltr'><strong>si</strong></span> <span class='ocrx_word' id='word_1_824' title='bbox 2221 5587 2450 5643; x_wconf 90' lang='lat' dir='ltr'><strong>veritate</strong></span> <span class='ocrx_word' id='word_1_825' title='bbox 2502 5585 2640 5641; x_wconf 89' lang='lat' dir='ltr'><strong>duce</strong></span> <span class='ocrx_word' id='word_1_826' title='bbox 2682 5585 2982 5655; x_wconf 86' lang='lat' dir='ltr'><strong>dirigimur.</strong></span> <span class='ocrx_word' id='word_1_827' title='bbox 3018 5582 3130 5641; x_wconf 85' lang='lat' dir='ltr'><strong>Nec</strong></span> <span class='ocrx_word' id='word_1_828' title='bbox 3167 5585 3312 5640; x_wconf 88' lang='lat' dir='ltr'><strong>enim</strong></span> <span class='ocrx_word' id='word_1_829' title='bbox 3344 5585 3575 5643; x_wconf 85' lang='lat' dir='ltr'><strong>divisum</strong></span> <span class='ocrx_word' id='word_1_830' title='bbox 3616 5601 3744 5646; x_wconf 85' lang='lat' dir='ltr'><strong>esse</strong></span> 
     </span>
    </p>
   </div>
   <div class='ocr_carea' id='block_1_114' title="bbox 2144 5675 3742 5750">
    <p class='ocr_par' dir='ltr' id='par_1_114' title="bbox 2144 5675 3742 5750">
     <span class='ocr_line' id='line_1_114' title="bbox 2144 5675 3742 5750; baseline 0.003 -16"><span class='ocrx_word' id='word_1_831' title='bbox 2144 5680 2414 5734; x_wconf 87' lang='lat' dir='ltr'><strong>Christum</strong></span> <span class='ocrx_word' id='word_1_832' title='bbox 2431 5680 2629 5749; x_wconf 89' lang='lat' dir='ltr'><strong>poterit</strong></span> <span class='ocrx_word' id='word_1_833' title='bbox 2644 5678 2924 5748; x_wconf 87' lang='lat' dir='ltr'><strong>quisquam</strong></span> <span class='ocrx_word' id='word_1_834' title='bbox 2947 5675 3062 5732; x_wconf 89' lang='lat' dir='ltr'><strong>sine</strong></span> <span class='ocrx_word' id='word_1_835' title='bbox 3083 5677 3329 5748; x_wconf 78' lang='lat' dir='ltr'><strong>Apostoli</strong></span> <span class='ocrx_word' id='word_1_836' title='bbox 3350 5680 3742 5750; x_wconf 80' lang='lat' dir='ltr'><strong>reprobatione</strong></span> 
     </span>
    </p>
   </div>
   <div class='ocr_carea' id='block_1_115' title="bbox 2144 5768 3747 5853">
    <p class='ocr_par' dir='ltr' id='par_1_115' title="bbox 2144 5768 3747 5853">
     <span class='ocr_line' id='line_1_115' title="bbox 2144 5768 3747 5853; baseline 0.001 -26"><span class='ocrx_word' id='word_1_837' title='bbox 2144 5770 2468 5839; x_wconf 79' lang='lat' dir='ltr'><strong>contingere.</strong></span> <span class='ocrx_word' id='word_1_838' title='bbox 2509 5769 2724 5853; x_wconf 81' lang='lat' dir='ltr'><strong>Unam,</strong></span> <span class='ocrx_word' id='word_1_839' title='bbox 2765 5776 2820 5822; x_wconf 92' lang='lat' dir='ltr'><strong>ut</strong></span> <span class='ocrx_word' id='word_1_840' title='bbox 2847 5782 2988 5839; x_wconf 67' lang='lat' dir='ltr'><strong>sche</strong></span> <span class='ocrx_word' id='word_1_841' title='bbox 3019 5768 3219 5827; x_wconf 85' lang='lat' dir='ltr'><strong>dictum</strong></span> <span class='ocrx_word' id='word_1_842' title='bbox 3246 5780 3490 5842; x_wconf 75' lang='lat' dir='ltr'><strong>cst,qu;e</strong></span> <span class='ocrx_word' id='word_1_843' title='bbox 3533 5772 3747 5829; x_wconf 84' lang='lat' dir='ltr'><strong>Christi-</strong></span> 
     </span>
    </p>
   </div>
  </div>
