3992 6456
176 333 236 389 ιι
250 334 289 390 3
1659 314 2035 372 εριδτοιηΕ.
3368 304 3481 363 41λῖ

175 441 388 497 corpus
410 433 529 492 est,
553 430 762 483 constat
788 435 907 479 esse
935 419 1255 484 Ecclesiam,
1283 431 1403 487 qum
1429 415 1482 471 in
1504 414 1612 471 duo
1632 415 1782 471 velin
1814 418 1863 476 Α
1889 412 1950 482 ﬁt
1977 421 2148 464 tamen
2175 408 2313 480 quod
2340 408 2521 473 nollet,
2561 416 2619 461 ut
2647 407 2843 476 doleat,
2867 422 2958 478 qui
2985 406 3146 460 etiam
3177 403 3376 497 inritus
3398 402 3480 459 ri-

176 522 341 593 plura
368 520 556 576 dividi
581 534 687 573 non
715 514 961 587 potest(l
973 514 1098 569 Cor.
1122 530 1163 581 t,
1181 510 1476 582 15).Simul
1497 509 1640 564 enim
1669 522 1790 563 cum
1895 506 2045 559 detur
2072 504 2252 558 dolore
2289 501 2579 593 sanandus.
2623 499 2765 556 Ecce
2792 500 2986 556 videtis
3022 496 3477 593 quemadmodum

178 583 250 672 ab
280 628 350 668 ea
374 612 623 684 quisque
648 583 950 673 recesserit,
975 605 1314 662 essedesistit
1330 603 1591 659 Ecclesia.
1616 600 1792 657 Unum
1894 594 2031 649 tanti
2084 592 2397 684 testimonio
2437 589 2617 684 Patris
2640 604 2748 684 non
2776 598 3131 684 persequatur
3176 583 3481 684 coercetnlo

180 676 550 760 Hierusalem
571 702 827 772 templum
842 708 963 756 est:
992 698 1149 755 idolis
1178 711 1398 753 necesse
1427 702 1510 752 est
1532 703 1589 749 ut
1613 694 1798 749 immo-
1896 686 2044 751 talia.
2076 684 2172 739 sed
2200 682 2388 752 (Πυθίη
2428 680 2782 772 emenda“?
2801 680 2936 735 “1195
2961 694 3176 772 θεωρεῖ
3212 676 3481 772 E99105“-

182 797 261 854 let
287 795 391 865 Qui
419 769 783 865 semetipsum
805 791 1064 847 diviserit.
1896 776 2080 865 Facite
2109 789 2240 844 ergo
2283 774 2446 830 etiam
2476 788 2599 865 vos,
2639 769 2787 841 quod
2835 772 3071 865 scientes
3120 769 3479 865 intentionem

260 902 426 959 Idem
457 901 720 973 Pelagius
758 900 1041 955 Valeriano
1074 899 1324 971 patricio,
1354 898 1493 951 inter
1514 903 1719 950 catera.

254 1031 412 1089 Istud
441 1040 536 1089 est
558 1030 701 1103 quod
726 1045 756 1084 a
776 1028 931 1085 vobis
958 1027 1325 1099 poposcimus,
1356 1036 1410 1081 et
1439 1040 1581 1080 nunc
1603 1026 1793 1080 iterum

183 1123 565 1195 postulamus,
599 1131 657 1177 ut
712 1120 993 1177 Paulinum
1034 1118 1431 1188 Aquileiensem
1480 1116 1798 1187 pseudoepi-

187 1228 452 1284 scopum,
490 1225 549 1270 et
578 1213 727 1267 illum
766 1209 1219 1265 Mediolanensem
1253 1208 1562 1277 episc0pum
1593 1206 1661 1261 ad
1685 1206 1797 1261 cle-

187 1304 603 1361 mentissimum
633 1302 933 1374 principem
971 1300 1071 1355 sub
1090 1299 1251 1367 digna
1273 1298 1518 1354 custodia
1535 1298 1796 1368 dirigatis,

188 1406 245 1451 et
287 1398 398 1451 iste
442 1397 542 1467 qui
581 1396 870 1467 episcopus
910 1408 1029 1448 esse
1076 1392 1383 1471 nullatenus
1422 1399 1631 1461 potest,
1672 1392 1798 1461 quia

188 1495 389 1542 contra
423 1500 652 1540 omnem
680 1484 995 1539 canonicam
1016 1481 1461 1537 consuetudinem
1490 1482 1664 1536 factus
1694 1489 1795 1547 est,

188 1578 331 1634 alios
360 1578 518 1632 ultra
551 1593 662 1633 non
690 1575 901 1647 perdat,
932 1582 987 1629 et
1016 1574 1106 1629 ille
1134 1574 1225 1643 qui
1250 1581 1439 1629 contra
1469 1588 1679 1629 morem
1702 1589 1800 1627 an-

189 1668 412 1738 tiquum
439 1683 574 1722 eum
601 1666 852 1721 ordinare
882 1664 1243 1736 prassumpsit,
1270 1663 1464 1718 debita:
1501 1663 1800 1719 canoniltus

190 1758 459 1813 vindicta:
483 1757 786 1825 subjaceat.
816 1754 924 1810 Sed
938 1769 1038 1810 nec
1065 1754 1219 1809 licuit
1238 1754 1528 1824 aliquando
1548 1770 1651 1811 nec
1670 1754 1802 1810 lice-

189 1848 274 1905 bit
306 1848 709 1918 particularem
737 1846 1001 1919 synodum
1037 1846 1104 1901 ad
1132 1845 1539 1915 dijudicandum
1578 1861 1804 1916 genera-

191 1938 301 1994 lem
328 1938 619 2010 synodum
647 1938 984 2007 congregari.
1017 1936 1125 1992 Sed
1169 1936 1304 2008 (Ivo,
1340 1955 1392 2008 p.
1425 1953 1499 2003 tv,
1522 1954 1636 2008 cap.
1673 1937 1801 2009 259)

193 2031 464 2101 quotiens
487 2031 668 2100 aliqua
694 2030 762 2085 de
797 2029 1088 2084 universali
1117 2028 1328 2100 synodo
1350 2029 1618 2099 aliquibus
1642 2028 1802 2084 dubi-

195 2121 339 2177 tatio
367 2122 643 2189 nascitur,
674 2121 741 2175 ad
771 2120 1132 2191 recipiendam
1153 2120 1225 2176 de
1252 2136 1319 2177 eo
1347 2121 1491 2191 quod
1513 2138 1621 2176 non
1654 2121 1808 2178 intel-

194 2210 378 2281 ligunt
399 2213 805 2280 rationem,aut
831 2220 1024 2282 sponte
1044 2212 1095 2266 hi
1120 2212 1212 2281 qui
1233 2212 1460 2268 salutem
1481 2214 1673 2267 anima:
1695 2228 1806 2267 sua:

196 2302 609 2357 desiderantad
621 2303 948 2371 apostolicas
968 2302 1123 2357 sedes
1145 2318 1243 2373 pro
1267 2303 1576 2374 recipienda
1595 2305 1808 2361 ratione

197 2393 563 2457 conveniant,
591 2402 683 2448 aut
714 2394 758 2450 si
788 2394 959 2461 forte,
990 2393 1128 2450 sicut
1156 2395 1223 2449 de
1246 2395 1440 2450 talibus
1467 2395 1671 2451 dictum
1699 2404 1804 2461 est,

201 2495 456 2553 peccator
481 2499 596 2537 cum
615 2486 805 2539 venerit
830 2486 885 2539 in
912 2484 1231 2556 profundum
1257 2486 1540 2551 malorum,
1579 2496 1808 2541 content-

202 2579 282 2631 ait
314 2576 510 2647 (Prov.
526 2592 670 2643 xvtu,
692 2577 769 2649 5),
802 2579 877 2632 ita
898 2578 1152 2633 obstinati
1181 2586 1238 2634 et
1273 2587 1616 2637 contumaces
1643 2583 1811 2638 exsti-

206 2667 405 2733 terint,
441 2677 502 2722 ut
536 2668 714 2723 doceri
756 2683 866 2725 non
906 2669 1111 2732 velint,
1142 2684 1238 2725 eos
1260 2669 1329 2724 ab
1359 2670 1562 2726 eisdem
1590 2678 1814 2743 aposto-

209 2755 336 2813 licis
362 2756 595 2813 sedibus
616 2766 707 2812 aut
734 2758 933 2813 attrahi
957 2759 1024 2813 ad
1053 2760 1283 2816 salutem
1311 2763 1693 2831 quoquomodo
1716 2779 1814 2819 ne-

211 2862 375 2903 cesse
426 2855 554 2915 est,
614 2857 708 2904 aut
762 2866 831 2906 ne
875 2851 1105 2906 aliorum
1157 2854 1390 2922 perditio
1429 2869 1551 2909 esse
1604 2856 1814 2925 possint

208 2939 523 2993 secundum
549 2955 785 2996 canones
806 2957 904 3011 per
930 2943 1217 2999 saeculares
1241 2944 1474 3014 opprimi
1493 2953 1810 3014 potestates.

206 3029 324 3089 Nec
357 3031 417 3084 in
449 3030 553 3086 hac
581 3040 737 3100 parte
761 3047 860 3086 vos
887 3032 1164 3087 hominum
1192 3035 1501 3103 vaniloquia
1536 3037 1814 3091 retardent

208 3121 543 3187 dicentium,
573 3123 700 3191 quia
728 3123 1158 3192 persecutionem
1179 3124 1425 3180 Ecclesia
1454 3125 1649 3191 faciat,
1683 3127 1810 3182 dum
1838 3164 1884 3228 c

205 3214 303 3268 vel
334 3227 404 3267 ea
435 3227 557 3281 qum
584 3212 993 3267 committuntur
1012 3215 1275 3284 reprimit,
1305 3215 1389 3270 vel
1411 3212 1709 3270 anin'larum
1723 3233 1811 3273 sa-

209 3303 389 3357 lutem
412 3302 659 3371 requirit.
692 3300 890 3357 Errant
910 3302 1215 3372 hujusmodi
1232 3306 1466 3360 rumoris
1486 3305 1813 3363 fabulatores

215 3392 333 3466 (Ivo
365 3411 489 3465 par.
516 3410 569 3461 x,
626 3411 740 3464 cap.
775 3392 887 3465 95).
935 3395 1055 3450 Non
1102 3398 1447 3466 persequitur
1475 3398 1577 3453 nisi
1625 3400 1715 3469 qui
1745 3402 1814 3456 ad

217 3486 434 3541 malum
467 3486 631 3554 cogit.
664 3484 766 3551 Qui
795 3501 924 3541 vero
952 3487 1151 3541 malum
1178 3488 1265 3542 vel
1294 3488 1489 3543 factum
1502 3488 1615 3561 jam
1637 3492 1813 3562 punit,

218 3576 305 3631 vel
336 3575 599 3645 prohibet
620 3593 687 3631 ne
716 3576 828 3643 ﬁat,
860 3592 968 3632 non
994 3579 1334 3648 persequitur
1360 3580 1483 3648 iste,
1506 3581 1601 3636 sed
1620 3582 1811 3652 diligit.

223 3666 360 3738 Nam
393 3666 461 3727 si.
489 3675 548 3721 ut
569 3666 645 3721 illi
666 3676 879 3737 putant,
911 3684 1072 3723 nemo
1103 3684 1205 3724 nec
1230 3671 1601 3741 reprimendus
1621 3689 1651 3727 a
1672 3673 1815 3729 malo

230 3756 297 3811 ad
329 3756 538 3811 bonum
567 3766 672 3822 est,
703 3758 968 3813 humanas
989 3766 1043 3813 et
1071 3760 1280 3815 divinas
1302 3761 1449 3829 leges
1484 3778 1706 3818 necesse
1734 3771 1817 3818 est

226 3848 512 3915 evacuari;
544 3864 664 3919 quae
694 3857 750 3904 et
780 3849 934 3904 malis
960 3865 1176 3919 poenam
1200 3859 1255 3906 et
1281 3851 1436 3908 bonis
1462 3855 1677 3923 prtemia
1698 3854 1816 3923 jus-

229 3940 341 3995 titia
393 3941 659 3997 suadente
697 3941 1051 3995 constituunt.
1100 3941 1298 3998 Malum
1354 3952 1534 3999 autem
1583 3946 1817 4001 schisma

233 4048 375 4101 csse,
398 4042 453 4088 et
484 4049 583 4103 per
611 4042 824 4088 exteras
855 4034 1015 4089 etiam
1058 4042 1357 4105 potestates
1384 4035 1685 4106 hujusmodi
1715 4038 1818 4094 ho-

231 4125 399 4183 mines
421 4125 622 4179 debere
646 4125 896 4199 opprimi,
930 4132 985 4180 et
1013 4127 1286 4181 canonica:
1313 4127 1607 4197 Scriptum:
1632 4135 1820 4183 aucto-

234 4211 380 4277 ritas,
413 4222 471 4269 et
510 4221 858 4285 paternarum
903 4215 1210 4283 regularum
1258 4232 1357 4272 nos
1396 4216 1594 4272 veritas
1634 4217 1814 4273 docet.

236 4302 490 4374 Quisquis
520 4318 651 4372 ergo
692 4306 760 4361 ab
789 4306 1098 4375 apostolicis
1126 4307 1326 4363 divisus
1355 4315 1437 4363 est
1484 4310 1714 4375 sedibus,
1764 4311 1820 4365 in

236 4395 533 4451 schismate
561 4411 684 4452 eum
714 4412 835 4452 esse
863 4413 972 4453 non
1011 4397 1230 4456 dubium
1260 4409 1374 4466 est,
1408 4409 1462 4457 et
1487 4411 1671 4457 contra
1702 4404 1821 4458 uni-

238 4490 501 4544 versalem
526 4486 819 4544 Ecclesiam
850 4490 1021 4546 altare
1042 4500 1272 4547 conatur
1299 4495 1527 4562 erigere.
1559 4493 1665 4549 Sed
1693 4495 1819 4565 quid

241 4574 307 4632 de
333 4579 536 4635 talibus
563 4581 798 4635 insertus
829 4580 1257 4639 Chalcedonensi
1277 4576 1483 4655 synodi)
1513 4600 1685 4639 canon
1712 4594 1820 4640 sta-

242 4672 353 4723 tuat
378 4672 519 4741 (Act.
553 4672 607 4737 ι,
640 4688 830 4727 canon.
851 4682 959 4727 ant.
983 4672 1059 4743 5),
1088 4675 1255 4743 gloria
1286 4683 1462 4729 vestra
1492 4676 1818 4745 consideret,

247 4757 331 4813 ubi
361 4769 487 4831 post
517 4762 618 4815 alia
644 4763 721 4818 sic
748 4763 877 4817 dicit
908 4781 921 4817 :
967 4764 1066 4830 Qui
1098 4780 1126 4819 a
1162 4766 1542 4821 communione
1588 4768 1819 4838 seipsum

244 4854 535 4921 suspendit.
568 4862 624 4907 et
650 4853 931 4908 collectam
962 4854 1109 4915 facit.
1137 4864 1193 4910 et
1230 4856 1402 4912 altare
1441 4859 1738 4923 constituit,
1768 4868 1823 4914 et

247 4941 474 4998 uoluerit
513 4947 730 4999 vocanti
784 4946 1041 5016 episcopo
1096 4949 1424 5016 consentire,
1482 4959 1538 5005 et
1590 4951 1823 5005 noluerit

248 5032 415 5089 eidem
473 5037 853 5105 acquiescere,
908 5054 1083 5110 neque
1137 5041 1357 5097 obedire
1404 5044 1579 5113 primo
1634 5053 1689 5099 et
1733 5059 1821 5099 se-

249 5124 419 5181 cundo
466 5127 715 5192 vocanti,
779 5129 922 5184 hunc
969 5131 1191 5187 omnino
1245 5132 1529 5201 damnari,
1580 5150 1681 5190 nec
1726 5152 1827 5189 un~

251 5222 403 5278 quam
427 5218 515 5273 vel
545 5219 846 5275 orationem
873 5223 1089 5288 mereri,
1119 5239 1222 5279 nec
1244 5226 1487 5295 recipere
1514 5242 1634 5280 eum
1666 5243 1825 5296 posse

252 5301 529 5365 honorem.
565 5311 622 5366 Si
671 5313 815 5367 enim
844 5316 1202 5383 permanserit
1239 5318 1424 5372 turbas
1446 5326 1503 5371 et
1532 5318 1824 5374 seditiones

174 5436 177 5439 .
254 5386 522 5467 Ecclesia),
554 5415 651 5470 per
698 5409 939 5458 exteram
972 5412 1293 5472 potestatem
1326 5421 1579 5476 tanquam
1606 5410 1826 5463 seditio-

253 5493 363 5537 sum
386 5491 687 5559 comprimi.
712 5490 776 5545 Et
795 5492 983 5547 beatus
1006 5494 1329 5561 Augustinus
1354 5496 1420 5552 de
1445 5498 1636 5553 talibus
1659 5500 1814 5554 dicit:

254 5569 415 5631 Multa
455 5583 611 5635 etiam
644 5600 760 5637 cum
802 5586 973 5639 invitis
1002 5585 1226 5658 benigna
1266 5590 1491 5661 quadam
1539 5594 1820 5661 asperitate

256 5663 523 5728 Plectendis
544 5675 747 5745 agenda
774 5688 893 5730 sunt
916 5695 933 5742 ;
960 5695 1174 5749 quorum
1205 5680 1376 5749 potius
1400 5682 1613 5736 utilitati
1633 5700 1821 5738 consu-

257 5752 451 5814 lendum
475 5772 551 5817 est
576 5782 728 5835 quam
758 5768 1027 5847 voluntati.
1074 5767 1215 5824 Nam
1260 5772 1315 5824 in
1354 5773 1679 5843 corripiendo
1707 5775 1819 5844 ﬁlio

257 5854 562 5908 mluntuntvis
582 5871 781 5919 aspere,
810 5876 1069 5921 nunquam
1093 5870 1335 5922 putemus
1366 5880 1514 5919 amor
1543 5866 1817 5925 amittitur.

1897 864 2317 923 Christianitatis
2339 872 2535 922 vestrae
2574 862 2885 934 frequenter
2914 862 3225 927 hortamur;
3268 870 3325 916 et
3350 859 3478 916 date

1895 973 2117 1028 operam
2162 966 2221 1013 ut
2269 958 2397 1012 talia
2422 956 2538 1011 fieri
2588 954 2728 1010 ultra
2783 969 2893 1011 non
2936 953 3120 1021 liceat,
3159 951 3254 1006 sed
3282 952 3473 1016 etiam,

1898 1048 2043 1119 quod
2072 1050 2227 1105 vobis
2248 1065 2357 1105 non
2381 1047 2696 1103 facillimum
2726 1060 2847 1103 esse
2879 1060 2988 1100 non
3033 1043 3257 1108 dubito,
3290 1042 3349 1096 hi
3393 1043 3485 1113 qui

1906 1140 2031 1194 talia
2084 1146 2544 1210 praesumpserunt
2582 1137 2651 1192 ad
2698 1137 2998 1207 piissimum
3045 1135 3341 1206 principem
3386 1132 3488 1188 sub

1899 1229 2058 1298 digna
2080 1230 2323 1285 custodia
2350 1230 2671 1298 dirigantur.
2705 1227 2966 1284 Recolere
3007 1226 3150 1282 enim
3178 1226 3342 1282 debet
3368 1223 3485 1281 cel-

1899 1320 2079 1376 situdo
2099 1329 2279 1376 vestra
2305 1320 2437 1389 quid
2475 1334 2573 1389 per
2599 1334 2697 1375 vos
2717 1317 2860 1373 Deus
2886 1316 3077 1373 fecerit
3114 1324 3363 1386 tempore
3391 1312 3487 1370 illo

1900 1428 2031 1482 quo,
2062 1412 2272 1468 Istriam
2300 1418 2357 1467 et
2394 1410 2653 1465 Venetias
2691 1418 2922 1481 tyranno
2950 1407 3127 1465 Totila
3154 1406 3485 1477 possidente,

1901 1503 2124 1557 Francis
2164 1502 2329 1556 etiam
2357 1508 2552 1557 cuncta
2591 1499 2948 1564 vastantibus,
2992 1513 3101 1552 non
3128 1505 3256 1552 ante
3304 1503 3485 1549 tamen

1900 1591 2354 1647 Mediolanensem
2385 1590 2697 1660 episcopum
2742 1587 2858 1643 fieri
2887 1586 3223 1658 permisistis,
3276 1584 3379 1639 nisi
3423 1583 3488 1639 ad

1884 1682 2381 1741 clementissimum
2431 1682 2730 1752 principem
2780 1679 2977 1735 exinde
3022 1677 3382 1744 retulissetis;
3429 1684 3490 1731 et

1832 1792 1879 1851 Β
1904 1776 2033 1846 quid
2054 1774 2168 1831 fieri
2188 1775 2483 1838 debuisset,
2524 1773 2641 1843 ejus
2679 1774 2873 1829 iterum
2902 1771 3117 1842 scriptis
3143 1783 3491 1839 recognons-

1902 1870 2053 1936 setis,
2084 1875 2141 1923 et
2178 1867 2319 1922 inter
2368 1865 2567 1935 ubique
2609 1863 2879 1919 ferventes
2920 1863 3125 1927 hostes,
3171 1859 3486 1913 Ravennam

1906 1966 2102 2023 tamen,
2153 1965 2209 2012 et
2238 1957 2285 2011 is
2307 1956 2400 2025 qui
2446 1953 2799 2010 ordinabatur
2837 1961 2893 2009 et
2938 1953 2983 2008 is
3009 1952 3102 2021 qui
3148 1948 3492 2005 ordinaturus

1903 2055 2038 2116 erat,
2071 2046 2407 2118 providentia
2436 2045 2683 2102 culminis
2703 2045 2867 2100 vestri
2888 2044 3103 2101 deducti
3126 2051 3272 2098 sunt.

2316 2159 2562 2230 Pelagius
2586 2156 2807 2230 Cethego
2832 2157 3072 2229 patricio.

1976 2270 2130 2339 Quod
2172 2270 2241 2327 de
2269 2270 2570 2327 ordinando
2597 2268 2853 2326 Ecclesiae
2891 2268 3180 2323 Catanensi
3228 2268 3489 2339 episeopo

1910 2363 2141 2418 salubris
2190 2362 2456 2417 electione
2478 2361 2665 2431 judicii
2710 2358 2825 2415 fieri
2866 2359 3235 2424 desiderastis,
3272 2358 3495 2428 agnovi-

1908 2472 2029 2513 mus
2056 2497 2070 2523 ,
2104 2454 2387 2511 confestim
2430 2454 2677 2524 sequenti
2701 2452 2791 2508 die
2829 2467 2952 2508 eum
2975 2451 3129 2523 juxta
3159 2466 3364 2507 morem
3390 2449 3497 2507 dis-

1908 2548 2197 2614 cutientes,
2219 2546 2383 2601 tertio
2412 2561 2521 2617 quo
2549 2544 2697 2600 venit
2718 2543 2805 2599 die
2833 2544 3144 2615 episcopum
3178 2556 3498 2598 consecrare

1909 2640 2240 2696 curavimus.
2287 2638 2462 2693 Simili
2508 2637 2727 2707 quidem
2758 2636 2921 2692 modo
2966 2645 3022 2691 et
3050 2635 3117 2691 de
3142 2635 3497 2708 Syracusana:

1909 2731 2059 2785 urbis
2087 2730 2727 2799 antistiteoptaveramus
2751 2728 2804 2782 in
2836 2728 2954 2798 ipso
2986 2728 3140 2784 initio
3180 2728 3364 2797 gloria:
3400 2743 3499 2782 ve-

1910 2829 2037 2875 stra:
2058 2820 2337 2875 desideriis
2359 2819 2601 2885 obedire,
2622 2819 2724 2873 nisi
2746 2834 2845 2873 nos
2868 2818 3147 2889 multiplex
3176 2819 3317 2873 ratio
3334 2818 3500 2887 ipsius

1913 2928 2021 2967 non
2049 2911 2233 2981 paucis
2264 2911 2596 2981 temporibus
2625 2910 3021 2965 ordinationem
3068 2910 3281 2965 differre
3318 2926 3503 2965 sacer-

1912 3003 2045 3058 dotii
2074 3003 2361 3072 coegisset;
2392 3003 2463 3058 ob
2486 3002 2593 3057 hoc
2612 3001 2759 3072 quod
2786 3002 2872 3057 vel
2894 3017 3141 3072 persona:
3170 3002 3423 3071 qualitas,
3447 3010 3503 3057 et

1912 3094 2054 3150 sicut
2080 3110 2177 3150 vos
2206 3096 2398 3150 melius
2453 3095 2644 3162 nostis,
2672 3094 2759 3149 vel
2788 3103 3067 3164 superstes
3094 3108 3253 3159 uxor,
3285 3100 3379 3146 aut
3403 3093 3501 3147 lilii

1914 3200 2012 3257 per
2049 3202 2186 3256 quos
2237 3184 2604 3241 ecclesiastica
2652 3186 2791 3241 solet
2834 3185 3128 3257 periclitari
3166 3183 3503 3255 substantia,

1914 3285 2130 3331 nostros
2154 3276 2363 3332 animos
2391 3276 2593 3332 diutius
2634 3275 2702 3332 ab
2743 3275 2861 3346 ejus
2889 3275 3231 3332 ordinatione
3272 3289 3501 3346 suspen-

1915 3368 2128 3422 derent.
2161 3365 2228 3420 Et
2252 3376 2514 3436 quantum
2541 3367 2608 3421 ad
2630 3368 2895 3424 cautelam
2925 3367 3214 3422 humanam
3242 3367 3500 3438 pertinet,

1914 3459 2126 3528 integro
2153 3472 2292 3528 pene
2312 3472 2454 3513 anno
2482 3456 2818 3525 distulimus;
2840 3459 3126 3531 opinantes
3145 3458 3289 3528 quod
3311 3457 3504 3513 melius

1918 3550 2379 3620 Syracusanorum
2400 3549 2687 3618 provenire
2715 3549 2909 3605 electio
2933 3550 3217 3619 potuisset.
3242 3547 3349 3603 Sed
3380 3549 3503 3619 quia

1918 3641 1972 3695 in
2013 3639 2312 3695 voluntatis
2358 3654 2470 3694 suae
2493 3640 2773 3711 proposito
2803 3641 3227 3696 irrevocabiliter
3247 3641 3504 3710 perstite-

1915 3738 2063 3795 runt,
2096 3741 2152 3785 et
2179 3730 2359 3786 nullus
2385 3739 2469 3787 est
2509 3732 2646 3787 alius
2674 3732 2729 3786 in
2759 3732 2950 3787 eadem
2980 3741 3223 3803 repertus
3244 3730 3504 3797 Ecclesia,

1917 3822 2021 3876 nisi
2062 3822 2395 3891 longioribus
2421 3822 2598 3878 adhuc
2624 3831 2930 3893 temporum
2959 3824 3265 3882 dill‘erretur
3293 3824 3503 3894 spatiis,

1918 3928 1988 3966 ne
2011 3911 2175 3981 paulo
2203 3911 2434 3981 amplius
2463 3912 2782 3981 insanirent,
2810 3914 2951 3969 sicut
2977 3912 3069 3968 filii
3094 3914 3266 3969 nostri
3294 3913 3503 3983 magni-

1919 4001 2004 4057 fici
2024 4001 2125 4056 viri
2146 4003 2391 4071 praetoris
2412 4002 2799 4060 testificatione
2818 4005 3124 4070 didicimus,
3156 4005 3299 4059 inter
3316 4004 3503 4074 hujus-

1920 4090 2065 4146 modi
2104 4088 2487 4161 ambiguitates
2517 4092 2649 4148 illud
2694 4094 2999 4149 co..sultius
3021 4093 3382 4164 judicavimus
3424 4093 3504 4149 fa-

1920 4181 2200 4246 ciendum,
2255 4190 2314 4236 ut
2342 4196 2582 4251 congrua
2628 4183 2989 4253 providentia,
3020 4199 3239 4239 causam
3287 4193 3506 4257 propter

1921 4286 2083 4339 quam
2112 4272 2425 4341 principalis
2444 4273 2763 4329 constitutio
2778 4275 3039 4331 habentes
3066 4275 3204 4331 filios
3232 4285 3287 4333 et
3310 4293 3508 4337 uxores

1924 4361 1991 4415 ad
2010 4362 2357 4432 episcopatus
2371 4363 2620 4432 prohibet
2630 4364 2872 4420 ordinem
2886 4381 3228 4436 promovere,
3243 4370 3391 4425 salva
3408 4368 3507 4426 dis-

1923 4455 2193 4525 positione
2221 4457 2435 4513 concilii
2460 4456 2813 4514 muniremus.
2846 4458 2961 4526 Qua
2990 4459 3057 4516 de
3079 4475 3139 4516 re
3164 4477 3375 4518 summo
3398 4469 3508 4518 stu-

1847 4537 1902 4599 D
1926 4544 2015 4599 dio
2066 4546 2137 4602 ab
2162 4546 2357 4601 eodem
2404 4547 2715 4617 priusquam
2745 4562 2776 4603 a
2815 4548 2970 4604 nobis
3013 4564 3136 4605 eum
3174 4552 3510 4621 contingeret

1923 4641 2185 4705 ordinari,
2217 4641 2526 4712 hujusmodi
2556 4644 2837 4712 exegimus
2864 4645 3193 4712 cautionem,
3228 4663 3325 4718 por
3343 4662 3508 4717 quam

1922 4739 1978 4785 et
2002 4747 2154 4786 suam
2182 4732 2444 4788 fateretur
2469 4736 2725 4805 quantula
2755 4744 2900 4791 esset
2926 4737 3208 4806 praesentis
3237 4736 3507 4807 temporis

1923 4821 2103 4876 habita
2130 4838 2309 4877 rerum
2346 4822 2711 4894 descriptione
2742 4826 3134 4892 substantiam,
3166 4833 3222 4880 et
3250 4825 3378 4880 nihil
3408 4840 3508 4879 un-

1924 4922 2084 4980 quam
2109 4928 2206 4982 per
2232 4928 2310 4979 se,
2342 4922 2435 4968 aut
2462 4930 2561 4984 per
2588 4916 2743 4981 filios,
2772 4925 2864 4969 aut
2888 4931 2987 4986 per
3007 4932 3251 4981 uxorem,
3276 4917 3387 4971 sive
3416 4930 3507 4985 pel

1932 5005 2233 5074 quamlibet
2278 5006 2662 5077 propinquam,
2695 5016 2789 5061 aut
2814 5008 3183 5073 domesticam,
3218 5007 3304 5061 vel
3328 5013 3509 5061 extra-

1930 5109 2088 5149 neam
2130 5095 2270 5150 forte
2296 5110 2603 5165 personam,
2636 5098 2706 5152 de
2735 5098 2894 5155 rebus
2916 5106 3197 5169 usurparet
3220 5096 3511 5165 Ecclesia»;

1928 5196 1983 5241 et
2015 5188 2261 5242 universa
2282 5186 2364 5242 sui
2385 5187 2724 5257 episcopatus
2744 5190 2964 5259 quaesita
2988 5197 3231 5258 tempore
3259 5187 3513 5242 Ecclesiae

1931 5275 2170 5329 dominio
2193 5275 2452 5342 sociaret;
2489 5277 2623 5331 nihil
2660 5279 2795 5332 ultra
2826 5278 2875 5331 id
2913 5278 3057 5347 quod
3084 5278 3245 5332 modo
3271 5276 3511 5348 descrip<

1926 5370 2039 5418 tum
2063 5374 2163 5431 est,
2197 5366 2321 5420 tiliis
2349 5368 2460 5421 suis
2483 5368 2568 5423 vel
2597 5369 2899 5423 haarcdibus
2926 5370 3234 5423 relicturus.

1925 5474 2172 5547 Pelagius
2201 5475 2499 5532 Eleutherio
2527 5481 2765 5549 episcopo
2794 5477 2874 5551 (ϐ.
2905 5477 3126 5544 Deusd.,
3148 5478 3186 5533 ι.
3217 5492 3295 5547 m,
3318 5494 3365 5532 c.
3392 5477 3508 5551 10.)

1995 5589 2259 5647 Maximus
2290 5591 2547 5648 diaconus
2576 5591 2829 5648 Ecclesia:
2856 5592 3158 5648 dilectionis
3204 5600 3308 5648 tua:
3352 5594 3508 5650 nobis

1926 5685 2208 5753 suggessit,
2241 5685 2293 5739 in
2325 5686 2488 5741 fundo
2510 5686 2601 5756 qui
2635 5686 2937 5755 appellatur
2966 5684 3275 5751 Pancellus,
3320 5695 3505 5742 orato-t

1927 5776 2064 5829 rium
2086 5790 2145 5830 se
2172 5792 2269 5845 pro
2298 5792 2393 5830 sua
2417 5775 2707 5831 devotione
2730 5774 2977 5832 fundasse
2996 5816 3011 5841 ,
3044 5777 3187 5846 quod
3217 5778 3270 5832 in
3300 5778 3508 5833 honore

1928 5870 2098 5923 beauc
2148 5866 2421 5923 Cantiantc
2462 5869 2707 5924 martvris
2750 5868 3016 5925 desiderat
3046 5886 3383 5926 consecrare.
3443 5868 3506 5922 Et
