4048 6344
438 243 539 299 415

1789 234 2050 291 PELAGll
2090 234 2291 291 PAP/E
2318 238 2337 292 l

3598 235 3713 297 416

436 360 577 425 ideo,
610 353 777 411 frater
814 352 1145 421 charissime,
1175 353 1219 407 si
1262 352 1313 406 in
1342 358 1432 406 tua
1461 350 1679 405 dimcesi
1710 359 2009 404 memorata
2038 356 2083 410 Α
2115 349 2359 421 Pelagius
2396 349 2590 403 loanm
2619 351 2789 405 comiti
2832 350 3160 425 patrimonii,
3193 358 3542 421 pastoralem.
3576 350 3715 425 (16.,

437 447 767 503 constructio
811 444 931 513 jure
960 444 1227 510 consistit,
1261 451 1316 499 et
1340 443 1540 498 nullum
1586 457 1785 512 corpus
1824 441 2022 496 ibidem

436 544 647 591 constat
676 536 975 600 humatum,
1003 543 1258 606 percepta
1285 536 1433 605 prius
1462 534 1756 589 donatione
1785 533 2023 602 legitima

436 628 518 681 vel
545 626 888 697 possessione
915 626 1007 680 illa
1036 635 1090 680 et
1111 627 1221 690 illa,
1245 632 1564 695 praestantes
1592 624 1789 678 liberos
1810 639 1840 676 a
1867 624 2024 677 fisca-

436 721 572 775 libus
595 720 766 774 titulis
792 720 995 775 solidos
1026 728 1125 783 tot,
1156 719 1427 788 gestisque
1455 717 1867 787 municipalibus
1896 714 2026 769 alle-

437 813 605 880 gatis,
637 806 951 882 praedictum
992 811 1289 865 oratorium
1336 809 1538 878 absque
1580 810 1757 863 missis
1800 808 2027 877 publicis

438 902 753 957 solemniter
780 902 1159 967 consecrabis;
1192 902 1263 956 ita
1294 909 1473 955 tamen
1505 907 1563 953 ut
1592 901 1644 954 in
1684 899 1874 955 eodem
1906 900 2027 955 loco

440 1009 541 1049 nec
568 993 762 1049 futuris
783 994 1123 1065 temporibus
1143 993 1514 1064 baptisterium
1530 1000 1895 1059 construatur,
1926 1008 2027 1049 nec

442 1085 815 1157 presbyterum
871 1085 1165 1139 constituas
1212 1082 1589 1138 cardinalem:
1645 1082 1738 1137 sed
1778 1084 2029 1153 quotiens

442 1177 632 1232 missas
657 1164 876 1231 ibifieri
908 1175 1046 1232 forte
1073 1176 1341 1240 maluerit,
1376 1190 1406 1228 a
1435 1174 1725 1229 dilectione
1756 1183 1845 1227 tua
1874 1190 2027 1244 pres-

443 1269 687 1339 byterum
713 1270 925 1322 noverit
966 1268 1364 1338 postulandum,
1416 1275 1680 1337 quatenus
1707 1266 1837 1321 nihil
1869 1267 1975 1323 tale
1999 1283 2030 1323 a

444 1361 683 1429 quolibet
710 1361 816 1415 alio
845 1360 1129 1416 sacerdote
1149 1361 1415 1416 ullatenus
1444 1369 1812 1432 prmsumatur.

670 1473 908 1545 Pelagius
932 1474 1130 1529 Asteria
1161 1475 1418 1546 episc0po.
1446 1473 1577 1545 (1b.,
1616 1492 1662 1529 ε.
1696 1474 1811 1547 10.)

523 1586 819 1642 Vindimius
848 1586 1015 1642 abbas
1042 1588 1283 1657 petitorii
1313 1590 1469 1645 nobis
1512 1591 1875 1647 insinuatione
1902 1603 2030 1659 sug-

448 1677 627 1744 gessit,
659 1676 804 1747 quod
831 1678 1061 1733 habetur
1089 1679 1143 1733 in
1170 1680 1418 1747 subditis,
1462 1683 1617 1752 juxta
1663 1699 1848 1739 muros
1896 1683 2032 1738 civi-

448 1768 572 1822 tatis
597 1767 949 1823 Salernitanae
976 1770 1115 1825 intra
1140 1783 1528 1829 monasterium
1557 1790 1713 1829 suum
1739 1775 2033 1831 oratorium

448 1872 506 1911 se
536 1872 634 1927 pro
663 1874 760 1913 sua
783 1859 1075 1915 devotione
1103 1860 1376 1929 fundasse,
1408 1865 1555 1933 quod
1589 1866 1641 1919 in
1669 1867 1878 1922 honore
1906 1867 2036 1921 bea-

449 1954 627 2000 torum
655 1958 950 2020 martyrum
982 1950 1304 2022 Chrysanthi
1334 1963 1389 2009 et
1408 1955 1580 2010 Daria:
1606 1956 1878 2012 desiderat
1904 1974 2037 2013 con-

455 2037 676 2091 secrari.
710 2036 777 2091 Et
803 2038 945 2101 ideo,
972 2040 1016 2094 si
1045 2042 1250 2095 nullum
1273 2059 1468 2114 corpus
1486 2046 1687 2101 ibidem
1706 2057 1921 2102 constat
1944 2050 2037 2102 hu-

452 2134 677 2192 matum,
700 2128 1014 2196 praedictum
1047 2134 1433 2188 monasterium
1465 2136 1667 2205 absque
1699 2137 1876 2191 missis
1903 2153 2037 2192 con-

452 2215 717 2282 secrabis;
759 2218 832 2272 ita
858 2226 1039 2275 tamen
1067 2230 1128 2276 ut
1172 2223 1215 2278 si
1247 2224 1496 2280 fundator
1520 2226 1808 2295 przedictus
1848 2227 2039 2283 missas

454 2305 651 2361 ibidem
680 2305 793 2363 fieri
820 2310 961 2367 forte
990 2313 1274 2379 maluerit,
1318 2331 1349 2369 a
1381 2314 1670 2373 dilectione
1697 2326 1785 2373 tua
1816 2321 2041 2392 presby~

455 2405 627 2452 terum
658 2401 871 2456 noverit
899 2403 1297 2473 postulandum.

457 2527 698 2616 Pelagius
737 2531 971 2616 Vfiveuntio
1002 2534 1376 2616 Neapolitano,
1404 2539 1619 2598 Gemino
1651 2544 1958 2616 Puteolano,
1992 2559 2041 2603 et

524 2599 827 2689 go’lts‘tantio
855 2603 910 2657 Μ
918 2606 1105 2660 isenuti
1123 2599 1405 2681 episcopis,
1435 2623 1549 2684 post
1580 2599 1790 2670 caztero.

528 2671 676 2741 ne.)

527 2783 595 2839 Et
641 2786 762 2843 ideo
792 2788 1039 2845 charitati
1070 2800 1263 2849 vestrm
1314 2800 1654 2867 praesentium
1700 2803 2041 2860 decretorum

460 2883 647 2931 tenore
676 2878 990 2936 mandamus
1009 2922 1023 2948 ,
1051 2890 1110 2937 ut
1140 2897 1469 2957 cxsequente
1499 2890 1853 2950 Constantino
1897 2898 2044 2954 sedis

458 2976 655 3022 nostra:
702 2968 1005 3042 defensore,
1037 2974 1240 3030 clerum
1288 2980 1373 3032 vel
1416 2980 1559 3037 cives
1606 2981 1860 3041 Ecclesia:
1902 2985 2045 3043 Pari-

459 3057 677 3160 ῗίεηξὶεἶ
718 3070 837 3160 (ξιξ
870 3064 1083 3121 diverso
1112 3067 1365 3124 Ecclesia:
1414 3072 1769 3144 Vulturninm,
1800 3078 1884 3132 vel
1929 3078 2042 3134 Vici
2073 3098 2118 3160 ρ
2148 3062 2394 3135 Pelagius
2424 3062 2653 3141 ,ΕῘΡίάίο

461 3147 827 3208 Feniculensis
852 3155 919 3208 ad
947 3165 1187 3212 vestrum
1217 3158 1427 3215 faciatis
1451 3165 1741 3220 convenire
1758 3167 2040 3235 judicium,

461 3247 516 3292 et
544 3255 611 3294 ex
650 3242 852 3312 scripto
892 3246 1217 3300 sententiam
1255 3264 1438 3303 coram
1468 3252 1708 3320 partibus
1744 3255 2035 3324 deieratis;

460 3329 732 3386 antedicto
762 3333 903 3389 sedis
924 3344 1123 3390 nostra:
1153 3336 1625 3397 defensoremodis
1638 3346 1886 3401 omnibus
1901 3363 2049 3403 exse-

462 3428 682 3489 quente,
710 3430 769 3476 ut
796 3440 915 3493 quin
937 3434 1132 3481 statuta
1156 3428 1355 3485 fuerint
1375 3430 1588 3488 effectui
1613 3436 2005 3507 maneipentur.

464 3531 711 3604 Pelagius
737 3533 1018 3609 Benegesto
1048 3540 1349 3685 defetislosri),
1389 3556 1508 3618 post
1534 3527 1723 3619 pauco.
1759 3552 1947 3623 (Ibid.,
1997 3574 2044 3612 c.

530 3712 760 3785 Propter
778 3720 922 3789 quod
950 3723 1294 3793 experientia:
1316 3736 1421 3784 tute
1442 3735 1693 3801 praesenti
1722 3738 2050 3795 auctoritate

463 3806 805 3878 mandamus,
838 3819 895 3865 ut
915 3813 1108 3881 quibus
1130 3816 1183 3869 in
1213 3821 1389 3875 causis
1415 3825 1669 3892 quaelibet
1695 3828 2044 3884 ecclesiastici

462 3898 623 3954 officii
652 3915 881 3970 persona
912 3903 1034 3960 loco
1062 3907 1308 3975 petitoris
1338 3914 1520 3969 existit
1539 3917 1826 3986 quemdam
1851 3920 2047 3977 laicum

463 3990 753 4060 pulsatura,
786 3993 927 4065 apud
978 3998 1271 4066 provincia:
1318 4001 1551 4070 judicem
1581 4020 1706 4060 suas
1746 4023 2051 4079 praponere

464 4096 572 4136 non
618 4081 835 4139 desinat
864 4092 1126 4145 actiones.
1165 4089 1222 4145 ln
1251 4092 1334 4147 his
1353 4110 1483 4149 vero
1514 4097 1743 4163 negotiis
1772 4099 1824 4154 in
1855 4102 2050 4169 quibus

464 4175 815 4234 ecclesiastici
844 4178 1005 4237 officii
1035 4198 1266 4254 persona
1293 4186 1557 4255 pulsatur,
1588 4191 1755 4263 totius
1779 4202 2050 4251 summoto

465 4266 785 4335 pulsationis
831 4272 1109 4330 obstaculo
1155 4276 1223 4330 ad
1264 4278 1505 4349 episcopi
1542 4281 1629 4336 vel
1672 4283 2047 4354 episcoporum

468 4355 523 4408 in
552 4355 674 4411 loco
709 4359 797 4413 ubi
826 4364 1051 4429 quaestio
1089 4367 1319 4422 vertitur
1357 4372 1770 4428 constitutorum
1800 4386 2052 4431 occurrat

2798 439 2845 475 c.
2882 421 3028 491 1M).

2195 533 2377 588 Gloria
2407 534 2569 602 igitur
2596 543 2775 589 vestra
2803 526 3097 589 secundum
3120 534 3377 590 bonitatis
3390 543 3715 591 consuetum

2127 640 2355 693 morem,
2390 624 2499 679 filio
2544 633 2729 680 nostro
2770 625 3061 681 Luminoso
3088 627 3407 697 presbytero
3433 626 3627 681 solatia
3658 627 3716 683 in

2129 717 2355 787 prmfato
2406 717 2620 782 itinere,
2671 717 2863 785 quibus
2914 726 3028 772 tute
3059 718 3126 772 ad
3171 718 3497 773 destinatum
3529 718 3716 775 locum

2127 809 2412 880 pervenire
2440 809 2636 871 valeat,
2668 808 3058 863 subministret.
3088 808 3194 863 Sed
3223 816 3279 863 et
3321 807 3708 864 commendare

2129 916 2251 955 eum
2282 901 2572 968 dignemini
2615 900 2725 955 illic
2752 900 3059 955 hominibus
3084 899 3309 964 vestris,
3362 907 3422 954 ut
3449 899 3614 955 etiam
3644 898 3715 953 ibi

2130 992 2321 1047 vestris
2344 991 2507 1046 fultus
2548 991 2788 1056 auxiliis,
2823 988 3050 1058 injuncti
3097 990 3198 1046 sibi
3244 990 3447 1059 negotii
3506 988 3718 1045 facilius

2129 1084 2300 1154 possit
2321 1084 2609 1137 terminum
2636 1082 2898 1153 recipere.

2130 1193 2379 1265 Pelagius
2400 1193 2623 1247 Anilano
2656 1194 2862 1260 comiti,
2906 1201 3021 1264 post
3048 1209 3234 1264 pauca.
3274 1190 3463 1265 (lbid.,
3488 1208 3535 1246 c.
3569 1188 3723 1260 H5.)

2204 1304 2419 1359 Petrum
2447 1304 2613 1358 filium
2644 1312 2890 1360 nostrum
2919 1304 3231 1374 apostolicae
3260 1304 3405 1359 sedis
3434 1302 3729 1374 presbyte-

2131 1413 2250 1452 rum
2279 1396 2347 1451 ad
2388 1395 2706 1461 corrigenda
2735 1410 2800 1450 ea
2841 1410 2961 1465 quae
2991 1395 3044 1449 in
3088 1396 3440 1465 qumstionem
3493 1394 3724 1448 veniunt

2132 1488 2382 1542 duximus
2410 1486 2777 1555 dirigendum;
2826 1474 3126 1542 faciliorem
3157 1486 3397 1541 omnium
3437 1500 3731 1539 causarum

2132 1576 2369 1633 futurum
2398 1593 2518 1632 esse
2553 1577 2856 1647 judicantes
2882 1578 3110 1645 exitum,
3144 1577 3190 1630 si
3213 1576 3360 1630 illum
3405 1575 3474 1629 ab
3504 1583 3731 1645 aposto.

2135 1670 2240 1726 lica
2280 1670 2592 1738 contigisset
2642 1670 2854 1740 publice
2881 1669 3011 1725 sede
3052 1669 3364 1734 transmitti,
3395 1668 3487 1738 qui
3540 1678 3601 1723 et
3648 1670 3725 1722 rei

2137 1765 2352 1831 merito,
2402 1771 2457 1819 et
2486 1780 2584 1835 pro
2612 1763 2893 1818 charitatis
2934 1763 3151 1818 vinculo
3180 1762 3469 1833 potestatis
3495 1760 3726 1831 publica:

2132 1853 2410 1923 juvaretur
2436 1853 2669 1908 auxiliis.
2712 1851 2801 1908 Sic
2849 1854 2993 1908 enim
3044 1862 3100 1908 et
3126 1867 3397 1907 canonum
3444 1860 3502 1907 et
3546 1851 3725 1920 legum

2137 1952 2338 1999 statuta
2363 1960 2464 2001 nos
2493 1944 2784 2000 admonent
2812 1953 2872 2000 ut
2899 1953 2957 1999 et
2981 1944 3279 1999 doceantur
3307 1944 3541 1999 humiles
3559 1950 3619 1998 et
3638 1958 3728 1997 su-

2137 2039 2430 2109 perborum
2456 2039 2674 2109 spiritus
2695 2039 3139 2108 comprimantur.
3171 2037 3307 2104 Quia
3340 2049 3730 2105 nonnunquam

2140 2129 2410 2183 mentibus
2447 2128 2747 2199 desperatis
2786 2137 2839 2183 et
2866 2129 3111 2185 doctrina
3138 2128 3253 2183 sine
3296 2134 3571 2197 potestate
3599 2140 3731 2180 con-

2140 2220 2420 2285 temnitur,
2453 2228 2509 2273 et
2535 2220 2864 2275 dominantis
2883 2221 2991 2275 vim
3012 2220 3211 2275 habere
3232 2219 3470 2273 creditur
3489 2224 3731 2288 potestas

2140 2311 2257 2366 sine
2280 2311 2491 2365 ratione
2520 2310 2796 2365 doctrinm.
2825 2309 2960 2366 Huic
2987 2321 3186 2374 autem,
3218 2318 3277 2365 ut
3296 2310 3507 2380 possint
3526 2323 3591 2363 ea
3613 2321 3733 2376 qua:

2137 2401 2286 2471 jussa
2315 2408 2440 2455 sunt
2468 2400 2675 2456 facilius
2707 2401 2934 2455 Domino
2948 2401 3247 2470 'adjuvante
3268 2399 3562 2470 compleri,
3594 2397 3730 2453 Pro-

2137 2494 2343 2561 jeetum
2370 2492 2643 2547 notarium
2670 2491 2815 2546 sedis
2842 2500 3039 2547 110$le
3060 2491 3454 2562 adjungendum
3477 2498 3737 2546 essecre-‘

2142 2584 2397 2651 didimus,
2428 2592 2490 2638 ut
2508 2585 2832 2654 participato
2844 2586 3088 2651 consilio,
3106 2600 3225 2655 qua:
3247 2584 3593 2639 rationabilia
3610 2578 3737 2637 sunt

2142 2675 2362 2744 exsequi
2390 2690 2498 2730 non
2523 2686 2818 2731 morentur.
2837 2676 3140 2731 Salutantes
3161 2676 3321 2745 igitur
3333 2684 3578 2746 paternae
3611 2674 3736 2729 cha-

2144 2766 2318 2821 ritatis
2346 2766 2605 2836 alloquio,
2637 2774 2697 2822 ut
2726 2765 2999 2836 praedictis
3038 2767 3093 2822 in
3123 2766 3372 2823 omnibus
3398 2781 3522 2835 qua:
3549 2765 3640 2821 vel
3671 2765 3737 2818 ad

2147 2860 2574 2916 ecclesiasticam
2602 2860 2886 2927 unitatem,
2916 2859 3000 2914 vel
3029 2860 3095 2914 ad
3123 2860 3523 2929 correptionem
3547 2871 3735 2913 exces-

2145 2966 2299 3005 suum
2328 2952 2620 3021 pertinent,
2653 2950 2836 3005 feratis
2856 2948 3110 3003 auxilium
3132 2949 3490 3020 postulamus.

2701 3061 2982 3116 Catanensi
3030 3062 3289 3132 episcopo,
3334 3062 3469 3116 inter
3520 3066 3734 3114 cwtera.

2752 3132 2883 3203 (ιιι,
2914 3150 2959 3186 υ.
2994 3132 3137 3202 ηρ.)

2218 3248 2367 3303 Sicut
2390 3262 2821 3318 unumquemque
2844 3247 3163 3302 clericorum
3188 3253 3402 3301 tuorum
3445 3243 3738 3301 ecclesias-

2146 3339 2266 3393 tricis
2319 3338 2641 3393 utilitatibus
2682 3339 2769 3392 vel
2818 3336 3260 3407 dispositionibus
3295 3334 3604 3391 dilectionis
3635 3341 3741 3388 tua:

2147 3445 2247 3501 pro
2274 3429 2464 3485 eadem
2493 3428 2734 3483 Ecclesia
2757 3443 2923 3497 usque
2946 3426 3014 3480 ad
3037 3426 3561 3496 justititelegumque
3575 3422 3743 3477 ratio-

2148 3535 2271 3574 nem
2301 3518 2719 3589 procedentibus
2749 3517 2980 3572 fideliter
3008 3517 3230 3572 obedire
3260 3514 3632 3585 prospexeris,
3667 3513 3739 3566 ita

2148 3612 2459 3667 dilectionis
2489 3619 2593 3665 tua:
2614 3609 2811 3665 effectu
2839 3609 3120 3665 continuas
3148 3608 3443 3663 secundum
3468 3604 3629 3659 fidem
3661 3602 3741 3658 di-

2151 3704 2540 3774 ligentiamque
2594 3717 2746 3757 suam
2814 3701 3234 3771 uniuscujusque
3302 3700 3499 3755 merita
3553 3712 3741 3769 prose-

2148 3792 2383 3868 qiiendo.

2295 3908 2543 3980 Pelagius
2572 3905 2854 3961 Laurentio
2876 3904 3115 3974 episcopo
3143 3899 3597 3956 Centumcellensi.

2223 4001 2513 4090 Principali
2542 4017 3013 4075 devotissimorum
3042 4014 3292 4080 militum,
3324 4014 3418 4082 qui
3447 4012 3560 4067 illic
3589 4012 3645 4067 in
3667 4013 3743 4066 ci-

2150 4112 2321 4166 vitate
2350 4109 2801 4166 Centumccllensi
2841 4107 3163 4172 consistunt,
3211 4105 3476 4161 relatione
3523 4102 3597 4158 ad
3647 4118 3745 4158 nos

2154 4201 2360 4257 directa
2387 4214 2597 4255 sacram
2638 4198 2912 4253 insinuant
2944 4211 3002 4252 se
3031 4193 3434 4251 clementissimi
3483 4191 3745 4263 principis

2153 4292 2490 4361 impetrasse,
2524 4303 2643 4358 quae
2671 4288 2749 4343 eis
2770 4286 3164 4357 presbyterum,
3195 4283 3508 4346 diaconum,
3540 4291 3599 4337 et
3624 4281 3747 4335 sub-

2154 4384 2439 4439 diaconum
2470 4382 2585 4437 fieri
2614 4380 2811 4435 debere
2860 4378 3140 4450 praecepit.
3171 4376 3298 4432 ideo
3328 4376 3615 4431 hortamur
3662 4374 3745 4429 di-

469 4442 843 4540 i'ldi‘re‘ffv‘mci
892 4465 1147 4540 0733mm.
1181 4455 1340 4511 nullis
1362 4472 1537 4514 causa?
1577 4460 1868 4518 ἀίοιὶοηεῑη
1907 4464 2046 4521 Γιύεο
2073 4474 2127 4533 1)
2151 4476 2436 4530 lectionem
2467 4482 2611 4527 tuam
2639 4478 2697 4525 ut
2725 4442 2980 4540 personas
3003 4442 3148 4539 ipsas
3178 4466 3397 4532 videas,
3431 4473 3487 4521 et
3516 4465 3747 4535 diligen-

467 4535 789 4592 trationibus
815 4538 1132 4599 declinando
1167 4563 1180 4598 :
1220 4557 1485 4617 quatenus
1513 4568 1674 4609 omne
1703 4558 1903 4625 negotii
1932 4574 2047 4613 me-

466 4627 628 4680 ritum
659 4627 725 4682 de
752 4629 867 4685 sola
896 4633 1124 4691 veritate
1150 4653 1268 4707 sua,
1310 4642 1546 4712 solisque
1597 4646 1804 4712 legibus
1832 4649 2046 4719 discep-

467 4725 660 4785 tatum,
691 4719 821 4776 cleri
852 4727 1206 4793 proveniente
1225 4735 1489 4790 sententia
1516 4738 1854 4794 terminetur.
1883 4742 2046 4795 Anni-

467 4817 612 4901 tente
638 4826 854 4901 quoque
882 4822 1227 4878 exsecutione
1250 4833 1358 4890 tua,
1393 4836 1452 4881 ut
1477 4844 1597 4899 quae
1625 4831 1789 4885 statui
1817 4834 2051 4901 contige-

464 4899 589 4995 rint,
620 4900 835 4960 effectui
856 4912 1257 4982 mancipentur:
1290 4918 1433 4974 nulla
1457 4921 1525 4975 ad
1546 4923 1722 4979 nosde
1736 4899 2049 4995 cujusquam

464 4992 814 5055 ecclesiastici
845 5001 1041 5070 pulsati
1068 5011 1409 5065 contumacia
1434 5012 1691 5085 deinceps
1716 4992 2051 5085 querimonia

463 5084 722 5157 reditura,
755 5106 853 5162 per
872 5109 1033 5165 quam
1060 5113 1169 5152 non
1198 5100 1372 5155 solum
1402 5084 1748 5162 contumaces
1775 5124 2049 5176 excessus,

464 5185 649 5234 verum
682 5189 770 5238 tua
798 5197 1017 5257 quoque
1045 5188 1368 5261 negligentia
1394 5192 1468 5248 sit
1496 5194 1778 5264 plectenda

2154 4575 2235 4621 ter
2258 4566 2514 4635 inquiras,
2538 4578 2606 4620 ne
2634 4562 2832 4632 aliquid
2850 4569 3036 4617 contra
3059 4557 3750 4631 canonescommisissent;

2154 4664 2210 4711 et
2237 4657 2281 4710 si
2306 4672 2400 4711 eos
2422 4654 2774 4725 inculpabiles
2796 4652 3065 4723 repereris
3085 4691 3100 4716 ,
3129 4659 3184 4706 et
3208 4650 3334 4706 vita:
3356 4651 3602 4720 ipsorum
3627 4649 3749 4703 lau-

2156 4750 2334 4805 dabile
2358 4748 2722 4803 testimonium
2747 4747 2965 4813 videris,
2994 4747 3248 4802 veniente
3286 4745 3541 4800 mediana
3581 4746 3753 4815 septi~

2157 4856 2313 4894 mana
2344 4839 2588 4905 Paschat,
2629 4840 2672 4894 si
2704 4839 2963 4894 Dominus
2983 4839 3237 4907 voluerit,
3268 4848 3324 4895 et
3350 4840 3398 4895 si
3428 4840 3751 4903 vixerimus,

2156 4945 2586 5000 unumquemque
2608 4946 2704 5000 per
2724 4929 2897 4985 ofﬁcia
2919 4945 3036 4999 qua:
3058 4932 3400 5002 przediximus
3419 4945 3755 5003 promovere

2159 5036 2267 5075 non
2311 5020 2547 5074 differas.
2595 5020 2793 5075 Caveat
2821 5021 2919 5075 sibi
2950 5023 3233 5095 presbyter
3261 5023 3351 5080 ille
3379 5038 3661 5093 nunquam
3690 5037 3753 5077 se

2158 5113 2277 5167 sine
2309 5111 2483 5166 nostri
2515 5118 2570 5167 et
2598 5112 2673 5167 tui
2703 5100 2933 5169 numinis
2962 5114 3279 5172 recitatione
3300 5129 3452 5172 sacra
3483 5114 3753 5187 mysteria

2155 5202 2431 5260 celebrare

2090 5424 2345 5437 -_-_
