4048 6344
235 333 322 391 tri
1142 313 1149 322 '
1277 397 1294 404 ,
1677 331 2038 392 EPISTOLE.

3383 344 3492 401 ηδ

331 472 3042 500 MM

1073 559 1572 622 FRAGMENTA
1610 555 2167 618 EPISTOL-ARUM
2213 558 2530 621 PELAGH
2569 562 2616 622 Ι.

1447 682 1556 755 (Ea:
1583 679 1898 736 Collectione
1929 679 2256 755 Deusdedit.)

371 906 614 978 Pelagius
639 903 825 960 Melleo
850 903 1168 958 subdiacono
1184 943 1200 970 ,
1220 904 1354 957 inter
1373 909 1560 954 cazlera
1591 902 1628 952 ‘.

288 1018 622 1076 Notariorum
663 1015 806 1072 sedis
850 1022 1050 1070 nostra:
1086 1013 1451 1069 insinuatione
1493 1010 1795 1075 didicimus,

233 1111 407 1168 nullius
427 1105 738 1162 indictionis
767 1120 798 1159 a
826 1111 1074 1176 tempore
1090 1120 1197 1174 quo
1222 1103 1318 1158 tibi
1342 1103 1577 1172 primum
1610 1101 1799 1155 Eccle-

230 1205 308 1258 si:e
329 1199 706 1272 patrimonium
725 1204 939 1252 constat
960 1211 1077 1251 esse
1091 1195 1456 1259 commissum,
1478 1207 1648 1262 usque
1661 1191 1796 1246 hac-

229 1303 369 1348 tenus
395 1289 684 1346 ratiocinia
729 1295 854 1342 sunt
881 1287 1113 1354 decissa,
1161 1294 1216 1341 et
1245 1301 1311 1342 ea
1350 1285 1465 1340 sint
1491 1283 1796 1340 necessario

228 1379 597 1454 dispungenda,
623 1377 820 1447 utquid
849 1377 1232 1432 ecclesiasticis
1249 1375 1567 1430 utilitatibus
1595 1372 1796 1428 debea-

227 1482 320 1540 tur,
347 1473 430 1528 vel
450 1471 585 1541 quid
614 1487 644 1527 a
673 1487 945 1543 quoquam
970 1480 1286 1542 usurpatum
1316 1471 1407 1539 sit,
1439 1468 1564 1525 ﬁdei
1593 1470 1798 1539 inspec-

231 1569 364 1623 tione
381 1577 716 1634 cognoscere
740 1565 1048 1630 valeamus;
1071 1571 1126 1618 et
1155 1571 1232 1629 tu,
1255 1563 1340 1618 vel
1370 1561 1612 1618 hieredes
1642 1561 1718 1615 tui
1740 1560 1796 1614 in

227 1658 391 1715 futuro
419 1667 672 1728 tempore
697 1657 984 1712 securitate
1005 1657 1244 1726 plenaria
1258 1654 1597 1715 communiti.
1619 1653 1796 1710 nullas

227 1751 420 1823 possitis
449 1749 856 1820 inquietudines
877 1748 1165 1804 sustinere.

255 1877 484 1956 Pelagius.
506 1857 708 1938 Mauro
737 1883 982 1954 episcopo
1005 1880 1354 1948 Pramestino,
1385 1883 1521 1936 inter
1549 1888 1755 1936 cwtera.

285 2019 575 2074 Didicimus
603 2017 671 2074 de
716 2017 1045 2089 patrimonio
1087 2015 1332 2072 Hilviade
1378 2015 1534 2070 annis
1577 2013 1792 2084 quidem

227 2109 282 2166 de
319 2110 504 2180 prima,
533 2109 776 2166 secunda
805 2118 860 2165 et
901 2109 1058 2165 tertia
1082 2108 1490 2172 indictionibus,
1523 2105 1792 2177 Ampliato

225 2201 472 2272 quondam
495 2202 820 2273 presbytero
849 2212 904 2256 et
926 2201 1200 2271 Stephano
1227 2200 1458 2256 diacono
1485 2199 1632 2254 vices
1656 2211 1794 2267 pon-

226 2292 361 2348 tiﬁcis
389 2294 440 2348 in
478 2295 617 2349 urbe
647 2293 711 2348 Η.
745 2293 1045 2361 agentibus,
1077 2291 1222 2362 quod
1240 2291 1464 2362 exegisti
1484 2289 1589 2346 ﬁde
1616 2286 1793 2343 media

226 2384 546 2454 persolvisse.
583 2385 660 2439 De
685 2393 876 2456 quarta
905 2399 1033 2440 vero
1063 2384 1352 2439 indictione
1379 2381 1673 2438 secundum
1701 2395 1791 2434 or-

227 2473 536 2530 dinationem
564 2473 656 2530 ﬁlii
684 2477 856 2530 nostri
884 2476 985 2530 viri
1015 2476 1251 2544 religiosi
1279 2475 1460 2530 Narste
1485 2474 1624 2531 sacri
1641 2474 1790 2546 pala—

227 2567 279 2620 tii
299 2566 411 2621 ﬁliis
434 2569 638 2623 nostris
668 2566 916 2633 Dulcitio,
952 2567 1116 2624 Felici
1148 2578 1310 2638 atque
1331 2567 1534 2637 Spanni
1568 2565 1793 2636 presby-

227 2658 362 2724 teris,
383 2661 527 2730 quod
557 2667 805 2716 exactum
829 2659 1021 2727 fuerat,
1046 2660 1309 2715 intulisse.
1351 2656 1794 2730 Supervenienti-

225 2750 312 2808 bus
336 2769 466 2809 vero
493 2754 649 2810 nobis
677 2762 733 2808 et
761 2770 859 2824 per
883 2753 981 2808 Dei
1017 2753 1246 2822 gratiam
1275 2752 1548 2808 ordinatis.
1568 2748 1793 2805 intulisti

223 2841 282 2898 de
307 2845 496 2900 eodem
527 2853 720 2914 quarta
742 2845 1055 2902 indictione.
1097 2843 1165 2897 Et
1192 2844 1357 2916 infra.
1399 2843 1636 2910 Ideoque
1674 2855 1795 2908 snp-

222 2931 442 2999 plicante
471 2935 760 2991 dilectione
785 2944 876 2990 tua
906 2935 1242 3006 exgomnibus
1261 2930 1638 3004 suprascriptis
1659 2944 1796 3000 prm-

221 3025 379 3080 teritis
411 3043 461 3081 v1
489 3027 874 3082 indictionibus
897 3023 1290 3080 fraternitatem
1319 3033 1464 3078 tuam
1496 3023 1596 3077 hac
1642 3036 1797 3076 secu-

217 3113 365 3168 ritate
380 3114 714 3169 credidimus
729 3114 1096 3180 muniendam,
1110 3122 1170 3169 ut
1191 3114 1334 3168 nulla
1357 3112 1604 3168 cbaritati
1622 3118 1723 3166 tua:
1743 3112 1797 3165 in

218 3212 484 3274 posterum
514 3219 546 3259 a
577 3206 818 3276 quolibet
846 3207 1112 3260 calumnia
1139 3214 1435 3261 moveatur.

222 3338 456 3411 Pelagius
490 3337 687 3394 Name
714 3339 934 3410 patricio
973 3339 1384 3410 Anagnosticon,
1425 3337 1562 3391 inter
1589 3344 1794 3390 caetera.

284 3471 423 3528 Bene
470 3473 684 3527 noverit
735 3471 1058 3528 excellentia
1106 3480 1286 3527 vestra
1325 3486 1425 3526 nos
1473 3471 1797 3526 habentibus

229 3560 481 3617 duntaxat
508 3563 837 3628 hominibus,
868 3571 924 3617 et
943 3563 1146 3616 nullam
1172 3577 1272 3617 nec
1295 3562 1670 3617 necessitatem
1702 3576 1796 3630 pa—

1820 901 1870 959 Α
1899 898 2006 952 tavi
2045 899 2133 955 die
2158 915 2214 955 ιιι
2238 900 2340 957 cal.
2385 902 2608 972 Augusti
2638 911 2760 975 post
2807 907 3144 964 consulatum
3175 906 3356 968 Basilii
3383 915 3483 972 viri

1904 988 2208 1047 clarissimi.

2072 1082 2320 1156 Pelagius
2349 1083 2578 1140 Dulcitio
2601 1087 2890 1160 defensori,
2916 1101 3032 1162 post
3059 1094 3316 1164 quwdam.

1973 1192 2240 1252 Prieterea
2271 1197 2508 1254 rationes
2557 1199 2710 1255 nobis
2760 1203 2944 1257 nescio
2991 1218 3124 1274 quas
3177 1203 3482 1263 Grzccorum

1901 1299 2053 1341 more
2081 1285 2292 1342 fucatas
2320 1289 2388 1343 de
2412 1305 2465 1343 vr
2507 1290 2812 1347 indictionis
2839 1295 3186 1363 pensionibus
3221 1296 3482 1365 direxisti,

1901 1388 2190 1444 suggerens
2235 1385 2288 1432 te
2335 1393 2434 1448 per
2479 1377 2548 1432 50
2577 1380 2807 1447 solidos,
2843 1390 2898 1437 et
2923 1399 3021 1453 pro
3041 1384 3161 1439 aliis
3191 1383 3276 1452 60,
3307 1401 3338 1440 a
3367 1387 3482 1440 ilia-

1896 1482 2040 1524 cono
2061 1468 2284 1534 Varino,
2305 1479 2359 1524 et
2380 1471 2564 1526 nescio
2593 1486 2701 1540 quo
2728 1472 2834 1529 alio
2855 1489 3008 1530 casas
3027 1476 3389 1546 recollegisse.
3416 1476 3482 1531 Et

1899 1571 2019 1613 cum
2050 1559 2146 1614 tibi
2185 1560 2385 1616 cotidie
2413 1560 2537 1617 hinc
2563 1570 2619 1616 et
2647 1563 2772 1618 inde
2800 1575 3112 1620 accrescant
3152 1566 3350 1636 praedia
3376 1606 3393 1633 ,
3423 1577 3479 1639 tu

1899 1650 2055 1706 nobis
2089 1650 2158 1707 de
2211 1653 2558 1722 pensionibus
2612 1655 2886 1723 angustias
2931 1669 3176 1724 generas.
3225 1656 3342 1713 Non
3385 1659 3480 1716 tibi

1897 1740 2116 1806 suﬁicit,
2141 1743 2290 1813 quod
2316 1752 2370 1798 te
2395 1760 2426 1798 a
2455 1745 2678 1800 notariis
2695 1753 2749 1800 et
2775 1747 2894 1802 aliis
2914 1747 3139 1803 diversis
3169 1746 3474 1806 ol'ﬁciis.....

1897 1835 1987 1889 vix
2017 1844 2068 1890 te
2098 1835 2324 1891 liberare
2351 1837 2643 1907 potuimus,
2673 1847 2778 1894 etc.

2129 1943 2379 2014 Pelagius
2417 1944 2534 2000 Vito
2564 1946 2843 2017 defensori,
2867 1949 3000 2004 inter
3026 1961 3231 2009 cwtcra.

1968 2053 2200 2125 Ideoque
2225 2058 2476 2126 praesenti
2506 2058 2599 2112 tibi
2612 2058 2852 2128 jussione
2867 2065 3199 2130 mandamus,
3217 2074 3270 2120 ut
3293 2081 3478 2122 curam

1897 2146 2024 2222 ipsis
2054 2148 2362 2218 patrimonii
2392 2165 2649 2219 peragere
2691 2168 2798 2207 non
2824 2156 3070 2223 omittas;
3115 2159 3291 2213 sciens
3322 2159 3468 2228 quod

1825 2275 1872 2334 Β
1896 2253 1996 2294 nos
2020 2254 2050 2292 a
2091 2248 2144 2294 te
2158 2238 2293 2308 jam,
2321 2248 2374 2294 et
2406 2241 2668 2312 reliquam
2699 2261 2748 2298 vr
2779 2245 3123 2304 indictionem
3143 2287 3158 2312 ,
3191 2259 3247 2303 et
3287 2266 3478 2306 omnes

1896 2332 2226 2401 singularum
2255 2331 2508 2408 deinceps
2534 2333 2883 2390 indictionum
2906 2353 2936 2391 a
2959 2354 3029 2392 vn
3050 2340 3328 2408 cxigemus
3347 2356 3479 2410 pen-

1893 2426 2074 2482 siones
2122 2433 2180 2479 ut
2224 2427 2520 2482 secundum
2571 2445 2778 2485 morem
2827 2440 2879 2486 et
2919 2433 3136 2488 emittas
3181 2435 3232 2489 in
3279 2436 3478 2492 scrinio

1894 2521 2232 2590 cautionem,
2286 2529 2343 2576 ct
2395 2521 2614 2578 brevem
2659 2523 2900 2594 ejusdem
2945 2528 3257 2598 patrimonii
3304 2531 3480 2601 possis

1895 2612 2160 2682 accipere.

1896 2722 2144 2794 Pelagius
2171 2723 2364 2781 Melleo
2388 2726 2704 2785 subdiacono
2745 2729 2861 2802 (Iro
2891 2742 3029 2802 part.
3054 2752 3146 2791 vni
3169 2778 3184 2805 ,
3215 2753 3331 2808 cap.
3364 2737 3476 2812 55).

1967 2835 2219 2901 Dulcitia,
2244 2838 2498 2896 Ecclesia:
2525 2853 2720 2899 nostra:
2745 2845 2963 2915 famula,
2981 2847 3279 2920 Tarpeiana
3304 2869 3479 2914 massa

1898 2930 2199 2984 consistens
2219 2971 2236 2992 ,
2259 2931 2562 3001 bujusmodi
2593 2938 2868 3006 querelam
2895 2955 3047 2996 suam
3077 2946 3276 3001 nostris
3305 2949 3478 3010 sensi-

1897 3020 1998 3075 bus
2020 3023 2305 3091 intimavit,
2328 3025 2531 3091 dicens,
2555 3029 2698 3096 quod
2731 3041 3080 3101 posteaquam
3111 3049 3250 3100 eam,
3282 3039 3478 3092 marito

1891 3127 1998 3192 suo
2024 3111 2297 3177 defuncto,
2329 3117 2550 3186 contigit
2579 3119 2808 3187 viduari,
2833 3121 3114 3180 Celerinus
3141 3126 3357 3194 quidam
3381 3143 3480 3182 no-

1898 3205 2045 3261 mine
2067 3245 2082 3270 ,
2129 3221 2196 3262 ex
2235 3207 2428 3262 ancilla
2461 3210 2543 3280 (ut
2573 3211 2905 3284 perhibetur)
2942 3213 3197 3286 Ecclesiae
3224 3219 3478 3289 procrea-

1899 3304 2027 3364 tus,
2056 3297 2280 3352 diversis
2325 3299 2598 3357 blanditiis
2645 3310 2810 3372 atque
2859 3306 3198 3362 suasionibus
3246 3310 3480 3377 prazl'atai

1897 3390 2138 3445 mulieris
2186 3390 2396 3447 animos
2437 3392 2744 3449 inclinando
2773 3395 2824 3450 in
2850 3411 2950 3452 suo
2996 3408 3239 3455 curasset
3264 3398 3480 3458 afﬁcere

1899 3482 2202 3549 consortio,
2231 3499 2299 3538 ex
2327 3499 2432 3553 qua
2450 3485 2612 3540 etiam
2640 3485 2806 3542 lilium
2829 3499 3181 3559 procreasset.
3207 3491 3359 3549 Nunc
3384 3509 3476 3548 au~

1904 3581 2012 3630 tem
2053 3584 2176 3645 post
2217 3575 2613 3646 coniunctionis
2666 3595 2786 3640 suae.
2819 3597 2927 3637 non
2967 3598 3189 3654 parvum
3243 3593 3475 3656 tempus,

228 3652 450 3707 rentibus
465 3669 553 3708 res
572 3653 702 3708 dare
718 3668 1013 3723 pauperum
1041 3651 1186 3707 nulla
1204 3653 1415 3749 ratione
1435 3665 1784 3749 pmsumef'e‘
1819 3637 1864 3701 Ο
1897 3637 2096 3737 quippe
2117 3667 2230 3737 jam
2275 3637 2405 3724 nato
2429 3679 2485 3725 et
2511 3672 2739 3728 educato
2760 3672 2870 3730 ﬁlio
2888 3714 2902 3740 ,
2926 3637 3085 3731 nullis
3113 3679 3197 3749 (ut
3225 3637 3475 3748 perhibe-

227 3739 338 3805 quia
364 3756 546 3812 neque
593 3741 700 3797 hoc
729 3741 880 3796 vobis
912 3741 1126 3811 placere
1169 3741 1446 3807 novimus,
1476 3755 1651 3810 neque
1688 3740 1792 3794 boc

231 3840 394 3886 nostro
423 3847 544 3888 esse
568 3831 746 3887 oﬁicio
771 3830 1099 3887 conveniens
1130 3831 1450 3900 jndicamus.

231 3963 451 4038 Pelagius
495 3968 695 4023 Boaztio
759 3969 1002 4040 praefecto
1060 3970 1308 4038 prwtorio
1364 3967 1560 4041 Africa:
1586 4007 1602 4024 .
1653 3969 1790 4021 inter

889 4047 1095 4092 cwtera.

287 4147 539 4217 Romana,
589 4151 674 4206 cui
722 4151 832 4207 Deo
863 4159 1083 4207 auctore
1130 4151 1784 4222 priesidemus,Ecclesia,

228 4249 333 4305 post
381 4245 700 4299 continuam
743 4243 813 4298 25
867 4254 922 4300 et
967 4260 1034 4300 eo
1085 4246 1312 4315 amplius
1356 4262 1618 4301 annorum
1667 4263 1787 4300 vas-

232 4332 461 4391 tationem
527 4338 781 4393 bellicam
848 4338 901 4393 in
949 4336 1118 4394 Italiae
1173 4339 1482 4408 regionibus
1527 4339 1780 4394 acciden-

232 4425 336 4488 tcm,
357 4433 406 4478 et
429 4442 572 4497 pene
595 4427 767 4483 adhuc
793 4417 1011 4483 minime
1040 4429 1406 4485 discedentem
1435 4445 1541 4484 non
1572 4430 1787 4486 aliunde

230 4509 314 4564 nisi
350 4515 410 4569 de
437 4517 736 4586 peregrinis
765 4519 950 4574 insulis
980 4527 1073 4573 aut
1102 4520 1234 4574 locis
1263 4519 1410 4574 clero
1437 4521 1787 4589 pauperibus-

230 4611 336 4669 que,
362 4607 455 4661 etsi
483 4623 598 4663 non
625 4606 922 4673 sufﬁciens,
949 4609 1037 4664 vel
1063 4609 1313 4668 exiguum
1363 4617 1544 4665 tamen
1585 4611 1780 4681 stipen-

230 4687 356 4748 dium
378 4701 740 4770 consequitur.

437 4826 690 4900 Pelagius
717 4828 930 4884 Iuliano
954 4831 1190 4902 episwpo
1227 4831 1540 4904 Cingulano.

289 4933 491 4994 Constat
518 4941 865 4997 dilectionem
902 4951 1046 4998 tuam
1077 4944 1319 5000 intulisse
1354 4947 1654 5005 rationibus
1681 4949 1780 5006 Ec-

1895 3761 2004 3829 tur)
2037 3760 2447 3818 rationabilibus
2475 3765 2650 3819 causis
2677 3768 3014 3822 exstantibus
3037 3809 3051 3835 ,
3084 3769 3327 3826 eamdem
3356 3787 3474 3825 mu-

1893 3851 2080 3907 lierem
2127 3852 2452 3922 deseruisse,
2479 3863 2642 3926 atque
2688 3857 2741 3912 in
2782 3873 2902 3914 eam
2929 3861 3244 3929 prosiluisse
3281 3871 3474 3917 contu-

1893 3942 2146 4006 maciam,
2171 3950 2232 3996 ut
2251 3942 2320 3998 ad
2339 3943 2708 4000 declinandam
2742 3949 3056 4004 servitutem
3086 3948 3348 4018 debitam,
3377 3966 3474 4006 cu-

1890 4034 2041 4088 rialis
2068 4033 2170 4090 sibi
2193 4049 2389 4092 nomen
2418 4038 2613 4093 audeat
2647 4055 2934 4110 usurpare;
2962 4041 3052 4110 qui
3080 4051 3135 4096 et
3162 4044 3387 4114 primam
3421 4045 3474 4099 in

1890 4125 2147 4182 Ecclesiae
2191 4130 2532 4198 possessione
2578 4131 2814 4199 genitam
2833 4147 2912 4187 'ex
2965 4133 3173 4189 colonis
3221 4133 3473 4191 Ecclesiae

1890 4218 2139 4273 habuisse
2160 4230 2490 4276 memoretur
2514 4237 2760 4288 uxorem,
2791 4238 2859 4278 ex
2879 4224 3033 4293 cujus
3055 4225 3270 4295 peculio
3289 4242 3473 4297 quem-

1889 4307 2012 4363 dam
2043 4310 2275 4377 agellum
2306 4311 2506 4366 dicitur
2534 4313 2798 4367 hactenus
2825 4313 3068 4370 detinere
3093 4333 3106 4368 :
3133 4317 3225 4373 sed
3270 4326 3327 4372 et
3366 4319 3470 4373 alia

1889 4414 1997 4453 non
2027 4415 2196 4470 pauca
2229 4401 2281 4454 in
2304 4415 2403 4457 suo
2420 4401 2588 4456 fertur
2611 4403 2862 4458 habuisse
2886 4406 3114 4474 peculio.
3132 4405 3472 4481 Quapropter

1889 4493 2222 4562 experientia
2253 4502 2375 4559 tua,
2408 4496 2688 4566 praesentis
2703 4495 2960 4566 jussionis
2985 4500 3167 4569 vigore
3195 4515 3468 4576 suscepto,

1887 4585 2078 4640 eodem
2092 4585 2315 4643 desento
2339 4587 2474 4659 (Sic)
2504 4587 2778 4645 Clarentio
2797 4607 2972 4648 causa:
2997 4595 3162 4651 totius
3188 4599 3469 4653 veritatem

1887 4677 2145 4746 diligente
2191 4693 2488 4748 agnoscens
2512 4722 2526 4747 ,
2559 4697 2677 4750 qua:
2705 4683 2771 4738 de
2811 4686 3092 4741 memorati
3125 4703 3353 4758 persona
3375 4707 3468 4746 seu

1885 4769 2046 4824 rebus
2073 4771 2438 4828 ecclesiastica
2480 4773 2708 4846 requirit
2734 4773 2938 4833 utilitas
2966 4780 3364 4848 ,‘exsequatur;
3414 4790 3469 4838 ct

1885 4861 1930 4916 si
1960 4876 2085 4916 eum
2132 4863 2202 4918 de
2231 4864 2472 4920 ecclesiae
2498 4867 2692 4926 ancilla
2722 4851 2985 4936 genitum,
3025 4869 3112 4923 vel
3159 4871 3265 4926 alio
3303 4871 3466 4926 modo

1883 4948 2122 5018 legitimo
2141 4950 2249 5020 juri
2270 4950 2525 5024 Ecclesia)
2548 4962 2760 5008 constat
2782 4953 3038 5011 Ecclesiae
3063 4958 3353 5013 obnoxium
3383 4973 3467 5011 re.

232 5019 378 5079 clesia:
404 5043 464 5084 ex
494 5033 844 5099 praestatione
872 5049 1166 5089 massarum
1184 5077 1198 5102 ,
1231 5039 1343 5091 sive
1373 5038 1656 5095 fundorum
1685 5058 1781 5110 per
1813 5011 1858 5070 θ
1883 5043 2068 5114 perire
2107 5059 2228 5099 cum
2251 5044 2500 5100 omnibus
2528 5045 2687 5102 rebus
2715 5048 2828 5103 suis
2863 5049 2916 5103 in
2947 5029 3177 5105 massam
3205 5049 3456 5106 Ecclesiae

234 5111 450 5180 Picenum
479 5128 623 5183 ultra
647 5127 705 5182 Ali
761 5128 1076 5199 positorum,
1105 5131 1246 5199 quod
1275 5147 1416 5187 cura:
1436 5136 1777 5192 commissum

233 5215 318 5274 est,
341 5212 404 5268 de
429 5216 720 5274 indictione
745 5235 836 5282 vn,
861 5220 972 5275 lilio
1000 5230 1185 5277 nostro
1214 5221 1499 5279 Anastasio
1527 5235 1775 5293 argenta-

1881 5137 2098 5194 lestinet
2124 5151 2415 5200 revocare;
2444 5145 2498 5191 et
2545 5138 2595 5193 ei
2643 5139 2918 5208 praefatam
2961 5141 3268 5208 mulierem,
3296 5157 3459 5211 quam

1878 5227 1980 5280 sibi
2011 5228 2125 5296 ipse
2152 5227 2368 5291 ascivit,
2403 5227 2457 5281 in
2499 5230 2832 5284 consortium
2869 5231 3077 5286 sociare
3098 5270 3115 5298 ,
3157 5232 3462 5291 nullatenus

237 5306 318 5361 τιον
341 5309 390 5354 et
415 5307 622 5362 arcario
643 5305 896 5363 Ecclesiae
926 5316 1124 5364 nostra:
1151 5311 1266 5364 auri
1291 5311 1492 5366 solidos
1515 5310 1637 5368 500.
1665 5313 1772 5368 No-
1877 5317 2129 5373 habituro
2151 5317 2220 5375 de
2249 5328 2446 5376 caetero
2474 5335 2592 5376 eam
2622 5321 2960 5392 relinquendi
2986 5322 3276 5380 licentiam.

291 5480 302 5509 ¹
339 5481 847 5546 AssernntBallcrini
864 5491 914 5548 in
951 5492 1162 5550 dissert.
1191 5508 1356 5564 prter.
1389 5495 1455 5551 ad
1487 5504 1617 5552 tom.
1648 5496 1713 5552 Ill
1747 5499 1906 5571 Oper.
1933 5503 1990 5558 S.
2017 5503 2212 5562 Leonis
2241 5505 2438 5577 Magni,
2467 5522 2590 5579 pag.
2621 5523 2786 5565 cccvi.
