4048 6344
482 316 589 377 ιξδ
1659 317 1729 377 Μ.
1769 309 2102 376 AURELIES
2136 308 2623 370 csssxooonus.
3660 299 3761 355 tes

488 431 768 511 pentinis
800 447 1203 499 successmus
1238 436 1520 499 evo.avit
1558 456 1574 497 :
1606 434 1715 497 sed
1752 476 1770 507 ,
1804 442 1876 494 ut
1902 448 2190 494 crescere
2216 429 2480 490 virtutes
2519 426 2757 499 solent,
2806 422 2883 485 ad
2917 420 3239 501 fastigium
3272 417 3576 498 praeconii
3610 435 3764 480 cou-

487 540 730 601 scendit
765 544 1067 621 gradibus
1130 542 1509 623 dignitatum
1552 541 1735 619 (Var.
1778 537 1886 602 lib.
1918 555 1967 610 ι,
2000 535 2178 614 epist.
2217 532 2304 613 lt).
2341 533 2422 593 In
2470 527 2854 592 Cassiodoro
2885 527 3263 603 incorrupta
3307 520 3489 602 ﬁdes,
3522 520 3769 623 animus

487 639 645 700 recti
674 642 1103 704 tenacissimas
1125 689 1143 719 ,
1174 621 1517 723 prudentia
1538 638 1884 718 singularis
1908 638 2156 715 viguere
2184 651 2205 689 :
2235 635 2304 696 in
2333 631 2605 696 Tellerio
2642 648 2879 690 summa
2928 626 3053 689 hac
3099 625 3331 687 omnia.
3367 625 3448 686 In
3476 621 3769 684 ambobus

489 740 698 803 virtus
728 747 792 805 in
825 746 954 807 dies
982 748 1394 822 honoratior,
1418 749 1587 827 fama
1612 762 1742 806 non
1771 752 1905 803 arte
1931 740 2192 820 quasita
2218 783 2233 812 ,
2262 754 2393 798 non
2419 736 2599 798 varia
2631 776 2650 809 ,
2703 733 2809 794 sed
2835 748 3071 810 semper
3101 738 3156 791 et
3184 728 3410 807 ubique
3449 723 3586 827 sibi
3605 741 3775 827 con-

491 848 686 902 stans.
724 844 814 905 Et
842 847 1086 925 quidem
1123 867 1201 908 ea
1219 823 1509 926 aquitate
1538 844 1864 908 commissa
1881 841 2005 904 sibi
2032 856 2291 901 munera
2324 837 2513 916 gessit
2544 833 2955 898 Cassiodorus
2983 877 3002 910 ,
3055 839 3122 892 ut
3160 831 3508 909 quisquam
3553 823 3630 886 de
3660 825 3776 886 illo

494 944 819 1004 contraria
851 947 1388 1008 submurmurare
1419 945 1720 1006 nescierit
1748 987 1763 1012 ,
1797 942 1906 1003 sed
1953 942 2269 1016 derogare
2298 937 2626 1016 cupientes
2657 933 2882 996 vicerit
2914 930 3246 1008 integritas
3282 927 3552 991 actionis
3581 926 3771 1004 (Var.

500 1041 611 1103 lib.
646 1062 740 1117 ix,
790 1048 972 1125 epist.
1010 1047 1139 1126 2ft).
1172 1047 1342 1109 Idem
1372 1065 1513 1108 vero
1544 1045 1614 1107 de
1649 1043 1916 1127 Tellerio
1946 1042 2185 1105 dictum
2208 1046 2367 1114 puta
2392 1083 2410 1115 ,
2448 1038 2553 1099 cui
2599 1053 2918 1116 nunquam
2952 1033 3194 1094 dentem
3221 1033 3477 1110 inﬁgere
3504 1048 3658 1091 ausa
3684 1036 3776 1089 est

496 1147 737 1209 invidia
770 1150 955 1211 etiam
992 1152 1330 1212 morosior.
1365 1151 1547 1211 Illius
1581 1150 1800 1210 labore
1831 1150 2045 1209 actum
2067 1150 2202 1217 est,
2237 1146 2626 1204 contestante
2659 1137 3027 1201 Athalarico
3060 1180 3079 1209 ,
3112 1153 3192 1196 ne
3226 1135 3550 1196 laboraret
3575 1133 3780 1212 impe-

496 1245 706 1321 rium;
748 1254 809 1309 et
843 1265 991 1308 cum
1020 1249 1268 1311 novitas
1299 1248 1480 1328 regni
1506 1249 1703 1309 multa
1727 1249 2020 1326 posceret
2046 1242 2334 1305 ordinari
2354 1288 2373 1319 ,
2403 1246 2575 1304 esset
2599 1239 2775 1301 solus
2804 1238 2880 1301 ad
2916 1237 3166 1299 diversa
3194 1234 3521 1297 sufﬁciens
3549 1276 3566 1308 ,
3603 1234 3779 1296 hunc

494 1351 756 1414 dictatio
788 1353 1067 1432 publica,
1100 1354 1273 1415 hunc
1295 1354 1567 1415 consilia
1599 1352 1768 1431 regis
1795 1353 2134 1429 poscerent
2158 1345 2375 1429 (Ibid.,
2409 1345 2594 1424 epist.
2617 1342 2746 1421 25).
2787 1341 2911 1402 Hic
2940 1348 3191 1419 apertus
3218 1344 3372 1401 esset
3400 1336 3474 1399 de
3507 1335 3781 1399 Tellerio

494 1449 743 1515 dicendi
771 1448 969 1528 locus,
999 1454 1055 1513 si
1091 1451 1512 1533 funestissima
1546 1450 1659 1514 illa
1686 1449 1909 1511 Gallia
1946 1458 2249 1526 tempora,
2292 1443 2516 1525 quibus
2548 1438 2998 1504 incumbentem
3031 1455 3224 1517 regno
3248 1436 3588 1517 perniciem
3614 1454 3783 1515 pra-

495 1551 706 1615 dentia
734 1560 793 1614 et
837 1554 1121 1616 consiliis
1150 1555 1283 1614 suis
1336 1561 1587 1613 strenue
1639 1550 1934 1611 amolitus
1968 1556 2080 1619 est,
2118 1549 2187 1609 in
2232 1543 2589 1606 memoriam
2640 1556 2930 1602 revocare
2970 1538 3106 1619 jam
3150 1538 3386 1600 liceret.
3415 1537 3696 1615 Denique
3727 1540 3785 1596 si

494 1652 910 1714 Cassiodorus
936 1653 1304 1716 Theoderici
1336 1670 1441 1713 ore
1490 1650 1787 1714 laudatus
1814 1654 1926 1719 est,
1960 1648 2060 1709 uti
2092 1662 2344 1708 summa
2379 1650 2741 1722 temporum
2778 1643 2921 1704 laus
2961 1638 3151 1719 (Ibid.
3189 1638 3372 1718 epist.
3408 1638 3538 1718 25);
3574 1639 3785 1700 Telle-

501 1752 641 1811 rius
676 1772 713 1811 a
738 1770 880 1830 rege
912 1753 1461 1816 Christianissimo
1493 1758 1672 1812 tanto
1686 1747 2003 1810 nobiliora
2019 1744 2373 1825 reportavit
2399 1742 2626 1823 elogia,
2655 1748 2888 1821 quanto
2908 1738 3265 1802 Ludovicus
3279 1736 3556 1815 Magnus
3584 1737 3783 1798 Theo-

497 1851 784 1914 dericum
819 1855 1161 1916 antecellit.
3324 1916 3327 1917 ν
3438 1908 3443 1909 κ

580 1950 752 2012 Imus
778 1954 842 2012 in
880 1951 1243 2033 compendia
1270 1950 1529 2014 laudum
1552 1956 1835 2021 tuarum,
1862 1945 1967 2007 vir
1982 1936 2496 2023 prastantt'ssime
2520 1986 2535 2013 ,
2565 1957 2693 2002 non
2719 1947 2795 2000 ut
2820 1952 2897 2000 ex
2927 1936 3287 2001 Cassiodori
3315 1945 3784 2017 comparatione

498 2047 819 2111 illustrior
855 2051 1072 2111 evadas
1110 2094 1127 2119 ,
1160 2050 1266 2112 sed
1292 2058 1364 2109 ut
1416 2049 1523 2110 ille
1553 2066 1631 2108 ea
1667 2056 1723 2108 te
1749 2049 1861 2126 ﬁat
1904 2045 2218 2105 ornatior.
2276 2042 2524 2103 Diceret
2552 2042 2716 2103 alius
2748 2050 2804 2102 te
2834 2039 3208 2104 Cassiodoro
3244 2040 3599 2120 justiorem,
3625 2057 3786 2119 pruc

499 2149 841 2210 dentiorem
866 2196 883 2225 ,
919 2150 1359 2229 sapientiorem
1390 2191 1407 2221 ,
1439 2167 1511 2208 ac
1529 2147 2036 2225 prastantiorem
2066 2162 2189 2205 esse
2219 2161 2239 2200 :
2267 2142 2425 2204 mihi
2458 2143 2613 2201 satis
2659 2142 2854 2218 fuerit
2887 2150 2943 2201 te
2976 2140 3178 2201 dicere
3203 2140 3411 2200 nostri
3458 2141 3781 2219 temporis,

500 2248 567 2310 id
597 2258 685 2309 est
720 2252 1032 2313 Ludovici
1062 2252 1290 2329 Magni
1324 2250 1795 2312 Cassiodorum.
1835 2247 2024 2309 Hunc
2057 2246 2306 2307 modum
2342 2245 2542 2323 exigit
2585 2243 2887 2304 modestia
2939 2250 3078 2314 tua,
3114 2243 3171 2304 si
3218 2250 3419 2303 tamen
3454 2243 3508 2305 is
3560 2243 3785 2305 modus

501 2357 589 2409 est
613 2353 748 2429 regi
779 2353 1051 2413 maximo
1083 2370 1275 2431 usque
1301 2351 1450 2411 adeo
1494 2350 1827 2430 placuisse.
1868 2350 1960 2409 De
1991 2365 2117 2407 una
2145 2346 2259 2408 hac
2287 2348 2526 2408 virtute
2584 2361 2725 2405 cum
2772 2341 3186 2417 Cassiodoro,
3234 2360 3312 2402 ne
3342 2342 3460 2403 tibi
3510 2341 3786 2421 inferior

502 2451 929 2527 existimetur,
964 2462 1031 2514 tu
1064 2454 1194 2533 ipse
1219 2453 1390 2515 ultro
1422 2452 1843 2514 contenderes.
1884 2452 1973 2511 Et
2006 2467 2150 2534 vero
2179 2448 2294 2511 hoc
2322 2448 2710 2528 pracipuum
2737 2455 2825 2508 est
2847 2455 3277 2508 ornamentum
3302 2448 3613 2509 virtutum
3642 2456 3787 2508 tua-

503 2566 675 2622 rum,
700 2551 801 2612 vir
834 2554 1251 2632 integerrime,
1280 2570 1413 2632 qua
1440 2552 1510 2612 in
1538 2552 1684 2612 aliis
1716 2550 1955 2629 fuerint
2007 2550 2321 2623 humana,
2370 2536 2630 2608 morales
2653 2591 2671 2622 ,
2702 2546 2983 2627 politica
3016 2568 3037 2609 :
3081 2548 3148 2609 in
3180 2556 3236 2608 te
3279 2556 3429 2608 sunt
3473 2547 3566 2629 (ut
3594 2548 3784 2609 verbo

506 2648 732 2727 dicam)
762 2652 1016 2729 penitus
1069 2651 1468 2712 Christiana.
1523 2652 1748 2712 Patere
1777 2657 1849 2709 ut
1893 2650 1985 2709 ita
2026 2649 2097 2709 de
2129 2658 2187 2710 te
2213 2648 2439 2709 sentiat
2494 2658 2566 2709 ac
2599 2647 2894 2726 pradicet
2923 2647 3106 2725 aula,
3156 2650 3479 2735 populus,
3513 2651 3789 2730 propria

508 2751 765 2831 familia.
804 2753 992 2815 Hanc
1018 2757 1293 2833 primum
1323 2772 1651 2836 aggressus
1687 2774 1743 2815 es
1773 2772 2048 2816 coercere
2074 2756 2245 2816 intra
2288 2752 2600 2814 modestia
2630 2754 2789 2831 leges
2818 2774 2839 2814 :
2861 2753 3028 2833 quod
3052 2754 3363 2833 plerisque
3384 2754 3550 2815 haud
3578 2754 3790 2816 minus

507 2857 773 2918 arduum
800 2861 890 2920 ait
921 2862 1184 2922 Tacitus
1210 2908 1227 2937 ,
1259 2881 1440 2942 quam
1465 2861 1863 2941 provinciam
1902 2877 2133 2937 regere.
2165 2857 2401 2920 Deinde
2424 2866 2493 2916 tu
2526 2855 2652 2934 ipse
2691 2856 2758 2915 in
2795 2853 3052 2934 publica
3083 2873 3367 2934 pompam
3401 2857 3650 2936 fugere,
3683 2876 3790 2917 os~

510 2959 946 3036 tentationem,
981 2961 1272 3040 plausum
1303 2985 1323 3023 :
1355 2981 1475 3043 quo
1507 2963 1666 3023 nihil
1692 2959 2003 3042 efﬁcacius
2042 2961 2124 3020 ad
2144 2956 2615 3038 promerendam
2644 2954 3108 3035 augendumque
3116 2958 3381 3034 famam.
3413 2958 3681 3037 Insuper
3708 2958 3792 3019 ad

507 3069 821 3122 auctorem
855 3073 906 3122 et
942 3063 1156 3125 ducem
1185 3072 1254 3124 ut
1276 3066 1596 3137 minister,
1626 3064 1910 3124 illustria
1929 3063 2100 3140 facta
2136 3070 2244 3121 tua
2275 3063 2504 3139 referre
2534 3057 2819 3119 didicisti
2850 3057 3119 3137 ;procul
3146 3056 3221 3118 ab
3255 3060 3647 3121 amulatione
3681 3060 3793 3123 ad-

508 3179 723 3223 versus
747 3163 1041 3242 collegas,
1072 3166 1301 3243 procul
1330 3186 1367 3225 a
1392 3166 1796 3226 contentione
1822 3163 2122 3225 adversus
2153 3164 2333 3225 alios.
2371 3164 2525 3225 Inde
2550 3164 2848 3239 procedit
2877 3161 2990 3224 illa
3014 3162 3082 3221 in
3109 3179 3315 3222 omnes
3337 3164 3591 3224 comitas
3616 3208 3634 3236 ,
3671 3163 3795 3225 hu-

510 3264 781 3325 manitas
804 3270 933 3325 sine
962 3267 1298 3345 supercilio
1336 3269 1550 3345 gravis
1569 3309 1587 3340 ,
1619 3266 1749 3326 sine
1769 3267 1945 3345 fastu
1971 3265 2342 3326 venerabilis
2370 3285 2391 3325 :
2413 3275 2486 3327 ut
2509 3266 2766 3329 Tellerii
2790 3264 3035 3326 animus
3053 3310 3071 3342 ,
3092 3281 3224 3325 non
3254 3283 3426 3325 secus
3451 3273 3635 3346 atque
3674 3268 3798 3328 do~

511 3386 646 3428 mus
670 3411 689 3446 ,
717 3369 1025 3430 universis
1064 3377 1285 3448 patere
1327 3368 1637 3432 videatur.
1668 3368 1843 3430 Hinc
1887 3369 2124 3448 factum
2153 3375 2244 3429 est
2269 3413 2285 3440 ,
2336 3376 2407 3428 ut
2460 3387 2594 3447 qua
2620 3367 2766 3430 aliis
2792 3368 2920 3446 fere
2947 3366 3200 3428 amulos
3244 3368 3479 3431 excitat
3512 3368 3798 3447 dignitas

510 3485 748 3527 summa
772 3510 789 3540 ,
824 3468 1094 3529 omnium
1139 3467 1420 3536 animos,
1460 3466 1675 3527 studia
1713 3476 1768 3527 et
1795 3466 2060 3545 plausus
2103 3466 2371 3546 amplius
2398 3467 2478 3529 ad
2505 3477 2562 3528 te
2598 3468 3008 3530 converterit.
3039 3468 3130 3528 Et
3178 3476 3341 3531 certe
3367 3470 3507 3549 quis
3541 3471 3799 3534 invidia

511 3568 688 3630 locus
715 3566 824 3628 ubi
850 3567 1164 3631 modestia
1214 3587 1286 3630 ac
1331 3569 1738 3651 beneﬁcentia
1770 3576 1973 3632 totum
2018 3570 2449 3649 impenditur?
2508 3571 2644 3633 Ima
2693 3572 2938 3651 majora
2973 3573 3094 3634 sibi
3148 3572 3225 3634 de
3256 3590 3322 3634 se
3360 3574 3503 3635 fecit
3531 3578 3746 3654 optari
3780 3622 3799 3654 ,

512 3669 623 3747 qui
648 3669 812 3732 intra
851 3670 1178 3732 modestia
1202 3673 1510 3733 terminos
1547 3686 1783 3749 magna
1814 3670 2105 3732 cohibuit
2155 3671 2341 3749 (Var.
2383 3670 2492 3734 lib.
2534 3690 2581 3745 ι,
2620 3671 2797 3752 epist.
2827 3672 2913 3751 lt).
2946 3671 3337 3734 Electionem
3383 3683 3555 3734 tuam
3585 3695 3623 3734 a
3655 3692 3800 3755 rege

514 3782 638 3833 tam
660 3773 975 3852 sapienter
1007 3774 1237 3853 factam
1266 3792 1414 3835 mox
1432 3781 1770 3853 prosecuta
1798 3783 1883 3834 est
1915 3775 2189 3835 omnium
2216 3773 2510 3836 ordinum
2536 3776 2931 3837 acclamatio.
2962 3776 3060 3835 Tu
3090 3775 3263 3836 solus
3297 3775 3411 3839 tibi
3451 3777 3578 3856 ipsi
3619 3783 3803 3858 quasi

512 3874 635 3933 vim
662 3874 970 3953 inferebas
1005 3882 1089 3936 ad
1112 3874 1467 3955 obsequium
1486 3876 1832 3954 principis,
1859 3892 1995 3936 cum
2023 3873 2140 3935 tibi
2165 3882 2412 3936 tantum
2437 3894 2567 3937 non
2595 3876 2959 3954 deprecanti
2997 3895 3269 3939 summus
3302 3880 3668 3943 cancellarii
3692 3882 3804 3943 Ιιο-

510 3991 625 4033 nos
665 3975 907 4036 delatus
938 3983 1050 4035 est.
1088 3974 1211 4035 Hic
1258 3975 1422 4045 erit',
1470 3972 1790 4053 inquiebas
1823 4020 1838 4050 ,
1890 3992 2216 4054 supremus
2272 3975 2499 4037 titulus
2547 3975 2807 4037 honoris
2864 3977 3034 4039 brevi
3083 3980 3394 4041 morituro
3450 3980 3524 4041 ab
3559 3982 3802 4059 optimo

506 4075 798 4160 principe
823 4077 1175 4157 appositus.
1205 4075 1333 4141 Imo
1366 4059 1508 4137 vero
1536 4076 1660 4139 hac
1705 4078 1825 4139 erit
1864 4077 2234 4138 meritorum
2263 4078 2646 4155 amplissima
2670 4097 2838 4158 seges
2864 4122 2883 4154 ,
2907 4097 3043 4159 qua
3072 4080 3372 4141 virentem
3404 4089 3712 4142 senectam
3736 4085 3804 4143 in

507 4178 673 4255 juris
714 4177 956 4257 publici
982 4175 1323 4242 utilitatem
1350 4185 1629 4237 exerceat
1657 4221 1672 4249 ,
1708 4193 1842 4254 qua
1888 4193 2016 4236 non
2045 4185 2212 4236 tuam
2238 4224 2255 4254 ,
2287 4177 2393 4238 sed
2419 4180 2644 4241 summi
2666 4195 2780 4260 per
2823 4190 2880 4240 te
2923 4180 3122 4261 ofﬁcii
3149 4190 3371 4259 augeat
3403 4180 3801 4260 dignitatem.

509 4279 683 4342 Nihil
727 4284 885 4343 enim
955 4282 1224 4345 Tellerio
1281 4279 1361 4360 (si
1390 4279 1484 4343 ita
1527 4279 1700 4359 loqui
1745 4282 1840 4359 fas
1872 4280 2002 4357 est)
2049 4279 2226 4341 addit
2286 4279 2490 4341 honor
2552 4284 2711 4359 iste,
2758 4284 2887 4343 nisi
2938 4303 3170 4345 novum
3196 4285 3502 4347 Ludovici
3574 4287 3803 4367 Magni

426 4434 443 4450 _
511 4375 917 4456 suffragium,
964 4380 1092 4441 nisi
1123 4397 1471 4459 supremam
1517 4376 1830 4443 modestia
1862 4395 2178 4439 coronam.
2215 4380 2553 4456 Nimirum,
2586 4389 2661 4441 ut
2703 4381 3117 4443 Cassiodorus
3148 4425 3165 4456 ,
3209 4384 3304 4445 ita
3334 4403 3589 4465 semper
3619 4388 3799 4450 luisti

512 4475 874 4537 moderatus
906 4477 969 4537 in
1009 4481 1333 4558 pruSperis
1372 4478 1536 4559 (Lib.
1568 4499 1663 4552 ιι,
1695 4481 1878 4559 epist.
1902 4475 2036 4559 25),
2063 4484 2134 4539 ut
2157 4478 2332 4541 nullo
2346 4497 2622 4558 unquam
2650 4497 2860 4541 rerum
2885 4482 3156 4561 feliciter
3179 4485 3552 4566 procedente
3578 4506 3796 4565 cursu,

511 4578 684 4638 nullo
711 4579 1045 4656 popularis
1074 4598 1243 4642 aura
1274 4581 1502 4660 afflatu
1533 4583 1696 4644 elata
1724 4580 1808 4644 sit
1839 4580 2105 4660 grandis
2141 4584 2359 4643 anima
2391 4592 2513 4645 tua
2545 4581 2876 4663 aqualilus
2902 4592 2957 4646 et
2995 4590 3378 4649 constantia.

590 4681 915 4758 Agnoscis,
956 4684 1216 4759 opinor,
1248 4684 1351 4744 vir
1370 4681 1819 4756 illustrissime,
1850 4684 1920 4744 in
1952 4682 2324 4745 Cassiodoro
2362 4682 2691 4762 imaginem
2725 4686 2820 4745 tui
2845 4708 2865 4756 ;
2893 4688 3236 4766 quinetiam
3278 4697 3334 4749 te
3361 4680 3799 4755 dissimulante

507 4791 855 4865 agnoscunt
890 4804 1113 4846 omnes.
1143 4788 1348 4849 Unum
1383 4796 1475 4849 est
1504 4795 1704 4849 tamen
1723 4831 1741 4861 ,
1770 4794 1841 4848 ut
1873 4788 2000 4849 alia
2025 4795 2384 4866 prateream
2412 4836 2429 4865 ,
2458 4792 2529 4852 in
2559 4810 2682 4872 quo
2720 4796 3165 4859 Cassiodorum
3186 4799 3419 4860 vicisti.
3457 4797 3628 4878 Ejus
3655 4800 3786 4879 qui-

508 4884 646 4946 dem
678 4901 884 4965 genus
920 4931 937 4961 ,
974 4886 1367 4948 Theodorico
1400 4893 1573 4959 teste,
1607 4887 1672 4945 in
1710 4894 1991 4965 utroque
2030 4890 2185 4950 orbe
2216 4890 2596 4967 praclarum
2634 4893 2746 4953 fuit
2776 4918 2793 4969 ;
2838 4904 2901 4959 et
2930 4898 3187 4976 gemino
3208 4900 3463 4962 senatui
3494 4899 3785 4963 decenter

506 4993 822 5068 aptatum,
856 4992 1165 5064 tanquam
1216 4986 1466 5047 duobus
1497 4984 1853 5047 luminibus
1892 4989 2219 5049 oculatum
2255 5031 2271 5061 ,
2325 4991 2670 5065 purissima
2725 4995 3018 5059 claritate
3054 4998 3332 5059 radiavit
3365 4996 3552 5079 (Var.
3591 4998 3706 5060 ltb.
3746 5019 3794 5073 ι,

507 5088 689 5167 epist.
722 5086 812 5167 lt).
840 5088 925 5149 At
957 5087 1337 5151 Cassiodoro
1376 5089 1499 5167 ipsi
1533 5087 1732 5168 defuit
1758 5090 1963 5169 prolis
1994 5088 2235 5169 gloria,
2267 5112 2401 5174 qua
2432 5096 2745 5157 traducem
2774 5103 3053 5179 parentis
3077 5101 3480 5177 prudentiam
3507 5113 3794 5167 cateras-

504 5203 621 5266 que
646 5188 917 5248 virtutes
944 5206 1084 5249 cum
1115 5189 1431 5268 sanguine
1462 5190 1919 5252 transmitteret
1947 5190 2029 5252 ad
2053 5200 2362 5271 posteros.
2402 5194 2497 5256 Tu
2520 5214 2690 5269 vero,
2726 5201 2828 5261 vir
2865 5200 3212 5264 clarissime
3244 5246 3260 5276 ,
3296 5205 3554 5283 gemino
3588 5222 3797 5268 sena-

507 5284 599 5346 tui
633 5285 940 5364 geminam
962 5286 1205 5365 prolem
1228 5288 1292 5347 in
1321 5292 1603 5385 utroque
1637 5291 1794 5350 orbe
1820 5291 2215 5370 suppeditas,
2246 5296 2504 5357 alteram
2535 5315 2716 5359 sacro
2750 5342 2766 5371 ,
2816 5301 3081 5378 politico
3117 5304 3403 5364 alteram.
3438 5305 3531 5366 Hi
3564 5310 3792 5385 gemini

500 5392 652 5447 sunt
683 5385 853 5447 oculi
882 5430 901 5463 ,
937 5403 1201 5465 quorum
1227 5386 1385 5447 alter
1410 5383 1629 5448 divina
1656 5393 2023 5468 speculatur
2049 5400 2105 5453 et
2134 5412 2316 5456 sacra
2348 5398 2553 5475 regit;
2582 5398 2743 5460 alter
2768 5398 3037 5461 humana
3064 5402 3497 5484 circumspicit
3518 5383 3592 5466 ac
3619 5404 3776 5467 diri-

503 5484 627 5564 git.
663 5485 756 5548 Hi
787 5492 933 5545 sunt
958 5501 1113 5584 quos
1140 5501 1428 5584 nonsera
1446 5484 1597 5558 ,sed
1626 5497 2067 5570 praoccupata
2095 5502 2301 5556 manet
2326 5496 2546 5575 gloria
2559 5497 2985 5581 virtutumque
3011 5509 3264 5564 tuarum
3283 5504 3638 5584 hareditas,
3661 5523 3788 5567 non

500 5594 813 5668 prarepta
844 5578 1097 5665 par'enti
1128 5628 1143 5656 ,
1176 5582 1280 5644 sed
1314 5583 1699 5664 ampliﬁcata

587 5687 713 5751 Sed
738 5687 1012 5751 vicissim
1040 5700 1234 5744 unum
1262 5691 1346 5744 est
1374 5684 1442 5745 in
1488 5702 1607 5765 quo
1636 5684 2084 5750 Cassiodorum
2114 5696 2170 5751 te
2198 5692 2537 5769 feliciorem
2591 5694 2751 5775 (qua
2783 5704 2893 5759 tua
2923 5702 3124 5778 pietas
3150 5701 3264 5782 est)
3303 5721 3374 5765 ac
3403 5703 3791 5780 superiorem

504 5790 825 5857 existimas
848 5830 868 5862 ,
902 5790 1003 5851 vir
1026 5786 1539 5865 prastantissime
1564 5831 1579 5862 ,
1608 5787 1778 5865 quod
1826 5788 1932 5854 ille
1961 5792 2029 5856 in
2078 5792 2325 5859 vivario
2372 5814 2482 5860 suo
2522 5798 2767 5862 tandem
2795 5800 3223 5873 impetraverit
3257 5822 3554 5867 secessum
3580 5823 3621 5864 a
3647 5822 3759 5884 puo
