4048 6344
454 265 560 326 451

1592 265 1664 320 Μ.
1705 259 2051 320 AURELIUS
2089 258 2576 318 CASSIODORUS.

3622 262 3742 325 εὖ,

452 397 686 460 nostrum
722 402 1065 460 expensorum
1118 383 1357 442 oneribus
1404 384 1702 457 ingravaret
1754 379 1900 453 (Lib.
1959 397 2035 451 IX,
2068 391 2117 444 Α
2145 379 2779 460 molliant_hebetentque
2818 354 2982 460 animi
3007 379 3271 460 vigorem.
3308 377 3529 460 Reginae
3556 381 3749 453 itaque

453 478 534 515 eo.
565 459 681 515 25).

482 463 717 583 pilisfhit
739 528 854 598 ejus
878 526 1042 584 animi
1066 526 1339 598 nobilitas,
1362 541 1425 598 ea
1448 525 1514 581 de
1535 525 1756 594 singulis
1768 525 1908 581 bene
1927 539 2043 598 me-

452 599 605 656 rcndi
634 569 903 659 voluiitas.
955 606 1012 653 ut
1060 614 1167 653 non
1214 569 1375 652 modo
1413 597 1466 650 in
1498 569 1660 662 cives,
1688 596 2042 652 verumetiam

452 672 505 727 in
532 683 710 739 regem
734 669 1007 725 beneﬁcus
1028 668 1327 731 exstiterit;
1353 674 1406 722 et
1429 667 1589 721 alieni
1615 666 1882 739 commodi
1906 667 2042 724 adeo

451 737 727 812 providus,
758 750 817 794 ut
844 757 990 794 arma
1017 741 1128 812 ejus
1156 738 1297 812 nulla
1328 754 1677 812 possessorum
1700 737 1891 791 damna
1920 754 2043 812 sen_-

453 807 632 866 ierint.
663 810 833 878 Quam
872 826 1001 880 ergo
1040 807 1186 879 juste
1222 808 1475 863 laudatur
1512 807 1653 880 apud
1700 817 1947 880 senatum
1976 807 2045 880 ab

453 877 788 946 Athalarico,
828 877 959 936 dum
994 877 1392 949 provinciarum
1430 877 1719 934 custodem
1764 877 2039 948 appellat!

455 951 582 1005 Fuit
609 952 852 1006 nimirum
873 952 1254 1023 provinciarum
1283 950 1573 1023 verissimus
1595 957 1783 1023 custos.
1808 949 1876 1003 Et
1891 953 2047 1023 certe

456 1023 576 1093 quis
605 1038 841 1093 unquam
862 1019 1021 1093 regiae
1049 1020 1345 1093 majestatis
1366 1028 1604 1093 assertor
1629 1021 1799 1088 magis
1829 1019 2047 1093 religio-

455 1090 546 1148 sus
574 1100 628 1148 et
650 1090 821 1155 fortis,
864 1090 1035 1160 magis
1062 1092 1329 1145 bonorum
1358 1092 1584 1160 viaeque
1614 1105 1724 1144 suae
1766 1090 2041 1160 prodigus,

455 1178 616 1229 quem
644 1178 744 1218 nec
764 1162 1064 1231 vacillantis
1088 1160 1237 1228 regni
1262 1161 1522 1231 principia
1550 1160 1648 1215 sub
1671 1160 1875 1216 infante
1896 1174 2043 1231 rege,

457 1248 556 1289 nec
604 1233 764 1287 dubia
812 1248 994 1287 rerum
1050 1230 1236 1294 facies,
1262 1230 1369 1285 ’aut
1415 1231 1620 1285 incerta
1662 1230 1972 1287 vicissitudo
2014 1244 2047 1285 a

456 1304 735 1373 proposito
764 1304 939 1373 potuit
969 1317 1201 1371 unquam
1229 1300 1543 1373 deterrere?
1572 1300 1719 1373 (Eris
1747 1301 1879 1370 regii
1901 1298 2046 1373 ﬁdis-_-

456 1369 621 1427 simus
674 1369 780 1441 fuit
821 1369 1196 1439 conservator;
1250 1372 1371 1426 teris
1426 1371 1631 1441 proprii
1670 1369 1918 1441 provisor
1960 1369 2048 1425 vel

457 1440 827 1523 parcissimus,
852 1444 939 1523 vel
966 1442 1151 1523 _nu_llus
1169 1440 1749 1523 ;“generoso_.naque
1795 1440 2047 1523 praditus

458 1509 657 1577 animo,
690 1509 1009 1583 posthabitis
1036 1512 1119 1567 his
1138 1509 1371 1583 aliisque
1408 1509 1707 1583 rationibus
1742 1509 2046 1583 quibusad

458 1598 545 1637 res
573 1580 706 1639 suasi
727 1583 1094 1655 procurandas
1121 1581 1520 1655 duciupoterat,
1551 1580 1618 1635 ad
1662 1581 1855 1655 altiora
1885 1581 2047 1655 erigi-

459 1661 576 1725 tur;
609 1662 667 1709 ut
694 1651 847 1725 cujus
878 1655 1007 1708 lidcs
1051 1652 1209 1707 nullis
1255 1651 1508 1725 limitibus
1539 1652 1842 1725 tenebatur,
1886 1652 2047 1706 nullis

458 1724 573 1795 ipse
586 1722 1029 1795 rebus'parceret
1055 1739 1153 1795 pro
1182 1723 1325 1795 regis
1351 1722 1629 1795 obsequio.

527 1794 558 1866 §
584 1793 940 1859 XXIX—Quid
972 1793 1197 1866 dimissis
1219 1793 1465 1847 militibus
1490 1795 1545 1847 in
1572 1800 1831 1863 quaestura
1863 1794 2043 1864 egerit.

458 1863 645 1919 At'ubi
671 1866 737 1920 ab
767 1866 931 1921 armis
958 1863 1251 1920 discessum
1278 1871 1383 1931 est,
1416 1879 1599 1932 curam
1636 1879 1852 1918 omnem
1886 1863 2049 1932 atque

457 1936 728 2004 ingenium
757 1937 808 1990 in
838 1951 906 1990 eo
935 1936 1134 2004 posuit,
1165 1943 1225 1990 ut
1259 1950 1354 1989 sua
1394 1931 1617 2003 singulis
1658 1948 1755 2002 pro
1794 1931 2050 2004 aequitate

452 2003 574 2075 jura
602 2007 902 2075 tribueret:
934 2003 1078 2075 quod
1108 2004 1444 2058 Athalaricus
1492 2004 1567 2075 ita
1609 2010 1837 2075 testatur
1869 2003 2045 2075 (Var.

457 2072 548 2130 lib.
580 2092 655 2146 ix,
685 2093 767 2146 ep.
800 2072 912 2144 25),
944 2072 1000 2127 ut
1034 2074 1153 2128 belli
1193 2091 1319 2128 cura
1366 2073 1760 2146 resolutaﬁest,
1787 2072 2048 2146 ingenium

458 2146 607 2226 suum
635 2142 804 2227 legum
832 2142 999 2227 potius
1023 2146 1203 2227 ductor
1232 2145 1480 2199 exercuit.
1512 2142 1649 2224 Belli
1676 2144 1819 2227 enim
1848 2142 2050 2227 confu—

459 2215 613 2271 sione
643 2214 919 2283 dissoluta,
956 2223 1211 2283 corrupta
1240 2229 1378 2284 pene
1405 2214 1609 2278 omnia,
1651 2229 1717 2269 ac
1759 2214 2050 2283 dissipatas

460 2286 629 2353 leges,
656 2285 764 2340 imo
789 2284 1048 2352 judicum,
1094 2300 1230 2353 quos
1276 2285 1499 2353 avaritia
1529 2284 1818 2351 invaserat,
1850 2285 2052 2353 reperit

460 2355 673 2412 venalia
707 2354 931 2425 judicia.
966 2352 1123 2421 Quid
1151 2352 1482 2425 verolllaec
1527 2354 1721 2408 damna
1776 2352 2049 2425 reparare,

461 2425 604 2480 hanc
631 2423 837 2496 pestem
864 2425 1139 2496 eliminare
1159 2423 1367 2496 studuit
1393 2440 1458 2481 ea
1490 2425 1785 2496 prudentiae
1809 2423 1863 2480 et
1886 2425 2049 2494 justi-

464 2497 551 2550 tia:
578 2494 756 2562 laude,
786 2504 843 2551 ut
864 2494 982 2563 ejus
1005 2495 1206 2565 judicio
1233 2496 1436 2563 aequius
1463 2494 1593 2550 nihil
1622 2503 1841 2565 possent
1861 2505 2052 2565 optare

462 2566 786 2637 litigantium
827 2566 1031 2620 turbat:
1066 2566 1296 2637 Signans
1336 2567 1448 2619 sine
1478 2567 1793 2635 litigantium
1814 2566 2046 2637 Adamno,

498 2635 598 2692 uod
619 2647 739 2691 ante
757 2637 869 2691 sine
881 2638 1044 2705 pretio
1065 2635 1332 2707 constabat
1350 2652 1462 2707 esse
1482 2636 1763 2691 laceratum
1779 2635 2048 2707 (Ibidem).

498 2654 598 2692 uoa
619 2654 739 2691 ante
757 2654 869 2691 stne
881 2654 1044 2705 prono
1065 2654 1332 2690 εοηδιαυαι
1350 2654 1462 2690 esse
1482 2654 1763 2691 taceratunt
1779 2654 2047 2707 μυιαεηι).

461 2654 611 2775 auos
638 2707 691 2762 in
720 2708 826 2762 hoc
855 2715 1072 2762 secutus
1112 2707 1182 2761 sit
1216 2704 1574 2761 Cassiodorus
1619 2708 1663 2761 si
1710 2708 1850 2762 scire
1894 2708 2047 2773 velis,

464 2778 586 2834 audi
630 2776 878 2849 eumdem
910 2776 1274 2849 Athalaricum
1305 2776 1552 2849 (Ibidem)
1579 2795 1592 2830 :
1616 2776 1814 2849 _Talem
1838 2776 2055 2849 Metelli

462 2850 519 2902 in
545 2849 689 2915 Asia,
724 2848 876 2903 talem
900 2847 1110 2903 Catonis
1139 2848 1194 2919 in
1222 2846 1485 2915 Hispania
1526 2847 1739 2916 legimus
1769 2848 1929 2919 fuisse
1956 2850 2054 2902 du-

462 2926 654 2990 catum,
679 2920 765 2990 qui
788 2920 900 2990 plus
922 2919 987 2973 de
1007 2934 1103 2973 sua
1131 2918 1427 2990 disciplina,
1452 2934 1605 2987 quam
1633 2935 1724 2989 per
1758 2918 1908 2973 arma
1934 2919 2050 2972 lau-

464 2989 575 3042 dati
611 2988 749 3043 sunt.
794 2988 906 3043 Nec
932 3004 1026 3045 eos
1062 2988 1322 3044 imitando
1373 2997 1578 3043 tantum
1618 2998 1898 3045 assecutus
1947 2997 2048 3057 est,

462 3061 555 3115 sed
580 3059 737 3129 longe
759 3060 1093 3129 multumque
1120 3061 1394 3129 superavit
1420 3077 1432 3112 :
1463 3059 1895 3128 quandoquidem
1943 3066 2052 3114 tam

2075 1754 2124 1825 Β

462 3130 777 3213 prmclarum
819 3132 1029 3213 eximiae
1075 3130 1217 3185 illius
1260 3130 1494 3213 virtutis.
1521 3129 2054 3213 bthalaricusoded‘it

464 3199 850 3283 testimonium,
874 3209 1266 3283 utesscverare
1283 3216 1386 3256 non
1408 3199 1617 3283 dubitet
1633 3214 1757 3283 eum
1780 3199 2048 3283 (Ibidem),

466 3269 588 3341 dum
616 3273 835 3324 nesciret
875 3272 1049 3341 aliena
1078 3286 1326 3341 querere,
1358 3271 1560 3324 novisse
1600 3269 1800 3341 tantum
1841 3269 2056 3340 propria

466 3340 641 3411 largus
671 3340 872 3409 o/ferre.
904 3340 1065 3404 Hinc,
1092 3340 1287 3409 inquit,
1320 3341 1523 3411 cunctis
1540 3341 1615 3393 ita
1638 3342 1734 3411 fuit
1762 3340 2049 3408 benevolus,

465 3417 523 3465 ut
556 3410 769 3481 suarum
800 3427 973 3481 rerum
998 3426 1110 3465 non
1134 3411 1405 3477 dominus,
1436 3410 1530 3465 sed
1566 3410 1867 3466 distributor
1907 3430 2054 3481 egre-

463 3482 581 3553 gius
602 3479 889 3535 videretur.
918 3479 1200 3549 Nunquam
1227 3488 1409 3553 tamen
1454 3496 1636 3553 rerum
1663 3481 1890 3553 feliciter
1926 3479 2055 3552 pro-

463 3550 693 3621 cedente
719 3565 911 3621 cursu,
932 3565 1033 3605 nec
1082 3550 1353 3621 popularis
1381 3565 1525 3605 aura:
1552 3551 1737 3607 afllatu
1783 3550 1944 3606 elata‘
1971 3562 2053 3609 est

466 3620 583 3688 ejus
608 3620 771 3675 animi
792 3620 1120 3686 moderatio;
1153 3620 1353 3675 etenim
1381 3621 1569 3676 solidis
1616 3620 1934 3678 Christiana:
1960 3622 2053 3679 hu-

465 3690 709 3764 militatis
745 3689 1107 3764 fundamentis
1150 3690 1375 3764 ﬁrmiter
1402 3691 1639 3755 innixus.
1693 3692 1793 3748 fuit
1836 3709 2053 3764 semper

465 3761 759 3834 moderatus
785 3762 839 3815 in
868 3764 1149 3833 prosperis.
1187 3760 1382 3834 verum
1425 3777 1532 3832 quo
1576 3772 1910 3834 praeceptore
1950 3760 2051 3821 has

465 3832 757 3904 proborum
786 3832 997 3887 merum
1021 3832 1477 3904 legesdidicerat,
1522 3832 1653 3902 quas
1700 3832 1883 3889 saeculi
1924 3850 2052 3904 pru-

466 3901 646 3973 dentia
672 3916 927 3973 respuere
954 3901 1135 3959 solet?
1157 3902 1315 3957 Nullo
1345 3911 1493 3959 certe
1523 3901 1623 3960 nisi
1671 3904 1885 3960 Christo
1925 3901 2049 3959 ’Βο-

463 3972 633 4039 mino,
665 3972 825 4043 quem
857 3974 912 4029 in
946 3974 1112 4029 sacris
1150 3973 1426 4029 codicibus
1460 3975 1744 4029 docentem
1783 3976 2046 4030 audierat.

465 4043 751 4124 yosigitur
770 4045 1107 4124 moreslectlo
1127 4044 1304 4124 _divina
1327 4045 1569 4124 soliduvit
1584 4044 1725 4124 (Lib:
1740 4062 1907 4115 tx,ep.
1932 4044 2045 4115 9.5).

462 4111 546 4168 Ex
573 4111 656 4169 his
680 4115 916 4171 fontibus
942 4116 1062 4171 illas
1090 4116 1315 4170 virtutes
1344 4115 1523 4169 hausit
1547 4111 1680 4183 quas
1708 4116 1765 4170 in
1787 4111 2050 4170 :eternum

504 4184 808 4240 oliticorum
836 4187 1079 4242 omnium
1106 4185 1411 4253 exemplum
1440 4184 1707 4252 traduxit;
1738 4193 1794 4241 et
1812 4187 1918 4241 hoc
1939 4202 2051 4241 eoe-

504 4200 808 4240 onucorum
836 4202 1079 4242 omnium
1106 4200 1411 4253 exemptum
1440 4200 1707 4252 traduxit;
1738 4200 1794 4241 et
1813 4200 1918 4241 noc
1939 4202 2049 4241 ete-

462 4200 587 4327 llzsti
613 4253 843 4327 Doctore
868 4258 1023 4311 novit
1058 4255 1362 4327 humilitate
1390 4253 1587 4309 Christi
1618 4257 1673 4310 in
1710 4257 2049 4327 amplissimis

464 4324 756 4380 honoribus
803 4339 982 4381 mores
1028 4325 1454 4381 modestissimos
1496 4324 1853 4381 conformare.
1909 4326 2050 4381 Hinc

462 4396 706 4450 virtutum
749 4397 977 4450 omnium
1027 4398 1246 4451 sumitur
1291 4397 1569 4467 manifesta
1620 4399 1879 4467 cognitio;
1929 4399 2049 4452 hinc

462 4466 720 4533 sapientia
750 4466 975 4521 veritatis
993 4483 1180 4535 sapore
1204 4466 1445 4521 conditur
1465 4484 1482 4519 :
1511 4468 1585 4521 sic
1615 4466 1883 4522 ad’omnia
1929 4470 2047 4522 red-

465 4535 605 4590 ditur
630 4535 859 4600 humilis,

537 4605 632 4661 llis
686 4614 794 4661 tam
849 4603 1164 4662 Christianas
1214 4608 1432 4676 pietatis
1479 4603 2049 4665 virtutibus'animum

465 4675 594 4751 dum
616 4685 899 4751 exerceret
922 4675 1300 4744 Cassiodorus,
1328 4679 1568 4734 muneris
1611 4680 1831 4751 alterius
1856 4688 2052 4751 partes

463 4745 731 4818 sustinere
752 4747 1063 4818 cogebatur,
1100 4763 1210 4818 quo
1234 4756 1294 4802 ut
1332 4764 1504 4818 nuper
1546 4750 1646 4804 sub
1685 4745 2049 4818 Theoderico,

462 4817 541 4872 sic
568 4818 667 4872 sub
695 4815 1006 4873 Atbalarieo
1036 4815 1177 4873 illius
1213 4815 1470 4873 mandato
1513 4827 1569 4874 et
1617 4819 1837 4874 nomine
1870 4815 2052 4875 varias

464 4887 532 4943 ad
572 4887 918 4959 pontiﬁcem,
968 4889 1035 4945 ad
1076 4890 1381 4959 episcopos,
1421 4889 1489 4944 ad
1533 4889 1757 4955 clerum,
1805 4898 2051 4944 senatum

462 4958 829 5084 gopulumque
857 4958 1181 5027 Romanum,
1211 4958 1279 5014 ad
1313 4960 1717 5041 imperatorem,
1762 4960 1829 5013 ad
1866 4973 2049 5039 regem

513 5029 859 5084 andalorum.
913 5030 1315 5084 permultosuue
1363 5031 1500 5084 alios
1533 5030 1741 5084 litteras
1782 5029 2049 5084 scribebat

513 5029 859 5095 andalorum,
913 5030 1315 5100 permultosque
1363 5031 1500 5084 alios
1533 5030 1741 5085 litteras
1782 5029 2052 5084 scribebat

463 5100 663 5170 pietate
698 5100 975 5169 singulari,
1010 5110 1065 5157 et
1111 5100 1392 5170 exquisitis
1441 5101 1724 5155 sententiis
1752 5100 2044 5167 mirabiles,

463 5185 599 5240 quas
612 5171 801 5240 videre
823 5182 905 5227 est
928 5172 1075 5227 libris
1102 5188 1196 5226 vni
1226 5181 1280 5226 et
1306 5186 1362 5224 lx
1382 5170 1679 5225 Variamm.

537 5243 565 5313 §
597 5239 760 5296 XXX.
792 5240 1132 5297 Cassiodorus
1162 5258 1275 5313 spes
1310 5242 1477 5313 unica
1513 5243 1905 5313 Amalasunthte
1951 5246 2047 5298 do-

461 5310 589 5367 lenti
610 5322 865 5367 remotam
888 5330 921 5366 a
948 5313 1132 5367 stadiis
1161 5310 1537 5367 Athalaricum.
1566 5311 1846 5379 Octavum,
1876 5322 1939 5369 ut
1974 5314 2051 5369 vi-

463 5383 660 5449 dimus,
691 5400 891 5454 annum
919 5386 1114 5453 agebat
1142 5382 1478 5437 Athalaricus
1516 5399 1637 5438 cum
1677 5386 1744 5438 ad
1777 5388 2048 5454 guberna-

463 5455 583 5508 cula
615 5455 823 5524 imperii
852 5453 1068 5508 Gothici
1100 5454 1433 5515 accessisset,
1468 5469 1625 5522 quem
1664 5453 2049 5511 Amalasuntha

463 5532 639 5579 mater
662 5527 714 5579 in
746 5526 809 5581 iis
838 5525 1086 5580 omnibus
1115 5524 1408 5593 disciplinis
1435 5533 1491 5577 et
1519 5526 1724 5579 artibus
1755 5543 1873 5595 quae
1892 5526 2048 5581 Chri-

463 5596 697 5651 stianum
727 5605 781 5651 et
810 5598 1102 5662 maximum
1125 5610 1306 5662 regem
1329 5596 1545 5658 decent,
1570 5597 1918 5650 erudiendum
1941 5608 2051 5651 tra-

464 5664 697 5722 diderat.
730 5667 800 5720 At
823 5664 1007 5732 Gothi,
1037 5682 1170 5736 gens
1192 5666 1363 5731 ferox,
1396 5682 1455 5720 se
1482 5668 1591 5731 regi
1619 5668 2055 5724 scientiiededito

462 5750 657 5806 parere
687 5738 824 5792 velle
849 5740 1081 5807 superbe
1110 5744 1472 5806 negaverunt:
1507 5746 1755 5806 putantes
1784 5754 2055 5796 armorum

465 5808 693 5879 gloriam
719 5822 845 5867 cum
873 5808 1052 5885 studio
1073 5809 1378 5871 litterarum
1407 5817 1552 5869 stare
1584 5825 1695 5871 non
1721 5826 1903 5889 posse,
1934 5827 2054 5887 quae

2086 5908 2113 5926 ’τ

2099 5920 2143 5967 :-s

2146 450 2408 522 volunta_ti
2437 449 2772 522 consilioque
2793 449 3155 522 saluberrimo
3185 459 3295 507 tam
3315 449 3596 522 praefracte
3615 449 3749 511 tan-

2146 529 2309 590 taque
2350 520 2943 590 ferocitateohstitere,
2982 528 3043 576 ut
3096 537 3286 577 eorum
3318 520 3506 579 ‘furori
3546 525 3752 583 cedere

2144 589 2363 646 tandem
2402 599 2591 647 coacta
2624 589 2803 645 fuerit.
2853 590 3057 647 Idcirco
3111 591 3407 648 Athalarici
3457 595 3631 651 mollis
3682 605 3752 653 et

2145 660 2289 717 ﬂuxa
2318 670 2450 716 tetas
2488 661 2764 733 exstinctis
2801 662 3056 733 virtutum
3086 672 3141 718 et
3181 665 3504 733 optimarum
3544 668 3749 722 artium

2145 733 2439 807 seminibus
2465 731 2534 807 ad
2558 732 2685 787 vitia
2725 732 2880 788 facile
2904 732 3142 807 deﬂexit,
3179 731 3243 790 ac
3280 736 3571 805 pessimum
3598 738 3750 807 regis

2146 804 2453 876 exemplum
2478 802 2586 858 cito
2615 810 2800 876 secuta
2827 810 2910 859 est
2945 802 3297 860 subditorum
3323 820 3465 876 pene
3500 802 3749 864 omnium

2148 873 2453 930 miseranda
2478 873 2773 942 corruptio.

2220 945 2518 1017 Depravata
2546 944 2729 1017 omnia
2758 957 2859 1017 nec
2879 944 2997 1001 sine
3024 943 3295 1017 lacrymis,
3322 956 3422 1003 nec
3444 948 3561 1004 sine
3590 963 3750 1007 acer-

2145 1013 2377 1092 bissimo
2398 1014 2559 1092 animi
2584 1030 2743 1092 sensu
2771 1013 2958 1092 videre
2986 1013 3199 1092 poterat
3224 1018 3633 1092 Amalasuntha,
3655 1022 3748 1092 pia

2147 1085 2410 1155 imprimis
2436 1086 2657 1153 regina;
2689 1086 2898 1155 ipsique
2947 1085 3005 1141 et
3040 1087 3196 1142 bonis
3224 1089 3474 1144 omnibus
3518 1085 3750 1146 incredi-

2146 1156 2310 1231 bilem
2341 1155 2584 1231 do_lorem
2616 1157 2864 1211 inurebat
2890 1157 3086 1211 misera
3110 1165 3223 1211 tum
3247 1159 3432 1227 regite,
3458 1170 3570 1215 tum
3592 1160 3747 1231 regni

2146 1225 2350 1301 faciest
2393 1225 2675 1301 summum
2719 1234 2930 1301 tamen
2958 1242 3250 1301 mmrorem
3292 1225 3572 1285 minuebat
3621 1225 3749 1301 spes

2148 1297 2305 1352 unica
2338 1295 2389 1350 in
2425 1296 2732 1351 Cassiodori
2776 1297 3047 1366 probitate
3079 1299 3285 1367 posita;
3335 1311 3562 1355 noverat
3597 1295 3745 1356 enim

2147 1374 2407 1440 quantum
2430 1368 2573 1440 regis
2595 1366 3011 1423 adolescentiam
3041 1366 3279 1440 Consiliis
3300 1378 3356 1425 et
3383 1386 3568 1440 opera,
3601 1372 3749 1428 curis

2148 1444 2205 1509 et
2233 1436 2425 1509 opibus
2447 1436 2668 1492 fovisset
2685 1444 2858 1509 ;rquot
2878 1446 3115 1509 qumstor
3144 1438 3317 1494 factus
3345 1436 3558 1509 iniquas
3583 1443 3747 1497 τρεοῇ

2149 1505 2324 1579 disset
2345 1507 2518 1579 leges;
2540 1514 2685 1579 quot
2707 1505 3105 1577 improbissime
3126 1524 3344 1566 eversas
3362 1505 3506 1579 juste
3535 1511 3749 1568 reﬁxis-

2148 1584 2251 1650 set.
2279 1575 2433 1650 Unde
2456 1575 2690 1650 vitiosas,
2704 1575 2893 1650 omnes
2924 1586 2979 1633 et
3007 1589 3287 1650 eorruptas
3326 1575 3750 1639 consuetudines

2147 1645 2297 1701 brevi
2320 1648 2387 1702 ah
2410 1662 2476 1703 eo
2502 1647 2865 1703 emendandas
2891 1645 3215 1715 conﬁdebat,
3247 1666 3408 1715 quem
3431 1659 3544 1707 tum
3570 1667 3603 1708 ts
3632 1652 3747 1711 Deo

2148 1716 2406 1797 donatum
2432 1718 2656 1797 putabat
2677 1726 2736 1773 ut
2761 1718 3043 1789 pristinum
3068 1716 3373 1792 reipublicae
3399 1721 3747 1793 splendorem

2149 1796 2482 1843 restitueret.
2708 1802 2711 1803 ⁷

2226 1856 2253 1930 §
2285 1857 2474 1934 XXXI.
2508 1857 2725 1913 Creatur
2760 1861 3254 1934 iterumprwfectus
3294 1864 3561 1933 prtetorio.
3608 1861 3743 1918 Eam

2151 1943 2282 2004 sane
2309 1930 2379 1985 ob
2406 1945 2626 2004 c_ausam
2651 1931 2831 2004 cuncti
2861 1930 3056 2004 quibus
3082 1930 3244 1988 chara
3274 1930 3604 2004 eraLpatria:
3629 1935 3746 2002 glo-

2153 1999 2255 2068 ria,
2283 2016 2383 2087 per
2410 1999 2728 2087 senatorem
2750 1994 3156 2087 integerrimum
3185 1994 3433 2085 praetoﬁ.
3467 1994 3748 2087 praefectu-

2150 2084 2266 2144 ram
2297 2070 2672 2144 administrari
2702 2072 2963 2144 optabant
3010 2070 3413 2139 ardentissime;
3464 2070 3626 2144 idque
3680 2076 3746 2130 ab

2152 2138 2466 2195 Athalarico
2512 2143 2704 2215 saepius
2738 2138 3181 2215 postulaverant,
3230 2138 3461 2215 quorum
3493 2138 3747 2215 precibus

2151 2225 2395 2283 annuens
2423 2211 2993 2283 rexgillumgprmtorjo
3036 2211 3273 2282 praefecit
3311 2211 3611 2271 indictione
3649 2232 3744 2283 xu,

2153 2280 2207 2334 id
2233 2290 2318 2335 est
2344 2295 2487 2336 anno
2519 2280 2755 2336 Domini"
2778 2280 2899 2334 5M.
2931 2280 3056 2339 Haec
3083 2283 3422 2339 Athalaricus
3460 2301 3572 2340 non
3629 2280 3748 2341 sine

2152 2352 2411 2420 praeclara
2460 2350 2766 2407 Cassiodori
2806 2354 3276 2410 commendatione
3315 2355 3572 2419 insinuat,
3617 2356 3747 2410 dum

2152 2421 2230 2475 ait
2259 2420 2416 2489 (Var.
2447 2422 2538 2475 lib.
2570 2438 2643 2487 ix,
2673 2438 2754 2493 ep.
2789 2421 2878 2491 24)
2904 2440 2919 2476 :
2966 2421 3174 2478 Diutius
3208 2425 3411 2495 quidem
3450 2426 3745 2495 differendo

2153 2508 2246 2561 pro
2276 2500 2324 2544 te
2347 2502 2646 2546 cunctorum
2674 2501 2790 2547 vota
2813 2495 3136 2560 lassuvimus,
3166 2506 3221 2548 ut
3242 2496 3653 2551 benevolentiam
3694 2499 3747 2550 in

2154 2570 2202 2616 te
2230 2562 2561 2635 probaremus
2582 2564 2956 2635 generalitatis,
2988 2575 3037 2617 et
3065 2568 3261 2619 cunctis
3283 2566 3625 2621 desideratior
3647 2568 3744 2621 ad-

2152 2634 2371 2687 venires.
2410 2633 2531 2689 Pari
2560 2633 2715 2689 laude
2741 2635 3012 2689 subditum
3043 2651 3139 2690 rex
3180 2635 3366 2699 alﬁcit,
3418 2637 3545 2691 dum
3586 2653 3745 2691 sena-

2156 2709 2267 2778 tum
2297 2702 2552 2778 admouet
2573 2719 2692 2778 qua
2708 2704 2902 2778 ductus
2922 2705 3144 2778 ratione
3160 2706 3467 2775 praefectum
3490 2708 3745 2778 pnetorio

2154 2773 2306 2828 illum
2335 2773 2556 2847 fecerat,
2612 2774 2857 2830 videlicet
2901 2782 2960 2829 ut
3005 2773 3245 2831 omnium
3287 2778 3429 2832 votis
3473 2773 3745 2847 expetitus

2155 2846 2491 2917 cerruptelas
2521 2861 2710 2900 omnes
2732 2852 2786 2899 et
2816 2861 3011 2917 pravos
3036 2862 3162 2901 usus
3191 2847 3401 2903 facilius
3422 2846 3743 2915 corrigeret.

2158 2914 2300 3000 [Inic-
2321 2914 2444 2986 ergo
2464 2918 2790 2987 praefectura:
2815 2914 3451 3000 praetorianis-regendam
3475 2914 3745 3000 tribuimus

2155 2984 2491 3058 dignitatem,
2544 2984 2601 3040 ut
2627 2984 2887 3058 _querelas
2925 3003 3100 3041 omnes
3146 2984 3437 3058 inﬁdelium
3485 2989 3746 3043 nundina-

2157 3056 2295 3110 tione
2324 3058 2586 3125 collectas,
2614 3056 2724 3111 Deo
2745 3067 3044 3130 praestante,
3072 3074 3168 3130 sua
3206 3056 3509 3130 integritate
3539 3076 3746 3130 compo-

2155 3137 2266 3201 rtat,
2299 3130 2557 3201 faciatque
2585 3129 2926 3201 tam_nimium
2954 3128 3297 3201 desideratus,
3321 3128 3382 3183 ut
3403 3132 3604 3185 cunctis
3629 3128 3747 3201 pos-

2153 3196 2352 3269 sitiesse
2378 3196 2632 3267 beneﬁcus
2656 3196 2795 3269 (Lib.
2826 3215 2900 3263 rx,
2926 3215 3006 3269 ep.
3032 3198 3145 3269 25).

2224 3268 2396 3323 Docet
2416 3268 2681 3340 praeterea
2709 3284 2807 3324 rex
2832 3268 2961 3323 eum
2985 3285 3016 3323 a
3046 3268 3109 3325 se
3126 3268 3437 3340 prscl'ectum
3461 3287 3528 3326 ea
3566 3281 3748 3328 mente

2155 3346 2216 3394 ut
2242 3340 2553 3411 provincias,
2572 3339 2841 3408 judicibus
2862 3340 3060 3409 iniquis
3080 3339 3365 3411 oppressas
3394 3342 3744 3399 sublevaret:

2153 3418 2211 3462 ut
2237 3410 2509 3482 probatum
2526 3410 2889 3482 judicemsiue
2930 3419 3068 3463 metu
3111 3410 3389 3479 provincia:
3434 3415 3744 3482 suscipiant,

2152 3481 2551 3554 quas‘liuctenus
2579 3480 2926 3554 improborum
2964 3484 3288 3554 cognovimus
3320 3484 3522 3554 actione
3555 3480 3748 3554 fatigaé

2155 3558 2233 3603 tas
2277 3549 2433 3623 (Lib.
2459 3567 2533 3616 Ix,
2564 3567 2643 3623 ep.
2675 3549 2789 3621 ‘24).
2824 3551 3006 3623 Atque
3029 3549 3107 3606 ut
3137 3552 3228 3620 qui
3274 3552 3491 3608 sordido
3532 3549 3749 3623 semper

2152 3631 2360 3688 quaestu
2393 3622 2672 3687 abstinuit,
2711 3622 2949 3676 avaritiae
2977 3621 3173 3675 damna
3214 3624 3510 3677 resarciat:
3547 3621 3747 3678 Solitus

2150 3705 2207 3765 es
2233 3692 2437 3765 quidem
2456 3692 2733 3765 justanen
2761 3692 3002 3765 vendere;
3023 3692 3123 3765 _sed
3148 3709 3287 3765 nunc
3317 3696 3746 3765 oportetimpen-

2152 3760 2257 3813 sius
2280 3761 2418 3834 ltesis
2439 3760 2529 3832 per
2548 3762 2796 3834 injuriam
2825 3762 3092 3834 subvenire
3112 3760 3383 3832 (Ibidem).
3404 3762 3543 3830 Quid
3570 3760 3748 3834 plura?

2153 3840 2212 3884 ut
2250 3833 2342 3905 qui
2385 3831 2656 3896 anteactis,
2690 3833 2865 3905 inquit
2913 3831 3183 3905 (Ibidem),
3232 3831 3458 3905 fascibus
3488 3831 3746 3890 mirabilis

2151 3904 2481 3972 continentiae
2532 3904 2766 3972 exempla
2814 3902 3050 3972 prwbuit,
3092 3902 3481 3972 incorruptibili
3533 3920 3747 3963 morum

2152 3970 2269 4040 ejus
2296 3973 2601 4041 integritate
2631 3970 2827 4027 abusus
2863 3988 3051 4029 omnes
3086 3981 3141 4027 et
3180 3970 3522 4030 fraudulenta
3565 3977 3747 4032 studia

2154 4043 2518 4118 exstirpentur
2531 4052 2586 4118 et
2605 4043 2841 4097 funditus
2864 4043 3139 4118 tollantur.
3165 4043 3405 4116 Invigilat
3431 4047 3748 4118 incorrupti-

2153 4111 2268 4167 bilis
2290 4111 2467 4189 {tensus
2498 4114 2740 4189 adversus
2770 4115 2908 4189 male
2928 4124 3199 4189 consuetas
3240 4111 3426 4169 manus
3461 4111 3743 4189 (Ibidem),

2152 4191 2258 4257 etc.
2293 4182 2431 4239 Hine
2459 4199 2581 4257 eum
2612 4186 2665 4238 in
2696 4185 3017 4254 prmtoriana
3046 4185 3197 4257 sede,
3226 4182 3485 4256 tauquam
3532 4187 3589 4240 in
3621 4182 3746 4257 spe-

2153 4254 2270 4324 cula
2301 4270 2331 4308 a
2370 4270 2428 4309 se
2458 4254 2783 4309 collocatum
2814 4256 3157 4324 pronuntiat;
3201 4264 3262 4310 ut
3309 4254 3453 4311 nulla
3492 4254 3746 4324 sagacem

2152 4323 2269 4397 ejus
2301 4325 2642 4397 prudentiam
2678 4323 2897 4397 eﬂ‘ugiat
2933 4325 3158 4397 malitia,
3186 4340 3350 4394 quam
3396 4327 3485 4381 vel
3527 4323 3744 4397 punire,

2150 4396 2234 4449 vel
2266 4395 2557 4450 emendare
2587 4410 2695 4449 non
2725 4395 2931 4465 possit:
2967 4395 3161 4450 Lumen
3187 4406 3234 4450 te
3254 4395 3564 4451 immisimuis
3593 4399 3748 4453 rebus

2152 4466 2351 4538 celatis,
2395 4466 2602 4538 quando
2627 4481 2732 4538 nec
2760 4466 3049 4535 prudentia
3095 4474 3196 4521 tum
3241 4468 3749 4538 quisquamyoterit

955 4553 1040 4608 eme
1057 4526 1242 4591 imbuit
1272 4538 1507 4592 doctrina
1526 4540 1743 4593 scelestis
1774 4538 2042 4608 (Ibidem).
2077 4526 2124 4584 Β
2152 4526 2385 4608 illudere,
2407 4526 2521 4608 'nec
2557 4537 2715 4607 ﬁdem
2753 4526 2927 4608 aliqua
2966 4538 3227 4593 oblatione
3253 4526 3469 4593 'tent'are
3492 4526 3636 4608 (Lib.
3669 4553 3746 4602 sx,

2152 4622 2236 4678 ep.
2278 4604 2389 4681 si).
2421 4604 2579 4681 Nullo
2611 4616 2791 4661 tamen
2818 4604 3070 4679 exemplo
3096 4621 3219 4663 eum
3265 4608 3461 4681 induci
3487 4604 3755 4681 operte"

2152 4677 2408 4747 praedicat
2445 4678 2512 4733 ad
2549 4686 2613 4732 ea
2641 4692 2762 4748 qua:
2797 4677 2998 4746 magna
3032 4686 3158 4748 sunt
3193 4677 3542 4748 peragenda.w
3572 4677 3756 4746 Quam

2153 4758 2311 4818 putas
2340 4748 2410 4802 oh
2443 4749 2696 4803 causam?
2721 4747 2902 4818 Ipsum
2945 4747 3069 4802 audi
3116 4747 3514 4816 Athalaricum;
3554 4750 3751 4804 miram

2154 4817 2285 4873 sane
2331 4818 2412 4873 rei
2464 4818 2695 4873 insolitae
2742 4817 2951 4888 profert
2988 4818 3261 4874 rationem
3304 4836 3318 4872 :
3364 4819 3605 4874 Aliorum
3655 4819 3751 4875 tibi

2155 4890 2393 4957 εωειηρια
2417 4904 2519 4971 non
2549 4890 3001 4971 ponim.us,‘vetera
3031 4889 3280 4971 moribus.
3299 4890 3419 4971 tuis,
3446 4897 3496 4945 et
3515 4892 3752 4971 omnium

2158 4968 2275 5013 vota
2297 4957 2561 5029 complesti
2590 4957 3107 5029 (Ibidem).~Summi
3128 4960 3228 5013 viri
3268 4958 3480 5014 laudem
3529 4960 3753 5016 absolu-

2157 5028 2422 5113 tissimam
2449 5045 2551 5113 nec
2580 5028 2827 5110 brevius,
2837 5044 2941 5113 nec
2960 5028 3152 5113 melius
3177 5029 3299 5113 quis
3334 5031 3623 5113 complecti
3649 5046 3752 5102 po.

2158 5107 2284 5171 test,
2317 5116 2479 5171 quam
2500 5102 2584 5155 his
2612 5100 2973 5171 paucioribus,
3004 5099 3099 5154 sed
3138 5099 3575 5157 luculentissimis
3620 5099 3750 5157 ver-

2158 5116 2284 5166 teSt,
2356 5116 2479 5155 uam
2501 5116 2584 5155 ms
2612 5116 2973 5171 paucnormus,
3004 5116 3099 5154 seu
3138 5116 3575 5157 luculentissima
3620 5116 3680 5157 ve

2156 5170 2241 5227 his
2266 5116 2499 5243 Laetam
2520 5172 2746 5243 moribus
2775 5173 2894 5237 tuis,
2924 5181 2973 5226 et
2997 5172 3225 5243 omnium
3250 5180 3370 5225 vota
3388 5174 3680 5243 complesti.

2231 5240 2499 5314 §5XXXIL
2536 5241 2831 5314 Quid,_cur,
2858 5252 2908 5295 et
2926 5241 3180 5314 quomodo
3205 5244 3474 5312 scripserit
3502 5240 3577 5296 ad
3615 5258 3748 5298 stult.

2155 5311 2346 5385 ponti)‘.
2371 5313 2628 5367 Joannem
2650 5312 2737 5366 ΙΙ.
2769 5311 2980 5385 (Mirum
3012 5311 3258 5385 profecto
3302 5311 3468 5385 quam
3497 5322 3755 5385 constans

2156 5382 2374 5454 Semper
2398 5385 2560 5438 fuerit
2588 5383 2811 5437 summis
2840 5385 2893 5437 in
2925 5382 3173 5439 laudibus
3192 5382 3500 5454 Christiana
3528 5384 3752 5441 Cassio.

2158 5454 2278 5509 dori
2308 5455 2619 5519 humilitas;
2654 5470 2775 5527 nam
2807 5454 2896 5527 ubi
2923 5455 3153 5522 primum
3185 5453 3468 5523 praefectus
3497 5456 3753 5527 praetorio

2160 5534 2377 5580 creatus
2424 5535 2524 5590 est,
2567 5526 2747 5579 statim
2799 5526 2865 5579 ad
2914 5539 3178 5578 summum
3230 5526 3541 5595 pontiﬁcem
3583 5526 3749 5581 Joan—

2158 5612 2281 5651 nem
2314 5596 2355 5649 ll
2383 5598 2651 5666 supplices
2681 5597 2885 5650 litteras
2913 5596 3147 5665 scripsit,
3178 5596 3373 5665 quibus
3401 5606 3457 5650 ut
3495 5596 3637 5652 Illius
3662 5599 3750 5650 ob-

2159 5678 2355 5732 secrat,
2392 5668 2558 5721 Deum
2585 5682 2683 5736 pro
2710 5682 2769 5721 se
2798 5668 3005 5721 enixius
3032 5677 3151 5721 oret
3188 5677 3456 5736 quatenus
3494 5669 3752 5723 commis-

2162 5753 2278 5793 sam
2308 5739 2407 5792 sibi
2432 5740 2765 5808 provinciam
2806 5753 2870 5793 ac
2906 5737 3213 5807 reipublicae
3257 5749 3440 5807 partes
3484 5740 3754 5795 stistinest

2162 5825 2262 5891 pro
2292 5807 2550 5882 dignitate
2575 5810 2769 5870 valeat.
2801 5809 3022 5884 Precor,
3051 5807 3226 5881 inquit
3262 5810 3419 5882 (Var.
3560 5826 3638 5884 ιι,
3668 5824 3748 5896 ep,

4020 756 4031 975 ἐ
