3992 6474
231 369 352 430 485

1626 362 2154 420 PROLEGOMENA.

3395 351 3526 412 ἰω

237 487 375 544 dicii
423 486 684 544 factorum
729 483 969 542 Omnium
1017 482 1245 537 fructum
1291 479 1585 550 capiamus.
1631 479 1830 534 Verum
1860 480 1902 536 Α
1938 478 2092 532 Anno
2118 476 2280 550 igitur
2319 475 2422 529 558
2452 474 2537 550 vei
2565 473 2688 550 559,
2719 475 2959 550 deposita
2994 475 3323 550 praefectorio
3351 474 3525 550 digni-

239 574 410 614 nemo
441 559 611 613 nescit
639 573 757 628 qua:
785 558 895 628 sint
933 556 1033 608 hac
1073 553 1141 628 de
1167 568 1224 628 re
1263 560 1569 628 sanctorum
1613 550 1828 628 Patrum

238 629 563 697 opiniones,
604 621 723 698 qute
773 625 991 696 quidem
1041 623 1266 678 crimine
1323 622 1478 676 facile
1528 621 1834 690 purgabant

217 699 654 753 Cassiodorum.

321 769 350 839 §
384 765 520 839 LIX.
561 765 822 839 Quantum
853 766 1015 839 pietas
1057 762 1577 839 Cassiodorielueeat
1625 762 1678 814 in
1729 761 1834 828 ﬁne

242 833 371 891 (ibid
398 838 462 891 de
490 838 697 891 Anima.
730 837 828 890 llic
853 833 1122 889 lectorem
1166 833 1321 895 sisto,
1361 833 1618 898 illumque
1666 840 1828 884 etiam

238 915 414 975 atque
463 909 625 962 etiam
677 908 904 962 obsecro
953 904 1167 958 ultimas
1216 903 1375 970 hujus
1404 902 1550 975 _libri
1613 900 1834 975 paginas

247 970 468 1032 evolvat
522 979 807 1040 attentius,
859 983 917 1029 ut
971 988 1224 1041 expressa
1277 973 1472 1042 passim
1522 970 1836 1042 humilitatis

241 1055 677 1118 ceterarumque
697 1048 971 1118 virtutum
1022 1043 1246 1109 insignia
1281 1041 1582 1118 perspiciat
1599 1058 1612 1104 ;
1627 1041 1834 1118 “obser-

243 1125 448 1190 vetque
475 1109 637 1186 quain
683 1115 1156 1190 fuerit‘scjunctus
1190 1129 1220 1166 a
1251 1109 1588 1190 terrenis
1619 1109 1834 1190 Cassio-

244 1181 436 1256 dorus,
463 1181 624 1256 quam
673 1187 952 1256 expeditus
982 1198 1011 1237 a
1038 1183 1188 1238 vanis
1234 1183 1636 1256 cupiditatibus,
1667 1181 1837 1256 qualis

247 1255 400 1311 falsae
430 1251 693 1311 honorum
738 1251 985 1323 imaginis
1011 1251 1372 1323 contemptor.
1406 1251 1470 1304 Et
1495 1267 1625 1306 sane
1655 1251 1835 1323 mirari

239 1327 461 1382 desinet
487 1327 630 1396 quod
669 1329 751 1381 vir
795 1321 1289 1396 priestaiitissimus,
1317 1323 1383 1376 ad
1412 1323 1622 1396 culmen
1665 1321 1831 1387 digni-

225 1404 422 1450 tatum
450 1393 640 1451 earum
678 1393 896 1452 evectus
924 1409 1043 1462 qua:
1071 1394 1413 1462 amplissimae
1442 1393 1680 1446 omnium
1719 1406 1840 1446 cen-

245 1476 458 1529 sentur,
501 1466 654 1535 cujus
701 1467 835 1521 adeo
882 1461 1008 1518 felix
1055 1461 1173 1516 fuit
1203 1461 1432 1535 fortuna:
1474 1463 1735 1535 conditio,
1770 1469 1842 1535 _ut

239 1550 373 1590 eam
402 1531 582 1590 rerum
610 1544 1021 1606 temporumque
1061 1534 1389 1587 mutabilitas
1420 1548 1526 1587 non
1571 1531 1836 1606 attigerit,

241 1619 415 1672 quem
455 1602 770 1660 amaverunt
812 1615 867 1660 et
909 1605 1192 1658 coluerunt
1236 1619 1393 1672 reges
1420 1612 1678 1672 quatuor;
1721 1602 1841 1672 qui-

232 1671 359 1729 bus
382 1677 746 1744 regnantibus,
778 1686 886 1729 tam
926 1675 1092 1728 libera
1121 1682 1192 1744 fet
1219 1671 1377 1743 plena
1417 1671 1592 1728 fuerat
1637 1671 1840 1744 potitus

246 1742 596 1811 auctoritate,
619 1755 678 1800 ut
705 1747 899 1799 famam
941 1745 1042 1799 sibi
1082 1742 1266 1811 gloria:
1295 1745 1618 1813 singularem
1651 1742 1838 1813 claris-

249 1814 528 1884 simosque
575 1817 760 1871 titulos
805 1822 1204 1884 comparasset;
1250 1830 1356 1867 non
1393 1812 1702 1878 mirabitur,
1753 1812 1837 1865 in-

243 1898 445 1952 quam,
476 1886 620 1953 quod
663 1887 746 1940 his
786 1887 1034 1940 omnibus
1063 1884 1377 1952 postpositis
1414 1886 1680 1938 honorum
1711 1895 1836 1950 gra-

242 1953 431 2020 dibus,
461 1956 763 2024 spretisque
807 1955 1005 2008 divitiis
1042 1953 1110 2024 ab
1149 1953 1272 2024 aula
1309 1954 1622 2020 secesserit,
1655 1962 1716 2006 ut
1752 1953 1836 2006 in-

249 2031 338 2077 tra
387 2022 606 2079 claustri
653 2022 942 2088 ambitum,
987 2022 1291 2092 solitudinis
1336 2033 1392 2079 et
1440 2024 1841 2092 tranquillitatis

243 2108 469 2160 amore,
501 2109 561 2150 se
604 2095 916 2161 cohiberet,
961 2094 1053 2147 uni
1099 2091 1212 2147 Deo
1252 2109 1317 2149 ac
1363 2091 1630 2151 ecelitibus
1677 2109 1838 2149 vaca-

248 2171 431 2218 turus.

323 2234 360 2305 ς
393 2233 504 2287 LX.
537 2232 830 2301 Quomodo,
870 2245 920 2290 et
964 2235 1169 2306 quando
1213 2235 1402 2290 swculo
1448 2235 1836 2289 renuntiaverit.

1941 558 2068 612 tate,
2100 544 2407 616 stcculoque
2441 546 2622 616 valere
2651 544 2828 616 jusso,
2864 544 3083 611 Magnus
3125 546 3370 601 Aurelius
3397 544 3530 616 Cas-

1938 618 2187 672 siodorus
2216 618 2268 670 in
2307 614 2493 670 urbem
2538 614 2861 685 Scyllacium
2901 617 3025 668 vita:
3064 616 3346 683 quietioris
3387 614 3529 670 desi-

1937 688 2090 741 derio
2117 686 2429 746 contendit;
2459 685 2610 754 juxta
2641 700 2801 753 quam
2847 694 3213 739 constructum
3245 701 3276 739 a
3305 700 3364 740 se
3411 701 3529 741 mo-

1941 759 2232 811 nasterium
2260 757 2425 811 veluti
2454 755 2778 810 tutissimum
2806 755 2994 808 salutis
3023 764 3236 824 portum
3260 756 3530 824 ingressus

1939 837 2037 881 est.
2063 828 2336 896 Ingentem
2361 827 2495 880 tanti
2517 825 2620 879 viri
2643 825 2909 893 jacturam
2933 836 3073 891 atgre
3095 825 3381 896 admodum
3409 826 3532 882 tulit

1938 895 2240 952 Gothorum
2285 912 2435 965 gens,
2483 910 2787 966 eorumque
2829 909 3028 966 regno,
3075 895 3228 966 cujus
3264 895 3430 966 decus
3474 905 3534 952 et

1940 964 2312 1022 ornamentum
2356 967 2668 1028 exstiterat,
2693 964 3131 1019 ardentissimum
3174 964 3299 1020 fecit
3326 967 3408 1020 sui
3436 967 3530 1022 de-

1936 1039 2226 1103 siderium;
2258 1052 2360 1092 nec
2387 1037 2556 1106 multo
2596 1043 2721 1106 post
2749 1035 2868 1101 ejus
2911 1035 3203 1106 discessum
3247 1036 3534 1092 subsecuta

1938 1117 2025 1164 est
2061 1109 2208 1177 regni
2245 1109 2356 1176 jam
2391 1103 2690 1161 deficientis
2725 1106 2900 1177 ruina.
2932 1103 3132 1177 Contra
3175 1120 3303 1160 vero
3340 1120 3532 1177 mona-

1940 1183 2087 1235 stica:
2130 1175 2452 1249 professioni
2481 1190 2686 1249 magna
2715 1175 2852 1249 facta
2887 1184 2975 1249 est
3004 1175 3226 1249 honoris
3254 1184 3308 1230 et
3348 1175 3532 1249 splen-

1941 1251 2090 1304 doris
2119 1245 2356 1303 accessio
2387 1248 2441 1301 in
2483 1247 2766 1302 clarissimi
2807 1245 2966 1312 hujus
3011 1245 3108 1301 viri
3155 1247 3530 1314 susceptione;

1940 1321 2092 1389 cujus
2121 1321 2227 1373 vita
2259 1320 2311 1372 in
2362 1316 2914 1389 institutoctenobiali
2948 1325 3152 1370 tantum
3195 1316 3292 1369 fuit
3319 1317 3535 1389 conspi-

1941 1386 2041 1445 cua
2082 1389 2392 1444 monasticis
2423 1387 2730 1452 virtutibus,
2762 1395 3020 1456 quantum
3050 1386 3381 1441 ornamentis
3409 1401 3538 1456 pro-

1941 1462 2123 1516 bitatis
2153 1461 2292 1514 inter
2318 1473 2576 1528 proceres
2595 1456 2870 1528 claruerat
2894 1457 3149 1525 gloriosa.

2013 1531 2092 1585 Ad
2121 1526 2523 1584 annum—aetatis
2551 1526 2621 1580 69
2638 1527 2733 1598 vel
2774 1526 2839 1580 70
2866 1534 3208 1598 processerat
3234 1527 3452 1598 quando
3481 1528 3536 1582 in

1942 1601 2328 1657 monasterium
2369 1613 2429 1652 se
2467 1597 2706 1667 recepit,
2739 1611 2806 1652 eo
2836 1598 3000 1651 animi
3025 1597 3212 1664 vigore
3241 1606 3297 1652 et
3336 1599 3536 1653 robore

1943 1681 2222 1742 pratstans,
2250 1678 2312 1742 ut
2355 1669 2890 1742 injustusuhabeatur
2915 1668 3158 1742 quisquis
3185 1683 3306 1742 eum
3353 1669 3536 1742 steculi

1944 1738 2351 1812 iempestatibus
2383 1738 2705 1812 subduxisse
2729 1747 2925 1807 caput,
2959 1747 3014 1792 et
3038 1739 3251 1812 imperii
3282 1738 3538 1812 oneribus

1946 1808 2198 1867 hunieros
2235 1825 2302 1865 eo
2342 1810 2679 1878 potissimum
2727 1815 2973 1878 tempore
3015 1809 3345 1863 subtraxisse
3391 1808 3539 1862 dicat

1945 1899 2052 1951 quo
2103 1882 2291 1953 patria:
2347 1878 2597 1953 famulam
2653 1894 2871 1953 manum
2912 1879 3142 1953 amplius
3172 1878 3538 1953 commodare

1931 1948 2119 2009 fessus
2141 1967 2249 2006 non
2277 1951 2501 2005 valeret.
2534 1949 2745 2005 Etenim
2776 1949 2830 2002 in
2877 1949 3045 2004 altera
3093 1948 3252 2018 hujus
3298 1949 3537 2003 historia:

1940 2035 2096 2094 parte
2133 2038 2294 2092 quant
2326 2021 2534 2094 multos
2578 2020 2811 2094 labores,
2843 2033 3004 2087 quam
3053 2019 3218 2094 duros
3265 2019 3537 2094 constanti

1940 2089 2122 2148 animo
2151 2089 2446 2162 pertulerit
2486 2091 2538 2162 in
2584 2090 2920 2162 professione
2960 2090 3416 2162 monasticatubi
3467 2089 3537 2143 ad

1941 2179 2138 2218 annum
2169 2158 2250 2215 '93
2293 2169 2348 2216 et
2377 2158 2606 2232 amplius
2635 2161 2799 2216 vitam
2839 2160 3121 2230 produxit,
3153 2159 3265 2215 Deo
3292 2158 3536 2229 juvante,

1935 2232 2451 2290 demonstrabimus.

1925 2394 3536 2412 .W—m

1451 2541 1724 2614 PARS
1799 2544 2276 2616 ALTERA.

333 2697 362 2770 §
402 2697 445 2752 I.
502 2697 685 2754 Status
738 2697 1034 2770 Cassiodori
1091 2715 1205 2770 eum
1255 2698 1444 2753 sacculo
1496 2700 1836 2770 renuntiaret.

252 2766 526 2824 Hactenus
571 2777 680 2822 tam
723 2769 882 2823 claris
927 2769 980 2822 in
1031 2768 1151 2822 aula
1199 2783 1382 2836 regum
1414 2776 1470 2821 et
1517 2769 1750 2836 pietatis.
1783 2775 1838 2821 et

251 2839 574 2906 dignitatum
617 2839 972 2894 collucentem
1013 2838 1320 2903 decoribus,
1348 2839 1690 2906 suspeximus
1731 2838 1842 2890 Ma-

251 2923 422 2978 gnum
448 2908 856 2973 Cassiodorum;
889 2916 947 2962 ut
988 2908 1640 2978 absolutissimum,quod
1672 2907 1838 2978 admij

250 2977 367 3034 rari
395 2979 563 3048 magis
587 2994 747 3047 quam
779 2979 976 3032 imitari
1003 2979 1086 3031 vel
1117 2977 1493 3048 sapientissimi
1524 2977 1722 3045 quique
1747 2977 1846 3048 viri

254 3047 507 3119 possint,
527 3049 820 3116 prudentia:
844 3058 1266 3119 czcterarumque
1290 3047 1544 3119 virtutum
1572 3047 1847 3119 exemplar

253 3115 383 3174 eum
411 3115 609 3186 vocare
636 3133 746 3170 non
779 3119 1047 3180 dubitem;
1074 3115 1510 3186 quandoquidem
1541 3131 1640 3170 nec
1669 3115 1844 3170 hami-

253 3189 468 3242 litatem
501 3185 857 3240 Christianam
887 3201 1006 3240 cum
1037 3185 1284 3255 purpurae
1311 3185 1607 3252 fulgoribus
1633 3187 1846 3240 erubuit

252 3259 485 3312 insueta:
515 3257 786 3310 societatis
815 3257 1030 3310 vinculo
1058 3255 1343 3321 colligare;
1385 3271 1486 3310 nec
1532 3255 1724 3309 minori
1755 3258 1849 3311 de—

252 3327 480 3381 votione
511 3325 679 3380 sacris
709 3325 984 3394 Evangelii
1012 3326 1264 3394 oraculis,
1297 3340 1456 3391 quam
1481 3324 1702 3393 justiti-.e
1746 3326 1848 3380 hu-

257 3412 435 3451 mame
476 3396 680 3461 legibus
710 3393 1119 3462 obtemperavit.
1159 3393 1356 3448 Intueri
1381 3411 1506 3448 eum
1534 3411 1673 3450 nunc
1702 3395 1850 3450 lubet

256 3465 599 3520 abdicantem
633 3480 691 3518 se
717 3465 1014 3519 honoribus
1037 3465 1248 3529 saaculi,
1281 3471 1334 3516 et
1372 3464 1548 3517 aulam
1576 3466 1845 3530 cmnobio,

258 3535 618 3604 contubernio
646 3535 1032 3589 monachorum
1060 3535 1378 3590 societatem
1409 3534 1707 3604 principum
1737 3550 1851 3590 ser-

257 3620 556 3672 vorumque
569 3603 942 3674 frequentiam,
958 3605 1169 3659 divitias
1189 3612 1506 3674 paupertate
1521 3603 1851 3661 commercio

259 3675 570 3730 felicissimo
593 3682 1034 3729 commutantem.

339 3743 366 3816 ᾗ
417 3744 491 3816 ll.
521 3743 702 3816 Status
737 3745 882 3814 regni
923 3742 1125 3797 Cotln'ci
1162 3754 1211 3798 et
1252 3746 1592 3816 monastices,
1641 3745 1841 3816 Cassio-

259 3813 396 3870 doro
434 3813 563 3868 illud
591 3813 872 3876 deserente,
913 3821 962 3867 et
993 3817 1124 3867 lianc
1152 3816 1505 3882 amplectente.
1549 3814 1851 3870 Gothorum

265 3885 585 3952 imperium,
629 3884 784 3954 Aquod
825 3885 1096 3954 ,virtutum
1155 3901 1370 3939 suarum
1413 3885 1503 3938 diu
1557 3885 1851 3940 munimine

257 3951 571 4011 suﬁ'ulscrat
615 3951 990 4017 cassiodorus,
1023 3954 1374 4009 certissimam
1405 3955 1469 4008 ad
1497 3956 1705 4008 ruinam
1739 3964 1854 4008 tan-

261 4026 389 4081 dem
420 4025 791 4087 inclinabatur,
818 4024 1144 4094 ardebatque
1174 4025 1434 4080 bellorum
1465 4026 1676 4094 ignibus
1700 4025 1851 4079 Italia

259 4096 379 4149 fere
429 4094 537 4162 jam
592 4103 940 4164 consumpta,
991 4093 1126 4164 quos
1174 4093 1853 4164 imperatoriJustinianus

263 4165 562 4233 Vitigisque
590 4180 684 4218 rex
713 4166 908 4233 passim
941 4165 1317 4220 accenderant.
1349 4165 1566 4219 Interim
1597 4166 1846 4221 solatium

260 4234 412 4290 haud
460 4236 707 4304 exiguum
757 4235 968 4290 aﬂlictis
1011 4237 1342 4304 temporibus
1381 4235 1525 4305 cepit
1571 4235 1852 4305 imperium

261 4305 766 4376 exinstauratione
806 4306 1113 4376 monasticae
1151 4305 1463 4376 disciplintc,
1507 4321 1667 4374 quam
1714 4321 1852 4375 pene

262 4375 561 4445 collapsam
592 4376 644 4428 in
673 4373 962 4430 Occidente
991 4375 1050 4428 υ.
1080 4373 1398 4431 Benedictus
1427 4373 1651 4445 pristino
1678 4373 1855 4444 splen-

263 4445 386 4501 dori
434 4445 735 4516 restituere,
778 4455 834 4500 et
871 4446 1222 4500 sanctissimis
1271 4445 1475 4516 legibus
1518 4445 1852 4501 communire

261 4517 566 4585 satagebat.
599 4514 898 4584 Principem
943 4516 1083 4570 hanc
1125 4516 1271 4570 orbis
1315 4514 1589 4582 regionem
1629 4516 1852 4570 bellicus

265 4585 419 4656 furor
446 4585 868 4656 depncdabatur,
909 4586 1226 4656 lunestoque
1273 4586 1585 4654 languentes
1621 4586 1852 4656 populos

265 4654 577 4711 involvebat
623 4655 902 4726 inccndio;
935 4664 991 4709 at
1018 4654 1324 4723 grassantes
1368 4658 1584 4726 impune
1613 4654 1854 4710 flammas

266 4740 430 4780 nemo
480 4741 582 4778 non
636 4725 940 4780 conlidebat
986 4726 1136 4780 brevi
1184 4725 1602 4795 exstinguendas
1631 4742 1660 4780 a
1709 4741 1851 4781 novo

263 4795 575 4867 legislatore
615 4795 924 4867 Benedicto,
968 4797 1058 4867 qui
1099 4798 1421 4851 constitutus
1462 4798 1516 4851 in
1564 4804 1767 4867 monte,
1798 4805 1856 4850 ut

264 4867 407 4921 alter
453 4865 683 4936 Moyses,
716 4865 1204 4936 supplices'manus
1244 4867 1310 4920 ad
1356 4867 1524 4922 ccelos
1569 4866 1850 4931 tendebat,

265 4937 632 5008 iargissimam
671 4937 856 5008 gratia:
906 4937 1117 5007 copiam
1171 4938 1569 5008 impetraturus.
1615 4936 1690 5008 Ea
1738 4946 1856 4991 erat

264 5007 524 5061 Italorum
556 5007 854 5074 calamitas,
895 5015 954 5060 ut
992 5008 1226 5076 undique
1250 5007 1536 5063 armorum
1581 5007 1856 5062 audiretur

270 5076 473 5144 fragor,
507 5077 702 5145 ubique
732 5076 920 5142 fames,
958 5077 1156 5146 ubique
1187 5095 1330 5133 mors
1357 5079 1726 5133 dominaretur
1756 5095 1768 5131 :
1802 5087 1857 5132 at

265 5148 473 5203 cmlesti
503 5157 689 5216 mystze
730 5147 1019 5202 Benedicto
1051 5157 1296 5203 terrenus
1329 5149 1514 5203 aderat
1543 5149 1856 5217 angelorum

265 5219 490 5279 chorus,
535 5217 639 5271 hoc
685 5225 796 5282 est,
838 5218 922 5286 pia
972 5219 1357 5273 monachorum
1399 5221 1583 5286 turba,
1627 5218 1855 5272 sanctis-

266 5288 392 5359 simi
432 5287 667 5359 magistri
703 5288 877 5342 verbis
906 5289 1246 5359 etexcmpli’s
1274 5289 1500 5351 erudita,
1533 5305 1762 5359 quorum
1789 5288 1857 5359 ad

266 5357 439 5430 Deum
485 5356 613 5410 fusa:
657 5373 844 5430 preces
883 5357 1108 5430 assiduae
1139 5356 1405 5430 infelicem
1447 5356 1677 5430 patriam
1716 5358 1857 5430 haud

263 5429 666 5499 dubiumcrat,
705 5429 831 5496 quin
863 5427 1072 5481 auxiliis
1111 5427 1466 5483 sublevarent
1503 5429 1868 5499 opportunis--

263 5499 440 5568 simis.
473 5496 595 5554 Ιιίηε
637 5500 706 5552 ita
745 5515 867 5554 cum
896 5506 1104 5562 essent,
1139 5514 1246 5552 non
1278 5510 1477 5568 temere
1515 5496 1699 5568 posset
1738 5498 1860 5568 quis

263 5567 655 5638 Iiicraflirmare
683 5577 1049 5638 contemptum
1099 5568 1277 5623 smeuli
1321 5567 1700 5638 fastidiumque
1728 5567 1859 5624 Cas-

264 5637 488 5692 siodoro
537 5640 861 5694 concitatum
916 5636 1078 5692 fuisse
1127 5647 1236 5692 tum
1288 5654 1354 5693 ex
1403 5636 1860 5708 contemplatione

263 5709 412 5776 regis
434 5708 677 5764 adversis
701 5710 1099 5763 succumbentis
1122 5710 1356 5774 casibus,
1388 5719 1443 5764 et
1469 5708 1678 5765 Gotltici
1709 5711 1858 5778 regni

264 5787 350 5833 tot
383 5780 578 5848 ubique
616 5779 930 5835 tumultibus
973 5779 1237 5834 bellorum
1272 5780 1601 5845 insonantis;
1644 5789 1755 5835 tum
1790 5796 1857 5836 ex

265 5849 409 5906 fama
441 5848 504 5904 Ι).
531 5850 833 5916 Benedicti,
862 5858 916 5906 et
944 5849 1325 5922 discipulorum
1349 5851 1488 5922 ejus,
1519 5867 1746 5922 quorum
1779 5851 1859 5908 in-

1941 2700 2224 2756 credibiles
2254 2700 2556 2769 triumphos
2595 2709 2876 2771 stupentes
2911 2700 3152 2756 omnium
3192 2699 3544 2755 intuebantur

1944 2771 2139 2834 animi,
2171 2771 2477 2840 plaudentia
2507 2771 2748 2825 omnium
2777 2787 2873 2827 ora
2896 2771 3277 2840 loquebantur.

2025 2862 2052 2934 §
2083 2861 2186 2934 ilI._
2219 2861 2471 2934 R_ejieitnr
2505 2862 2926 2934 Centuriatornm
2963 2864 3138 2934 opinio
3168 2863 3233 2916 de
3269 2875 3543 2934 causasc-

1947 2926 2118 2986 cesims
2147 2926 2466 2987 Cassii'odori.
2503 2933 2632 2985 Nam
2662 2933 2808 3000 quod
2836 2949 2903 2986 ex
2942 2926 3178 2986 inaudita
3221 2947 3405 3000 regum
3437 2932 3540 2986 ita-

1949 3004 2122 3057 lorum
2159 3003 2478 3056 crudelitate
2509 3003 2980 3057 innocentissimos
3012 3016 3254 3071 quosque
3281 3003 3426 3057 viros
3455 3003 3542 3055 fu:-

1949 3074 2060 3126 rori
2102 3074 2448 3126 mactantium
2489 3088 2615 3136 suo,
2665 3072 2718 3126 in
2769 3071 3019 3127 claustris
3062 3071 3306 3125 latitandi
3355 3087 3540 3126 ansam

1873 3142 1917 3200 C
1949 3143 2236 3210 arripuerit
2272 3142 2645 3203 Cassiodorus,
2674 3149 2730 3196 et
2769 3141 2996 3196 fortuna!
3037 3141 3348 3196 mobilitatis
3389 3141 3542 3196 testis

1952 3213 2198 3268 oculatus
2225 3229 2255 3267 e
2281 3227 2490 3268 summo
2524 3213 2615 3268 illo
2660 3213 2937 3282 dignitatis
2975 3211 3188 3282 fastigio
3225 3226 3286 3266 se
3314 3211 3381 3266 ad
3425 3227 3543 3268 mo-

1952 3284 2168 3337 nasticre
2191 3283 2513 3337 conditionis
2540 3281 2892 3337 humilitatem
2921 3281 3228 3349 demiserit,
3255 3298 3330 3337 ne
3351 3292 3405 3337 et
3428 3283 3542 3351 ipse

1949 3367 2166 3421 quoque
2197 3353 2698 3407 inconstantissiinte
2727 3369 2903 3406 rerum
2933 3354 3282 3406 humanarum
3313 3353 3544 3407 domina:

1953 3423 2182 3477 ludibrio
2220 3424 2386 3484 foret,
2423 3423 2541 3477 licta
2581 3431 2665 3478 est
2707 3423 2949 3492 profecto
2979 3431 3033 3476 et
3075 3424 3357 3477 temeraria
3398 3421 3547 3477 Cetr-

1953 3495 2270 3547 turiatorum
2301 3493 2499 3547 fabula.
2547 3492 2766 3547 Scilicet
2800 3508 2920 3547 cum
2961 3493 3457 3561 praeclarissimum,
3488 3501 3544 3548 et

1953 3564 2181 3632 posteris
2210 3563 2632 3631 consignandum
2674 3563 2834 3632 hujus
2871 3563 3182 3618 nobilissimi
3213 3564 3312 3618 viri
3344 3563 3542 3618 factum

1994 3634 2289 3687 raetermitti
2319 3635 2534 3687 silentio
2561 3649 2670 3687 non
2720 3649 2878 3703 posse
2917 3632 3438 3698 animadverterent,
3473 3633 3540 3688 il-

1975 3704 2042 3756 ud
2077 3712 2184 3757 tam
2232 3703 2421 3771 frigide
2469 3711 2906 3759 memoraverunt
2951 3703 3199 3759 homines
3245 3705 3440 3770 invidi,
3485 3711 3543 3758 ut

1953 3774 2175 3842 opibus,
2229 3775 2498 3844 potentia,
2539 3781 2623 3839 et,
2677 3775 2822 3844 quod
2872 3775 3046 3838 majus
3095 3783 3209 3838 est,
3255 3775 3544 3829 virtutibus

1953 3845 2302 3914 conspicuum
2333 3843 3001 3914 Senatorem,ipropterea
3032 3844 3176 3914 quod
3208 3844 3402 3914 iniqua:
3433 3845 3541 3899 for-

1956 3922 2096 3968 tuna:
2123 3913 2420 3985 difﬁderet,
2452 3913 2778 3985 amplissima
2814 3913 3078 3985 inunera,
3113 3913 3390 3968 facultates
3429 3929 3543 3968 am-

1955 3985 2220 4054 plissimas
2249 3983 2508 4053 abjecisse
2535 3983 2789 4039 dixerint.
2813 3983 2922 4039 Nec
2949 3985 3140 4039 mirum
3173 3985 3315 4053 quod
3345 3985 3542 4054 quibus

1959 4053 2272 4109 monasticm
2314 4057 2434 4110 vita:
2475 4055 2774 4108 institutum
2820 4069 3074 4108 nauseam
3120 4054 3270 4118 facit,
3313 4055 3346 4108 ii
3397 4053 3547 4107 fasti-

1953 4124 2107 4180 dioso
2133 4127 2418 4181 verborum
2446 4125 2644 4179 ambitu
2673 4125 2888 4193 dignum
2915 4123 3241 4178 Cassiodoro
3269 4139 3541 4179 secessum

1952 4196 2284 4250 renuntient.

2031 4283 2178 4356 §IV.
2227 4283 2481 4356 Rejicitur
2520 4285 2790 4356 sententia_
2821 4281 3178 4356 Ti-itlieiniide
3206 4298 3363 4356 causa
3405 4283 3545 4356 ejus-

1957 4351 2073 4407 dem
2102 4351 2346 4409 secessus.
2379 4353 2484 4408 Sed
2512 4363 2566 4408 et
2594 4370 2716 4407 eum
2748 4352 3073 4406 Trithemius
3103 4353 3192 4406 lib.
3223 4367 3276 4406 Ill
3307 4351 3375 4408 de
3405 4351 3545 4408 Viris

1956 4424 2256 4478 Illustribus
2295 4425 2497 4478 ordinis
2526 4424 2583 4478 S.
2611 4422 2918 4485 Benedicti,
2963 4437 3082 4492 cap.
3124 4423 3176 4484 7,
3209 4422 3371 4478 refert
3410 4439 3543 4478 con-

1884 4512 1930 4569 D
1956 4495 2133 4569 silium
2158 4494 2230 4569 ad
2261 4496 2470 4569 asylum
2495 4492 3256 4569 saer;c__religionis_ex_aula:
3294 4495 3546 4569 periculis

1957 4565 2296 4632 confugiendi
2324 4562 2561 4619 'tandein
2614 4563 2814 4627 iniisse,
2861 4562 3004 4629 quod
3051 4562 3304 4618 nimirum
3359 4565 3544 4622 claris-

1957 4635 2094 4690 simo
2122 4635 2380 4690 Severino
2416 4635 2604 4690 Boetio
2632 4649 2821 4689 necem
2852 4633 3218 4689 Theodericus
3249 4635 3542 4694 intulisset.

1958 4705 2154 4759 Verum
2187 4705 2500 4772 Trithcmii,
2533 4705 2632 4759 viri
2673 4705 2873 4773 alioqui
2915 4705 3244 4767 doctissimi,
3277 4713 3332 4760 et
3361 4706 3428 4760 de
3458 4723 3548 4762 or—

1957 4775 2083 4829 dine
2139 4786 2325 4832 nostro
2374 4777 2700 4830 meritissimi
2749 4775 3030 4830 sententia:
3083 4776 3300 4842 null'us,_
3330 4778 3544 4846 opinor,

1957 4847 2286 4918 subscribet;
2320 4850 2614 4918 prtesertim
2643 4861 2763 4918 cum
2792 4846 3166 4918 abutri‘usque
3196 4847 3345 4901 obitu
3372 4847 3549 4902 Theo-

1957 4916 2127 4972 derici
2172 4915 2422 4972 videlicet
2449 4927 2505 4973 et
2543 4917 2744 4982 Boetii,
2778 4915 2960 4970 multis
2981 4915 3296 4972 deceratum
3326 4918 3546 4972 honori-

1958 4988 2056 5041 bus
2084 4989 2150 5042 ab
2181 4988 2511 5054 Athalarico,
2539 4987 2906 5049 Theodahato,
2939 4985 3132 5055 Vitige,
3165 4987 3547 5041 maximorum-

1997 5073 2062 5111 ue
2106 5068 2385 5113 oneratum
2428 5059 2574 5123 regni
2614 5057 2952 5128 negotiorum
2998 5057 3139 5112 mole
3166 5056 3546 5112 Cassiodorum

1985 5128 2123 5183 uisse
2153 5145 2310 5184 nemo
2335 5135 2415 5184 est
2440 5128 2531 5198 qui
2560 5129 2780 5182 nesciat.

2033 5217 2062 5290 §
2091 5219 2158 5272 V.
2200 5218 2334 5273 Vera
2376 5235 2534 5290 causa
2583 5216 2879 5274 Cassiorlori
2908 5234 3154 5290 secessus.
3189 5217 3372 5287 Itaque
3399 5220 3548 5274 simi-

1961 5286 2063 5342 lius
2092 5304 2222 5343 vero
2253 5289 2406 5343 nobis
2427 5289 2636 5343 videtur
2667 5299 2872 5344 tantum
2902 5290 3070 5342 virum
3097 5286 3265 5342 ﬂuxas
3286 5286 3438 5356 epes,
3466 5289 3546 5343 di-

1962 5359 2195 5428 gnitates
2223 5359 2395 5415 fluxas
2424 5359 2754 5428 despexisse,
2780 5368 2838 5429 ut
2864 5374 2960 5429 per
3004 5358 3307 5429 religiosam
3333 5360 3547 5414 humili-

1961 5438 2127 5483 tatem
2177 5445 2388 5485 summo
2455 5427 2631 5487 reium
2702 5427 3028 5483 Moderatori
3074 5427 3138 5483 se
3190 5431 3543 5497 manciparet.

1962 5499 2182 5554 Sciebat
2208 5501 2349 5554 enim
2385 5501 2466 5553 vir
2513 5499 2935 5568 sapientissimus
2962 5498 3413 5567 priestantissiniis
3435 5502 3548 5568 qui-

1961 5570 2166 5638 busque
2208 5571 2454 5640 imperiis
2499 5571 2657 5638 longe
2685 5569 3111 5640 [praestantiorem
3141 5584 3262 5626 esse
3286 5570 3545 5640 Christia—

1962 5657 2085 5694 nam
2116 5639 2456 5704 servitutem;
2506 5655 2734 5708 eamque
2779 5639 3028 5693 omnihus
3071 5640 3253 5694 saeculi
3280 5639 3548 5708 dignitati-

1962 5710 2080 5775 bus,
2113 5712 2313 5767 divitiis
2341 5710 2546 5777 iuundi,
2577 5719 2632 5765 et
2675 5709 2860 5782 carnis
2897 5709 3104 5782 deliciis
3126 5726 3222 5765 cur
3251 5712 3545 5782 praetulerit

1964 5797 2070 5835 non
2103 5782 2410 5848 obscuram,
2439 5789 2496 5834 ut
2536 5789 2684 5847 puto,
2713 5778 2890 5833 reddit
2920 5781 3202 5845 rationem,
3228 5778 3350 5838 eum
3384 5784 3435 5837 in
3485 5783 3544 5836 Ii-

1965 5867 2032 5907 ne
2062 5851 2182 5908 libri
2207 5853 2273 5908 de
2300 5853 2488 5909 Anima
2511 5851 2782 5906 Christum
2803 5849 3015 5909 humilis
3037 5851 3326 5924 discipulus
3371 5853 3551 5913 humi:
