3992 6480
325 367 442 424 πθ

1721 352 2244 416 PROLECOMENA.

3502 373 3608 428 4⁸10

327 478 465 534 tudo
495 483 817 543 tempornm,
832 481 926 530 aut
946 472 1181 548 exitialis
1205 472 1300 528 toti
1330 471 1590 548 Galam-ia:
1604 472 1910 529 Maurorum
1941 479 1990 536 λ
2017 484 2391 548 pattpertatem
2441 477 2586 532 facto
2615 479 2789 547 magis
2810 494 2971 548 quam
2992 495 3129 536 voce
3157 491 3608 540 commonstraret

328 548 799 604 Saracenorumve
849 544 1184 599 incursiones
1236 545 1510 613 expulere.
1539 544 1789 599 Attamen
1820 562 1913 600 cx-

328 627 442 673 stat
485 617 776 672 etiamnum
828 614 1195 683 antiquissima
1225 615 1313 668 illa
1337 613 1546 680 domus,
1578 615 1640 670 D.
1671 614 1914 683 Gregorii

330 688 720 754 Thaumaturgi
749 695 805 740 et
833 685 1024 738 illustri
1044 684 1240 740 nobilis
1268 685 1442 749 titulo,
1471 694 1528 740 et
1575 686 1744 740 sacris
1767 687 1918 740 cine-

325 760 482 813 ribus
528 758 714 812 dives:
745 755 840 810 sed
885 755 1135 810 miseram
1165 754 1298 810 heul
1333 770 1510 809 rerum
1562 755 1914 810 humanarum

322 836 554 899 experta
579 835 806 899 sortem,
831 841 950 896 qua:
976 840 1076 880 nec
1102 824 1349 899 stabilem
1369 833 1426 899 et
1452 825 1772 899 inoll‘enstnn
1794 841 1917 899 cur-

325 893 452 953 suin
482 900 573 953 diu
601 893 864 960 retinere,
889 912 990 950 nec
1013 911 1228 966 semper
1252 893 1580 951 indelicienti
1627 895 1915 965 splendore

322 969 538 1025 clarere
565 975 975 1024 consueverunt.

405 1041 434 1123 ᾗ
479 1039 616 1123 Χμζ.
645 1038 726 1090 An
771 1035 1114 1123 Cassiodorus
1153 1039 1495 1123 monasticam
1539 1037 1915 1123 professionem

319 1107 556 1164 emiserit
583 1112 636 1164 in
688 1111 1002 1162 monasterio
1042 1126 1075 1161 a
1128 1125 1184 1162 se
1231 1115 1544 1162 constructo.
1595 1107 1912 1162 Monachum

325 1180 500 1236 fuisse
518 1179 900 1235 Cassiodorum
930 1178 984 1232 in
1007 1195 1074 1232 eo
1102 1177 1246 1245 quod
1265 1175 1619 1231 auiiﬁcaverat
1647 1185 1914 1232 monaste-

321 1251 413 1305 rio
438 1250 675 1306 unanimi
705 1257 784 1303 tot
816 1256 1093 1303 auctorum
1120 1257 1234 1302 tum
1269 1256 1530 1309 veterum,
1555 1254 1667 1301 tum
1715 1262 1908 1302 recen-

324 1321 545 1385 tiorum,
579 1335 680 1375 nec
708 1319 1092 1374 catholicorum
1124 1318 1302 1382 modo,
1328 1319 1420 1372 sed
1449 1328 1504 1371 et
1552 1317 1912 1372 heterodoxo-

318 1407 469 1455 rum,
494 1405 685 1460 nempe
712 1388 1019 1458 Cuspiniani
1064 1387 1608 1460 Centuriatorumque
1646 1403 1910 1460 consensu

322 1470 602 1529 receptum
621 1459 736 1526 est,
762 1468 822 1513 ut
847 1459 1032 1512 mirari
1077 1459 1208 1513 satis
1257 1475 1380 1529 non,
1413 1459 1612 1526 possim
1651 1459 1910 1526 quosdam

319 1528 484 1599 hujus
502 1532 600 1585 ειενὶ
620 1531 836 1586 criticos
859 1545 925 1584 ea
954 1529 1021 1582 de
1047 1545 1104 1584 re
1131 1529 1274 1583 litem
1303 1528 1479 1583 adhuc
1505 1542 1724 1582 movere
1751 1529 1906 1599 velle,

319 1598 559 1657 maxime
583 1616 704 1656 cum
733 1599 966 1654 Senator
995 1600 1109 1668 ipse
1131 1600 1242 1652 suis
1267 1598 1321 1652 in
1342 1599 1597 1668 operibus
1620 1598 1821 1667 passim
1843 1599 1911 1653 de

316 1670 512 1725 humili
562 1671 814 1727 monachi
846 1669 1163 1725 conditione
1207 1669 1488 1735 glorietur.
1521 1669 1608 1721 Ait
1663 1669 1807 1722 enim
1856 1669 1908 1722 in

319 1741 637 1810 prmfatione
694 1740 884 1810 psalmi
936 1756 1076 1795 cxxx
1109 1757 1121 1791 :
1158 1739 1370 1810 Utinam
1423 1737 1572 1810 boves
1598 1740 1909 1810 simus,_qni

314 1808 503 1880 agrum
526 1808 735 1866 Domini
761 1811 915 1864 sulcis
930 1808 1248 1880 regularibus
1272 1809 1574 1880 eaut-emus!
1587 1808 1658 1880 Et
1686 1810 1740 1862 in
1769 1808 1906 1880 libro

2025 547 2200 618 viam;
2233 548 2458 618 comitas
2482 549 2533 601 in
2565 547 2903 618 alloquio,’ct
2923 551 3077 606 obvia
3109 552 3161 606 in
3202 568 3390 608 omnes
3415 555 3608 611 volun-

2020 616 2446 693 tas;_fort_i_tudo_,_
2470 633 2575 688 qua
2603 616 2932 693 severiorem
2980 637 3252 693 nunquam
3303 623 3610 693 patiebatur

2019 687 2216 757 remitti
2242 687 2610 757 disciplinam;
2637 698 2848 744 cunclm
2870 687 3352 757 detiiquc'virtutés
3377 703 3607 752 conten-

2017 756 2216 811 tlebant
2265 756 2406 813 inter
2462 774 2521 834 se
2572 759 2657 834 pia
2705 759 2938 834 quadam
2993 756 3391 834 lite,qutenamr
3438 765 3607 834 prius,

2017 829 2570 898 qtnenamgattgustius
2589 826 2896 898 Cpssiodori
2928 839 3116 898 pectus
3137 826 3533 890 exornavisset.

2338 897 2582 986 licuitne.
2606 896 3087 986 Cassiodoril_‘circa
3126 901 3366 986 divinum
3386 905 3608 986 apicum

2014 968 2330 1022 sollicitudo.
2359 969 2689 1024 Incredibilis
2717 980 2831 1022 crat
2875 970 3085 1025 abbatis
3123 968 3444 1028 Cassiodori'
3463 975 3605 1030 circa

2015 1038 2252 1092 divinum
2307 1039 2510 1094 cultum
2566 1039 2900 1103 sollicitudo,
2955 1041 3243 1107 sedulitas,
3300 1043 3604 1100 assiduitas.

2016 1107 2274 1181 Nimirum
2300 1119 2357 1181 ut
2378 1110 2507 1164 nihil
2529 1125 2780 1181 supremo
2805 1125 2987 1181 rerum
3009 1110 3204 1181 opiﬁce
3232 1112 3464 1168 nobilius
3489 1129 3609 1169 esse

2016 1179 2184 1246 probe
2226 1177 2518 1253 iudicabat
2544 1181 2626 1234 vir
2673 1177 3450 1253 religiosissimus;ita“nihil
3505 1184 3606 1253 ipsi

2015 1263 2180 1319 onere
2233 1249 2327 1303 De-i
2374 1250 2610 1315 charius,
2633 1249 2764 1303 nihil
2815 1252 3086 1319 antiquius
3109 1250 3228 1306 fuit.
3261 1249 3608 1309 Eumdem'ac

2018 1317 2076 1371 Ι).
2108 1319 2424 1376 Benedictus
2475 1321 2525 1374 in
2579 1319 2780 1386 Regula
2829 1317 2996 1376 divini
3039 1321 3203 1378 oﬂicii
3239 1330 3346 1377 tam
3401 1324 3607 1387 diurnis

2011 1403 2172 1464 quam
2203 1391 2477 1464 nocturnis
2505 1391 2653 1464 horis
2676 1389 2942 1464 ordinem,
2974 1392 3179 1464 eadem,
3210 1401 3453 1464 tempora
3474 1410 3608 1449 con-

2009 1459 2280 1523 stituerat,
2323 1461 2716 1533 ut'intelligitur
2767 1476 2834 1533 ex
2882 1463 2998 1529 ejus
3022 1463 3214 1533 jerhis
3254 1459 3602 1533 in'psalmum

2010 1543 2190 1593 cxvttt,
2214 1546 2387 1602 versu,
2422 1530 2622 1602 Septies
2656 1532 2710 1584 in
2741 1529 2841 1595 die,
2876 1541 2982 1586 etc.
3013 1531 3080 1585 Et
3101 1534 3164 1596 si,
3198 1529 3392 1602 inquit,
3427 1535 3496 1588 ad
3522 1535 3604 1588 lit-

2013 1607 2176 1674 teram
2205 1601 2416 1652 velimus
2454 1601 2748 1674 advertere,
2775 1603 3123 1674 septemillas
3149 1601 3412 1674 signiﬁcat
3447 1605 3602 1668 vices,

2007 1668 2191 1724 auibus
2213 1686 2266 1723 se
2291 1672 2658 1724 monachorum
2695 1670 2781 1739 pia
2825 1668 3025 1727 devotio
3062 1668 3378 1738 consolatur,
3412 1675 3466 1729 id
3495 1683 3620 1738 ρει..

2010 1741 2288 1815 matutinos
2311 1740 2399 1815 [id
2419 1750 2500 1794 est
2527 1742 2752 1815 laudes],
2780 1743 3002 1815 tertiam,
3026 1753 3248 1815 sextam,
3280 1759 3494 1810 nonam,
3523 1745 3604 1799 lu-

2010 1811 2401 1885 cernariam_|id
2431 1820 2514 1885 est
2557 1810 2816 1883 vesperas]
2859 1822 3134 1885 nocturnos
3163 1813 3239 1884 [id
3281 1823 3363 1868 est
3403 1815 3616 1885 vigilias,

314 1868 391 1934 de
422 1881 622 1953 Divinis
643 1868 1052 1953 VLitterilea'p.
1083 1878 1174 1948 25)
1203 1879 1271 1933 de
1301 1879 1554 1947 Dionysio
1585 1879 1794 1946 Exiguo
1822 1879 1904 1953 lo-
1944 1868 1981 1923 Β
2011 1868 2335 1953 ριοειμνηαδιξ
2368 1879 2596 1953 Primam
2629 1868 2756 1953 vero
2786 1868 2998 1953 recitari
3051 1868 3261 1936 soliiam
3297 1868 3474 1953 aptth
3498 1868 3593 1938 eos

311 1964 510 2018 quens,
543 1950 846 2010 Nobiscum,
880 1950 1252 2016 inquitﬁorare
1301 1957 1654 2013 consueverat,
1681 1957 1786 2003 etc.
1829 1948 1907 2003 Ex

312 2020 516 2087 quibus
556 2037 664 2076 non
699 2021 951 2074 monachi
980 2019 1142 2073 modo
1169 2027 1408 2086 gestasse
1433 2018 1698 2084 habitum,
1728 2020 1824 2087 sed
1853 2029 1909 2074 et

312 2086 582 2159 regularis
621 2091 852 2146 instituti
901 2090 1241 2159 praescriptas
1259 2088 1406 2155 leges
1436 2089 1752 2159 observasse
1777 2086 1909 2144 Cas-

311 2158 568 2216 siOdorus
623 2161 879 2228 arguitur.
907 2158 1055 2212 Hanc
1106 2160 1220 2227 ipse
1260 2167 1408 2212 recte
1435 2158 1908 2228 vivendidiscipli-

311 2245 443 2283 nam
477 2233 530 2286 in
560 2227 872 2300 praefatione
901 2229 1022 2300 libri
1045 2228 1124 2300 de
1139 2227 1532 2300 Orthographia
1555 2229 1904 2300 conversionis

306 2316 426 2354 ante
452 2298 647 2366 mnus
686 2308 864 2356 vocat.
904 2298 1262 2364 Quamobrem
1310 2298 1364 2351 in
1402 2298 1674 2366 veteribus
1723 2314 1905 2352 manu-

307 2371 529 2438 scriptis
552 2365 940 2426 Commentarii
995 2369 1048 2422 in
1095 2369 1355 2432 Psalmos,
1381 2376 1436 2422 et
1459 2367 1512 2420 in
1534 2365 1770 2422 Historia
1793 2367 1906 2422 Tri-

309 2437 506 2510 partita
533 2439 840 2505 Conversus,
873 2449 922 2492 et
949 2438 1146 2510 Servus
1179 2437 1271 2510 Dei
1287 2438 1718 2510 cognominatur.

389 2510 416 2582 ᾗ
463 2511 597 2567 XIV.
630 2509 1079 2582 AnCassiodorus
1126 2507 1356 2582 regulam
1391 2508 1453 2562 S.
1497 2506 1763 2582 Benedicti
1796 2527 1902 2564 am-

304 2579 495 2650 pliatus
549 2583 636 2635 sit.
671 2581 911 2635 Alumnis
963 2579 1076 2634 suis
1114 2579 1475 2650 clarissimum
1516 2587 1573 2632 et
1612 2579 1901 2650 pietateet

309 2647 533 2706 scientia
557 2651 728 2706 virum
769 2657 1116 2705 act-ensuerat
1160 2649 1418 2704 hactenus
1446 2647 1791 2703 Benedictina
1820 2649 1899 2704 la-

220 2765 224 2767 .
307 2721 493 2786 milia;
523 2722 697 2777 donec
751 2721 861 2775 lilio
907 2719 1224 2774 charissimo
1262 2719 1335 2772 nil
1393 2719 1500 2772 tale
1537 2721 1898 2787 suspicantem

309 2800 563 2854 matrem,
587 2791 770 2846 nescio
795 2806 862 2844 an
885 2789 1249 2853 satconsulto,
1276 2789 1469 2842 orbare
1491 2803 1624 2842 ausu
1639 2809 1654 2836 ς
1674 2797 1756 2842 est
1777 2805 1899 2844 car-

302 2859 507 2930 dinalis
560 2861 854 2925 Baronius,
914 2861 1148 2930 scriptor
1197 2859 1399 2930 alioqui
1436 2857 1892 2930 consultissimus.

309 2928 358 3002 υ
367 2940 501 2986 trum
531 2933 582 2986 ei
607 2931 789 3002 proles
809 2938 993 3000 erepta
1013 2927 1282 2984 reddenda
1337 2927 1408 3002 sit
1436 2927 1585 3002 brevi
1641 2927 1899 3002 disserta-

303 3000 461 3056 tione
507 2996 1106 3071 expendimus;'quam,
1140 3013 1209 3071 ne
1255 2998 1390 3071 tanti
1418 2996 1515 3071 viri
1541 2998 1896 3071 recte_facto-

305 3085 428 3124 rum
458 3065 906 3126 intermitteretur
933 3065 1122 3137 series,
1157 3069 1210 3121 in
1235 3067 1437 3122 calcem
1463 3065 1623 3135 hujus
1659 3067 1896 3124 historia;

297 3140 617 3195 censuimus
637 3140 1004 3206 rejiciendam.

386 3208 414 3279 ς
446 3208 562 3264 XV.
593 3205 934 3264 Cassiodorus
962 3207 1212 3278 regularis
1226 3205 1576 3279 _obse_rvantiae
1624 3209 1891 3264 tenacis“;

300 3275 444 3334 mu}.
476 3281 592 3347 Qua
621 3280 874 3335 micuerit
899 3275 1186 3332 sanctitate
1215 3275 1586 3340 Cassiodorus,
1619 3291 1800 3347 nemo,
1831 3287 1892 3334 ut

299 3346 526 3416 opinor,
557 3349 764 3405 facilius
782 3351 1154 3404 demonstrare
1182 3354 1368 3414 queat,
1397 3359 1556 3416 quam
1583 3346 1628 3401 si
1658 3347 1890 3416 primum

299 3415 608 3473 ostenderit
635 3428 894 3487 quantum
923 3417 1085 3487 luerit
1120 3416 1378 3487 regularis
1405 3415 1701 3486 disciplinae
1729 3423 1892 3473 tenax

300 3496 367 3542 et
413 3485 697 3556 religiosus
743 3489 938 3542 cultor.
965 3486 1176 3541 Primus
1203 3485 1270 3540 ad
1296 3500 1415 3539 eam
1441 3485 1637 3552 gradus
1663 3495 1747 3556 est
1766 3487 1892 3542 inti-

301 3572 410 3612 ma:
436 3554 668 3634 studium
691 3558 991 3613 solitudinis
1023 3575 1037 3610 ε
1059 3571 1190 3634 eam
1217 3556 1487 3634 porrotsic
1513 3556 1695 3634 coluit
1717 3554 1892 3612 Sena-

303 3635 414 3691 tor,
440 3637 498 3682 ut
523 3629 705 3682 statim
729 3639 891 3696 atque
919 3643 979 3682 se
999 3642 1029 3680 a
1053 3627 1206 3680 turba
1227 3627 1560 3694 strepituque
1589 3627 1889 3682 aulicorum

303 3697 364 3750 in
391 3698 560 3752 otium
588 3699 832 3760 contulit,
866 3699 932 3752 ab
971 3697 1118 3752 omni
1163 3710 1384 3760 prorsus
1419 3696 1730 3750 mortalium
1757 3711 1891 3752 con-

303 3769 478 3822 sortio
505 3769 700 3824 vixerit
728 3767 1138 3822 remotissimus.
1162 3764 1217 3818 ld
1245 3764 1454 3819 facilius
1483 3772 1542 3819 ut
1581 3780 1892 3834 assequere-

303 3843 400 3890 tur
442 3853 565 3892 cum
618 3838 1006 3894 monasterium
1059 3843 1415 3900 construeret,
1435 3835 1578 3888 cavit
1631 3836 1892 3904 imprimis

305 3921 378 3960 ne
408 3908 512 3962 ulla
552 3909 653 3963 sibi
681 3916 773 3963 aut
801 3908 914 3962 suis
949 3916 1095 3962 esset
1147 3921 1270 3961 cum
1317 3905 1536 3972 reliquis
1584 3905 1891 3962 hominibus

300 3979 702 4033 communionis
739 3979 1118 4046 societatisque
1164 3975 1476 4030 necessitas.
1531 3972 1890 4046 Quamobrem

303 4047 496 4103 hortos
525 4049 670 4104 onmi
693 4063 888 4117 genere
909 4045 1043 4104 cum
1061 4048 1291 4117 olerum,
1319 4053 1431 4117 tum
1474 4045 1726 4100 arborum
1754 4061 1889 4101 con-

299 4117 415 4171 seri
435 4118 626 4188 jussit;
658 4116 879 4179 vivaria,
911 4134 1030 4188 quae
1058 4118 1206 4188 pisce
1227 4116 1468 4188 plurimo
1481 4130 1754 4188 nunquam
1779 4131 1889 4170 non

303 4183 660 4250 abundarent,
688 4188 850 4243 ellodi
873 4205 887 4253 ;
920 4183 1244 4242 t'nole'ndina~
1268 4183 1621 4250 exaediﬁcari,
1640 4193 1697 4238 ut
1727 4195 1890 4240 testa-

302 4265 396 4310 tur
425 4259 600 4327 capite
625 4257 694 4312 ‘29
717 4259 808 4312 lib.
833 4259 900 4312 de
923 4258 1036 4312 Div.
1057 4255 1302 4310 Litteris:
1328 4254 1559 4327 Habetis
1571 4256 1747 4308 hortos
1769 4257 1891 4310 irri-

304 4343 455 4399 guos,
482 4326 531 4399 et
556 4330 744 4399 piscosi
790 4329 958 4382 omnis
1006 4327 1214 4399 Pelen‘ce
1245 4327 1441 4395 ﬂuenta
1479 4326 1666 4390 vicina,
1687 4327 1784 4399 _qui
1807 4327 1890 4399 in-

299 4397 422 4464 ﬂuit
451 4395 586 4452 vobis
612 4409 724 4452 arte
749 4399 1076 4462 moderatus,
1118 4395 1402 4466 ubicunque
1439 4395 1761 4466 necessarius
1799 4395 1890 4465 ju-

302 4468 532 4533 diratur,
586 4479 636 4523 et
687 4468 849 4523 hortis
895 4469 1077 4522 vestris
1121 4465 1410 4535 sufﬁciens,
1459 4473 1506 4518 et
1557 4465 1886 4520 molendinis.

303 4537 548 4606 Denique
599 4540 778 4606 sagaci
823 4537 962 4594 adeo
1008 4536 1343 4606 providentia
1379 4550 1443 4589 ea
1469 4535 1670 4606 omnia
1699 4536 1892 4606 quibus

2013 1949 2064 2000 in
2092 1950 2260 2023 choro
2289 1959 2514 2023 testatur
2542 1951 2592 2005 in
2623 1952 2937 2020 prrcfatione
2962 1951 3204 2008 Psalterii
3240 1973 3250 2004 :
3283 1949 3415 2023 Ipsi,
3448 1954 3592 2007 scili-

2009 2026 2096 2090 cet
2119 2020 2324 2086 psalmi,
2351 2019 2497 2074 nobis
2527 2019 2748 2090 primam
2776 2023 2878 2076 diei
2919 2024 3104 2076 horam
3145 2019 3406 2077 dedicant.
3435 2024 3598 2079 Com-

2011 2089 2268 2156 pletorios
2295 2089 2534 2158 denique
2551 2097 2634 2162 sic
2657 2093 2901 2162 designat
2943 2111 2954 2145 :
3007 2091 3120 2162 Ipsi
3151 2095 3314 2147 noctis
3355 2094 3599 2162 adventu,

2009 2175 2073 2232 ne
2099 2175 2243 2232 mens
2291 2169 2470 2214 nostra
2503 2161 2789 2217 tenebretur
2835 2161 3074 2232 efﬁciunt.
3111 2162 3234 2217 Hinc
3259 2171 3377 2217 erat
3413 2161 3599 2218 ultima

2005 2228 2290 2308 tlieihora,
2322 2245 2480 2308 quam
2506 2246 2536 2285 a
2567 2232 2642 2308 D._
2665 2228 2954 2308 Benedicto
2976 2232 3595 2308 itt_0ccidettte_priniunt

2005 2299 2306 2372 institutam
2337 2299 2501 2372 fuisse?
2541 2303 2872 2357 etninentiss.
2905 2304 3109 2358 cardiu.
3145 2303 3290 2356 Bona
3343 2302 3494 2372 (Cap.
3533 2304 3600 2357 10

2002 2367 2069 2447 de
2097 2366 2217 2424 Div.
2243 2368 2743 2447 Psal.),pluresq_ue
2771 2373 2880 2436 alii,
2911 2389 3140 2447 quorum
3165 2366 3384 2428 adducit
3403 2366 3596 2447 aucto:

2004 2439 2236 2502 ritatem,
2270 2439 2612 2512 adnatarunt.
2656 2439 2860 2498 Parnm
2911 2439 3124 2512 quidem
3158 2459 3263 2498 non
3291 2452 3408 2497 erat
3449 2444 3597 2511 quod

2003 2514 2114 2582 tam
2161 2510 2422 2582 praeclaro
2459 2513 2746 2582 canonicas
2799 2510 2959 2567 horas
3004 2513 3315 2582 digessisset
3361 2510 3593 2574 ordine;

2002 2577 2396 2658 sedexcitandi
2425 2581 2604 2658 adhuc
2655 2592 2811 2638 erant
2835 2655 2844 2658 _
2855 2577 3108 2658 monachi
3137 2592 3195 2638 ut
3231 2599 3440 2658 summa
3472 2601 3593 2639 cunt

2001 2647 2344 2721 festinatione
2380 2653 2596 2706 statutis
2620 2655 2952 2721 temporibus
2974 2654 3042 2707 ad
3069 2655 3366 2708 oratorium
3396 2669 3587 2710 occur-

2001 2726 2227 2798 rerent}
2253 2719 2430 2798 idnon
2454 2723 2630 2778 verbis
2656 2719 2834 2798 solum
2853 2734 2906 2777 et
2930 2724 3192 2798 exemplis
3218 2724 3432 2792 egregie
3452 2739 3590 2798 prte-

2001 2787 2139 2842 stitit
2166 2787 2520 2862 Cassiodorus
2545 2808 2732 2846 verum
2763 2795 2927 2847 etiam
2958 2794 3026 2846 ah
3055 2787 3122 2848 eo
3161 2787 3282 2848 cum
3312 2787 3594 2862 aquatilia,

2000 2867 2114 2911 tum
2141 2859 2338 2930 solaria
2361 2860 2637 2927 horologia
2659 2874 2935 2930 procurata
2960 2873 3098 2925 sunt,
3121 2873 3177 2916 ut
3196 2859 3384 2918 milites
3403 2859 3593 2919 Christi

1999 2929 2300 2983 certissimis
2325 2931 2488 2999 signis
2519 2929 2772 2985 admeniti
2816 2933 2885 2984 ad
2933 2948 3058 2999 Opus
3089 2933 3428 2986 exercendum
3458 2933 3591 2986 divi-

1999 3013 2143 3071 num,
2172 3001 2318 3068 quasi
2349 2998 2866 3071 tttbisgclangentibus
2897 2998 3228 3054 enacarentur
3253 3001 3390 3062 (Lib.
3411 3000 3590 3056 Divisi.

1999 3063 2150 3140 _Litt.,
2173 3063 2288 3137 cap.
2322 3068 2434 3140 ΞΟ).
2459 3069 2595 3124 lluic
2619 3063 2828 3125 abbatis
2860 3071 2941 3124 sui
2987 3071 3273 3137 vigilantia:
3297 3071 3593 3140 responde-

1997 3135 2092 3190 bat
2109 3135 2350 3193 summus
2376 3135 2766 3195 monachorum
2799 3142 3014 3201 fervor;
3045 3135 3140 3196 eos
3170 3141 3312 3197 enim
3355 3135 3589 3196 audivis-

1919 3231 1965 3294 ο
1994 3221 2087 3294 ses
2113 3207 2497 3294 dignoc‘tuque
2525 3211 2640 3279 pari
2669 3211 3018 3294 contentione
3035 3211 3234 3294 mentis
3259 3218 3316 3266 et
3361 3210 3592 3294 oriani-

1995 3278 2136 3332 ctori
2162 3278 2380 3350 Christo
2416 3280 2596 3336 licium
2644 3295 2828 3350 paeana
2859 3281 3178 3344 decantare;
3211 3295 3306 3336 eos
3336 3281 3592 3348 angelica:

1995 3348 2311 3403 reverentiae
2345 3350 2537 3404 matula
2568 3348 2828 3406 modestia
2869 3350 3060 3404 divinae
3089 3360 3268 3406 astare
3321 3350 3588 3419 Majcstati

1991 3419 2370 3490 conspexisses
2402 3437 2414 3472 :
2445 3419 2635 3474 Silenti
2682 3429 2830 3475 nocte
2875 3421 3104 3474 humana
3151 3438 3249 3475 eo.»
3301 3424 3590 3490 prorumpit

1992 3487 2049 3560 iit
2077 3489 2347 3560 musicam,
2374 3489 2636 3560 verbisque
2687 3500 2798 3544 arte
2841 3491 3120 3545 modulatis
3143 3492 3212 3544 ad
3239 3487 3388 3544 illum
3417 3487 3587 3545 redire

1994 3558 2202 3630 {acina
2233 3576 2330 3628 quo
2359 3576 2452 3627 pro
2494 3558 2662 3614 salute
2697 3561 2908 3615 humani
2938 3561 3140 3630 generis
3183 3561 3412 3614 divinant
3451 3563 3585 3616 venit

1991 3626 2315 3700 eloquium...
2349 3631 2432 3700 Sit
2485 3646 2591 3684 una
2639 3647 2738 3685 vos:
2793 3626 3148 3700 psallentium,
3171 3640 3220 3684 et
3249 3647 3362 3684 cum
3385 3631 3585 3700 angelis

1991 3695 2110 3761 Dei,
2141 3715 2267 3768 quos
2315 3699 2496 3753 audire
2540 3717 2647 3754 non
2695 3695 2986 3768 possumus,
3043 3695 3256 3754 laudum
3299 3695 3586 3756 verba-mi-

1991 3783 2192 3836 scemus
2217 3768 2464 3836 (l’rwfat.
2496 3770 2548 3822 in
2577 3769 2828 3836 Psalter.)
2841 3811 2853 3824 .
3558 3798 3560 3812 =

2064 3835 2094 3908 ς
2126 3836 2316 3910 XYIII.
2335 3835 2600 3892 Exercitia
2630 3841 2893 3910 regularia
2911 3839 3208 3896 Cassiodori
3230 3850 3278 3893 et
3310 3838 3578 3910 Vivarien-

1993 3906 2146 3978 siuin.
2177 3906 2435 3973 Orationi,
2467 3924 2626 3977 quam
2657 3906 2776 3964 esse
2805 3911 3055 3966 vitiorum
3097 3910 3472 3978 cxpultricem,
3503 3908 3584 3962 in-

1991 3977 2317 4049 dagatricetn
2347 3979 2626 4040 virtutum,
2658 3980 2944 4036 severioris
2985 3977 3277 4049 disciplinae
3300 3993 3586 4049 conserva-

1995 4048 2204 4111 tricem,
2256 4048 2463 4118 piarum
2504 4050 2894 4118 cogitationum
2916 4047 3266 4104 seminarium
3318 4047 3583 4103 fertilissi-

1991 4132 2159 4189 mum,
2182 4127 2369 4173 contra
2392 4121 2690 4174 daemonum
2715 4119 3005 4174 furentium
3026 4120 3255 4189 impetus
3275 4131 3582 4189 propugna-

1989 4187 2168 4241 culum
2225 4189 2469 4256 appritne
2516 4197 2741 4243 noverat
2795 4190 2960 4244 abbas
3014 4187 3263 4252 eximius,
3305 4201 3372 4241 eo
3402 4187 3580 4242 studio

1991 4270 2113 4310 cum
2145 4257 2546 4313 Vivariensibus
2573 4258 2682 4313 suis
2728 4259 2973 4324 vacabat,
3005 4264 3063 4312 ut
3089 4256 3393 4325 quempiam
3424 4257 3492 4310 ab
3517 4271 3600 4310 ea-

1993 4341 2169 4395 neque
2195 4328 2438 4382 utilitatis
2463 4327 2577 4382 sive
2625 4325 2952 4392 domesticae,
3003 4327 3117 4383 sive
3162 4326 3388 4394 publica:
3416 4326 3590 4391 ratio,

1993 4411 2168 4465 neque
2189 4397 2526 4465 negotiorum
2542 4397 2963 4452 incumbentium
2987 4396 3279 4452 necessitas
3295 4395 3576 4450 eximeret.

1988 4464 2131 4536 Jam
2163 4464 2422 4536 quidquid
2469 4467 2625 4522 vacui
2673 4467 2932 4536 temporis
2961 4465 3188 4520 dabatur
3213 4465 3492 4536 orationis,
3525 4476 3591 4521 et-

1994 4534 2157 4590 ofllcii
2185 4534 2348 4592 divini
2377 4552 2544 4606 penso
2573 4534 2885 4606 perfunctis,
2916 4537 2968 4591 id
2996 4543 3168 4591 totum
3210 4544 3304 4606 aut
3333 4535 3586 4606 lectioni,

301 4608 415 4660 vita
434 4603 754 4664 ctBnobitica
779 4603 1164 4676 indigem—ipsis
1191 4603 1499 4676 monasterii
1522 4605 1689 4676 muris
1712 4605 1888 4676 inclu-
1921 4607 1967 4666 D
1991 4611 2084 4660 aut
2107 4603 2470 4676 exscribendis
2497 4603 3098 4676 antiquariorumrmore
3124 4621 3220 4661 seu
3247 4604 3304 4661 S.
3332 4605 3576 4676 Scriptu-

301 4677 395 4739 sit,
420 4685 477 4731 ut
499 4678 626 4732 nihil
657 4679 726 4733 ibi
745 4677 815 4732 ad
835 4674 1175 4734 commodam
1194 4675 1579 4730 monachorum
1601 4674 1890 4730 habitatio-

301 4762 429 4801 nem
460 4749 696 4818 potuerit
716 4751 770 4802 in
788 4757 1060 4818 posterum
1091 4744 1406 4818 desiderari,
1425 4758 1525 4818 nec
1539 4743 1886 4818 ullinnquam

301 4765 429 4801 nem
460 4765 696 4818 potuerit
716 4765 770 4802 in
825 4765 1060 4802 oswrum
1091 4765 1406 4810 oesiaerari,
1425 4765 1525 4798 nec
1539 4765 1630 4797 um
1655 4765 1886 4814 unquam

299 4827 458 4900 extra
508 4819 739 4900 claustra
788 4765 1125 4872 givariensia
1153 4813 1381 4884 vagandi
1419 4813 1503 4869 vel
1526 4815 1742 4869 minima
1763 4814 1888 4872 data

299 4891 374 4943 sit
395 4891 631 4946 occasio.
1113 4902 1124 4911 ί

378 4964 406 5035 §
435 4959 962 5035 XYI._Cassiodorutn
989 4957 1224 5035 abbatem
1428 4953 1750 5035 Yittttrieusis
1773 4973 1886 5035 mo-

297 5026 542 5090 nasterii.
574 5030 705 5096 Quis
727 5031 930 5100 primus
959 5030 1207 5085 cmnobio
1247 5026 1564 5100 'Vivariensi
1613 5026 1886 5100 prasfuerit

299 5096 900 5161 archimandritacerto
929 5115 1034 5154 non
1081 5100 1310 5163 scimus;
1336 5096 1463 5150 illud
1495 5113 1657 5151 unum
1685 5097 1883 5152 scimus

295 5185 360 5231 et
380 5190 448 5231 ex
462 5171 786 5241 prazfatione,
799 5172 920 5227 libri
947 5170 1014 5225 de
1039 5167 1446 5241 Orthographia,
1472 5175 1528 5222 et
1544 5183 1611 5221 ex
1635 5183 1883 5241 comnm-

298 5248 357 5301 ni
385 5238 708 5316 scriptorum
730 5314 740 5316 μ
765 5240 878 5297 fere
929 5241 1168 5316 omnium
1193 5240 1768 5316 consetisimiehmunus
1789 5238 1884 5316 ab:

295 5317 442 5388 batis
494 5306 782 5388 aliquando
825 5307 1061 5388 gessisse
1099 5308 1496 5388 cassiodorum.
1530 5306 1594 5360 Et
1630 5321 1770 5388 vero
1791 5309 1880 5388 tali

299 5386 509 5457 honore
527 5380 736 5456 dignior
747 5380 866 5457 quis
882 5380 1268 5457 Vivariensiutn
1290 5393 1522 5457 unquam
1544 5392 1663 5457 esse
1685 5380 1881 5457 potuit?

299 5456 408 5510 Aut
435 5470 554 5525 quae
573 5446 740 5510 v'irtus
765 5446 946 5509 abbati
975 5451 1273 5525 necessaria
1289 5449 1340 5525 in
1357 5446 1876 5525 a’nittianCassiodori,

299 5516 524 5582 velut-in
545 5527 681 5599 solio
712 5527 1050 5599 regina,_non
1069 5520 1447 5599 dominabatur
1461 5516 1797 5599 ?_.Pruden_tia
1829 5518 1879 5598 in

297 5613 369 5654 eo
414 5597 701 5667 singularis
753 5589 1172 5669 e'minebat,qua_
1215 5590 1358 5669 sicut
1403 5589 1606 5669 italiam
1637 5589 1883 5648 ante,sic

296 5677 490 5741 postea
505 5662 832 5741 fetenobium
879 5667 1053 5732 rexit;
1083 5662 1541 5741 ardentissimumh
1565 5662 1618 5712 iu
1658 5672 1724 5713 eo
1752 5669 1883 5741 erat

296 5735 644 5812 perfectionis
696 5739 969 5812 studium:
1001 5745 1172 5812 totum
1220 5735 1432 5812 quippe.
1473 5735 1595 5812 vitae
1647 5735 1877 5812 spatium

296 5801 378 5867 sic
403 5811 678 5878 transegit,
709 5819 768 5864 ut
795 5810 974 5880 seipso
1001 5808 1198 5880 melior
1231 5801 1383 5880 ﬁeret
1419 5802 1474 5856 in
1498 5801 1719 5880 _dies._et
1749 5815 1877 5853 san-

298 5883 476 5948 ctior,
517 5871 899 5954 discipulisqué
945 5880 1013 5937 ad
1058 5875 1464 5939 continentiam,
1498 5871 1873 5937 humilitatem,

1993 4690 2085 4742 rm,
2115 4691 2210 4731 seu
2241 4675 2460 4732 Patrum
2488 4675 2661 4743 libris,
2689 4675 2987 4745 horologiis
3013 4691 3109 4732 sua
3141 4675 3362 4731 cuilibet
3413 4691 3576 4734 exer-

1989 4745 2118 4800 citio
2173 4747 2345 4815 spatia
2392 4747 2768 4812 tribuentibus,
2821 4747 3030 4817 itnpigri
3070 4748 3591 4817 consecrabant;ea.

1992 4827 2213 4888 propter
2239 4833 2366 4873 suas
2408 4818 2574 4873 etiam
2621 4832 2680 4874 se
2708 4815 3023 4888 clepsydras
3046 4825 3102 4876 ct
3125 4815 3410 4888 horologia
3439 4832 3574 4888 con-

1989 4886 2248 4942 struxisse
2269 4896 2515 4952 testatur,
2545 4903 2666 4944 cum
2698 4887 2773 4941 ait
2798 4886 2815 4940 ξ
2847 4886 2956 4942 Sed
2995 4903 3084 4942 nec
3115 4886 3361 4941 horarum
3389 4887 3574 4940 modu-

1987 4957 2066 5011 los
2091 4959 2231 5026 passi
2255 4975 2428 5012 sumus
2449 4974 2533 5012 eos
2562 4959 2819 5014 ullatenus
2845 4958 3107 5028 ignorare,
3137 4959 3225 5026 qui
3247 4956 3573 5028 admagnas

1987 5021 2235 5082 utilitates
2265 5029 2476 5082 humani
2511 5029 2711 5098 generis
2739 5021 3021 5098 noscuntur
3064 5021 3276 5098 inuenti:
3334 5021 3570 5098 Quapro-

1983 5107 2096 5166 pter
2123 5099 2446 5169 horologium
2492 5094 2632 5152 v'oltis
2661 5114 2837 5163 unum,
2881 5097 3016 5169 quod
3063 5095 3188 5150 solis
3227 5094 3442 5148 claritas

1983 5163 2135 5234 dicet,
2191 5163 2516 5238 prwparasse
2562 5184 2870 5237 cognoscor;
2893 5163 2904 5169 ’
2927 5170 3292 5238 alterumttero
3320 5163 3566 5238 aquatile,

1980 5238 2117 5306 quod
2159 5234 2245 5292 die
2291 5234 2540 5309 noctuque
2584 5234 2828 5292 horarum
2861 5237 3056 5310 jugiter
3083 5234 3279 5288 indicat
3306 5234 3570 5304 quantita-

1981 5319 2100 5362 tem.

2055 5378 2082 5450 ς
2114 5377 2254 5452 XIX.
2302 5375 2498 5452 Quibus
2536 5376 2796 5452 laboriltus
2833 5393 2952 5434 suos
3001 5374 3282 5452 monachos
3309 5381 3568 5452 exerceret

1979 5443 2342 5503 Cassiodorus.
2374 5447 2506 5502 Eam
2529 5450 2658 5511 vim,
2693 5448 2743 5504 id
2774 5454 3104 5504 momentum
3127 5445 3181 5498 in
3201 5443 3442 5499 scientiis
3471 5457 3568 5511 po-

1985 5519 2146 5573 situm
2174 5533 2295 5575 esse
2332 5519 2398 5572 ad
2431 5519 2625 5574 tuenda
2647 5509 2915 5587 bonisque
2945 5515 3197 5587 omnibus
3240 5509 3564 5587 cumulanda

1985 5589 2310 5663 monasteria
2330 5590 2673 5663 existimabat
2696 5590 2775 5643 vir
2802 5579 3210 5663 eruditissimus,
3256 5592 3316 5637 ut
3363 5579 3564 5663 nullum

1987 5674 2091 5730 non
2120 5659 2501 5730 discipulorum
2532 5658 2598 5730 ad
2629 5659 2926 5713 litterarum
2971 5654 3227 5730 studium,
3254 5654 3566 5730 propositis

1982 5729 2190 5804 iisqua:
2218 5722 2395 5804 solent
2413 5746 2488 5804 ex
2518 5729 2608 5804 illo
2638 5730 2835 5804 percipi
2862 5726 3174 5804 commodis,
3202 5722 3433 5804 admotis
3451 5722 3564 5804 vel-

1983 5801 2058 5855 uti
2081 5796 2379 5856 calcaribus
2413 5796 2708 5869 instigaret.
2737 5796 2799 5854 Si
2826 5797 2916 5868 qui
2967 5798 3104 5869 forte
3143 5796 3450 5869 tarditatem
3480 5796 3562 5847 in-

1981 5873 2120 5938 genii
2151 5866 2570 5942 praetendebant,
2601 5866 2858 5926 monebat
2899 5867 3140 5926 radicum
3196 5866 3557 5924 amarissima,-
