4048 6344
498 315 603 373 ΠΙ

1625 315 1695 371 Μ.
1740 308 2089 370 AURELIUS
2127 308 2614 369 CASSIODORUS.

3664 310 3793 370 1'12

497 450 618 492 rum
649 433 851 490 fructus
877 431 992 489 fore
1020 430 1398 497 suavissimos;
1431 430 1575 501 quod
1604 446 1855 501 asperum
1897 436 1954 483 et
1973 427 2087 501 ioa_-_
2119 428 2158 482 Α
2190 438 2471 501 ordinante
2502 429 2745 496 Domino,
2769 431 2822 483 in
2847 427 3096 485 Ecclesia
3134 445 3259 500 pace
3307 435 3591 501 susceptus,
3645 433 3789 487 inter

500 520 738 580 melinum
761 504 1042 580 putabant,
1074 502 1152 580 s_ic
1180 517 1301 580 esse
1328 498 1507 580 dulce,
1529 501 1609 557 sic
1632 498 2090 580 jucundummihil

500 586 560 631 ut
587 573 815 638 dulcius,
846 573 977 627 nihil
999 583 1058 628 ut
1080 573 1370 643 jucundius
1400 573 1801 643 votisquidem
1816 573 2093 637 conceptis

497 645 678 713 expeti
703 653 902 712 posset.
932 641 1097 709 Tunc,
1123 645 1398 714 inquiebat
1446 642 1584 714 (Lib.
1620 642 1735 696 Div.
1770 641 1923 706 Litt.,
1971 655 2087 714 cap.

497 711 616 782 28),
647 711 892 768 salutaris
920 714 1202 767 assiduitas
1231 711 1464 767 eruditos
1482 714 1681 782 efficiet,
1705 729 1831 783 quos
1851 714 1904 764 in
1921 711 2093 778 prima

497 788 669 855 fronte
688 785 1016 855 profunditas
1047 786 1279 838 lectionis
1315 787 1583 837 exterruit.
1613 783 1760 848 Quos
1788 790 1968 855 autem
1999 794 2095 855 na-

500 851 618 909 tura
668 851 896 908 llnxerat
942 855 1249 909 hebetiores
1296 869 1457 921 quam
1488 862 1547 906 ut
1574 868 1637 906 ea
1665 867 1786 921 qum
1824 852 1982 918 vulgo
2012 851 2094 903 in-

498 926 666 979 docto
692 940 890 980 arcana
912 933 1061 991 sunt,
1090 931 1145 978 et
1164 939 1453 994 suspensos
1492 925 1701 978 animos
1731 930 2094 994 tenent,_pos-

499 1004 624 1050 sent
644 1010 877 1063 unquam
905 996 1229 1065 perscrutari
1251 991 1272 1058 ξ
1298 995 1447 1047 rudia
1478 995 1671 1065 saltem
1699 994 1752 1047 in
1786 991 1992 1046 obtusis
2013 991 2095 1043 in-

501 1066 672 1133 geniis
710 1068 789 1121 sic
817 1064 1044 1134 exprimi
1071 1065 1296 1119 curabat
1325 1065 1629 1118 litterarum
1653 1064 2006 1134 lineamenta,
2036 1070 2094 1134 ut

501 1132 680 1206 aliqua
708 1132 937 1191 scientia:
963 1136 1317 1206 mediocritate
1345 1135 1559 1203 suffulta
1613 1133 1664 1203 (1
1672 1133 1880 1206 bidem),
1930 1132 2095 1206 rusti-

502 1202 643 1259 cano
671 1206 1013 1276 postmodum
1044 1206 1193 1276 operi
1217 1202 1432 1270 juberet
1453 1202 1764 1276 incumbere
1793 1222 1806 1257 :
1840 1202 2094 1276 Quianec

499 1273 686 1343 ipsum'
700 1294 810 1331 esse
837 1293 868 1328 a
890 1273 1157 1331 monachis
1175 1276 1404 1329 alienum
1424 1275 1683 1329 censebat
1712 1276 1886 1327 hortos
1907 1273 2093 1343 colere,

503 1341 660 1414 agros
681 1363 939 1407 exercere,
963 1355 1013 1399 et
1034 1362 1301 1415 pomorum
1334 1345 1647 1416 fecunditate
1678 1344 1936 1416 gratulari
1960 1341 2094 1416 tibi-

503 1413 664 1486 dem).
695 1417 830 1482 Quid
860 1432 991 1471 vero
1021 1413 1143 1470 eum
1169 1413 1345 1470 causai
1374 1413 1769 1486 impelleret’ad
1798 1413 2094 1486 amandan-

503 1482 631 1539 dam
660 1486 847 1554 procul
876 1502 904 1540 a
925 1486 1208 1541 coanohitis
1235 1482 1585 1547 otiositatem,
1612 1485 1785 1553 aperit
1829 1483 1945 1554 ipse
1992 1482 2095 1536 hac

503 1553 763 1625 pneclara
791 1558 1057 1610 sententia
1086 1574 1098 1608 :
1130 1556 1354 1610 Peccato
1383 1557 1612 1626 profecto
1639 1555 1902 1608 tolleretur
1929 1553 2093 1619 locus,

504 1627 549 1679 si
580 1628 799 1680 otiosum
828 1637 1023 1695 tempus
1050 1643 1154 1680 non
1202 1627 1410 1695 haberet
1448 1642 1590 1678 mens
1618 1625 1845 1695 inquieta
1898 1631 2097 1677 morta-

504 1696 631 1749 lium
660 1696 798 1765 (Lib.
831 1693 949 1750 Dii".
977 1696 1126 1760 Litt.,
1154 1714 1271 1765 cap.
1305 1694 1415 1764 16).
1440 1695 1507 1747 Et
1529 1696 1652 1748 alibi
1681 1693 1697 1747 Ξ
1720 1693 1773 1746 N
1778 1696 1905 1765 olite
1918 1710 2096 1765 amare

504 1763 781 1889 desidéaam,
813 1783 965 1837 quam
996 1763 1226 1821 Domino
1267 1767 1577 1836 cognoscitis
1605 1765 1840 1820 odiosam
1888 1764 1907 1834 (
1925 1763 2091 1830 Ibid.,

505 1852 625 1889 can.
649 1870 664 1883 ρ
751 1877 764 1889 .

505 1852 625 1890 can.
649 1838 764 1890 32L

571 1837 1113 1978 ξ’)ῗέοίίαωὶοάονιιε
1141 1907 1424 1961 monachos
1451 1923 1569 1961 suos
1598 1906 1978 1978 philosophiam
1998 1904 2092 1957 do-

501 1977 601 2040 cet,
628 1987 677 2031 et
700 1978 903 2031 litteras
922 1979 1274 2032 humaniores.
1302 1978 1429 2044 Qua:
1455 1978 1819 2032 recensuimus
1842 1977 2098 2029 hactenus

504 2063 569 2101 ea
600 2055 743 2113 sunt,
771 2056 829 2102 ut
857 2049 1002 2102 nullo
1026 2049 1235 2102 dicendi
1258 2063 1472 2116 genere,
1501 2048 1748 2100 Tulliano
1771 2046 1913 2116 licet,
1939 2046 2099 2112 digne

505 2118 640 2171 satis
667 2119 896 2187 exprimi
943 2126 1163 2186 queant.
1213 2115 1281 2171 At
1322 2132 1443 2186 quin
1490 2125 1798 2187 supersunt,
1853 2115 2099 2187 humana:

506 2189 707 2257 tuentis
732 2184 1054 2257 captum—ita
1085 2184 1362 2257 superant,
1390 2197 1450 2240 ut
1478 2184 1567 2239 vis
1595 2186 1734 2257 mihi
1785 2186 1885 2253 ipsi
1939 2184 2098 2257 fidem

503 2255 736 2311 habeam
761 2254 828 2311 de
853 2254 1167 2311 Cassiodori
1192 2266 1305 2312 tum
1334 2266 1512 2321 artate,
1547 2264 1658 2310 tum
1687 2254 2101 2323 dignitate.Quis

506 2327 650 2380 enim
673 2327 774 2380 sibi
798 2326 1015 2380 inducat
1036 2328 1270 2381 animum
1300 2342 1484 2382 senem
1508 2326 1784 2379 monachis
1808 2326 1989 2393 pueris
2014 2327 2099 2378 lit-

506 2396 710 2450 terario
734 2397 787 2450 in
817 2394 944 2450 ludo
966 2396 1281 2451 collnsisse‘t
1323 2397 1584 2450 Abbatem
1618 2405 1761 2448 tanta
1794 2396 1930 2448 fama
1958 2396 2100 2450 cele-

506 2465 681 2529 brem,
708 2466 963 2521 scientias
1008 2466 1357 2521 humaniores
1385 2468 1595 2536 publice
1624 2466 1892 2519 docendas
1919 2481 2101 2521 susce-

508 2535 686 2606 pisse?
718 2535 900 2590 Virum
921 2536 1104 2590 multis
1123 2537 1335 2592 assidue
1361 2535 1803 2606 occupationibus
1824 2536 2097 2599 obrutum,

508 2619 619 2672 quo
646 2605 852 2661 facilior
880 2606 948 2660 ad
977 2606 1182 2661 litteras
1211 2608 1464 2662 fratribus
1503 2605 1843 2661 istcrneretur
1893 2607 1998 2671 via,
2048 2608 2102 2660 in

507 2674 778 2744 Donatum
824 2676 1291 2739 Commentarios,
1351 2678 1516 2731 libros
1568 2677 1637 2730 de
1683 2677 2097 2744 Orthographia,

510 2743 894 2808 Grammatica,
921 2745 1229 2801 Rhetorica.
1254 2748 1538 2802 Dialectiea
1552 2747 1797 2801 emisis<e
1820 2747 1871 2799 in
1905 2743 2096 2811 lucem,

511 2816 829 2885 sociumque
885 2817 985 2870 sibi
1034 2818 1089 2870 in
1138 2818 1414 2871 tradendis
1441 2818 1789 2885 philosophite
1821 2818 2102 2885 praeceptis

515 2883 825 2957 Dionysium
846 2885 1108 2954 Exiguum
1131 2887 1418 2942 aseivisse?
1440 2883 1772 2942 incredibilia
1797 2883 1927 2940 sane
1948 2883 2101 2957 nobis

510 2956 627 3010 haec
655 2956 984 3022 Viderentur,
1007 2957 1107 3011 nisi
1130 2967 1388 3026 quantum
1411 2973 1509 3010 suo
1534 2958 1587 3011 in
1618 2958 1949 3011 monasterio
1981 2956 2101 3009 Mu-

509 3026 586 3079 sis
614 3039 839 3108 regnum
865 3042 1081 3109 semper
1107 3041 1226 3081 esse
1254 3028 1483 3109 voluerit
1511 3028 1591 3108 vir
1617 3028 1684 3081 de
1732 3042 1792 3080 re
1844 3026 2100 3109 litteraria

512 3097 916 3167 meritissimus,
948 3097 1051 3151 nisi
1076 3106 1279 3165 quanto
1310 3098 1680 3167 pretiosiorem
1712 3097 1941 3163 negotiis
1971 3099 2100 3150 reli-

512 3166 1038 3249 quis-discipulorum
1063 3166 1359 3249 profect-um
1390 3170 1473 3249 vir
1494 3167 1795 3237 splendoris
1819 3168 2097 3222 inonastiei

508 3236 932 3291 studiosissimus
952 3252 1165 3305 semper
1195 3238 1459 3300 habuerit,
1488 3236 1849 3290 nbsceremus.

586 3305 615 3377 ᾗ
647 3305 787 3360 XXI.
812 3305 957 3377 Quid,
972 3306 1262 3377 Dionysius
1294 3306 1528 3377 Exiguus
1576 3306 1874 3377 Cassiodori
1929 3308 2098 3361 socius

508 3375 572 3447 in
592 3375 906 3447 monastgrio
946 3375 1231 3429 Vivariensi
1261 3375 1440 3447 egerit.
1483 3376 1975 3447 Quoniamhautein
2031 3378 2099 3431 de

512 3444 769 3514 Dionysio
798 3444 1019 3513 Exiguo,
1048 3461 1208 3514 quem
1238 3444 1434 3500 mutum
1460 3445 1872 3500 necessitudinis
1920 3447 2098 3501 abbati

512 3514 904 3582 mouachisque
934 3514 1333 3571 Vivariensihus
1356 3516 1611 3581 junxerat
1661 3530 1848 3579 nexus,
1907 3515 2019 3569 fieri
2068 3532 2097 3570 a

515 3584 671 3656 nobis
699 3586 905 3656 mentio
931 3585 1121 3656 ccepit,
1146 3586 1291 3654 quali
1322 3586 1534 3640 virtutis
1559 3585 1926 3656 doctrinaeque
1976 3587 2100 3641 luce

516 3652 786 3723 micuerit,
816 3670 920 3708 non
943 3652 1046 3708 erit
1073 3652 1287 3709 hic—abs
1316 3671 1375 3710 re
1404 3652 1849 3711 commemorare.
1882 3654 1946 3708 Et
1973 3657 2099 3723 quia

514 3721 839 3794 Cassiodoro
868 3724 1101 3794 quicum
1153 3724 1333 3794 plures
1381 3741 1551 3779 annos
1594 3724 1727 3778 vixit
1753 3721 2097 3789 amicissime,

515 3791 827 3865 notissimus
856 3791 985 3865 fuit;
1014 3795 1112 3865 viri
1139 3791 1439 3857 clarissimi.
1482 3796 1573 3865 qui
1616 3795 1822 3864 fulgore
1862 3797 2099 3850 scientiae

514 3863 837 3918 catholicam
868 3863 1162 3918 Ecclesiam
1194 3866 1386 3919 mirum
1418 3868 1470 3919 in
1501 3863 1740 3919 modum
1792 3865 2093 3931 illustravit,

514 3946 702 3987 veram
731 3941 787 3988 et
812 3934 976 3989 veluti
1006 3936 1300 4003 spirantem
1324 3936 1530 3992 iconem
1553 3935 1761 3989 abbatis
1785 3936 1953 3988 nostri
1976 3938 2101 3991 scri-

515 4003 624 4074 ptis
651 4019 962 4074 expressam
992 4005 1211 4059 lectoris
1239 4007 1409 4060 oculis
1435 4006 1776 4074 objiciemus.
1832 4004 1979 4073 Fuit,
2026 4007 2100 4060 ait

515 4071 870 4146 Cassiodorus
894 4073 1033 4145 (Lib.
1057 4074 1175 4130 Div.
1206 4074 1327 4130 Litt.
1362 4094 1475 4146 cap.
1505 4071 1624 4145 93),
1655 4076 1818 4128 nostri
1840 4145 1843 4146 ν
1863 4071 2100 4145 tempori-

515 4142 610 4196 bus
631 4142 912 4216 Dionysius
933 4147 1235 4213 monachus,
1260 4142 1456 4216 Scytha
1478 4142 1687 4200 natione
1712 4162 1729 4199 :
1754 4145 1845 4198 sed
1872 4142 2098 4201 moribus

516 4215 726 4268 omnino
776 4214 1058 4288 Romanus,
1113 4217 1195 4288 in_
1222 4214 1437 4288 utraque
1486 4218 1664 4287 lingua
1687 4216 1834 4268 ualde
1864 4216 2100 4288 doctissi-

516 4297 670 4356 mus:
718 4286 936 4339 reddens
984 4286 1269 4341 actionibus
1322 4286 1427 4340 suis
1456 4303 1608 4356 quam
1645 4288 1867 4339 inlibris
1890 4286 2098 4340 Domini

517 4352 713 4425 legerat
742 4357 1051 4425 (equitatem.
1085 4356 1385 4425 Scripturas
1407 4352 1606 4411 diuinas
1639 4366 1782 4408 tanta
1804 4358 2100 4410 curiositate

518 4421 831 4497 discusserat
852 4436 1001 4497 atque
1026 4421 1371 4492 intellexerat,
1404 4438 1461 4481 ut
1508 4427 1844 4497 undecunque
1885 4428 2101 4480 interro-

518 4501 673 4565 gatus
694 4495 886 4562 fuisset,
922 4495 1405 4565 iparatumrliaberet
1435 4506 1722 4561 competens
1762 4495 1883 4549 sine
1925 4498 2098 4560 aliqua

522 4562 775 4636 dilatione
800 4562 1120 4636 responsum.
1156 4564 1254 4630 Qui
1284 4583 1481 4621 mecum
1511 4568 1836 4620 dialecticam
1876 4567 2018 4636 legit,
2050 4578 2098 4619 et

517 4632 576 4684 in
615 4634 847 4709 exemplo
885 4632 1115 4709 gloriosi
1160 4638 1441 4708 magisterii
1471 4640 1720 4709 plurimos
1747 4632 2095 4709 a_nnos'citam

520 4652 576 4684 ιη
615 4652 847 4756 επεηιΕιο
905 4652 1113 4706 gloriosi
1160 4652 1440 4708 magisterii
1471 4652 1720 4709 plurimos
1747 4654 1913 4689 annos
1942 4652 2095 4689 t‘tlam

520 4717 689 4767 suam,
765 4706 971 4777 Aomino
1023 4718 1317 4775 prazstante,
1375 4709 1713 4777 transe’git....
1750 4706 1874 4759 Fuit
1912 4708 1963 4759 in
2005 4708 2095 4759 illo

518 4786 635 4826 cum
662 4774 915 4842 sapientia
936 4774 1128 4846 magna
1149 4780 1470 4847 simplicitas,
1494 4774 1607 4831 cum
1631 4779 1865 4829 doctrina
1888 4777 2096 4830 Immiti-

521 4850 620 4905 tas,
645 4856 757 4919 cum
789 4847 1035 4919 facundia
1062 4847 1299 4919 loquendi
1322 4852 1549 4914 parcitas
1572 4866 1587 4909 ;
1613 4857 1668 4899 ut
1689 4849 1741 4899 in
1766 4848 1906 4899 nullo
1929 4863 1983 4898 se
2019 4848 2095 4901 vel

517 4915 1022 4989 extremis’famulis
1077 4915 1376 4989 anteferret,
1410 4935 1521 4971 cum
1550 4920 1738 4988 dignus
1766 4926 1898 4989 esset
1918 4933 2095 4989 regum

520 4984 634 5059 sine
653 4984 973 5059 dubitatione
1010 4984 1368 5059 colloquiis...
1406 4990 1503 5055 Qui
1529 4984 1714 5059 petitus
1744 5003 1775 5059 a
1827 4984 2091 5054 Stephano

519 5055 758 5125 episcopo
788 5057 1097 5112 Salonitano
1126 5055 1189 5111 ex
1230 5057 1425 5112 Gra'cis
1454 5058 1833 5124 exemplaribus
1874 5072 2100 5110 canones

518 5125 893 5197 ecclesiasticos
922 5127 1148 5181 moribus
1187 5129 1292 5181 suis
1318 5145 1489 5197 pares,
1521 5139 1575 5179 ut
1604 5138 1714 5180 erat
1736 5130 1919 5194 planus
1949 5136 2101 5196 atque

518 5195 761 5269 disertus,
786 5215 976 5269 magna
1002 5195 1577 5269 eloquentia'suteluce
1630 5198 1929 5266 composuit,
1975 5195 2099 5267 quos

521 5215 761 5261 atsertus,
786 5215 870 5250 nia
908 5215 976 5251 na
1002 5215 1301 5269 eloquentia'
1329 5215 1439 5253 sua:
1467 5215 1577 5252 tuce
1630 5215 1929 5266 composuit,
1975 5215 2096 5267 quos

521 5264 673 5319 hodie
698 5283 794 5320 usu
816 5215 1141 5322 ceyeberrimo
1166 5266 1397 5322 Ecclesia
1423 5268 1658 5322 Romana
1681 5268 2096 5334 complectitur...

519 5335 639 5409 Alia
662 5353 857 5409 quoque
876 5341 1037 5390 multa
1058 5355 1122 5391 ex
1147 5337 1325 5392 Gra'co
1348 5340 1607 5391 transtulit
1627 5339 1679 5390 in
1702 5336 2101 5409 Latinguin,gute

516 5407 732 5477 utilitati
762 5406 976 5477 possunt
1024 5409 1384 5462 ecclesiastica:
1434 5410 1767 5462 convenire...
1824 5406 2101 5477 Fundebat

518 5475 780 5547 lacrymas
832 5487 997 5531 motus
1040 5482 1443 5547 compunctione,
1487 5496 1601 5531 cum
1658 5476 1899 5530 audiebat
1946 5478 2097 5547 verba

516 5546 735 5617 garrula
761 5550 1025 5603 lwtitiw...
1057 5546 1163 5601 Sed
1213 5558 1268 5602 ut
1297 5550 1433 5602 bona
1474 5551 1659 5602 mentis
1688 5549 1924 5617 infucata
1949 5546 2098 5600 laude

517 5619 825 5688 referamus,
850 5630 965 5672 erat
989 5628 1120 5673 totus
1145 5619 1445 5680 catholicus,
1489 5628 1621 5672 totus
1650 5618 1878 5688 paternis
1908 5619 2098 5686 regulis

517 5687 903 5753 perseveranter
929 5690 1234 5758 adjunctus;
1263 5697 1311 5760 et
1340 5689 1584 5760 quidquid
1613 5687 1825 5758 passunt
1873 5687 2098 5760 legentes

519 5774 611 5826 per
640 5761 867 5814 diversos
888 5757 1135 5830 qtuerere,
1177 5761 1229 5813 in
1269 5757 1407 5811 illius
1456 5757 1671 5812 scicntia
1700 5757 2100 5830 cognoscebatur

521 5830 782 5903 fulgere...
837 5828 943 5885 Sed
967 5831 1052 5884 ille
1070 5831 1183 5899 jam
1230 5831 1404 5886 διεσκιὶ
1460 5831 1788 5902 perversitate
1834 5828 2099 5895 derelicta,

2200 498 2295 551 Dei
2318 501 2541 568 famulos
2570 502 2853 555 credendus
2880 511 2958 555 est
2982 498 3168 555 habere
3211 498 3545 556 consortium.
3570 500 3790 560 "lustre

2197 569 2300 623 hoc
2325 570 2392 623 de
2439 571 2613 625 amico
2650 587 2749 625 suo
2794 573 3158 626 testimonium
3188 573 3410 625 Vocibus
3435 572 3635 625 claudit
3660 588 3787 626 lno-

2196 638 2362 692 destia
2385 647 2447 712 Aet
2473 641 2771 712 humilitate
2792 642 3156 712 plenisrimis:
3212 641 3381 694 Pudet
3420 657 3502 695 me
3548 643 3610 696 de
3659 658 3790 696 con-

2195 709 2564 783 sor_te_d_i_cere,_
2580 711 2716 782 quod
2737 709 2806 765 in'
2821 730 2902 766 me
2930 730 3122 783 nequeo
3149 713 3391 782 reperire.

2272 780 2299 850 §
2332 779 2493 853 XXII.
2525 779 2865 853 Cassiodorus
2895 784 2955 837 S.
2991 779 3381 853 Scripturarum
3429 783 3613 837 studiis
3662 799 3789 839 suos

2196 860 2418 922 exercet.
2450 852 2519 905 At
2545 852 2848 920 redeamus,
2878 854 2925 905 si
2954 852 3148 921 placet,
3179 853 3246 905 ad
3298 854 3520 922 lyaeum
3569 853 3791 908 Cassio-

2196 921 2340 993 dori,
2364 921 2508 993 quod
2538 922 2723 993 ipsius
2774 933 2829 978 et
2872 924 3105 992 Dionysii
3133 921 3603 992 praeceptionibus,
3637 925 3792 979 velut

2197 990 2594 1063 limpidissimis'
2632 994 2829 1059 gemini
2879 990 3041 1047 lentis
3094 990 3246 1062 aquis
3296 990 3570 1059 irriguum,
3649 996 3785 1063 quin

2197 1075 2392 1129 magno
2414 1061 2777 1118 Castelliensis
2805 1064 3014 1127 domus,
3045 1073 3101 1118 et
3130 1064 3293 1117 totius
3320 1066 3468 1119 orbis
3488 1065 3629 1119 bono
3660 1061 3789 1118 ver-

2198 1134 2645 1205 naret,__revocari
2676 1134 2727 1186 in
2756 1134 2975 1205 dubium
2996 1150 3025 1186 a
3057 1134 3271 1205 nemine
3324 1149 3483 1205 posse
3528 1136 3790 1189 arbitror.

2197 1200 2314 1255 Non
2338 1203 2440 1255 alia
2468 1202 2535 1256 de
2565 1218 2727 1257 causa
2757 1204 3101 1259 humaniores
3131 1200 3339 1257 litteras
3364 1203 3594 1259 Senator
3620 1206 3792 1259 doce-

2198 1271 2691 1343 batVivarienses,
2742 1289 2902 1343 quam
2951 1282 3009 1327 ut
3060 1275 3123 1328 iis
3152 1274 3625 1329 exercitationibus
3652 1290 3791 1343 pra:-

2199 1342 2348 1412 culti,
2374 1350 2428 1396 et
2455 1342 2793 1411 quibusdam,
2823 1353 2881 1397 ut
2909 1344 2981 1397 ita
3031 1344 3276 1409 dixerim,
3312 1345 3505 1398 sublati
3534 1345 3792 1412 gradibus

2198 1411 2265 1464 ad
2286 1427 2437 1466 sacra
2483 1412 2768 1481 theologia:
2795 1414 2955 1484 adyta
2987 1415 3202 1484 tandem
3250 1411 3633 1484 pertingerent.
3690 1415 3791 1469 Ve-

2198 1492 2505 1555 rumtamen,
2536 1484 2811 1555 inquiebat
2844 1483 3001 1555 (Lib.
3026 1484 3144 1538 Div.
3180 1483 3309 1538 Litt.
3343 1483 3457 1555 cap.
3511 1484 3636 1553 28),
3695 1502 3792 1538 nec

2199 1553 2515 1607 sanctissimi
2564 1553 2751 1608 Patres
2797 1556 2927 1608 illud
2971 1554 3321 1619 decreverunt,
3374 1553 3430 1608 ut
3456 1556 3791 1609 stecularium

2199 1623 2490 1695 litterarum
2519 1625 2693 1695 studio
2740 1634 3051 1693 respuantur
3071 1642 3090 1678 :
3110 1627 3240 1695 quia
3269 1641 3371 1678 non
3403 1626 3591 1679 exinde
3639 1628 3795 1679 mini—

2199 1708 2338 1767 mum
2360 1694 2428 1767 ad
2456 1710 2634 1767 sacras
2663 1692 2964 1767 scripturas
2985 1692 3348 1767 intelligendas
3392 1712 3572 1767 sensus
3614 1705 3794 1750 noster

2201 1763 2491 1835 instruitur.
2519 1763 2655 1819 Hinc
2682 1763 2879 1819 factum
2902 1773 3003 1829 est,
3028 1775 3088 1820 ut
3106 1763 3311 1835 quanto
3330 1766 3546 1820 caducis
3565 1775 3795 1833 :cterna,

2203 1833 2440 1887 cmlestia
2492 1835 2718 1891 terrenis
2769 1833 3142 1903 antecellunt,
3192 1844 3344 1889 tanto
3398 1835 3791 1902 diligentiorem

2203 1918 2423 1971 operam
2452 1904 2646 1958 divinis
2686 1905 2996 1974 Scripturis,
3045 1921 3206 1974 quam
3260 1906 3547 1960 levioribus
3601 1907 3793 1961 studiis

2203 1974 2436 2046 impendi
2467 1974 2717 2046 voluerit.
2749 1976 2975 2030 Scholas
2994 1991 3177 2030 sacras
3204 1986 3515 2046 aperturum
3547 1992 3607 2030 se
3636 1977 3792 2043 olim,

2203 2043 2432 2112 publicis
2458 2043 2584 2116 dum
2606 2046 2783 2116 adhuc
2828 2046 3194 2115 implicaretur
3223 2043 3473 2115 negotiis,
3523 2047 3792 2116 promise-

2204 2114 2799 2187 rat,_quemadmodum
2858 2114 2917 2170 in
2962 2116 3128 2187 altera
3185 2116 3342 2184 hujus
3370 2114 3609 2170 historia:
3637 2127 3793 2187 parte

2202 2182 2407 2252 pnefati
2432 2200 2635 2254 sumius.
2669 2185 2853 2240 Fidem
2880 2187 2991 2254 jam
3017 2185 3207 2241 liberat
3253 2182 3406 2240 suam
3436 2187 3487 2240 in
3516 2182 3793 2253 coenobio,

2202 2269 2362 2321 quam
2387 2264 2497 2307 tum
2538 2253 2725 2308 Romae
2753 2253 3224 2311 effervescentibus
3246 2257 3481 2320 undique
3503 2257 3659 2311 bellis
3683 2273 3791 2312 non

2203 2332 2472 2446 potuerat.
2487 2321 2640 2378 Cavit
2661 2339 2789 2392 ergo
2810 2326 3066 2398 imprimis
3088 2341 3156 2380 ne
3177 2326 3371 2381 ascetis
3394 2325 3792 2382 Vivariensibus

2222 2409 2305 2446 iac
2332 2393 2383 2446 in
2412 2401 2566 2446 parte
2612 2396 2879 2446 ullatenus
2907 2397 3141 2446 defuisse
3190 2396 3478 2446 aliauando
3508 2397 3786 2446 videatur:

2222 2409 2305 2448 iac
2332 2393 2383 2447 in
2412 2401 2566 2463 parte
2612 2393 3141 2451 ullatenus'defuisse
3190 2396 3478 2464 aliquando
3508 2397 3788 2461 videatur;

2203 2473 2365 2530 atque
2388 2472 2451 2535 ut
2476 2465 2747 2519 laboribus
2770 2467 2880 2521 suis
2917 2467 3107 2533 majori
3154 2468 3548 2535 responderent
3575 2468 3795 2522 assidui-

2205 2542 2316 2589 tate
2344 2545 2399 2605 et
2426 2534 2725 2605 diligentia,
2754 2545 2938 2590 monet
2961 2552 3149 2591 eorum
3179 2534 3301 2605 ope,
3351 2537 3401 2591 si
3425 2536 3587 2591 modo
3616 2538 3684 2592 ad
3712 2554 3794 2593 re-

2202 2619 2320 2657 rum
2351 2604 2653 2658 divinarum
2693 2608 2939 2660 notitiam
2983 2622 3138 2661 curas
3168 2604 3377 2669 omnes,
3405 2608 3587 2661 omnia
3616 2608 3791 2663 studia

2203 2675 2547 2734 contulerint,
2581 2676 2945 2731 discutiendas
2966 2677 3282 2744 ignorantia:
3311 2678 3592 2741 tenebras;
3624 2679 3792 2732 virtu-

2204 2752 2336 2808 tem,
2367 2745 2434 2798 ad
2463 2744 2615 2812 cujus
2645 2747 2899 2815 templum
2923 2762 3021 2816 per
3042 2747 3212 2801 azdem
3243 2747 3519 2816 sapientiae
3558 2748 3666 2801 iter
3686 2758 3790 2813 est,

2204 2823 2546 2886 posterorum
2599 2817 2792 2871 animis
2837 2817 3290 2884 ingenerandam;
3340 2817 3546 2885 glorize,
3572 2833 3696 2886 qua:
3724 2835 3792 2873 ex

2202 2885 2463 2957 sapientia
2480 2893 2733 2957 tanquam
2750 2902 2817 2941 ex
2841 2888 3113 2957 uberrimo
3134 2886 3279 2941 fonte
3300 2887 3535 2957 proﬂuit,
3551 2885 3792 2943 omnium

2203 2955 2837 3025 mentibusginserendam
2868 2956 3234 3025 cupiditatem.

2277 3023 2517 3097 §AXXIIL
2552 3024 2735 3080 Sacra:
2764 3023 3050 3097 S_cripturte
3075 3028 3248 3082 studio
3304 3027 3634 3082 incumbendi
3686 3046 3795 3083 me-

2205 3094 2415 3148 thodum
2444 3112 2563 3149 suos
2590 3097 2736 3150 docet
2765 3094 3128 3152 Cassiodorus.
3162 3098 3278 3153 Non
3327 3099 3611 3165 ignorabat
3662 3099 3795 3153 Cas-

2205 3166 2455 3236 siodorus
2479 3167 2736 3234 quidquid
2765 3176 3021 3236 peccatur
3048 3183 3077 3221 a
3110 3169 3369 3223 tironibus
3410 3168 3462 3221 in
3512 3184 3793 3223 sacrarum

2207 3235 2506 3319 litterarum
2535 3237 2732 3319 studio,
2758 3235 2971 3319 peccari
3002 3247 3071 3319 _u_t
3101 3238 3384 3319 plurimum
3415 3239 3795 3319 orilinis__per-

2204 3305 2542 3379 turbatione;
2569 3306 2697 3360 dum
2719 3305 2808 3379 qui
2832 3308 2978 3379 prius
3001 3305 3121 3362 libri
3151 3308 3257 3375 legi
3286 3308 3603 3373 debuerant,
3629 3305 3797 3379 ii'po-

2202 3374 2545 3447 steriusgqui
2575 3374 2863 3447 posterius,
2888 3378 2923 3431 ii
2952 3379 3102 3447 prius
3149 3374 3554 3447 pervolvuntur.
3606 3374 3793 3445 Quare

2202 3445 2479 3517 discipulis
2501 3447 2741 3514 praecipit
2794 3445 2985 3517 (Prcef.
3014 3450 3071 3501 in
3098 3445 3188 3501 lib.
3218 3448 3281 3500 de
3330 3447 3446 3501 Div.
3502 3448 3686 3517 Litt.),
3738 3459 3796 3501 ut

2201 3515 2531 3589 moderentur
2556 3517 2815 3589 sapienter
2841 3515 3103 3589 desideria
3124 3534 3237 3589 sua,
3268 3535 3359 3587 per
3406 3515 3645 3571 ordinem
3677 3535 3797 3589 qua

2202 3592 2320 3638 sunt
2347 3585 2564 3657 legenda
2595 3586 2871 3640 discentes.
2896 3588 3069 3653 Quam
3091 3585 3307 3655 quidem
3338 3588 3649 3642 methodum
3680 3585 3794 3657 quo

2201 3656 3097 3723 servarentreligiosius,librumde
3121 3658 3321 3711 Divinis
3347 3657 3564 3712 Litteris
3599 3656 3789 3712 edidit.

2202 3725 2411 3798 Adhuc,
2443 3726 2536 3789 ait,
2569 3728 2746 3798 divina
2775 3728 3030 3782 charitate
3048 3727 3237 3797 probor
3254 3745 3365 3781 esse
3389 3730 3707 3798 compulsus,
3736 3740 3793 3781 ut

2201 3796 2271 3847 ad
2300 3797 2457 3849 vicem
2484 3797 2724 3865 magistri
2753 3796 3152 3853 introductorios
3190 3798 3328 3852 vobis
3357 3796 3534 3860 libros,
3567 3798 3794 3853 Domino

2201 3866 2869 3938 pra’stanlepconﬁcerem;
2892 3885 2985 3935 per
3012 3884 3159 3938 quos,
3190 3870 3322 3921 sicut
3367 3871 3587 3935 aestimo,
3642 3870 3793 3923 Scri-

2199 3944 2470 4004 pturarum
2496 3935 2786 3989 divinarum
2815 3938 2989 4002 series,
3019 3935 3069 3991 et
3115 3938 3439 3993 stecularium
3496 3942 3792 3992 litterarum

2202 4005 2567 4078 compendiosa
2588 4008 2773 4078 notitia
2794 4006 3007 4078 Domini
3030 4023 3239 4061 munere
3259 4008 3629 4078 panderentur.
3675 4009 3788 4062 Ad-

2200 4074 2277 4127 dit
2307 4073 2551 4144 (Ibidem)
2582 4076 2959 4130 ascendendum
3001 4094 3197 4200 zuoque
3216 4073 3285 4130 ad
3312 4095 3517 4132 sacram
3549 4079 3792 4149 Scriptu-

2201 4160 2315 4197 ram
2344 4161 2436 4200 per
2462 4147 2809 4200 expositiones
2836 4147 2997 4200 proba
3035 4149 3124 4200 iles
3176 4147 3415 4200 Patrum.
3478 4148 3631 4200 Unde
3678 4165 3789 4200 non

2201 4160 2315 4197 ram
2344 4161 2436 4213 per
2462 4147 2809 4216 expositiones
2834 4147 3124 4216 probabiles
3176 4147 3415 4203 Patrum.
3478 4148 3631 4202 Uade
3671 4147 3789 4203 non

2202 4222 2411 4288 tantum
2436 4215 2627 4269 divmte
2649 4215 2986 4288 auctoritatis
3015 4218 3247 4280 codices,
3278 4234 3414 4288 quos
3444 4219 3640 4272 ibidem
3696 4235 3792 4271 no-

2202 4300 2319 4337 vem
2350 4285 2403 4338 in
2451 4294 2633 4359 partes
2685 4285 2944 4351 distinxit,
2995 4285 3785 4359 proposuit'pervolutanlos;

2199 4370 2385 4427 verum
2410 4355 2717 4427 etiamrqute
2738 4365 2919 4410 essent
2966 4355 3126 4427 opera
3158 4355 3470 4412 sanctorum
3499 4359 3789 4412 doctorum

2199 4372 2385 4408 verum
2410 4372 2570 4409 etiam
2639 4372 2717 4409 uie
2738 4372 2919 4410 essent
2966 4373 3126 4427 opera
3158 4372 3470 4412 sanctorum
3499 4372 3787 4412 doctorum

2199 4372 2771 4493 explanandisigonea
2827 4427 3095 4482 indicavit.
3138 4427 3206 4481 Et
3253 4444 3320 4481 ne
3365 4443 3470 4496 qua
3518 4429 3787 4483 haeretica:

2200 4496 2535 4562 contagionis
2567 4497 2714 4551 labes
2745 4496 2864 4551 fidei
2888 4513 3074 4566 puram
3123 4498 3483 4566 integritatem
3516 4499 3784 4561 inliceret,

2131 4573 2179 4632 ι)
2204 4566 2396 4632 quibus
2424 4566 2475 4618 in
2506 4566 2638 4620 locis
2666 4582 2695 4619 a
2718 4583 2847 4620 vero
2873 4569 3207 4622 deviaverint
3234 4576 3501 4629 auctores,
3527 4568 3782 4636 designa-

2203 4637 2306 4708 vit;
2332 4636 2413 4708 sic
2434 4648 2612 4708 autem
2639 4637 2706 4708 ab
2729 4652 2970 4691 errorum
2991 4636 3233 4703 Origenis
3252 4639 3485 4708 scopulis
3512 4654 3607 4692 eos
3629 4655 3786 4694 aver-

2204 4706 2266 4779 tit
2319 4704 2616 4779 (_Lib.‘Ditv.
2644 4706 2765 4759 Litt.
2801 4724 2915 4777 cap.
2946 4708 3032 4777 l):
3081 4704 3406 4779 QuaprOpter
3450 4711 3503 4761 in
3544 4708 3783 4778 aperibus

2201 4776 2430 4849 ejusdem
2462 4773 2722 4844 Origenis,
2754 4773 2999 4847 quantum
3030 4773 3302 4833 transiens
3330 4773 3785 4849 invenire'prtera»

2201 4845 2275 4923 lui
2296 4847 2408 4923 loco
2434 4857 2746 4923 qutvcontra
2766 4845 2978 4923 regulas
2997 4849 3209 4902 Patrum
3231 4852 3511 4923 ἀχρήστων
3535 4845 3783 4923 repudia-

2204 4873 2273 4897 Ηιι
2296 4873 2407 4898 IUL“
2434 4873 2547 4916 qua;
2566 4873 2746 4899 ιέυιιυα
2776 4873 2978 4917 regulus
2997 4873 3209 4902 rutrum
3231 4873 3263 4903 α
3288 4873 3511 4923 νρηστων
3535 4873 3782 4917 ΙἮῘΗΝΗιι·

2204 4915 2340 4996 tione
2360 4917 2579 4996 signavi,
2598 4929 2667 4996 Iut
2696 4917 2928 4996 decipere
2948 4935 3051 4973 non
3079 4873 3381 4989 proniorem,
3403 4922 3487 4991 qui
3511 4921 3605 4996 tali
3634 4921 3782 4996 signa

2199 4987 2253 5037 in
2278 4985 2446 5049 pravis
2474 4985 2703 5040 sensibus
2733 4988 2983 5042 cavendus
3022 4985 3132 5042 esse
3178 4985 3515 5043 monstratur.
3562 4985 3784 5043 Nccvob

2204 5056 2362 5129 aliam
2390 5071 2605 5129 quoque
2634 5072 2845 5129 causam
2878 5066 3023 5129 tanta
3059 5068 3258 5129 quanta
3298 5060 3471 5129 potuit
3506 5059 3780 5127 diligentia

2202 5126 2493 5199 perlectam
2523 5126 2802 5199 epistolam
2828 5127 2893 5180 ad
2922 5126 3222 5191 Romanos,
3252 5126 3371 5199 qua:
3399 5136 3510 5183 tum
3541 5126 3780 5184 omnium

2202 5197 2516 5268 versabatur
2544 5197 2806 5268 manibus,
2833 5207 2885 5250 et
2915 5199 3210 5254 catholicos
3238 5197 3490 5253 doctores
3519 5201 3569 5254 in
3599 5210 3784 5268 partes

2203 5267 2416 5339 agobat,
2438 5266 2580 5339 quod
2604 5282 2631 5339 a
2654 5265 2869 5321 Gelasio
2889 5284 3025 5339 papa
3046 5272 3242 5339 scripta
3266 5270 3425 5337 vulgo
3445 5265 3779 5338 crede-retur,

2203 5335 2746 5408 nefarii_s__Pclagian:e
2768 5335 3041 5406 pravitatis
3070 5335 3317 5407 purgavit
3344 5335 3708 5408 opinionibus.

2274 5408 2301 5475 §
2334 5405 2520 5459 XXIV.
2549 5405 2865 5461 l’rtcclaram
2893 5405 3098 5463 instruit
3124 5405 3477 5463 bibliothecam
3498 5410 3779 5465 Cassiodo-

2202 5492 2308 5529 rus.
2356 5476 2773 5550 Librogquibus
2814 5494 2950 5548 Opus
2977 5495 3096 5534 esse
3123 5482 3188 5534 ad
3218 5481 3515 5550 planiorem
3544 5480 3784 5550 Scriptu-

2200 5546 2813 5618 rarumintelligentiam
2839 5546 3082 5614 noverat,
3108 5546 3311 5618 quosve
3340 5550 3456 5604 aliis
3480 5546 3781 5605 studiorum

2200 5616 2504 5683 generibus,
2529 5632 2647 5689 que
2668 5616 3361 5689 conteniplationideditos
3384 5622 3529 5675 viros
3556 5638 3667 5675 non
3697 5621 3782 5675 de

2200 5691 2482 5759 docerent.
2502 5687 2738 5759 subsidio
2768 5689 2881 5744 fore
2900 5687 3287 5754 arbitrabatur,
3314 5690 3612 5745 incredibili
3635 5708 3783 5759 pror-

2202 5774 2292 5831 sus
2313 5755 2705 5831 magnificentia
2735 5760 2967 5827 providit
2994 5762 3160 5815 abbas
3190 5770 3393 5826 noster,
3422 5762 3508 5831 pie
3528 5755 3781 5831 prodigus

2203 5829 2256 5882 in
2287 5827 2636 5897 procurandis
2673 5831 3009 5902 necessariis,
3038 5832 3088 5886 in
3111 5832 3353 5889 emendis
3380 5827 3665 5902 superﬂuis
3693 5827 3775 5904 pie
