3992 6460
466 322 577 380 475

1573 317 1643 371 M.
1690 310 2042 369 AURELIUS
2084 308 2565 367 CASSIODORUS.

3644 314 3770 371 476

471 441 773 517 cipulorum
801 434 1115 517 eruditionis
1141 430 1603 517 indicibus-verbis
1628 430 1811 514 {Unde
1826 432 2054 517 supplico
2083 434 2142 517 Α.
2160 438 2219 517 ut
2244 445 2339 484 eos
2367 436 2422 517 et
2451 436 3023 517 tuncneomtan‘eorum
3053 429 3370 517 applausus,
3420 438 3475 483 et
3499 431 3771 517 vendat-is

472 503 541 566 ut.
556 510 701 583 quod,
719 525 811 563 nos
837 505 1050 583 legendo
1073 522 1278 583 parum,
1301 503 1569 583 explicare
1588 503 1757 583 minus
1774 504 2053 583 potuimus,

472 570 799 649 vos'copiosa
844 570 1337 643 lectione'saginati,
1367 570 1488 625 tam
1535 571 1611 649 de
1644 570 2057 649 istis'codicibus

472 666 599 721 quos
621 643 1193 721 dereliquimus.‘_quam_
1212 643 1639 721 quospotueritis
1671 643 1887 721 feliciter
1915 644 2058 721 inre-

471 710 605 788 t'tire,
630 710 904 788 perfectius
926 718 981 788 in
1004 710 1194 769 Christi
1225 710 1429 788 nomine
1452 712 1748 788 compleatis
1773 710 1911 788 (
1937 711 2055 788 Div.

472 781 602 852 Litt.
630 781 752 857 cap.
783 786 895 853 15).
929 785 1178 857 Attamen
1220 784 1421 838 veritus
1450 796 1517 836 ne
1545 781 1898 857 Spiritushillis
1949 781 2059 834 for-

472 850 611 914 sitan
669 850 985 911 immitteret
1052 856 1273 908 altiores
1323 860 1474 905 tanta
1520 866 1699 905 rerum
1755 850 2056 905 divinarum

472 928 773 998 perceptio,
804 928 1105 998 doce_t_qnu}
1131 922 1515 998 abscondantur
1542 921 1774 998 superbis
1794 963 1809 987 ,
1850 939 1912 974 ea
1937 940 2056 990 par-

473 992 606 1052 vulis
640 992 894 1051 'revelari.
929 992 1040 1048 Nec
1079 995 1133 1047 in
1162 994 1286 1046 solis
1318 992 1499 1046 litteris
1536 992 1758 1060 positam
1784 1008 1894 1044 esse
1928 1010 2055 1060 pru-

475 1068 727 1131 dentium,
760 1067 848 1119 sed
876 1067 1155 1135 perfectam
1195 1064 1499 1135 sapientiam
1521 1062 1646 1135 dare
1675 1060 1839 1114 Deum
1861 1063 2061 1115 unicui-

473 1154 574 1209 que
594 1130 885 1209 proutvult'
908 1130 1056 1201 (Litt.
1090 1133 1205 1209 lliv.
1232 1130 1383 1209 _Litt.,
1414 1148 1536 1209 cup.
1561 1130 1674 1209 98).

552 1201 787 1278 δ’ΧΧΧ.
816 1204 1075 1278 Quantum
1085 1202 1435 1278 _Cassiodorus
1474 1201 1857 1278 i’ipariensibus
1887 1211 1936 1253 et
1965 1204 2057 1255 toti

476 1269 731 1331 Ecclesia:
774 1275 1047 1346 profuerit.
1081 1273 1171 1346 Sic
1210 1280 1433 1346 noverat
1462 1271 1625 1346 abbas
1649 1269 1894 1346 doctrina
1935 1287 2058 1346 san-

477 1341 783 1416 ctitateque'
802 1341 913 1413 prie
935 1344 1146 1399 caneris
1173 1341 1399 1416 eximius
1422 1342 1541 1416 pari
1553 1341 1777 1416 pietatis
1806 1350 1859 1394 et
1882 1341 2057 1416 scien-

477 1417 565 1469 tia:
594 1410 895 1472 emnobitas
941 1430 1193 1470 exercere
1239 1410 1467 1466 cultura.
1510 1410 1599 1465 Sic
1646 1412 1808 1465 etiam
1852 1410 2059 1466 abbatis

477 1486 563 1541 sui
604 1488 745 1541 curis
786 1485 969 1539 labore
1017 1500 1114 1537 suo
1144 1482 1540 1551 respondebant
1574 1480 1937 1545 Vivarienses;
1983 1482 2059 1536 sic

477 1570 623 1610 verte
666 1556 867 1623 glorize,
908 1555 974 1607 ad
1003 1570 1162 1623 quam
1211 1569 1305 1623 sua
1337 1568 1431 1607 eos
1450 1551 1560 1623 jam
1593 1558 1781 1623 natura
1815 1552 2056 1615 ferebat,

477 1625 621 1679 viam
650 1621 925 1679 hortatore
954 1621 1114 1692 atque
1142 1622 1432 1691 impulsore
1448 1621 1771 1692 Cassiodoro
1798 1630 1905 1673 tam
1930 1637 2058 1675 con-

478 1696 589 1750 cito
611 1695 967 1750 decurrebant
978 1691 1162 1761 gradu,
1179 1702 1237 1746 ut
1251 1694 1303 1746 in
1319 1693 1382 1746 iis
1399 1692 1465 1746 ad
1490 1691 1944 1745 immortalitatem
1959 1707 2059 1746 no-

478 1766 657 1830 minis,
689 1766 754 1818 ad
775 1764 1045 1819 felicitatis
1072 1764 1427 1817 aeternitatem
1449 1770 1641 1816 cuncta
1663 1762 2053 1830 conspirarent.

479 1833 665 1905 Neque
694 1834 745 1890 id
773 1834 967 1889 mirum
994 1833 1228 1904 quidem.
1258 1830 1451 1905 Ecquis
1482 1833 1625 1886 enim
1641 1832 1974 1905 potentiores
1993 1832 2058 1885 ad

478 1902 841 1973 integritatem
889 1902 1102 1960 morum
1133 1914 1187 1958 et
1213 1904 1443 1972 optimas
1488 1911 1631 1957 artes
1662 1902 2059 1973 Vivariensibus

477 1972 799 2030 subdidisset
824 1974 1089 2039 stimulos,
1112 1988 1272 2043 quam
1300 1974 1343 2027 is
1358 1973 1447 2040 qui
1474 1973 1785 2043 frequenter
1802 1972 1942 2043 apud
1965 1987 2060 2043 eos

478 2044 545 2098 de
569 2046 818 2113 utilitate,
841 2045 909 2099 de
938 2045 1106 2113 gloria
1131 2041 1437 2113 divinarum
1466 2042 1861 2113 Scripturarum
1902 2041 2058 2113 intel-

478 2114 711 2182 ligentia:
739 2111 1289 2185 comite'perorabat?
1320 2112 1369 2166 Η
1378 2130 1435 2167 oc
1475 2113 1609 2165 enim
1649 2111 1795 2164 nobis
1816 2121 1890 2185 est
1919 2112 2060 2185 salu-

482 2181 611 2250 tare,
652 2181 1668 2255 proﬁcuum—gloriosum,perpetuum,
1727 2181 2060 2255 quodnulla

480 2250 662 2317 mors,
684 2250 828 2307 nulla
869 2250 1128 2308 mobilitas
1151 2296 1166 2318 ,
1219 2250 1361 2307 nulla
1392 2250 1548 2323 possit
1566 2267 1809 2323 separare
1840 2250 2056 2315 oblivio;

479 2324 572 2377 sed
600 2324 693 2395 illa
741 2327 992 2379 suavitate
1042 2324 1225 2395 patria;
1266 2321 1839 2395 cumpomino‘faciet
1865 2330 2059 2395 πιεῖν-μα

483 2394 831 2466 exsultatione
855 2389 1080 2466 gaudere
1099 2393 1254 2466 _(Lib.
1303 2391 1575 2466 deDivin.
1607 2389 1733 2443 Litt.
1755 2431 1768 2454 ,
1800 2407 1914 2466 cap.
1942 2390 2053 2466 28).

480 2460 677 2534 Ecquis
708 2460 963 2519 illustrius
986 2460 1627 2534 pratluxissetdiscipulis,
1650 2476 1808 2534 quam
1836 2461 1880 2515 is
1909 2460 2060 2534 cujus

482 2532 653 2587 virtus
675 2534 893 2589 excelso
930 2530 1052 2589 loco
1075 2534 1198 2598 sita,
1232 2533 1362 2586 satis
1395 2533 1507 2600 ipsa
1539 2547 1705 2599 perse
1737 2530 1788 2583 in
1820 2531 2057 2584 omnium

479 2602 788 2657 incurrebat
816 2604 1024 2669 oculos;
1057 2602 1208 2671 cujus
1236 2602 1455 2656 scientia
1479 2600 1760 2667 singularis
1778 2617 1884 2654 non
1909 2600 2059 2671 clau-

479 2675 558 2728 sis
586 2672 851 2730 invidioso
897 2674 1101 2741 modio,
1128 2670 1243 2727 sed
1268 2686 1299 2725 e
1332 2671 1654 2741 candelabro
1678 2670 2060 2739 spectabilibus

481 2757 672 2812 omnes
700 2745 790 2812 qui
820 2754 975 2798 erant
1004 2753 1115 2796 tum
1158 2743 1209 2795 in
1239 2744 1401 2796 domo
1430 2740 1786 2812 Castelliensi,
1845 2750 1959 2794 tum
2006 2743 2057 2795 in

481 2810 733 2868 Ecclesia
749 2815 995 2868 universa
1014 2812 1175 2866 radiis
1196 2812 1488 2866 illustrabat
1512 2811 1535 2864 ?
1558 2810 1888 2865 Accenderat
1902 2812 2062 2879 siqui-

481 2880 606 2952 dem
620 2882 787 2937 solem
808 2885 951 2939 hunc
967 2882 1454 2952 Splendidissimum
1475 2880 1631 2945 Deus;
1653 2888 1779 2935 utet
1797 2881 2061 2950 pullulan—

481 2951 558 3005 tia
584 2952 636 3006 in
658 2954 791 3008 orbe
818 2951 1067 3008 universo
1096 2952 1345 3008 vitiorum
1370 2960 1627 3015 monstra,
1653 2953 2061 3006 etrenascentia

481 3036 697 3092 semper
724 3024 777 3077 in
806 3038 1146 3079 communem
1168 3022 1591 3092 Christianorum
1619 3022 1857 3075 omnium
1878 3023 2060 3090 perni»

482 3091 621 3163 _ciem
646 3094 1044 3161 haereticorum,
1075 3093 1239 3147 veluti
1262 3101 1341 3146 tot
1370 3091 1656 3163 hydrarum
1683 3093 1881 3163 capita,
1926 3108 2058 3160 pura

482 3161 605 3218 Iuce
636 3164 934 3230 detegeret,
966 3166 1196 3231 igneque
1223 3161 1563 3216 consumeret
1590 3162 1985 3231 actuosissimo.

556 3233 585 3304 §
613 3232 811 3304 _XXXI.
854 3230 1191 3288 Cassiodorus
1208 3248 1413 3304 suorum
1435 3230 2062 3304 quosdaminrdesmbenf

485 3300 705 3356 dis'SS.
740 3304 999 3358 codicibus
1039 3304 1281 3371 occupari
1329 3300 1709 3371 jubet‘eosque
1739 3303 1905 3370 juvat.
1955 3300 2061 3355 Sed

482 3387 595 3425 non
619 3373 825 3440 singula
854 3374 940 3427 hic
964 3367 1175 3425 narrari
1204 3367 1460 3440 possunt;
1488 3367 1599 3436 jam
1627 3367 1856 3437 jamque
1904 3380 2062 3425 vocat

484 3455 590 3494 nos
618 3441 681 3495 ad
706 3458 787 3509 se,
816 3458 916 3496 nec
942 3442 1009 3495 de
1037 3441 1282 3495 laudibus
1311 3440 1421 3511 suis
1443 3440 1604 3511 silere
1630 3440 1839 3511 diutius
1862 3442 2063 3511 patitur

484 3511 913 3579 antiquariorum
942 3511 1115 3572 labor,
1156 3525 1292 3578 quos
1324 3510 1479 3577 jussit
1507 3509 1876 3564 describendis
1896 3513 2064 3566 sacris

485 3580 761 3634 codicibus
786 3583 1069 3649 occupari;
1102 3588 1157 3631 ut
1184 3596 1339 3633 manu
1380 3579 1667 3634 hominibus
1698 3580 2063 3649 prardicarent,

482 3649 660 3719 digitis
690 3650 893 3721 linguas
921 3650 1198 3721 aperirent,
1229 3660 1277 3703 et
1298 3660 1478 3703 contra
1501 3650 1750 3721 da'monis
1779 3649 2065 3721 subreptio-

487 3734 612 3792 nes_
630 3720 830 3774 calamo
872 3720 1256 3792 att-amentaque
1301 3733 1616 3792 pugnarent.
1648 3720 1901 3792 Fructum
1924 3720 2063 3792 inde

484 3788 851 3861 profecturum
904 3788 1480 3845 demonstrans'addit
1509 3790 1647 3861 (Lib.
1698 3790 1873 3844 Dicin.
1912 3790 2062 3858 Litt.,

484 3873 602 3931 cap.
628 3858 719 3931 .50)
748 3879 760 3912 :
799 3859 1120 3931 Scriptiones
1149 3878 1325 3915 eorum
1356 3870 1460 3915 toto
1489 3858 1609 3915 orbe
1625 3861 2060 3929 disseminaudas,

484 3936 533 3985 et
560 3930 613 3982 in
646 3929 774 3985 locis
796 3929 1136 4002 sanctissimis
1176 3932 1416 4002 legendas
1446 3940 1551 3984 tam
1579 3934 1771 4002 ingenti
1815 3932 2059 3996 utilitate,

482 4014 662 4055 eorum
694 4010 750 4053 ut
796 4000 1021 4055 laborem
1052 4010 1189 4054 recto
1220 4000 1263 4055 si
1304 4003 1619 4070 susciperent
1638 4000 1842 4060 animo.
1873 4019 2063 4057 merces

482 4070 569 4122 vix
594 4072 701 4124 ulla
729 4082 901 4142 posset
922 4087 1145 4141 requare.
1192 4070 1371 4141 Neque
1405 4072 1805 4125 vicissitudinem
1828 4073 1973 4125 illum
2000 4074 2064 4127 de

484 4148 560 4192 tot
586 4142 737 4211 _bonis
752 4158 853 4194 non
880 4158 1031 4211 posse
1059 4144 1338 4211 percipere,
1365 4142 1409 4193 si
1436 4151 1607 4194 tamen
1636 4159 1737 4195 non
1768 4142 2064 4211 cupiditatis

483 4209 702 4276 ambitu,
728 4211 819 4264 sed
846 4209 984 4282 recto
1006 4209 1182 4282 studio
1201 4209 1339 4265 talia
1370 4223 1612 4265 noscatur
1633 4209 1846 4282 efﬁcere.
1880 4211 1945 4266 Ut
1975 4228 2065 4267 au-

483 4285 594 4351 tem
624 4281 939 4349 antiquariis
966 4281 1019 4334 id
1046 4294 1216 4348 genus
1238 4297 1415 4350 opera:
1442 4290 1624 4351 posset
1646 4297 1712 4334 ex
1728 4289 1854 4335 voto
1876 4297 2064 4337 succe-

484 4347 632 4419 dere,
662 4347 827 4404 voluit
856 4358 917 4404 ut
946 4351 1035 4419 qui
1057 4347 1258 4405 divinis
1276 4347 1338 4406 et
1366 4347 1614 4406 huntanis
1652 4352 1919 4419 ingenium
1967 4369 2064 4419 ap-

486 4418 657 4487 prime
679 4418 1032 4473 excoluerant
1059 4421 1251 4475 litteris
1275 4462 1289 4486 ,
1320 4422 1351 4475 ii
1376 4418 1727 4475 scribentium
1754 4436 1916 4488 opera
1948 4418 2066 4476 dili-

482 4494 676 4558 genter
695 4489 1069 4558 expenderent
1095 4493 1549 4558 castigarentque,
1581 4492 1624 4545 si
1652 4490 1778 4557 quid
1804 4491 1939 4544 forte
1955 4493 2062 4545 vitii

2160 500 2492 580 temporibus
2515 500 2697 553 Itetitia
2728 509 3089 580 posterorum,
3119 511 3173 554 et
3198 516 3412 570 semper
3433 502 3772 570 reipublic:

2158 569 2476 623 Christiana:
2502 569 2877 636 compendium
2904 573 3271 624 comitaretur.

2233 640 2260 712 ᾗ
2302 637 2516 712 XXXII.
2548 640 2689 712 Alios
2734 639 3090 712 exscribendis
3121 639 3339 712 Patrum
3380 638 3623 710 operibus
3658 657 3766 694 va-

2158 708 2277 764 care
2302 710 2561 781 prtecipit.
2582 709 2639 781 In
2671 709 3037 781 exscribendis
3066 710 3225 781 etiam
3251 708 3466 763 Patrum
3490 712 3771 779 operibus

2160 790 2304 834 totos
2332 795 2453 834 esse
2482 780 2649 832 voluit
2672 780 2957 834 nonnullos
3006 780 3303 833 monachos
3323 821 3337 842 ,
3368 781 3565 845 quibus
3600 782 3764 834 viam

2159 868 2263 920 qua
2296 849 2497 904 faustos
2526 849 2593 902 ad
2615 850 2790 903 exitus
2812 864 2896 904 res
2923 851 3068 904 brevi
3097 851 3402 919 perveniret
3420 851 3763 917 indigutavit.

2160 928 2449 976 Sermones
2497 929 2551 972 ct
2591 920 2838 972 homilias
2886 930 3194 974 sanctorum
3238 920 3514 974 attentiori
3565 921 3765 973 studio

2163 991 2401 1061 praecipit
2431 990 2651 1061 perlegi,
2676 1007 2782 1044 non
2811 1006 2965 1044 secus
2994 1007 3057 1044 ac
3095 999 3282 1061 contra
3316 991 3602 1061 lncretieos
3629 991 3763 1044 dis-

2160 1062 2501 1122 scrtationes,
2536 1060 2587 1113 in
2618 1060 2810 1127 quibus
2838 1061 2881 1117 si
2904 1062 3029 1129 quid
3058 1061 3124 1114 ad
3157 1060 3472 1114 elucidanda
3511 1062 3764 1115 obscura

2160 1131 2353 1186 divina:
2382 1130 2667 1197 Scriptura:
2696 1130 2815 1183 loca
2847 1145 3141 1198 congruum
3164 1138 3499 1195 occurreret,
3518 1132 3766 1197 rogabat

2163 1210 2220 1254 ut
2249 1201 2417 1254 sacris
2446 1200 2804 1254 voluminibus
2831 1208 3071 1254 attexere
3096 1216 3201 1253 non
3216 1199 3530 1253 dubitarent
3554 1218 3567 1251 :
3600 1200 3766 1253 Sicut

2161 1280 2210 1325 et
2234 1289 2346 1333 nos,
2382 1271 2667 1340 inquit,_in
2714 1270 2859 1323 libris
2892 1270 3088 1340 Regum
3138 1272 3320 1339 fecisse
3364 1272 3761 1339 cognoscimr.

2162 1341 2361 1395 Deinde
2387 1355 2546 1408 quam
2579 1338 2904 1403 fructuosus,
2939 1338 3101 1408 quam
3133 1338 3406 1406 glorians
3432 1338 3658 1393 futurus
3688 1340 3768 1391 sit

2162 1427 2350 1465 eorum
2397 1410 2549 1464 labor
2568 1410 2751 1464 verbis
2779 1411 3013 1464 ostendit
3037 1410 3410 1478 pulcherrimis
3440 1408 3585 1475 (Lib.
3624 1408 3757 1462 Div.

2163 1480 2313 1541 Litt.,
2340 1498 2455 1549 cap.
2491 1478 2577 1549 I5)
2614 1498 2625 1531 :
2658 1478 2996 1551 Considerate
3024 1482 3181 1551 igitur
3212 1481 3381 1549 qualis
3410 1480 3759 1551 vobis_causa

2161 1553 2433 1605 commissa
2457 1552 2544 1612 sit,
2573 1551 2766 1603 utilitas
2790 1549 3220 1613 Christianorum,
3254 1551 3524 1603 thesaurus
3558 1549 3756 1603 Eccle—

2168 1624 2277 1685 siw,
2308 1622 2475 1674 lumen
2508 1623 2818 1673 animarum.
2851 1619 3211 1686 Quamobrem
3234 1630 3440 1682 monet,
3463 1622 3514 1674 in
3538 1622 3591 1674 id
3619 1634 3765 1689 ope-

2163 1693 2235 1746 ris
2257 1693 2524 1746 curiosam
2570 1692 2818 1745 studeant
2853 1691 3096 1744 conferre
3126 1690 3464 1743 sedulitatem
3494 1709 3505 1742 :
3538 1706 3605 1742 ne
3643 1708 3755 1761 qua

2166 1772 2426 1815 remaneat
2453 1763 2505 1813 in
2528 1762 2738 1814 veritate
2768 1762 3080 1814 mendositas
3104 1802 3118 1823 ,
3147 1762 3203 1813 in
3248 1762 3476 1830 puritate
3518 1761 3756 1831 falsitas,

2165 1834 2217 1886 in
2238 1833 2534 1899 integritate
2554 1831 2858 1900 perversitas
2888 1831 3196 1883 litterarum.

2239 1902 2265 1971 §
2306 1900 2541 1955 XXXIII.
2568 1899 2865 1971 Cassiodori
2895 1918 3019 1954 cura
3046 1903 3100 1954 in
3141 1901 3287 1953 libris
3316 1918 3438 1955 mss.
3485 1901 3545 1954 S.
3604 1902 3760 1955 Scri-

2164 1970 2329 2041 ptura:
2354 1970 2860 2041 cooperiendilenc
2881 1987 3043 2024 unum
3066 1980 3347 2041 supererat
3369 1971 3757 2025 oculatissimze

2165 2040 2372 2095 abbatis
2399 2040 2567 2095 nOstri
2596 2040 2971 2109 providentiae,
3004 2050 3063 2094 ut
3090 2040 3309 2095 codices
3338 2058 3466 2096 mss.
3500 2057 3613 2110 quo
3634 2042 3757 2095 diu-

2166 2112 2269 2165 tius
2298 2120 2641 2166 servarentur
2670 2111 2875 2175 intacti,
2901 2110 3320 2180 compingendos
3347 2120 3404 2165 et
3423 2114 3757 2180 cooperien-

2162 2181 2260 2236 dos
2288 2190 2505 2235 curaret
2526 2189 2717 2235 ornatu
2741 2196 2848 2249 quo
2870 2189 3084 2249 poterat
3115 2182 3399 2249 comptiori
3422 2199 3432 2232 :
3468 2180 3570 2235 llis
3595 2184 3755 2235 etiam

2163 2252 2455 2305 addidimus
2486 2253 2540 2305 in
2570 2249 2715 2304 libris
2745 2251 3097 2319 cooperiendis
3118 2252 3292 2305 doctos
3317 2252 3569 2320 artiﬁces,
3599 2263 3655 2305 ut
3674 2270 3756 2305 sa-

2162 2338 2369 2375 crarum
2400 2322 2687 2391 litterarum
2714 2322 3147 2391 pulchritudinem
3178 2323 3340 2391 [acies
3364 2323 3555 2375 decora
3598 2325 3754 2376 vesti-

2163 2403 2240 2472 ret
2263 2391 2526 2472 (libabit).
2561 2389 2720 2451 Litt..
2744 2406 2859 2460 cap.
2888 2390 3002 2469 5d).
3024 2389 3196 2472 (Cujus
3224 2391 3276 2444 in
3311 2392 3634 2472 societatem
3675 2393 3753 2446 la—

2164 2460 2311 2516 boris
2350 2470 2407 2515 ut
2438 2462 2551 2530 ipse
2582 2476 2795 2530 quoque
2826 2462 3057 2530 veniret,
3085 2471 3516 2529 tegumentorum
3547 2460 3751 2516 formas

2163 2531 2347 2585 solerti
2389 2529 2621 2586 confecit
2650 2531 2907 2583 industria
2942 2548 2954 2582 :
2990 2529 3184 2595 Quibus
3212 2532 3521 2601 multiplices
3554 2534 3750 2601 species

2166 2606 2487 2671 facturarum
2529 2602 2583 2654 in
2612 2616 2715 2653 uno
2737 2600 2920 2671 codice
2947 2600 3176 2671 depictas
3207 2600 3442 2654 decenter
3470 2600 3742 2669 expresse-

2164 2670 2265 2735 ναι,
2300 2681 2352 2724 ut
2372 2672 2575 2743 qualem
2603 2671 2779 2723 mallet
2803 2670 3062 2725 studiosus
3089 2674 3362 2741 tegumenti
3391 2674 3617 2742 formam
3642 2676 3748 2743 ipse

2162 2752 2332 2810 posset
2359 2742 2564 2810 eligere.

2240 2813 2266 2882 §
2296 2810 2880 2882 XXXIV.Cassiodorus
2897 2811 3133 2882 lucernas
3150 2810 3411 2882 mirabiles
3442 2813 3743 2866 concinnat.

2164 2880 2279 2936 Non
2310 2884 2511 2950 absque
2532 2880 2741 2950 piaculo
2760 2895 2889 2933 sane
2917 2880 3003 2933 hic
3020 2889 3318 2935 taceremus
3346 2881 3601 2935 lucernas
3632 2883 3746 2937 illas

2165 2969 2272 3006 non
2289 2952 2643 3006 admiratione
2668 2950 2860 3014 solum,
2876 2950 2969 3004 sed
2985 2952 3201 3004 :eternis
3222 2952 3383 3006 etiam
3399 2951 3649 3005 laudibus
3668 2951 3744 3005 di-

2165 3024 2469 3090 gnissimas,
2499 3037 2633 3091 quas
2663 3019 2887 3091 fratrum
2920 3020 3141 3091 multam
3182 3021 3487 3091 ininoctem
3533 3022 3744 3076 labores

2166 3090 2578 3161 producentiuin
2606 3090 2801 3161 vigiliis
2840 3090 3102 3161 stupende
3130 3090 3357 3145 artiﬁcio
3387 3094 3743 3146 concinnave-

2165 3160 2283 3215 rat:
2317 3162 2622 3216 Paravimus
2665 3160 2821 3232 etiam
2861 3160 3127 3232 nocturnis
3185 3162 3370 3232 vigiliis
3419 3163 3743 3215 mechanicas

2163 3232 2423 3299 lucernas,
2480 3230 2880 3285 conservatrices
2948 3230 3350 3285 illuminant’ium
3414 3232 3743 3299 ﬂammarum

2162 3302 2301 3371 ipsas
2323 3302 2419 3355 sibi
2442 3304 2723 3356 nutrientes
2752 3299 3044 3371 incendium
3063 3338 3077 3362 ,
3108 3318 3221 3371 qua:
3252 3302 3474 3355 humano
3505 3303 3740 3355 ministe-

2162 3370 2240 3425 rio
2270 3381 2518 3436 cessante,
2551 3372 2751 3441 prolixe
2773 3370 3067 3441 custodiant
3087 3370 3329 3425 uberrimi
3352 3373 3563 3425 luminis
3584 3372 3745 3424 abun-

2166 3442 2524 3495 dantissimam
2552 3439 2879 3511 claritatem;
2916 3439 3005 3511 ubi
3050 3440 3151 3494 olei
3180 3442 3434 3511 pinguedo
3473 3457 3580 3493 non
3612 3441 3741 3511 deﬁ-

2164 3514 2253 3583 c_it,
2282 3512 2510 3583 quamvis
2532 3512 2756 3583 ﬂammis
2786 3509 3081 3564 ardentibus
3102 3509 3297 3581 jugiter
3318 3519 3576 3565 torreatur
3598 3510 3737 3578 (Lib.

2164 3580 2302 3637 Div.'
2313 3580 2445 3652 Litt,
2477 3598 2599 3652 cap.
2621 3581 2735 3648 50).

2239 3652 2266 3724 §
2309 3650 2545 3724 XXXV."
2565 3651 3163 3724 cassiodori_prudentia
3190 3653 3243 3706 in
3274 3651 3511 3724 operibus
3540 3651 3740 3724 unicui-

2164 3720 2261 3793 que
2286 3738 2495 3793 suorum
2520 3720 2839 3793 indicendis.
2857 3720 3075 3775 Frustra
3094 3720 3434 3793 (moraremur
3454 3722 3604 3793 hicin
3630 3721 3743 3793 ejus

2164 3790 2271 3864 qua
2294 3792 2605 3864 Vivarienﬁse
2632 3792 2936 3864 cmnobiu‘m
2963 3792 3268 3864 regebatur,
3290 3790 3589 3864 prudentiae
3607 3791 3740 3858 ejus,

2164 3860 2271 3931 quo
2301 3879 2389 3918 res
2417 3862 2818 3933 quaelibetapte
2862 3860 3304 3933 disponebantur,
3352 3861 3560 3933 _ordinis
3613 3877 3743 3915 con-

2166 3930 2536 4003 templatione.
2580 3932 2869 4003 Possumus
2898 3932 3166 4003 _admirari
3218 3930 3575 4003 indefessam,
3636 3946 3739 3998 qua

2166 4000 2387 4072 singulis
2417 4018 2515 4073 pro
2545 4002 2803 4073 cujusque
2825 4000 3085 4073 industria
3115 4013 3167 4056 et
3196 4001 3744 4073 viribuspensumin-i

2166 4071 2380 4128 dicebat
2418 4071 2603 4127 'abbas
2656 4071 3107 4139 sapientissimus,
3168 4072 3506 4140 prudentiam
3564 4071 3742 4140 eloqui

2167 4160 2273 4197 non
2303 4158 2607 4213 possumus.
2640 4141 2824 4213 Nullus
2848 4141 3218 4213 resolvebatur
3246 4142 3390 4206 otio;
3435 4140 3639 4213 fractus
3666 4140 3740 4213 la-

2167 4210 2318 4267 bore'
2337 4211 2624 4267 deﬁciebat
2669 4212 2881 4275 nullus,
2912 4211 3127 4273 nullius,
3173 4226 3292 4265 cum
3342 4226 3400 4264 se
3429 4210 3496 4263 ad
3539 4210 3745 4264 abbatis

2166 4283 2472 4351 exemplum
2523 4289 2903 4350 componeret,
2953 4296 3059 4334 non
3093 4279 3333 4334 fervebat
3362 4280 3747 4351 0pu_s;‘nullins

2167 4368 2288 4407 cum
2320 4349 2525 4412 abbatis
2570 4349 2834 4421 praecepta
2872 4360 3185 4418 sequeretur
3208 4390 3223 4416 ,
3254 4366 3366 4405 rem
3397 4349 3649 4404 celeriter
3676 4350 3748 4404 fe-

2168 4422 2447 4489 liciterque
2478 4437 2595 4489 non
2612 4421 2947 4489 expediebat.

2243 4438 2447 4543 iterqite
2478 4438 2583 4503 non
2612 4438 2947 4502 expediebat.
3154 4491 3166 4501 .
3529 4492 3540 4501 _
3647 4491 3659 4502 .

2243 4492 2269 4563 §
2312 4490 2383 4563 ΧΑ
2407 4489 2539 4545 XVI.
2570 4488 2697 4563 Qua;
2722 4507 2926 4563 jejunio
2957 4507 2987 4542 a
3018 4488 3367 4563 Cassiodoro‘,
3391 4500 3438 4563 et
3478 4488 3749 4545 Vivamu-

484 4550 792 4630 ﬁolentibus
825 4558 1127 4630 excidisset
1160 4579 1170 4613 :
1221 4550 1265 4612 Ᾰ
1296 4550 1493 4630 paucis,
1538 4550 1713 4629 inquit
1762 4559 1898 4629 (Lib.
1947 4560 2063 4615 Div.
2096 4550 2146 4609 Ῑ)
2174 4550 2313 4615 silius
2334 4550 2617 4616 observata:
2651 4550 3011 4614 No'n'dnbium
3051 4561 3177 4629 quin
3209 4550 3508 4614 arctissima
3556 4563 3743 4616 obser-

487 4624 644 4700 Litt.,
674 4644 789 4697 cap.
817 4626 928 4700 I5),
964 4627 1226 4698 doctisque
1256 4624 1545 4697 faciendum
1563 4624 1659 4694 est,
1692 4624 1827 4700 quod
1847 4632 2069 4698 simplici

482 4704 534 4770 et
560 4699 729 4770 minus
750 4697 966 4770 eruditae
979 4697 1363 4769 congregationi
1386 4702 1613 4753 noscitur
1634 4697 1745 4753 esse
1767 4697 2067 4770 praeparan-

489 4765 634 4839 dum.
668 4765 826 4839 Istud,
865 4769 1050 4839 quippe
1079 4765 1247 4839 genus
1273 4770 1674 4834 emendationis,
1726 4765 1781 4823 ut
1819 4765 2065 4837 arbitror,

484 4836 635 4889 valde
683 4836 1105 4905 pulcherrimum
1130 4848 1227 4902 est,
1255 4847 1301 4891 et
1340 4839 1753 4894 doctissimorum
1807 4836 2066 4895 hominum

486 4908 746 4978 negotium
804 4908 1107 4978 gloriosum.
1156 4908 1356 4963 Divina:
1390 4910 1727 4965 auctoritatis
1763 4911 2065 4967 locutiones

483 4975 821 5050 dictionesvé
843 4976 1096 5033 Hebrmas
1122 4979 1279 5033 rebus
1297 4990 1388 5035 aut
1413 4982 1659 5050 personis
1680 4983 2065 5037 convenientes

483 5047 678 5115 quibus
700 5048 891 5115 lingua:
911 5063 1020 5102 sua:
1040 5050 1299 5104 servanda
1329 5047 1631 5106 est’dccora
1653 5052 1955 5118 sinceritas,
1974 5062 2065 5105 aut

484 5118 705 5184 majoris
736 5119 1151 5190 perspicuitatis,
1186 5130 1277 5174 aut
1307 5122 1593 5190 cujuslibet
1621 5123 1695 5176 rei
1718 5122 1938 5174 alterius
1966 5123 2065 5176 ob-

485 5193 635 5241 tentu
658 5190 882 5264 nolebat
911 5190 1178 5264 immutari
1199 5191 1504 5264 :Corrumpi
1539 5193 1787 5264 siquidem
1814 5203 2069 5264 nequeunt

484 5274 599 5382 qua:
651 5260 943 5329 inspirante
994 5258 1218 5318 Domino
1267 5264 1406 5316 dicta
1452 5258 1735 5317 noscuntur
1792 5258 2062 5331 (Ibidem).

521 5327 641 5382 lnle
683 5329 837 5382 facile
866 5330 984 5382 auis
1027 5331 1315 5382 intelliuat.
1374 5349 1478 5382 ana
1528 5332 1908 5382 veneratione.
1958 5348 2062 5382 ouo

521 5327 641 5383 Inie
683 5327 837 5403 facile
855 5330 984 5403 quis
1027 5331 1315 5401 intelligat,
1374 5349 1479 5403 qua
1528 5332 1909 5403 veneratione,
1958 5327 2067 5400 quo

487 5412 649 5471 sensu
680 5400 897 5471 pietatis
927 5416 1110 5455 sacras
1133 5400 1683 5471 paginastractandas
1706 5417 1824 5455 esse
1853 5402 2066 5458 duxerit

487 5467 866 5543 Cassiodorus;
900 5486 1023 5543 qua;
1043 5480 1099 5525 nt
1124 5467 1225 5543 suo
1242 5473 1440 5543 fulgore
1461 5472 1677 5534 niteant,
1704 5489 1805 5527 non
1838 5472 2063 5528 humano

485 5537 1070 5613 desiderio__carpendte
1102 5537 1429 5613 subjdceunt,
1490 5556 1589 5613 par
1635 5556 1753 5597 esse
1804 5549 1921 5613 toto
1975 5559 2065 5597 ca-

487 5608 601 5678 pite
634 5607 703 5659 15
730 5609 851 5663 libri
889 5607 957 5682 de
999 5607 1215 5668 Divinis'
1248 5612 1465 5666 Litteris
1492 5607 1861 5667 demonstrat.
1894 5612 2068 5682 Atque

489 5686 736 5751 ut_oper_a
766 5694 862 5733 sua
887 5680 1102 5751 juvaret
1130 5683 1440 5751 discipulos,
1475 5685 1894 5739 commentarios
1934 5680 2066 5738 scri-

487 5748 596 5817 psit
618 5749 668 5801 in
696 5748 959 5805 Donatum
989 5748 1432 5817 Grammaticum,
1458 5769 1521 5807 ac
1559 5753 1751 5808 librum
1777 5754 1843 5807 de
1869 5753 2068 5807 Ortho-

488 5820 731 5901 graphia,
764 5834 992 5898 quorum
1021 5838 1125 5896 ope
1145 5823 1221 5879 sic
1244 5824 1512 5881 emendati
1535 5823 1812 5897 prodirent
1838 5824 2068 5892 codices,

2174 4633 2392 4685 vatione
2408 4631 2610 4700 jejunia
2635 4631 2899 4698 viguerint
2929 4630 3070 4699 apud
3100 4629 3472 4696 Vivarienses,
3507 4630 3747 4699 discipli-

2176 4718 2256 4755 nzc
2283 4702 2594 4755 monasticae
2623 4700 2872 4755 custodes
2902 4701 3223 4766 acerrimos;
3264 4701 3460 4770 illaque
3498 4701 3644 4755 haud
3676 4702 3749 4755 in-

2174 4772 2355 4825 timum
2387 4772 2440 4824 in
2487 4771 2669 4839 regula
2699 4770 2877 4825 locum
2909 4772 3143 4825 tenuisse
3185 4772 3541 4825 certissimum
3573 4780 3659 4825 est
3687 4788 3750 4825 ex

2173 4842 2288 4911 ipso
2316 4839 2662 4911 Cassiodoro,
2697 4841 2786 4895 ubi
2813 4842 2881 4894 de
2904 4840 3217 4911 psalmodia
3244 4858 3257 4894 :
3317 4839 3469 4911 Ipsi,
3499 4840 3751 4895 videlicet

2172 4909 2384 4980 psalmi,
2440 4909 2588 4965 nobis
2642 4928 2783 4966 nona
2830 4910 3033 4981 jejunio
3080 4909 3356 4965 resolvunt
3382 4909 3485 5034 (In
3539 4912 3745 4990 praelia.

2172 4981 2370 5034 Comm.
2398 4982 2453 5034 in
2490 4980 2687 5034 Psal.l.
2722 4980 2839 5034 Ouo
2868 4981 3080 5034 quidem
3121 4980 3175 5034 in
3225 4981 3344 5034 loco
3421 4996 3451 5034 e
3507 4979 3745 5034 ieiuniis.

2172 4979 2370 5035 Comm.
2398 4982 2453 5034 in
2490 4980 2687 5050 Psal.).
2722 4979 2842 5046 Quo
2868 4979 3080 5049 quidem
3121 4980 3175 5034 in
3225 4981 3344 5035 loco
3382 4979 3451 5035 de
3500 4979 3749 5049 jejuniis,

2170 5067 2287 5175 gnte
2312 5061 2509 5106 vocant
2537 5051 2820 5119 regularia,
2848 5051 3010 5104 verba
3036 5051 3178 5104 facit.
3216 5050 3346 5104 Nam
3365 5065 3430 5104 ea
3458 5066 3580 5118 quae
3602 5052 3752 5105 statis

2212 5122 2360 5175 iebus
2380 5123 2673 5175 omcribit
2701 5121 2959 5175 Ecclesia.
2984 5130 3039 5174 et
3062 5121 3309 5175 religiosa
3337 5120 3627 5175 devotione
3638 5136 3752 5175 sus-

2212 5122 2360 5176 iebus
2380 5123 2673 5192 prmscribit
2701 5121 2959 5187 Ecclesia,
2984 5130 3039 5174 et
3062 5121 3309 5187 religiosa
3337 5120 3627 5192 devotione
3638 5136 3752 5192 sus:

2171 5190 2444 5263 cipiebant
2468 5190 2845 5247 Castellienses
2865 5229 2880 5252 ,
2923 5200 2978 5263 et
2996 5200 3202 5263 “sancta
3241 5191 3660 5260 scrupulositate
3690 5190 3751 5243 ad

2172 5261 2450 5333 vesperam
2484 5277 2652 5330 usque
2682 5277 2748 5317 ex
2773 5262 2944 5316 veteri
2978 5261 3407 5316 Christianorum
3461 5270 3751 5317 consuetu—

2168 5333 2293 5389 dine
2323 5333 2707 5402 producebant.

2240 5398 2359 5457 .Iam
2391 5403 2519 5471 quid
2566 5418 2702 5472 opus
2735 5401 3106 5456 demonstrare
3135 5400 3277 5471 apud
3328 5416 3423 5457 eos
3480 5398 3648 5455 fuisse
3677 5400 3753 5472 _in

2168 5490 2319 5529 more
2357 5470 2617 5541 positam_
2644 5472 2957 5527 familiarem
3007 5479 3135 5526 tunc
3174 5470 3428 5526 ’omnibus
3476 5470 3757 5541 monachis

2169 5540 2483 5614 perpetuam
2515 5558 2546 5597 a
2594 5543 2863 5614 carnibus,
2890 5542 3309 5614 abstinemiam?
3344 5540 3659 5614 _Consulite,
3710 5540 3755 5614 si

2170 5610 2369 5684 placet,
2400 5628 2678 5683 supremas
2707 5613 2897 5683 capitis
2925 5610 2994 5664 ‘28
3021 5612 3091 5684 de
3118 5611 3322 5669 Divinis
3343 5612 3564 5684 Litteris
3604 5610 3754 5679 pagi-

2172 5682 2292 5748 itas.
2315 5685 2402 5739 ubi
2433 5682 2609 5752 agitur
2632 5684 2698 5738 de
2727 5684 2897 5737 hortis
2921 5683 3171 5750 agrisque
3191 5682 3431 5739 colendis
3457 5700 3471 5748 ;
3518 5696 3749 5737 monen-

2174 5766 2365 5824 turque
2395 5754 2666 5817 monachi,
2688 5752 2962 5808 Emiliani
2992 5761 3047 5806 et
3075 5754 3561 5811 Columelltelibros
3578 5753 3757 5821 legant

2175 5824 2241 5881 de
2271 5824 2559 5883 educandis
2587 5824 2871 5894 columbis,
2902 5831 2956 5881 ct
2982 5824 3231 5883 cicuratis
3241 5825 3536 5899 pecudibus
3566 5841 3578 5878 :
3618 5838 3753 5896 qua,
