  <div class='ocr_page' id='page_1' title='image "/cluster/home/n/w/nwhite01/storage/ocr_20150623/69/hvd.32044015469349/246.png"; bbox 0 0 3992 6474; ppageno 0'>
   <div class='ocr_carea' id='block_1_1' title="bbox 324 379 2209 448">
    <p class='ocr_par' dir='ltr' id='par_1_1' title="bbox 324 379 2209 448">
     <span class='ocr_line' id='line_1_1' title="bbox 324 379 2209 448; baseline 0.003 -11"><span class='ocrx_word' id='word_1_1' title='bbox 324 393 390 448; x_wconf 77' lang='lat'><strong>77</strong></span> <span class='ocrx_word' id='word_1_2' title='bbox 1681 379 2209 443; x_wconf 79' lang='lat' dir='ltr'><strong>PROLEGOMENA.</strong></span> 
     </span>
    </p>
   </div>
   <div class='ocr_carea' id='block_1_2' title="bbox 3453 393 3559 450">
    <p class='ocr_par' dir='ltr' id='par_1_2' title="bbox 3453 393 3559 450">
     <span class='ocr_line' id='line_1_2' title="bbox 3453 393 3559 450; baseline 0.028 -3"><span class='ocrx_word' id='word_1_3' title='bbox 3453 393 3559 450; x_wconf 74' lang='grc'><strong>478</strong></span> 
     </span>
    </p>
   </div>
   <div class='ocr_carea' id='block_1_3' title="bbox 288 495 3562 586">
    <p class='ocr_par' dir='ltr' id='par_1_3' title="bbox 288 495 3562 586">
     <span class='ocr_line' id='line_1_3' title="bbox 288 495 3562 586; baseline 0.001 -27"><span class='ocrx_word' id='word_1_4' title='bbox 288 505 463 576; x_wconf 87' lang='lat' dir='ltr'><strong>inquit</strong></span> <span class='ocrx_word' id='word_1_5' title='bbox 481 502 838 586; x_wconf 70' lang='lat' dir='ltr'><strong>Cassiodorus</strong></span> <span class='ocrx_word' id='word_1_6' title='bbox 861 503 1019 586; x_wconf 36' lang='lat' dir='ltr'><strong>(Lib;</strong></span> <span class='ocrx_word' id='word_1_7' title='bbox 1034 503 1153 559; x_wconf 90' lang='lat' dir='ltr'><strong>Div.</strong></span> <span class='ocrx_word' id='word_1_8' title='bbox 1181 503 1334 586; x_wconf 63' lang='lat' dir='ltr'><strong>Litt.2</strong></span> <span class='ocrx_word' id='word_1_9' title='bbox 1363 520 1482 575; x_wconf 83' lang='lat' dir='ltr'><strong>cap.</strong></span> <span class='ocrx_word' id='word_1_10' title='bbox 1514 503 1629 574; x_wconf 74' lang='lat'><strong>28),</strong></span> <span class='ocrx_word' id='word_1_11' title='bbox 1655 495 1866 586; x_wconf 54' lang='lat' dir='ltr'><strong>ngratis</strong></span> <span class='ocrx_word' id='word_1_12' title='bbox 1897 507 1939 563; x_wconf 83' lang='lat' dir='ltr'><strong>A</strong></span> <span class='ocrx_word' id='word_1_13' title='bbox 1969 521 2104 586; x_wconf 79' lang='lat' dir='ltr'><strong>vere,</strong></span> <span class='ocrx_word' id='word_1_14' title='bbox 2133 515 2182 558; x_wconf 91' lang='lat' dir='ltr'><strong>et</strong></span> <span class='ocrx_word' id='word_1_15' title='bbox 2210 505 2542 586; x_wconf 75' lang='lat' dir='ltr'><strong>mundivitia</strong></span> <span class='ocrx_word' id='word_1_16' title='bbox 2565 521 2901 586; x_wconf 57' lang='lat' dir='ltr'><strong>ponamgre;</strong></span> <span class='ocrx_word' id='word_1_17' title='bbox 2931 508 3089 586; x_wconf 73' lang='lat' dir='ltr'><strong>vitam</strong></span> <span class='ocrx_word' id='word_1_18' title='bbox 3110 513 3415 579; x_wconf 68' lang='lat' dir='ltr'><strong>praesentem</strong></span> <span class='ocrx_word' id='word_1_19' title='bbox 3434 523 3562 586; x_wconf 71' lang='lat' dir='ltr'><strong>cen-</strong></span> 
     </span>
    </p>
   </div>
   <div class='ocr_carea' id='block_1_4' title="bbox 287 575 1866 646">
    <p class='ocr_par' dir='ltr' id='par_1_4' title="bbox 287 575 1866 646">
     <span class='ocr_line' id='line_1_4' title="bbox 287 575 1866 646; baseline -0.003 -16"><span class='ocrx_word' id='word_1_20' title='bbox 287 575 670 646; x_wconf 69' lang='lat' dir='ltr'><strong>praeparantur.</strong></span> <span class='ocrx_word' id='word_1_21' title='bbox 697 575 833 630; x_wconf 83' lang='lat' dir='ltr'><strong>Hinc</strong></span> <span class='ocrx_word' id='word_1_22' title='bbox 861 576 1134 638; x_wconf 80' lang='lat' dir='ltr'><strong>facillime,</strong></span> <span class='ocrx_word' id='word_1_23' title='bbox 1166 583 1226 632; x_wconf 90' lang='lat' dir='ltr'><strong>ut</strong></span> <span class='ocrx_word' id='word_1_24' title='bbox 1248 575 1471 646; x_wconf 83' lang='lat' dir='ltr'><strong>opinor,</strong></span> <span class='ocrx_word' id='word_1_25' title='bbox 1517 575 1866 646; x_wconf 30' lang='lat' dir='ltr'><strong>argueti‘ssa-</strong></span> 
     </span>
    </p>
   </div>
   <div class='ocr_carea' id='block_1_5' title="bbox 288 643 1874 715">
    <p class='ocr_par' dir='ltr' id='par_1_5' title="bbox 288 643 1874 715">
     <span class='ocr_line' id='line_1_5' title="bbox 288 643 1874 715; baseline 0 -17"><span class='ocrx_word' id='word_1_26' title='bbox 288 643 371 715; x_wconf 83' lang='lat' dir='ltr'><strong>nis</strong></span> <span class='ocrx_word' id='word_1_27' title='bbox 396 643 481 701; x_wconf 57' lang='lat' dir='ltr'><strong>&#39;et</strong></span> <span class='ocrx_word' id='word_1_28' title='bbox 506 647 646 702; x_wconf 86' lang='lat' dir='ltr'><strong>bene</strong></span> <span class='ocrx_word' id='word_1_29' title='bbox 696 647 1016 703; x_wconf 75' lang='lat' dir='ltr'><strong>habentibus</strong></span> <span class='ocrx_word' id='word_1_30' title='bbox 1046 662 1146 701; x_wconf 90' lang='lat' dir='ltr'><strong>usu</strong></span> <span class='ocrx_word' id='word_1_31' title='bbox 1185 643 1430 702; x_wconf 82' lang='lat' dir='ltr'><strong>carnium</strong></span> <span class='ocrx_word' id='word_1_32' title='bbox 1458 659 1684 715; x_wconf 81' lang='lat' dir='ltr'><strong>prorsus</strong></span> <span class='ocrx_word' id='word_1_33' title='bbox 1707 643 1874 699; x_wconf 81' lang='lat' dir='ltr'><strong>fuisse</strong></span> 
     </span>
    </p>
   </div>
   <div class='ocr_carea' id='block_1_6' title="bbox 287 714 650 771">
    <p class='ocr_par' dir='ltr' id='par_1_6' title="bbox 287 714 650 771">
     <span class='ocr_line' id='line_1_6' title="bbox 287 714 650 771; baseline 0.003 -1"><span class='ocrx_word' id='word_1_34' title='bbox 287 714 650 771; x_wconf 88' lang='lat' dir='ltr'><strong>interdictum.</strong></span> 
     </span>
    </p>
   </div>
   <div class='ocr_carea' id='block_1_7' title="bbox 355 785 1873 858">
    <p class='ocr_par' dir='ltr' id='par_1_7' title="bbox 355 785 1873 858">
     <span class='ocr_line' id='line_1_7' title="bbox 355 785 1873 858; baseline -0.001 -18"><span class='ocrx_word' id='word_1_35' title='bbox 355 785 582 858; x_wconf 86' lang='lat' dir='ltr'><strong>Insuper</strong></span> <span class='ocrx_word' id='word_1_36' title='bbox 608 802 659 858; x_wconf 14' lang='lat' dir='ltr'><strong>7a</strong></span> <span class='ocrx_word' id='word_1_37' title='bbox 707 787 936 858; x_wconf 86' lang='lat' dir='ltr'><strong>piscium</strong></span> <span class='ocrx_word' id='word_1_38' title='bbox 989 787 1322 842; x_wconf 90' lang='lat' dir='ltr'><strong>comestione</strong></span> <span class='ocrx_word' id='word_1_39' title='bbox 1367 785 1690 858; x_wconf 83' lang='lat' dir='ltr'><strong>abstinuisse</strong></span> <span class='ocrx_word' id='word_1_40' title='bbox 1704 823 1733 858; x_wconf 91' lang='lat'><strong>_,</strong></span> <span class='ocrx_word' id='word_1_41' title='bbox 1787 785 1873 839; x_wconf 91' lang='lat' dir='ltr'><strong>vel</strong></span> 
     </span>
    </p>
   </div>
   <div class='ocr_carea' id='block_1_8' title="bbox 285 856 1873 922">
    <p class='ocr_par' dir='ltr' id='par_1_8' title="bbox 285 856 1873 922">
     <span class='ocr_line' id='line_1_8' title="bbox 285 856 1873 922; baseline 0 -12"><span class='ocrx_word' id='word_1_42' title='bbox 285 864 432 911; x_wconf 87' lang='lat' dir='ltr'><strong>certe</strong></span> <span class='ocrx_word' id='word_1_43' title='bbox 455 857 520 910; x_wconf 90' lang='lat' dir='ltr'><strong>iis</strong></span> <span class='ocrx_word' id='word_1_44' title='bbox 541 856 878 912; x_wconf 54' lang='lat' dir='ltr'><strong>rebus&#39;vesci</strong></span> <span class='ocrx_word' id='word_1_45' title='bbox 909 873 1015 912; x_wconf 93' lang='lat' dir='ltr'><strong>non</strong></span> <span class='ocrx_word' id='word_1_46' title='bbox 1046 858 1119 911; x_wconf 90' lang='lat' dir='ltr'><strong>ita</strong></span> <span class='ocrx_word' id='word_1_47' title='bbox 1151 857 1518 919; x_wconf 86' lang='lat' dir='ltr'><strong>consuevisse,</strong></span> <span class='ocrx_word' id='word_1_48' title='bbox 1551 856 1747 922; x_wconf 87' lang='lat' dir='ltr'><strong>aliquis</strong></span> <span class='ocrx_word' id='word_1_49' title='bbox 1773 871 1873 910; x_wconf 90' lang='lat' dir='ltr'><strong>nec</strong></span> 
     </span>
    </p>
   </div>
   <div class='ocr_carea' id='block_1_9' title="bbox 287 924 1872 996">
    <p class='ocr_par' dir='ltr' id='par_1_9' title="bbox 287 924 1872 996">
     <span class='ocr_line' id='line_1_9' title="bbox 287 924 1872 996; baseline 0.001 -19"><span class='ocrx_word' id='word_1_50' title='bbox 287 926 584 996; x_wconf 77' lang='lat' dir='ltr'><strong>incongrue</strong></span> <span class='ocrx_word' id='word_1_51' title='bbox 625 926 808 982; x_wconf 79' lang='lat' dir='ltr'><strong>forsan</strong></span> <span class='ocrx_word' id='word_1_52' title='bbox 837 942 907 982; x_wconf 75' lang='lat' dir='ltr'><strong>ex</strong></span> <span class='ocrx_word' id='word_1_53' title='bbox 934 927 1170 996; x_wconf 89' lang='lat' dir='ltr'><strong>subjecta</strong></span> <span class='ocrx_word' id='word_1_54' title='bbox 1199 927 1396 981; x_wconf 85' lang='lat' dir='ltr'><strong>ibidem</strong></span> <span class='ocrx_word' id='word_1_55' title='bbox 1438 927 1713 996; x_wconf 73' lang='lat' dir='ltr'><strong>sententia</strong></span> <span class='ocrx_word' id='word_1_56' title='bbox 1758 924 1872 979; x_wconf 85' lang='lat' dir='ltr'><strong>col-</strong></span> 
     </span>
    </p>
   </div>
   <div class='ocr_carea' id='block_1_10' title="bbox 285 994 1868 1067">
    <p class='ocr_par' dir='ltr' id='par_1_10' title="bbox 285 994 1868 1067">
     <span class='ocr_line' id='line_1_10' title="bbox 285 994 1868 1067; baseline 0 -19"><span class='ocrx_word' id='word_1_57' title='bbox 285 995 374 1067; x_wconf 76' lang='lat' dir='ltr'><strong>ligi</strong></span> <span class='ocrx_word' id='word_1_58' title='bbox 426 1011 592 1066; x_wconf 86' lang='lat' dir='ltr'><strong>posse</strong></span> <span class='ocrx_word' id='word_1_59' title='bbox 637 998 932 1067; x_wconf 90' lang='lat' dir='ltr'><strong>putaverit;</strong></span> <span class='ocrx_word' id='word_1_60' title='bbox 978 994 1053 1051; x_wconf 83' lang='lat' dir='ltr'><strong>ait</strong></span> <span class='ocrx_word' id='word_1_61' title='bbox 1083 998 1240 1067; x_wconf 84' lang='lat' dir='ltr'><strong>enim</strong></span> <span class='ocrx_word' id='word_1_62' title='bbox 1287 997 1518 1067; x_wconf 84' lang='lat' dir='ltr'><strong>Senator</strong></span> <span class='ocrx_word' id='word_1_63' title='bbox 1572 994 1868 1067; x_wconf 85' lang='lat' dir='ltr'><strong>(Ibidem):</strong></span> 
     </span>
    </p>
   </div>
   <div class='ocr_carea' id='block_1_11' title="bbox 289 1063 1874 1148">
    <p class='ocr_par' dir='ltr' id='par_1_11' title="bbox 289 1063 1874 1148">
     <span class='ocr_line' id='line_1_11' title="bbox 289 1063 1874 1148; baseline 0.001 -31"><span class='ocrx_word' id='word_1_64' title='bbox 289 1063 454 1148; x_wconf 62' lang='lat' dir='ltr'><strong>Quale</strong></span> <span class='ocrx_word' id='word_1_65' title='bbox 479 1077 560 1120; x_wconf 89' lang='lat' dir='ltr'><strong>est</strong></span> <span class='ocrx_word' id='word_1_66' title='bbox 573 1063 882 1148; x_wconf 66' lang='lat' dir='ltr'><strong>languentes</strong></span> <span class='ocrx_word' id='word_1_67' title='bbox 905 1065 1253 1148; x_wconf 79' lang='lat' dir='ltr'><strong>columbarum</strong></span> <span class='ocrx_word' id='word_1_68' title='bbox 1281 1065 1472 1148; x_wconf 43' lang='lat' dir='ltr'><strong>fetibus.</strong></span> <span class='ocrx_word' id='word_1_69' title='bbox 1493 1063 1720 1146; x_wconf 73' lang='lat' dir='ltr'><strong>enutrirc</strong></span> <span class='ocrx_word' id='word_1_70' title='bbox 1741 1063 1874 1148; x_wconf 31' lang='lat' dir='ltr'><strong>naut</strong></span> 
     </span>
    </p>
   </div>
   <div class='ocr_carea' id='block_1_12' title="bbox 281 1135 1873 1205">
    <p class='ocr_par' dir='ltr' id='par_1_12' title="bbox 281 1135 1873 1205">
     <span class='ocr_line' id='line_1_12' title="bbox 281 1135 1873 1205; baseline 0 -17"><span class='ocrx_word' id='word_1_71' title='bbox 281 1135 506 1205; x_wconf 72' lang='lat' dir='ltr'><strong>piscibus</strong></span> <span class='ocrx_word' id='word_1_72' title='bbox 532 1135 691 1191; x_wconf 60' lang='lat' dir='ltr'><strong>alere}</strong></span> <span class='ocrx_word' id='word_1_73' title='bbox 723 1137 874 1193; x_wconf 84' lang='lat' dir='ltr'><strong>lianc</strong></span> <span class='ocrx_word' id='word_1_74' title='bbox 899 1146 1080 1192; x_wconf 87' lang='lat' dir='ltr'><strong>tamen</strong></span> <span class='ocrx_word' id='word_1_75' title='bbox 1109 1135 1328 1192; x_wconf 86' lang='lat' dir='ltr'><strong>lectoris</strong></span> <span class='ocrx_word' id='word_1_76' title='bbox 1359 1135 1563 1204; x_wconf 90' lang='lat' dir='ltr'><strong>judicio</strong></span> <span class='ocrx_word' id='word_1_77' title='bbox 1608 1135 1873 1205; x_wconf 84' lang='lat' dir='ltr'><strong>permitti-</strong></span> 
     </span>
    </p>
   </div>
   <div class='ocr_carea' id='block_1_13' title="bbox 283 1203 1873 1274">
    <p class='ocr_par' dir='ltr' id='par_1_13' title="bbox 283 1203 1873 1274">
     <span class='ocr_line' id='line_1_13' title="bbox 283 1203 1873 1274; baseline 0.001 -16"><span class='ocrx_word' id='word_1_78' title='bbox 283 1203 401 1258; x_wconf 77' lang='lat' dir='ltr'><strong>inus</strong></span> <span class='ocrx_word' id='word_1_79' title='bbox 424 1205 796 1274; x_wconf 86' lang='lat' dir='ltr'><strong>conjecturam</strong></span> <span class='ocrx_word' id='word_1_80' title='bbox 818 1249 832 1272; x_wconf 94' lang='lat'><strong>,</strong></span> <span class='ocrx_word' id='word_1_81' title='bbox 878 1215 936 1262; x_wconf 91' lang='lat' dir='ltr'><strong>ut</strong></span> <span class='ocrx_word' id='word_1_82' title='bbox 965 1208 1032 1261; x_wconf 89' lang='lat' dir='ltr'><strong>ad</strong></span> <span class='ocrx_word' id='word_1_83' title='bbox 1060 1203 1434 1262; x_wconf 79' lang='lat' dir='ltr'><strong>sollicitudinis</strong></span> <span class='ocrx_word' id='word_1_84' title='bbox 1458 1203 1619 1273; x_wconf 88' lang='lat' dir='ltr'><strong>quam</strong></span> <span class='ocrx_word' id='word_1_85' title='bbox 1649 1203 1873 1260; x_wconf 83' lang='lat' dir='ltr'><strong>inﬁrmis</strong></span> 
     </span>
    </p>
   </div>
   <div class='ocr_carea' id='block_1_14' title="bbox 282 1275 1871 1356">
    <p class='ocr_par' dir='ltr' id='par_1_14' title="bbox 282 1275 1871 1356">
     <span class='ocr_line' id='line_1_14' title="bbox 282 1275 1871 1356; baseline -0.001 -27"><span class='ocrx_word' id='word_1_86' title='bbox 282 1276 565 1356; x_wconf 77' lang='lat' dir='ltr'><strong>monachis</strong></span> <span class='ocrx_word' id='word_1_87' title='bbox 593 1277 800 1356; x_wconf 78' lang='lat' dir='ltr'><strong>solebat</strong></span> <span class='ocrx_word' id='word_1_88' title='bbox 819 1279 983 1332; x_wconf 86' lang='lat' dir='ltr'><strong>abbas</strong></span> <span class='ocrx_word' id='word_1_89' title='bbox 1003 1276 1329 1346; x_wconf 89' lang='lat' dir='ltr'><strong>impendere,</strong></span> <span class='ocrx_word' id='word_1_90' title='bbox 1352 1275 1871 1331; x_wconf 82' lang='lat' dir='ltr'><strong>commendationem</strong></span> 
     </span>
    </p>
   </div>
   <div class='ocr_carea' id='block_1_15' title="bbox 283 1348 1357 1416">
    <p class='ocr_par' dir='ltr' id='par_1_15' title="bbox 283 1348 1357 1416">
     <span class='ocr_line' id='line_1_15' title="bbox 283 1348 1357 1416; baseline 0.002 -17"><span class='ocrx_word' id='word_1_91' title='bbox 283 1348 511 1416; x_wconf 53' lang='lat' dir='ltr'><strong>animus</strong></span> <span class='ocrx_word' id='word_1_92' title='bbox 527 1348 936 1416; x_wconf 79' lang='lat' dir='ltr'><strong>orationemque</strong></span> <span class='ocrx_word' id='word_1_93' title='bbox 957 1356 1357 1402; x_wconf 75' lang='lat' dir='ltr'><strong>convertemus.</strong></span> 
     </span>
    </p>
   </div>
   <div class='ocr_carea' id='block_1_16' title="bbox 354 1413 1866 1488">
    <p class='ocr_par' dir='ltr' id='par_1_16' title="bbox 354 1413 1866 1488">
     <span class='ocr_line' id='line_1_16' title="bbox 354 1413 1866 1488; baseline 0.001 -20"><span class='ocrx_word' id='word_1_94' title='bbox 354 1414 382 1488; x_wconf 84' lang='lat'><strong>§</strong></span> <span class='ocrx_word' id='word_1_95' title='bbox 423 1413 686 1488; x_wconf 72' lang='lat' dir='ltr'><strong>XXXV“.</strong></span> <span class='ocrx_word' id='word_1_96' title='bbox 721 1413 898 1488; x_wconf 84' lang='lat' dir='ltr'><strong>Pietas</strong></span> <span class='ocrx_word' id='word_1_97' title='bbox 927 1417 1223 1471; x_wconf 87' lang='lat' dir='ltr'><strong>Cassiodori</strong></span> <span class='ocrx_word' id='word_1_98' title='bbox 1242 1433 1365 1486; x_wconf 85' lang='lat' dir='ltr'><strong>erga</strong></span> <span class='ocrx_word' id='word_1_99' title='bbox 1395 1415 1866 1488; x_wconf 76' lang='lat' dir='ltr'><strong>fratresinﬁrmos.</strong></span> 
     </span>
    </p>
   </div>
   <div class='ocr_carea' id='block_1_17' title="bbox 281 1482 1864 1556">
    <p class='ocr_par' dir='ltr' id='par_1_17' title="bbox 281 1482 1864 1556">
     <span class='ocr_line' id='line_1_17' title="bbox 281 1482 1864 1556; baseline 0.001 -18"><span class='ocrx_word' id='word_1_100' title='bbox 281 1482 563 1556; x_wconf 63' lang='lat' dir='ltr'><strong>[fratribus</strong></span> <span class='ocrx_word' id='word_1_101' title='bbox 594 1487 675 1541; x_wconf 89' lang='lat' dir='ltr'><strong>his</strong></span> <span class='ocrx_word' id='word_1_102' title='bbox 697 1487 1144 1542; x_wconf 85' lang='lat' dir='ltr'><strong>valetudinarium</strong></span> <span class='ocrx_word' id='word_1_103' title='bbox 1171 1482 1318 1541; x_wconf 57' lang='lat' dir='ltr'><strong>cura?</strong></span> <span class='ocrx_word' id='word_1_104' title='bbox 1362 1482 1482 1540; x_wconf 80' lang='lat' dir='ltr'><strong>esse</strong></span> <span class='ocrx_word' id='word_1_105' title='bbox 1509 1482 1678 1556; x_wconf 84' lang='lat' dir='ltr'><strong>voluit</strong></span> <span class='ocrx_word' id='word_1_106' title='bbox 1723 1485 1864 1556; x_wconf 91' lang='lat' dir='ltr'><strong>(Lib.</strong></span> 
     </span>
    </p>
   </div>
   <div class='ocr_carea' id='block_1_18' title="bbox 281 1549 1872 1627">
    <p class='ocr_par' dir='ltr' id='par_1_18' title="bbox 281 1549 1872 1627">
     <span class='ocr_line' id='line_1_18' title="bbox 281 1549 1872 1627; baseline 0.001 -19"><span class='ocrx_word' id='word_1_107' title='bbox 281 1549 402 1623; x_wconf 80' lang='lat' dir='ltr'><strong>Div.</strong></span> <span class='ocrx_word' id='word_1_108' title='bbox 427 1555 582 1621; x_wconf 82' lang='lat' dir='ltr'><strong>Litt.,</strong></span> <span class='ocrx_word' id='word_1_109' title='bbox 611 1573 726 1626; x_wconf 88' lang='lat' dir='ltr'><strong>cap.</strong></span> <span class='ocrx_word' id='word_1_110' title='bbox 755 1556 866 1625; x_wconf 80' lang='grc'><strong>51),</strong></span> <span class='ocrx_word' id='word_1_111' title='bbox 896 1557 988 1627; x_wconf 89' lang='lat' dir='ltr'><strong>qui</strong></span> <span class='ocrx_word' id='word_1_112' title='bbox 1009 1557 1272 1627; x_wconf 88' lang='lat' dir='ltr'><strong>medicam</strong></span> <span class='ocrx_word' id='word_1_113' title='bbox 1300 1556 1469 1627; x_wconf 89' lang='lat' dir='ltr'><strong>probe</strong></span> <span class='ocrx_word' id='word_1_114' title='bbox 1498 1549 1759 1609; x_wconf 49' lang='lat' dir='ltr'><strong>callereu‘t</strong></span> <span class='ocrx_word' id='word_1_115' title='bbox 1782 1572 1872 1610; x_wconf 87' lang='lat' dir='ltr'><strong>ar-</strong></span> 
     </span>
    </p>
   </div>
   <div class='ocr_carea' id='block_1_19' title="bbox 281 1626 1871 1694">
    <p class='ocr_par' dir='ltr' id='par_1_19' title="bbox 281 1626 1871 1694">
     <span class='ocr_line' id='line_1_19' title="bbox 281 1626 1871 1694; baseline 0.001 -15"><span class='ocrx_word' id='word_1_116' title='bbox 281 1632 409 1694; x_wconf 80' lang='lat' dir='ltr'><strong>tem,</strong></span> <span class='ocrx_word' id='word_1_117' title='bbox 439 1635 695 1694; x_wconf 84' lang='lat' dir='ltr'><strong>tantaque</strong></span> <span class='ocrx_word' id='word_1_118' title='bbox 716 1641 841 1694; x_wconf 88' lang='lat' dir='ltr'><strong>erga</strong></span> <span class='ocrx_word' id='word_1_119' title='bbox 868 1626 1110 1682; x_wconf 82' lang='lat' dir='ltr'><strong>inﬁrmos</strong></span> <span class='ocrx_word' id='word_1_120' title='bbox 1129 1626 1391 1682; x_wconf 86' lang='lat' dir='ltr'><strong>charitate</strong></span> <span class='ocrx_word' id='word_1_121' title='bbox 1415 1635 1785 1688; x_wconf 84' lang='lat' dir='ltr'><strong>moverentur,</strong></span> <span class='ocrx_word' id='word_1_122' title='bbox 1812 1636 1871 1680; x_wconf 89' lang='lat' dir='ltr'><strong>ut</strong></span> 
     </span>
    </p>
   </div>
   <div class='ocr_carea' id='block_1_20' title="bbox 281 1693 1865 1766">
    <p class='ocr_par' dir='ltr' id='par_1_20' title="bbox 281 1693 1865 1766">
     <span class='ocr_line' id='line_1_20' title="bbox 281 1693 1865 1766; baseline 0.001 -19"><span class='ocrx_word' id='word_1_123' title='bbox 281 1693 650 1766; x_wconf 74' lang='lat' dir='ltr'><strong>ipsisnulluin</strong></span> <span class='ocrx_word' id='word_1_124' title='bbox 679 1693 860 1760; x_wconf 86' lang='lat' dir='ltr'><strong>studii,</strong></span> <span class='ocrx_word' id='word_1_125' title='bbox 893 1697 1096 1752; x_wconf 89' lang='lat' dir='ltr'><strong>nullum</strong></span> <span class='ocrx_word' id='word_1_126' title='bbox 1123 1697 1342 1766; x_wconf 89' lang='lat' dir='ltr'><strong>pietatis</strong></span> <span class='ocrx_word' id='word_1_127' title='bbox 1367 1695 1604 1766; x_wconf 83' lang='lat' dir='ltr'><strong>oﬂicium</strong></span> <span class='ocrx_word' id='word_1_128' title='bbox 1632 1695 1865 1751; x_wconf 87' lang='lat' dir='ltr'><strong>deesset.</strong></span> 
     </span>
    </p>
   </div>
   <div class='ocr_carea' id='block_1_21' title="bbox 279 1710 1869 1832">
    <p class='ocr_par' dir='ltr' id='par_1_21' title="bbox 279 1710 1869 1832">
     <span class='ocr_line' id='line_1_21' title="bbox 281 1710 1865 1766; baseline 0.001 -19"><span class='ocrx_word' id='word_1_129' title='bbox 281 1710 296 1747; x_wconf 86' lang='grc' dir='ltr'>ι</span> <span class='ocrx_word' id='word_1_130' title='bbox 337 1711 412 1748; x_wconf 73' lang='lat' dir='ltr'><strong>sns</strong></span> <span class='ocrx_word' id='word_1_131' title='bbox 443 1710 650 1750; x_wconf 83' lang='lat' dir='ltr'><strong>uultum</strong></span> <span class='ocrx_word' id='word_1_132' title='bbox 679 1710 860 1760; x_wconf 85' lang='lat' dir='ltr'><strong>stuun,</strong></span> <span class='ocrx_word' id='word_1_133' title='bbox 893 1710 1096 1752; x_wconf 83' lang='lat' dir='ltr'><strong>nultum</strong></span> <span class='ocrx_word' id='word_1_134' title='bbox 1123 1710 1342 1766; x_wconf 79' lang='lat' dir='ltr'><strong>pietatis</strong></span> <span class='ocrx_word' id='word_1_135' title='bbox 1367 1710 1604 1751; x_wconf 74' lang='lat' dir='ltr'><strong>ornatum</strong></span> <span class='ocrx_word' id='word_1_136' title='bbox 1632 1710 1865 1751; x_wconf 79' lang='lat' dir='ltr'><strong>deesset.</strong></span> 
     </span>
     <span class='ocr_line' id='line_1_22' title="bbox 279 1710 1869 1832; baseline 0.003 -16"><span class='ocrx_word' id='word_1_137' title='bbox 279 1710 543 1824; x_wconf 60' lang='lat' dir='ltr'><strong>(iiunibus</strong></span> <span class='ocrx_word' id='word_1_138' title='bbox 569 1767 942 1832; x_wconf 65' lang='lat' dir='ltr'><strong>aegrotantium</strong></span> <span class='ocrx_word' id='word_1_139' title='bbox 969 1767 1381 1823; x_wconf 83' lang='lat' dir='ltr'><strong>necessitatibus</strong></span> <span class='ocrx_word' id='word_1_140' title='bbox 1400 1767 1479 1820; x_wconf 90' lang='lat' dir='ltr'><strong>sic</strong></span> <span class='ocrx_word' id='word_1_141' title='bbox 1507 1765 1609 1819; x_wconf 91' lang='lat' dir='ltr'><strong>hos</strong></span> <span class='ocrx_word' id='word_1_142' title='bbox 1629 1766 1869 1820; x_wconf 87' lang='lat' dir='ltr'><strong>medicos</strong></span> 
     </span>
    </p>
   </div>
   <div class='ocr_carea' id='block_1_22' title="bbox 278 1834 1865 1900">
    <p class='ocr_par' dir='ltr' id='par_1_22' title="bbox 278 1834 1865 1900">
     <span class='ocr_line' id='line_1_23' title="bbox 278 1834 1865 1900; baseline 0.002 -13"><span class='ocrx_word' id='word_1_143' title='bbox 278 1834 449 1890; x_wconf 83' lang='lat' dir='ltr'><strong>voluit</strong></span> <span class='ocrx_word' id='word_1_144' title='bbox 478 1837 784 1900; x_wconf 88' lang='lat' dir='ltr'><strong>subvenire,</strong></span> <span class='ocrx_word' id='word_1_145' title='bbox 818 1846 878 1891; x_wconf 93' lang='lat' dir='ltr'><strong>ut</strong></span> <span class='ocrx_word' id='word_1_146' title='bbox 915 1837 980 1898; x_wconf 83' lang='lat' dir='ltr'><strong>iis</strong></span> <span class='ocrx_word' id='word_1_147' title='bbox 1019 1853 1128 1892; x_wconf 91' lang='lat' dir='ltr'><strong>non</strong></span> <span class='ocrx_word' id='word_1_148' title='bbox 1158 1837 1330 1892; x_wconf 86' lang='lat' dir='ltr'><strong>facilis</strong></span> <span class='ocrx_word' id='word_1_149' title='bbox 1355 1835 1518 1891; x_wconf 90' lang='lat' dir='ltr'><strong>modo</strong></span> <span class='ocrx_word' id='word_1_150' title='bbox 1541 1835 1865 1890; x_wconf 84' lang='lat' dir='ltr'><strong>tolerabilis-</strong></span> 
     </span>
    </p>
   </div>
   <div class='ocr_carea' id='block_1_23' title="bbox 278 1905 1865 1976">
    <p class='ocr_par' dir='ltr' id='par_1_23' title="bbox 278 1905 1865 1976">
     <span class='ocr_line' id='line_1_24' title="bbox 278 1905 1865 1976; baseline 0.003 -20"><span class='ocrx_word' id='word_1_151' title='bbox 278 1918 404 1976; x_wconf 85' lang='lat' dir='ltr'><strong>que,</strong></span> <span class='ocrx_word' id='word_1_152' title='bbox 436 1906 533 1960; x_wconf 89' lang='lat' dir='ltr'><strong>sed</strong></span> <span class='ocrx_word' id='word_1_153' title='bbox 561 1914 618 1960; x_wconf 88' lang='lat' dir='ltr'><strong>et</strong></span> <span class='ocrx_word' id='word_1_154' title='bbox 645 1906 815 1962; x_wconf 90' lang='lat' dir='ltr'><strong>dulcis</strong></span> <span class='ocrx_word' id='word_1_155' title='bbox 843 1922 908 1964; x_wconf 89' lang='lat' dir='ltr'><strong>ac</strong></span> <span class='ocrx_word' id='word_1_156' title='bbox 921 1906 1191 1976; x_wconf 91' lang='lat' dir='ltr'><strong>jucundus</strong></span> <span class='ocrx_word' id='word_1_157' title='bbox 1211 1907 1432 1961; x_wconf 89' lang='lat' dir='ltr'><strong>morbus</strong></span> <span class='ocrx_word' id='word_1_158' title='bbox 1455 1905 1570 1976; x_wconf 89' lang='lat' dir='ltr'><strong>ipse</strong></span> <span class='ocrx_word' id='word_1_159' title='bbox 1590 1906 1724 1960; x_wconf 90' lang='lat' dir='ltr'><strong>mira</strong></span> <span class='ocrx_word' id='word_1_160' title='bbox 1747 1921 1865 1960; x_wconf 88' lang='lat' dir='ltr'><strong>mo-</strong></span> 
     </span>
    </p>
   </div>
   <div class='ocr_carea' id='block_1_24' title="bbox 279 1975 1864 2045">
    <p class='ocr_par' dir='ltr' id='par_1_24' title="bbox 279 1975 1864 2045">
     <span class='ocr_line' id='line_1_25' title="bbox 279 1975 1864 2045; baseline 0.003 -18"><span class='ocrx_word' id='word_1_161' title='bbox 279 1975 578 2045; x_wconf 79' lang='lat' dir='ltr'><strong>nachorum</strong></span> <span class='ocrx_word' id='word_1_162' title='bbox 607 1976 894 2032; x_wconf 88' lang='lat' dir='ltr'><strong>sedulitate</strong></span> <span class='ocrx_word' id='word_1_163' title='bbox 927 1975 1272 2031; x_wconf 84' lang='lat' dir='ltr'><strong>redderetur.</strong></span> <span class='ocrx_word' id='word_1_164' title='bbox 1300 1975 1566 2044; x_wconf 37' lang='lat' dir='ltr'><strong>Atque’ut</strong></span> <span class='ocrx_word' id='word_1_165' title='bbox 1591 1976 1747 2045; x_wconf 61' lang='lat' dir='ltr'><strong>nigris</strong></span> <span class='ocrx_word' id='word_1_166' title='bbox 1772 1991 1864 2031; x_wconf 83' lang='lat' dir='ltr'><strong>so-</strong></span> 
     </span>
    </p>
   </div>
   <div class='ocr_carea' id='block_1_25' title="bbox 277 2041 1862 2119">
    <p class='ocr_par' dir='ltr' id='par_1_25' title="bbox 277 2041 1862 2119">
     <span class='ocr_line' id='line_1_26' title="bbox 277 2041 1862 2119; baseline 0.003 -23"><span class='ocrx_word' id='word_1_167' title='bbox 277 2041 407 2119; x_wconf 64' lang='lat' dir='ltr'><strong>latia</strong></span> <span class='ocrx_word' id='word_1_168' title='bbox 423 2047 607 2100; x_wconf 88' lang='lat' dir='ltr'><strong>omnia</strong></span> <span class='ocrx_word' id='word_1_169' title='bbox 639 2061 670 2099; x_wconf 94' lang='lat' dir='ltr'><strong>e</strong></span> <span class='ocrx_word' id='word_1_170' title='bbox 699 2047 1031 2119; x_wconf 79' lang='lat' dir='ltr'><strong>monasterio.</strong></span> <span class='ocrx_word' id='word_1_171' title='bbox 1049 2061 1149 2119; x_wconf 80' lang='lat' dir='ltr'><strong>suo</strong></span> <span class='ocrx_word' id='word_1_172' title='bbox 1179 2055 1251 2119; x_wconf 38' lang='lat' dir='ltr'><strong>~et</strong></span> <span class='ocrx_word' id='word_1_173' title='bbox 1273 2041 1862 2119; x_wconf 45' lang='lat' dir='ltr'><strong>non—aliunde&#39;suppe-</strong></span> 
     </span>
    </p>
   </div>
   <div class='ocr_carea' id='block_1_26' title="bbox 275 2112 1864 2180">
    <p class='ocr_par' dir='ltr' id='par_1_26' title="bbox 275 2112 1864 2180">
     <span class='ocr_line' id='line_1_27' title="bbox 275 2112 1864 2180; baseline 0.001 -12"><span class='ocrx_word' id='word_1_174' title='bbox 275 2112 599 2180; x_wconf 85' lang='lat' dir='ltr'><strong>ditareutur,</strong></span> <span class='ocrx_word' id='word_1_175' title='bbox 657 2124 920 2170; x_wconf 88' lang='lat' dir='ltr'><strong>statuerat</strong></span> <span class='ocrx_word' id='word_1_176' title='bbox 965 2131 996 2170; x_wconf 91' lang='lat' dir='ltr'><strong>a</strong></span> <span class='ocrx_word' id='word_1_177' title='bbox 1025 2112 1296 2171; x_wconf 59' lang='lat' dir='ltr'><strong>&#39;fratribus</strong></span> <span class='ocrx_word' id='word_1_178' title='bbox 1349 2116 1683 2170; x_wconf 82' lang='lat' dir='ltr'><strong>inﬁrmorum</strong></span> <span class='ocrx_word' id='word_1_179' title='bbox 1720 2112 1864 2171; x_wconf 75' lang='lat' dir='ltr'><strong>cura:</strong></span> 
     </span>
    </p>
   </div>
   <div class='ocr_carea' id='block_1_27' title="bbox 275 2182 1862 2253">
    <p class='ocr_par' dir='ltr' id='par_1_27' title="bbox 275 2182 1862 2253">
     <span class='ocr_line' id='line_1_28' title="bbox 275 2182 1862 2253; baseline -0.002 -12"><span class='ocrx_word' id='word_1_180' title='bbox 275 2182 556 2253; x_wconf 84' lang='lat' dir='ltr'><strong>deputatis</strong></span> <span class='ocrx_word' id='word_1_181' title='bbox 603 2202 712 2241; x_wconf 92' lang='lat' dir='ltr'><strong>non</strong></span> <span class='ocrx_word' id='word_1_182' title='bbox 757 2187 1148 2253; x_wconf 64' lang='lat' dir='ltr'><strong>praescribenda</strong></span> <span class='ocrx_word' id='word_1_183' title='bbox 1205 2194 1432 2250; x_wconf 91' lang='lat' dir='ltr'><strong>tantum,</strong></span> <span class='ocrx_word' id='word_1_184' title='bbox 1484 2201 1670 2240; x_wconf 91' lang='lat' dir='ltr'><strong>verum</strong></span> <span class='ocrx_word' id='word_1_185' title='bbox 1699 2187 1862 2240; x_wconf 90' lang='lat' dir='ltr'><strong>etiam</strong></span> 
     </span>
    </p>
   </div>
   <div class='ocr_carea' id='block_1_28' title="bbox 274 2255 1862 2325">
    <p class='ocr_par' dir='ltr' id='par_1_28' title="bbox 274 2255 1862 2325">
     <span class='ocr_line' id='line_1_29' title="bbox 274 2255 1862 2325; baseline 0.001 -17"><span class='ocrx_word' id='word_1_186' title='bbox 274 2255 616 2325; x_wconf 79' lang='lat' dir='ltr'><strong>conlicieoda</strong></span> <span class='ocrx_word' id='word_1_187' title='bbox 641 2255 1029 2310; x_wconf 86' lang='lat' dir='ltr'><strong>medicamenta</strong></span> <span class='ocrx_word' id='word_1_188' title='bbox 1049 2273 1064 2320; x_wconf 91' lang='lat'><strong>;</strong></span> <span class='ocrx_word' id='word_1_189' title='bbox 1081 2255 1327 2325; x_wconf 90' lang='lat' dir='ltr'><strong>adeoque</strong></span> <span class='ocrx_word' id='word_1_190' title='bbox 1350 2264 1599 2309; x_wconf 87' lang='lat' dir='ltr'><strong>naturam</strong></span> <span class='ocrx_word' id='word_1_191' title='bbox 1614 2255 1862 2311; x_wconf 89' lang='lat' dir='ltr'><strong>virtutes-</strong></span> 
     </span>
    </p>
   </div>
   <div class='ocr_carea' id='block_1_29' title="bbox 273 2323 1863 2391">
    <p class='ocr_par' dir='ltr' id='par_1_29' title="bbox 273 2323 1863 2391">
     <span class='ocr_line' id='line_1_30' title="bbox 273 2323 1863 2391; baseline 0.002 -15"><span class='ocrx_word' id='word_1_192' title='bbox 273 2335 386 2391; x_wconf 83' lang='lat' dir='ltr'><strong>que</strong></span> <span class='ocrx_word' id='word_1_193' title='bbox 414 2323 703 2378; x_wconf 86' lang='lat' dir='ltr'><strong>herbarum</strong></span> <span class='ocrx_word' id='word_1_194' title='bbox 725 2326 792 2379; x_wconf 90' lang='lat' dir='ltr'><strong>ab</strong></span> <span class='ocrx_word' id='word_1_195' title='bbox 813 2326 892 2380; x_wconf 92' lang='lat' dir='ltr'><strong>eis</strong></span> <span class='ocrx_word' id='word_1_196' title='bbox 919 2323 1294 2380; x_wconf 29' lang='lat' dir='ltr'><strong>addiscenda‘s.</strong></span> <span class='ocrx_word' id='word_1_197' title='bbox 1322 2325 1549 2379; x_wconf 83' lang='lat' dir='ltr'><strong>Vetabat</strong></span> <span class='ocrx_word' id='word_1_198' title='bbox 1579 2333 1757 2380; x_wconf 87' lang='lat' dir='ltr'><strong>tamen</strong></span> <span class='ocrx_word' id='word_1_199' title='bbox 1781 2326 1863 2379; x_wconf 92' lang='lat' dir='ltr'><strong>vir</strong></span> 
     </span>
    </p>
   </div>
   <div class='ocr_carea' id='block_1_30' title="bbox 274 2393 1863 2464">
    <p class='ocr_par' dir='ltr' id='par_1_30' title="bbox 274 2393 1863 2464">
     <span class='ocr_line' id='line_1_31' title="bbox 274 2393 1863 2464; baseline 0.003 -18"><span class='ocrx_word' id='word_1_200' title='bbox 274 2393 570 2462; x_wconf 86' lang='lat' dir='ltr'><strong>piissimus,</strong></span> <span class='ocrx_word' id='word_1_201' title='bbox 600 2410 631 2447; x_wconf 86' lang='lat' dir='ltr'><strong>a</strong></span> <span class='ocrx_word' id='word_1_202' title='bbox 654 2396 881 2450; x_wconf 90' lang='lat' dir='ltr'><strong>terrenis</strong></span> <span class='ocrx_word' id='word_1_203' title='bbox 903 2395 970 2449; x_wconf 90' lang='lat' dir='ltr'><strong>ad</strong></span> <span class='ocrx_word' id='word_1_204' title='bbox 993 2396 1230 2452; x_wconf 64' lang='lat' dir='ltr'><strong>coelestia</strong></span> <span class='ocrx_word' id='word_1_205' title='bbox 1247 2395 1631 2464; x_wconf 89' lang='lat' dir='ltr'><strong>discipulorum</strong></span> <span class='ocrx_word' id='word_1_206' title='bbox 1653 2396 1863 2450; x_wconf 89' lang='lat' dir='ltr'><strong>animos</strong></span> 
     </span>
    </p>
   </div>
   <div class='ocr_carea' id='block_1_31' title="bbox 275 2465 1860 2534">
    <p class='ocr_par' dir='ltr' id='par_1_31' title="bbox 275 2465 1860 2534">
     <span class='ocr_line' id='line_1_32' title="bbox 275 2465 1860 2534; baseline 0.001 -16"><span class='ocrx_word' id='word_1_207' title='bbox 275 2476 496 2534; x_wconf 74' lang='lat' dir='ltr'><strong>semper</strong></span> <span class='ocrx_word' id='word_1_208' title='bbox 523 2466 732 2532; x_wconf 82' lang='lat' dir='ltr'><strong>erigere</strong></span> <span class='ocrx_word' id='word_1_209' title='bbox 778 2465 968 2519; x_wconf 91' lang='lat' dir='ltr'><strong>solitus</strong></span> <span class='ocrx_word' id='word_1_210' title='bbox 999 2483 1011 2518; x_wconf 92' lang='lat'><strong>:</strong></span> <span class='ocrx_word' id='word_1_211' title='bbox 1040 2482 1105 2519; x_wconf 89' lang='lat' dir='ltr'><strong>ne</strong></span> <span class='ocrx_word' id='word_1_212' title='bbox 1137 2473 1403 2534; x_wconf 63' lang='lat' dir='ltr'><strong>ponerent</strong></span> <span class='ocrx_word' id='word_1_213' title='bbox 1420 2466 1475 2518; x_wconf 90' lang='lat' dir='ltr'><strong>in</strong></span> <span class='ocrx_word' id='word_1_214' title='bbox 1497 2465 1665 2518; x_wconf 88' lang='lat' dir='ltr'><strong>herbis</strong></span> <span class='ocrx_word' id='word_1_215' title='bbox 1697 2482 1860 2534; x_wconf 94' lang='lat' dir='ltr'><strong>spem,</strong></span> 
     </span>
    </p>
   </div>
   <div class='ocr_carea' id='block_1_32' title="bbox 276 2533 1860 2606">
    <p class='ocr_par' dir='ltr' id='par_1_32' title="bbox 276 2533 1860 2606">
     <span class='ocr_line' id='line_1_33' title="bbox 276 2533 1860 2606; baseline 0.003 -21"><span class='ocrx_word' id='word_1_216' title='bbox 276 2533 447 2606; x_wconf 64' lang='lat' dir='ltr'><strong>autin</strong></span> <span class='ocrx_word' id='word_1_217' title='bbox 479 2533 717 2606; x_wconf 81' lang='lat' dir='ltr'><strong>humanis</strong></span> <span class='ocrx_word' id='word_1_218' title='bbox 738 2536 968 2606; x_wconf 72' lang='lat' dir='ltr'><strong>consiliis</strong></span> <span class='ocrx_word' id='word_1_219' title='bbox 996 2533 1319 2606; x_wconf 82' lang='lat' dir='ltr'><strong>sospitatem.</strong></span> <span class='ocrx_word' id='word_1_220' title='bbox 1350 2533 1493 2588; x_wconf 88' lang='lat' dir='ltr'><strong>Nam</strong></span> <span class='ocrx_word' id='word_1_221' title='bbox 1513 2533 1745 2606; x_wconf 85' lang='lat' dir='ltr'><strong>quamvis</strong></span> <span class='ocrx_word' id='word_1_222' title='bbox 1756 2552 1860 2590; x_wconf 88' lang='lat' dir='ltr'><strong>me-</strong></span> 
     </span>
    </p>
   </div>
   <div class='ocr_carea' id='block_1_33' title="bbox 276 2600 1862 2674">
    <p class='ocr_par' dir='ltr' id='par_1_33' title="bbox 276 2600 1862 2674">
     <span class='ocr_line' id='line_1_34' title="bbox 276 2600 1862 2674; baseline 0.002 -19"><span class='ocrx_word' id='word_1_223' title='bbox 276 2600 453 2674; x_wconf 81' lang='lat' dir='ltr'><strong>dscina</strong></span> <span class='ocrx_word' id='word_1_224' title='bbox 481 2605 680 2674; x_wconf 87' lang='lat' dir='ltr'><strong>legatur</strong></span> <span class='ocrx_word' id='word_1_225' title='bbox 702 2622 734 2658; x_wconf 92' lang='lat' dir='ltr'><strong>a</strong></span> <span class='ocrx_word' id='word_1_226' title='bbox 761 2603 984 2659; x_wconf 87' lang='lat' dir='ltr'><strong>Domino</strong></span> <span class='ocrx_word' id='word_1_227' title='bbox 1011 2600 1310 2665; x_wconf 77' lang='lat' dir='ltr'><strong>constituta,</strong></span> <span class='ocrx_word' id='word_1_228' title='bbox 1359 2607 1470 2674; x_wconf 81' lang='lat' dir='ltr'><strong>ipse</strong></span> <span class='ocrx_word' id='word_1_229' title='bbox 1507 2600 1676 2658; x_wconf 77' lang='lat' dir='ltr'><strong>tamen</strong></span> <span class='ocrx_word' id='word_1_230' title='bbox 1705 2622 1862 2659; x_wconf 88' lang='lat' dir='ltr'><strong>sanos</strong></span> 
     </span>
    </p>
   </div>
   <div class='ocr_carea' id='block_1_34' title="bbox 276 2673 1860 2744">
    <p class='ocr_par' dir='ltr' id='par_1_34' title="bbox 276 2673 1860 2744">
     <span class='ocr_line' id='line_1_35' title="bbox 276 2673 1860 2744; baseline 0.001 -19"><span class='ocrx_word' id='word_1_231' title='bbox 276 2673 455 2744; x_wconf 65' lang='lat' dir='ltr'><strong>efﬁcit,</strong></span> <span class='ocrx_word' id='word_1_232' title='bbox 479 2673 756 2744; x_wconf 73' lang='lat' dir='ltr'><strong>quiritans</strong></span> <span class='ocrx_word' id='word_1_233' title='bbox 800 2678 912 2729; x_wconf 82' lang='lat' dir='ltr'><strong>sine</strong></span> <span class='ocrx_word' id='word_1_234' title='bbox 940 2677 1046 2744; x_wconf 81' lang='lat' dir='ltr'><strong>[ine</strong></span> <span class='ocrx_word' id='word_1_235' title='bbox 1065 2676 1303 2729; x_wconf 88' lang='lat' dir='ltr'><strong>concedit</strong></span> <span class='ocrx_word' id='word_1_236' title='bbox 1334 2673 1680 2744; x_wconf 86' lang='lat' dir='ltr'><strong>(Lib.Divin.</strong></span> <span class='ocrx_word' id='word_1_237' title='bbox 1707 2674 1860 2744; x_wconf 47' lang='lat' dir='ltr'><strong>Litt”</strong></span> 
     </span>
    </p>
   </div>
   <div class='ocr_carea' id='block_1_35' title="bbox 276 2742 1860 2814">
    <p class='ocr_par' dir='ltr' id='par_1_35' title="bbox 276 2742 1860 2814">
     <span class='ocr_line' id='line_1_36' title="bbox 276 2742 1860 2814; baseline 0.001 -20"><span class='ocrx_word' id='word_1_238' title='bbox 276 2742 394 2811; x_wconf 81' lang='lat' dir='ltr'><strong>cap.</strong></span> <span class='ocrx_word' id='word_1_239' title='bbox 427 2742 540 2814; x_wconf 76' lang='lat' dir='ltr'><strong>5i).</strong></span> <span class='ocrx_word' id='word_1_240' title='bbox 568 2743 834 2798; x_wconf 89' lang='lat' dir='ltr'><strong>Fovendis</strong></span> <span class='ocrx_word' id='word_1_241' title='bbox 855 2742 1070 2813; x_wconf 83' lang='lat' dir='ltr'><strong>quoque</strong></span> <span class='ocrx_word' id='word_1_242' title='bbox 1089 2745 1247 2812; x_wconf 71' lang='lat' dir='ltr'><strong>mgris</strong></span> <span class='ocrx_word' id='word_1_243' title='bbox 1280 2743 1602 2812; x_wconf 89' lang='lat' dir='ltr'><strong>corporibus</strong></span> <span class='ocrx_word' id='word_1_244' title='bbox 1623 2742 1860 2798; x_wconf 76' lang='lat' dir='ltr'><strong>exzediii-</strong></span> 
     </span>
    </p>
   </div>
   <div class='ocr_carea' id='block_1_36' title="bbox 275 2813 1862 2886">
    <p class='ocr_par' dir='ltr' id='par_1_36' title="bbox 275 2813 1862 2886">
     <span class='ocr_line' id='line_1_37' title="bbox 275 2813 1862 2886; baseline 0.002 -21"><span class='ocrx_word' id='word_1_245' title='bbox 275 2813 505 2886; x_wconf 75' lang='lat' dir='ltr'><strong>caverat</strong></span> <span class='ocrx_word' id='word_1_246' title='bbox 521 2814 712 2868; x_wconf 89' lang='lat' dir='ltr'><strong>balnea</strong></span> <span class='ocrx_word' id='word_1_247' title='bbox 740 2833 750 2868; x_wconf 95' lang='lat'><strong>:</strong></span> <span class='ocrx_word' id='word_1_248' title='bbox 775 2815 862 2868; x_wconf 92' lang='lat' dir='ltr'><strong>ubi</strong></span> <span class='ocrx_word' id='word_1_249' title='bbox 890 2817 1108 2886; x_wconf 77' lang='lat' dir='ltr'><strong>fontium</strong></span> <span class='ocrx_word' id='word_1_250' title='bbox 1133 2813 1473 2885; x_wconf 76' lang='lat' dir='ltr'><strong>perspicuitas</strong></span> <span class='ocrx_word' id='word_1_251' title='bbox 1487 2815 1721 2886; x_wconf 73' lang='lat' dir='ltr'><strong>decenter</strong></span> <span class='ocrx_word' id='word_1_252' title='bbox 1742 2814 1862 2886; x_wconf 83' lang='lat' dir='ltr'><strong>illa-</strong></span> 
     </span>
    </p>
   </div>
   <div class='ocr_carea' id='block_1_37' title="bbox 275 2878 1860 2956">
    <p class='ocr_par' dir='ltr' id='par_1_37' title="bbox 275 2878 1860 2956">
     <span class='ocr_line' id='line_1_38' title="bbox 275 2878 1860 2956; baseline -0.002 -15"><span class='ocrx_word' id='word_1_253' title='bbox 275 2878 720 2956; x_wconf 24' lang='lat' dir='ltr'><strong>bebaturtquw‘et</strong></span> <span class='ocrx_word' id='word_1_254' title='bbox 748 2878 900 2956; x_wconf 77' lang='lat' dir='ltr'><strong>potui</strong></span> <span class='ocrx_word' id='word_1_255' title='bbox 939 2878 1261 2956; x_wconf 57' lang='lat' dir='ltr'><strong>gratissima</strong></span> <span class='ocrx_word' id='word_1_256' title='bbox 1282 2882 1685 2955; x_wconf 87' lang='lat' dir='ltr'><strong>cognoscebatur</strong></span> <span class='ocrx_word' id='word_1_257' title='bbox 1701 2893 1750 2938; x_wconf 88' lang='lat' dir='ltr'><strong>et</strong></span> <span class='ocrx_word' id='word_1_258' title='bbox 1777 2884 1860 2938; x_wconf 90' lang='lat' dir='ltr'><strong>la-</strong></span> 
     </span>
    </p>
   </div>
   <div class='ocr_carea' id='block_1_38' title="bbox 274 2952 1224 3024">
    <p class='ocr_par' dir='ltr' id='par_1_38' title="bbox 274 2952 1224 3024">
     <span class='ocr_line' id='line_1_39' title="bbox 274 2952 1224 3024; baseline 0.003 -19"><span class='ocrx_word' id='word_1_259' title='bbox 274 2952 765 3024; x_wconf 26' lang='lat' dir='ltr'><strong>vacristianiv;</strong></span> <span class='ocrx_word' id='word_1_260' title='bbox 786 2952 956 3023; x_wconf 49' lang='lat' dir='ltr'><strong>Litt.,&#39;</strong></span> <span class='ocrx_word' id='word_1_261' title='bbox 968 2971 1084 3024; x_wconf 86' lang='lat' dir='ltr'><strong>cap.</strong></span> <span class='ocrx_word' id='word_1_262' title='bbox 1113 2952 1224 3023; x_wconf 76' lang='grc'><strong>29).</strong></span> 
     </span>
    </p>
   </div>
   <div class='ocr_carea' id='block_1_39' title="bbox 349 3022 1864 3094">
    <p class='ocr_par' dir='ltr' id='par_1_39' title="bbox 349 3022 1864 3094">
     <span class='ocr_line' id='line_1_40' title="bbox 349 3022 1864 3094; baseline 0 -18"><span class='ocrx_word' id='word_1_263' title='bbox 349 3023 377 3094; x_wconf 77' lang='lat'><strong>§</strong></span> <span class='ocrx_word' id='word_1_264' title='bbox 419 3022 704 3078; x_wconf 71' lang='lat' dir='ltr'><strong>XXXVIII.</strong></span> <span class='ocrx_word' id='word_1_265' title='bbox 735 3022 1240 3079; x_wconf 31' lang='lat' dir='ltr'><strong>Pietas&#39;Cassiodori</strong></span> <span class='ocrx_word' id='word_1_266' title='bbox 1255 3041 1378 3094; x_wconf 83' lang='lat' dir='ltr'><strong>erga</strong></span> <span class='ocrx_word' id='word_1_267' title='bbox 1402 3023 1629 3094; x_wconf 79' lang='lat' dir='ltr'><strong>hospites</strong></span> <span class='ocrx_word' id='word_1_268' title='bbox 1651 3031 1701 3076; x_wconf 89' lang='lat' dir='ltr'><strong>et</strong></span> <span class='ocrx_word' id='word_1_269' title='bbox 1719 3039 1864 3094; x_wconf 84' lang='lat' dir='ltr'><strong>pere-</strong></span> 
     </span>
    </p>
   </div>
   <div class='ocr_carea' id='block_1_40' title="bbox 275 3093 1862 3163">
    <p class='ocr_par' dir='ltr' id='par_1_40' title="bbox 275 3093 1862 3163">
     <span class='ocr_line' id='line_1_41' title="bbox 275 3093 1862 3163; baseline 0.003 -20"><span class='ocrx_word' id='word_1_270' title='bbox 275 3093 474 3163; x_wconf 71' lang='lat' dir='ltr'><strong>grinos.</strong></span> <span class='ocrx_word' id='word_1_271' title='bbox 489 3094 729 3159; x_wconf 86' lang='lat' dir='ltr'><strong>Qualiter</strong></span> <span class='ocrx_word' id='word_1_272' title='bbox 753 3105 933 3148; x_wconf 89' lang='lat' dir='ltr'><strong>autem</strong></span> <span class='ocrx_word' id='word_1_273' title='bbox 960 3094 1178 3163; x_wconf 82' lang='lat' dir='ltr'><strong>pietatis</strong></span> <span class='ocrx_word' id='word_1_274' title='bbox 1217 3102 1272 3147; x_wconf 90' lang='lat' dir='ltr'><strong>et</strong></span> <span class='ocrx_word' id='word_1_275' title='bbox 1301 3093 1649 3148; x_wconf 87' lang='lat' dir='ltr'><strong>humanitatis</strong></span> <span class='ocrx_word' id='word_1_276' title='bbox 1671 3093 1862 3147; x_wconf 85' lang='lat' dir='ltr'><strong>oﬂiciis</strong></span> 
     </span>
    </p>
   </div>
   <div class='ocr_carea' id='block_1_41' title="bbox 274 3151 1860 3234">
    <p class='ocr_par' dir='ltr' id='par_1_41' title="bbox 274 3151 1860 3234">
     <span class='ocr_line' id='line_1_42' title="bbox 274 3151 1860 3234; baseline 0.003 -20"><span class='ocrx_word' id='word_1_277' title='bbox 274 3151 535 3230; x_wconf 64' lang='lat' dir='ltr'><strong>hospites~</strong></span> <span class='ocrx_word' id='word_1_278' title='bbox 544 3172 599 3234; x_wconf 82' lang='lat' dir='ltr'><strong>et</strong></span> <span class='ocrx_word' id='word_1_279' title='bbox 628 3164 940 3232; x_wconf 86' lang='lat' dir='ltr'><strong>peregrinos</strong></span> <span class='ocrx_word' id='word_1_280' title='bbox 963 3151 1238 3234; x_wconf 72' lang='lat' dir='ltr'><strong>exciperet</strong></span> <span class='ocrx_word' id='word_1_281' title='bbox 1265 3163 1352 3218; x_wconf 87' lang='lat' dir='ltr'><strong>vel</strong></span> <span class='ocrx_word' id='word_1_282' title='bbox 1381 3164 1436 3218; x_wconf 89' lang='lat' dir='ltr'><strong>id</strong></span> <span class='ocrx_word' id='word_1_283' title='bbox 1465 3179 1630 3217; x_wconf 90' lang='lat' dir='ltr'><strong>unum</strong></span> <span class='ocrx_word' id='word_1_284' title='bbox 1662 3163 1860 3234; x_wconf 82' lang='lat' dir='ltr'><strong>indicio</strong></span> 
     </span>
    </p>
   </div>
   <div class='ocr_carea' id='block_1_42' title="bbox 273 3231 1859 3303">
    <p class='ocr_par' dir='ltr' id='par_1_42' title="bbox 273 3231 1859 3303">
     <span class='ocr_line' id='line_1_43' title="bbox 273 3231 1859 3303; baseline 0.003 -21"><span class='ocrx_word' id='word_1_285' title='bbox 273 3238 396 3303; x_wconf 68' lang='lat' dir='ltr'><strong>est,</strong></span> <span class='ocrx_word' id='word_1_286' title='bbox 427 3232 570 3303; x_wconf 79' lang='lat' dir='ltr'><strong>quod</strong></span> <span class='ocrx_word' id='word_1_287' title='bbox 599 3248 694 3288; x_wconf 91' lang='lat' dir='ltr'><strong>eos</strong></span> <span class='ocrx_word' id='word_1_288' title='bbox 718 3242 840 3286; x_wconf 85' lang='lat' dir='ltr'><strong>ante</strong></span> <span class='ocrx_word' id='word_1_289' title='bbox 874 3234 1048 3303; x_wconf 82' lang='lat' dir='ltr'><strong>omnia</strong></span> <span class='ocrx_word' id='word_1_290' title='bbox 1090 3231 1285 3303; x_wconf 77' lang='lat' dir='ltr'><strong>suscipi</strong></span> <span class='ocrx_word' id='word_1_291' title='bbox 1331 3234 1698 3303; x_wconf 63' lang='lat' dir='ltr'><strong>praecepisset</strong></span> <span class='ocrx_word' id='word_1_292' title='bbox 1718 3231 1859 3302; x_wconf 87' lang='lat' dir='ltr'><strong>(Lib.</strong></span> 
     </span>
    </p>
   </div>
   <div class='ocr_carea' id='block_1_43' title="bbox 272 3298 1858 3384">
    <p class='ocr_par' dir='ltr' id='par_1_43' title="bbox 272 3298 1858 3384">
     <span class='ocr_line' id='line_1_44' title="bbox 272 3298 1858 3384; baseline 0.003 -31"><span class='ocrx_word' id='word_1_293' title='bbox 272 3298 474 3384; x_wconf 41' lang='lat' dir='ltr'><strong>Divinlﬂ</strong></span> <span class='ocrx_word' id='word_1_294' title='bbox 487 3301 637 3384; x_wconf 83' lang='lat' dir='ltr'><strong>Litt.,</strong></span> <span class='ocrx_word' id='word_1_295' title='bbox 668 3319 783 3384; x_wconf 78' lang='lat' dir='ltr'><strong>cap.</strong></span> <span class='ocrx_word' id='word_1_296' title='bbox 816 3303 927 3384; x_wconf 77' lang='lat' dir='ltr'><strong>5i).</strong></span> <span class='ocrx_word' id='word_1_297' title='bbox 958 3302 1178 3384; x_wconf 67' lang='lat' dir='ltr'><strong>Quibus</strong></span> <span class='ocrx_word' id='word_1_298' title='bbox 1199 3298 1561 3384; x_wconf 57' lang='lat' dir='ltr'><strong>sanandoruin</strong></span> <span class='ocrx_word' id='word_1_299' title='bbox 1614 3298 1858 3384; x_wconf 73' lang='lat' dir='ltr'><strong>inﬁrmo-</strong></span> 
     </span>
    </p>
   </div>
   <div class='ocr_carea' id='block_1_44' title="bbox 272 3370 1862 3444">
    <p class='ocr_par' dir='ltr' id='par_1_44' title="bbox 272 3370 1862 3444">
     <span class='ocr_line' id='line_1_45' title="bbox 272 3370 1862 3444; baseline 0.002 -22"><span class='ocrx_word' id='word_1_300' title='bbox 272 3385 396 3444; x_wconf 66' lang='lat' dir='ltr'><strong>rum</strong></span> <span class='ocrx_word' id='word_1_301' title='bbox 447 3370 693 3444; x_wconf 74' lang='lat' dir='ltr'><strong>fratrum,</strong></span> <span class='ocrx_word' id='word_1_302' title='bbox 726 3370 791 3427; x_wconf 88' lang='lat' dir='ltr'><strong>iis</strong></span> <span class='ocrx_word' id='word_1_303' title='bbox 819 3370 982 3444; x_wconf 86' lang='lat' dir='ltr'><strong>etiam</strong></span> <span class='ocrx_word' id='word_1_304' title='bbox 1005 3373 1280 3444; x_wconf 85' lang='lat' dir='ltr'><strong>hospitum</strong></span> <span class='ocrx_word' id='word_1_305' title='bbox 1297 3388 1482 3428; x_wconf 90' lang='lat' dir='ltr'><strong>curam</strong></span> <span class='ocrx_word' id='word_1_306' title='bbox 1500 3373 1621 3428; x_wconf 89' lang='lat' dir='ltr'><strong>ideo</strong></span> <span class='ocrx_word' id='word_1_307' title='bbox 1645 3374 1862 3444; x_wconf 85' lang='lat' dir='ltr'><strong>deman-</strong></span> 
     </span>
    </p>
   </div>
   <div class='ocr_carea' id='block_1_45' title="bbox 274 3439 1861 3514">
    <p class='ocr_par' dir='ltr' id='par_1_45' title="bbox 274 3439 1861 3514">
     <span class='ocr_line' id='line_1_46' title="bbox 274 3439 1861 3514; baseline 0.003 -21"><span class='ocrx_word' id='word_1_308' title='bbox 274 3439 643 3514; x_wconf 46' lang='lat' dir='ltr'><strong>daratllbid&quot;</strong></span> <span class='ocrx_word' id='word_1_309' title='bbox 676 3439 792 3512; x_wconf 87' lang='lat' dir='ltr'><strong>cap.</strong></span> <span class='ocrx_word' id='word_1_310' title='bbox 823 3443 944 3511; x_wconf 74' lang='grc'><strong>52),</strong></span> <span class='ocrx_word' id='word_1_311' title='bbox 974 3452 1033 3497; x_wconf 92' lang='lat' dir='ltr'><strong>ut</strong></span> <span class='ocrx_word' id='word_1_312' title='bbox 1059 3439 1218 3514; x_wconf 52' lang='lat' dir='ltr'><strong>si&#39;qui</strong></span> <span class='ocrx_word' id='word_1_313' title='bbox 1259 3443 1399 3514; x_wconf 76' lang='lat' dir='ltr'><strong>forte</strong></span> <span class='ocrx_word' id='word_1_314' title='bbox 1428 3458 1538 3512; x_wconf 84' lang='lat' dir='ltr'><strong>prae</strong></span> <span class='ocrx_word' id='word_1_315' title='bbox 1566 3443 1861 3514; x_wconf 82' lang='lat' dir='ltr'><strong>asperitate</strong></span> 
     </span>
    </p>
   </div>
   <div class='ocr_carea' id='block_1_46' title="bbox 275 3509 1860 3582">
    <p class='ocr_par' dir='ltr' id='par_1_46' title="bbox 275 3509 1860 3582">
     <span class='ocr_line' id='line_1_47' title="bbox 275 3509 1860 3582; baseline 0.004 -20"><span class='ocrx_word' id='word_1_316' title='bbox 275 3509 506 3582; x_wconf 89' lang='lat' dir='ltr'><strong>itineris,</strong></span> <span class='ocrx_word' id='word_1_317' title='bbox 530 3522 624 3567; x_wconf 89' lang='lat' dir='ltr'><strong>aut</strong></span> <span class='ocrx_word' id='word_1_318' title='bbox 663 3509 852 3582; x_wconf 84' lang='lat' dir='ltr'><strong>quavis</strong></span> <span class='ocrx_word' id='word_1_319' title='bbox 888 3509 1205 3582; x_wconf 59' lang='lat' dir='ltr'><strong>aegritudine</strong></span> <span class='ocrx_word' id='word_1_320' title='bbox 1255 3509 1576 3578; x_wconf 74' lang='lat' dir='ltr'><strong>deﬁcerent,</strong></span> <span class='ocrx_word' id='word_1_321' title='bbox 1606 3509 1860 3569; x_wconf 82' lang='lat' dir='ltr'><strong>remediis</strong></span> 
     </span>
    </p>
   </div>
   <div class='ocr_carea' id='block_1_47' title="bbox 275 3581 1859 3648">
    <p class='ocr_par' dir='ltr' id='par_1_47' title="bbox 275 3581 1859 3648">
     <span class='ocr_line' id='line_1_48' title="bbox 275 3581 1859 3648; baseline 0.003 -16"><span class='ocrx_word' id='word_1_322' title='bbox 275 3581 458 3648; x_wconf 84' lang='lat' dir='ltr'><strong>statim</strong></span> <span class='ocrx_word' id='word_1_323' title='bbox 490 3581 863 3638; x_wconf 87' lang='lat' dir='ltr'><strong>recrearentur</strong></span> <span class='ocrx_word' id='word_1_324' title='bbox 888 3581 1218 3639; x_wconf 89' lang='lat' dir='ltr'><strong>certissimis.</strong></span> <span class='ocrx_word' id='word_1_325' title='bbox 1253 3582 1382 3648; x_wconf 71' lang='lat' dir='ltr'><strong>Quie</strong></span> <span class='ocrx_word' id='word_1_326' title='bbox 1412 3591 1471 3637; x_wconf 91' lang='lat' dir='ltr'><strong>ut</strong></span> <span class='ocrx_word' id='word_1_327' title='bbox 1497 3583 1747 3638; x_wconf 85' lang='lat' dir='ltr'><strong>alacriori</strong></span> <span class='ocrx_word' id='word_1_328' title='bbox 1776 3582 1859 3637; x_wconf 81' lang='lat' dir='ltr'><strong>oi—</strong></span> 
     </span>
    </p>
   </div>
   <div class='ocr_carea' id='block_1_48' title="bbox 273 3645 1859 3725">
    <p class='ocr_par' dir='ltr' id='par_1_48' title="bbox 273 3645 1859 3725">
     <span class='ocr_line' id='line_1_49' title="bbox 273 3645 1859 3725; baseline 0.003 -22"><span class='ocrx_word' id='word_1_329' title='bbox 273 3645 475 3725; x_wconf 73' lang='lat' dir='ltr'><strong>ferrent</strong></span> <span class='ocrx_word' id='word_1_330' title='bbox 498 3655 696 3725; x_wconf 88' lang='lat' dir='ltr'><strong>animo,</strong></span> <span class='ocrx_word' id='word_1_331' title='bbox 725 3671 816 3725; x_wconf 77' lang='lat' dir='ltr'><strong>ea,</strong></span> <span class='ocrx_word' id='word_1_332' title='bbox 860 3654 982 3725; x_wconf 77' lang='lat' dir='ltr'><strong>dum</strong></span> <span class='ocrx_word' id='word_1_333' title='bbox 1011 3645 1296 3725; x_wconf 70' lang='lat' dir='ltr'><strong>peregrinis</strong></span> <span class='ocrx_word' id='word_1_334' title='bbox 1323 3662 1716 3724; x_wconf 66' lang='lat' dir='ltr'><strong>prmparantur,</strong></span> <span class='ocrx_word' id='word_1_335' title='bbox 1741 3654 1859 3724; x_wconf 81' lang='lat' dir='ltr'><strong>ﬁeri</strong></span> 
     </span>
    </p>
   </div>
   <div class='ocr_carea' id='block_1_49' title="bbox 275 3722 1310 3794">
    <p class='ocr_par' dir='ltr' id='par_1_49' title="bbox 275 3722 1310 3794">
     <span class='ocr_line' id='line_1_50' title="bbox 275 3722 1310 3794; baseline 0.003 -20"><span class='ocrx_word' id='word_1_336' title='bbox 275 3722 802 3794; x_wconf 61' lang='lat' dir='ltr'><strong>ctelestiadictitabat</strong></span> <span class='ocrx_word' id='word_1_337' title='bbox 833 3722 1020 3793; x_wconf 66' lang='lat' dir='ltr'><strong>(Ibid,</strong></span> <span class='ocrx_word' id='word_1_338' title='bbox 1051 3722 1167 3790; x_wconf 79' lang='lat' dir='ltr'><strong>cap.</strong></span> <span class='ocrx_word' id='word_1_339' title='bbox 1195 3722 1310 3794; x_wconf 69' lang='grc'><strong>28).</strong></span> 
     </span>
    </p>
   </div>
   <div class='ocr_carea' id='block_1_50' title="bbox 345 3789 1858 3864">
    <p class='ocr_par' dir='ltr' id='par_1_50' title="bbox 345 3789 1858 3864">
     <span class='ocr_line' id='line_1_51' title="bbox 345 3789 1858 3864; baseline 0.001 -19"><span class='ocrx_word' id='word_1_340' title='bbox 345 3792 374 3864; x_wconf 84' lang='lat'><strong>§</strong></span> <span class='ocrx_word' id='word_1_341' title='bbox 417 3789 656 3846; x_wconf 81' lang='lat' dir='ltr'><strong>XXXIX.</strong></span> <span class='ocrx_word' id='word_1_342' title='bbox 695 3789 850 3847; x_wconf 78' lang='lat' dir='ltr'><strong>lubet</strong></span> <span class='ocrx_word' id='word_1_343' title='bbox 877 3811 996 3848; x_wconf 87' lang='lat' dir='ltr'><strong>suos</strong></span> <span class='ocrx_word' id='word_1_344' title='bbox 1025 3789 1446 3863; x_wconf 73' lang='lat' dir='ltr'><strong>contemplationi</strong></span> <span class='ocrx_word' id='word_1_345' title='bbox 1469 3803 1519 3847; x_wconf 90' lang='lat' dir='ltr'><strong>et</strong></span> <span class='ocrx_word' id='word_1_346' title='bbox 1545 3793 1646 3864; x_wconf 88' lang='lat' dir='ltr'><strong>piis</strong></span> <span class='ocrx_word' id='word_1_347' title='bbox 1677 3792 1858 3847; x_wconf 89' lang='lat' dir='ltr'><strong>lectio-</strong></span> 
     </span>
    </p>
   </div>
   <div class='ocr_carea' id='block_1_51' title="bbox 273 3860 1858 3932">
    <p class='ocr_par' dir='ltr' id='par_1_51' title="bbox 273 3860 1858 3932">
     <span class='ocr_line' id='line_1_52' title="bbox 273 3860 1858 3932; baseline 0.002 -17"><span class='ocrx_word' id='word_1_348' title='bbox 273 3860 420 3932; x_wconf 65' lang='lat' dir='ltr'><strong>nib&#39;us</strong></span> <span class='ocrx_word' id='word_1_349' title='bbox 461 3880 666 3917; x_wconf 86' lang='lat' dir='ltr'><strong>vacare.</strong></span> <span class='ocrx_word' id='word_1_350' title='bbox 722 3864 978 3930; x_wconf 82' lang='lat' dir='ltr'><strong>Quamvis</strong></span> <span class='ocrx_word' id='word_1_351' title='bbox 1025 3860 1363 3919; x_wconf 78' lang='lat' dir='ltr'><strong>sanctissima</strong></span> <span class='ocrx_word' id='word_1_352' title='bbox 1415 3860 1615 3929; x_wconf 85' lang='lat' dir='ltr'><strong>essent,</strong></span> <span class='ocrx_word' id='word_1_353' title='bbox 1665 3864 1858 3932; x_wconf 89' lang='lat' dir='ltr'><strong>quibus</strong></span> 
     </span>
    </p>
   </div>
   <div class='ocr_carea' id='block_1_52' title="bbox 271 3931 1858 4002">
    <p class='ocr_par' dir='ltr' id='par_1_52' title="bbox 271 3931 1858 4002">
     <span class='ocr_line' id='line_1_53' title="bbox 271 3931 1858 4002; baseline 0 -14"><span class='ocrx_word' id='word_1_354' title='bbox 271 3931 371 3988; x_wconf 82' lang='lat' dir='ltr'><strong>sub</strong></span> <span class='ocrx_word' id='word_1_355' title='bbox 397 3943 591 3989; x_wconf 90' lang='lat' dir='ltr'><strong>sancto</strong></span> <span class='ocrx_word' id='word_1_356' title='bbox 622 3935 877 4002; x_wconf 89' lang='lat' dir='ltr'><strong>magistro</strong></span> <span class='ocrx_word' id='word_1_357' title='bbox 907 3934 1248 3989; x_wconf 81' lang='lat' dir='ltr'><strong>Vivarienses</strong></span> <span class='ocrx_word' id='word_1_358' title='bbox 1276 3931 1858 3989; x_wconf 33' lang='lat' dir='ltr'><strong>distinebantur’mini-</strong></span> 
     </span>
    </p>
   </div>
   <div class='ocr_carea' id='block_1_53' title="bbox 272 4003 1856 4073">
    <p class='ocr_par' dir='ltr' id='par_1_53' title="bbox 272 4003 1856 4073">
     <span class='ocr_line' id='line_1_54' title="bbox 272 4003 1856 4073; baseline 0 -15"><span class='ocrx_word' id='word_1_359' title='bbox 272 4003 456 4073; x_wconf 75' lang='lat' dir='ltr'><strong>Steria,</strong></span> <span class='ocrx_word' id='word_1_360' title='bbox 487 4019 595 4072; x_wconf 93' lang='lat' dir='ltr'><strong>quo</strong></span> <span class='ocrx_word' id='word_1_361' title='bbox 618 4012 799 4058; x_wconf 91' lang='lat' dir='ltr'><strong>tamen</strong></span> <span class='ocrx_word' id='word_1_362' title='bbox 830 4005 1000 4073; x_wconf 89' lang='lat' dir='ltr'><strong>magis</strong></span> <span class='ocrx_word' id='word_1_363' title='bbox 1021 4020 1084 4059; x_wconf 93' lang='lat' dir='ltr'><strong>ac</strong></span> <span class='ocrx_word' id='word_1_364' title='bbox 1114 4005 1285 4073; x_wconf 91' lang='lat' dir='ltr'><strong>magis</strong></span> <span class='ocrx_word' id='word_1_365' title='bbox 1306 4005 1359 4058; x_wconf 92' lang='lat' dir='ltr'><strong>in</strong></span> <span class='ocrx_word' id='word_1_366' title='bbox 1379 4005 1466 4059; x_wconf 88' lang='lat' dir='ltr'><strong>via</strong></span> <span class='ocrx_word' id='word_1_367' title='bbox 1484 4004 1699 4059; x_wconf 88' lang='lat' dir='ltr'><strong>virtutis</strong></span> <span class='ocrx_word' id='word_1_368' title='bbox 1727 4019 1856 4073; x_wconf 87' lang='lat' dir='ltr'><strong>pro-</strong></span> 
     </span>
    </p>
   </div>
   <div class='ocr_carea' id='block_1_54' title="bbox 272 4071 1856 4141">
    <p class='ocr_par' dir='ltr' id='par_1_54' title="bbox 272 4071 1856 4141">
     <span class='ocr_line' id='line_1_55' title="bbox 272 4071 1856 4141; baseline 0.001 -15"><span class='ocrx_word' id='word_1_369' title='bbox 272 4071 548 4139; x_wconf 79' lang='lat' dir='ltr'><strong>cederent,</strong></span> <span class='ocrx_word' id='word_1_370' title='bbox 574 4090 670 4129; x_wconf 93' lang='lat' dir='ltr'><strong>eos</strong></span> <span class='ocrx_word' id='word_1_371' title='bbox 691 4075 762 4128; x_wconf 91' lang='lat' dir='ltr'><strong>ita</strong></span> <span class='ocrx_word' id='word_1_372' title='bbox 792 4071 978 4130; x_wconf 77' lang='lat' dir='ltr'><strong>labore</strong></span> <span class='ocrx_word' id='word_1_373' title='bbox 1005 4071 1260 4130; x_wconf 82' lang='lat' dir='ltr'><strong>manuum</strong></span> <span class='ocrx_word' id='word_1_374' title='bbox 1282 4074 1590 4140; x_wconf 88' lang='lat' dir='ltr'><strong>exercebat,</strong></span> <span class='ocrx_word' id='word_1_375' title='bbox 1622 4083 1682 4128; x_wconf 91' lang='lat' dir='ltr'><strong>ut</strong></span> <span class='ocrx_word' id='word_1_376' title='bbox 1701 4071 1856 4141; x_wconf 82' lang='lat' dir='ltr'><strong>jube-</strong></span> 
     </span>
    </p>
   </div>
   <div class='ocr_carea' id='block_1_55' title="bbox 271 4144 1858 4213">
    <p class='ocr_par' dir='ltr' id='par_1_55' title="bbox 271 4144 1858 4213">
     <span class='ocr_line' id='line_1_56' title="bbox 271 4144 1858 4213; baseline 0.003 -17"><span class='ocrx_word' id='word_1_377' title='bbox 271 4151 352 4213; x_wconf 81' lang='lat' dir='ltr'><strong>t_&#39;et</strong></span> <span class='ocrx_word' id='word_1_378' title='bbox 377 4144 546 4199; x_wconf 86' lang='lat' dir='ltr'><strong>certis</strong></span> <span class='ocrx_word' id='word_1_379' title='bbox 574 4144 737 4198; x_wconf 88' lang='lat' dir='ltr'><strong>etiam</strong></span> <span class='ocrx_word' id='word_1_380' title='bbox 765 4144 1078 4200; x_wconf 87' lang='lat' dir='ltr'><strong>horissacro</strong></span> <span class='ocrx_word' id='word_1_381' title='bbox 1106 4160 1300 4200; x_wconf 88' lang='lat' dir='ltr'><strong>vacare</strong></span> <span class='ocrx_word' id='word_1_382' title='bbox 1320 4146 1453 4208; x_wconf 84' lang='lat' dir='ltr'><strong>otio,</strong></span> <span class='ocrx_word' id='word_1_383' title='bbox 1480 4146 1532 4199; x_wconf 89' lang='lat' dir='ltr'><strong>in</strong></span> <span class='ocrx_word' id='word_1_384' title='bbox 1561 4152 1858 4213; x_wconf 89' lang='lat' dir='ltr'><strong>conspectu</strong></span> 
     </span>
    </p>
   </div>
   <div class='ocr_carea' id='block_1_56' title="bbox 274 4209 1855 4278">
    <p class='ocr_par' dir='ltr' id='par_1_56' title="bbox 274 4209 1855 4278">
     <span class='ocr_line' id='line_1_57' title="bbox 274 4209 1855 4278; baseline 0.002 -12"><span class='ocrx_word' id='word_1_385' title='bbox 274 4209 486 4278; x_wconf 86' lang='lat' dir='ltr'><strong>Domini</strong></span> <span class='ocrx_word' id='word_1_386' title='bbox 511 4231 606 4270; x_wconf 92' lang='lat' dir='ltr'><strong>cor</strong></span> <span class='ocrx_word' id='word_1_387' title='bbox 651 4215 707 4269; x_wconf 89' lang='lat' dir='ltr'><strong>in</strong></span> <span class='ocrx_word' id='word_1_388' title='bbox 735 4215 1070 4270; x_wconf 88' lang='lat' dir='ltr'><strong>orationibus</strong></span> <span class='ocrx_word' id='word_1_389' title='bbox 1097 4213 1406 4278; x_wconf 83' lang='lat' dir='ltr'><strong>eliundere,</strong></span> <span class='ocrx_word' id='word_1_390' title='bbox 1432 4215 1628 4269; x_wconf 88' lang='lat' dir='ltr'><strong>mentis</strong></span> <span class='ocrx_word' id='word_1_391' title='bbox 1657 4209 1855 4269; x_wconf 70' lang='lat' dir='ltr'><strong>arcana</strong></span> 
     </span>
    </p>
   </div>
   <div class='ocr_carea' id='block_1_57' title="bbox 270 4277 1856 4354">
    <p class='ocr_par' dir='ltr' id='par_1_57' title="bbox 270 4277 1856 4354">
     <span class='ocr_line' id='line_1_58' title="bbox 270 4277 1856 4354; baseline 0.002 -18"><span class='ocrx_word' id='word_1_392' title='bbox 270 4277 379 4348; x_wconf 81' lang='lat' dir='ltr'><strong>Deo</strong></span> <span class='ocrx_word' id='word_1_393' title='bbox 399 4294 597 4340; x_wconf 89' lang='lat' dir='ltr'><strong>cuncta</strong></span> <span class='ocrx_word' id='word_1_394' title='bbox 624 4285 969 4354; x_wconf 85' lang='lat' dir='ltr'><strong>perspicienti</strong></span> <span class='ocrx_word' id='word_1_395' title='bbox 985 4286 1217 4354; x_wconf 90' lang='lat' dir='ltr'><strong>aperire,</strong></span> <span class='ocrx_word' id='word_1_396' title='bbox 1240 4286 1358 4354; x_wconf 89' lang='lat' dir='ltr'><strong>pios</strong></span> <span class='ocrx_word' id='word_1_397' title='bbox 1386 4277 1571 4350; x_wconf 86' lang='lat' dir='ltr'><strong>libros,</strong></span> <span class='ocrx_word' id='word_1_398' title='bbox 1593 4285 1856 4352; x_wconf 81' lang='lat' dir='ltr'><strong>Regulam</strong></span> 
     </span>
    </p>
   </div>
   <div class='ocr_carea' id='block_1_58' title="bbox 269 4354 1856 4433">
    <p class='ocr_par' dir='ltr' id='par_1_58' title="bbox 269 4354 1856 4433">
     <span class='ocr_line' id='line_1_59' title="bbox 269 4354 1856 4433; baseline 0 -25"><span class='ocrx_word' id='word_1_399' title='bbox 269 4355 588 4433; x_wconf 58' lang='lat' dir='ltr'><strong>pgmsertim,</strong></span> <span class='ocrx_word' id='word_1_400' title='bbox 615 4371 714 4433; x_wconf 81' lang='lat' dir='ltr'><strong>nec</strong></span> <span class='ocrx_word' id='word_1_401' title='bbox 735 4365 932 4433; x_wconf 84' lang='lat' dir='ltr'><strong>_non_et</strong></span> <span class='ocrx_word' id='word_1_402' title='bbox 959 4354 1287 4433; x_wconf 80' lang='lat' dir='ltr'><strong>Collationes</strong></span> <span class='ocrx_word' id='word_1_403' title='bbox 1314 4354 1554 4409; x_wconf 87' lang='lat' dir='ltr'><strong>Cassiani</strong></span> <span class='ocrx_word' id='word_1_404' title='bbox 1581 4397 1595 4422; x_wconf 91' lang='lat'><strong>,</strong></span> <span class='ocrx_word' id='word_1_405' title='bbox 1643 4355 1856 4433; x_wconf 68' lang='lat' dir='ltr'><strong>aliaque</strong></span> 
     </span>
    </p>
   </div>
   <div class='ocr_carea' id='block_1_59' title="bbox 270 4421 1854 4495">
    <p class='ocr_par' dir='ltr' id='par_1_59' title="bbox 270 4421 1854 4495">
     <span class='ocr_line' id='line_1_60' title="bbox 270 4421 1854 4495; baseline -0.001 -17"><span class='ocrx_word' id='word_1_406' title='bbox 270 4421 322 4490; x_wconf 73' lang='lat' dir='ltr'><strong>id</strong></span> <span class='ocrx_word' id='word_1_407' title='bbox 348 4437 522 4491; x_wconf 86' lang='lat' dir='ltr'><strong>genus</strong></span> <span class='ocrx_word' id='word_1_408' title='bbox 549 4421 819 4479; x_wconf 89' lang='lat' dir='ltr'><strong>volumina</strong></span> <span class='ocrx_word' id='word_1_409' title='bbox 845 4424 1112 4495; x_wconf 82' lang='lat' dir='ltr'><strong>frequenti</strong></span> <span class='ocrx_word' id='word_1_410' title='bbox 1137 4441 1298 4479; x_wconf 91' lang='lat' dir='ltr'><strong>manu</strong></span> <span class='ocrx_word' id='word_1_411' title='bbox 1323 4441 1559 4489; x_wconf 87' lang='lat' dir='ltr'><strong>versare,</strong></span> <span class='ocrx_word' id='word_1_412' title='bbox 1574 4421 1854 4493; x_wconf 85' lang='lat' dir='ltr'><strong>quibusad</strong></span> 
     </span>
    </p>
   </div>
   <div class='ocr_carea' id='block_1_60' title="bbox 270 4496 1854 4568">
    <p class='ocr_par' dir='ltr' id='par_1_60' title="bbox 270 4496 1854 4568">
     <span class='ocr_line' id='line_1_61' title="bbox 270 4496 1854 4568; baseline 0.001 -21"><span class='ocrx_word' id='word_1_413' title='bbox 270 4504 429 4568; x_wconf 64' lang='lat' dir='ltr'><strong>recta;</strong></span> <span class='ocrx_word' id='word_1_414' title='bbox 458 4496 688 4568; x_wconf 82' lang='lat' dir='ltr'><strong>rationis</strong></span> <span class='ocrx_word' id='word_1_415' title='bbox 735 4511 980 4568; x_wconf 58' lang='lat' dir='ltr'><strong>normam</strong></span> <span class='ocrx_word' id='word_1_416' title='bbox 1018 4510 1200 4551; x_wconf 91' lang='lat' dir='ltr'><strong>mores</strong></span> <span class='ocrx_word' id='word_1_417' title='bbox 1221 4505 1634 4568; x_wconf 82' lang='lat' dir='ltr'><strong>componerent,</strong></span> <span class='ocrx_word' id='word_1_418' title='bbox 1657 4509 1854 4568; x_wconf 81' lang='lat' dir='ltr'><strong>pravos</strong></span> 
     </span>
    </p>
   </div>
   <div class='ocr_carea' id='block_1_61' title="bbox 271 4564 1852 4632">
    <p class='ocr_par' dir='ltr' id='par_1_61' title="bbox 271 4564 1852 4632">
     <span class='ocr_line' id='line_1_62' title="bbox 271 4564 1852 4632; baseline 0.002 -17"><span class='ocrx_word' id='word_1_419' title='bbox 271 4564 431 4619; x_wconf 91' lang='lat' dir='ltr'><strong>animi</strong></span> <span class='ocrx_word' id='word_1_420' title='bbox 473 4566 790 4620; x_wconf 87' lang='lat' dir='ltr'><strong>cohiberent</strong></span> <span class='ocrx_word' id='word_1_421' title='bbox 835 4565 1077 4632; x_wconf 72' lang='lat' dir='ltr'><strong>allectus,</strong></span> <span class='ocrx_word' id='word_1_422' title='bbox 1113 4575 1168 4620; x_wconf 90' lang='lat' dir='ltr'><strong>et</strong></span> <span class='ocrx_word' id='word_1_423' title='bbox 1201 4565 1269 4620; x_wconf 89' lang='lat' dir='ltr'><strong>ad</strong></span> <span class='ocrx_word' id='word_1_424' title='bbox 1315 4564 1585 4620; x_wconf 79' lang='lat' dir='ltr'><strong>summum</strong></span> <span class='ocrx_word' id='word_1_425' title='bbox 1637 4564 1852 4618; x_wconf 88' lang='lat' dir='ltr'><strong>tandem</strong></span> 
     </span>
    </p>
   </div>
   <div class='ocr_carea' id='block_1_62' title="bbox 1981 573 3563 650">
    <p class='ocr_par' dir='ltr' id='par_1_62' title="bbox 1981 573 3563 650">
     <span class='ocr_line' id='line_1_63' title="bbox 1981 573 3563 650; baseline 0.004 -23"><span class='ocrx_word' id='word_1_426' title='bbox 1981 583 2228 650; x_wconf 72' lang='lat' dir='ltr'><strong>temnere,</strong></span> <span class='ocrx_word' id='word_1_427' title='bbox 2253 586 2302 628; x_wconf 91' lang='lat' dir='ltr'><strong>et</strong></span> <span class='ocrx_word' id='word_1_428' title='bbox 2332 577 2521 645; x_wconf 68' lang='lat' dir='ltr'><strong>futurae</strong></span> <span class='ocrx_word' id='word_1_429' title='bbox 2559 573 2890 650; x_wconf 77' lang='lat' dir='ltr'><strong>beatitudinis</strong></span> <span class='ocrx_word' id='word_1_430' title='bbox 2934 573 3125 650; x_wconf 65' lang='grc' dir='ltr'><strong>θανάὶᾴ</strong></span> <span class='ocrx_word' id='word_1_431' title='bbox 3151 594 3352 648; x_wconf 82' lang='lat' dir='ltr'><strong>semper</strong></span> <span class='ocrx_word' id='word_1_432' title='bbox 3379 579 3563 650; x_wconf 70' lang='lat' dir='ltr'><strong>exqui-</strong></span> 
     </span>
    </p>
   </div>
   <div class='ocr_carea' id='block_1_63' title="bbox 1976 645 3559 719">
    <p class='ocr_par' dir='ltr' id='par_1_63' title="bbox 1976 645 3559 719">
     <span class='ocr_line' id='line_1_64' title="bbox 1976 645 3559 719; baseline 0.003 -21"><span class='ocrx_word' id='word_1_433' title='bbox 1976 661 2128 719; x_wconf 75' lang='lat' dir='ltr'><strong>rere:</strong></span> <span class='ocrx_word' id='word_1_434' title='bbox 2158 645 2228 698; x_wconf 91' lang='lat' dir='ltr'><strong>ad</strong></span> <span class='ocrx_word' id='word_1_435' title='bbox 2255 657 2572 719; x_wconf 76' lang='lat' dir='ltr'><strong>postremum</strong></span> <span class='ocrx_word' id='word_1_436' title='bbox 2600 645 2760 714; x_wconf 83' lang='lat' dir='ltr'><strong>ipsius</strong></span> <span class='ocrx_word' id='word_1_437' title='bbox 2792 645 3034 719; x_wconf 78' lang='lat' dir='ltr'><strong>templum</strong></span> <span class='ocrx_word' id='word_1_438' title='bbox 3079 649 3216 716; x_wconf 76' lang='lat' dir='ltr'><strong>fieri,</strong></span> <span class='ocrx_word' id='word_1_439' title='bbox 3247 645 3394 719; x_wconf 83' lang='lat' dir='ltr'><strong>cujus</strong></span> <span class='ocrx_word' id='word_1_440' title='bbox 3418 645 3559 703; x_wconf 82' lang='lat' dir='ltr'><strong>ima-</strong></span> 
     </span>
    </p>
   </div>
   <div class='ocr_carea' id='block_1_64' title="bbox 1977 715 3563 788">
    <p class='ocr_par' dir='ltr' id='par_1_64' title="bbox 1977 715 3563 788">
     <span class='ocr_line' id='line_1_65' title="bbox 1977 715 3563 788; baseline 0.003 -20"><span class='ocrx_word' id='word_1_441' title='bbox 1977 715 2146 786; x_wconf 82' lang='lat' dir='ltr'><strong>ginem</strong></span> <span class='ocrx_word' id='word_1_442' title='bbox 2170 715 2398 769; x_wconf 87' lang='lat' dir='ltr'><strong>conditio</strong></span> <span class='ocrx_word' id='word_1_443' title='bbox 2427 716 2654 788; x_wconf 85' lang='lat' dir='ltr'><strong>humana</strong></span> <span class='ocrx_word' id='word_1_444' title='bbox 2684 718 2923 786; x_wconf 83' lang='lat' dir='ltr'><strong>suscepit.</strong></span> <span class='ocrx_word' id='word_1_445' title='bbox 2951 715 3155 788; x_wconf 84' lang='lat' dir='ltr'><strong>_Vernm</strong></span> <span class='ocrx_word' id='word_1_446' title='bbox 3184 715 3367 788; x_wconf 77' lang='lat' dir='ltr'><strong>plures</strong></span> <span class='ocrx_word' id='word_1_447' title='bbox 3404 719 3563 772; x_wconf 87' lang='lat' dir='ltr'><strong>mira-</strong></span> 
     </span>
    </p>
   </div>
   <div class='ocr_carea' id='block_1_65' title="bbox 1978 786 3558 855">
    <p class='ocr_par' dir='ltr' id='par_1_65' title="bbox 1978 786 3558 855">
     <span class='ocr_line' id='line_1_66' title="bbox 1978 786 3558 855; baseline 0.003 -17"><span class='ocrx_word' id='word_1_448' title='bbox 1978 795 2131 855; x_wconf 82' lang='lat' dir='ltr'><strong>turos</strong></span> <span class='ocrx_word' id='word_1_449' title='bbox 2145 801 2252 840; x_wconf 90' lang='lat' dir='ltr'><strong>non</strong></span> <span class='ocrx_word' id='word_1_450' title='bbox 2268 794 2470 855; x_wconf 86' lang='lat' dir='ltr'><strong>temere</strong></span> <span class='ocrx_word' id='word_1_451' title='bbox 2488 786 2734 855; x_wconf 84' lang='lat' dir='ltr'><strong>suspicor</strong></span> <span class='ocrx_word' id='word_1_452' title='bbox 2749 801 2815 840; x_wconf 87' lang='lat' dir='ltr'><strong>eo</strong></span> <span class='ocrx_word' id='word_1_453' title='bbox 2830 786 3064 841; x_wconf 90' lang='lat' dir='ltr'><strong>candore</strong></span> <span class='ocrx_word' id='word_1_454' title='bbox 3080 786 3290 842; x_wconf 77' lang='lat' dir='ltr'><strong>morum</strong></span> <span class='ocrx_word' id='word_1_455' title='bbox 3304 789 3558 853; x_wconf 83' lang='lat' dir='ltr'><strong>eluxisse,</strong></span> 
     </span>
    </p>
   </div>
   <div class='ocr_carea' id='block_1_66' title="bbox 1977 853 3547 926">
    <p class='ocr_par' dir='ltr' id='par_1_66' title="bbox 1977 853 3547 926">
     <span class='ocr_line' id='line_1_67' title="bbox 1977 853 3547 926; baseline 0.002 -18"><span class='ocrx_word' id='word_1_456' title='bbox 1977 870 2042 909; x_wconf 85' lang='lat' dir='ltr'><strong>co</strong></span> <span class='ocrx_word' id='word_1_457' title='bbox 2072 854 2326 922; x_wconf 84' lang='lat' dir='ltr'><strong>ﬂagrasse</strong></span> <span class='ocrx_word' id='word_1_458' title='bbox 2355 853 2567 910; x_wconf 81' lang='lat' dir='ltr'><strong>fervore</strong></span> <span class='ocrx_word' id='word_1_459' title='bbox 2582 853 2792 910; x_wconf 55' lang='lat' dir='ltr'><strong>&#39;mentis</strong></span> <span class='ocrx_word' id='word_1_460' title='bbox 2821 856 3160 910; x_wconf 82' lang='lat' dir='ltr'><strong>Vivarienses</strong></span> <span class='ocrx_word' id='word_1_461' title='bbox 3187 873 3295 911; x_wconf 85' lang='lat' dir='ltr'><strong>non</strong></span> <span class='ocrx_word' id='word_1_462' title='bbox 3327 873 3547 926; x_wconf 88' lang='lat' dir='ltr'><strong>paucos,</strong></span> 
     </span>
    </p>
   </div>
   <div class='ocr_carea' id='block_1_67' title="bbox 1977 925 3559 993">
    <p class='ocr_par' dir='ltr' id='par_1_67' title="bbox 1977 925 3559 993">
     <span class='ocr_line' id='line_1_68' title="bbox 1977 925 3559 993; baseline 0.002 -15"><span class='ocrx_word' id='word_1_463' title='bbox 1977 933 2036 978; x_wconf 92' lang='lat' dir='ltr'><strong>ut</strong></span> <span class='ocrx_word' id='word_1_464' title='bbox 2066 940 2135 979; x_wconf 83' lang='lat' dir='ltr'><strong>ex</strong></span> <span class='ocrx_word' id='word_1_465' title='bbox 2165 926 2500 981; x_wconf 64' lang='lat' dir='ltr'><strong>caanobiticai</strong></span> <span class='ocrx_word' id='word_1_466' title='bbox 2524 925 2729 980; x_wconf 66' lang='lat' dir='ltr'><strong>militia:</strong></span> <span class='ocrx_word' id='word_1_467' title='bbox 2757 927 2949 981; x_wconf 85' lang='lat' dir='ltr'><strong>castris</strong></span> <span class='ocrx_word' id='word_1_468' title='bbox 2977 926 3044 979; x_wconf 88' lang='lat' dir='ltr'><strong>ad</strong></span> <span class='ocrx_word' id='word_1_469' title='bbox 3073 925 3396 993; x_wconf 77' lang='lat' dir='ltr'><strong>singularem</strong></span> <span class='ocrx_word' id='word_1_470' title='bbox 3428 943 3559 981; x_wconf 87' lang='lat' dir='ltr'><strong>ana-</strong></span> 
     </span>
    </p>
   </div>
   <div class='ocr_carea' id='block_1_68' title="bbox 1975 995 3557 1066">
    <p class='ocr_par' dir='ltr' id='par_1_68' title="bbox 1975 995 3557 1066">
     <span class='ocr_line' id='line_1_69' title="bbox 1975 995 3557 1066; baseline 0.001 -17"><span class='ocrx_word' id='word_1_471' title='bbox 1975 995 2318 1050; x_wconf 82' lang='lat' dir='ltr'><strong>clioretarum</strong></span> <span class='ocrx_word' id='word_1_472' title='bbox 2341 1010 2573 1066; x_wconf 78' lang='lat' dir='ltr'><strong>pugnam</strong></span> <span class='ocrx_word' id='word_1_473' title='bbox 2601 1005 2782 1050; x_wconf 81' lang='lat' dir='ltr'><strong>contra</strong></span> <span class='ocrx_word' id='word_1_474' title='bbox 2809 997 3106 1066; x_wconf 68' lang='lat' dir='ltr'><strong>spiritmlia</strong></span> <span class='ocrx_word' id='word_1_475' title='bbox 3137 997 3397 1066; x_wconf 67' lang='lat' dir='ltr'><strong>nequitia,</strong></span> <span class='ocrx_word' id='word_1_476' title='bbox 3438 997 3557 1051; x_wconf 84' lang='lat' dir='ltr'><strong>vel-</strong></span> 
     </span>
    </p>
   </div>
   <div class='ocr_carea' id='block_1_69' title="bbox 1976 1065 3558 1133">
    <p class='ocr_par' dir='ltr' id='par_1_69' title="bbox 1976 1065 3558 1133">
     <span class='ocr_line' id='line_1_70' title="bbox 1976 1065 3558 1133; baseline 0.001 -14"><span class='ocrx_word' id='word_1_477' title='bbox 1976 1066 2052 1119; x_wconf 91' lang='lat' dir='ltr'><strong>uti</strong></span> <span class='ocrx_word' id='word_1_478' title='bbox 2095 1067 2304 1120; x_wconf 89' lang='lat' dir='ltr'><strong>emeriti</strong></span> <span class='ocrx_word' id='word_1_479' title='bbox 2345 1065 2692 1121; x_wconf 86' lang='lat' dir='ltr'><strong>transierint.</strong></span> <span class='ocrx_word' id='word_1_480' title='bbox 2766 1065 3006 1133; x_wconf 78' lang='lat' dir='ltr'><strong>Quarum</strong></span> <span class='ocrx_word' id='word_1_481' title='bbox 3053 1075 3179 1120; x_wconf 90' lang='lat' dir='ltr'><strong>vota</strong></span> <span class='ocrx_word' id='word_1_482' title='bbox 3218 1065 3348 1120; x_wconf 85' lang='lat' dir='ltr'><strong>eum</strong></span> <span class='ocrx_word' id='word_1_483' title='bbox 3398 1074 3558 1121; x_wconf 88' lang='lat' dir='ltr'><strong>antea</strong></span> 
     </span>
    </p>
   </div>
   <div class='ocr_carea' id='block_1_70' title="bbox 1977 1135 3559 1204">
    <p class='ocr_par' dir='ltr' id='par_1_70' title="bbox 1977 1135 3559 1204">
     <span class='ocr_line' id='line_1_71' title="bbox 1977 1135 3559 1204; baseline 0.001 -16"><span class='ocrx_word' id='word_1_484' title='bbox 1977 1137 2349 1204; x_wconf 82' lang='lat' dir='ltr'><strong>prospexisset</strong></span> <span class='ocrx_word' id='word_1_485' title='bbox 2377 1135 2752 1198; x_wconf 87' lang='lat' dir='ltr'><strong>Cassiodorus,</strong></span> <span class='ocrx_word' id='word_1_486' title='bbox 2803 1136 2967 1192; x_wconf 89' lang='lat' dir='ltr'><strong>cellas</strong></span> <span class='ocrx_word' id='word_1_487' title='bbox 2993 1135 3062 1189; x_wconf 88' lang='lat' dir='ltr'><strong>ad</strong></span> <span class='ocrx_word' id='word_1_488' title='bbox 3088 1137 3440 1191; x_wconf 84' lang='lat' dir='ltr'><strong>eremitarum</strong></span> <span class='ocrx_word' id='word_1_489' title='bbox 3469 1151 3559 1190; x_wconf 84' lang='lat' dir='ltr'><strong>se-</strong></span> 
     </span>
    </p>
   </div>
   <div class='ocr_carea' id='block_1_71' title="bbox 1975 1203 3561 1274">
    <p class='ocr_par' dir='ltr' id='par_1_71' title="bbox 1975 1203 3561 1274">
     <span class='ocr_line' id='line_1_72' title="bbox 1975 1203 3561 1274; baseline -0.001 -14"><span class='ocrx_word' id='word_1_490' title='bbox 1975 1203 2185 1260; x_wconf 84' lang='lat' dir='ltr'><strong>cessum</strong></span> <span class='ocrx_word' id='word_1_491' title='bbox 2219 1205 2270 1260; x_wconf 91' lang='lat' dir='ltr'><strong>in</strong></span> <span class='ocrx_word' id='word_1_492' title='bbox 2301 1205 2520 1261; x_wconf 88' lang='lat' dir='ltr'><strong>Castelli</strong></span> <span class='ocrx_word' id='word_1_493' title='bbox 2549 1207 2994 1262; x_wconf 89' lang='lat' dir='ltr'><strong>montisculmine</strong></span> <span class='ocrx_word' id='word_1_494' title='bbox 3008 1205 3247 1274; x_wconf 88' lang='lat' dir='ltr'><strong>jusserat</strong></span> <span class='ocrx_word' id='word_1_495' title='bbox 3267 1203 3522 1260; x_wconf 74' lang='lat' dir='ltr'><strong>mdiiicsri</strong></span> <span class='ocrx_word' id='word_1_496' title='bbox 3547 1223 3561 1258; x_wconf 92' lang='lat'><strong>:</strong></span> 
     </span>
    </p>
   </div>
   <div class='ocr_carea' id='block_1_72' title="bbox 1981 1274 3559 1346">
    <p class='ocr_par' dir='ltr' id='par_1_72' title="bbox 1981 1274 3559 1346">
     <span class='ocr_line' id='line_1_73' title="bbox 1981 1274 3559 1346; baseline 0.001 -18"><span class='ocrx_word' id='word_1_497' title='bbox 1981 1293 2004 1346; x_wconf 64' lang='grc' dir='ltr'>ε</span> <span class='ocrx_word' id='word_1_498' title='bbox 2023 1274 2262 1342; x_wconf 85' lang='lat' dir='ltr'><strong>Habetis,</strong></span> <span class='ocrx_word' id='word_1_499' title='bbox 2292 1277 2466 1346; x_wconf 89' lang='lat' dir='ltr'><strong>inquit</strong></span> <span class='ocrx_word' id='word_1_500' title='bbox 2512 1276 2653 1346; x_wconf 88' lang='lat' dir='ltr'><strong>(Lib.</strong></span> <span class='ocrx_word' id='word_1_501' title='bbox 2693 1276 2810 1330; x_wconf 88' lang='lat' dir='ltr'><strong>Div.</strong></span> <span class='ocrx_word' id='word_1_502' title='bbox 2847 1276 2994 1339; x_wconf 90' lang='lat' dir='ltr'><strong>Litt.,</strong></span> <span class='ocrx_word' id='word_1_503' title='bbox 3047 1294 3163 1346; x_wconf 88' lang='lat' dir='ltr'><strong>cap.</strong></span> <span class='ocrx_word' id='word_1_504' title='bbox 3196 1276 3310 1346; x_wconf 71' lang='lat'><strong>29),</strong></span> <span class='ocrx_word' id='word_1_505' title='bbox 3361 1277 3559 1330; x_wconf 86' lang='lat' dir='ltr'><strong>montis</strong></span> 
     </span>
    </p>
   </div>
   <div class='ocr_carea' id='block_1_73' title="bbox 1975 1343 3560 1415">
    <p class='ocr_par' dir='ltr' id='par_1_73' title="bbox 1975 1343 3560 1415">
     <span class='ocr_line' id='line_1_74' title="bbox 1975 1343 3560 1415; baseline 0.001 -16"><span class='ocrx_word' id='word_1_506' title='bbox 1975 1343 2193 1400; x_wconf 87' lang='lat' dir='ltr'><strong>Castelli</strong></span> <span class='ocrx_word' id='word_1_507' title='bbox 2241 1343 2450 1401; x_wconf 85' lang='lat' dir='ltr'><strong>secreta</strong></span> <span class='ocrx_word' id='word_1_508' title='bbox 2480 1343 2691 1412; x_wconf 86' lang='lat' dir='ltr'><strong>suavia,</strong></span> <span class='ocrx_word' id='word_1_509' title='bbox 2753 1356 2810 1401; x_wconf 92' lang='lat' dir='ltr'><strong>ut</strong></span> <span class='ocrx_word' id='word_1_510' title='bbox 2839 1347 2983 1401; x_wconf 89' lang='lat' dir='ltr'><strong>velut</strong></span> <span class='ocrx_word' id='word_1_511' title='bbox 3023 1343 3373 1410; x_wconf 73' lang='lat' dir='ltr'><strong>anachoritzc,</strong></span> <span class='ocrx_word' id='word_1_512' title='bbox 3423 1361 3560 1415; x_wconf 76' lang='lat' dir='ltr'><strong>pra:-</strong></span> 
     </span>
    </p>
   </div>
   <div class='ocr_carea' id='block_1_74' title="bbox 1975 1415 3560 1486">
    <p class='ocr_par' dir='ltr' id='par_1_74' title="bbox 1975 1415 3560 1486">
     <span class='ocr_line' id='line_1_75' title="bbox 1975 1415 3560 1486; baseline 0.001 -17"><span class='ocrx_word' id='word_1_513' title='bbox 1975 1423 2154 1469; x_wconf 91' lang='lat' dir='ltr'><strong>stante</strong></span> <span class='ocrx_word' id='word_1_514' title='bbox 2184 1415 2434 1480; x_wconf 89' lang='lat' dir='ltr'><strong>Domino,</strong></span> <span class='ocrx_word' id='word_1_515' title='bbox 2485 1416 2715 1472; x_wconf 82' lang='lat' dir='ltr'><strong>feliciter</strong></span> <span class='ocrx_word' id='word_1_516' title='bbox 2759 1432 2878 1472; x_wconf 88' lang='lat' dir='ltr'><strong>esse</strong></span> <span class='ocrx_word' id='word_1_517' title='bbox 2926 1419 3171 1484; x_wconf 88' lang='lat' dir='ltr'><strong>possetis.</strong></span> <span class='ocrx_word' id='word_1_518' title='bbox 3217 1415 3560 1486; x_wconf 85' lang='lat' dir='ltr'><strong>Quapropter</strong></span> 
     </span>
    </p>
   </div>
   <div class='ocr_carea' id='block_1_75' title="bbox 1973 1487 3556 1555">
    <p class='ocr_par' dir='ltr' id='par_1_75' title="bbox 1973 1487 3556 1555">
     <span class='ocr_line' id='line_1_76' title="bbox 1973 1487 3556 1555; baseline 0.001 -17"><span class='ocrx_word' id='word_1_519' title='bbox 1973 1494 2156 1554; x_wconf 85' lang='lat' dir='ltr'><strong>aptum</strong></span> <span class='ocrx_word' id='word_1_520' title='bbox 2187 1487 2290 1540; x_wconf 90' lang='lat' dir='ltr'><strong>erit</strong></span> <span class='ocrx_word' id='word_1_521' title='bbox 2315 1487 2470 1542; x_wconf 90' lang='lat' dir='ltr'><strong>vobis</strong></span> <span class='ocrx_word' id='word_1_522' title='bbox 2505 1487 2704 1554; x_wconf 83' lang='lat' dir='ltr'><strong>eligere</strong></span> <span class='ocrx_word' id='word_1_523' title='bbox 2749 1487 3078 1548; x_wconf 79' lang='lat' dir='ltr'><strong>exercitatis,</strong></span> <span class='ocrx_word' id='word_1_524' title='bbox 3109 1487 3330 1555; x_wconf 86' lang='lat' dir='ltr'><strong>jamque</strong></span> <span class='ocrx_word' id='word_1_525' title='bbox 3355 1487 3556 1555; x_wconf 86' lang='lat' dir='ltr'><strong>proba-</strong></span> 
     </span>
    </p>
   </div>
   <div class='ocr_carea' id='block_1_76' title="bbox 1976 1555 3555 1626">
    <p class='ocr_par' dir='ltr' id='par_1_76' title="bbox 1976 1555 3555 1626">
     <span class='ocr_line' id='line_1_77' title="bbox 1976 1555 3555 1626; baseline 0.001 -18"><span class='ocrx_word' id='word_1_526' title='bbox 1976 1555 2193 1626; x_wconf 77' lang='lat' dir='ltr'><strong>tissimis</strong></span> <span class='ocrx_word' id='word_1_527' title='bbox 2240 1556 2369 1610; x_wconf 85' lang='lat' dir='ltr'><strong>illud</strong></span> <span class='ocrx_word' id='word_1_528' title='bbox 2416 1557 2802 1624; x_wconf 89' lang='lat' dir='ltr'><strong>habitaculum,</strong></span> <span class='ocrx_word' id='word_1_529' title='bbox 2833 1557 2878 1612; x_wconf 87' lang='lat' dir='ltr'><strong>si</strong></span> <span class='ocrx_word' id='word_1_530' title='bbox 2905 1557 3053 1626; x_wconf 87' lang='lat' dir='ltr'><strong>prius</strong></span> <span class='ocrx_word' id='word_1_531' title='bbox 3081 1557 3134 1610; x_wconf 91' lang='lat' dir='ltr'><strong>in</strong></span> <span class='ocrx_word' id='word_1_532' title='bbox 3163 1556 3329 1612; x_wconf 86' lang='lat' dir='ltr'><strong>corde</strong></span> <span class='ocrx_word' id='word_1_533' title='bbox 3374 1565 3555 1611; x_wconf 85' lang='lat' dir='ltr'><strong>vestro</strong></span> 
     </span>
    </p>
   </div>
   <div class='ocr_carea' id='block_1_77' title="bbox 1973 1623 2830 1696">
    <p class='ocr_par' dir='ltr' id='par_1_77' title="bbox 1973 1623 2830 1696">
     <span class='ocr_line' id='line_1_78' title="bbox 1973 1623 2830 1696; baseline 0.002 -19"><span class='ocrx_word' id='word_1_534' title='bbox 1973 1623 2495 1696; x_wconf 68' lang='lat' dir='ltr'><strong>fueritpratparatus</strong></span> <span class='ocrx_word' id='word_1_535' title='bbox 2512 1641 2787 1680; x_wconf 86' lang='lat' dir='ltr'><strong>ascensus.</strong></span> <span class='ocrx_word' id='word_1_536' title='bbox 2814 1647 2830 1678; x_wconf 71' lang='grc' dir='ltr'><strong><em>ι</em></strong></span> 
     </span>
    </p>
   </div>
   <div class='ocr_carea' id='block_1_78' title="bbox 2046 1694 3552 1765">
    <p class='ocr_par' dir='ltr' id='par_1_78' title="bbox 2046 1694 3552 1765">
     <span class='ocr_line' id='line_1_79' title="bbox 2046 1694 3552 1765; baseline 0 -17"><span class='ocrx_word' id='word_1_537' title='bbox 2046 1695 2073 1765; x_wconf 83' lang='lat'><strong>§</strong></span> <span class='ocrx_word' id='word_1_538' title='bbox 2116 1694 2430 1759; x_wconf 42' lang='lat' dir='ltr'><strong>XLlIQuos</strong></span> <span class='ocrx_word' id='word_1_539' title='bbox 2458 1694 2798 1750; x_wconf 84' lang='lat' dir='ltr'><strong>Cassiodorus</strong></span> <span class='ocrx_word' id='word_1_540' title='bbox 2819 1697 3102 1750; x_wconf 85' lang='lat' dir='ltr'><strong>monachus</strong></span> <span class='ocrx_word' id='word_1_541' title='bbox 3125 1694 3282 1749; x_wconf 88' lang='lat' dir='ltr'><strong>libros</strong></span> <span class='ocrx_word' id='word_1_542' title='bbox 3311 1696 3552 1750; x_wconf 82' lang='lat' dir='ltr'><strong>ediderit.</strong></span> 
     </span>
    </p>
   </div>
   <div class='ocr_carea' id='block_1_79' title="bbox 1972 1764 3554 1831">
    <p class='ocr_par' dir='ltr' id='par_1_79' title="bbox 1972 1764 3554 1831">
     <span class='ocr_line' id='line_1_80' title="bbox 1972 1764 3554 1831; baseline 0.001 -13"><span class='ocrx_word' id='word_1_543' title='bbox 1972 1764 2144 1831; x_wconf 85' lang='lat' dir='ltr'><strong>Quam</strong></span> <span class='ocrx_word' id='word_1_544' title='bbox 2176 1767 2296 1820; x_wconf 69' lang='lat' dir='ltr'><strong>vita:</strong></span> <span class='ocrx_word' id='word_1_545' title='bbox 2343 1767 2613 1821; x_wconf 91' lang='lat' dir='ltr'><strong>rationem</strong></span> <span class='ocrx_word' id='word_1_546' title='bbox 2669 1782 2790 1821; x_wconf 91' lang='lat' dir='ltr'><strong>cum</strong></span> <span class='ocrx_word' id='word_1_547' title='bbox 2830 1766 3114 1822; x_wconf 79' lang='lat' dir='ltr'><strong>cmnobitis</strong></span> <span class='ocrx_word' id='word_1_548' title='bbox 3156 1773 3215 1819; x_wconf 92' lang='lat' dir='ltr'><strong>ut</strong></span> <span class='ocrx_word' id='word_1_549' title='bbox 3243 1767 3554 1820; x_wconf 89' lang='lat' dir='ltr'><strong>monasterii</strong></span> 
     </span>
    </p>
   </div>
   <div class='ocr_carea' id='block_1_80' title="bbox 1972 1835 3554 1904">
    <p class='ocr_par' dir='ltr' id='par_1_80' title="bbox 1972 1835 3554 1904">
     <span class='ocr_line' id='line_1_81' title="bbox 1972 1835 3554 1904; baseline 0.001 -15"><span class='ocrx_word' id='word_1_550' title='bbox 1972 1835 2243 1898; x_wconf 76' lang='lat' dir='ltr'><strong>fundator,</strong></span> <span class='ocrx_word' id='word_1_551' title='bbox 2275 1843 2335 1890; x_wconf 93' lang='lat' dir='ltr'><strong>ut</strong></span> <span class='ocrx_word' id='word_1_552' title='bbox 2362 1837 2551 1900; x_wconf 89' lang='lat' dir='ltr'><strong>abbas,</strong></span> <span class='ocrx_word' id='word_1_553' title='bbox 2583 1844 2642 1889; x_wconf 88' lang='lat' dir='ltr'><strong>ut</strong></span> <span class='ocrx_word' id='word_1_554' title='bbox 2663 1837 2920 1904; x_wconf 88' lang='lat' dir='ltr'><strong>magister</strong></span> <span class='ocrx_word' id='word_1_555' title='bbox 2948 1836 3236 1890; x_wconf 90' lang='lat' dir='ltr'><strong>instituerit</strong></span> <span class='ocrx_word' id='word_1_556' title='bbox 3263 1835 3554 1890; x_wconf 86' lang='lat' dir='ltr'><strong>Cassiodo-</strong></span> 
     </span>
    </p>
   </div>
   <div class='ocr_carea' id='block_1_81' title="bbox 1905 1886 3556 1974">
    <p class='ocr_par' dir='ltr' id='par_1_81' title="bbox 1905 1886 3556 1974">
     <span class='ocr_line' id='line_1_82' title="bbox 1905 1886 3556 1974; baseline 0.001 -15"><span class='ocrx_word' id='word_1_557' title='bbox 1905 1886 1939 1941; x_wconf 72' lang='grc' dir='ltr'>Β</span> <span class='ocrx_word' id='word_1_558' title='bbox 1969 1921 2063 1960; x_wconf 88' lang='lat' dir='ltr'><strong>rus</strong></span> <span class='ocrx_word' id='word_1_559' title='bbox 2085 1886 2347 1960; x_wconf 77' lang='lat' dir='ltr'><strong>hactenus</strong></span> <span class='ocrx_word' id='word_1_560' title='bbox 2375 1886 2727 1974; x_wconf 69' lang='lat' dir='ltr'><strong>expendimus</strong></span> <span class='ocrx_word' id='word_1_561' title='bbox 2799 1923 2942 1962; x_wconf 88' lang='lat' dir='ltr'><strong>nunc</strong></span> <span class='ocrx_word' id='word_1_562' title='bbox 2969 1922 3097 1961; x_wconf 88' lang='lat' dir='ltr'><strong>vero</strong></span> <span class='ocrx_word' id='word_1_563' title='bbox 3125 1921 3154 1958; x_wconf 87' lang='lat' dir='ltr'><strong>a</strong></span> <span class='ocrx_word' id='word_1_564' title='bbox 3181 1905 3556 1960; x_wconf 87' lang='lat' dir='ltr'><strong>conversionis</strong></span> 
     </span>
    </p>
   </div>
   <div class='ocr_carea' id='block_1_82' title="bbox 1967 1974 3553 2046">
    <p class='ocr_par' dir='ltr' id='par_1_82' title="bbox 1967 1974 3553 2046">
     <span class='ocr_line' id='line_1_83' title="bbox 1967 1974 3553 2046; baseline 0 -17"><span class='ocrx_word' id='word_1_565' title='bbox 1967 1975 2212 2039; x_wconf 82' lang='lat' dir='ltr'><strong>exordio,</strong></span> <span class='ocrx_word' id='word_1_566' title='bbox 2260 1976 2387 2046; x_wconf 90' lang='lat' dir='ltr'><strong>quid</strong></span> <span class='ocrx_word' id='word_1_567' title='bbox 2442 1976 2682 2044; x_wconf 90' lang='lat' dir='ltr'><strong>privatus</strong></span> <span class='ocrx_word' id='word_1_568' title='bbox 2724 1977 2917 2044; x_wconf 90' lang='lat' dir='ltr'><strong>egerit,</strong></span> <span class='ocrx_word' id='word_1_569' title='bbox 2965 1991 3127 2045; x_wconf 89' lang='lat' dir='ltr'><strong>quam</strong></span> <span class='ocrx_word' id='word_1_570' title='bbox 3166 1974 3369 2046; x_wconf 60' lang='lat' dir='ltr'><strong>fauste.</strong></span> <span class='ocrx_word' id='word_1_571' title='bbox 3391 1991 3553 2046; x_wconf 87' lang='lat' dir='ltr'><strong>quam</strong></span> 
     </span>
    </p>
   </div>
   <div class='ocr_carea' id='block_1_83' title="bbox 1965 2045 3552 2112">
    <p class='ocr_par' dir='ltr' id='par_1_83' title="bbox 1965 2045 3552 2112">
     <span class='ocr_line' id='line_1_84' title="bbox 1965 2045 3552 2112; baseline 0 -14"><span class='ocrx_word' id='word_1_572' title='bbox 1965 2046 2252 2112; x_wconf 82' lang='lat' dir='ltr'><strong>diligenter</strong></span> <span class='ocrx_word' id='word_1_573' title='bbox 2277 2047 2513 2100; x_wconf 88' lang='lat' dir='ltr'><strong>animum</strong></span> <span class='ocrx_word' id='word_1_574' title='bbox 2541 2046 2831 2100; x_wconf 89' lang='lat' dir='ltr'><strong>contulerit</strong></span> <span class='ocrx_word' id='word_1_575' title='bbox 2856 2048 2923 2100; x_wconf 89' lang='lat' dir='ltr'><strong>ad</strong></span> <span class='ocrx_word' id='word_1_576' title='bbox 2951 2062 3226 2101; x_wconf 86' lang='lat' dir='ltr'><strong>sacrarum</strong></span> <span class='ocrx_word' id='word_1_577' title='bbox 3251 2045 3428 2100; x_wconf 89' lang='lat' dir='ltr'><strong>studia</strong></span> <span class='ocrx_word' id='word_1_578' title='bbox 3459 2045 3552 2099; x_wconf 93' lang='lat' dir='ltr'><strong>lit-</strong></span> 
     </span>
    </p>
   </div>
   <div class='ocr_carea' id='block_1_84' title="bbox 1969 2115 3553 2185">
    <p class='ocr_par' dir='ltr' id='par_1_84' title="bbox 1969 2115 3553 2185">
     <span class='ocr_line' id='line_1_85' title="bbox 1969 2115 3553 2185; baseline 0.001 -18"><span class='ocrx_word' id='word_1_579' title='bbox 1969 2123 2226 2182; x_wconf 89' lang='lat' dir='ltr'><strong>terarum,</strong></span> <span class='ocrx_word' id='word_1_580' title='bbox 2253 2117 2675 2170; x_wconf 86' lang='lat' dir='ltr'><strong>consideremus.</strong></span> <span class='ocrx_word' id='word_1_581' title='bbox 2707 2115 2946 2171; x_wconf 90' lang='lat' dir='ltr'><strong>Primum</strong></span> <span class='ocrx_word' id='word_1_582' title='bbox 2968 2117 3184 2185; x_wconf 90' lang='lat' dir='ltr'><strong>quidem</strong></span> <span class='ocrx_word' id='word_1_583' title='bbox 3213 2115 3553 2185; x_wconf 82' lang='lat' dir='ltr'><strong>Psaltnogra-</strong></span> 
     </span>
    </p>
   </div>
   <div class='ocr_carea' id='block_1_85' title="bbox 1965 2184 3555 2308">
    <p class='ocr_par' dir='ltr' id='par_1_85' title="bbox 1965 2184 3555 2308">
     <span class='ocr_line' id='line_1_86' title="bbox 1965 2184 3555 2308; baseline 0.003 -71"><span class='ocrx_word' id='word_1_584' title='bbox 1965 2185 2130 2308; x_wconf 68' lang='lat' dir='ltr'><strong>phum</strong></span> <span class='ocrx_word' id='word_1_585' title='bbox 2177 2186 2570 2267; x_wconf 76' lang='lat' dir='ltr'><strong>commentario</strong></span> <span class='ocrx_word' id='word_1_586' title='bbox 2603 2188 2856 2268; x_wconf 70' lang='lat' dir='ltr'><strong>suscepit</strong></span> <span class='ocrx_word' id='word_1_587' title='bbox 2910 2184 3307 2268; x_wconf 72' lang='lat' dir='ltr'><strong>illastrandum;</strong></span> <span class='ocrx_word' id='word_1_588' title='bbox 3358 2184 3555 2266; x_wconf 80' lang='lat' dir='ltr'><strong>deinde</strong></span> 
     </span>
     <span class='ocr_line' id='line_1_87' title="bbox 1987 2255 3553 2308; baseline 0 0"><span class='ocrx_word' id='word_1_589' title='bbox 1987 2255 2132 2308; x_wconf 89' lang='lat' dir='ltr'><strong>tbros</strong></span> <span class='ocrx_word' id='word_1_590' title='bbox 2160 2255 2326 2308; x_wconf 79' lang='lat' dir='ltr'><strong>edidit</strong></span> <span class='ocrx_word' id='word_1_591' title='bbox 2346 2256 2412 2308; x_wconf 90' lang='lat' dir='ltr'><strong>de</strong></span> <span class='ocrx_word' id='word_1_592' title='bbox 2443 2256 2644 2308; x_wconf 77' lang='lat' dir='ltr'><strong>Dtvnns</strong></span> <span class='ocrx_word' id='word_1_593' title='bbox 2672 2266 2727 2308; x_wconf 90' lang='lat' dir='ltr'><strong>et</strong></span> <span class='ocrx_word' id='word_1_594' title='bbox 2749 2257 2998 2308; x_wconf 78' lang='lat' dir='ltr'><strong>humanis</strong></span> <span class='ocrx_word' id='word_1_595' title='bbox 3020 2255 3236 2308; x_wconf 77' lang='lat' dir='ltr'><strong>Litteris</strong></span> <span class='ocrx_word' id='word_1_596' title='bbox 3259 2272 3274 2308; x_wconf 90' lang='lat'><strong>:</strong></span> <span class='ocrx_word' id='word_1_597' title='bbox 3308 2264 3419 2308; x_wconf 94' lang='lat' dir='ltr'><strong>tum</strong></span> <span class='ocrx_word' id='word_1_598' title='bbox 3449 2256 3553 2308; x_wconf 81' lang='lat' dir='ltr'><strong>alia</strong></span> 
     </span>
    </p>
   </div>
   <div class='ocr_carea' id='block_1_86' title="bbox 1987 2255 3553 2318">
    <p class='ocr_par' dir='ltr' id='par_1_86' title="bbox 1987 2255 3553 2318">
     <span class='ocr_line' id='line_1_88' title="bbox 1987 2255 3553 2318; baseline 0.001 -11"><span class='ocrx_word' id='word_1_599' title='bbox 1987 2255 2132 2308; x_wconf 90' lang='lat' dir='ltr'><strong>ibros</strong></span> <span class='ocrx_word' id='word_1_600' title='bbox 2160 2255 2326 2309; x_wconf 90' lang='lat' dir='ltr'><strong>edidit</strong></span> <span class='ocrx_word' id='word_1_601' title='bbox 2346 2256 2412 2311; x_wconf 91' lang='lat' dir='ltr'><strong>de</strong></span> <span class='ocrx_word' id='word_1_602' title='bbox 2443 2256 2644 2310; x_wconf 88' lang='lat' dir='ltr'><strong>Divinis</strong></span> <span class='ocrx_word' id='word_1_603' title='bbox 2672 2266 2727 2310; x_wconf 92' lang='lat' dir='ltr'><strong>et</strong></span> <span class='ocrx_word' id='word_1_604' title='bbox 2749 2255 2998 2311; x_wconf 80' lang='lat' dir='ltr'><strong>humanis</strong></span> <span class='ocrx_word' id='word_1_605' title='bbox 3020 2255 3236 2310; x_wconf 88' lang='lat' dir='ltr'><strong>Litteris</strong></span> <span class='ocrx_word' id='word_1_606' title='bbox 3259 2272 3274 2318; x_wconf 87' lang='lat'><strong>;</strong></span> <span class='ocrx_word' id='word_1_607' title='bbox 3308 2264 3419 2309; x_wconf 92' lang='lat' dir='ltr'><strong>tum</strong></span> <span class='ocrx_word' id='word_1_608' title='bbox 3449 2256 3553 2309; x_wconf 90' lang='lat' dir='ltr'><strong>alia</strong></span> 
     </span>
    </p>
   </div>
   <div class='ocr_carea' id='block_1_87' title="bbox 1967 2325 3555 2395">
    <p class='ocr_par' dir='ltr' id='par_1_87' title="bbox 1967 2325 3555 2395">
     <span class='ocr_line' id='line_1_89' title="bbox 1967 2325 3555 2395; baseline 0.001 -16"><span class='ocrx_word' id='word_1_609' title='bbox 1967 2340 2154 2393; x_wconf 89' lang='lat' dir='ltr'><strong>opera,</strong></span> <span class='ocrx_word' id='word_1_610' title='bbox 2185 2341 2306 2394; x_wconf 79' lang='lat' dir='ltr'><strong>qua:</strong></span> <span class='ocrx_word' id='word_1_611' title='bbox 2334 2326 2386 2380; x_wconf 92' lang='lat' dir='ltr'><strong>in</strong></span> <span class='ocrx_word' id='word_1_612' title='bbox 2418 2326 2732 2395; x_wconf 71' lang='lat' dir='ltr'><strong>prmlatione</strong></span> <span class='ocrx_word' id='word_1_613' title='bbox 2762 2327 2882 2382; x_wconf 91' lang='lat' dir='ltr'><strong>libri</strong></span> <span class='ocrx_word' id='word_1_614' title='bbox 2912 2326 2979 2380; x_wconf 90' lang='lat' dir='ltr'><strong>de</strong></span> <span class='ocrx_word' id='word_1_615' title='bbox 3007 2325 3425 2394; x_wconf 85' lang='lat' dir='ltr'><strong>Orthographia,</strong></span> <span class='ocrx_word' id='word_1_616' title='bbox 3449 2325 3555 2395; x_wconf 90' lang='lat' dir='ltr'><strong>hoc</strong></span> 
     </span>
    </p>
   </div>
   <div class='ocr_carea' id='block_1_88' title="bbox 1965 2394 3552 2458">
    <p class='ocr_par' dir='ltr' id='par_1_88' title="bbox 1965 2394 3552 2458">
     <span class='ocr_line' id='line_1_90' title="bbox 1965 2394 3552 2458; baseline 0 -10"><span class='ocrx_word' id='word_1_617' title='bbox 1965 2403 2248 2450; x_wconf 89' lang='lat' dir='ltr'><strong>enumerat</strong></span> <span class='ocrx_word' id='word_1_618' title='bbox 2301 2394 2537 2450; x_wconf 90' lang='lat' dir='ltr'><strong>ordine:</strong></span> <span class='ocrx_word' id='word_1_619' title='bbox 2595 2396 2727 2451; x_wconf 83' lang='lat' dir='ltr'><strong>Post</strong></span> <span class='ocrx_word' id='word_1_620' title='bbox 2773 2403 3064 2452; x_wconf 89' lang='lat' dir='ltr'><strong>commenta</strong></span> <span class='ocrx_word' id='word_1_621' title='bbox 3126 2396 3392 2457; x_wconf 84' lang='lat' dir='ltr'><strong>l’salterii,</strong></span> <span class='ocrx_word' id='word_1_622' title='bbox 3441 2394 3552 2458; x_wconf 90' lang='lat' dir='ltr'><strong>ubi,</strong></span> 
     </span>
    </p>
   </div>
   <div class='ocr_carea' id='block_1_89' title="bbox 1964 2465 3553 2534">
    <p class='ocr_par' dir='ltr' id='par_1_89' title="bbox 1964 2465 3553 2534">
     <span class='ocr_line' id='line_1_91' title="bbox 1964 2465 3553 2534; baseline 0 -16"><span class='ocrx_word' id='word_1_623' title='bbox 1964 2473 2245 2534; x_wconf 72' lang='lat' dir='ltr'><strong>praestante</strong></span> <span class='ocrx_word' id='word_1_624' title='bbox 2270 2465 2518 2531; x_wconf 87' lang='lat' dir='ltr'><strong>Domino,</strong></span> <span class='ocrx_word' id='word_1_625' title='bbox 2542 2467 2895 2520; x_wconf 85' lang='lat' dir='ltr'><strong>conversionis</strong></span> <span class='ocrx_word' id='word_1_626' title='bbox 2928 2483 3055 2520; x_wconf 71' lang='lat' dir='ltr'><strong>metu</strong></span> <span class='ocrx_word' id='word_1_627' title='bbox 3075 2474 3306 2534; x_wconf 85' lang='lat' dir='ltr'><strong>tempore</strong></span> <span class='ocrx_word' id='word_1_628' title='bbox 3327 2465 3553 2533; x_wconf 79' lang='lat' dir='ltr'><strong>primum</strong></span> 
     </span>
    </p>
   </div>
   <div class='ocr_carea' id='block_1_90' title="bbox 1965 2534 3550 2607">
    <p class='ocr_par' dir='ltr' id='par_1_90' title="bbox 1965 2534 3550 2607">
     <span class='ocr_line' id='line_1_92' title="bbox 1965 2534 3550 2607; baseline 0.001 -20"><span class='ocrx_word' id='word_1_629' title='bbox 1965 2537 2192 2607; x_wconf 86' lang='lat' dir='ltr'><strong>studium</strong></span> <span class='ocrx_word' id='word_1_630' title='bbox 2212 2534 2407 2590; x_wconf 90' lang='lat' dir='ltr'><strong>labaris</strong></span> <span class='ocrx_word' id='word_1_631' title='bbox 2434 2537 2680 2606; x_wconf 87' lang='lat' dir='ltr'><strong>impendi.</strong></span> <span class='ocrx_word' id='word_1_632' title='bbox 2712 2537 2773 2589; x_wconf 75' lang='lat'><strong>2°</strong></span> <span class='ocrx_word' id='word_1_633' title='bbox 2797 2537 2998 2590; x_wconf 89' lang='lat' dir='ltr'><strong>Deinde</strong></span> <span class='ocrx_word' id='word_1_634' title='bbox 3029 2546 3143 2607; x_wconf 87' lang='lat' dir='ltr'><strong>post</strong></span> <span class='ocrx_word' id='word_1_635' title='bbox 3181 2537 3550 2607; x_wconf 84' lang='lat' dir='ltr'><strong>institutiones,</strong></span> 
     </span>
    </p>
   </div>
   <div class='ocr_carea' id='block_1_91' title="bbox 2032 2605 3552 2676">
    <p class='ocr_par' dir='ltr' id='par_1_91' title="bbox 2032 2605 3552 2676">
     <span class='ocr_line' id='line_1_93' title="bbox 2032 2605 3552 2676; baseline 0 -18"><span class='ocrx_word' id='word_1_636' title='bbox 2032 2606 2394 2676; x_wconf 88' lang='lat' dir='ltr'><strong>emadmodum</strong></span> <span class='ocrx_word' id='word_1_637' title='bbox 2449 2605 2638 2676; x_wconf 67' lang='lat' dir='ltr'><strong>divina</strong></span> <span class='ocrx_word' id='word_1_638' title='bbox 2682 2617 2732 2660; x_wconf 88' lang='lat' dir='ltr'><strong>et</strong></span> <span class='ocrx_word' id='word_1_639' title='bbox 2775 2605 3035 2661; x_wconf 52' lang='lat' dir='ltr'><strong>humana!</strong></span> <span class='ocrx_word' id='word_1_640' title='bbox 3061 2606 3281 2660; x_wconf 88' lang='lat' dir='ltr'><strong>debeant</strong></span> <span class='ocrx_word' id='word_1_641' title='bbox 3330 2605 3552 2676; x_wconf 84' lang='lat' dir='ltr'><strong>intelligi</strong></span> 
     </span>
    </p>
   </div>
   <div class='ocr_carea' id='block_1_92' title="bbox 1985 2675 3550 2747">
    <p class='ocr_par' dir='ltr' id='par_1_92' title="bbox 1985 2675 3550 2747">
     <span class='ocr_line' id='line_1_94' title="bbox 1985 2675 3550 2747; baseline 0.001 -19"><span class='ocrx_word' id='word_1_642' title='bbox 1985 2678 2210 2747; x_wconf 81' lang='lat' dir='ltr'><strong>ectiones</strong></span> <span class='ocrx_word' id='word_1_643' title='bbox 2237 2675 2432 2747; x_wconf 84' lang='lat' dir='ltr'><strong>duobus</strong></span> <span class='ocrx_word' id='word_1_644' title='bbox 2452 2675 2620 2743; x_wconf 85' lang='lat' dir='ltr'><strong>libris,</strong></span> <span class='ocrx_word' id='word_1_645' title='bbox 2648 2686 2704 2730; x_wconf 92' lang='lat' dir='ltr'><strong>ut</strong></span> <span class='ocrx_word' id='word_1_646' title='bbox 2735 2679 2936 2747; x_wconf 83' lang='lat' dir='ltr'><strong>Opinor,</strong></span> <span class='ocrx_word' id='word_1_647' title='bbox 2967 2677 3279 2747; x_wconf 64' lang='lat' dir='ltr'><strong>sufﬁcienter</strong></span> <span class='ocrx_word' id='word_1_648' title='bbox 3305 2675 3550 2743; x_wconf 85' lang='lat' dir='ltr'><strong>impletis,</strong></span> 
     </span>
    </p>
   </div>
   <div class='ocr_carea' id='block_1_93' title="bbox 1963 2743 3548 2819">
    <p class='ocr_par' dir='ltr' id='par_1_93' title="bbox 1963 2743 3548 2819">
     <span class='ocr_line' id='line_1_95' title="bbox 1963 2743 3548 2819; baseline 0.001 -23"><span class='ocrx_word' id='word_1_649' title='bbox 1963 2743 2051 2819; x_wconf 82' lang='lat' dir='ltr'><strong>ubi</strong></span> <span class='ocrx_word' id='word_1_650' title='bbox 2070 2746 2185 2814; x_wconf 88' lang='lat' dir='ltr'><strong>plus</strong></span> <span class='ocrx_word' id='word_1_651' title='bbox 2213 2746 2454 2819; x_wconf 54' lang='lat' dir='ltr'><strong>utilitatis</strong></span> <span class='ocrx_word' id='word_1_652' title='bbox 2473 2747 2699 2800; x_wconf 85' lang='lat' dir='ltr'><strong>invenies</strong></span> <span class='ocrx_word' id='word_1_653' title='bbox 2717 2743 2871 2819; x_wconf 82' lang='lat' dir='ltr'><strong>quam</strong></span> <span class='ocrx_word' id='word_1_654' title='bbox 2898 2743 3125 2819; x_wconf 49' lang='lat' dir='ltr'><strong>decoris;</strong></span> <span class='ocrx_word' id='word_1_655' title='bbox 3141 2747 3204 2799; x_wconf 78' lang='lat'><strong>3°</strong></span> <span class='ocrx_word' id='word_1_656' title='bbox 3234 2744 3363 2799; x_wconf 89' lang='lat' dir='ltr'><strong>Post</strong></span> <span class='ocrx_word' id='word_1_657' title='bbox 3389 2761 3548 2819; x_wconf 71' lang='lat' dir='ltr'><strong>expo—</strong></span> 
     </span>
    </p>
   </div>
   <div class='ocr_carea' id='block_1_94' title="bbox 1964 2814 3553 2886">
    <p class='ocr_par' dir='ltr' id='par_1_94' title="bbox 1964 2814 3553 2886">
     <span class='ocr_line' id='line_1_96' title="bbox 1964 2814 3553 2886; baseline 0.001 -19"><span class='ocrx_word' id='word_1_658' title='bbox 1964 2815 2203 2886; x_wconf 60' lang='lat' dir='ltr'><strong>sitionem</strong></span> <span class='ocrx_word' id='word_1_659' title='bbox 2244 2814 2500 2882; x_wconf 71' lang='lat' dir='ltr'><strong>Epistulae</strong></span> <span class='ocrx_word' id='word_1_660' title='bbox 2539 2833 2654 2886; x_wconf 78' lang='lat' dir='ltr'><strong>qua:</strong></span> <span class='ocrx_word' id='word_1_661' title='bbox 2691 2814 2931 2870; x_wconf 76' lang='lat' dir='ltr'><strong>scribitur</strong></span> <span class='ocrx_word' id='word_1_662' title='bbox 2974 2819 3043 2870; x_wconf 88' lang='lat' dir='ltr'><strong>ad</strong></span> <span class='ocrx_word' id='word_1_663' title='bbox 3084 2815 3384 2881; x_wconf 83' lang='lat' dir='ltr'><strong>Romanos,</strong></span> <span class='ocrx_word' id='word_1_664' title='bbox 3413 2815 3553 2869; x_wconf 87' lang='lat' dir='ltr'><strong>unde</strong></span> 
     </span>
    </p>
   </div>
   <div class='ocr_carea' id='block_1_95' title="bbox 1964 2881 3552 2956">
    <p class='ocr_par' dir='ltr' id='par_1_95' title="bbox 1964 2881 3552 2956">
     <span class='ocr_line' id='line_1_97' title="bbox 1964 2881 3552 2956; baseline 0.001 -20"><span class='ocrx_word' id='word_1_665' title='bbox 1964 2881 2270 2956; x_wconf 71' lang='lat' dir='ltr'><strong>Pelagiana:</strong></span> <span class='ocrx_word' id='word_1_666' title='bbox 2294 2881 2562 2938; x_wconf 62' lang='lat' dir='ltr'><strong>hereseos</strong></span> <span class='ocrx_word' id='word_1_667' title='bbox 2591 2887 2869 2956; x_wconf 83' lang='lat' dir='ltr'><strong>pravitates</strong></span> <span class='ocrx_word' id='word_1_668' title='bbox 2897 2887 3084 2946; x_wconf 85' lang='lat' dir='ltr'><strong>amovi,</strong></span> <span class='ocrx_word' id='word_1_669' title='bbox 3115 2886 3252 2956; x_wconf 78' lang='lat' dir='ltr'><strong>quod</strong></span> <span class='ocrx_word' id='word_1_670' title='bbox 3293 2887 3457 2956; x_wconf 88' lang='lat' dir='ltr'><strong>eti_am_</strong></span> <span class='ocrx_word' id='word_1_671' title='bbox 3496 2887 3552 2937; x_wconf 88' lang='lat' dir='ltr'><strong>in</strong></span> 
     </span>
    </p>
   </div>
   <div class='ocr_carea' id='block_1_96' title="bbox 1963 2954 3553 3026">
    <p class='ocr_par' dir='ltr' id='par_1_96' title="bbox 1963 2954 3553 3026">
     <span class='ocr_line' id='line_1_98' title="bbox 1963 2954 3553 3026; baseline 0.001 -20"><span class='ocrx_word' id='word_1_672' title='bbox 1963 2955 2161 3026; x_wconf 78' lang='lat' dir='ltr'><strong>reliquo</strong></span> <span class='ocrx_word' id='word_1_673' title='bbox 2181 2957 2548 3008; x_wconf 88' lang='lat' dir='ltr'><strong>commentario</strong></span> <span class='ocrx_word' id='word_1_674' title='bbox 2575 2954 2750 3026; x_wconf 71' lang='lat' dir='ltr'><strong>facere</strong></span> <span class='ocrx_word' id='word_1_675' title='bbox 2771 2966 3036 3025; x_wconf 86' lang='lat' dir='ltr'><strong>sequentes</strong></span> <span class='ocrx_word' id='word_1_676' title='bbox 3061 2954 3326 3009; x_wconf 85' lang='lat' dir='ltr'><strong>admonui.</strong></span> <span class='ocrx_word' id='word_1_677' title='bbox 3345 2954 3407 3005; x_wconf 68' lang='grc' dir='ltr'>ιο</span> <span class='ocrx_word' id='word_1_678' title='bbox 3422 2954 3553 3009; x_wconf 92' lang='lat' dir='ltr'><strong>Post</strong></span> 
     </span>
    </p>
   </div>
   <div class='ocr_carea' id='block_1_97' title="bbox 1965 3023 3552 3094">
    <p class='ocr_par' dir='ltr' id='par_1_97' title="bbox 1965 3023 3552 3094">
     <span class='ocr_line' id='line_1_99' title="bbox 1965 3023 3552 3094; baseline 0.001 -19"><span class='ocrx_word' id='word_1_679' title='bbox 1965 3023 2193 3094; x_wconf 80' lang='lat' dir='ltr'><strong>codicem</strong></span> <span class='ocrx_word' id='word_1_680' title='bbox 2217 3026 2272 3078; x_wconf 91' lang='lat' dir='ltr'><strong>in</strong></span> <span class='ocrx_word' id='word_1_681' title='bbox 2300 3041 2418 3094; x_wconf 6' lang='lat' dir='ltr'><strong>(qua</strong></span> <span class='ocrx_word' id='word_1_682' title='bbox 2446 3023 2585 3079; x_wconf 80' lang='lat' dir='ltr'><strong>artes</strong></span> <span class='ocrx_word' id='word_1_683' title='bbox 2621 3025 2813 3081; x_wconf 87' lang='lat' dir='ltr'><strong>Donati</strong></span> <span class='ocrx_word' id='word_1_684' title='bbox 2841 3023 2973 3080; x_wconf 80' lang='lat' dir='ltr'><strong>cum</strong></span> <span class='ocrx_word' id='word_1_685' title='bbox 3002 3026 3303 3094; x_wconf 79' lang='lat' dir='ltr'><strong>commentis</strong></span> <span class='ocrx_word' id='word_1_686' title='bbox 3339 3028 3467 3089; x_wconf 87' lang='lat' dir='ltr'><strong>suis,</strong></span> <span class='ocrx_word' id='word_1_687' title='bbox 3500 3033 3552 3077; x_wconf 90' lang='lat' dir='ltr'><strong>et</strong></span> 
     </span>
    </p>
   </div>
   <div class='ocr_carea' id='block_1_98' title="bbox 1964 3091 3553 3166">
    <p class='ocr_par' dir='ltr' id='par_1_98' title="bbox 1964 3091 3553 3166">
     <span class='ocr_line' id='line_1_100' title="bbox 1964 3091 3553 3166; baseline 0.001 -20"><span class='ocrx_word' id='word_1_688' title='bbox 1964 3091 2152 3166; x_wconf 67' lang='lat' dir='ltr'><strong>librum</strong></span> <span class='ocrx_word' id='word_1_689' title='bbox 2179 3095 2251 3166; x_wconf 82' lang='lat' dir='ltr'><strong>de</strong></span> <span class='ocrx_word' id='word_1_690' title='bbox 2275 3091 2636 3166; x_wconf 78' lang='lat' dir='ltr'><strong>Etymolagiis,</strong></span> <span class='ocrx_word' id='word_1_691' title='bbox 2666 3105 2716 3149; x_wconf 89' lang='lat' dir='ltr'><strong>et</strong></span> <span class='ocrx_word' id='word_1_692' title='bbox 2741 3097 2902 3150; x_wconf 89' lang='lat' dir='ltr'><strong>alium</strong></span> <span class='ocrx_word' id='word_1_693' title='bbox 2930 3095 3118 3149; x_wconf 77' lang='lat' dir='ltr'><strong>librant</strong></span> <span class='ocrx_word' id='word_1_694' title='bbox 3145 3093 3447 3166; x_wconf 82' lang='lat' dir='ltr'><strong>Sacerdotis</strong></span> <span class='ocrx_word' id='word_1_695' title='bbox 3487 3095 3553 3148; x_wconf 89' lang='lat' dir='ltr'><strong>de</strong></span> 
     </span>
    </p>
   </div>
   <div class='ocr_carea' id='block_1_99' title="bbox 1966 3162 3550 3236">
    <p class='ocr_par' dir='ltr' id='par_1_99' title="bbox 1966 3162 3550 3236">
     <span class='ocr_line' id='line_1_101' title="bbox 1966 3162 3550 3236; baseline 0 -20"><span class='ocrx_word' id='word_1_696' title='bbox 1966 3162 2362 3236; x_wconf 57' lang='lat' dir='ltr'><strong>Schematibus,</strong></span> <span class='ocrx_word' id='word_1_697' title='bbox 2390 3162 2616 3221; x_wconf 74' lang='lat' dir='ltr'><strong>Domino</strong></span> <span class='ocrx_word' id='word_1_698' title='bbox 2647 3177 2948 3235; x_wconf 70' lang='lat' dir='ltr'><strong>praestante,</strong></span> <span class='ocrx_word' id='word_1_699' title='bbox 2976 3167 3197 3236; x_wconf 85' lang='lat' dir='ltr'><strong>collegi:</strong></span> <span class='ocrx_word' id='word_1_700' title='bbox 3226 3175 3282 3217; x_wconf 88' lang='lat' dir='ltr'><strong>ut</strong></span> <span class='ocrx_word' id='word_1_701' title='bbox 3311 3164 3550 3236; x_wconf 79' lang='lat' dir='ltr'><strong>instructi</strong></span> 
     </span>
    </p>
   </div>
   <div class='ocr_carea' id='block_1_100' title="bbox 1892 3234 3551 3317">
    <p class='ocr_par' dir='ltr' id='par_1_100' title="bbox 1892 3234 3551 3317">
     <span class='ocr_line' id='line_1_102' title="bbox 1892 3234 3551 3317; baseline 0 -31"><span class='ocrx_word' id='word_1_702' title='bbox 1892 3254 1936 3317; x_wconf 69' lang='grc' dir='ltr'>ο</span> <span class='ocrx_word' id='word_1_703' title='bbox 1965 3234 2226 3317; x_wconf 73' lang='lat' dir='ltr'><strong>simplices</strong></span> <span class='ocrx_word' id='word_1_704' title='bbox 2268 3238 2488 3317; x_wconf 51' lang='lat' dir='ltr'><strong>fratres,</strong></span> <span class='ocrx_word' id='word_1_705' title='bbox 2506 3235 2590 3317; x_wconf 82' lang='lat' dir='ltr'><strong>ubi</strong></span> <span class='ocrx_word' id='word_1_706' title='bbox 2617 3234 2789 3317; x_wconf 57' lang='lat' dir='ltr'><strong>simile</strong></span> <span class='ocrx_word' id='word_1_707' title='bbox 2815 3239 2990 3317; x_wconf 68' lang='lat' dir='ltr'><strong>fuerit,</strong></span> <span class='ocrx_word' id='word_1_708' title='bbox 3032 3234 3226 3290; x_wconf 83' lang='lat' dir='ltr'><strong>similia</strong></span> <span class='ocrx_word' id='word_1_709' title='bbox 3273 3235 3551 3317; x_wconf 69' lang='lat' dir='ltr'><strong>dictasine</strong></span> 
     </span>
    </p>
   </div>
   <div class='ocr_carea' id='block_1_101' title="bbox 1966 3304 3553 3378">
    <p class='ocr_par' dir='ltr' id='par_1_101' title="bbox 1966 3304 3553 3378">
     <span class='ocr_line' id='line_1_103' title="bbox 1966 3304 3553 3378; baseline 0.001 -22"><span class='ocrx_word' id='word_1_710' title='bbox 1966 3304 2277 3375; x_wconf 80' lang='lat' dir='ltr'><strong>confusione</strong></span> <span class='ocrx_word' id='word_1_711' title='bbox 2292 3307 2607 3378; x_wconf 62' lang='lat' dir='ltr'><strong>percipiant.</strong></span> <span class='ocrx_word' id='word_1_712' title='bbox 2633 3307 2695 3359; x_wconf 83' lang='lat'><strong>5°</strong></span> <span class='ocrx_word' id='word_1_713' title='bbox 2733 3304 2858 3360; x_wconf 72' lang='lat' dir='ltr'><strong>Post</strong></span> <span class='ocrx_word' id='word_1_714' title='bbox 2901 3308 3090 3360; x_wconf 84' lang='lat' dir='ltr'><strong>librum</strong></span> <span class='ocrx_word' id='word_1_715' title='bbox 3135 3321 3333 3378; x_wconf 72' lang='lat' dir='ltr'><strong>quoque</strong></span> <span class='ocrx_word' id='word_1_716' title='bbox 3378 3304 3553 3378; x_wconf 75' lang='lat' dir='ltr'><strong>titulo-</strong></span> 
     </span>
    </p>
   </div>
   <div class='ocr_carea' id='block_1_102' title="bbox 1964 3374 3551 3446">
    <p class='ocr_par' dir='ltr' id='par_1_102' title="bbox 1964 3374 3551 3446">
     <span class='ocr_line' id='line_1_104' title="bbox 1964 3374 3551 3446; baseline 0.001 -20"><span class='ocrx_word' id='word_1_717' title='bbox 1964 3374 2100 3446; x_wconf 83' lang='lat' dir='ltr'><strong>rum,</strong></span> <span class='ocrx_word' id='word_1_718' title='bbox 2131 3391 2276 3443; x_wconf 83' lang='lat' dir='ltr'><strong>quem</strong></span> <span class='ocrx_word' id='word_1_719' title='bbox 2293 3374 2363 3428; x_wconf 88' lang='lat' dir='ltr'><strong>de</strong></span> <span class='ocrx_word' id='word_1_720' title='bbox 2382 3374 2556 3430; x_wconf 76' lang='lat' dir='ltr'><strong>divina</strong></span> <span class='ocrx_word' id='word_1_721' title='bbox 2579 3377 2852 3446; x_wconf 84' lang='lat' dir='ltr'><strong>Scriptura</strong></span> <span class='ocrx_word' id='word_1_722' title='bbox 2875 3374 3161 3440; x_wconf 72' lang='lat' dir='ltr'><strong>collectum;</strong></span> <span class='ocrx_word' id='word_1_723' title='bbox 3194 3374 3551 3429; x_wconf 79' lang='lat' dir='ltr'><strong>Memorialem</strong></span> 
     </span>
    </p>
   </div>
   <div class='ocr_carea' id='block_1_103' title="bbox 1963 3444 3550 3516">
    <p class='ocr_par' dir='ltr' id='par_1_103' title="bbox 1963 3444 3550 3516">
     <span class='ocr_line' id='line_1_105' title="bbox 1963 3444 3550 3516; baseline 0.001 -19"><span class='ocrx_word' id='word_1_724' title='bbox 1963 3444 2102 3516; x_wconf 66' lang='lat' dir='ltr'><strong>uolui</strong></span> <span class='ocrx_word' id='word_1_725' title='bbox 2148 3448 2472 3516; x_wconf 84' lang='lat' dir='ltr'><strong>nuncupari;</strong></span> <span class='ocrx_word' id='word_1_726' title='bbox 2527 3455 2583 3500; x_wconf 88' lang='lat' dir='ltr'><strong>ut</strong></span> <span class='ocrx_word' id='word_1_727' title='bbox 2639 3444 2860 3501; x_wconf 82' lang='lat' dir='ltr'><strong>breviter</strong></span> <span class='ocrx_word' id='word_1_728' title='bbox 2897 3457 3081 3500; x_wconf 88' lang='lat' dir='ltr'><strong>cuncta</strong></span> <span class='ocrx_word' id='word_1_729' title='bbox 3112 3452 3437 3516; x_wconf 81' lang='lat' dir='ltr'><strong>percurrunt,</strong></span> <span class='ocrx_word' id='word_1_730' title='bbox 3464 3445 3550 3516; x_wconf 86' lang='lat' dir='ltr'><strong>qui</strong></span> 
     </span>
    </p>
   </div>
   <div class='ocr_carea' id='block_1_104' title="bbox 1963 3512 3549 3586">
    <p class='ocr_par' dir='ltr' id='par_1_104' title="bbox 1963 3512 3549 3586">
     <span class='ocr_line' id='line_1_106' title="bbox 1963 3512 3549 3586; baseline -0.001 -19"><span class='ocrx_word' id='word_1_731' title='bbox 1963 3512 2130 3586; x_wconf 73' lang='lat' dir='ltr'><strong>legere</strong></span> <span class='ocrx_word' id='word_1_732' title='bbox 2162 3512 2383 3586; x_wconf 60' lang='lat' dir='ltr'><strong>proliaa</strong></span> <span class='ocrx_word' id='word_1_733' title='bbox 2425 3517 2719 3586; x_wconf 82' lang='lat' dir='ltr'><strong>fastidiunt.</strong></span> <span class='ocrx_word' id='word_1_734' title='bbox 2779 3516 2840 3570; x_wconf 80' lang='lat'><strong>6°</strong></span> <span class='ocrx_word' id='word_1_735' title='bbox 2899 3518 3025 3571; x_wconf 88' lang='lat' dir='ltr'><strong>Post</strong></span> <span class='ocrx_word' id='word_1_736' title='bbox 3067 3512 3445 3585; x_wconf 75' lang='lat' dir='ltr'><strong>complexiones</strong></span> <span class='ocrx_word' id='word_1_737' title='bbox 3477 3512 3549 3568; x_wconf 60' lang='lat' dir='ltr'><strong>&#39;in</strong></span> 
     </span>
    </p>
   </div>
   <div class='ocr_carea' id='block_1_105' title="bbox 1961 3581 3550 3654">
    <p class='ocr_par' dir='ltr' id='par_1_105' title="bbox 1961 3581 3550 3654">
     <span class='ocr_line' id='line_1_107' title="bbox 1961 3581 3550 3654; baseline -0.001 -16"><span class='ocrx_word' id='word_1_738' title='bbox 1961 3581 2216 3654; x_wconf 79' lang='lat' dir='ltr'><strong>Epistolis</strong></span> <span class='ocrx_word' id='word_1_739' title='bbox 2267 3581 2638 3654; x_wconf 80' lang='lat' dir='ltr'><strong>apostolorum,</strong></span> <span class='ocrx_word' id='word_1_740' title='bbox 2690 3597 2740 3640; x_wconf 85' lang='lat' dir='ltr'><strong>et</strong></span> <span class='ocrx_word' id='word_1_741' title='bbox 2791 3588 3004 3641; x_wconf 84' lang='lat' dir='ltr'><strong>Actibus</strong></span> <span class='ocrx_word' id='word_1_742' title='bbox 3069 3581 3452 3654; x_wconf 79' lang='lat' dir='ltr'><strong>apostolorum,</strong></span> <span class='ocrx_word' id='word_1_743' title='bbox 3500 3593 3550 3637; x_wconf 89' lang='lat' dir='ltr'><strong>et</strong></span> 
     </span>
    </p>
   </div>
   <div class='ocr_carea' id='block_1_106' title="bbox 1961 3653 3546 3728">
    <p class='ocr_par' dir='ltr' id='par_1_106' title="bbox 1961 3653 3546 3728">
     <span class='ocr_line' id='line_1_108' title="bbox 1961 3653 3546 3728; baseline 0 -20"><span class='ocrx_word' id='word_1_744' title='bbox 1961 3653 2475 3728; x_wconf 13' lang='lat' dir='ltr'><strong>épocalypsi,iquasi</strong></span> <span class='ocrx_word' id='word_1_745' title='bbox 2504 3656 2828 3711; x_wconf 81' lang='lat' dir='ltr'><strong>brevissimus</strong></span> <span class='ocrx_word' id='word_1_746' title='bbox 2858 3653 3250 3728; x_wconf 76' lang='lat' dir='ltr'><strong>explanationes</strong></span> <span class='ocrx_word' id='word_1_747' title='bbox 3281 3657 3546 3728; x_wconf 77' lang='lat' dir='ltr'><strong>decursus.</strong></span> 
     </span>
    </p>
   </div>
   <div class='ocr_carea' id='block_1_107' title="bbox 1962 3721 3548 3798">
    <p class='ocr_par' dir='ltr' id='par_1_107' title="bbox 1962 3721 3548 3798">
     <span class='ocr_line' id='line_1_109' title="bbox 1962 3721 3548 3798; baseline 0.001 -23"><span class='ocrx_word' id='word_1_748' title='bbox 1962 3721 2024 3775; x_wconf 81' lang='lat'><strong>7°</strong></span> <span class='ocrx_word' id='word_1_749' title='bbox 2049 3725 2130 3798; x_wconf 81' lang='lat' dir='ltr'><strong>Ad</strong></span> <span class='ocrx_word' id='word_1_750' title='bbox 2155 3721 2539 3798; x_wconf 68' lang='lat' dir='ltr'><strong>amantissimos</strong></span> <span class='ocrx_word' id='word_1_751' title='bbox 2581 3721 2954 3798; x_wconf 74' lang='lat' dir='ltr'><strong>orthographos</strong></span> <span class='ocrx_word' id='word_1_752' title='bbox 3009 3725 3357 3781; x_wconf 71' lang='lat' dir='ltr'><strong>discutiendae</strong></span> <span class='ocrx_word' id='word_1_753' title='bbox 3408 3739 3548 3778; x_wconf 86' lang='lat' dir='ltr'><strong>anno</strong></span> 
     </span>
    </p>
   </div>
   <div class='ocr_carea' id='block_1_108' title="bbox 1961 3796 3235 3868">
    <p class='ocr_par' dir='ltr' id='par_1_108' title="bbox 1961 3796 3235 3868">
     <span class='ocr_line' id='line_1_110' title="bbox 1961 3796 3235 3868; baseline 0.002 -22"><span class='ocrx_word' id='word_1_754' title='bbox 1961 3797 2288 3868; x_wconf 74' lang='lat' dir='ltr'><strong>cetqti§_m_ete</strong></span> <span class='ocrx_word' id='word_1_755' title='bbox 2316 3796 2404 3868; x_wconf 65' lang='lat'><strong>9&#39;5,</strong></span> <span class='ocrx_word' id='word_1_756' title='bbox 2440 3796 2664 3852; x_wconf 90' lang='lat' dir='ltr'><strong>Domino</strong></span> <span class='ocrx_word' id='word_1_757' title='bbox 2686 3796 2981 3868; x_wconf 80' lang='lat' dir='ltr'><strong>adjuvante,</strong></span> <span class='ocrx_word' id='word_1_758' title='bbox 3009 3800 3235 3867; x_wconf 84' lang='lat' dir='ltr'><strong>perveni.</strong></span> 
     </span>
    </p>
   </div>
   <div class='ocr_carea' id='block_1_109' title="bbox 2037 3863 3552 3938">
    <p class='ocr_par' dir='ltr' id='par_1_109' title="bbox 2037 3863 3552 3938">
     <span class='ocr_line' id='line_1_111' title="bbox 2037 3863 3552 3938; baseline 0 -21"><span class='ocrx_word' id='word_1_759' title='bbox 2037 3864 2064 3934; x_wconf 77' lang='lat'>§</span> <span class='ocrx_word' id='word_1_760' title='bbox 2105 3863 2264 3938; x_wconf 68' lang='lat' dir='ltr'><strong>X[_.Il.</strong></span> <span class='ocrx_word' id='word_1_761' title='bbox 2307 3864 2421 3930; x_wconf 86' lang='lat' dir='ltr'><strong>Quo</strong></span> <span class='ocrx_word' id='word_1_762' title='bbox 2450 3868 2632 3938; x_wconf 86' lang='lat' dir='ltr'><strong>ordine</strong></span> <span class='ocrx_word' id='word_1_763' title='bbox 2659 3863 2816 3923; x_wconf 67' lang='lat' dir='ltr'><strong>libros</strong></span> <span class='ocrx_word' id='word_1_764' title='bbox 2836 3884 2957 3922; x_wconf 88' lang='lat' dir='ltr'><strong>suos</strong></span> <span class='ocrx_word' id='word_1_765' title='bbox 2978 3863 3318 3938; x_wconf 83' lang='lat' dir='ltr'><strong>composuerit</strong></span> <span class='ocrx_word' id='word_1_766' title='bbox 3345 3864 3552 3938; x_wconf 70' lang='lat' dir='ltr'><strong>Cassio..-</strong></span> 
     </span>
    </p>
   </div>
   <div class='ocr_carea' id='block_1_110' title="bbox 1960 3933 3555 4008">
    <p class='ocr_par' dir='ltr' id='par_1_110' title="bbox 1960 3933 3555 4008">
     <span class='ocr_line' id='line_1_112' title="bbox 1960 3933 3555 4008; baseline 0.002 -21"><span class='ocrx_word' id='word_1_767' title='bbox 1960 3933 2137 3989; x_wconf 83' lang='lat' dir='ltr'><strong>dorus.</strong></span> <span class='ocrx_word' id='word_1_768' title='bbox 2167 3933 2464 3992; x_wconf 88' lang='lat' dir='ltr'><strong>Luculenta</strong></span> <span class='ocrx_word' id='word_1_769' title='bbox 2491 3937 2736 4008; x_wconf 75' lang='lat' dir='ltr'><strong>profecto</strong></span> <span class='ocrx_word' id='word_1_770' title='bbox 2766 3939 2882 3993; x_wconf 74' lang='lat' dir='ltr'><strong>haec</strong></span> <span class='ocrx_word' id='word_1_771' title='bbox 2909 3939 3071 3992; x_wconf 90' lang='lat' dir='ltr'><strong>verba</strong></span> <span class='ocrx_word' id='word_1_772' title='bbox 3092 3933 3227 3991; x_wconf 80' lang='lat' dir='ltr'><strong>sunt</strong></span> <span class='ocrx_word' id='word_1_773' title='bbox 3253 3946 3310 3991; x_wconf 91' lang='lat' dir='ltr'><strong>et</strong></span> <span class='ocrx_word' id='word_1_774' title='bbox 3337 3937 3555 4008; x_wconf 83' lang='lat' dir='ltr'><strong>pe_rspi-.</strong></span> 
     </span>
    </p>
   </div>
   <div class='ocr_carea' id='block_1_111' title="bbox 1959 4004 3542 4078">
    <p class='ocr_par' dir='ltr' id='par_1_111' title="bbox 1959 4004 3542 4078">
     <span class='ocr_line' id='line_1_113' title="bbox 1959 4004 3542 4078; baseline 0.001 -21"><span class='ocrx_word' id='word_1_775' title='bbox 1959 4019 2098 4078; x_wconf 77' lang='lat' dir='ltr'><strong>cna:</strong></span> <span class='ocrx_word' id='word_1_776' title='bbox 2132 4021 2202 4060; x_wconf 91' lang='lat' dir='ltr'><strong>an</strong></span> <span class='ocrx_word' id='word_1_777' title='bbox 2253 4015 2454 4070; x_wconf 85' lang='lat' dir='ltr'><strong>tamen,</strong></span> <span class='ocrx_word' id='word_1_778' title='bbox 2488 4004 2648 4078; x_wconf 79' lang='lat' dir='ltr'><strong>quem</strong></span> <span class='ocrx_word' id='word_1_779' title='bbox 2677 4008 2840 4063; x_wconf 90' lang='lat' dir='ltr'><strong>modo</strong></span> <span class='ocrx_word' id='word_1_780' title='bbox 2877 4008 3265 4078; x_wconf 79' lang='lat' dir='ltr'><strong>recensuimus,</strong></span> <span class='ocrx_word' id='word_1_781' title='bbox 3286 4004 3542 4078; x_wconf 76' lang='lat' dir='ltr'><strong>ordinem</strong></span> 
     </span>
    </p>
   </div>
   <div class='ocr_carea' id='block_1_112' title="bbox 1959 4073 3554 4145">
    <p class='ocr_par' dir='ltr' id='par_1_112' title="bbox 1959 4073 3554 4145">
     <span class='ocr_line' id='line_1_114' title="bbox 1959 4073 3554 4145; baseline 0.002 -18"><span class='ocrx_word' id='word_1_782' title='bbox 1959 4073 2013 4128; x_wconf 93' lang='lat' dir='ltr'><strong>in</strong></span> <span class='ocrx_word' id='word_1_783' title='bbox 2043 4091 2267 4145; x_wconf 89' lang='lat' dir='ltr'><strong>operum</strong></span> <span class='ocrx_word' id='word_1_784' title='bbox 2289 4073 2526 4133; x_wconf 85' lang='lat' dir='ltr'><strong>editioné</strong></span> <span class='ocrx_word' id='word_1_785' title='bbox 2547 4079 2617 4132; x_wconf 89' lang='lat' dir='ltr'><strong>sit</strong></span> <span class='ocrx_word' id='word_1_786' title='bbox 2645 4077 3243 4139; x_wconf 86' lang='lat' dir='ltr'><strong>secutusCassiodorus,</strong></span> <span class='ocrx_word' id='word_1_787' title='bbox 3267 4074 3554 4145; x_wconf 84' lang='lat' dir='ltr'><strong>dubitandi</strong></span> 
     </span>
    </p>
   </div>
   <div class='ocr_carea' id='block_1_113' title="bbox 1959 4143 3548 4230">
    <p class='ocr_par' dir='ltr' id='par_1_113' title="bbox 1959 4143 3548 4230">
     <span class='ocr_line' id='line_1_115' title="bbox 1959 4143 3548 4230; baseline -0.002 -31"><span class='ocrx_word' id='word_1_788' title='bbox 1959 4143 2144 4230; x_wconf 72' lang='lat' dir='ltr'><strong>ansam</strong></span> <span class='ocrx_word' id='word_1_789' title='bbox 2176 4147 2261 4202; x_wconf 92' lang='lat' dir='ltr'><strong>vel</strong></span> <span class='ocrx_word' id='word_1_790' title='bbox 2291 4148 2420 4230; x_wconf 62' lang='lat' dir='ltr'><strong>illud</strong></span> <span class='ocrx_word' id='word_1_791' title='bbox 2454 4149 2880 4230; x_wconf 80' lang='lat' dir='ltr'><strong>unumpraebet,</strong></span> <span class='ocrx_word' id='word_1_792' title='bbox 2912 4146 3076 4230; x_wconf 80' lang='lat' dir='ltr'><strong>quod_</strong></span> <span class='ocrx_word' id='word_1_793' title='bbox 3098 4147 3152 4199; x_wconf 90' lang='lat' dir='ltr'><strong>in</strong></span> <span class='ocrx_word' id='word_1_794' title='bbox 3186 4143 3548 4230; x_wconf 73' lang='lat' dir='ltr'><strong>prioribusli-</strong></span> 
     </span>
    </p>
   </div>
   <div class='ocr_carea' id='block_1_114' title="bbox 1955 4213 3545 4286">
    <p class='ocr_par' dir='ltr' id='par_1_114' title="bbox 1955 4213 3545 4286">
     <span class='ocr_line' id='line_1_116' title="bbox 1955 4213 3545 4286; baseline -0.001 -18"><span class='ocrx_word' id='word_1_795' title='bbox 1955 4213 2071 4286; x_wconf 82' lang='lat' dir='ltr'><strong>bris</strong></span> <span class='ocrx_word' id='word_1_796' title='bbox 2097 4230 2285 4270; x_wconf 89' lang='lat' dir='ltr'><strong>eorum</strong></span> <span class='ocrx_word' id='word_1_797' title='bbox 2308 4217 2472 4272; x_wconf 85' lang='lat' dir='ltr'><strong>faciat</strong></span> <span class='ocrx_word' id='word_1_798' title='bbox 2498 4213 2846 4281; x_wconf 86' lang='lat' dir='ltr'><strong>mentionem,</strong></span> <span class='ocrx_word' id='word_1_799' title='bbox 2885 4213 3023 4286; x_wconf 83' lang='lat' dir='ltr'><strong>quos</strong></span> <span class='ocrx_word' id='word_1_800' title='bbox 3062 4213 3240 4286; x_wconf 59' lang='lat' dir='ltr'><strong>longo</strong></span> <span class='ocrx_word' id='word_1_801' title='bbox 3253 4222 3377 4282; x_wconf 90' lang='lat' dir='ltr'><strong>post</strong></span> <span class='ocrx_word' id='word_1_802' title='bbox 3403 4219 3545 4286; x_wconf 85' lang='lat' dir='ltr'><strong>tem-</strong></span> 
     </span>
    </p>
   </div>
   <div class='ocr_carea' id='block_1_115' title="bbox 1955 4284 3548 4356">
    <p class='ocr_par' dir='ltr' id='par_1_115' title="bbox 1955 4284 3548 4356">
     <span class='ocr_line' id='line_1_117' title="bbox 1955 4284 3548 4356; baseline 0 -19"><span class='ocrx_word' id='word_1_803' title='bbox 1955 4285 2104 4356; x_wconf 81' lang='lat' dir='ltr'><strong>poris</strong></span> <span class='ocrx_word' id='word_1_804' title='bbox 2134 4294 2318 4356; x_wconf 81' lang='lat' dir='ltr'><strong>tractu</strong></span> <span class='ocrx_word' id='word_1_805' title='bbox 2349 4287 2628 4356; x_wconf 87' lang='lat' dir='ltr'><strong>scripsisse</strong></span> <span class='ocrx_word' id='word_1_806' title='bbox 2656 4303 2716 4342; x_wconf 89' lang='lat' dir='ltr'><strong>se</strong></span> <span class='ocrx_word' id='word_1_807' title='bbox 2757 4284 3168 4356; x_wconf 82' lang='lat' dir='ltr'><strong>commemorat.</strong></span> <span class='ocrx_word' id='word_1_808' title='bbox 3202 4284 3280 4356; x_wconf 78' lang='lat' dir='ltr'><strong>Et</strong></span> <span class='ocrx_word' id='word_1_809' title='bbox 3314 4289 3462 4356; x_wconf 73' lang='lat' dir='ltr'><strong>certe</strong></span> <span class='ocrx_word' id='word_1_810' title='bbox 3492 4284 3548 4356; x_wconf 82' lang='lat' dir='ltr'><strong>in</strong></span> 
     </span>
    </p>
   </div>
   <div class='ocr_carea' id='block_1_116' title="bbox 1995 4353 3546 4412">
    <p class='ocr_par' dir='ltr' id='par_1_116' title="bbox 1995 4353 3546 4412">
     <span class='ocr_line' id='line_1_118' title="bbox 1995 4353 3546 4412; baseline 0 -4"><span class='ocrx_word' id='word_1_811' title='bbox 1995 4353 2270 4410; x_wconf 69' lang='lat' dir='ltr'><strong>mfatione</strong></span> <span class='ocrx_word' id='word_1_812' title='bbox 2288 4353 2675 4412; x_wconf 84' lang='lat' dir='ltr'><strong>Commentarii</strong></span> <span class='ocrx_word' id='word_1_813' title='bbox 2697 4358 2749 4411; x_wconf 89' lang='lat' dir='ltr'><strong>in</strong></span> <span class='ocrx_word' id='word_1_814' title='bbox 2772 4355 3014 4411; x_wconf 86' lang='lat' dir='ltr'><strong>Psalmos</strong></span> <span class='ocrx_word' id='word_1_815' title='bbox 3033 4357 3224 4410; x_wconf 90' lang='lat' dir='ltr'><strong>librum</strong></span> <span class='ocrx_word' id='word_1_816' title='bbox 3251 4354 3320 4411; x_wconf 88' lang='lat' dir='ltr'><strong>de</strong></span> <span class='ocrx_word' id='word_1_817' title='bbox 3343 4354 3546 4409; x_wconf 88' lang='lat' dir='ltr'><strong>Divinis</strong></span> 
     </span>
    </p>
   </div>
   <div class='ocr_carea' id='block_1_117' title="bbox 2003 4423 3546 4497">
    <p class='ocr_par' dir='ltr' id='par_1_117' title="bbox 2003 4423 3546 4497">
     <span class='ocr_line' id='line_1_119' title="bbox 2003 4423 3546 4497; baseline 0.002 -20"><span class='ocrx_word' id='word_1_818' title='bbox 2003 4423 2174 4497; x_wconf 86' lang='lat' dir='ltr'><strong>itteris</strong></span> <span class='ocrx_word' id='word_1_819' title='bbox 2196 4427 2331 4497; x_wconf 73' lang='lat' dir='ltr'><strong>citat</strong></span> <span class='ocrx_word' id='word_1_820' title='bbox 2352 4427 2404 4479; x_wconf 91' lang='lat' dir='ltr'><strong>in</strong></span> <span class='ocrx_word' id='word_1_821' title='bbox 2435 4426 2552 4497; x_wconf 64' lang='lat' dir='ltr'><strong>hinc</strong></span> <span class='ocrx_word' id='word_1_822' title='bbox 2582 4427 2743 4481; x_wconf 88' lang='lat' dir='ltr'><strong>verba</strong></span> <span class='ocrx_word' id='word_1_823' title='bbox 2778 4444 2791 4478; x_wconf 95' lang='lat'><strong>:</strong></span> <span class='ocrx_word' id='word_1_824' title='bbox 2823 4426 2902 4479; x_wconf 91' lang='lat' dir='ltr'><strong>De</strong></span> <span class='ocrx_word' id='word_1_825' title='bbox 2930 4428 3074 4496; x_wconf 84' lang='lat' dir='ltr'><strong>cujus</strong></span> <span class='ocrx_word' id='word_1_826' title='bbox 3101 4427 3410 4497; x_wconf 72' lang='lat' dir='ltr'><strong>eloquentiw</strong></span> <span class='ocrx_word' id='word_1_827' title='bbox 3433 4441 3546 4480; x_wconf 86' lang='lat' dir='ltr'><strong>mo-</strong></span> 
     </span>
    </p>
   </div>
   <div class='ocr_carea' id='block_1_118' title="bbox 1955 4495 3549 4568">
    <p class='ocr_par' dir='ltr' id='par_1_118' title="bbox 1955 4495 3549 4568">
     <span class='ocr_line' id='line_1_120' title="bbox 1955 4495 3549 4568; baseline 0.002 -22"><span class='ocrx_word' id='word_1_828' title='bbox 1955 4495 2036 4548; x_wconf 86' lang='lat' dir='ltr'><strong>dis</strong></span> <span class='ocrx_word' id='word_1_829' title='bbox 2068 4496 2227 4568; x_wconf 80' lang='lat' dir='ltr'><strong>ntulti</strong></span> <span class='ocrx_word' id='word_1_830' title='bbox 2253 4495 2442 4568; x_wconf 80' lang='lat' dir='ltr'><strong>Patres</strong></span> <span class='ocrx_word' id='word_1_831' title='bbox 2469 4496 2627 4568; x_wconf 84' lang='lat' dir='ltr'><strong>latius</strong></span> <span class='ocrx_word' id='word_1_832' title='bbox 2660 4495 3013 4568; x_wconf 74' lang='lat' dir='ltr'><strong>prolixiusque</strong></span> <span class='ocrx_word' id='word_1_833' title='bbox 3039 4495 3302 4561; x_wconf 70' lang='lat' dir='ltr'><strong>dixerunt,</strong></span> <span class='ocrx_word' id='word_1_834' title='bbox 3331 4511 3549 4568; x_wconf 80' lang='lat' dir='ltr'><strong>quorum</strong></span> 
     </span>
    </p>
   </div>
   <div class='ocr_carea' id='block_1_119' title="bbox 1956 4565 3549 4637">
    <p class='ocr_par' dir='ltr' id='par_1_119' title="bbox 1956 4565 3549 4637">
     <span class='ocr_line' id='line_1_121' title="bbox 1956 4565 3549 4637; baseline 0.002 -20"><span class='ocrx_word' id='word_1_835' title='bbox 1956 4566 2171 4637; x_wconf 85' lang='lat' dir='ltr'><strong>nomina</strong></span> <span class='ocrx_word' id='word_1_836' title='bbox 2211 4567 2288 4637; x_wconf 90' lang='lat' dir='ltr'><strong>in_</strong></span> <span class='ocrx_word' id='word_1_837' title='bbox 2304 4565 2480 4637; x_wconf 75' lang='lat' dir='ltr'><strong>libris</strong></span> <span class='ocrx_word' id='word_1_838' title='bbox 2507 4565 2895 4637; x_wconf 84' lang='lat' dir='ltr'><strong>introductoriis</strong></span> <span class='ocrx_word' id='word_1_839' title='bbox 2930 4565 3391 4637; x_wconf 78' lang='lat' dir='ltr'><strong>commemoranda</strong></span> <span class='ocrx_word' id='word_1_840' title='bbox 3429 4583 3549 4637; x_wconf 83' lang='lat' dir='ltr'><strong>per-</strong></span> 
     </span>
    </p>
   </div>
   <div class='ocr_carea' id='block_1_120' title="bbox 270 4633 3545 4708">
    <p class='ocr_par' dir='ltr' id='par_1_120' title="bbox 270 4633 3545 4708">
     <span class='ocr_line' id='line_1_122' title="bbox 270 4633 3545 4708; baseline 0.001 -21"><span class='ocrx_word' id='word_1_841' title='bbox 270 4634 614 4708; x_wconf 81' lang='lat' dir='ltr'><strong>perl&#39;ectionis</strong></span> <span class='ocrx_word' id='word_1_842' title='bbox 663 4636 872 4708; x_wconf 83' lang='lat' dir='ltr'><strong>apicem</strong></span> <span class='ocrx_word' id='word_1_843' title='bbox 911 4638 1072 4708; x_wconf 77' lang='lat' dir='ltr'><strong>citius</strong></span> <span class='ocrx_word' id='word_1_844' title='bbox 1111 4635 1490 4708; x_wconf 58' lang='lat' dir='ltr'><strong>escenderent.</strong></span> <span class='ocrx_word' id='word_1_845' title='bbox 1545 4633 1854 4708; x_wconf 62' lang='lat' dir='ltr'><strong>Cassianum</strong></span> <span class='ocrx_word' id='word_1_846' title='bbox 1887 4638 1931 4695; x_wconf 86' lang='grc' dir='ltr'><strong>ι)</strong></span> <span class='ocrx_word' id='word_1_847' title='bbox 1956 4636 2240 4708; x_wconf 71' lang='lat' dir='ltr'><strong>speximus.</strong></span> <span class='ocrx_word' id='word_1_848' title='bbox 2269 4635 2512 4708; x_wconf 84' lang='lat' dir='ltr'><strong>Meminit</strong></span> <span class='ocrx_word' id='word_1_849' title='bbox 2540 4637 2703 4708; x_wconf 88' lang='lat' dir='ltr'><strong>etiam</strong></span> <span class='ocrx_word' id='word_1_850' title='bbox 2721 4637 2841 4690; x_wconf 90' lang='lat' dir='ltr'><strong>libri</strong></span> <span class='ocrx_word' id='word_1_851' title='bbox 2865 4636 2932 4708; x_wconf 77' lang='lat' dir='ltr'><strong>de</strong></span> <span class='ocrx_word' id='word_1_852' title='bbox 2953 4636 3264 4693; x_wconf 83' lang='lat' dir='ltr'><strong>Geometria</strong></span> <span class='ocrx_word' id='word_1_853' title='bbox 3293 4637 3347 4708; x_wconf 89' lang='lat' dir='ltr'><strong>in</strong></span> <span class='ocrx_word' id='word_1_854' title='bbox 3372 4633 3545 4692; x_wconf 78' lang='lat' dir='ltr'><strong>versi-</strong></span> 
     </span>
    </p>
   </div>
   <div class='ocr_carea' id='block_1_121' title="bbox 271 4703 1850 4777">
    <p class='ocr_par' dir='ltr' id='par_1_121' title="bbox 271 4703 1850 4777">
     <span class='ocr_line' id='line_1_123' title="bbox 271 4703 1850 4777; baseline 0.001 -21"><span class='ocrx_word' id='word_1_855' title='bbox 271 4703 644 4776; x_wconf 79' lang='lat' dir='ltr'><strong>presbyterum,</strong></span> <span class='ocrx_word' id='word_1_856' title='bbox 683 4703 854 4774; x_wconf 82' lang='lat' dir='ltr'><strong>inquit</strong></span> <span class='ocrx_word' id='word_1_857' title='bbox 904 4705 1042 4777; x_wconf 87' lang='lat' dir='ltr'><strong>(Lib.</strong></span> <span class='ocrx_word' id='word_1_858' title='bbox 1103 4705 1217 4760; x_wconf 89' lang='lat' dir='ltr'><strong>Div.</strong></span> <span class='ocrx_word' id='word_1_859' title='bbox 1250 4703 1403 4768; x_wconf 85' lang='lat' dir='ltr'><strong>Litt.,</strong></span> <span class='ocrx_word' id='word_1_860' title='bbox 1437 4722 1553 4777; x_wconf 83' lang='lat' dir='ltr'><strong>cap.</strong></span> <span class='ocrx_word' id='word_1_861' title='bbox 1597 4703 1712 4776; x_wconf 69' lang='grc'><strong>29),</strong></span> <span class='ocrx_word' id='word_1_862' title='bbox 1754 4704 1850 4777; x_wconf 79' lang='lat' dir='ltr'><strong>qui</strong></span> 
     </span>
    </p>
   </div>
   <div class='ocr_carea' id='block_1_122' title="bbox 271 4775 1847 4846">
    <p class='ocr_par' dir='ltr' id='par_1_122' title="bbox 271 4775 1847 4846">
     <span class='ocr_line' id='line_1_124' title="bbox 271 4775 1847 4846; baseline 0.002 -19"><span class='ocrx_word' id='word_1_863' title='bbox 271 4777 574 4846; x_wconf 65' lang='lat' dir='ltr'><strong>conscripsit</strong></span> <span class='ocrx_word' id='word_1_864' title='bbox 597 4777 661 4830; x_wconf 90' lang='lat' dir='ltr'><strong>de</strong></span> <span class='ocrx_word' id='word_1_865' title='bbox 680 4775 997 4833; x_wconf 76' lang='lat' dir='ltr'><strong>institutibne</strong></span> <span class='ocrx_word' id='word_1_866' title='bbox 1014 4777 1246 4846; x_wconf 75' lang='lat' dir='ltr'><strong>fidelium</strong></span> <span class='ocrx_word' id='word_1_867' title='bbox 1272 4775 1639 4830; x_wconf 79' lang='lat' dir='ltr'><strong>monachorum</strong></span> <span class='ocrx_word' id='word_1_868' title='bbox 1667 4775 1847 4830; x_wconf 81' lang='lat' dir='ltr'><strong>sedulo</strong></span> 
     </span>
    </p>
   </div>
   <div class='ocr_carea' id='block_1_123' title="bbox 272 4840 1849 4923">
    <p class='ocr_par' dir='ltr' id='par_1_123' title="bbox 272 4840 1849 4923">
     <span class='ocr_line' id='line_1_125' title="bbox 272 4840 1849 4923; baseline 0 -25"><span class='ocrx_word' id='word_1_869' title='bbox 272 4840 437 4923; x_wconf 59' lang='lat' dir='ltr'><strong>legite,</strong></span> <span class='ocrx_word' id='word_1_870' title='bbox 462 4840 512 4900; x_wconf 80' lang='lat' dir='ltr'><strong>et</strong></span> <span class='ocrx_word' id='word_1_871' title='bbox 533 4845 746 4902; x_wconf 88' lang='lat' dir='ltr'><strong>libenter</strong></span> <span class='ocrx_word' id='word_1_872' title='bbox 773 4847 967 4923; x_wconf 81' lang='lat' dir='ltr'><strong>audite.</strong></span> <span class='ocrx_word' id='word_1_873' title='bbox 1000 4840 1103 4901; x_wconf 78' lang='lat' dir='ltr'><strong>Hic</strong></span> <span class='ocrx_word' id='word_1_874' title='bbox 1124 4849 1306 4901; x_wconf 67' lang='lat' dir='ltr'><strong>noxios</strong></span> <span class='ocrx_word' id='word_1_875' title='bbox 1343 4856 1511 4900; x_wconf 89' lang='lat' dir='ltr'><strong>motus</strong></span> <span class='ocrx_word' id='word_1_876' title='bbox 1557 4847 1849 4923; x_wconf 78' lang='lat' dir='ltr'><strong>animorum</strong></span> 
     </span>
    </p>
   </div>
   <div class='ocr_carea' id='block_1_124' title="bbox 270 4918 1847 4986">
    <p class='ocr_par' dir='ltr' id='par_1_124' title="bbox 270 4918 1847 4986">
     <span class='ocr_line' id='line_1_126' title="bbox 270 4918 1847 4986; baseline 0.001 -19"><span class='ocrx_word' id='word_1_877' title='bbox 270 4918 340 4978; x_wconf 78' lang='lat' dir='ltr'><strong>ita</strong></span> <span class='ocrx_word' id='word_1_878' title='bbox 380 4925 728 4986; x_wconf 89' lang='lat' dir='ltr'><strong>competenter</strong></span> <span class='ocrx_word' id='word_1_879' title='bbox 775 4919 1027 4984; x_wconf 89' lang='lat' dir='ltr'><strong>insinuat,</strong></span> <span class='ocrx_word' id='word_1_880' title='bbox 1077 4929 1132 4971; x_wconf 88' lang='lat' dir='ltr'><strong>ut</strong></span> <span class='ocrx_word' id='word_1_881' title='bbox 1158 4933 1398 4971; x_wconf 76' lang='lat' dir='ltr'><strong>excessus</strong></span> <span class='ocrx_word' id='word_1_882' title='bbox 1439 4933 1558 4970; x_wconf 89' lang='lat' dir='ltr'><strong>suos</strong></span> <span class='ocrx_word' id='word_1_883' title='bbox 1589 4918 1847 4970; x_wconf 86' lang='lat' dir='ltr'><strong>hominem</strong></span> 
     </span>
    </p>
   </div>
   <div class='ocr_carea' id='block_1_125' title="bbox 272 4987 1850 5058">
    <p class='ocr_par' dir='ltr' id='par_1_125' title="bbox 272 4987 1850 5058">
     <span class='ocr_line' id='line_1_127' title="bbox 272 4987 1850 5058; baseline 0 -18"><span class='ocrx_word' id='word_1_884' title='bbox 272 4998 395 5058; x_wconf 65' lang='lat' dir='ltr'><strong>pene</strong></span> <span class='ocrx_word' id='word_1_885' title='bbox 422 4987 596 5041; x_wconf 79' lang='lat' dir='ltr'><strong>videre</strong></span> <span class='ocrx_word' id='word_1_886' title='bbox 621 4987 800 5057; x_wconf 78' lang='lat' dir='ltr'><strong>faciat,</strong></span> <span class='ocrx_word' id='word_1_887' title='bbox 833 4997 882 5041; x_wconf 91' lang='lat' dir='ltr'><strong>et</strong></span> <span class='ocrx_word' id='word_1_888' title='bbox 903 4988 1062 5058; x_wconf 82' lang='lat' dir='ltr'><strong>vitare</strong></span> <span class='ocrx_word' id='word_1_889' title='bbox 1082 4987 1376 5058; x_wconf 63' lang='lat' dir='ltr'><strong>cyntpellat,</strong></span> <span class='ocrx_word' id='word_1_890' title='bbox 1401 5003 1528 5058; x_wconf 82' lang='lat' dir='ltr'><strong>quos</strong></span> <span class='ocrx_word' id='word_1_891' title='bbox 1556 4998 1710 5040; x_wconf 89' lang='lat' dir='ltr'><strong>antea</strong></span> <span class='ocrx_word' id='word_1_892' title='bbox 1731 5003 1850 5040; x_wconf 89' lang='lat' dir='ltr'><strong>con-</strong></span> 
     </span>
    </p>
   </div>
   <div class='ocr_carea' id='block_1_126' title="bbox 273 5052 1844 5128">
    <p class='ocr_par' dir='ltr' id='par_1_126' title="bbox 273 5052 1844 5128">
     <span class='ocr_line' id='line_1_128' title="bbox 273 5052 1844 5128; baseline 0.003 -23"><span class='ocrx_word' id='word_1_893' title='bbox 273 5052 472 5123; x_wconf 72' lang='lat' dir='ltr'><strong>fusione</strong></span> <span class='ocrx_word' id='word_1_894' title='bbox 499 5052 738 5128; x_wconf 79' lang='lat' dir='ltr'><strong>caliginis</strong></span> <span class='ocrx_word' id='word_1_895' title='bbox 781 5056 1074 5128; x_wconf 87' lang='lat' dir='ltr'><strong>ignorabat.</strong></span> <span class='ocrx_word' id='word_1_896' title='bbox 1107 5052 1343 5126; x_wconf 50' lang='lat' dir='ltr'><strong>Et&#39;quia</strong></span> <span class='ocrx_word' id='word_1_897' title='bbox 1364 5052 1634 5126; x_wconf 73' lang='lat' dir='ltr'><strong>sagacem</strong></span> <span class='ocrx_word' id='word_1_898' title='bbox 1671 5058 1844 5111; x_wconf 90' lang='lat' dir='ltr'><strong>virum</strong></span> 
     </span>
    </p>
   </div>
   <div class='ocr_carea' id='block_1_127' title="bbox 273 5127 1848 5198">
    <p class='ocr_par' dir='ltr' id='par_1_127' title="bbox 273 5127 1848 5198">
     <span class='ocr_line' id='line_1_129' title="bbox 273 5127 1848 5198; baseline -0.003 -13"><span class='ocrx_word' id='word_1_899' title='bbox 273 5129 375 5198; x_wconf 67' lang='lat' dir='ltr'><strong>non</strong></span> <span class='ocrx_word' id='word_1_900' title='bbox 405 5127 647 5198; x_wconf 86' lang='lat' dir='ltr'><strong>latebant</strong></span> <span class='ocrx_word' id='word_1_901' title='bbox 674 5127 906 5193; x_wconf 84' lang='lat' dir='ltr'><strong>errores,</strong></span> <span class='ocrx_word' id='word_1_902' title='bbox 951 5129 1003 5182; x_wconf 91' lang='lat' dir='ltr'><strong>in</strong></span> <span class='ocrx_word' id='word_1_903' title='bbox 1045 5144 1182 5198; x_wconf 91' lang='lat' dir='ltr'><strong>quos</strong></span> <span class='ocrx_word' id='word_1_904' title='bbox 1209 5130 1337 5184; x_wconf 89' lang='lat' dir='ltr'><strong>olim</strong></span> <span class='ocrx_word' id='word_1_905' title='bbox 1380 5143 1545 5196; x_wconf 88' lang='lat' dir='ltr'><strong>agens</strong></span> <span class='ocrx_word' id='word_1_906' title='bbox 1581 5130 1650 5182; x_wconf 90' lang='lat' dir='ltr'><strong>de</strong></span> <span class='ocrx_word' id='word_1_907' title='bbox 1677 5128 1848 5182; x_wconf 89' lang='lat' dir='ltr'><strong>libero</strong></span> 
     </span>
    </p>
   </div>
   <div class='ocr_carea' id='block_1_128' title="bbox 273 5193 1848 5269">
    <p class='ocr_par' dir='ltr' id='par_1_128' title="bbox 273 5193 1848 5269">
     <span class='ocr_line' id='line_1_130' title="bbox 273 5193 1848 5269; baseline 0.003 -22"><span class='ocrx_word' id='word_1_908' title='bbox 273 5193 488 5269; x_wconf 65' lang='lat' dir='ltr'><strong>arbitrio</strong></span> <span class='ocrx_word' id='word_1_909' title='bbox 514 5196 800 5256; x_wconf 69' lang='lat' dir='ltr'><strong>Cassianus</strong></span> <span class='ocrx_word' id='word_1_910' title='bbox 822 5193 1130 5268; x_wconf 77' lang='lat' dir='ltr'><strong>impegerat,</strong></span> <span class='ocrx_word' id='word_1_911' title='bbox 1158 5193 1600 5269; x_wconf 50' lang='lat' dir='ltr'><strong>monebat&#39;serio,</strong></span> <span class='ocrx_word' id='word_1_912' title='bbox 1626 5206 1687 5252; x_wconf 91' lang='lat' dir='ltr'><strong>ut</strong></span> <span class='ocrx_word' id='word_1_913' title='bbox 1712 5198 1848 5269; x_wconf 86' lang='lat' dir='ltr'><strong>quia</strong></span> 
     </span>
    </p>
   </div>
   <div class='ocr_carea' id='block_1_129' title="bbox 273 5261 1851 5340">
    <p class='ocr_par' dir='ltr' id='par_1_129' title="bbox 273 5261 1851 5340">
     <span class='ocr_line' id='line_1_131' title="bbox 273 5261 1851 5340; baseline 0.001 -22"><span class='ocrx_word' id='word_1_914' title='bbox 273 5261 414 5340; x_wconf 46' lang='lat' dir='ltr'><strong>beato</strong></span> <span class='ocrx_word' id='word_1_915' title='bbox 431 5267 703 5340; x_wconf 85' lang='lat' dir='ltr'><strong>Prospero</strong></span> <span class='ocrx_word' id='word_1_916' title='bbox 714 5270 834 5340; x_wconf 84' lang='lat' dir='ltr'><strong>jure</strong></span> <span class='ocrx_word' id='word_1_917' title='bbox 844 5261 1080 5338; x_wconf 64' lang='lat' dir='ltr'><strong>culpatus</strong></span> <span class='ocrx_word' id='word_1_918' title='bbox 1096 5261 1191 5336; x_wconf 82' lang='lat' dir='ltr'><strong>est,</strong></span> <span class='ocrx_word' id='word_1_919' title='bbox 1207 5269 1306 5326; x_wconf 87' lang='lat' dir='ltr'><strong>sub</strong></span> <span class='ocrx_word' id='word_1_920' title='bbox 1330 5261 1651 5324; x_wconf 69' lang='lat' dir='ltr'><strong>Victorinum</strong></span> <span class='ocrx_word' id='word_1_921' title='bbox 1670 5261 1851 5322; x_wconf 80' lang='lat' dir='ltr'><strong>emen—</strong></span> 
     </span>
    </p>
   </div>
   <div class='ocr_carea' id='block_1_130' title="bbox 275 5329 1064 5406">
    <p class='ocr_par' dir='ltr' id='par_1_130' title="bbox 275 5329 1064 5406">
     <span class='ocr_line' id='line_1_132' title="bbox 275 5329 1064 5406; baseline 0.008 -20"><span class='ocrx_word' id='word_1_922' title='bbox 275 5329 500 5406; x_wconf 88' lang='lat' dir='ltr'><strong>dationis</strong></span> <span class='ocrx_word' id='word_1_923' title='bbox 531 5329 744 5394; x_wconf 67' lang='lat' dir='ltr'><strong>cautela</strong></span> <span class='ocrx_word' id='word_1_924' title='bbox 774 5329 1064 5406; x_wconf 79' lang='lat' dir='ltr'><strong>legeretur.</strong></span> 
     </span>
    </p>
   </div>
   <div class='ocr_carea' id='block_1_131' title="bbox 342 5405 1850 5476">
    <p class='ocr_par' dir='ltr' id='par_1_131' title="bbox 342 5405 1850 5476">
     <span class='ocr_line' id='line_1_133' title="bbox 342 5405 1850 5476; baseline 0 -14"><span class='ocrx_word' id='word_1_925' title='bbox 342 5405 370 5476; x_wconf 83' lang='lat'><strong>§</strong></span> <span class='ocrx_word' id='word_1_926' title='bbox 410 5407 523 5463; x_wconf 86' lang='lat' dir='ltr'><strong>XL.</strong></span> <span class='ocrx_word' id='word_1_927' title='bbox 566 5407 792 5472; x_wconf 77' lang='lat' dir='ltr'><strong>Quidam</strong></span> <span class='ocrx_word' id='word_1_928' title='bbox 819 5405 909 5462; x_wconf 85' lang='lat' dir='ltr'><strong>sub</strong></span> <span class='ocrx_word' id='word_1_929' title='bbox 941 5407 1250 5464; x_wconf 86' lang='lat' dir='ltr'><strong>Cassiodoro</strong></span> <span class='ocrx_word' id='word_1_930' title='bbox 1275 5426 1310 5463; x_wconf 92' lang='lat' dir='ltr'><strong>a</strong></span> <span class='ocrx_word' id='word_1_931' title='bbox 1335 5410 1440 5464; x_wconf 83' lang='lat' dir='ltr'><strong>vita</strong></span> <span class='ocrx_word' id='word_1_932' title='bbox 1458 5407 1757 5464; x_wconf 73' lang='lat' dir='ltr'><strong>cmucbitica</strong></span> <span class='ocrx_word' id='word_1_933' title='bbox 1779 5409 1850 5462; x_wconf 88' lang='lat' dir='ltr'><strong>ad</strong></span> 
     </span>
    </p>
   </div>
   <div class='ocr_carea' id='block_1_132' title="bbox 274 5477 1847 5553">
    <p class='ocr_par' dir='ltr' id='par_1_132' title="bbox 274 5477 1847 5553">
     <span class='ocr_line' id='line_1_134' title="bbox 274 5477 1847 5553; baseline 0.003 -26"><span class='ocrx_word' id='word_1_934' title='bbox 274 5479 582 5553; x_wconf 62' lang='lat' dir='ltr'><strong>eremiticapt</strong></span> <span class='ocrx_word' id='word_1_935' title='bbox 600 5478 918 5553; x_wconf 75' lang='lat' dir='ltr'><strong>transibant.</strong></span> <span class='ocrx_word' id='word_1_936' title='bbox 945 5477 1064 5553; x_wconf 67' lang='lat' dir='ltr'><strong>1am</strong></span> <span class='ocrx_word' id='word_1_937' title='bbox 1097 5479 1218 5546; x_wconf 87' lang='lat' dir='ltr'><strong>quis</strong></span> <span class='ocrx_word' id='word_1_938' title='bbox 1247 5481 1525 5553; x_wconf 74' lang='lat' dir='ltr'><strong>negaverit</strong></span> <span class='ocrx_word' id='word_1_939' title='bbox 1546 5478 1847 5553; x_wconf 77' lang='lat' dir='ltr'><strong>Casteilen-</strong></span> 
     </span>
    </p>
   </div>
   <div class='ocr_carea' id='block_1_133' title="bbox 273 5547 1844 5615">
    <p class='ocr_par' dir='ltr' id='par_1_133' title="bbox 273 5547 1844 5615">
     <span class='ocr_line' id='line_1_135' title="bbox 273 5547 1844 5615; baseline 0 -13"><span class='ocrx_word' id='word_1_940' title='bbox 273 5547 404 5602; x_wconf 66' lang='lat' dir='ltr'><strong>tium</strong></span> <span class='ocrx_word' id='word_1_941' title='bbox 433 5559 488 5605; x_wconf 91' lang='lat' dir='ltr'><strong>et</strong></span> <span class='ocrx_word' id='word_1_942' title='bbox 511 5547 943 5606; x_wconf 78' lang='lat' dir='ltr'><strong>ﬂorentissimam</strong></span> <span class='ocrx_word' id='word_1_943' title='bbox 990 5547 1152 5604; x_wconf 82' lang='lat' dir='ltr'><strong>fuisse</strong></span> <span class='ocrx_word' id='word_1_944' title='bbox 1193 5549 1536 5604; x_wconf 85' lang='lat' dir='ltr'><strong>solitudinem</strong></span> <span class='ocrx_word' id='word_1_945' title='bbox 1557 5589 1573 5615; x_wconf 96' lang='lat'><strong>,</strong></span> <span class='ocrx_word' id='word_1_946' title='bbox 1597 5558 1653 5605; x_wconf 91' lang='lat' dir='ltr'><strong>et</strong></span> <span class='ocrx_word' id='word_1_947' title='bbox 1677 5550 1844 5602; x_wconf 87' lang='lat' dir='ltr'><strong>vitam</strong></span> 
     </span>
    </p>
   </div>
   <div class='ocr_carea' id='block_1_134' title="bbox 310 5618 1844 5688">
    <p class='ocr_par' dir='ltr' id='par_1_134' title="bbox 310 5618 1844 5688">
     <span class='ocr_line' id='line_1_136' title="bbox 310 5618 1844 5688; baseline -0.001 -14"><span class='ocrx_word' id='word_1_948' title='bbox 310 5630 436 5687; x_wconf 77' lang='lat' dir='ltr'><strong>rope</strong></span> <span class='ocrx_word' id='word_1_949' title='bbox 462 5620 733 5676; x_wconf 80' lang='lat' dir='ltr'><strong>divinam?</strong></span> <span class='ocrx_word' id='word_1_950' title='bbox 761 5618 1013 5688; x_wconf 83' lang='lat' dir='ltr'><strong>Nunquid</strong></span> <span class='ocrx_word' id='word_1_951' title='bbox 1067 5620 1202 5674; x_wconf 89' lang='lat' dir='ltr'><strong>vivis</strong></span> <span class='ocrx_word' id='word_1_952' title='bbox 1230 5635 1421 5674; x_wconf 90' lang='lat' dir='ltr'><strong>eorum</strong></span> <span class='ocrx_word' id='word_1_953' title='bbox 1454 5634 1634 5676; x_wconf 88' lang='lat' dir='ltr'><strong>mores</strong></span> <span class='ocrx_word' id='word_1_954' title='bbox 1655 5619 1844 5673; x_wconf 86' lang='lat' dir='ltr'><strong>adum-</strong></span> 
     </span>
    </p>
   </div>
   <div class='ocr_carea' id='block_1_135' title="bbox 310 5689 1843 5761">
    <p class='ocr_par' dir='ltr' id='par_1_135' title="bbox 310 5689 1843 5761">
     <span class='ocr_line' id='line_1_137' title="bbox 310 5689 1843 5761; baseline -0.001 -14"><span class='ocrx_word' id='word_1_955' title='bbox 310 5701 454 5746; x_wconf 78' lang='lat' dir='ltr'><strong>l‘asse</strong></span> <span class='ocrx_word' id='word_1_956' title='bbox 477 5692 753 5747; x_wconf 88' lang='lat' dir='ltr'><strong>coloribus</strong></span> <span class='ocrx_word' id='word_1_957' title='bbox 778 5691 993 5746; x_wconf 88' lang='lat' dir='ltr'><strong>videtur</strong></span> <span class='ocrx_word' id='word_1_958' title='bbox 1018 5690 1402 5755; x_wconf 86' lang='lat' dir='ltr'><strong>Cassiodorus,</strong></span> <span class='ocrx_word' id='word_1_959' title='bbox 1445 5689 1575 5746; x_wconf 89' lang='lat' dir='ltr'><strong>dum</strong></span> <span class='ocrx_word' id='word_1_960' title='bbox 1619 5690 1843 5761; x_wconf 52' lang='lat' dir='ltr'><strong>praecla-</strong></span> 
     </span>
    </p>
   </div>
   <div class='ocr_carea' id='block_1_136' title="bbox 271 5759 1838 5834">
    <p class='ocr_par' dir='ltr' id='par_1_136' title="bbox 271 5759 1838 5834">
     <span class='ocr_line' id='line_1_138' title="bbox 271 5759 1838 5834; baseline -0.001 -18"><span class='ocrx_word' id='word_1_961' title='bbox 271 5769 384 5816; x_wconf 75' lang='lat' dir='ltr'><strong>rum</strong></span> <span class='ocrx_word' id='word_1_962' title='bbox 408 5765 732 5820; x_wconf 89' lang='lat' dir='ltr'><strong>monastices</strong></span> <span class='ocrx_word' id='word_1_963' title='bbox 751 5763 829 5818; x_wconf 89' lang='lat' dir='ltr'><strong>sic</strong></span> <span class='ocrx_word' id='word_1_964' title='bbox 856 5771 1177 5834; x_wconf 75' lang='lat' dir='ltr'><strong>prosecutus</strong></span> <span class='ocrx_word' id='word_1_965' title='bbox 1204 5770 1289 5818; x_wconf 87' lang='lat' dir='ltr'><strong>est</strong></span> <span class='ocrx_word' id='word_1_966' title='bbox 1314 5759 1633 5819; x_wconf 44' lang='lat' dir='ltr'><strong>encomium‘</strong></span> <span class='ocrx_word' id='word_1_967' title='bbox 1658 5759 1838 5832; x_wconf 87' lang='lat' dir='ltr'><strong>(Com-</strong></span> 
     </span>
    </p>
   </div>
   <div class='ocr_carea' id='block_1_137' title="bbox 275 5832 1845 5898">
    <p class='ocr_par' dir='ltr' id='par_1_137' title="bbox 275 5832 1845 5898">
     <span class='ocr_line' id='line_1_139' title="bbox 275 5832 1845 5898; baseline 0 -13"><span class='ocrx_word' id='word_1_968' title='bbox 275 5841 425 5898; x_wconf 73' lang='lat' dir='ltr'><strong>tttent.</strong></span> <span class='ocrx_word' id='word_1_969' title='bbox 470 5837 528 5890; x_wconf 86' lang='lat' dir='ltr'><strong>in</strong></span> <span class='ocrx_word' id='word_1_970' title='bbox 556 5834 704 5889; x_wconf 84' lang='lat' dir='ltr'><strong>Psal.</strong></span> <span class='ocrx_word' id='word_1_971' title='bbox 739 5832 929 5898; x_wconf 21' lang='lat' dir='ltr'><strong>cm,iv.</strong></span> <span class='ocrx_word' id='word_1_972' title='bbox 966 5832 1055 5898; x_wconf 86' lang='grc'><strong>17)</strong></span> <span class='ocrx_word' id='word_1_973' title='bbox 1091 5852 1103 5886; x_wconf 93' lang='lat'><strong>:</strong></span> <span class='ocrx_word' id='word_1_974' title='bbox 1137 5832 1364 5888; x_wconf 58' lang='lat' dir='ltr'><strong>Caelestis</strong></span> <span class='ocrx_word' id='word_1_975' title='bbox 1390 5835 1445 5886; x_wconf 88' lang='lat' dir='ltr'><strong>in</strong></span> <span class='ocrx_word' id='word_1_976' title='bbox 1484 5842 1620 5888; x_wconf 81' lang='lat' dir='ltr'><strong>terra</strong></span> <span class='ocrx_word' id='word_1_977' title='bbox 1638 5835 1763 5897; x_wconf 81' lang='lat' dir='ltr'><strong>vita,</strong></span> <span class='ocrx_word' id='word_1_978' title='bbox 1793 5842 1845 5886; x_wconf 91' lang='lat' dir='ltr'><strong>et</strong></span> 
     </span>
    </p>
   </div>
   <div class='ocr_carea' id='block_1_138' title="bbox 274 5895 1846 5992">
    <p class='ocr_par' dir='ltr' id='par_1_138' title="bbox 274 5895 1846 5992">
     <span class='ocr_line' id='line_1_140' title="bbox 274 5895 1846 5992; baseline -0.005 -25"><span class='ocrx_word' id='word_1_979' title='bbox 274 5895 486 5967; x_wconf 62' lang='lat' dir='ltr'><strong>imitatio</strong></span> <span class='ocrx_word' id='word_1_980' title='bbox 512 5906 744 5989; x_wconf 65' lang='lat' dir='ltr'><strong>ﬁdelium</strong></span> <span class='ocrx_word' id='word_1_981' title='bbox 773 5895 1078 5978; x_wconf 78' lang='lat' dir='ltr'><strong>angelorum</strong></span> <span class='ocrx_word' id='word_1_982' title='bbox 1095 5946 1112 5977; x_wconf 85' lang='lat'><strong>,</strong></span> <span class='ocrx_word' id='word_1_983' title='bbox 1141 5903 1482 5977; x_wconf 85' lang='lat' dir='ltr'><strong>spiritualiter</strong></span> <span class='ocrx_word' id='word_1_984' title='bbox 1517 5921 1571 5960; x_wconf 80' lang='lat' dir='ltr'><strong>in</strong></span> <span class='ocrx_word' id='word_1_985' title='bbox 1600 5895 1846 5992; x_wconf 25' lang='lat' dir='ltr'><strong>carne—“vi-</strong></span> 
     </span>
    </p>
   </div>
   <div class='ocr_carea' id='block_1_139' title="bbox 1956 4705 3539 4778">
    <p class='ocr_par' dir='ltr' id='par_1_139' title="bbox 1956 4705 3539 4778">
     <span class='ocr_line' id='line_1_141' title="bbox 1956 4705 3539 4778; baseline 0.001 -20"><span class='ocrx_word' id='word_1_986' title='bbox 1956 4705 2135 4778; x_wconf 87' lang='lat' dir='ltr'><strong>c_ulum</strong></span> <span class='ocrx_word' id='word_1_987' title='bbox 2182 4706 2330 4760; x_wconf 90' lang='lat' dir='ltr'><strong>illum</strong></span> <span class='ocrx_word' id='word_1_988' title='bbox 2378 4707 2572 4776; x_wconf 89' lang='lat' dir='ltr'><strong>psalmi</strong></span> <span class='ocrx_word' id='word_1_989' title='bbox 2616 4723 2772 4773; x_wconf 80' lang='lat' dir='ltr'><strong>xcvr;</strong></span> <span class='ocrx_word' id='word_1_990' title='bbox 2827 4726 2847 4758; x_wconf 75' lang='grc' dir='ltr'><strong><em>ι</em></strong></span> <span class='ocrx_word' id='word_1_991' title='bbox 2901 4705 3480 4778; x_wconf 64' lang='lat' dir='ltr'><strong>Illuxeruntfulgurd:</strong></span> <span class='ocrx_word' id='word_1_992' title='bbox 3519 4727 3539 4759; x_wconf 73' lang='grc' dir='ltr'>ι</span> 
     </span>
    </p>
   </div>
   <div class='ocr_carea' id='block_1_140' title="bbox 1959 4772 3547 4848">
    <p class='ocr_par' dir='ltr' id='par_1_140' title="bbox 1959 4772 3547 4848">
     <span class='ocr_line' id='line_1_142' title="bbox 1959 4772 3547 4848; baseline 0.003 -20"><span class='ocrx_word' id='word_1_993' title='bbox 1959 4772 2186 4838; x_wconf 84' lang='lat' dir='ltr'><strong>Quorum</strong></span> <span class='ocrx_word' id='word_1_994' title='bbox 2212 4772 2469 4843; x_wconf 79' lang='lat' dir='ltr'><strong>notitiam,</strong></span> <span class='ocrx_word' id='word_1_995' title='bbox 2505 4778 2696 4846; x_wconf 89' lang='lat' dir='ltr'><strong>inquit,</strong></span> <span class='ocrx_word' id='word_1_996' title='bbox 2725 4779 3007 4848; x_wconf 88' lang='lat' dir='ltr'><strong>pleniorem</strong></span> <span class='ocrx_word' id='word_1_997' title='bbox 3035 4780 3092 4832; x_wconf 89' lang='lat' dir='ltr'><strong>in</strong></span> <span class='ocrx_word' id='word_1_998' title='bbox 3132 4772 3283 4848; x_wconf 76' lang='lat' dir='ltr'><strong>libris</strong></span> <span class='ocrx_word' id='word_1_999' title='bbox 3303 4772 3371 4832; x_wconf 70' lang='lat' dir='ltr'><strong>de</strong></span> <span class='ocrx_word' id='word_1_1000' title='bbox 3410 4775 3547 4832; x_wconf 84' lang='lat' dir='ltr'><strong>Geo-</strong></span> 
     </span>
    </p>
   </div>
   <div class='ocr_carea' id='block_1_141' title="bbox 1955 4847 3548 4919">
    <p class='ocr_par' dir='ltr' id='par_1_141' title="bbox 1955 4847 3548 4919">
     <span class='ocr_line' id='line_1_143' title="bbox 1955 4847 3548 4919; baseline 0.003 -20"><span class='ocrx_word' id='word_1_1001' title='bbox 1955 4848 2168 4919; x_wconf 81' lang='lat' dir='ltr'><strong>metrica</strong></span> <span class='ocrx_word' id='word_1_1002' title='bbox 2190 4848 2487 4919; x_wconf 85' lang='lat' dir='ltr'><strong>disciplina,</strong></span> <span class='ocrx_word' id='word_1_1003' title='bbox 2510 4847 2733 4919; x_wconf 84' lang='lat' dir='ltr'><strong>diligens</strong></span> <span class='ocrx_word' id='word_1_1004' title='bbox 2755 4849 2940 4919; x_wconf 89' lang='lat' dir='ltr'><strong>lector,</strong></span> <span class='ocrx_word' id='word_1_1005' title='bbox 2971 4850 3216 4919; x_wconf 66' lang='lat' dir='ltr'><strong>invenies.</strong></span> <span class='ocrx_word' id='word_1_1006' title='bbox 3246 4847 3315 4919; x_wconf 82' lang='lat' dir='ltr'><strong>Et</strong></span> <span class='ocrx_word' id='word_1_1007' title='bbox 3343 4863 3401 4902; x_wconf 82' lang='lat' dir='ltr'><strong>re</strong></span> <span class='ocrx_word' id='word_1_1008' title='bbox 3426 4849 3548 4919; x_wconf 83' lang='lat' dir='ltr'><strong>qui-</strong></span> 
     </span>
    </p>
   </div>
   <div class='ocr_carea' id='block_1_142' title="bbox 1955 4915 3542 4996">
    <p class='ocr_par' dir='ltr' id='par_1_142' title="bbox 1955 4915 3542 4996">
     <span class='ocr_line' id='line_1_144' title="bbox 1955 4915 3542 4996; baseline 0.001 -26"><span class='ocrx_word' id='word_1_1009' title='bbox 1955 4915 2092 4996; x_wconf 69' lang='lat' dir='ltr'><strong>dem</strong></span> <span class='ocrx_word' id='word_1_1010' title='bbox 2108 4917 2242 4987; x_wconf 91' lang='lat' dir='ltr'><strong>ipsa,</strong></span> <span class='ocrx_word' id='word_1_1011' title='bbox 2283 4915 2430 4996; x_wconf 66' lang='lat' dir='ltr'><strong>quod</strong></span> <span class='ocrx_word' id='word_1_1012' title='bbox 2454 4934 2522 4996; x_wconf 76' lang='lat' dir='ltr'><strong>eo</strong></span> <span class='ocrx_word' id='word_1_1013' title='bbox 2551 4915 2656 4996; x_wconf 67' lang='lat' dir='ltr'><strong>loci</strong></span> <span class='ocrx_word' id='word_1_1014' title='bbox 2701 4915 2976 4996; x_wconf 73' lang='lat' dir='ltr'><strong>adducite</strong></span> <span class='ocrx_word' id='word_1_1015' title='bbox 3003 4918 3335 4996; x_wconf 83' lang='lat' dir='ltr'><strong>Geometria,</strong></span> <span class='ocrx_word' id='word_1_1016' title='bbox 3368 4915 3542 4996; x_wconf 62' lang='lat' dir='ltr'><strong>totum</strong></span> 
     </span>
    </p>
   </div>
   <div class='ocr_carea' id='block_1_143' title="bbox 1955 4980 3544 5058">
    <p class='ocr_par' dir='ltr' id='par_1_143' title="bbox 1955 4980 3544 5058">
     <span class='ocr_line' id='line_1_145' title="bbox 1955 4980 3544 5058; baseline 0.001 -18"><span class='ocrx_word' id='word_1_1017' title='bbox 1955 4980 2010 5058; x_wconf 77' lang='lat' dir='ltr'><strong>in</strong></span> <span class='ocrx_word' id='word_1_1018' title='bbox 2040 4980 2178 5043; x_wconf 76' lang='lat' dir='ltr'><strong>1.on</strong></span> <span class='ocrx_word' id='word_1_1019' title='bbox 2198 4980 2356 5056; x_wconf 54' lang='lat' dir='ltr'><strong>q&#39;ue&#39;m</strong></span> <span class='ocrx_word' id='word_1_1020' title='bbox 2377 4980 2446 5042; x_wconf 86' lang='lat' dir='ltr'><strong>de</strong></span> <span class='ocrx_word' id='word_1_1021' title='bbox 2471 4988 2572 5043; x_wconf 86' lang='lat' dir='ltr'><strong>hac</strong></span> <span class='ocrx_word' id='word_1_1022' title='bbox 2591 4988 2875 5058; x_wconf 87' lang='lat' dir='ltr'><strong>disciplina</strong></span> <span class='ocrx_word' id='word_1_1023' title='bbox 2905 4989 3232 5058; x_wconf 84' lang='lat' dir='ltr'><strong>composuit,</strong></span> <span class='ocrx_word' id='word_1_1024' title='bbox 3271 4980 3544 5058; x_wconf 85' lang='lat' dir='ltr'><strong>reperitur</strong></span> 
     </span>
    </p>
   </div>
   <div class='ocr_carea' id='block_1_144' title="bbox 1947 5055 3548 5128">
    <p class='ocr_par' dir='ltr' id='par_1_144' title="bbox 1947 5055 3548 5128">
     <span class='ocr_line' id='line_1_146' title="bbox 1947 5055 3548 5128; baseline 0.001 -18"><span class='ocrx_word' id='word_1_1025' title='bbox 1947 5055 2101 5125; x_wconf 78' lang='lat' dir='ltr'><strong>juxta</strong></span> <span class='ocrx_word' id='word_1_1026' title='bbox 2127 5055 2421 5113; x_wconf 82' lang='lat' dir='ltr'><strong>editionem</strong></span> <span class='ocrx_word' id='word_1_1027' title='bbox 2454 5055 2789 5125; x_wconf 85' lang='lat' dir='ltr'><strong>nostram,in</strong></span> <span class='ocrx_word' id='word_1_1028' title='bbox 2818 5074 2924 5128; x_wconf 89' lang='lat' dir='ltr'><strong>qua</strong></span> <span class='ocrx_word' id='word_1_1029' title='bbox 2955 5055 3212 5113; x_wconf 58' lang='lat' dir='ltr'><strong>ad&#39;ﬁdem</strong></span> <span class='ocrx_word' id='word_1_1030' title='bbox 3243 5055 3548 5113; x_wconf 82' lang='lat' dir='ltr'><strong>manuscri-</strong></span> 
     </span>
    </p>
   </div>
   <div class='ocr_carea' id='block_1_145' title="bbox 1956 5127 3544 5198">
    <p class='ocr_par' dir='ltr' id='par_1_145' title="bbox 1956 5127 3544 5198">
     <span class='ocr_line' id='line_1_147' title="bbox 1956 5127 3544 5198; baseline -0.001 -16"><span class='ocrx_word' id='word_1_1031' title='bbox 1956 5136 2172 5198; x_wconf 83' lang='lat' dir='ltr'><strong>ptorum</strong></span> <span class='ocrx_word' id='word_1_1032' title='bbox 2216 5129 2550 5184; x_wconf 90' lang='lat' dir='ltr'><strong>restituimus</strong></span> <span class='ocrx_word' id='word_1_1033' title='bbox 2577 5144 2642 5183; x_wconf 89' lang='lat' dir='ltr'><strong>ea</strong></span> <span class='ocrx_word' id='word_1_1034' title='bbox 2686 5143 2808 5198; x_wconf 66' lang='lat' dir='ltr'><strong>quae</strong></span> <span class='ocrx_word' id='word_1_1035' title='bbox 2837 5130 2890 5182; x_wconf 93' lang='lat' dir='ltr'><strong>in</strong></span> <span class='ocrx_word' id='word_1_1036' title='bbox 2929 5129 3048 5183; x_wconf 90' lang='lat' dir='ltr'><strong>aliis</strong></span> <span class='ocrx_word' id='word_1_1037' title='bbox 3077 5127 3544 5198; x_wconf 85' lang='lat' dir='ltr'><strong>desiderabantur.</strong></span> 
     </span>
    </p>
   </div>
   <div class='ocr_carea' id='block_1_146' title="bbox 1955 5197 3550 5269">
    <p class='ocr_par' dir='ltr' id='par_1_146' title="bbox 1955 5197 3550 5269">
     <span class='ocr_line' id='line_1_148' title="bbox 1955 5197 3550 5269; baseline 0.001 -19"><span class='ocrx_word' id='word_1_1038' title='bbox 1955 5197 2195 5269; x_wconf 67' lang='lat' dir='ltr'><strong>Tandem</strong></span> <span class='ocrx_word' id='word_1_1039' title='bbox 2217 5198 2269 5251; x_wconf 92' lang='lat' dir='ltr'><strong>in</strong></span> <span class='ocrx_word' id='word_1_1040' title='bbox 2302 5199 2438 5252; x_wconf 87' lang='lat' dir='ltr'><strong>libro</strong></span> <span class='ocrx_word' id='word_1_1041' title='bbox 2466 5199 2536 5269; x_wconf 88' lang='lat' dir='ltr'><strong>de</strong></span> <span class='ocrx_word' id='word_1_1042' title='bbox 2565 5197 2769 5269; x_wconf 85' lang='lat' dir='ltr'><strong>Divinis</strong></span> <span class='ocrx_word' id='word_1_1043' title='bbox 2795 5198 3032 5269; x_wconf 72' lang='lat' dir='ltr'><strong>Litteris,</strong></span> <span class='ocrx_word' id='word_1_1044' title='bbox 3063 5214 3184 5269; x_wconf 88' lang='lat' dir='ltr'><strong>cap.</strong></span> <span class='ocrx_word' id='word_1_1045' title='bbox 3212 5197 3302 5264; x_wconf 82' lang='lat' dir='ltr'><strong>i5,</strong></span> <span class='ocrx_word' id='word_1_1046' title='bbox 3333 5197 3454 5251; x_wconf 84' lang='lat' dir='ltr'><strong>libri</strong></span> <span class='ocrx_word' id='word_1_1047' title='bbox 3479 5197 3550 5252; x_wconf 86' lang='lat' dir='ltr'><strong>de</strong></span> 
     </span>
    </p>
   </div>
   <div class='ocr_carea' id='block_1_147' title="bbox 1956 5265 3548 5339">
    <p class='ocr_par' dir='ltr' id='par_1_147' title="bbox 1956 5265 3548 5339">
     <span class='ocr_line' id='line_1_149' title="bbox 1956 5265 3548 5339; baseline -0.001 -17"><span class='ocrx_word' id='word_1_1048' title='bbox 1956 5265 2352 5339; x_wconf 79' lang='lat' dir='ltr'><strong>Orthographia</strong></span> <span class='ocrx_word' id='word_1_1049' title='bbox 2383 5268 2594 5339; x_wconf 73' lang='lat' dir='ltr'><strong>titulum</strong></span> <span class='ocrx_word' id='word_1_1050' title='bbox 2621 5268 2829 5339; x_wconf 79' lang='lat' dir='ltr'><strong>profert</strong></span> <span class='ocrx_word' id='word_1_1051' title='bbox 2854 5287 2868 5322; x_wconf 94' lang='lat'><strong>:</strong></span> <span class='ocrx_word' id='word_1_1052' title='bbox 2897 5267 2966 5322; x_wconf 81' lang='lat' dir='ltr'><strong>Et</strong></span> <span class='ocrx_word' id='word_1_1053' title='bbox 2991 5265 3455 5339; x_wconf 70' lang='lat' dir='ltr'><strong>extrinsecushuic</strong></span> <span class='ocrx_word' id='word_1_1054' title='bbox 3477 5269 3548 5339; x_wconf 86' lang='lat' dir='ltr'><strong>l_i-</strong></span> 
     </span>
    </p>
   </div>
   <div class='ocr_carea' id='block_1_148' title="bbox 1957 5336 3548 5411">
    <p class='ocr_par' dir='ltr' id='par_1_148' title="bbox 1957 5336 3548 5411">
     <span class='ocr_line' id='line_1_150' title="bbox 1957 5336 3548 5411; baseline -0.001 -19"><span class='ocrx_word' id='word_1_1055' title='bbox 1957 5337 2050 5411; x_wconf 75' lang='lat' dir='ltr'><strong>bro</strong></span> <span class='ocrx_word' id='word_1_1056' title='bbox 2101 5340 2304 5392; x_wconf 88' lang='lat' dir='ltr'><strong>titulum</strong></span> <span class='ocrx_word' id='word_1_1057' title='bbox 2347 5339 2412 5393; x_wconf 92' lang='lat' dir='ltr'><strong>de</strong></span> <span class='ocrx_word' id='word_1_1058' title='bbox 2463 5336 2854 5411; x_wconf 75' lang='lat' dir='ltr'><strong>Orthdgraphia</strong></span> <span class='ocrx_word' id='word_1_1059' title='bbox 2883 5339 3022 5393; x_wconf 89' lang='lat' dir='ltr'><strong>dedi.</strong></span> <span class='ocrx_word' id='word_1_1060' title='bbox 3055 5338 3121 5391; x_wconf 88' lang='lat' dir='ltr'><strong>Et</strong></span> <span class='ocrx_word' id='word_1_1061' title='bbox 3149 5355 3271 5408; x_wconf 86' lang='lat' dir='ltr'><strong>cap.</strong></span> <span class='ocrx_word' id='word_1_1062' title='bbox 3419 5355 3430 5390; x_wconf 93' lang='lat'><strong>:</strong></span> <span class='ocrx_word' id='word_1_1063' title='bbox 3479 5337 3548 5411; x_wconf 82' lang='lat' dir='ltr'><strong>In</strong></span> 
     </span>
    </p>
   </div>
   <div class='ocr_carea' id='block_1_149' title="bbox 1952 5407 3552 5482">
    <p class='ocr_par' dir='ltr' id='par_1_149' title="bbox 1952 5407 3552 5482">
     <span class='ocr_line' id='line_1_151' title="bbox 1952 5407 3552 5482; baseline -0.001 -20"><span class='ocrx_word' id='word_1_1064' title='bbox 1952 5407 2085 5482; x_wconf 65' lang='lat' dir='ltr'><strong>libra</strong></span> <span class='ocrx_word' id='word_1_1065' title='bbox 2132 5407 2654 5482; x_wconf 14' lang='lat' dir='ltr'><strong>sequestratoratque</strong></span> <span class='ocrx_word' id='word_1_1066' title='bbox 2691 5407 2974 5482; x_wconf 78' lang='lat' dir='ltr'><strong>composito</strong></span> <span class='ocrx_word' id='word_1_1067' title='bbox 3011 5407 3451 5482; x_wconf 4' lang='lat' dir='ltr'><strong>quippinscribitur</strong></span> <span class='ocrx_word' id='word_1_1068' title='bbox 3487 5409 3552 5460; x_wconf 90' lang='lat' dir='ltr'><strong>de</strong></span> 
     </span>
    </p>
   </div>
   <div class='ocr_carea' id='block_1_150' title="bbox 1956 5477 3550 5551">
    <p class='ocr_par' dir='ltr' id='par_1_150' title="bbox 1956 5477 3550 5551">
     <span class='ocr_line' id='line_1_152' title="bbox 1956 5477 3550 5551; baseline 0 -20"><span class='ocrx_word' id='word_1_1069' title='bbox 1956 5477 2365 5551; x_wconf 75' lang='lat' dir='ltr'><strong>Orthographia.</strong></span> <span class='ocrx_word' id='word_1_1070' title='bbox 2383 5477 2590 5548; x_wconf 81' lang='lat' dir='ltr'><strong>Quibus</strong></span> <span class='ocrx_word' id='word_1_1071' title='bbox 2605 5477 2857 5551; x_wconf 83' lang='lat' dir='ltr'><strong>equidem</strong></span> <span class='ocrx_word' id='word_1_1072' title='bbox 2873 5477 3220 5551; x_wconf 77' lang='lat' dir='ltr'><strong>citationibus</strong></span> <span class='ocrx_word' id='word_1_1073' title='bbox 3234 5478 3550 5533; x_wconf 88' lang='lat' dir='ltr'><strong>adducimur</strong></span> 
     </span>
    </p>
   </div>
   <div class='ocr_carea' id='block_1_151' title="bbox 1950 5549 3552 5617">
    <p class='ocr_par' dir='ltr' id='par_1_151' title="bbox 1950 5549 3552 5617">
     <span class='ocr_line' id='line_1_153' title="bbox 1950 5549 3552 5617; baseline -0.002 -13"><span class='ocrx_word' id='word_1_1074' title='bbox 1950 5557 2010 5604; x_wconf 90' lang='lat' dir='ltr'><strong>ut</strong></span> <span class='ocrx_word' id='word_1_1075' title='bbox 2036 5549 2278 5606; x_wconf 84' lang='lat' dir='ltr'><strong>dicamus</strong></span> <span class='ocrx_word' id='word_1_1076' title='bbox 2325 5549 2746 5616; x_wconf 78' lang='lat' dir='ltr'><strong>Cassiodoruin,</strong></span> <span class='ocrx_word' id='word_1_1077' title='bbox 2775 5564 2896 5606; x_wconf 81' lang='lat' dir='ltr'><strong>clun</strong></span> <span class='ocrx_word' id='word_1_1078' title='bbox 2949 5549 3193 5606; x_wconf 87' lang='lat' dir='ltr'><strong>ordinem</strong></span> <span class='ocrx_word' id='word_1_1079' title='bbox 3242 5556 3397 5604; x_wconf 89' lang='lat' dir='ltr'><strong>notat</strong></span> <span class='ocrx_word' id='word_1_1080' title='bbox 3441 5563 3552 5617; x_wconf 86' lang='lat' dir='ltr'><strong>quo</strong></span> 
     </span>
    </p>
   </div>
   <div class='ocr_carea' id='block_1_152' title="bbox 1949 5618 3550 5692">
    <p class='ocr_par' dir='ltr' id='par_1_152' title="bbox 1949 5618 3550 5692">
     <span class='ocr_line' id='line_1_154' title="bbox 1949 5618 3550 5692; baseline -0.002 -17"><span class='ocrx_word' id='word_1_1081' title='bbox 1949 5636 2044 5676; x_wconf 89' lang='lat' dir='ltr'><strong>sua</strong></span> <span class='ocrx_word' id='word_1_1082' title='bbox 2091 5636 2257 5692; x_wconf 88' lang='lat' dir='ltr'><strong>opera</strong></span> <span class='ocrx_word' id='word_1_1083' title='bbox 2289 5622 2472 5678; x_wconf 91' lang='lat' dir='ltr'><strong>emisit</strong></span> <span class='ocrx_word' id='word_1_1084' title='bbox 2519 5622 2574 5676; x_wconf 87' lang='lat' dir='ltr'><strong>in</strong></span> <span class='ocrx_word' id='word_1_1085' title='bbox 2603 5621 2800 5692; x_wconf 86' lang='lat' dir='ltr'><strong>lucem,</strong></span> <span class='ocrx_word' id='word_1_1086' title='bbox 2851 5619 2921 5675; x_wconf 88' lang='lat' dir='ltr'><strong>ad</strong></span> <span class='ocrx_word' id='word_1_1087' title='bbox 2968 5620 3024 5674; x_wconf 90' lang='lat' dir='ltr'><strong>id</strong></span> <span class='ocrx_word' id='word_1_1088' title='bbox 3057 5619 3317 5692; x_wconf 86' lang='lat' dir='ltr'><strong>temporis</strong></span> <span class='ocrx_word' id='word_1_1089' title='bbox 3361 5618 3550 5675; x_wconf 80' lang='lat' dir='ltr'><strong>referri</strong></span> 
     </span>
    </p>
   </div>
   <div class='ocr_carea' id='block_1_153' title="bbox 1949 5690 3550 5763">
    <p class='ocr_par' dir='ltr' id='par_1_153' title="bbox 1949 5690 3550 5763">
     <span class='ocr_line' id='line_1_155' title="bbox 1949 5690 3550 5763; baseline -0.002 -17"><span class='ocrx_word' id='word_1_1090' title='bbox 1949 5690 2186 5747; x_wconf 85' lang='lat' dir='ltr'><strong>voluisse</strong></span> <span class='ocrx_word' id='word_1_1091' title='bbox 2214 5707 2323 5762; x_wconf 92' lang='lat' dir='ltr'><strong>quo</strong></span> <span class='ocrx_word' id='word_1_1092' title='bbox 2371 5693 2596 5763; x_wconf 89' lang='lat' dir='ltr'><strong>singulis</strong></span> <span class='ocrx_word' id='word_1_1093' title='bbox 2633 5691 2800 5761; x_wconf 61' lang='lat' dir='ltr'><strong>coepit</strong></span> <span class='ocrx_word' id='word_1_1094' title='bbox 2826 5706 3046 5763; x_wconf 80' lang='lat' dir='ltr'><strong>manum</strong></span> <span class='ocrx_word' id='word_1_1095' title='bbox 3082 5690 3392 5756; x_wconf 85' lang='lat' dir='ltr'><strong>admovere,</strong></span> <span class='ocrx_word' id='word_1_1096' title='bbox 3426 5707 3550 5762; x_wconf 64' lang='lat' dir='ltr'><strong>quae</strong></span> 
     </span>
    </p>
   </div>
   <div class='ocr_carea' id='block_1_154' title="bbox 1949 5761 3545 5832">
    <p class='ocr_par' dir='ltr' id='par_1_154' title="bbox 1949 5761 3545 5832">
     <span class='ocr_line' id='line_1_156' title="bbox 1949 5761 3545 5832; baseline -0.001 -16"><span class='ocrx_word' id='word_1_1097' title='bbox 1949 5763 2138 5832; x_wconf 90' lang='lat' dir='ltr'><strong>procul</strong></span> <span class='ocrx_word' id='word_1_1098' title='bbox 2159 5761 2325 5819; x_wconf 86' lang='lat' dir='ltr'><strong>dubio</strong></span> <span class='ocrx_word' id='word_1_1099' title='bbox 2354 5761 2597 5819; x_wconf 78' lang='lat' dir='ltr'><strong>nondum</strong></span> <span class='ocrx_word' id='word_1_1100' title='bbox 2623 5769 2783 5818; x_wconf 90' lang='lat' dir='ltr'><strong>erant</strong></span> <span class='ocrx_word' id='word_1_1101' title='bbox 2802 5761 3072 5831; x_wconf 88' lang='lat' dir='ltr'><strong>absoluta,</strong></span> <span class='ocrx_word' id='word_1_1102' title='bbox 3100 5778 3222 5818; x_wconf 87' lang='lat' dir='ltr'><strong>cum</strong></span> <span class='ocrx_word' id='word_1_1103' title='bbox 3251 5764 3320 5818; x_wconf 86' lang='lat' dir='ltr'><strong>ad</strong></span> <span class='ocrx_word' id='word_1_1104' title='bbox 3350 5761 3463 5817; x_wconf 77' lang='lat' dir='ltr'><strong>alia</strong></span> <span class='ocrx_word' id='word_1_1105' title='bbox 3485 5770 3545 5815; x_wconf 84' lang='lat' dir='ltr'><strong>se</strong></span> 
     </span>
    </p>
   </div>
   <div class='ocr_carea' id='block_1_155' title="bbox 1949 5833 3546 5904">
    <p class='ocr_par' dir='ltr' id='par_1_155' title="bbox 1949 5833 3546 5904">
     <span class='ocr_line' id='line_1_157' title="bbox 1949 5833 3546 5904; baseline -0.001 -18"><span class='ocrx_word' id='word_1_1106' title='bbox 1949 5833 2282 5904; x_wconf 87' lang='lat' dir='ltr'><strong>accingeret:</strong></span> <span class='ocrx_word' id='word_1_1107' title='bbox 2307 5834 2451 5889; x_wconf 91' lang='lat' dir='ltr'><strong>unde</strong></span> <span class='ocrx_word' id='word_1_1108' title='bbox 2471 5842 2623 5896; x_wconf 83' lang='lat' dir='ltr'><strong>recte</strong></span> <span class='ocrx_word' id='word_1_1109' title='bbox 2638 5833 2742 5890; x_wconf 86' lang='lat' dir='ltr'><strong>dici</strong></span> <span class='ocrx_word' id='word_1_1110' title='bbox 2767 5841 2946 5904; x_wconf 88' lang='lat' dir='ltr'><strong>potest</strong></span> <span class='ocrx_word' id='word_1_1111' title='bbox 2975 5833 3221 5904; x_wconf 78' lang='lat' dir='ltr'><strong>Psalterii</strong></span> <span class='ocrx_word' id='word_1_1112' title='bbox 3247 5833 3546 5890; x_wconf 85' lang='lat' dir='ltr'><strong>Commen-</strong></span> 
     </span>
    </p>
   </div>
   <div class='ocr_carea' id='block_1_156' title="bbox 1953 5903 3536 5980">
    <p class='ocr_par' dir='ltr' id='par_1_156' title="bbox 1953 5903 3536 5980">
     <span class='ocr_line' id='line_1_158' title="bbox 1953 5903 3536 5980; baseline -0.002 -21"><span class='ocrx_word' id='word_1_1113' title='bbox 1953 5903 2118 5962; x_wconf 84' lang='lat' dir='ltr'><strong>tarios</strong></span> <span class='ocrx_word' id='word_1_1114' title='bbox 2163 5917 2288 5964; x_wconf 83' lang='lat' dir='ltr'><strong>eum</strong></span> <span class='ocrx_word' id='word_1_1115' title='bbox 2315 5904 2602 5966; x_wconf 80' lang='lat' dir='ltr'><strong>inchoasse</strong></span> <span class='ocrx_word' id='word_1_1116' title='bbox 2643 5904 2746 5976; x_wconf 72' lang='lat' dir='ltr'><strong>sub</strong></span> <span class='ocrx_word' id='word_1_1117' title='bbox 2769 5903 2914 5977; x_wconf 78' lang='lat' dir='ltr'><strong>ipso</strong></span> <span class='ocrx_word' id='word_1_1118' title='bbox 2954 5903 3231 5980; x_wconf 85' lang='lat' dir='ltr'><strong>religionis</strong></span> <span class='ocrx_word' id='word_1_1119' title='bbox 3269 5904 3536 5976; x_wconf 76' lang='lat' dir='ltr'><strong>ingressu.</strong></span> 
     </span>
    </p>
   </div>
  </div>
