3992 6452
188 319 304 384 ιεῦ

1602 319 2130 381 PROLEGOMENA.

3413 329 3521 400 £86

191 440 378 522 igitur.
401 440 594 522 aliam
615 440 825 522 vivendi
855 441 1094 522 regulam
1122 443 1243 511 sibi,
1284 451 1341 498 et
1361 442 1499 522 _suis
1536 445 1820 522 monachis
1853 450 1894 507 Α
1924 444 2123 522 βεηθᾱ.
2154 461 2275 522 cum
2305 445 2512 522 praefat.
2530 447 2851 522 Cassiodori
2885 447 2952 508 in
2990 451 3252 522 Psalmos,
3299 461 3356 510 et
3392 471 3518 513 cum

188 510 511 583 delegisset
539 513 628 566 vir
655 512 871 583 quidem
917 510 1478 583 Christiane'probus,
1511 515 1606 570 sed
1636 515 1814 570 hacte-

191 597 300 635 nus
333 582 585 654 claustri
613 582 943 654 neop-hytus,
963 591 1018 638 et
1044 585 1134 653 qui
1159 582 1330 653 prima
1367 584 1605 654 jacicbat
1632 601 1823 639 mona-

191 653 354 707 sticae
404 652 1186 720 perfectionis’l‘undameuta’,
1241 655 1341 708 nisi
1370 652 1819 722 Benedictinam,

191 737 368 792 quam
391 724 624 778 ueteris
648 722 896 796 omnibus
935 724 1374 796 excellentiorem
1402 733 1457 780 et
1486 726 1824 796 praestantio-

193 809 317 848 rem
355 807 492 850 esse
525 801 643 864 tota
687 792 956 847 fatebatur
985 793 1158 859 Italia,
1216 792 1503 864 quamque
1534 811 1724 850 omnes
1768 796 1821 849 in

192 864 530 938 monasticis
573 862 1317 938 disciplinaexercitatiores
1334 862 1494 938 _ult_ro
1544 866 1822 938 amplesa-

194 934 446 989 bantur?
479 933 629 988 Num
659 947 789 1001 ergo
817 934 935 990 aliis
963 933 1210 990 omnibus
1240 936 1307 989 ad
1327 935 1386 990 S.
1417 933 1692 990 Benedicti
1716 935 1823 990 Re-

191 1007 389 1077 gulam
441 1005 818 1077 currentibus.
861 1005 1035 1077 inquit
1091 1005 1207 1074 ejus
1237 1008 1588 1077 ,synchronus
1657 1005 1824 1077 abbas

196 1075 540 1139 Fundanus,
577 1074 707 1143 ipsis
735 1075 898 1128 etiam
922 1076 1204 1130 abbatibus
1231 1074 1296 1130 in'
1324 1091 1516 1131 novam
1546 1075 1687 1130 hanc
1715 1075 1822 1129 Ec-

194 1145 387 1199 clesia:
412 1145 694 1213 regularis
723 1147 1002 1200 matricem
1028 1147 1175 1200 velut
1201 1147 1393 1200 iterato
1427 1146 1824 1200 introeuntibus

195 1225 255 1268 et
281 1216 741 1279 renascentibus,
773 1214 1127 1270 Cassiodorus
1149 1217 1296 1270 solus
1325 1217 1566 1271 haesisset
1593 1217 1646 1269 in
1679 1225 1825 1270 vete-

197 1301 323 1346 rum
348 1286 746 1340 ccenobiorum
779 1285 1076 1349 ruderibus,
1106 1302 1174 1340 ex
1198 1287 1438 1354 disjectis
1465 1295 1519 1342 et
1549 1287 1824 1355 undequa-

195 1375 312 1431 que
361 1356 667 1431 dispersis-
689 1355 915 1431 aliorum
955 1357 1204 1431 maceriis
1245 1373 1440 1431 novam
1485 1357 1584 1410 sibi
1625 1358 1822 1431 molem

197 1424 601 1486 excitaturus?
623 1424 758 1478 Num
789 1426 906 1480 aliis
929 1427 1173 1479 omnibus
1205 1427 1509 1494 peculiares
1534 1441 1660 1481 suas
1680 1427 1826 1494 leges

203 1501 636 1557 deserentibus,
667 1507 721 1550 et
751 1495 1124 1552 Benedictinas
1154 1497 1631 1564 amplectentibus,
1665 1497 1825 1550 dere-

203 1573 404 1626 lictam
436 1571 514 1623 ab
546 1570 667 1622 aliis
689 1569 824 1621 viam
850 1579 1132 1633 aggressus
1159 1565 1346 1620 fuisset
1372 1568 1454 1620 vir
1475 1566 1826 1636 prudentissi-

202 1657 328 1694 mus
361 1663 374 1692 .
412 1649 520 1692 aut
544 1650 737 1694 novam
769 1638 870 1708 sibi
901 1637 1199 1708 paravisset
1247 1637 1328 1690 vir
1354 1636 1824 1708 modestissimus?

203 1710 493 1775 Equidem
541 1724 650 1763 non
679 1706 1034 1761 dubitaverim
1063 1707 1193 1775 quin
1237 1721 1532 1761 succensus
1573 1707 1664 1761 ille
1696 1721 1825 1760 can-

199 1776 347 1834 didae
397 1780 631 1848 pietatis
659 1778 857 1842 studio,
889 1777 1200 1848 monasticae
1240 1776 1583 1848 perfectionis
1630 1792 1821 1831 aman-

201 1845 482 1914 tissimus,
520 1857 579 1903 et
607 1848 827 1902 fratrum
855 1845 1118 1916 profectui
1147 1846 1409 1916 imprimis
1433 1847 1676 1909 deditus,
1701 1861 1823 1901 eam

199 1921 308 1975 sibi
343 1928 405 1974 et
449 1919 745 1975 emnobitis
771 1915 883 1972 suis
907 1917 1254 1986 proposuerit
1280 1915 1592 1985 proficiendi
1620 1917 1827 1972 metho-

198 1990 334 2044 dutn
367 1998 432 2044 et
464 2003 737 2049 normam,
768 2002 887 2056 quas
910 1985 1144 2039 icteteris
1173 1985 1285 2054 jam
1324 1987 1679 2056 prawalebat;
1725 2002 1826 2042 nec

197 2062 499 2132 quispiam
545 2059 647 2132 nisi
674 2057 836 2132 plane
877 2056 1123 2132 divinans
1169 2070 1414 2132 asserere
1455 2065 1638 2125 queat,
1679 2056 1824 2132 quod

197 2125 598 2184 exauctoratis
623 2125 862 2182 omnium
907 2125 1074 2179 Italiae
1110 2127 1556 2181 monasteriorum
1588 2125 1825 2196 peculia-

199 2201 365 2254 ribus
399 2200 622 2268 legibus
648 2197 956 2268 inﬁgratiam
984 2196 1384 2268 ABenedictinaa,
1433 2197 1547 2250 sola
1575 2212 1693 2250 eam
1725 2213 1785 2268 re
1809 2228 1822 2238 -

201 2271 434 2339 spuerit
468 2265 673 2324 domus
697 2266 1046 2331 Vivarieusis,
1079 2265 1209 2319 nulli
1255 2265 1434 2320 adhuc
1481 2268 1678 2334 regula:
1722 2267 1820 2322 ad-

200 2340 380 2394 dicta.

277 2410 501 2464 Verum
532 2423 818 2477 urgeamus
856 2407 1056 2473 acrius,
1100 2407 1144 2463 si
1184 2407 1382 2477 placet,
1428 2405 1818 2477 majoremque,

202 2479 249 2534 si
279 2479 367 2534 fas
399 2488 515 2546 est,
546 2476 668 2532 huic
696 2486 1012 2548 argumento
1041 2479 1216 2532 lucem
1260 2476 1818 2548 all‘eramusaCassio-

203 2550 346 2604 doro
401 2551 744 2604 monasticen
799 2547 1110 2618 professuro
1157 2547 1518 2618 necessarium
1563 2547 1661 2601 fuit
1706 2556 1818 2601 tum

205 2619 504 2682 abbatem,
547 2628 656 2672 tum
689 2616 983 2673 monachos
1021 2617 1242 2684 eligere,
1282 2619 1380 2671 sub
1408 2616 1603 2688 quibus
1645 2619 1816 2688 prima

204 2690 412 2742 saltem
444 2691 692 2744 tirocinia
721 2696 949 2757 poneret
990 2688 1114 2740 vine
1154 2688 1474 2742 claustralis.
1529 2687 1816 2742 Nec’enim

203 2758 380 2813 homo
405 2759 572 2827 hujus
587 2759 880 2827 disciplina:
903 2758 1182 2826 imperitus
1203 2773 1232 2810 a
1257 2757 1566 2824 magisterio
1582 2757 1814 2811 studium

202 2829 608 2897 aggrederetur
645 2829 959 2882 humilitatis
994 2836 1049 2880 et
1088 2827 1436 2897 obedientia};
1480 2827 1815 2897 superiorem

204 2896 402 2965 ageret
451 2899 694 2954 nondum
739 2899 991 2957 novitius,
1047 2904 1103 2950 et
1141 2897 1260 2949 aliis
1288 2896 1455 2948 verbo
1499 2896 1818 2963 praeluceret

202 2969 463 3022 nondum
499 2970 668 3040 prima
716 2969 847 3023 artis
899 2968 1165 3021 elementa
1204 2966 1424 3040 doctus;
1459 2979 1560 3021 nec
1579 2967 1755 3040 minus
1784 2983 1814 3019 a

198 3035 515 3104 prudentia
549 3038 828 3092 Seuatoris
871 3052 1031 3104 quam
1069 3051 1102 3088 a
1138 3035 1530 3088 monachorum
1575 3037 1816 3091 moribus

202 3107 410 3162 fuisset
452 3110 709 3170 alienum,
751 3123 781 3160 e
829 3108 958 3160 solis
998 3105 1343 3158 smcularibus
1389 3119 1582 3158 novam
1631 3107 1812 3160 statim

200 3177 426 3230 institui
460 3177 955 3243 congregationem,
988 3191 1094 3228 non
1124 3175 1402 3243 permixtis
1442 3175 1630 3228 saltem
1671 3175 1808 3229 duo-

1925 516 1990 570 iis
1995 531 2129 597 eum
2155 516 2389 597 diximus
2414 518 2466 571 in
2494 518 2610 586 ejus
2630 521 2751 575 vita:
2782 532 2919 592 part.
2951 525 3071 597 ll,_§
3104 523 3193 579 56.

1995 586 2048 661 ξ).
2087 584 2193 661 Par
2236 588 2378 656 apud
2428 584 2716 661 utrumque
2763 584 2890 645 cura
2947 584 3304 661 infirmorum,
3347 605 3404 652 et
3448 596 3519 653 de

1925 655 2213 733 balneisin
2243 655 2432 712 eorum
2444 655 2756 733 subsidium
2798 665 3193 728 construendis,
3229 655 3367 733 pene
3394 681 3518 722 ver-

1925 726 2008 781 bis
2063 726 2338 812 ce'lliatrneut
2372 745 2385 780 :
2429 727 2741 812 Balnearum
2780 747 2923 812 usus,
2974 733 3147 812 inquit
3181 726 3518 812 Benedictus

1924 811 2044 864 cap.
2105 796 2172 848 56
2217 795 2676 880 Reg.,.infirmis,
2725 803 2925 872 quoties
2960 795 3187 884 expedit,
3240 805 3512 873 offeratur.

1927 865 2124 918 Balnea
2151 883 2367 938 quoque,
2399 877 2572 942 inquit
2594 870 2730 924 alter
2751 886 2873 939 cap.
2903 871 2971 923 '29
3000 874 3091 926 lib.
3123 875 3190 926 de
3221 873 3337 928 Div.
3359 874 3513 942 Litt.,

1923 947 2262 1012 congruenter
2288 939 2442 1012 (agris
2470 949 2769 1012 praeparata
2799 942 3098 1012 corporibus
3112 943 3361 1012 jussimus
3388 939 3518 1000 cedi;

1922 1007 2104 1082 ﬁcari;
2137 1021 2236 1060 nec
2264 1007 2440 1082 minor
2468 1010 2749 1082 utriusque
2779 1007 3135 1082 providentia,
3177 1012 3518 1082 quinipotius

1926 1077 2066 1149 idem
2095 1084 2362 1149 statutum,
2386 1077 2754 1149 D.,Benedicti
2780 1077 2900 1148 cap.
2929 1081 3001 1134 56
3050 1077 3271 1149 Begfet
3294 1077 3515 1138 cassio-

1923 1145 2040 1199 dori
2067 1160 2187 1214 cap.
2218 1145 2282 1199 2|
2318 1148 2468 1202 citati
2501 1148 2644 1214 libri,
2680 1165 2748 1204 ne
2782 1165 2812 1203 a
2849 1145 3208 1206 'servitorib'us
3239 1152 3518 1222 negligan-

1928 1226 2013 1270 tur
2039 1225 2385 1281 aegrotantes.

1994 1283 2046 1359 ᾖ.
2087 1285 2238 1359 idem
2262 1288 2401 1359 apud
2425 1303 2520 1342 eos
2547 1288 2927 1359 hospitalitatis
2954 1292 3148 1348 cultus.

1997 1353 2048 1407 5.
2089 1353 2386 1411 Mirabilem
2434 1353 2810 1413 bibliothecam
2857 1362 3187 1418 instruxerat
3226 1363 3516 1420 Cassiodo-

1925 1438 2054 1506 rusi,
2107 1433 2166 1478 ut
2211 1427 2665 1506 inionachi_juxta
2720 1429 2820 1506 D.__
2849 1430 3148 1506 Benedicti”
3185 1443 3515 1506 pmceptum

1925 1497 2218 1564 acciperent
2245 1513 2424 1549 omnes
2453 1499 2683 1583 singulos
2705 1499 2907 1580 codices
2928 1502 2993 1553 de
3027 1497 3336 1558 bibliotheca
3359 1497 3515 1578 (Reg.

1925 1563 1985 1618 S.
2014 1564 2210 1618 Bened.
2241 1582 2357 1627 cap.
2385 1567 2481 1627 60;
2509 1568 2655 1620 Cass.
2677 1567 2765 1620 lib.
2794 1567 2913 1622 Div.
2942 1569 3089 1627 Litt“
3114 1589 3231 1627 cap.
3261 1573 3330 1627 28
3351 1585 3401 1627 et
3424 1571 3515 1627 εἰς

1973 1605 1985 1616 .
2014 1584 2210 1618 aenea.
2241 1584 2357 1633 cap.
2385 1584 2481 1631 ou;
2509 1584 2655 1620 bass.
2677 1584 2765 1620 tw.
2794 1584 2913 1622 um.
2942 1584 3089 1633 Litt.,
3114 1589 3231 1633 cap.
3261 1584 3330 1627 28
3351 1585 3401 1628 et
3424 1584 3512 1633 32;

1926 1584 1985 1618 ι).
2014 1584 2210 1618 aenea.
2241 1584 2357 1635 cap.
2385 1584 2481 1631 ou;
2509 1584 2655 1620 bass.
2677 1584 2765 1620 tw.
2794 1584 2913 1622 um.
2942 1584 3089 1633 Litt.,
3114 1589 3231 1643 cap.
3261 1584 3330 1627 28
3351 1585 3401 1628 et
3424 1584 3515 1639 32;

1926 1632 2059 1710 Reg.
2175 1633 2372 1710 Bened.
2407 1653 2529 1710 cap.
2548 1637 2648 1700 43;
2677 1636 2825 1710 Cass.
2858 1639 2948 1692 lib.
2975 1639 3091 1692 Div.
3120 1641 3268 1708 Litt.,
3294 1661 3409 1710 cap.
3432 1642 3513 1710 8).

1996 1703 2048 1758 6.
2091 1703 2154 1756 Et
2171 1707 2327 1782 quod
2351 1703 2562 1782 mireris
2591 1709 2851 1782 monitum
2883 1711 3051 1782 patris
3079 1712 3145 1764 de
3181 1703 3400 1768 candela
3426 1703 3517 1782 ju-

1925 1774 2064 1841 giter
2091 1774 2333 1846 ardente,
2369 1777 2447 1829 sic
2478 1777 2740 1844 integrum
2772 1774 2941 1833 voluit
2985 1779 3121 1834 lilius
3148 1774 3516 1846 obediensfut

1859 1829 1898 1885 Β
1925 1829 2500 1914 ᾗετρθῑυῳίιξιηῆρθόίς
2541 1829 2693 1900 usuum
2729 1829 3517 1906 *Viisiién‘éiblis“iiiiiiéﬁizrii

1926 1928 2138 1994 ex_cap:
2162 1913 2231 1966 50
2396 1916 2902 1994 .l_)ivin._litterarum
2937 1919 3101 1994 (Reg:
3122 1937 3236 1994 cup.
3267 1919 3380 1994 22).

1997 1983 2048 2036 7.
2092 1985 2200 2038 Nec
2224 1985 2370 2039 siluit
2396 1985 2658 2040 Baronius
2682 1988 2748 2040 ad
2776 1983 2976 2042 annum
3005 1983 3107 2042 562
3131 1983 3514 2046 Cassiodorum

1923 2053 2002 2108 sic
2043 2055 2153 2108 suis
2182 2055 2391 2111 cavisse
2431 2056 2500 2109 ab
2538 2057 2683 2110 omni
2727 2059 3062 2113 saecularium
3103 2061 3509 2124 conturbernio,

1924 2135 1982 2196 ut
2019 2124 2280 2196 quidquid
2336 2126 2572 2196 adivitae
2619 2135 2674 2180 et
2721 2128 2934 2196 pietatis
2979 2131 3262 2185 commoda
3311 2129 3515 2184 auxilio

1922 2193 2082 2259 foret,
2129 2195 2246 2262 ipso
2284 2195 2656 2250 contineretur
2696 2193 3045 2263 monasterio,
3091 2208 3147 2254 et
3188 2201 3336 2255 salva
3381 2199 3511 2254 reli-

1921 2264 2081 2331 gioue
2116 2265 2348 2336 Asileutii,
2387 2273 2443 2336 et
2485 2266 2618 2319 otio‘
2650 2269 3139 2336 contemplationis,
3190 2277 3510 2324 cunctorum

1921 2333 2331 2408 necessitatibus
2378 2334 2601 2408 fratrum
2642 2334 2793 2408 ﬁeret
2838 2333 2988 2391 satis.
3034 2337 3187 2408 Quod
3229 2338 3511 2408 exquisita:

1919 2404 2486 2478 sapientiaa_digestum
2517 2404 2879 2478 Benedictinte
2921 2408 3082 2462 debet
3125 2404 3342 2476 Regula:
3381 2423 3504 2478 cap.

1921 2473 2011 2538 66,
2042 2489 2159 2542 quae
2192 2474 2346 2541 jubet
2375 2476 2755 2529 monasterium
2777 2478 2856 2531 sic
2884 2473 3227 2532 construatur
3253 2486 3310 2531 ut
3332 2473 3508 2532 omnia

1919 2546 2232 2616 necessaria,
2261 2545 2320 2598 id
2352 2555 2427 2598 est
2464 2561 2621 2611 aqua,
2651 2547 3020 2611 molendinum,
3079 2549 3277 2616 hortus,
3326 2548 3509 2616 pistri-

1919 2629 2064 2679 num,
2085 2614 2162 2667 vel
2189 2623 2329 2667 artes
2357 2616 2570 2668 diversa:
2586 2617 2726 2669 intra
2747 2619 3116 2670 monasterium
3145 2614 3503 2680 exerceantur,

1919 2692 1976 2734 ut
2012 2699 2116 2758 non
2158 2684 2226 2736 sit
2261 2685 2544 2758 necessitas
2594 2686 2858 2758 monachis
2905 2688 3131 2758 vagandi
3175 2690 3340 2758 foras,
3385 2689 3510 2758 quid

1918 2755 2128 2826 omnino
2159 2769 2266 2826 non
2288 2754 2495 2826 expedit
2525 2754 2794 2826 animabus
2815 2754 3010 2810 eorum.
3044 2757 3152 2812 Nec
3175 2754 3508 2826 'prmtereuu-

1920 2819 2048 2896 dum
2077 2823 2148 2896 ita
2174 2819 2423 2890 religiose
2449 2822 2825 2896 Cassiodorum
2858 2827 2980 2880 huic
3012 2819 3264 2881 mandato
3291 2827 3506 2896 legisla-

1923 2892 2053 2963 toris
2081 2891 2519 2963 obtemperasse,
2555 2901 2613 2946 ut
2647 2892 2813 2948 libros
2839 2896 2928 2963 qui
2959 2896 3027 2949 de
3055 2897 3317 2950 medicina
3350 2891 3416 2951 et
3441 2911 3504 2950 re

1917 2958 2237 3026 domestica,
2271 2958 2328 3014 et
2367 2962 2680 3016 alendarum
2710 2958 2908 3030 avium,
2956 2965 3188 3018 maxime
3233 2966 3504 3020 columba-

1917 3043 2036 3083 rum
2081 3047 2210 3104 cura
2246 3031 2522 3104 disserunt
2561 3039 2784 3104 propter
2829 3034 3086 3104 inttrmos,
3134 3035 3328 3104 quibus
3373 3035 3504 3089 sols

1917 3108 2042 3170 sunt
2070 3102 2210 3164 usui,
2241 3116 2270 3154 a
2301 3102 2411 3157 suis
2438 3102 2670 3157 voluerit
2699 3117 2817 3157 esse
2843 3103 3111 3170 legendos.

1989 3169 2186 3242 Verum
2216 3171 2304 3225 hic
2344 3170 2525 3227 forsan
2567 3187 2809 3242 oppones
2844 3169 2952 3227 non
3001 3173 3120 3228 aliis
3152 3173 3252 3228 sub
3296 3173 3502 3241 legibus

201 3218 322 3301 bus
462 3218 977 3301 lsenioribus
998 3218 1206 3315 mysiis,
1229 3259 1458 3313 quorum
1485 3245 1734 3314 exemplo
1756 3255 1811 3299 et
1842 3218 1885 3278 Β
1917 3252 2078 3306 quam
2110 3241 2174 3295 iis
2201 3256 2426 3315 Quarum
2452 3218 2876 3315 Amodbrmentio
2905 3243 3046 3297 facta
3077 3252 3180 3310 est,
3229 3250 3289 3315 ut
3336 3218 3504 3313 piari-

205 3331 311 3369 usu
344 3331 546 3370 recens
569 3317 656 3371 ille
688 3315 1072 3369 Vivarieusium
1097 3322 1268 3368 coitus
1291 3315 1612 3367 erudiretur.
1638 3315 1810 3381 Quem

206 3385 376 3452 igitur
405 3387 680 3449 abbatem,
713 3401 848 3454 quos
871 3384 1179 3454 monachos
1202 3393 1521 3448 accerseret,
1555 3385 1656 3438 nisi
1706 3384 1808 3439 Be-

208 3455 528 3510 nedictiuos
573 3453 754 3510 statim
808 3457 1016 3522 obvios,
1067 3453 1350 3522 probatos,
1400 3462 1454 3508 et
1501 3454 1569 3508 ab
1610 3457 1811 3510 exteris

209 3525 378 3578 etiam
408 3525 768 3594 undequaque
789 3527 1071 3594 quaesitos?
1097 3523 1216 3578 Stat
1236 3523 1417 3594 igitur,
1445 3522 1664 3578 Baronii-
1680 3541 1810 3594 pace

210 3594 467 3660 dixerim,
490 3595 884 3657 Cassiodorum,
916 3595 1054 3648 sicut
1081 3601 1304 3648 ceteros
1319 3593 1483 3647 Italiae
1505 3593 1810 3650 coanobiar-

212 3663 366 3727 chas,
404 3664 699 3719 Benedicto
727 3680 922 3719 nomen
952 3664 1190 3726 dedisse;
1222 3679 1324 3718 nec
1353 3665 1512 3717 aliam
1542 3664 1813 3720 Vivarien-

213 3747 300 3786 ses
358 3735 661 3790 monachos
721 3735 962 3804 regulam
1015 3735 1295 3803 amplexos
1357 3748 1518 3802 quam
1583 3733 1808 3790 Benedi-

213 3805 441 3859 ctinam.

723 3912 1202 3969 ARGUMENTUM
1239 3913 1303 3968 11.

284 4007 604 4063 Desumitur
649 4007 780 4061 illud
826 4022 894 4061 ex
941 4006 1128 4060 eadem
1185 4004 1403 4072 Regulae.
1447 4005 1807 4062 Benedictina:

214 4079 385 4146 praxi,
409 4093 514 4133 seu
536 4079 652 4146 pari
675 4078 890 4132 vivendi
922 4075 1091 4130 forma
1115 4074 1514 4131 Vivariensibus
1537 4091 1600 4131 ac
1627 4093 1810 4132 mona-

215 4147 328 4202 chis
357 4147 727 4203 Benedictinis
757 4146 1024 4207 familiari,
1058 4162 1126 4200 ex
1154 4159 1261 4214 qua
1285 4161 1392 4198 non
1437 4147 1667 4201 obscure
1693 4149 1808 4202 col-

215 4215 380 4285 ligere
407 4219 542 4272 licet
569 4231 664 4272 eos
691 4217 917 4271 diversis
947 4216 1154 4284 legibus
1185 4230 1290 4270 non
1319 4216 1534 4270 vixisse.
1565 4215 1718 4282 Quod
1750 4229 1808 4270 ut

216 4285 638 4352 demonstretur,
673 4287 798 4340 illud
829 4287 1091 4356 imprimis
1124 4286 1376 4350 occurrit,
1417 4286 1561 4355 quod
1592 4286 1806 4354 Regula:

215 4358 388 4424 primo
417 4370 544 4425 cap.
575 4357 633 4412 S.
682 4356 1001 4411 Benedictus
1035 4357 1142 4410 duo
1183 4362 1392 4409 tantum
1427 4357 1662 4427 probans
1689 4372 1807 4411 mo-

220 4427 518 4482 nachorum
549 4441 769 4496 genera,
803 4427 1193 4481 cmnobitarum
1230 4433 1286 4478 et
1313 4427 1762 4480 anachoretarum
1786 4468 1800 4492 ,

218 4497 446 4574 primum
473 4497 802 4574 instituendo
830 4496 1092 4574 praecipit,
1127 4496 1709 4574 alterumcxercitatis,
1751 4505 1806 4574 e_t

216 4563 320 4631 jam
347 4567 594 4622 emerita:
626 4563 1124 4620 militiai—veteranis
1161 4565 1414 4618 consulit.
1458 4565 1527 4617 At
1565 4563 1799 4633 Magistri

221 4637 460 4706 vestigiis
497 4637 717 4691 sedulus
758 4637 1039 4706 inhaerens
1069 4634 1440 4706 Cassiodorus,
1477 4637 1800 4690 secretiores

222 4703 379 4762 cellas
421 4708 481 4761 in
524 4707 729 4760 ambitu
777 4707 976 4760 montis
1001 4703 1242 4769 Castelli,
1290 4705 1381 4772 qui
1429 4720 1583 4759 muro
1613 4720 1800 4759 mona-

221 4777 363 4830 sterii
387 4776 726 4845 cingebatur,
747 4777 1014 4840 distinxit;
1044 4783 1104 4829 ut
1124 4775 1317 4844 quibus
1345 4775 1604 4845 impulsus
1633 4775 1726 4829 Dei
1747 4784 1801 4830 et

225 4856 519 4912 consensus
566 4847 773 4901 abbatis
828 4847 1052 4912 faveret,
1107 4845 1295 4900 liceret
1338 4845 1476 4899 bene
1523 4846 1801 4901 instructis

224 4909 453 4971 fraterna
487 4932 554 4972 ex
594 4918 711 4972 acie
743 4915 810 4971 ad
851 4909 1174 4984 singularem
1222 4929 1453 4984 pugnam
1499 4915 1664 4969 eremi
1704 4917 1798 4970 de-

223 4989 498 5054 scendere.
549 4984 842 5041 Pmmissis
885 4989 1025 5040 enim
1067 4986 1117 5038 in
1167 5001 1322 5054 capp.
1369 4984 1438 5038 29
1476 4993 1532 5040 et
1569 4984 1638 5038 32
1678 4984 1798 5040 libri

231 5050 390 5110 Divin.
429 5055 553 5110 Litt.
587 5057 650 5110 iis
670 5070 788 5125 quae
815 5054 1163 5110 fortissimum
1208 5050 1593 5110 ciinobitarum
1622 5055 1804 5124 dispo-

228 5134 354 5195 Ilunt
377 5141 566 5194 genus,
598 5127 675 5180 sic
705 5141 804 5195 pro
832 5128 1069 5180 eremitis
1104 5125 1267 5180 edicit
1296 5143 1308 5177 :
1349 5125 1567 5178 Habetis
1610 5129 1797 5180 montis

228 5189 432 5250 Castalii
480 5205 677 5250 secreta
707 5189 922 5261 suavia,
973 5197 1061 5249 ubi
1102 5197 1232 5248 velut
1280 5195 1616 5265 anachoritaz,
1661 5213 1796 5265 pra:-

230 5270 388 5319 stante
409 5266 656 5337 Domino,
697 5267 915 5337 feliciter
934 5283 1045 5321 esse
1081 5267 1308 5337 possitis,
1342 5275 1444 5319 etc.
1474 5263 1799 5333 Quapropter

230 5343 394 5405 aptum
421 5338 518 5390 erit
540 5336 680 5390 vobis
699 5336 896 5405 eligere
923 5336 1219 5389 exercitatis
1247 5336 1457 5405 jamque
1497 5337 1800 5404 probatissi-

231 5403 337 5466 mis,
361 5407 490 5460 illud
519 5403 888 5472 habitaculum,
911 5407 956 5459 si
985 5407 1128 5475 prius
1156 5407 1210 5457 in
1231 5403 1384 5457 corde
1404 5415 1569 5458 vestro
1595 5421 1798 5475 praepa-

231 5481 396 5557 ﬁatut.
405 5479 568 5557 fuerit
609 5491 889 5557 ascensus:
938 5474 1084 5544 quod
1125 5489 1287 5528 sensu
1325 5474 1601 5543 verboque
1647 5483 1803 5531 tenus

233 5537 624 5601 Benedictinum
652 5555 735 5601 est
760 5537 998 5600 elfatum.

260 5613 345 5691 .2.
383 5615 570 5691 Quoad
619 5616 782 5691 horas
809 5615 1018 5691 prandii
1055 5621 1340 5691 etcosuge,
1391 5613 1799 5691 quoad‘regula-

233 5683 325 5746 ria,
345 5695 398 5738 et
424 5687 527 5742 alia
549 5683 828 5741 severiora
854 5687 921 5740 ab
945 5683 1184 5740 Ecclesia
1207 5684 1402 5739 indicta
1428 5683 1653 5752 jejunia,
1676 5700 1799 5740 con-

233 5755 384 5826 sentit
411 5758 612 5825 pariter
636 5772 758 5812 cum
784 5755 1089 5826 legislatore
1110 5760 1294 5826 nostro
1313 5754 1562 5826 Senator,
1581 5765 1651 5826 ut
1676 5772 1796 5826 per-

234 5821 465 5892 spicuum
501 5834 586 5886 est
626 5841 697 5886 ex
747 5821 1034 5885 collatione
1081 5840 1198 5898 cap.
1231 5823 1300 5883 59
1343 5833 1399 5882 et
1438 5823 1526 5881 tl.
1578 5821 1796 5898 Regula:

1833 4604 1880 4662 D

1917 3323 2063 3362 mum
2089 3320 2326 3383 czeteros
2357 3313 2556 3366 vixisse
2601 3313 2919 3378 monachos,
2970 3322 3029 3366 ut
3070 3312 3300 3383 proinde
3337 3312 3500 3369 certa

1920 3393 2026 3451 non
2053 3381 2130 3451 sit
2163 3397 2229 3434 ex
2259 3381 2434 3435 allatis
2463 3383 2603 3436 ratio
2632 3383 2986 3438 concludendi
3021 3381 3118 3451 pro
3145 3383 3496 3438 Benedictino

1914 3445 2219 3521 Cassiodori
2243 3452 2584 3506 mouachatu.
2616 3451 2810 3506 Damus
2832 3452 2882 3504 id
2901 3445 3114 3521 quidem
3132 3453 3444 3508 lubentissiu
3467 3467 3502 3508 ο

1915 3516 2296 3590 Cassiodorum
2330 3523 2584 3575 nonnulla
2615 3538 2679 3574 ex
2707 3516 2939 3590 praefatis
2980 3525 3196 3577 statutis
3224 3523 3287 3576 D.
3321 3523 3498 3577 Bene-

1913 3587 2059 3643 dicto
2089 3605 2209 3644 cum
2257 3592 2507 3646 omnibus
2556 3587 2836 3646 monachis
2873 3593 3178 3647 communia
3217 3607 3494 3657 servasse;

1915 3672 2094 3730 neque,
2127 3675 2257 3714 vero
2307 3661 2430 3716 inde
2473 3661 2811 3716 solummodo
2837 3663 3138 3730 colligimus
3167 3677 3287 3716 eum
3329 3661 3498 3716 Bene-

1913 3726 2128 3782 dictinis
2155 3731 2348 3802 ascribi
2369 3740 2622 3802 oportere
2648 3750 2659 3785 :
2691 3746 2873 3785 verum
2902 3726 3023 3786 cuin
3048 3741 3102 3802 et
3123 3726 3496 3787 communibus

1912 3799 2224 3871 et_pr0priis
2254 3799 2426 3855 sancti
2457 3802 2776 3870 legislatoris
2803 3802 3013 3871 placitis
3040 3800 3357 3857 Senatorem
3394 3817 3495 3871 pa-

1911 3869 2084 3922 ruisse
2113 3869 2525 3942 ostenderimus,
2555 3873 2725 3942 ipsum
2754 3889 2783 3924 a
2806 3869 2920 3924 tota
2968 3870 3170 3942 Regula
3202 3886 3268 3924 ne
3298 3871 3383 3924 vel
3398 3869 3490 3942 ia-

1914 3944 2024 3990 tum
2063 3940 2277 4008 quidem
2327 3940 2883 4010 unguem'deﬂexisse
2923 3941 3254 3995 inferendum
3279 3941 3496 4010 merito

1911 4021 2212 4081 censemus.
2257 4008 2420 4066 Adde
2449 4011 2595 4081 quod
2637 4027 2701 4066 ea
2749 4025 2869 4079 qua}
2910 4011 3215 4081 cotnmunia
3261 4008 3496 4081 diximus

1910 4078 2099 4150 eodem
2130 4096 2290 4134 sensu
2329 4078 2623 4150 iisdemque
2652 4078 2792 4150 pene
2837 4096 2900 4134 ac
2949 4079 3271 4133 Benedictus
3298 4079 3494 4150 verbis

1909 4147 2009 4202 sibi
2059 4150 2309 4204 tribuerit
2363 4147 2754 4213 Cassiodorus,
2807 4158 2864 4202 ut
2903 4150 3131 4218 amplius
3170 4147 3375 4217 patebit
3422 4162 3491 4200 ex

1909 4230 2225 4286 argumento
2249 4224 2513 4290 sequenti.

2392 4329 2873 4387 ARGUMENTUM
2912 4327 2998 4384 111.

1979 4423 2095 4478 Νοη
2130 4423 2303 4478 solum
2332 4438 2400 4478 ex
2430 4424 2494 4478 iis
2519 4438 2639 4492 quae
2675 4421 3035 4492 Cassiodorus,
3054 4419 3164 4487 jam
3195 4417 3496 4492 monachus

1907 4494 2017 4562 egit
2046 4494 2201 4548 nobis
2220 4509 2463 4549 asserere
2488 4490 2613 4548 licet
2641 4495 2814 4563 ipsum
2844 4491 3132 4563 Benedicto
3154 4490 3239 4563 vel
3268 4490 3489 4563 viventi,

1909 4561 1992 4616 vel
2015 4564 2259 4633 proxime
2287 4563 2541 4619 defuncto
2587 4561 2786 4619 nomen
2815 4562 3059 4625 dedisse;
3097 4561 3192 4633 sed
3220 4575 3351 4633 quae,
3369 4561 3490 4633 ubi-

1905 4630 2265 4702 que'operum
2295 4649 2512 4688 suorum
2536 4635 2601 4689 ad
2635 4634 2974 4688 Vivarienses
3003 4632 3200 4700 passim
3250 4630 3491 4702 scripsit,

1905 4702 1958 4756 id
1981 4701 2129 4758 certo
2148 4704 2548 4770 demonstrant;
2573 4705 2784 4759 videtur
2802 4704 2948 4760 enim
2970 4703 3239 4757 succincta
3263 4701 3494 4769 sparsim

1905 4773 1957 4826 in
2013 4773 2418 4830 Benedictinam
2476 4775 2734 4843 Regulam
2776 4773 3165 4843 commentaria
3214 4786 3490 4843 exarasse,

1903 4843 2097 4910 quibus
2128 4845 2292 4899 tacito
2322 4841 2643 4914 legislatoris
2673 4846 2888 4899 nomine
2927 4842 3043 4911 ejus
3074 4841 3327 4914 loquendi
3373 4849 3493 4914 _t_ro-

1904 4928 2002 5035 pos
2033 4924 2272 4996 usurpat.
2319 4911 2496 4996 Pauca
2539 4916 2892 4996 delibabimus
2940 4929 3008 4968 ex
3048 4913 3250 4975 multis,
3294 4911 3496 4978 quibus

1924 4991 2095 5035 ectori
2115 4994 2250 5035 citra
2281 4986 2494 5035 tmdmm
2522 4984 2614 5035 ﬁat
2635 4993 2785 5035 satis.

1924 4985 2095 5038 ectori
2115 4986 2250 5039 citra
2281 4986 2494 5040 taedium
2522 4984 2614 5038 ﬁat
2635 4987 2785 5038 satis.

1974 5052 2210 5108 Primum
2235 5057 2468 5110 occurrit
2497 5054 2682 5114 olﬁcii.
2734 5069 2828 5108 seu
2879 5052 3060 5119 operis
3096 5049 3260 5106 divini
3303 5048 3493 5117 dispoe

1903 5123 2048 5200 sitio,
2079 5126 2168 5200 diu
2199 5133 2470 5200 noctuque
2502 5125 2997 5200 pera_gendi,_quam
3026 5120 3351 5200 adamtissim
3385 5121 3491 5200 lie-

1903 5192 2252 5270 uedictinam,
2278 5209 2370 5248 seu
2383 5189 2469 5270 :ad
2502 5189 2803 5270 sexdecim
2825 5189 3029 5260 integra
3072 5189 3288 5270 Regulae
3310 5189 3492 5270 capita

1902 5263 2218 5339 Senatorem
2249 5265 2627 5339 concinnasse,
2655 5264 2895 5339 probant
2915 5278 2978 5339 ea
3008 5274 3128 5329 quae
3178 5263 3397 5339 scripsit
3432 5263 3489 5339 in

1940 5333 2219 5388 rtefatione
2247 5334 2632 5389 Commentarii
2659 5327 2746 5388 sui
2780 5334 2830 5386 in
2862 5327 3120 5391 Psalmos,
3164 5337 3220 5382 et
3263 5327 3382 5383 aliis
3431 5329 3484 5381 in

1923 5405 2054 5466 ocis,
2089 5413 2146 5457 ut
2174 5406 2336 5458 etiam
2367 5405 2697 5460 ostendimus
2725 5405 2776 5457 in
2805 5403 2922 5472 ejus
2942 5402 3070 5472 vitae
3089 5408 3241 5472 parte
3273 5413 3326 5463 ιι,
3352 5397 3379 5468 ς
3401 5397 3488 5452 l7.

1975 5472 2027 5526 2.
2075 5474 2230 5529 Horae
2258 5482 2529 5530 canonica:
2569 5470 2997 5541 dicuntur—opus
3037 5470 3422 5541 rdivinuem,__ut_
3458 5483 3488 5522 a

1904 5543 2195 5600 Benedicto
2226 5545 2357 5613 Reg.
2391 5562 2510 5615 cap.
2536 5544 2625 5610 45,
2657 5545 2738 5599 sic
2767 5561 2797 5597 a
2825 5536 3149 5597 Cassiodoro
3179 5537 3272 5591 lib.
3312 5536 3488 5591 Divin.

1901 5612 2029 5668 Litt.
2064 5631 2183 5669 can.
2215 5615 2302 5669 50.
2337 5623 2442 5669 etc.

1947 5615 2029 5668 itt.
2064 5631 2183 5671 can.
2215 5615 2302 5671 50.
2337 5623 2442 5671 etc.

1971 5632 2029 5668 ιι.
2064 5632 2183 5685 cap.
2215 5632 2302 5680 ou,
2337 5632 2442 5671 etc.

1971 5685 2264 5761 §.__Eadem
2306 5687 2446 5756 apud
2493 5694 2778 5761 utrumque
2815 5679 3231 5761 nomenclatura
3270 5693 3339 5761 ea
3363 5692 3492 5748 pars

1901 5755 2061 5810 oﬂicii
2085 5771 2246 5825 quam
2277 5752 2374 5811 nos
2405 5752 2705 5825 matutinos
2725 5754 2972 5825 dicimus,
2997 5752 3200 5825 uigilias
3223 5758 3492 5825 nocturna!

1899 5818 2208 5882 nominatur
2253 5826 2405 5899 (Reg.
2435 5842 2553 5898 cap.
2583 5823 2682 5892 45;
2732 5823 2967 5880 Cassiod.
3001 5818 3063 5875 iii
3085 5820 3219 5892 psal.
3261 5818 3489 5890 Lxxvs);
