4048 6344
470 281 576 345 487
1647 288 1716 345 M.
1759 286 2058 345 AURELIU

2160 285 2621 345 IASSlODORUS.
3625 268 3727 332 488
3744 296 3749 301 ·

473 410 529 458 et
557 410 617 457 ut
644 402 708 457 ad
744 419 836 461 eas
875 405 1223 472 tempestivus
1263 412 1318 461 et
1361 404 1532 459 lacilis
1584 412 1731 459 esset
1775 420 2043 472 accessus,
2075 409 2121 467 Λ
2150 420 2254 458 ηοη
2279 405 2421 458 enim
2445 404 2659 458 diﬂiteri
2686 409 2911 472 possunt
2936 401 3129 456 eruditi
3166 399 3406 472 regulam
3436 398 3582 453 hanc
3620 397 3735 468 ipso

471 472 818 527 tinniensium
854 476 1270 543 horologiorum,
1299 485 1354 529 et
1377 475 1519 543 jugis
1553 474 1770 529 luminis
1822 491 1919 529 usu
1958 476 2042 527 in-

472 544 691 614 geniose
727 544 959 612 providit
992 545 1383 599 Cassiodorus:
1424 545 1551 598 Hac
1600 562 1721 614 ergo
1767 552 2046 614 procurata

471 621 613 676 sunt,
638 613 807 681 inquit
835 630 952 682 cap.
987 615 1053 669 ΞΟ
1086 615 1175 668 lib.
1211 615 1382 668 Divin.
1417 614 1565 677 Litt.,
1598 613 1870 666 utmilites
1897 613 2047 667 Clari-

474 683 540 734 sti
569 683 865 736 certissimis
904 686 1061 751 signis
1107 685 1379 750 admoniti,
1422 685 1488 736 ad
1536 701 1663 751 Opus
1709 684 2048 736 exercendum

474 751 702 823 divinum
730 755 877 822 quasi
905 754 1035 807 tubis
1064 754 1418 823 clangentibus
1448 764 1734 808 euocentur.

543 827 596 876 ό.
639 822 902 876 Convenit
948 825 1087 877 inter
1124 822 1366 879 eruditos
1412 824 1615 877 nullum
1657 824 1708 875 in
1756 822 2048 876 Occidente

472 900 632 962 mtate
661 892 952 946 Benedicto
982 896 1314 962 superiorem
1352 893 1404 946 in
1434 893 1571 947 serie
1602 894 1853 946 horarum
1882 909 2047 947 cano-

474 961 715 1014 nicarum
744 961 1081 1029 completorii
1130 963 1463 1026 meminisse,
1507 972 1563 1016 et
1609 963 1749 1016 illius
1796 978 1948 1016 usum
1998 970 2052 1016 et

474 1029 699 1101 formam
730 1028 1163 1086 Occidentalibus
1204 1034 1479 1087 monachis
1509 1034 1918 1101 pI‘JESCt'ipSiSSC,
1957 1049 2051 1086 cn-

467 1099 555 1166 jus
603 1100 763 1154 ritum
807 1104 1140 1156 sanctissimo
1186 1102 1329 1155 Patri
1381 1099 1544 1156 debet
1596 1099 1759 1156 etiam
1812 1103 2051 1155 Romana

472 1168 732 1233 Ecclesia,
767 1179 824 1223 ut
854 1172 1020 1238 probe
1064 1173 1303 1226 scribunt
1351 1171 1725 1238 Bellarminus,
1776 1172 2051 1226 Francoli-

474 1256 595 1303 nus,
629 1238 780 1307 Hugo
814 1240 1117 1308 Menardus,
1160 1242 1445 1296 cardinalis
1488 1241 1658 1305 Bona,
1689 1250 1743 1294 et
1771 1242 1859 1295 alii
1889 1243 1954 1295 ab
1985 1257 2051 1295 eo

471 1309 621 1364 citati
650 1325 769 1377 cap.
800 1309 866 1362 10
900 1311 966 1365 de
1011 1312 1199 1365 Divina
1238 1310 1559 1365 Psahnodia.
1591 1310 1755 1377 Igitur
1784 1311 1924 1364 haud
1954 1312 2053 1364 du-

471 1378 617 1431 bium
642 1379 770 1446 quin
795 1380 1197 1435 Benedictinam
1237 1381 1495 1446 Regulam
1538 1389 1753 1434 secutus
1781 1382 1851 1434 sit
1878 1380 2052 1435 Sena-

474 1457 580 1519 tor,
611 1449 735 1519 dum
768 1450 822 1502 in
852 1451 1076 1519 prologo
1098 1452 1178 1504 sui
1208 1451 1259 1503 in
1291 1451 1533 1505 Psalmos
1562 1448 1971 1515 Commentarii,
2000 1458 2056 1503 et

474 1518 528 1570 in
561 1518 765 1589 psalmo
792 1536 971 1585 cxvm,
997 1518 1052 1573 et
1085 1521 1317 1573 maxime
1350 1521 1401 1572 in
1429 1520 1774 1574 conclusione
1804 1521 1939 1589 psal.
1966 1536 2051 1585 xc,

474 1588 828 1656 completorios
876 1600 990 1658 post
1037 1607 1213 1643 omnes
1257 1599 1399 1643 actus
1456 1590 1577 1653 diei,
1626 1588 2054 1645 noctis’adventu

469 1657 629 1725 jussit
656 1657 949 1712 demutari.

548 1725 602 1783 5.
644 1726 843 1783 Similis
874 1729 1150 1797 utriusque
1179 1730 1233 1783 in
1279 1747 1533 1785 manuum
1563 1729 1835 1785 laboribus
1862 1745 2055 1785 mona-

475 1795 730 1880 chis,_.ne
782 1799 893 1880 ctio
942 1789 1241 1880 torperent,
1290 1800 1714 1880 pncscribcndis,
1761 1801 1949 1855 similis
1998 1800 2053 1880 in
2084 1789 2129 1849 Β

474 1865 856 1939 distribuendis
882 1865 1168 1936 unicuique
1196 1865 1488 1925 secundum
1518 1871 1660 1923 vires
1706 1886 1832 1925 suas
1870 1870 2057 1939 operi-

473 1934 575 1990 bus
604 1952 731 1991 cura
760 1947 816 1991 et
843 1934 1164 1993 sollicitudo.
1219 1940 1493 1994 Similibus
1536 1940 1696 1993 ambo
1729 1934 1924 1994 verbis'
1956 1940 2055 1992 ini-

476 2005 671 2059 micam
698 2007 997 2062 animarum
1025 2010 1349 2063 otiositatem
1381 2019 1435 2064 et
1458 2010 1714 2064 desidiam
1739 2025 1769 2063 a
1810 2008 2056 2063 claustris

514 2077 668 2162 coegi
697 2078 987 2162 amandare
1020 2080 1354 2162 cciitendunt
1385 2078 1562 2162 (Regia
1587 2095 1702 2162 cap.
1750 2078 1875 2162 485”
1905 2078 2051 2162 Cass.

475 2144 566 2199 lib.
599 2144 717 2200 Div.
750 2145 875 2200 Litt.
899 2164 1013 2218 cap.
1047 2147 1135 2201 50.
1171 2149 1303 2219 Reg.
1337 2144 1453 2218 cap.
1487 2144 1595 2214 '48;
1627 2144 1773 2202 Cass.
1817 2148 1907 2201 lib.
1934 2147 2052 2202 Div.

475 2213 603 2285 Litt.
637 2231 753 2285 ccp.
786 2216 897 2285 52).

525 2216 603 2267 itt.
637 2231 753 2270 can.
786 2216 897 2270 52).

548 2234 603 2267 ιι.
637 2234 698 2267 ca
740 2255 753 2268 .
786 2234 854 2269 32
884 2257 897 2270 .

548 2283 601 2337 6.
651 2234 886 2357 [Ῑᾶξι-(ιυὲ
919 2286 1037 2357 pari
1064 2287 1412 2341 veneratione
1442 2285 1683 2341 Cassiani
1728 2289 1926 2357 scripta
1964 2304 2058 2343 co-

474 2352 593 2427 iuit,
616 2352 830 2427 suisque
842 2352 1077 2427 iegenda
1100 2357 1397 2427 proposuit.
1424 2357 1651 2410 Sedeant
1670 2352 1865 2418 omnes,
1890 2359 2061 2427 inquit

475 2422 799 2496 Benedictus
838 2424 972 2496 Reg.
1016 2422 1134 2493 cap.
1180 2425 1270 2491 42,
1313 2434 1363 2479 et
1399 2427 1534 2496 legat
1576 2444 1706 2496 unus
1758 2422 2058 2481 collationcs

473 2494 714 2566 Patrum,
744 2495 971 2566 scriptas
998 2496 1205 2566 scilicet
1229 2511 1259 2549 a
1282 2494 1559 2566 Cassiano.
1584 2495 1891 2566 Cassianum
1920 2515 2060 2566 pres-

476 2563 728 2636 byterum,
769 2564 855 2636 ait
901 2564 1250 2636 Cassiodorus
1291 2566 1381 2619 lib.
1426 2564 1540 2618 Div.
1594 2565 1743 2631 Litt.,
1803 2563 1928 2636 cap.
1968 2566 2055 2633 29,

472 2631 652 2704 sedulo
679 2634 848 2704 legite,
880 2644 929 2687 et
958 2633 1174 2687 libenter
1202 2637 1375 2689 audite
1396 2652 1414 2688 :
1446 2636 1495 2689 id
1525 2644 1608 2689 est
1643 2636 1827 2691 forsan
1856 2631 2057 2704 audite,

474 2702 607 2775 dum
639 2702 950 2775 sedentibus
979 2704 1118 2768 aliis,
1154 2715 1211 2758 ut
1252 2706 1493 2774 praecipit
1545 2705 1889 2775 Benedictus,
1929 2702 2061 2761 Cas;

471 2772 612 2827 siani
641 2773 959 2829 collationes
988 2790 1125 2828 unus
1153 2772 1337 2829 coram
1366 2772 1589 2829 legeret.

546 2842 597 2896 7.
641 2843 996 2916 Cassiodorus
1021 2843 1362 2916 ,Vivarienses
1390 2842 1697 2899 obedientia
1721 2861 1828 2916 prae
1850 2846 2061 2901 caneris

471 2912 760 2967 virtutibus
787 2915 1029 2969 exerceri
1068 2914 1245 2982 jussit,
1278 2919 1430 2983 cujus
1470 2923 1527 2968 ut
1567 2912 1870 2984 religiosior
1917 2924 2061 2970 esset

474 2984 835 3054 observantia,
883 3000 1002 3039 eam
1048 2984 1177 3053 ipsis
1224 3000 1362 3054 pene
1413 2986 1592 3041 verbis
1642 2986 2056 3050 commendavit,

469 3054 663 3121 quibus
691 3052 748 3107 S.
772 3052 1093 3109 Benedictus
1112 3070 1196 3121 ca,
1222 3052 1384 3109 veluti
1412 3065 1613 3110 tessera
1633 3057 1884 3124 quadam,
1907 3056 2063 3110 disci-

511 3124 653 3214 Ἦρεᾷ
668 3124 922 3214 insigniri
962 3124 1132 3180 voluit
1175 3124 1330 3197 (Reg.
1361 3142 1479 3195 cap.
1516 3124 1579 3192 5;
1613 3123 1762 3180 Gass.
1813 3126 1904 3179 lib.
1935 3125 2055 3180 Div.
2087 3154 2131 3214 ρ

522 3194 602 3247 itt.
627 3210 746 3262 cap.
775 3193 889 3262 52).
1146 3254 1153 3259 _

627 3210 752 3317 (i355
775 3198 957 3318 iniibus
995 3254 1321 3333 persuadent
1347 3264 1752 3319 Benedictinum
1774 3265 2059 3321 Vivarien-

472 3332 613 3404 sium
655 3333 968 3404 institutum
1004 3332 1089 3387 tot
1140 3335 1439 3403 peculiares
1467 3335 1761 3389 Benedicto
1804 3336 2059 3404 loquendi

472 3402 748 3468 formulte,
801 3404 994 3472 quibus
1040 3402 1369 3457 sic’studuit
1419 3404 1771 3459 Cassiodorus
1815 3402 1894 3458 ad
1930 3422 2059 3461 suos

472 3472 733 3537 scribens,
763 3480 822 3525 ut
858 3488 994 3541 pene
1022 3472 1075 3525 in
1105 3473 1266 3526 verba
1292 3473 1524 3542 Magistri
1541 3474 1752 3542 jurasse
1775 3475 2056 3529 videatur:

474 3542 726 3610 exemplo
748 3542 818 3596 sit
846 3542 988 3611 quod
1018 3543 1180 3597 variis
1211 3543 1263 3596 in
1285 3543 1418 3597 locis
1450 3544 1541 3597 lib.
1572 3543 1748 3599 Divin.
1781 3544 1907 3598 Litt.
1955 3545 2060 3599 tra-

473 3618 587 3681 tres
615 3626 742 3666 suos
770 3621 927 3681 vocet
956 3611 1143 3681 milites
1170 3612 1380 3677 Christi,
1412 3629 1511 3668 usu
1552 3614 1769 3681 Regulae
1807 3614 2058 3670 familiari

475 3679 648 3754 (Cass.
681 3682 771 3735 lib.
808 3680 926 3735 Div.
953 3680 1102 3754 Litt.,
1125 3699 1240 3754 cap.
1271 3682 1381 3753 50).
1416 3684 1567 3750 Item,
1602 3679 1760 3754 fitque
1796 3685 1890 3739 illa
1915 3687 2060 3740 scala

471 3749 657 3826 Iacob,
692 3760 821 3826 etc.;
875 3752 965 3806 sed
1001 3749 1195 3826 gradus
1238 3749 1350 3826 iste
1379 3749 1686 3826 humilitatis
1717 3754 1806 3826 (In
1842 3759 2050 3826 praefat.

474 3822 610 3895 psal.
640 3821 810 3895 cxiii),
840 3829 948 3895 eis.
993 3821 1141 3895 Unde
1179 3822 1544 3895 scalamﬁillam
1573 3821 1734 3879 Iacob
1774 3821 1866 3895 pro
1911 3821 2060 3895 parte

473 3890 649 3966 aliqua
680 3890 818 3966 (Lib.
864 3892 981 3946 Div.
1031 3890 1181 3966 Litt.,
1211 3910 1328 3966 cap.
1354 3894 1470 3966 ‘59.),
1504 3903 1635 3962 etc.,
1660 3890 1863 3966 magna:
1884 3890 2058 3949 remu-

473 3962 758 4034 nerationis
784 3971 868 4034 est
887 3963 1158 4034 praemium
1177 3964 1288 4034 sine
1308 3963 1479 4034 aliquo
1502 3962 1762 4018 murmure
1790 3966 2057 4034 prwceptis

474 3983 758 4016 ηεναιιοηιδ
784 3983 859 4015 εδι
887 3983 1158 4031 prtemtum
1177 3983 1288 4016 sme
1308 3983 1479 4034 aliqua
1502 3983 1762 4018 murmure
1790 3983 1955 4033 prazce
1995 3983 2057 4019 ηδ

474 4030 785 4104 salutaribus
819 4030 1026 4086 obedire
1048 4032 1139 4101 (In
1169 4033 1306 4104 ρδιιιἶ
1347 4048 1472 4095 Lxx,
1506 4051 1556 4088 υ.
1586 4034 1694 4104 15).
1725 4034 1859 4090 Item
1885 4054 1897 4087 :
1929 3983 2059 4099 (fut?

475 4101 621 4173 cilius
675 4104 968 4171 comparari
1007 4112 1222 4171 possunt
1257 4102 1346 4172 (In
1386 4104 1521 4172 psal.
1564 4101 1782 4171 cxsxvt,
1830 4123 1875 4159 υ.
1924 4106 2055 4173 ll);

473 4168 628 4243 item,
652 4173 765 4224 ista:
785 4168 1142 4243 cogitatiwtes,
1168 4168 1288 4225 dum
1312 4168 1431 4226 sunt
1449 4174 1678 4243 parvula:
1705 4168 2057 4243 percutiuntur

473 4240 1018 4320 ἱιξρειηιηι,(ΡὶίοζορΓ
1052 4241 1318 4320 Iieg_.__cap.
1351 4244 1402 4307 7,
1430 4240 1483 4309 5,
1511 4242 1641 4320 _5;‘5).
1673 4240 1753 4298 Ex
1782 4246 1976 4320 quibus
2006 4254 2059 4299 et

476 4310 598 4381 aliis
638 4310 837 4381 passim
873 4310 1045 4367 obviis
1075 4310 1244 4365 faeilis
1274 4322 1357 4366 est
1402 4312 1712 4381 conjectura
1751 4310 2058 4369 nullatenus

473 4376 1035 4451 BenedictiRegulam
1066 4383 1144 4437 sic
1165 4376 1585 4451 Cassiodoro'ad
1614 4400 1831 4437 manum
1876 4384 2055 4449 fuisse,

473 4449 582 4522 nisi
605 4464 673 4503 ex
703 4450 844 4504 illius
875 4467 970 4505 usu
1001 4461 1055 4505 et
1083 4452 1287 4505 diutina
1309 4449 1536 4507 lectione
1564 4468 1724 4521 quam
1748 4454 1803 4507 in
1829 4468 2057 4522 congre-

474 4519 692 4593 gaiione
720 4522 912 4593 smpius
946 4522 1243 4576 iterandam
1275 4523 1516 4590 praecipit
1551 4519 1640 4577 illa
1671 4539 1791 4593 cap.
1823 4523 1907 4575 (i6.

547 4588 692 4661 Idem
722 4605 823 4644 nec
847 4591 1026 4659 inepte
1051 4588 1507 4660 quidem'prohari
1538 4602 1713 4661 potest
1739 4588 1813 4648 ex
1842 4596 1943 4647 hac
1969 4593 2061 4648 Se-

477 4660 685 4731 natoris
706 4662 988 4731 sententia,
1021 4662 1097 4716 sic
1140 4662 1204 4715 ad
1237 4678 1364 4716 suos
1406 4660 1688 4716 scribentis
1719 4679 1837 4731 cap.
1871 4662 1942 4716 52
1965 4665 2055 4717 lib.

477 4728 611 4803 Div.
630 4728 781 4803 Litt.,
808 4729 933 4783 Tam
964 4733 1169 4803 reguias
1192 4731 1411 4785 Patrum
1439 4750 1592 4803 quam
1629 4728 1829 4803 prgprii
1858 4750 2057 4802 prcece-

474 4800 641 4871 ptoris
660 4799 812 4870 jussa
838 4799 1056 4871 strvaté.
1086 4800 1189 4855 Per
1217 4802 1427 4869 regulas
1451 4799 1652 4871 quippe
1694 4799 1912 4855 Patrum
1952 4803 2058 4858 Be-

476 4869 802 4924 nedictinam
833 4870 1057 4939 intelligi
1083 4872 1373 4940 opinantur
1401 4886 1500 4926 nec
1525 4869 1700 4940 pauci,
1731 4887 1831 4925 nec
1859 4873 2062 4939 ignobi-

476 4940 554 4994 les
583 4940 699 5004 viri,
734 4946 835 4993 rati
864 4940 957 4995 SS.
993 4942 1353 5010 legislatorem
1393 4942 1738 5010 Benedictum
1785 4944 2060 4996 modestize

476 5025 639 5080 causa
686 5026 840 5064 suum
880 5008 1077 5065 nomen
1119 5012 1351 5078 genuino
1402 5008 1529 5065 fetui
1577 5012 1958 5080 suppressisse,
2006 5020 2063 5066 et

478 5079 693 5134 Patrum
747 5082 983 5145 nomine,
1031 5096 1259 5149 quorum
1307 5080 1518 5147 placitis
1569 5079 1769 5135 multus
1816 5082 2058 5145 adhaesit,

476 5152 778 5218 posteritati
831 5166 1186 5219 nuncupasse.
1237 5150 1369 5204 Vide
1422 5150 1697 5219 llugonein
1746 5150 2057 5205 Menardum

476 5221 567 5273 tib.
600 5221 666 5275 de
688 5220 833 5290 Orig.
863 5222 1066 5275 ordinis
1093 5221 1263 5274 sancti
1308 5220 1605 5286 Benedicti,
1658 5221 1959 5275 llazftenutn
2005 5222 2057 5275 in

481 5290 750 5361 Disquisit.
777 5299 1032 5355 monast.,
1064 5299 1117 5344 et
1139 5290 1319 5361 plures
1340 5291 1472 5344 alios
1501 5291 1620 5345 ideo
1643 5294 1713 5345 ita
1741 5294 2056 5356 sentientes;

476 5359 631 5428 quia,
686 5371 744 5415 ut
791 5371 941 5416 recte
990 5369 1143 5415 notat
1186 5362 1244 5414 S.
1276 5359 1594 5415 Benedictus
1635 5362 1801 5415 abbas
1843 5363 2063 5415 Aniana:

390 5502 395 5503 γ
478 5432 529 5503 i_n
560 5433 870 5499 praefatione
918 5429 1232 5486 Concordia:
1263 5431 1596 5503 regularum,
1638 5439 1843 5485 certum
1886 5443 1969 5485 est
1990 5432 2054 5503 ἐξ.

478 5500 811 5556 Benedictum
842 5519 987 5556 suam
1027 5519 1058 5555 a
1100 5502 1298 5571 caeteris
1328 5500 1561 5571 regulam
1609 5503 1966 5571 assumpsisse.
1996 5502 2062 5554 Et

478 5581 534 5622 ut
564 5574 613 5625 in
644 5576 751 5627 vita
783 5574 838 5627 S.
872 5572 1084 5625 Martini
1111 5571 1178 5625 de
1206 5570 1443 5625 Vertano
1476 5571 1665 5638 legitur
1691 5588 1701 5621 :
1731 5570 1897 5632 Quam
1920 5588 2064 5640 regu-

478 5640 601 5707 lam,
625 5643 679 5696 S.
714 5644 1007 5709 Benedicti,
1031 5648 1260 5712 priorum
1292 5641 1505 5694 Patrum
1532 5640 1747 5693 decretis
1776 5642 2061 5712 institutam

478 5730 509 5784 ct
551 5714 892 5782 transalpinis
947 5710 1241 5784 regionibus
1294 5714 1465 5784 ferunt
1512 5713 1574 5764 ab
1629 5712 1740 5780 ipso
1811 5710 2056 5764 delatam.

477 5782 745 5853 Superllui
773 5792 914 5841 esset
943 5782 1140 5841 laboris
1159 5784 1313 5854 plura
1342 5783 1395 5838 in
1424 5782 1563 5838 haue
1586 5796 1703 5838 rem
1733 5793 2059 5852 congerere;

2150 476 2312 527 etiam
2342 476 2557 528 vivente
2584 473 2891 541 legislatore
2919 473 2997 527 sic
3025 471 3358 541 inscriptam,
3402 478 3457 523 et
3485 486 3517 523 a
3543 479 3737 541 comta-

2152 545 2266 597 neis
2295 545 2609 598 auctoribus
2642 540 2708 598 eo
2753 545 2855 597 sub
2900 542 3059 595 titulo
3089 540 3393 601 laudatam;
3424 553 3547 593 eam
3594 540 3736 593 enim

2149 612 2440 680 Gregorius
2503 614 2643 667 inter
2705 628 2929 681 magnos
2991 611 3051 664 B.
3119 610 3395 681 Benedicti
3444 609 3738 679 discipulos

2150 679 2414 736 marimus
2439 684 2754 753 simpliciter
2776 679 2831 737 et
2859 681 3103 737 absolute
3130 688 3289 753 vocat
3332 679 3598 753 Regulam
3621 696 3735 753 mo.

2152 753 2449 807 nachorum
2480 750 2655 807 in'lib.
2690 770 2726 808 ιι
2766 753 3129 819 Dialogorum.
3176 750 3267 804 Sic
3289 751 3451 804 etiam
3497 751 3553 804 in
3599 752 3738 806 anti-

2152 824 2422 892 quissimis
2460 824 2676 889 chartis,
2712 823 3022 893 pontiﬁcum
3053 822 3305 893 decretis,
3342 821 3736 893 diplomatibus

2151 890 2355 959 regum,
2390 903 2443 947 et
2464 890 2931 948 conciliis'citatur
2954 892 3053 961 (a),
3077 893 3165 946 ubi
3199 890 3304 944 Lex
3331 890 3735 961 Monachorum.

2155 962 2352 1034 Regula
2382 972 2584 1027 sancta,
2612 964 2811 1034 Regula
2843 960 3078 1034 Patrum,
3112 961 3317 1034 Nomia
3345 960 3583 1027 Patrum,
3609 962 3737 1016 nihil

2153 1032 2292 1102 aliUd
2323 1035 2592 1097 sunt,,nisi
2632 1032 2748 1102 ipsa
2780 1034 2985 1101 Regula
3012 1032 3309 1093 Benedicti,
3341 1046 3502 1099 quam
3534 1049 3607 1087 ex
3633 1048 3741 1087 me-

2153 1101 2376 1173 lioribus
2416 1113 2470 1157 et
2519 1101 2799 1173 exquisitis
2847 1104 3064 1157 Patrum
3110 1102 3736 1173 sententiisconfectam

2154 1172 2438 1228 advertens
2481 1171 2853 1234 Cassiodorus.
2898 1189 3011 1228 non
3058 1174 3200 1228 male
3248 1171 3474 1242 Regulas
3517 1172 3741 1226 Patrum

2153 1258 2304 1314 more
2325 1254 2639 1298 creterornm
2666 1244 2974 1314 appellavit.

2225 1312 2376 1378 Quod
2405 1314 2447 1368 si
2478 1312 2802 1384 pertinacius
2830 1314 3043 1382 quidam
3085 1312 3435 1379 reluctentur,
3459 1319 3529 1384 et
3551 1313 3739 1367 malint

2154 1382 2577 1437 Senatorem—ad
2621 1400 2808 1438 omnes
2851 1383 3313 1437 indiscriminatim
3355 1391 3409 1437 et
3444 1383 3741 1436 universis:

2153 1454 2366 1523 regulas
2395 1454 2733 1523 antiquorum
2765 1453 2980 1506 Patrum
3010 1453 3320 1507 memoratis
3356 1454 3535 1523 verbis
3563 1453 3739 1506 inten—

2153 1521 2316 1589 disse,
2339 1538 2497 1593 quem
2520 1521 2759 1578 obsidem
2784 1523 2987 1577 dabunt
3008 1539 3118 1577 sua:
3142 1523 3284 1587 tidei,
3318 1530 3374 1575 ut
3394 1522 3587 1576 isthmc
3607 1524 3742 1593 citra

2159 1594 2289 1662 tanti
2334 1592 2431 1647 viri
2482 1593 2729 1661 injuriam
2780 1608 2941 1662 posse
2984 1593 3150 1647 asseri
3192 1593 3311 1660 quis
3344 1600 3469 1662 tuto
3507 1592 3742 1646 credat?

2154 1660 2375 1716 Nutaret
2397 1659 2562 1727 certe,
2583 1679 2647 1717 ne
2667 1659 2840 1718 dicam
2861 1664 3073 1731 penitus
3093 1659 3412 1717 obrueretur
3431 1659 3743 1716 Cassiodori

2155 1734 2440 1798 prudentia
2462 1735 2561 1786 sub
2592 1741 2737 1786 tanta
2764 1742 3153 1802 praeceptorum
3184 1732 3349 1799 mole,
3380 1732 3425 1802 si
3460 1742 3741 1786 constaret

2156 1803 2332 1857 virum
2354 1803 2679 1857 discretione
2708 1801 3031 1871 praecipuum
3066 1810 3145 1857 tot
3180 1801 3543 1871 importabilia
3574 1816 3743 1871 onera

2154 1889 2373 1929 suorum
2404 1873 2642 1927 humeris
2670 1869 2936 1941 alligasse,
2963 1879 3089 1942 puta
3122 1869 3334 1939 regulas
3361 1871 3604 1942 Antonii,
3639 1869 3743 1924 Pa-

2155 1944 2337 2009 comii,
2365 1942 2639 2007 Macbarii,
2670 1942 2861 2007 Oresii,
2894 1941 3093 2009 Basilii,
3125 1942 3386 2008 Cassiani,
3415 1950 3472 1995 et
3491 1941 3547 1994 id
3574 1955 3745 2008 genus

2156 2014 2422 2084 plurium;
2453 2028 2589 2084 quas
2608 2014 2825 2081 quidem
2872 2014 3152 2084 monachis
3201 2012 3484 2079 indigitare
3526 2012 3745 2084 utilissi-

2156 2081 2301 2137 inum
2331 2092 2433 2147 est,
2478 2083 2544 2136 ad
2593 2099 2685 2137 eas
2713 2097 2906 2147 cogere
2950 2083 3232 2146 nocivum;
3278 2097 3434 2137 secus
3462 2090 3650 2135 autem
3680 2081 3746 2136 de

2157 2152 2381 2221 Regula,
2414 2167 2574 2220 quam
2608 2155 2720 2221 ipse
2750 2153 3054 2222 specialiter
3079 2151 3370 2221 proﬁteris,
3400 2166 3432 2204 a
3463 2151 3624 2220 cujus
3653 2152 3748 2206 imo

2160 2224 2325 2293 periis
2356 2231 2503 2293 totus
2531 2223 2761 2293 pendeat
2789 2224 3325 2293 monachuscnecesse
3349 2230 3452 2277 est.

2234 2292 2340 2346 Sed
2363 2302 2420 2346 ut
2449 2292 2658 2361 longius
2681 2292 2967 2360 facessant,
3002 2300 3056 2347 et
3085 2291 3322 2346 funditus
3351 2297 3513 2345 ruant
3552 2292 3746 2346 adver-

2160 2364 2421 2417 sariormn
2458 2377 2736 2430 responsa,
2765 2364 2850 2415 vel
2899 2379 3061 2416 unum
3101 2361 3277 2416 adhuc
3318 2375 3510 2430 urgere
3558 2361 3742 2425 liceat,

2160 2448 2267 2500 quo
2292 2433 2425 2486 citra
2453 2429 2758 2501 scrupulum
2786 2433 3009 2500 quilibet
3036 2432 3193 2486 facile
3227 2429 3746 2501 credatArCassiodo-

2161 2499 2278 2555 rum
2308 2517 2400 2571 per
2440 2499 2665 2571 Regulos
2700 2499 2914 2555 Patrum
2961 2502 3164 2556 nullum
3214 2501 3373 2554 alium
3419 2499 3748 2571 [tegularum

2162 2568 2403 2626 codicem
2434 2568 2751 2638 insinuasse,
2776 2587 2936 2640 quam
2962 2571 3381 2626 Benedictinum.
3417 2568 3642 2624 Certum
3665 2579 3749 2624 est

2162 2657 2322 2707 quam
2350 2641 2509 2695 toties
2533 2643 2644 2696 suis
2672 2642 3069 2696 commendavit
3097 2640 3452 2695 observantiae
3478 2641 3747 2706 regularis

2160 2709 2548 2780 perfectionem
2579 2727 2696 2766 eam
2733 2727 2871 2777 esse,
2904 2711 3056 2779 cujus
3094 2726 3246 2765 usum
3282 2710 3461 2777 vigere
3489 2710 3666 2762 voluit
3695 2712 3745 2763 iu

2162 2798 2260 2837 suo
2282 2782 2608 2835 monasterio
2632 2781 2957 2846 Vivariensi;
2981 2780 3143 2836 certis
3158 2782 3300 2834 enim
3324 2780 3551 2847 legibus,
3580 2781 3748 2835 certis

2162 2852 2347 2905 usibus
2377 2867 2482 2905 non
2516 2853 2679 2918 vagis,
2707 2867 2814 2905 non
2841 2861 3062 2915 temere,
3093 2859 3186 2904 aut
3216 2848 3585 2920 perfunctorie
3612 2864 3745 2920 con—

2164 2921 2333 2989 ceptis
2362 2930 2506 2976 stare
2532 2921 2693 2976 debet
2731 2920 2927 2974 familia
2959 2919 3239 2989 regularis.
3271 2919 3376 2974 Sed
3405 2935 3473 2974 ex
3500 2919 3747 2988 ejusdem

2164 2991 2440 3046 Senatoris
2483 2992 2718 3060 scriptis,
2761 2991 2994 3055 dictatis,
3024 3000 3078 3046 et
3112 3006 3141 3044 a
3172 2991 3326 3044 nobis
3370 2993 3623 3059 superius
3655 3005 3752 3060 ire-

2164 3062 2411 3124 censitis,
2444 3059 2782 3129 maximeque
2808 3076 2876 3116 ex
2906 3061 3239 3129 completorii
3268 3061 3540 3129 totiusque
3580 3059 3748 3116 ofﬁcii

2164 3078 2411 3124 censuis,
2444 3078 2782 3129 maximeque
2808 3078 2876 3116 ex
2906 3078 3024 3115 com
3068 3078 3239 3115 l8l0t‘ll
3268 3078 3540 3129 tortusque
3580 3078 3748 3116 omen

2164 3130 2329 3185 divini
2376 3132 2728 3201 dispositione
2777 3140 2989 3186 constat
3030 3078 3366 3185 I{t’ivariensis
3424 3131 3752 3201 monasterii

2163 3216 2290 3255 usus
2315 3198 2601 3256 alios—non
2646 3202 2806 3255 fuisse
2842 3216 3003 3268 quam
3048 3216 3183 3269 quos
3207 3200 3507 3269 praescribit
3537 3198 3748 3267 Regula

2158 3272 2216 3324 S.
2247 3271 2541 3326 Benedicti.
2567 3271 2648 3323 Ad
2677 3272 2794 3325 illas
2816 3271 2976 3338 igitur
2996 3271 3363 3326 observantias
3383 3269 3752 3325 Benedictinse

2159 3340 2378 3408 Regulae
2418 3357 2448 3394 a
2490 3356 2550 3395 se
2578 3341 2782 3410 pridem
2812 3342 3139 3410 propositas,
3185 3341 3254 3394 ad
3300 3340 3468 3404 illam,
3502 3341 3747 3407 inquam,

2158 3412 2369 3480 praxim
2409 3413 2603 3481 cuique
2626 3419 2857 3481 inotam,
2890 3412 2946 3465 in
2980 3410 3129 3465 Italia
3162 3411 3414 3481 universa
3443 3418 3748 3481 receptam,

2159 3477 2286 3536 suos
2321 3477 2569 3535 hortatur
2610 3480 2993 3543 Cassiodorus;
3023 3495 3184 3549 quam
3215 3480 3337 3534 ideo
3375 3477 3605 3550 Regulus
3634 3477 3754 3531 Pa-

2161 3559 2294 3603 trum
2326 3552 2578 3620 appellat,
2612 3551 2755 3618 quod
2784 3550 2889 3605 alio
2921 3560 3048 3604 tunc
3095 3551 3354 3619 temporis
3382 3565 3491 3602 non
3521 3563 3759 3620 vocare-

2159 3628 2247 3674 tur
2274 3618 2511 3689 nomine,
2539 3623 2806 3689 sciretque
2844 3636 2874 3674 a
2926 3618 3231 3687 legislature
3278 3618 3671 3689 compendiose
3700 3618 3757 3672 in

2158 3706 2254 3744 sua
2285 3687 2792 3757 [tegula'redactum
2817 3690 3072 3759 quidquid
3099 3691 3151 3743 in
3192 3687 3448 3759 immensa
3491 3687 3789 3757 variaque

2158 3769 2401 3815 veterum
2433 3760 2650 3815 Patrum
2676 3758 2991 3829 supellectili
3018 3775 3263 3829 sparsum
3292 3758 3529 3827 jacebat.

2640 3873 3120 3931 ARGUMENTUM
3158 3875 3249 3931 ιν.

2230 3963 2448 4033 Eruitur
2474 3962 2601 4017 illud
2635 3979 2699 4018 ex
2727 3966 3051 4019 auctoritate
3099 3967 3425 4033 scriptorum
3466 3965 3561 4033 qui
3606 3979 3759 4022 asse-

2160 4044 2286 4088 runt
2310 4032 2686 4105 Cassiodorum
2717 4033 2773 4088 S.
2814 4034 3088 4090 BeneJicti
3115 4032 3457 4105 disCipulum,
3486 4032 3552 4088 iet
3598 4050 3764 4103 regu-

2160 4102 2414 4185 lamnejus
2438 4103 2753 4185 professum,
2800 4119 2948 4185 quos
2969 4102 3267 4185 antequam
3295 4104 3643 4185 proferamus
3672 4102 3758 4161 fin

2159 4174 2415 4240 medium,
2468 4174 2760 4228 notandum
2809 4173 2952 4228 haud
3001 4175 3118 4228 sine
3164 4173 3525 4229 admiratione
3572 4175 3756 4230 altum

2162 4244 2301 4313 apud
2328 4253 2539 4297 veteres
2567 4243 2633 4298 de
2661 4246 2778 4297 viro
2803 4244 2855 4296 in
2885 4245 3081 4298 smculo
3112 4252 3169 4298 et
3209 4245 3265 4298 in
3294 4245 3529 4300 claustro
3558 4245 3673 4297 vita
3703 4254 3765 4300 et

2161 4314 2381 4382 scriptis
2411 4314 2713 4367 clarissimo
2743 4313 3031 4385 silentium.
3062 4313 3352 4385 Jurgantur
3393 4322 3765 4385 pene_poste-

2161 4384 2319 4437 rioris
2339 4385 2437 4437 aevi
2466 4392 2714 4438 auctores
2741 4399 2863 4437 cum
2906 4383 3190 4452 Procopio,
3221 4382 3495 4438 Jornande
3538 4383 3763 4438 Raven-

2162 4462 2307 4515 nate,
2337 4461 2393 4524 et
2422 4454 2536 4522 ipso
2566 4455 2728 4508 etiam
2770 4452 2976 4524 Isidoro
3006 4452 3325 4524 Hispalensi,
3359 4454 3452 4524 qui
3497 4463 3592 4524 aut
3641 4455 3760 4519 vix,

2086 4530 2137 4589 D
2163 4533 2252 4577 aut
2276 4521 2459 4591 jejune
2489 4524 2647 4578 nimis
2675 4523 2743 4577 de
2767 4521 3116 4588 Cassiodoro,
3158 4532 3213 4577 et
3253 4521 3614 4592 ejus'vivendi
3644 4540 3764 4579 Ara-

2164 4594 2310 4648 tione
2339 4594 2605 4662 prolocuti
2634 4600 2786 4656 sunt;
2818 4594 3062 4662 quamvis
3106 4594 3174 4646 ab
3212 4594 3328 4660 ejus
3355 4594 3613 4661 operibus
3645 4609 3761 4648 non

2162 4661 2580 4733 pauca’mutuati
2612 4661 2848 4718 fuerint.
2868 4661 3059 4716 Verum
3082 4664 3169 4716 vix
3194 4665 3332 4733 ullus
3358 4663 3515 4717 nobis
3542 4665 3765 4718 videtur

2163 4731 2526 4803 conquerendi
2558 4735 2726 4799 locus,
2758 4733 2803 4786 si
2830 4733 2896 4787 de
2925 4733 3275 4787 Benedictino
3296 4731 3606 4802 Cassiodori
3633 4749 3759 4788 mo.

2163 4805 2413 4867 nachatu,
2442 4820 2602 4873 quem
2632 4804 2846 4858 unicum
2894 4804 3235 4870 inquirimus,
3278 4804 3349 4857 sit
3384 4818 3593 4869 sermo;
3646 4820 3762 4873 non

2165 4873 2359 4926 desunt
2413 4872 2557 4927 enim
2610 4874 2702 4942 qui
2757 4874 3037 4929 sententiae
3080 4882 3278 4927 nostra:
3335 4886 3522 4940 aperte
3569 4872 3766 4929 suﬂ‘rao

2165 4951 2384 5009 gentur,
2438 4952 2492 4996 et
2545 4944 2725 4997 tandiu
2783 4943 3146 5013 synchronum
3201 4951 3393 4997 testem
3443 4944 3760 5007 citabitnus,

2163 5014 2395 5081 qnandiu
2429 5013 2637 5079 integra
2661 5012 2825 5067 stabit
2855 5021 2905 5066 et
2931 5012 3126 5066 invicta
3173 5013 3420 5081 superius
3461 5014 3627 5067 allata
3662 5014 3763 5065 ab—

2162 5082 2304 5137 batis
2353 5081 2595 5136 Fundani
2639 5084 2950 5136 auctoritas.
2994 5084 3273 5137 Secundus
3320 5083 3471 5137 testis
3531 5083 3763 5137 accedet

2162 5153 2375 5207 Cabriel
2397 5153 2586 5207 Vuarri
2609 5152 2702 5206 lib.
2727 5168 2781 5206 tn
2815 5154 2882 5206 de
2913 5152 3030 5205 Situ
3050 5160 3104 5205 et
3127 5152 3448 5220 antiquitate
3468 5151 3758 5219 Calabria},

2162 5225 2305 5277 circa
2328 5222 2487 5278 ﬁnem
2512 5241 2525 5275 :
2560 5223 2620 5277 Si
2643 5232 2812 5276 tamen
2835 5225 2898 5285 is,
2928 5222 3100 5288 inquit
3122 5221 3315 5275 Paulus
3339 5222 3594 5276 Aimilins
3616 5220 3764 5276 San—

2166 5296 2334 5347 torius
2365 5294 2417 5347 in
2470 5292 2702 5347 Historia
2745 5292 3057 5346 monasterii
3098 5291 3479 5356 Carbonensis,
3510 5306 3639 5361 pag.
3672 5292 3761 5355 Η,

2163 5364 2282 5416 libri
2309 5372 2488 5416 auctor
2518 5364 2691 5433 fuerit,
2716 5362 2833 5415 licet
2860 5363 3067 5415 nomine
3082 5360 3213 5433 ejus
3222 5364 3273 5414 in
3294 5362 3458 5433 lucem
3482 5360 3760 5433 prodierit;

2164 5450 2284 5486 nam
2312 5435 2476 5497 multi,
2510 5430 2559 5485 et
2580 5437 2802 5503 fortasse
2824 5449 2927 5485 non
2953 5432 3146 5483 insulse
3173 5430 3434 5485 Guillelmi
3466 5430 3763 5496 cardinalis

2165 5505 2346 5557 Sirleti
2374 5501 2672 5573 prwstantis
2695 5501 2965 5565 doctrinm,
2993 5510 3038 5553 et
3065 5510 3251 5554 exucta
3280 5504 3574 5557 studiorum
3600 5504 3762 5557 αἰδοία

2239 5636 2316 5707 (α)
2348 5637 2406 5691 ln
2436 5637 2638 5692 Chron.
2676 5636 2733 5690 S.
2760 5635 3159 5707 wandregisili.
3180 5634 3388 5707 Concil.
3423 5635 3757 5707 Rothomag

2165 5704 2263 5761 sub
2299 5704 2607 5787 ’ᾼλιειὺθςιοἶ
2649 5707 2791 5787 Beda
2832 5704 3064 5787 inJVitu‘
3092 5704 3439 5787 S_..Wiil'ridi.
3484 5706 3543 5760 In
3592 5706 3757 5787 diplo-

2166 5788 2311 5838 tuate
2340 5777 2663 5838 Tneodorici
2692 5778 2746 5834 in
2777 5777 3004 5849 gratiam
3032 5776 3089 5834 S.
3121 5775 3292 5833 Mauri
3322 5775 3667 5835 monasterii.
