4048 6344
273 393 3508 448 M

779 505 984 622 π.
1057 503 1839 622 Δυκειιι
1913 453 3001 642 cnssronom

1063 719 2741 967 VARIARUM

1265 1088 1641 1206 LIBRI
1731 1089 2517 1208 DUODECIM.

321 1492 369 1563 ι
397 1487 539 1547 Cum
561 1487 890 1547 disertorum
916 1489 1050 1548 mihi
1076 1490 1330 1561 gratiam,
1355 1499 1452 1549 aut
1472 1383 2240 1558 comﬁﬁﬁstiirsigmt
2269 1495 2591 1552 immensum
2611 1507 2758 1550 onus
2772 1461 3085 1566 imponere,
3109 1494 3244 1552 dum
3270 1495 3340 1552 ad
3359 1475 3576 1568 ipsam;

239 1579 472 1651 fabulis,
515 1590 612 1639 aut
643 1584 895 1654 gratuitis
937 1583 1238 1656 beneﬁciis,
1291 1587 1451 1645 nullis
1493 1595 1676 1644 tamen
1712 1589 1856 1648 veris

238 1674 454 1732 meritis
506 1674 867 1746 collegissem,
908 1676 1052 1734 dicta
1096 1691 1243 1748 mea,
1283 1691 1403 1748 qua:
1450 1678 1507 1734 in
1553 1680 1854 1737 honoribus

238 1779 389 1838 sepe
424 1767 635 1838 positus
677 1783 780 1840 pro
835 1769 1155 1840 explicanda
1201 1772 1544 1841 negotiorum
1589 1774 1853 1843 qualitate

235 1857 613 1931 profuderam,
637 1859 690 1915 in
717 1875 882 1916 unum
901 1877 1102 1932 corpus
1137 1863 1385 1934 redigere
1413 1865 1757 1922 suadebant:
1789 1877 1852 1924 ut

237 1956 475 2006 ventura
516 1951 829 2022 posteritas,
875 1959 932 2008 et
970 1953 1217 2010 laborum
1269 1970 1517 2012 meorum
1547 1957 1846 2026 molestias,

235 2044 380 2112 quas
424 2054 527 2112 pro
587 2043 957 2113 generalitatis
1023 2047 1311 2102 commodo
1373 2048 1728 2115 sustinebam,
1792 2058 1852 2107 et

233 2131 467 2189 sinceris
495 2133 628 2209 [ed.,
655 2133 898 2207 sincerae]
927 2136 1278 2192 conscientiae
1325 2137 1620 2209 inemptam
1643 2149 1670 2178 ιι
1701 2140 1849 2212 [ηιε.,

235 2221 507 2293 ineptam]
532 2222 874 2292 dignosceret
897 2225 1190 2281 actionem.
1209 2227 1468 2284 Dicebam
1498 2229 1850 2288 dilectionem

232 2313 486 2387 ipsorum
513 2316 644 2372 mihi
668 2317 850 2390 potius
875 2317 994 2376 fore
1019 2321 1388 2376 contrariam:
1425 2333 1485 2378 ut
1523 2323 1670 2395 quod
1711 2324 1849 2380 mihi

231 2408 409 2466 modo
455 2417 679 2481 propter
725 2409 993 2468 desideria
1061 2413 1481 2485 supplicantium
1554 2416 1848 2486 putabatur

233 2509 550 2572 acceptum,
603 2509 797 2573 postea
848 2503 1152 2574 legentibus
1203 2506 1482 2563 videretur
1531 2509 1842 2580 insipidum.

229 2593 542 2661 Addebam,
581 2594 783 2652 debere
833 2596 954 2652 illos
1002 2596 1184 2653 Flacci
1215 2596 1243 2638 ιι
1274 2598 1416 2654 dicta
1443 2599 1708 2666 recolere,
1749 2599 1847 2670 qui

227 2695 429 2744 monet
451 2688 584 2758 quid
609 2689 833 2759 periculi
851 2705 958 2745 vox
987 2691 1323 2760 praecipitata
1351 2691 1522 2762 possit
1543 2691 1844 2747 incurrere.

312 2782 696 2855 Respondendi
735 2785 1068 2842 celeritatem
1115 2798 1342 2842 cunctos
1383 2785 1575 2842 videtis
1603 2787 1843 2855 exigere,

1963 1586 2190 1644 honoris
2230 1585 2424 1656 gratia,
2480 1585 2791 1644 maluerunt
2837 1602 2976 1657 pene
3023 1587 3212 1644 omnia
3263 1587 3563 1659 pertinere,

1963 1679 2120 1746 Quod
2162 1678 2307 1736 enim
2343 1678 2578 1749 spatium
2608 1679 2784 1748 possis
2803 1679 3024 1750 publica
3053 1679 3228 1736 labori
3256 1681 3563 1752 subripere,

1961 1768 2180 1839 quando
2227 1768 2283 1824 in
2311 1784 2476 1826 unum
2511 1777 2704 1840 pectus
2747 1769 3002 1838 conﬂuit,
3049 1770 3310 1842 quidquid
3358 1771 3566 1840 utilitas

1959 1857 2332 1929 generalitatis
2357 1859 2652 1929 exposcit?
3559 1893 3570 1924 ι

2033 1950 2291 2008 Addimus
2316 1952 2501 2018 etiam,
2523 1952 2669 2022 quod
2707 1952 3020 2024 frequenter
3042 1960 3330 2024 quaestura:
3355 1951 3566 2012 vicibus

1960 2045 2242 2116 ingravate
2265 2045 2362 2100 otii
2391 2053 2601 2116 tempus
2629 2045 2817 2102 adimit
2843 2047 3032 2104 crebra
3060 2039 3342 2117 cogitatio,
3363 2054 3422 2103 et
3444 2047 3564 2102 vel-

1959 2147 2019 2194 ut
2043 2138 2422 2203 mediocribus
2437 2139 2673 2196 fascibus
2701 2139 2994 2206 insudanti,
3030 2144 3082 2211 2
3110 2139 3201 2194 illa
3222 2139 3320 2196 tibi
3342 2139 3410 2196 de
3438 2139 3561 2200 aliis

1959 2231 2259 2289 honoribus
2287 2231 2560 2302 principes
2586 2231 2838 2290 videntur
2863 2232 3164 2304 imponere,
3195 2246 3314 2302 quae
3351 2231 3562 2301 proprii

1949 2321 2162 2394 judices
2189 2331 2466 2394 nequeunt
2504 2325 2796 2396 explicare.
2827 2323 2956 2382 Haec
3000 2333 3183 2381 autem
3228 2323 3360 2381 facis
3409 2322 3560 2379 nulla

1955 2415 2265 2488 vendendo,
2306 2418 2400 2474 sed
2435 2419 2686 2490 exemplo
2718 2418 2925 2490 proprii
2949 2417 3232 2488 genitoris,
3264 2432 3296 2472 a
3329 2430 3560 2486 speran-

1956 2509 2101 2566 tibus
2127 2510 2330 2581 accipis
2356 2510 2505 2567 solos
2531 2510 2776 2578 labores;
2799 2511 2878 2567 sic
2897 2510 3210 2581 petentibus
3247 2507 3556 2582 praestando

1953 2603 2142 2672 gratis,
2191 2603 2292 2658 sub
2337 2603 2687 2659 continentiae
2742 2618 2968 2660 munere
3021 2609 3218 2661 cuncta
3271 2587 3579 2659 mercarisa3

1955 2691 2167 2764 Regum
2193 2693 2493 2762 quinetiam
2521 2693 2759 2763 gloriosa
2789 2694 3061 2764 colloquia
3086 2709 3186 2765 pro
3212 2707 3408 2764 magna
3445 2691 3563 2750 diei

1953 2790 2109 2852 parte
2137 2782 2191 2837 in
2219 2782 2420 2838 bonum
2446 2781 2725 2854 publicum
2769 2792 2826 2840 te
2855 2799 3122 2856 occupare
3156 2791 3464 2851 noverunt;
3496 2788 3558 2840 ut

222 2882 296 2932 et
320 2876 548 2935 creditis
587 2893 676 2936 me
715 2878 1108 2949 impmnitenda
1136 2879 1402 2950 proferre.
1433 2879 1609 2935 Dictio
1629 2895 1850 2950 semper

1958 2869 2229 2928 fastidium
2259 2872 2330 2927 sit
2358 2873 2550 2928 otiosis
2574 2880 2913 2942 exspectare,
2945 2889 3066 2944 quae
3094 2882 3153 2929 tu
3175 2874 3434 2930 continuo
3473 2874 3558 2929 la-

221 2968 470 3038 agrestis
497 2978 603 3040 est,
631 2985 752 3041 quae
780 2978 872 3026 aut
899 2971 1147 3027 sensibus
1173 2972 1362 3028 electis
1381 2987 1481 3042 per
1501 2988 1709 3028 moram
1737 2988 1850 3030 non

221 3061 499 3128 cemitur,
530 3071 626 3116 aut
650 3063 939 3118 verborum
963 3063 1185 3119 minime
1211 3065 1637 3134 proprietatibus
1677 3065 1851 3135 expli-

220 3163 421 3212 catur.
465 3153 638 3225 Loqni
682 3156 838 3212 nobis
877 3159 1240 3214 communiter
1282 3157 1468 3214 datum
1521 3167 1647 3214 est:
1701 3159 1850 3216 solus

222 3250 470 3302 ornatus
498 3253 602 3311 est,
632 3247 722 3316 qui
755 3247 1012 3304 discernit
1051 3250 1319 3306 indoctos.
1351 3251 1536 3307 Nonus
1567 3267 1740 3307 annus
1779 3251 1850 3308 ad

226 3334 590 3392 scribendum
619 3336 894 3392 relaxatur
919 3339 1254 3409 auctoribus,
1286 3341 1416 3394 mihi
1461 3356 1562 3396 nec
1589 3341 1850 3398 horarum

233 3434 521 3482 momenta
551 3437 916 3498 praestantur:
948 3447 1075 3486 mox
1124 3441 1182 3486 ut
1233 3448 1470 3502 coepero,
1518 3433 1849 3490 clamoribus

233 3519 574 3588 imminetur,
601 3530 657 3576 et
678 3521 1023 3579 festinatione
1044 3525 1209 3580 nimia
1234 3525 1513 3593 ingeritur,
1547 3541 1616 3581 ne
1636 3526 1850 3583 cautius

237 3621 427 3683 empta
464 3622 812 3684 peraguntur.
865 3616 1018 3671 Alter
1069 3631 1170 3672 nos
1219 3616 1522 3686 frequentia
1569 3618 1848 3674 invidiosae

237 3701 696 3774 interpellationis
747 3714 1069 3776 exaggerat;
1113 3707 1253 3762 alter
1313 3708 1650 3763 miseriarum
1703 3709 1848 3768 mole

238 3793 507 3863 castigat;
533 3794 625 3849 alii
649 3789 848 3852 furiosa
869 3797 1229 3854 intentionem
1259 3797 1388 3869 [ed.,
1411 3797 1846 3872 contentionum]

239 3883 514 3941 seditione
543 3887 895 3944 circumdant.
932 3887 1078 3943 Inter
1106 3888 1220 3944 haec
1250 3905 1348 3946 cur
1374 3891 1650 3961 requiritis
1678 3892 1846 3946 dicta-

241 3975 412 4035 tionis
449 3979 750 4049 eloquium,
781 3982 870 4038 ubi
907 3982 999 4037 vix
1045 3983 1257 4053 copiam
1306 3999 1592 4054 possumus
1643 3985 1849 4041 habere

238 4073 596 4126 sermonum?
621 4069 768 4143 lpsas
809 4089 1027 4146 quoque
1063 4083 1251 4131 noctes
1287 4077 1680 4147 inexplicabilis
1717 4094 1848 4134 cura

242 4158 620 4231 circumvolat,
645 4178 714 4220 ne
741 4163 918 4220 desint
947 4165 1204 4222 alimonia
1231 4167 1559 4234 civitatibus,
1591 4183 1710 4238 quae
1751 4184 1845 4224 su-

1955 2963 2094 3019 bere
2140 2962 2484 3031 cognosceris
2523 2963 2814 3020 sustinere.
2848 2963 3046 3020 Verum
3075 2964 3192 3024 hoc
3236 2963 3407 3033 magis
3451 2963 3559 3020 tibi

1956 3058 2026 3114 ad
2053 3056 2361 3128 suffragium
2399 3056 2575 3114 laudis
2610 3063 2794 3127 potest
2821 3055 3106 3128 proﬁcere,
3137 3057 3182 3113 si
3227 3056 3369 3112 inter
3403 3063 3560 3118 tanta

1953 3160 2014 3209 et
2065 3152 2192 3208 talia
2244 3152 2480 3209 valueris
2533 3151 2764 3220 legenda
2818 3148 3096 3222 proferre;
3165 3148 3360 3206 deinde
3408 3148 3559 3218 quod

1953 3243 2117 3300 rudes
2157 3245 2325 3309 viros,
2377 3251 2434 3299 et
2478 3243 2546 3299 ad
2596 3242 2985 3314 rempublicam
3036 3241 3254 3298 conscia
3303 3239 3560 3298 facundia

1951 3343 2306 3406 praeparatos,
2337 3334 2494 3390 labor
2522 3340 2644 3388 tuus
2670 3333 2790 3388 sine
2815 3331 2993 3402 aliqua
3015 3331 3314 3419 olfensiqne
3353 3330 3558 3403 poterit

1953 3425 2217 3493 edocere,
2251 3435 2307 3482 et
2345 3440 2503 3481 usum
2531 3440 2692 3494 quem
2721 3433 2781 3480 tu
2811 3425 2955 3480 inter
2993 3424 3368 3480 altercantium
3407 3423 3558 3494 peri-

1954 3519 2076 3575 cula
2111 3519 2350 3589 jactatus
2379 3533 2621 3584 exerces,
2652 3517 2774 3572 illos
2800 3517 2894 3586 qui
2920 3524 3047 3572 sunt
3075 3517 3130 3572 in
3167 3515 3557 3586 tranquillitate

1953 3614 2135 3686 positi,
2169 3612 2434 3681 contingit
2455 3611 2660 3666 felicius
2685 3610 2927 3680 adipisci.
2959 3609 3214 3676 Proinde,
3235 3608 3381 3679 quod
3401 3609 3554 3668 salva

1953 3707 2090 3774 ﬁde,
2121 3722 2228 3777 qua
2256 3704 2468 3772 frueris,
2515 3704 2855 3760 dissimulare
2879 3719 2988 3776 non
3015 3703 3239 3774 poteris,
3266 3711 3418 3759 tanta
3464 3719 3555 3760 re-

1953 3815 2080 3872 gum
2130 3799 2395 3855 beneficia
2436 3798 2483 3854 si
2513 3796 2716 3868 pateris
2745 3797 3024 3866 ignorari,
3076 3797 3274 3854 frustra
3316 3798 3554 3854 maluisti

1951 3893 2185 3962 benigna
2238 3891 2582 3948 festinatione
2638 3890 2883 3946 concedi.
2932 3888 3076 3957 Noli,
3125 3903 3456 3958 quaesumus,
3494 3889 3555 3950 in

1953 3985 2244 4040 obscurum
2270 3982 2472 4039 silentii
2500 3995 2779 4049 revocare,
2803 3981 2972 4052 quite
2997 3980 3212 4038 dicente
3235 3985 3555 4050 meruerunt:

1952 4076 2190 4132 illustres
2209 4076 2495 4145 dignitates
2513 4074 2779 4146 accipere.
2803 4072 2886 4128 Tu
2909 4069 3053 4128 enim
3075 4072 3196 4127 illos
3215 4070 3554 4141 assumpsisti

1951 4179 2081 4222 vera
2110 4167 2268 4221 laude
2295 4164 2625 4232 describere,
2665 4171 2722 4220 et
2748 4161 3148 4234 quodammodo
3165 4161 3427 4217 historico
3453 4176 3551 4219 co-

241 4267 344 4323 pra
394 4255 576 4310 omnia
607 4258 790 4326 populi
821 4257 941 4328 plus
970 4260 1269 4329 requirunt,
1324 4261 1602 4317 studentes
1648 4261 1844 4331 ventri,
1876 4272 1924 4336 C
1951 4256 2072 4313 lore
2091 4257 2399 4327 depingere.
2424 4255 2570 4323 Quos
2597 4255 2643 4310 si
2684 4253 3040 4310 celebrandas
3075 4253 3308 4324 posteris
3336 4251 3548 4322 tradas,

243 4357 358 4398 non
370 4344 757 4403 auribuSJlinc
776 4357 858 4404 est
879 4349 1024 4419 quod
1044 4351 1285 4420 cogimur
1305 4351 1484 4407 animo
1506 4367 1604 4421 per
1625 4360 1848 4408 cunctas

247 4435 331 4493 ire
377 4439 706 4512 provincias,
736 4449 793 4498 et
839 4441 1080 4512 injuncta
1108 4457 1324 4513 semper
1362 4444 1636 4514 inquirere
1670 4460 1684 4497 :
1721 4443 1848 4514 quia

249 4541 361 4582 non
388 4527 586 4584 sufficit
614 4531 821 4600 agenda
846 4531 1105 4588 militibus
1133 4533 1424 4603 imperare,
1476 4531 1575 4588 nisi
1617 4533 1733 4588 haec
1755 4532 1846 4606 ju-

251 4617 391 4677 dicis
437 4622 721 4680 assiduitas
764 4624 1013 4681 videatur
1073 4625 1310 4696 exigere.
1366 4625 1579 4694 Nolite,
1643 4641 1850 4700 quaeso,

252 4713 418 4768 noxie
446 4729 546 4770 nos
586 4729 790 4772 amare.
840 4717 1167 4773 Declinanda
1197 4727 1280 4773 est
1327 4719 1525 4774 suasio.
1571 4733 1691 4788 qua:
1730 4720 1852 4792 plus

252 4802 421 4860 habet
451 4806 675 4878 periculi
703 4822 866 4878 quam
895 4807 1122 4864 decoris.
1156 4807 1263 4864 Sed
1303 4808 1380 4865 illi
1419 4825 1505 4866 me
1531 4809 1712 4881 potius
1759 4810 1852 4867 tali

255 4895 648 4968 disceptatione
692 4897 1008 4971 fatigabant.
1049 4897 1368 4957 Prml’ectum
1414 4909 1468 4958 te
1515 4903 1856 4974 praetorianae

254 4991 400 5048 sedis
442 5008 631 5051 omnes
675 5002 987 5052 noverunt:
1021 4996 1108 5052 eui
1155 4995 1302 5070 [mea
1353 4997 1490 5052 Aud.
1537 5007 1586 5052 et
1628 4997 1857 5069 Remig.,

254 5083 424 5157 quod]
447 5085 693 5156 dignitati
714 5088 1100 5158 occupationes
1127 5089 1355 5160 publicae
1382 5090 1531 5146 velut
1551 5091 1856 5162 pedisequa:

254 5191 475 5248 semper
511 5181 786 5237 assistunt.
827 5181 909 5238 Ab
959 5181 1065 5238 hac
1112 5184 1255 5238 enim
1299 5183 1654 5240 exercituales
1706 5183 1858 5251 flagi-

257 5275 442 5324 tantur
469 5285 748 5343 expensa;
773 5273 842 5329 ab
867 5273 970 5344 hac
997 5273 1172 5328 victus
1202 5273 1458 5344 quaeritur
1491 5273 1608 5330 sine
1647 5267 1855 5343 tenipo-

259 5364 334 5421 ris
360 5367 800 5426 consideratione
821 5366 1178 5438 populorum;
1205 5367 1332 5423 huic
1371 5368 1534 5424 etiam
1568 5369 1652 5423 vel
1679 5367 1854 5424 solum

259 5470 424 5528 grave
444 5459 770 5530 iudiciorum
790 5462 1000 5533 pondus
1022 5462 1293 5532 adjectum
1321 5469 1424 5518 est.
1445 5461 1544 5516 Cui
1569 5461 1691 5518 ideo
1713 5462 1858 5531 leges

335 5586 362 5617 ι
391 5575 690 5650 lnemptam
737 5579 867 5635 dicit
912 5593 977 5636 ea
1007 5577 1179 5634 forma
1209 5593 1314 5648 qua
1347 5577 1689 5650 redemptam
1738 5576 1858 5650 lau-

197 5685 201 5689 .
262 5645 419 5720 (lemi
457 5650 508 5706 in
537 5645 735 5706 malam
765 5659 974 5720 partem
1003 5645 1242 5718 scilicet,“
1281 5648 1415 5704 infra
1457 5645 1559 5702 Iib.’
1585 5665 1635 5712 ν,
1694 5648 1851 5720 epist.

264 5716 353 5772 40.
379 5716 796 5789 Etredcmptam
827 5723 1143 5775 sententiam
1176 5716 1366 5775 timere
1396 5720 1487 5774 lib.
1519 5735 1592 5784 γι,
1619 5720 1778 5773 ibrin.
1801 5717 1854 5772 9.

341 5791 366 5827 δ
407 5790 606 5859 Flacci,
631 5793 682 5845 id
707 5799 788 5847 est
812 5792 994 5858 Quinti
1039 5790 1239 5846 Horatii
1270 5791 1543 5850 Venusini.
1569 5790 1659 5859 qui
1686 5789 1814 5844 dicit
1843 5806 1854 5840 :

267 5856 343 5920 Et
369 5863 527 5920 semet
566 5856 807 5922 einissum
833 5856 970 5922 uolat
1011 5862 1344 5922 irrevocabile
1368 5856 1601 5921 verbum:
1637 5859 1763 5920 ιιωο
1790 5873 1859 5917 ex

1956 4345 2246 4410 abstulisti,
2270 4345 2660 4402 consuetudine
2679 4344 2965 4416 majorum,
2988 4343 3343 4403 morientibus
3361 4344 3554 4402 decen-

1954 4447 2040 4494 ter
2075 4438 2371 4494 interitum.
2398 4436 2602 4492 Deinde
2636 4451 2817 4492 mores
2855 4450 3051 4508 pravos
3098 4435 3322 4507 corrigis
3357 4445 3553 4494 aucto-

1953 4535 2116 4592 ritate
2164 4535 2395 4590 rectoris
2435 4535 2606 4609 [mu.,
2665 4530 2850 4606 regis],
2902 4531 3216 4590 excedentis
3267 4532 3554 4592 audaciam

1955 4627 2175 4698 frangis,
2219 4629 2469 4686 timorem
2513 4628 2723 4698 legibus
2759 4626 2972 4695 reddis;
3021 4635 3079 4684 et
3116 4625 3296 4684 adhuc
3336 4627 3555 4684 dubitas

1957 4723 2147 4788 edere,
2193 4722 2338 4792 quod
2391 4723 2556 4780 tantis
2597 4722 2915 4782 utilitatibus
2965 4720 3164 4792 probas
3209 4737 3369 4793 posse
3419 4735 3554 4777 cono

1965 4815 2195 4886 gruere?
2216 4815 2378 4872 Celas
2404 4817 2587 4881 etiam,
2611 4822 2670 4870 ut
2689 4814 2763 4870 ita
2790 4812 3038 4880 dixerim,
3061 4812 3336 4883 speculum
3355 4811 3554 4868 mentis

1963 4914 2088 4973 tuae,
2122 4907 2213 4963 ubi
2235 4915 2289 4963 te
2317 4907 2492 4963 omnis
2513 4916 2646 4962 mtas
2665 4915 2891 4962 ventura
2907 4905 3080 4976 possit
3099 4904 3386 4974 inspicere.
3415 4901 3553 4958 Con-

1960 4997 2118 5068 tingit
2155 4999 2299 5054 enim
2333 4997 2649 5054 dissimilem
2687 4997 2855 5054 lilium
2895 4997 3216 5068 plerumque
3253 4991 3500 5064 generari
3530 5017 3549 5048 ε

1965 5101 1989 5151 ς
2013 5092 2188 5148 oratio
2211 5092 2392 5162 dispar
2419 5090 2660 5147 moribus
2695 5091 2784 5147 vix
2809 5098 2990 5162 potest
3011 5088 3261 5146 inveniri.
3301 5086 3394 5143 Est
3421 5101 3551 5157 ergo

1958 5181 2062 5238 ista
2097 5181 2253 5238 valde
2280 5182 2478 5237 certior
2497 5180 2704 5235 arbitrii
2719 5180 2926 5252 proles;
2955 5194 3080 5236 nam
3100 5177 3245 5250 quod
3264 5177 3332 5233 de
3351 5192 3552 5235 arcano

1959 5274 2198 5346 pectoris
2249 5272 2500 5343 gignitur,
2555 5271 2794 5328 auctoris
2834 5270 2918 5326 sui
2961 5268 3252 5340 posteritas
3303 5268 3552 5324 veracius

1957 5369 2273 5424 aestimatur.
2322 5363 2515 5420 Dixisti
2562 5363 2728 5420 etiam
2765 5361 2834 5418 ad
2877 5359 3401 5418 commendationem
3434 5358 3538 5413 uni-

1959 5458 2231 5516 versitatis
2250 5455 2560 5528 frequenter
2593 5454 2795 5528 reginis
2834 5469 2898 5511 ac
2927 5453 3143 5526 regibus
3168 5450 3373 5518 laudes.
3408 5451 3549 5506 Duo-

1961 5591 2064 5633 ms.
2092 5576 2408 5632 Rhemensi.

2035 5659 2055 5685 ε
2097 5647 2230 5701 Vide
2275 5646 2552 5717 Sidonium
2601 5644 2835 5717 Apollini.
2879 5642 2982 5717 lib.
3014 5656 3132 5717 vu,_
3157 5639 3547 5717 epist.18.‘D.

1961 5719 2300 5773 Ambrosium
2330 5719 2422 5772 lib.
2453 5735 2470 5773 1
2507 5710 2690 5785 Ollici,
2720 5729 2839 5787 cap.
2875 5712 2958 5782 l8,
2991 5722 3046 5770 et
3387 5712 3528 5772 inira

1959 5790 2050 5845 lib.
2079 5806 2126 5854 ν,
2160 5791 2314 5859 epist.
2344 5788 2432 5844 ‘22.
