4048 6344
517 286 625 343 505

1740 276 1812 334 M.
1852 271 2130 331 AURELII
2166 266 2565 328 CASSIODORI

3677 263 3782 319 504

509 400 685 456 decim
710 398 858 454 libris
878 395 1181 453 Gothorum
1212 391 1492 448 historiam
1518 398 1543 429 ι
1569 386 1842 445 defloratis
1870 401 2088 458 prospe-
2111 387 2168 448 Α
2189 385 2497 455 gustatione
2518 382 2817 454 suspensis,
2847 383 3005 439 aliter
3030 397 3063 437 a
3085 383 3387 439 litterarum
3414 396 3613 454 sapore
3635 382 3783 454 jeju-

506 488 761 544 ritatibus
781 485 1089 543 condidisti.
1117 483 1254 541 Cum
1279 481 1377 538 tibi
1402 481 1456 536 in
1482 479 1588 536 illis
1613 479 1777 535 fuerit
1805 475 2091 543 secundus

506 584 753 644 eventus,
785 574 913 645 quid
933 573 1157 645 ambigis
1173 611 1189 639 ,
1216 579 1271 628 et
1296 571 1411 627 haec
1450 570 1665 641 publico
1693 569 1843 637 dare,
1865 567 1959 639 qui
1978 566 2089 639 jam

506 668 854 739 cognosceris
879 666 1092 724 dicendi
1114 664 1363 721 tirocinia
1388 664 1683 736 posuisset.

564 759 765 816 'Victus
799 774 939 827 sum,
968 756 1165 825 fateor,
1210 756 1268 811 in
1310 754 1689 812 verecundiam
1726 768 1938 821 meam;
1988 766 2092 809 nec

509 851 774 908 obsistere
794 848 957 904 tantis
974 847 1324 919 prudentibus
1338 845 1421 921 [ed
1432 888 1442 900 .
1453 845 1753 919 ,precibus]
1773 846 1946 917 potui,
1967 862 2092 907 cum

507 958 600 998 me
627 940 865 998 viderem
892 955 961 995 ex
986 939 1275 997 affectione
1301 938 1524 1009 culpari.
1555 938 1708 994 Nunc
1736 937 1997 1008 ignoscite
2020 936 2093 994 le-

505 1040 720 1104 gentes,
750 1041 807 1089 et
839 1032 886 1088 si
912 1046 1019 1102 qua
1046 1038 1129 1087 est
1154 1029 1372 1087 incauta
1398 1029 1771 1100 praesumptio,
1814 1027 2090 1084 suadenti-

504 1126 610 1184 bus
648 1126 827 1199 potius
864 1125 1153 1195 imputate;
1184 1123 1312 1193 quia
1349 1136 1470 1177 mea
1493 1120 1696 1191 judicia
1723 1136 1846 1177 cum
1873 1121 1967 1177 illo
2005 1121 2090 1177 vi-

504 1219 706 1276 dentur
748 1216 950 1285 facere,
980 1214 1073 1286 qui
1110 1228 1198 1269 me
1223 1211 1525 1269 decreverit
1570 1226 1842 1268 accusare.
1872 1209 1942 1264 Et
1968 1209 2090 1267 ideo

504 1309 654 1381 quod
680 1308 738 1365 in
763 1315 1063 1378 quaesturae,
1094 1303 1387 1373 magisterii
1409 1317 1475 1359 ac
1496 1301 1827 1372 praefectum
1853 1299 2089 1370 dignita-

505 1403 650 1459 tibus
677 1417 711 1456 a
734 1415 823 1456 me
845 1399 1105 1455 dictatum
1124 1395 1180 1451 in
1205 1394 1432 1451 diversis
1456 1393 1686 1465 publicis
1710 1392 1918 1448 actibus
1938 1393 2091 1463 potui

490 1496 763 1566 reperire,
792 1493 1006 1549 bissena
1027 1490 1287 1546 librorum
1313 1488 1653 1545 ordinatione
1677 1486 1999 1558 composui;
2029 1492 2091 1541 ut

496 1591 817 1657 quanquam
859 1582 1170 1641 diversitate
1229 1595 1512 1636 causarum
1579 1578 1805 1649 legentis
1863 1578 2089 1635 intentio

501 1677 828 1743 concitetur,
869 1673 1140 1730 efﬁcacius
1184 1681 1367 1729 tamen
1404 1671 1646 1743 rapiatur
1690 1670 1921 1739 animus,
1968 1684 2089 1749 cum

2187 476 2292 543 nis,
2321 474 2685 546 persuasionis
2711 488 2875 531 causa
2902 474 3229 544 loquendum
3257 482 3374 542 est;
3410 483 3471 530 ut
3511 474 3783 531 interdum

2186 580 2356 637 genus
2376 566 2447 623 sit
2470 565 2680 636 peritia:
2703 565 2877 621 vitare
2904 558 3256 636 quod'doctis
3283 566 3516 640 placeat.
3548 566 3784 626 Proinde

2186 656 2453 727 majorum
2478 656 2700 729 pulchra
2728 654 2970 712 deﬁnitio
2997 664 3100 724 est,
3148 656 3241 713 Sic
3288 665 3415 729 apte
3456 656 3671 727 dicere,
3721 667 3780 714 ut

2188 747 2528 804 audientibus
2580 747 2757 819 possis
2805 755 3067 818 concepta
3117 754 3245 804 vota
3296 748 3546 805 suadere.
3596 748 3779 819 Neque

2189 840 2334 896 enim
2361 840 2466 895 tria
2488 853 2686 910 genera
2714 836 2931 894 dicendi
2956 839 3228 895 incassum
3263 839 3498 909 prudens
3540 838 3779 895 deﬁnivit

2189 931 2500 1002 antiquitas.
2532 928 2765 997 Humile,
2809 928 2956 999 quod
2982 929 3360 985 communione
3410 929 3529 1002 ipsa
3542 911 3780 1000 serpere

2188 1024 2453 1081 videatur.
2484 1023 2736 1092 Medium,
2776 1020 2927 1093 quod
2958 1037 3061 1079 nec
3098 1022 3465 1093 magnitudine
3502 1022 3777 1091 tumescit,

2191 1133 2293 1175 nec
2319 1116 2584 1189 parvitate
2608 1121 2895 1181 tenuatur;
2925 1112 3021 1171 sed
3049 1112 3190 1169 inter
3214 1120 3500 1183 utrumque
3522 1112 3775 1183 positum,

2190 1212 2411 1283 propria
2447 1216 2729 1266 venustate
2753 1207 3003 1274 ditatum,
3052 1206 3163 1262 suis
3206 1205 3401 1262 ﬁnibus
3449 1206 3776 1261 continetur.

2191 1300 2433 1356 Tertium
2453 1311 2641 1369 genus,
2671 1296 2817 1368 quod
2844 1296 2914 1353 ad
2933 1312 3198 1352 summum
3228 1297 3434 1367 apicem
3462 1295 3779 1367 disputatio‘

2191 1390 2276 1446 nis
2302 1388 2582 1460 exquisitis
2608 1387 2854 1445 sensibus
2877 1386 3140 1456 elevatur,
3167 1386 3439 1454 videlicet,
3465 1394 3530 1443 ut
3546 1388 3780 1444 varietas

2192 1494 2546 1553 personarum
2572 1491 2867 1548 congruum
2894 1477 3179 1534 sortiretur
3219 1478 3514 1548 eloquium,
3556 1485 3613 1534 et
3655 1478 3783 1534 licet

2192 1572 2261 1628 ab
2284 1587 2390 1627 uno
2408 1579 2633 1645 pectore
2654 1569 2969 1641 protlueret,
2990 1570 3216 1627 diversis
3236 1577 3416 1625 tamen
3436 1569 3607 1627 alveis
3631 1584 3781 1626 ema-

2192 1671 2385 1719 naret:
2416 1662 2631 1733 quando
2654 1661 2831 1719 nullus
2859 1660 3159 1732 eloquentis
3185 1660 3396 1717 obtinet
3420 1675 3644 1728 nomen,
3678 1660 3780 1716 nisi

496 1768 677 1824 tendit
703 1767 771 1821 ad
798 1766 1106 1821 terminum.
1132 1764 1270 1821 Illud
1293 1771 1475 1819 autem
1501 1762 1767 1819 sustinere
1787 1761 1923 1817 alios
1942 1762 2087 1835 passi
2116 1776 2167 1838 Β
2190 1757 2284 1827 qui
2308 1756 2446 1812 trina
2472 1757 2573 1813 ista
2592 1758 2790 1813 virtute
2808 1756 3133 1824 succinctus,
3161 1757 3336 1813 causis
3357 1757 3777 1827 emergentibus,

504 1876 615 1915 non
641 1873 849 1929 sumus,
877 1857 1020 1928 quod
1040 1872 1137 1914 nos
1155 1856 1464 1926 frequenter
1487 1853 1807 1911 incurrimus
1833 1853 1888 1908 in
1914 1853 2089 1909 hono-

495 1953 657 2009 ribus
677 1951 867 2007 dandis
888 1950 1158 2022 impolitas
1175 1957 1230 2005 et
1247 1949 1547 2020 praecipites
1562 1949 1854 2015 dictiones;
1872 1962 1991 2018 quae
2012 1947 2089 2004 sic

496 2050 800 2114 poscuntur
819 2041 886 2097 ad
908 2041 1163 2108 subitum,
1192 2049 1249 2096 ut
1276 2041 1369 2097 vix
1393 2038 1481 2096 vel
1501 2040 1662 2096 scribi
1681 2054 1842 2110 posse
1869 2038 2089 2094 videan—

500 2142 611 2189 tur.
643 2132 968 2189 Cunctarum
1006 2133 1189 2202 itaque
1215 2131 1535 2201 dignitatum
1563 2138 1718 2187 sexto
1765 2137 1823 2184 et
1858 2128 2088 2200 septimo

501 2224 655 2281 libris
679 2223 934 2281 formulas
957 2222 1358 2295 comprehendi,
1386 2230 1445 2278 ut
1462 2231 1518 2278 et
1535 2222 1685 2289 mihi,
1703 2220 1946 2295 quamvis
1966 2234 2090 2277 sero

498 2319 871 2390 prospicerem
889 2355 906 2383 ,
964 2324 1024 2374 et
1074 2316 1422 2387 sequentibus
1466 2315 1524 2371 in
1571 2321 1799 2385 angusto
1845 2321 2091 2384 tempore

501 2409 867 2466 subvenirem.
903 2405 1005 2475 Ita,
1051 2421 1171 2477 qua:
1196 2406 1307 2463 dixi
1336 2406 1407 2463 de
1448 2405 1739 2478 prteteritis
1768 2403 2092 2460 convenient

501 2506 563 2554 et
583 2496 773 2553 futuris
793 2496 965 2571 [ηιδοη
989 2498 1176 2569 Itaque
1201 2496 1316 2554 dixi
1341 2497 1409 2554 de
1434 2498 1737 2569 praeteritis,
1766 2495 2089 2553 convenien-

398 2664 401 2665 ν
504 2599 593 2647 ter
618 2599 675 2646 et
699 2590 953 2663 futuris]:
996 2592 1123 2664 quia
1158 2607 1268 2648 non
1296 2590 1364 2646 de
1411 2591 1678 2663 personis,
1708 2588 1803 2645 sed
1842 2589 1911 2644 de
1959 2586 2092 2658 ipsis

503 2678 665 2746 locis,
694 2695 814 2751 qua:
850 2690 972 2752 apta
1011 2680 1330 2736 videbantur
1367 2679 1620 2748 explicui.
1651 2677 1933 2734 Librorum
1958 2689 2089 2732 vero

503 2770 743 2839 titulum,
771 2772 950 2843 operis
978 2771 1230 2839 indicem,
1261 2784 1544 2827 causarum
1571 2782 1897 2840 praeconem,
1928 2766 2091 2823 totius

505 2861 770 2919 orationis
819 2861 1194 2919 brevissimam
1242 2876 1452 2927 vocem,
1530 2859 1806 2917 νΑιιιΑιιωί
1872 2857 2093 2914 nomine

502 2954 801 3027 prmnotavi
825 2972 839 3008 :
870 2954 994 3025 quia
1020 2969 1244 3012 necesse
1260 2954 1420 3009 nobis
1448 2951 1547 3009 fuit
1566 2953 1763 3025 stylum
1790 2966 1899 3007 non
1923 2964 2090 3005 unum

501 3064 749 3115 sumere,
790 3048 884 3119 qui
910 3063 1167 3119 personas
1189 3049 1367 3104 varias
1404 3047 1737 3119 suscepimus
1775 3045 2087 3102 admonere.

501 3137 676 3195 Aliter
708 3138 853 3195 enim
878 3140 1047 3196 multa
1086 3139 1321 3197 lectione
1346 3139 1587 3207 satiatis,
1630 3137 1785 3195 aliter
1830 3135 2094 3194 mediocri

2190 1846 2415 1903 viriliter
2441 1854 2526 1903 est
2544 1854 2782 1917 paratus.
2804 1845 2923 1902 Huc
2943 1847 3153 1903 accedit
3177 1847 3323 1917 quod
3349 1846 3512 1903 modo
3540 1847 3778 1917 regibus,

2190 1937 2354 1995 modo
2378 1938 2739 2009 potestatibus
2767 1932 2975 2004 aulicis,
3000 1937 3163 1994 modo
3192 1937 3338 2007 loqui
3357 1938 3640 1994 videamur
3677 1938 3778 1994 hu-

2190 2030 2425 2086 millimis
2451 2047 2463 2085 :
2491 2030 2690 2099 quibus
2718 2029 2822 2086 alia
2850 2028 3113 2098 contingit
3138 2028 3237 2085 sub
3279 2027 3629 2085 festinatione
3657 2044 3779 2100 pro-

2188 2120 2437 2191 fundere,
2464 2121 2569 2176 alia
2601 2135 2731 2176 vero
2758 2120 2909 2176 licuit
2936 2120 3169 2189 cogitata
3198 2118 3470 2190 proferre;
3500 2129 3563 2176 ut
3586 2120 3779 2176 merito

2190 2211 2476 2267 Variarum
2501 2211 2727 2279 dicatur,
2758 2210 2907 2283 quod
2953 2218 3101 2266 tanta
3128 2209 3440 2267 diversitate
3473 2210 3775 2266 conﬁcitur.

2190 2300 2301 2358 Sed
2343 2303 2548 2358 utinam
2577 2302 2721 2358 sicut
2760 2302 2863 2359 ista
2913 2301 3114 2372 regulis
3166 2300 3439 2372 accepisse
3485 2303 3778 2373 probamur

2191 2393 2443 2464 antiquis,
2473 2394 2548 2449 ita
2589 2395 2776 2450 eadem
2821 2394 3102 2465 promissae
3135 2393 3408 2463 resignent
3453 2395 3652 2449 merita
3696 2394 3777 2450 di-

2191 2487 2404 2543 ctionis.
2434 2484 2776 2558 Quapropter
2802 2486 3017 2543 Humile
3043 2487 3110 2543 de
3137 2487 3294 2543 nobis
3320 2487 3629 2544 verecunde
3658 2502 3780 2559 proo

2191 2579 2475 2649 mittimus,
2498 2578 2771 2637 Mediocre
2797 2595 2907 2635 non
2953 2579 3200 2650 improbe
3247 2578 3582 2650 pollicemur,
3621 2579 3779 2635 Sum-

2192 2683 2341 2724 mum
2367 2683 2518 2735 vero,
2543 2668 2685 2738 quod
2711 2676 2935 2739 propter
2960 2668 3296 2724 nobilitatem
3323 2668 3405 2725 sui
3442 2669 3604 2725 estin
3632 2670 3778 2727 edito

2193 2758 2361 2832 [παθη
2411 2759 2467 2814 in
2495 2757 2790 2826 edictione;
2817 2759 2931 2826 alii,
2980 2757 3236 2831 editione]
3281 2761 3651 2829 constitutum,
3682 2777 3780 2818 nos

2193 2850 2436 2920 attigisse
2480 2864 2591 2905 non
2635 2848 2923 2905 credimus.
2962 2847 3341 2905 Verumtamen
3390 2850 3587 2907 sileant
3635 2866 3775 2921 prie-

2192 2943 2528 3014 sumptiones
2554 2940 2771 3006 illicitae,
2821 2941 2915 3010 qui
2960 2940 3172 3010 legendi
3224 2955 3427 2998 sumus.
3479 2940 3780 3013 lncongruc

2195 3055 2426 3111 namque
2446 3049 2660 3097 nostras
2685 3038 2753 3095 de
2774 3038 2928 3095 nobis
2950 3037 3341 3108 disputationes
3364 3038 3675 3110 ingerimus,
3690 3036 3781 3110 qui

2195 3139 2377 3190 vestra
2404 3131 2582 3203 potius
2607 3129 2807 3201 judicia
2833 3129 3176 3187 sustinemus.

578 3305 609 3336 ⁸
631 3296 750 3355 Hoc
771 3300 931 3383 etiam
965 3309 1193 3359 testatur
1216 3302 1515 3359 Jornandes
1543 3305 1599 3359 in
1625 3304 1888 3374 prooemio
1915 3301 2201 3370 Clironici;
2226 3310 2282 3359 et
2308 3302 2424 3374 ipse
2447 3297 2800 3356 Cassiodorus
2824 3296 2983 3364 infra,
3008 3295 3101 3353 lib.
3130 3295 3228 3366 xii,
3255 3294 3413 3368 epist.
3441 3292 3530 3349 20.

512 3412 3756 3449 “WWW

1713 3532 2059 3617 LIBER
2092 3529 2577 3615 PRIMUS.

1994 3672 2271 3690 ψ

957 3756 1011 3827 3
1039 3752 1374 3812 EPISTOLA
1410 3754 1644 3813 PRIMA.

674 3886 960 3930 ΔΝΔΒΤΔΒΙΟ
983 3887 1308 3929 IMPERATORI
1334 3881 1360 3910 ⁸
1391 3888 1761 3930 TIIEODORICUS
1786 3890 1911 3931 REX.

500 3982 677 4055 Rogat
700 3997 881 4053 pacem
912 3979 1158 4055 certis
1184 3981 1354 4055 causis
1371 3982 1754 4055 intermissam;
1778 3985 1957 4039 laudat
1981 3988 2082 4041 im-

570 4050 886 4123 peratorem,
907 4059 957 4105 et
983 4050 1052 4104 ad
1076 4050 1224 4104 illum
1251 4051 1409 4123 mittit
1436 4052 1650 4123 legatos,
1693 4054 1780 4123 qui
1800 4059 2083 4111 contentio-

570 4121 663 4177 nes
686 4123 960 4205 dirimunt,
983 4130 1033 4175 et
1069 4121 1398 4176 concordiam
1443 4121 1553 4177 sua:
1581 4121 1818 4194 deinceps
1846 4124 2084 4193 ﬁrmitati

566 4201 867 4247 restituant.

571 4282 797 4353 Oportet
816 4298 936 4351 nos,
962 4283 1374 4339 clementissime
1400 4283 1712 4355 imperator,
1734 4299 1925 4356 pacem
1944 4300 2083 4355 quie-

495 4388 643 4438 rcrc,
671 4375 762 4444 qui
782 4389 972 4429 causas
995 4374 1285 4430 iracundia:
1312 4377 1689 4447 cognoscimur
1713 4394 1824 4435 non
1844 4378 2078 4436 habere:

496 4463 715 4533 quando
760 4463 851 4518 ille
877 4464 1117 4520 moribus
1161 4466 1428 4523 obnoxius
1450 4467 1564 4536 jam
1615 4477 1849 4538 tenetur,
1890 4468 1984 4540 qui
2015 4470 2082 4525 ad

492 4553 640 4627 justa
672 4552 1086 4623 deprehenditur
1113 4556 1426 4626 imparatus.
1476 4556 1635 4612 Omni
1676 4560 1879 4630 quippe
1914 4573 2081 4629 regno

496 4643 867 4700 desiderabilis
886 4644 1046 4701 debet
1064 4661 1183 4702 esse
1204 4648 1585 4718 tranquillitas,
1602 4649 1658 4704 in
1685 4664 1792 4719 qua
1820 4659 1875 4706 et
1895 4653 2082 4723 populi

493 4734 801 4809 proﬁciunt,
846 4744 902 4791 et
945 4736 1146 4792 utilitas
1189 4738 1426 4806 gentium
1473 4740 1793 4798 custoditur.
1829 4740 1955 4800 Haec
1996 4755 2082 4802 est

494 4829 639 4883 enim
661 4828 921 4883 bonarum
948 4830 1143 4885 artium
1166 4831 1365 4887 decora
1391 4839 1598 4899 mater;
1630 4832 1747 4890 haec
1769 4837 2079 4894 mortalium

494 4934 664 4989 genus
685 4921 969 4990 reparabili
996 4922 1342 4977 successione
1383 4921 1767 4995 multiplicans,
1796 4925 2079 4987 facultates

490 5011 787 5081 protendit,
819 5027 1000 5068 mores
1026 5010 1243 5079 excolit,
1267 5020 1323 5069 et
1356 5020 1627 5071 tantarum
1647 5032 1831 5073 rerum
1859 5018 2079 5088 ignarus

491 5103 824 5172 agnoscitur,
852 5105 945 5175 qui
972 5119 1091 5162 eam
1137 5104 1358 5163 minime
1402 5108 1676 5178 quaesiisse
1724 5112 1971 5168 sentitur.
2008 5111 2079 5169 Et

568 5344 901 5431 {Ba‘rpn'ius
929 5355 1082 5431 putat
1108 5349 1251 5431 banc
1289 5354 1582 5431 epistolam
1627 5356 2073 5431 fuissescriptam

492 5429 669 5497 ειιιιιο⁵
683 5414 907 5497 Ehristi
930 5414 1345 5497 ᾌξξόηοοηδυιὲ
1387 5439 1509 5479 cum
1556 5432 1689 5483 tom.
1740 5427 1808 5483 VI
1849 5414 2067 5497 Annal:

493 5500 621 5608 pag:
645 5485 750 5540 676
780 5488 1032 5545 editionis
1062 5492 1320 5562 Antuerp.

612 5556 912 5608 Iteodoricm
942 5558 1078 5608 rex]-
1104 5561 1199 5608 llic.
1222 5563 1320 5608 nrii

2122 3759 2167 3822 C
2197 3756 2340 3826 id‘co,
2385 3759 2624 3829 piissime
2660 3760 2980 3833 principum,
3020 3763 3276 3834 potentiae
3304 3766 3499 3817 vestrae
3525 3758 3775 3816 convenit
3809 3788 3812 3791 η

2187 3856 2245 3902 et
2264 3848 2476 3914 honori,
2502 3856 2561 3904 ut
2580 3851 2930 3908 concordiam
2941 3862 3175 3909 vestram
3194 3867 3441 3925 quaerere
3458 3852 3771 3917 debeamus,

2187 3938 2339 4007 cujus
2364 3939 2538 3996 adhuc
2560 3956 2747 3998 amore
2772 3942 3099 4012 proficimus.
3122 3945 3233 4002 Vos
3260 3944 3407 4001 enim
3434 3944 3562 4000 estis
3582 3956 3775 4012 regno-

2184 4045 2308 4086 rum
2335 4032 2574 4087 omnium
2614 4034 3033 4103 pulcherrimum
3076 4038 3273 4103 decus,
3310 4052 3410 4093 vos
3433 4036 3601 4092 totius
3628 4035 3773 4089 orbis

2183 4122 2420 4179 salutare
2469 4123 2794 4194 prmsidium,
2844 4126 2989 4197 quod
3035 4128 3217 4183 caeteri
3262 4128 3603 4184 dominantes
3647 4123 3768 4193 jure

2182 4212 2481 4283 suscipiunt
2495 4213 2628 4286 [alii,
2657 4215 2992 4288 suspiciunt],
3016 4218 3141 4287 quia
3164 4218 3271 4292 fed.
3300 4215 3426 4272 Νίυ.
3454 4225 3505 4272 et
3526 4217 3764 4283 Accam,

2183 4301 2360 4374 quasi]
2390 4304 2445 4359 in
2479 4306 2634 4361 vobis
2659 4307 2930 4377 singulare
2956 4308 3160 4378 aliquid
3199 4309 3376 4365 inesse
3402 4316 3767 4377 cognoscunt;

2182 4399 2240 4447 et
2262 4407 2362 4450 nos
2388 4395 2643 4462 maxime,
2665 4397 2758 4465 qui
2786 4398 2968 4455 divino
2987 4398 3189 4455 auxilio
3208 4399 3267 4455 in
3287 4399 3560 4471 republica
3589 4406 3768 4454 vestra

2181 4480 2482 4551 didicimus,
2514 4487 2964 4556 quemadmodum
3011 4488 3274 4546 Romanis
3309 4489 3643 4559 aequabiliter
3670 4489 3771 4544 im-

2179 4587 2375 4646 perare
2400 4576 2690 4647 possimus.
2740 4577 2986 4646 Regnum
3037 4588 3285 4636 nostrum
3334 4580 3563 4636 imitatio
3591 4587 3770 4635 vestra

2180 4675 2283 4733 est,
2310 4665 2483 4723 forma
2508 4668 2638 4724 boui
2662 4669 2956 4740 propositi,
3007 4670 3155 4726 unici
3203 4670 3480 4742 exemplar
3524 4670 3767 4743 immrii;

2179 4758 2273 4829 qui
2299 4767 2558 4830 quantum
2584 4775 2682 4817 vos
2707 4762 3005 4831 sequimur,
3037 4769 3248 4818 tantum
3294 4771 3483 4833 gentes
3521 4764 3654 4820 alias
3673 4780 3767 4819 an-

2179 4849 2392 4906 teimus.
2418 4850 2722 4908 Hortamini
2739 4867 2828 4910 me
2848 4853 3240 4925 frequenter,ut
3257 4855 3476 4927 diligam
3495 4866 3765 4924 senatum,

2177 4938 2325 5006 leges
2351 4941 2654 5013 principum
2674 4952 2949 5014 gratanter
2966 4948 3281 5018 amplectar,
3304 4958 3364 5005 ut
3382 4958 3579 5006 cuncta
3601 4948 3766 5005 Italia:

2175 5032 2419 5088 membra
2462 5047 2804 5105 componam.
2837 5036 3124 5102 Quomodo
3152 5039 3386 5109 potestis
3433 5041 3503 5095 ab
3539 5049 3762 5110 augusta

2182 5132 2320 5191 pace
2345 5120 2604 5194 dividere,
2651 5139 2814 5197 quem
2841 5142 2952 5185 non
2979 5129 3175 5201 optatis
3214 5146 3247 5189 a
3294 5132 3489 5190 vestris
3524 5133 3759 5192 moribus

2177 5362 2430 5456 :Sidonius
2448 5365 2791 5456 Apollinaris
2811 5370 2903 5456 lib.
2918 5389 2972 5454 .1,
2993 5373 3163 5456 epist._
3182 5376 3259 5456 2.“
3264 5376 3548 5456 Quomodo
3576 5386 3752 5433 autem

2177 5436 2674 5505 invaseritltaliam,
2706 5440 2829 5496 vide
2867 5436 3101 5499 Aimoin.
3133 5446 3201 5501 de
3219 5436 3397 5503 Ge'stis
3422 5448 3751 5503 Francorum

2174 5502 2266 5559 lib.
2294 5521 2328 5559 ι.
2365 5502 2731 5564 Theodericus
2753 5510 3051 5569 Odoacrem
3084 5516 3355 5571 interemit
3381 5502 3659 5574 Albinoiv.
3684 5516 3741 5570 c.

646 5558 1088 5653 indaganti-ﬁ]:
1098 5558 1426 5653 llizeprimus
1458 5572 1535 5653 se?
1551 5567 1912 5653 regemdixit,
1934 5584 2065 5653 ‘cum
2170 5558 2347 5653 opus,
2378 5558 2550 5653 ann-oi
2562 5558 2788 5653 δίιἧῖᾇᾶ

492 5624 737 5683 Odoacer
764 5638 887 5684 ante
913 5624 1125 5685 eum'se
1160 5624 1543 5696 imperatorem
1592 5624 2065 5696 liomanum'dice:

492 5702 686 5778 ειεξιτ-ει
726 5698 1177 5778 ante_0doacrem
1216 5698 1903 5778 @ugttstalisrTheodorici
1926 5712 2065 5778 regis
2170 5698 2858 5777 ϐυηζιεῖἠῦξῖοιέὲἒιῖίῦἐ.

490 5763 799 5825 Galliarum
846 5768 1072 5828 formam
1126 5780 1183 5829 et
1230 5763 1470 5832 habitum
1515 5776 1789 5848 eleganter
1811 5763 2065 5837 describit

2172 5642 2304 5728 llaec
2361 5647 2587 5728 epistola
2632 5649 2846 5706 videtur
2907 5642 3111 5725 aliquot
3166 5665 3289 5728 post
3331 5642 3484 5716 annis
3527 5658 3741 5728 scripta.

3730 5860 3743 5895 Χ

2275 5896 2361 5908 -..α
