3992 6452
199 305 320 365 5οό

1558 303 1922 363 VARIARUM
1958 305 2161 363 LIBER
2194 306 2238 364 ι.

3409 307 3514 367 506

151 457 162 464 ~
204 422 586 496 discrepare?
611 423 836 483 Additur
861 425 1029 481 etiam
1052 421 1364 481 veneranda
1389 421 1651 481 Romanae
1672 419 1822 477 urbis
1849 425 1899 485 Α
1924 417 2118 490 guinea
2145 423 2462 488 regnantem
2509 419 2796 494 discernit,
2831 422 3118 481 dominum
3159 422 3514 496 conspicuum

205 515 476 586 affectio,
508 533 541 574 a
568 532 677 590 qua
723 517 995 590 segregari
1042 524 1335 589 nequeunt,
1365 515 1460 587 qui
1495 529 1556 574 se
1595 513 1829 572 nominis

207 611 445 669 unitate
471 613 788 685 junxerunt.
811 610 1044 669 Proinde
1061 611 1215 668 illum
1239 619 1297 667 et
1312 609 1465 667 illum
1492 617 1520 648 α
1548 606 1832 678 legationis

209 700 411 760 officio
442 704 518 761 ad
544 704 940 763 serenissimam
963 704 1222 776 pietatem
1240 710 1480 761 vestram
1505 699 1832 758 credidimus

211 794 595 854 destinandos
622 814 639 866 ;
683 805 747 853 ut
790 796 1072 854 sinceritas
1097 796 1268 868 pacis,
1294 809 1417 866 quae
1440 793 1618 850 causis
1655 805 1833 848 emer-

209 885 494 956 gentibus
521 887 866 960 cognoscitur
908 887 1074 944 fuisse
1107 888 1316 957 vitiata,
1349 885 1578 942 detersis
1604 892 1829 942 conten-

207 978 499 1048 tionibus,
543 979 600 1037 in
621 995 720 1037 sua
742 979 994 1051 deinceps
1020 979 1276 1036 ﬁrmitate
1323 977 1574 1034 restituta
1611 989 1827 1050 perma-

209 1080 352 1129 neat
385 1090 401 1127 :
435 1073 570 1146 quia
619 1073 734 1145 pati
775 1088 874 1129 vos
920 1088 1030 1128 non
1081 1071 1348 1129 credimus
1385 1069 1527 1126 inter
1569 1077 1830 1139 utrasque

207 1165 832 1237 respublicas,quarum
850 1180 1063 1237 semper
1080 1179 1246 1221 unum
1261 1178 1458 1234 corpus
1477 1161 1576 1218 sub
1596 1159 1831 1232 antiquis

206 1258 574 1332 principibus
599 1259 764 1315 fuisse
793 1257 1136 1324 declaratur,
1167 1255 1367 1326 aliquid
1395 1252 1679 1312 discordiae
1704 1267 1832 1324 per-

208 1367 496 1422 manere;
530 1368 664 1425 quas
692 1368 803 1410 non
826 1353 1002 1410 solum
1045 1359 1264 1423 oportet
1291 1350 1433 1406 inter
1461 1363 1521 1407 se
1549 1349 1723 1404 otiosa
1748 1345 1832 1402 di-

209 1447 476 1504 lectione
503 1446 780 1516 conjungi,
811 1459 1001 1501 vernm
1029 1443 1191 1500 etiam
1217 1442 1373 1498 decet
1399 1440 1602 1498 mutuis
1627 1439 1831 1496 viribus

209 1539 503 1610 adjuvari.
530 1539 761 1596 Romani
779 1539 932 1609 regni
961 1552 1124 1594 unum
1151 1535 1310 1601 velle,
1339 1551 1446 1591 una
1474 1548 1691 1605 semper
1711 1533 1829 1604 opi-

207 1630 310 1687 nio
338 1632 437 1687 sit.
472 1631 740 1702 Quidquid
769 1639 824 1688 et
851 1647 951 1688 nos
971 1646 1283 1703 possumus,
1314 1629 1511 1686 vestris
1540 1627 1828 1699 praeconiis

209 1723 562 1795 applicetur.
593 1723 936 1798 Quapropter
981 1723 1318 1781 salutationis
1363 1718 1827 1777 honorificentiam

1931 509 2088 580 facit;
2110 519 2167 567 et
2190 519 2411 582 praestat
2433 512 2671 570 humano
2700 516 2885 585 generi
2924 531 2994 573 ne
3019 516 3090 574 de
3116 523 3337 588 aspectu
3362 515 3514 589 prin-

1932 606 2066 680 cipis
2116 607 2290 679 possit
2342 607 2532 664 errari.
2591 607 2786 664 Mirum
2832 617 2915 665 est
2962 610 3318 666 substantiam
3364 609 3514 667 illam

1929 709 2108 759 morte
2156 701 2479 771 confectam,
2511 715 2761 758 cruorem
2810 701 2879 758 de
2928 716 2990 758 se
3032 713 3157 774 post
3199 704 3374 774 spatia
3403 712 3514 759 tam

1931 793 2079 865 longi
2123 794 2383 867 temporis
2432 794 2720 862 exsudare,
2750 794 2846 866 qui
2872 795 3012 850 solet
3037 795 3172 851 vivis
3195 795 3516 868 corporibus

1931 886 2155 943 vulnere
2179 886 2432 945 sauciatis
2460 886 2516 958 ᾗ.
2543 886 2634 943 vix
2660 885 2902 945 efﬂuere.
2933 884 3072 940 Nam
3102 902 3225 942 cum
3247 903 3346 942 sex
3373 901 3514 958 pene

1929 979 2205 1037 mensibus
2223 979 2446 1035 marina:
2467 978 2672 1036 delicia:
2697 994 2730 1034 a
2755 976 2905 1033 vitali
2926 975 3128 1034 fuerint
3147 975 3334 1046 vigore
3361 991 3516 1047 sepa-

1929 1081 2081 1140 ratae,
2126 1073 2410 1143 sagacibus
2452 1071 2671 1129 naribus
2693 1071 2946 1129 nesciunt
2987 1083 3108 1126 esse
3148 1067 3512 1138 gravissimae;

1929 1168 2140 1226 scilicet
2157 1181 2228 1223 ne
2250 1167 2470 1239 sanguis
2491 1166 2583 1223 ille
2611 1165 2811 1223 nobilis
2840 1164 3046 1236 aliquid
3066 1163 3297 1235 spiraret
3322 1162 3517 1218 horro-

1929 1261 2026 1318 ris.
2057 1260 2156 1318 llic
2183 1275 2308 1317 cum
2349 1258 2549 1316 infecta
2575 1258 2742 1316 semel
2765 1255 3068 1315 substantia
3093 1259 3422 1329 perseverat,
3461 1259 3518 1308 et

1931 1353 2105 1411 nescit
2124 1360 2250 1409 ante
2269 1351 2534 1420 subtrahi,
2557 1365 2716 1422 quam
2737 1349 2903 1407 vestis
2921 1348 3098 1420 possit
3117 1346 3346 1404 absumi.
3359 1343 3518 1412 Quod

1929 1443 1978 1500 si
2005 1443 2412 1516 conchyliorum
2459 1442 2690 1512 qualitas
2718 1456 2829 1498 non
2865 1448 3124 1508 mutatur,
3151 1439 3199 1495 si
3227 1435 3518 1495 torcularis

1929 1537 2074 1594 illius
2097 1551 2206 1592 una
2229 1534 2499 1592 vindemia
2524 1543 2629 1604 est,
2662 1535 2825 1604 culpa
2869 1534 3120 1590 nimirum
3146 1531 3369 1589 artificis
3387 1531 3517 1600 erit,

1931 1629 2023 1685 cui
2047 1643 2106 1683 se
2134 1626 2289 1698 copia
2311 1625 2457 1681 nulla
2485 1623 2848 1683 subtraxitJn
2873 1624 2978 1680 illis
3006 1632 3186 1679 autem
3205 1621 3519 1678 rubicundis

1903 1773 1910 1781 ,
1931 1718 2172 1776 fontibus
2196 1735 2320 1775 cum
2342 1718 2570 1774 albentis
2596 1731 2779 1776 comas
2801 1715 2963 1773 serici
2984 1715 3179 1770 doctus
3205 1713 3520 1770 moderator

207 1812 606 1885 praferentes,
635 1829 808 1886 prona
834 1821 1018 1870 mente
1045 1813 1409 1885 deposcimus,
1434 1827 1507 1868 ne
1529 1810 1826 1882 suspenda-
1853 1804 1906 1865 Β
1929 1809 2228 1878 intinxerit,
2259 1809 2462 1866 habere
2484 1807 2646 1865 debet
2665 1808 2909 1878 corporis
2928 1805 3274 1878 purissimam
3299 1801 3520 1858 castita-

209 1903 287 1958 tis
311 1917 345 1958 a
375 1905 544 1962 nobis
571 1904 998 1962 mansuetudinis
1023 1913 1217 1960 vestrae
1237 1904 1678 1973 gloriosissimam
1693 1903 1827 1959 cha-

207 1993 473 2064 ritatem,
523 2011 685 2066 quam
729 2011 831 2067 ego
877 2009 1100 2066 sperare
1126 1994 1306 2060 debui,
1331 1994 1544 2050 etiamsi
1569 1994 1688 2050 aliis
1717 2009 1827 2049 non

207 2084 513 2141 videretur
561 2101 723 2157 posse
768 2086 1011 2142 concedi.
1061 2085 1270 2142 Caetera
1320 2101 1451 2142 vero
1487 2101 1586 2157 per
1627 2086 1830 2142 latores

206 2177 584 2248 praesentium
611 2179 798 2250 pietati
825 2187 1019 2236 vestra:
1045 2178 1214 2235 verbo
1242 2177 1580 2250 suggerenda
1602 2177 1828 2234 commi-

207 2269 400 2326 simus
417 2308 436 2336 ,
465 2277 526 2325 ut
551 2286 654 2328 nec
673 2272 975 2344 epistolaris
994 2286 1174 2328 sermo
1190 2271 1506 2329 redderetur
1529 2272 1824 2338 extensior,

211 2375 325 2418 nec
356 2362 566 2433 aliquid
593 2378 694 2437 pro
723 2363 1047 2422 utilitatibus
1077 2364 1276 2422 nostris
1317 2363 1724 2438 praetermisisse
1748 2363 1830 2420 vi-

209 2452 505 2512 duremur.

813 2571 1151 2631 EPISTOLA
1188 2574 1252 2629 ll.

414 2689 649 2731 ἹἮΕΟΜΟ
680 2675 696 2705 ¹
727 2688 851 2730 νιιιο
879 2688 1089 2730 ευιιιιιίι
1127 2682 1494 2728 THEODORICUS
1519 2683 1649 2724 REX.

217 2766 531 2841 Redarguit
571 2768 720 2824 illum
767 2769 1091 2841 negligentia:
1136 2769 1277 2841 circa
1317 2781 1622 2841 purpuram,
1651 2779 1832 2841 .qttatlt

295 2832 528 2911 sing'ulis
557 2841 710 2895 armis
739 2839 807 2911 ad
831 2832 1010 2893 aulam
1031 2837 1238 2911 regiam
1284 2832 1484 2890 mittere
1534 2832 1752 2911 solebat,
1773 2839 1832 2911 _et

292 2901 555 2983 oriéinem
583 2927 645 2965 ac
672 2909 881 2964 modum
908 2901 1249 2980 conﬁcienda:
1278 2919 1523 2977 purpurea
1564 2901 1827 2958 describit.

294 3025 534 3084 Comitis
560 3025 820 3096 Stephani
848 3024 1216 3081 insinuatione
1246 3021 1632 3092 comperimus,
1665 3031 1832 3074 sacrm

217 3117 405 3174 vestis
432 3131 653 3188 operam
675 3115 797 3190 [ms.
822 3113 1051 3186 Remig.,
1076 3109 1397 3184 superiora],
1424 3125 1585 3180 quam
1610 3123 1709 3164 nos
1729 3123 1829 3164 vo-

219 3211 438 3268 luimus
489 3208 796 3266 necessaria
850 3207 1195 3264 festinatione
1241 3203 1542 3275 compleri,
1585 3201 1830 3270 disrupto

221 3302 411 3372 magis
436 3300 624 3356 labore
645 3299 886 3370 pendere
915 3316 930 3352 :
960 3298 1048 3353 cui
1076 3312 1293 3354 cursum
1323 3294 1457 3370 [ed.,
1487 3291 1669 3364 usum]
1703 3291 1832 3349 sub-

224 3393 508 3450 trahendo
563 3392 897 3458 eolemnem,
940 3389 1360 3447 abominandam
1408 3388 1588 3458 potius
1632 3384 1834 3441 inferre

230 3484 588 3555 cognosceris
616 3483 944 3539 tarditatem.
972 3480 1256 3537 Credimus
1277 3479 1425 3536 enim
1447 3478 1686 3549 aliquem
1707 3490 1834 3546 pro-

227 3578 457 3634 venisse
498 3576 824 3647 neglectum,
869 3582 1047 3630 utaut
1087 3574 1268 3629 crines
1310 3571 1388 3628 illi
1416 3569 1600 3638 lactei,
1631 3583 1834 3626 carneo

230 3668 516 3743 ﬂaretur,
576 3670 710 3740 forte
759 3664 992 3738 aheneo]
1033 3665 1231 3736 poculo
1269 3663 1353 3720 bis
1406 3671 1598 3734 terque
1629 3660 1833 3728 satiati,

231 3757 604 3829 pulcherrima
625 3757 802 3812 minus
827 3756 1092 3812 ebrietate
1116 3753 1418 3819 rubuerint;
1442 3758 1537 3807 aut
1563 3752 1701 3806 lana:
1722 3765 1833 3807 non

233 3848 523 3905 hauserint
578 3846 839 3903 adorandi
888 3847 1028 3920 [ms.
1057 3844 1219 3911 Aud.,
1251 3839 1570 3913 adornandi]
1611 3841 1833 3897 muricis

231 3939 687 4009 pretiosissimam
715 3938 1033 4008 qualitatem
1055 3935 1108 3990 δ.
1135 3936 1476 4007 QuaprOpter
1503 3932 1549 3989 si
1577 3947 1833 4004 perscru-

232 4036 383 4087 tator
404 4029 734 4103 Hydruntini
752 4028 918 4085 maris
938 4025 1113 4083 infusa
1136 4025 1271 4098 [atii,
1291 4025 1487 4092 intusa,
1511 4024 1591 4079 vel
1607 4019 1834 4093 intrusa]

233 4122 530 4195 conchylia
586 4120 903 4178 solemnitcr
971 4117 1307 4175 condidisset
1367 4124 1496 4187 apto
1569 4123 1832 4185 tempore,

238 4225 473 4269 acervus
501 4212 593 4268 ille
621 4210 942 4283 Neptunius,
993 4215 1284 4280 generator
1335 4206 1578 4264 ﬂorentis
1618 4219 1836 4275 semper

237 4317 497 4376 purpurae
528 4315 577 4371 ε,
606 4311 828 4360 ornator
873 4301 1017 4370 solii,
1067 4315 1331 4370 aquarum
1377 4299 1533 4368 copia
1568 4297 1839 4354 resolutus
1870 4338 1894 4365 η,

240 4395 476 4454 imbrem
501 4397 738 4454 aulicum
777 4395 1029 4451 ﬂammeo
1059 4393 1270 4462 liquore
1298 4379 1528 4446 laxaret.
1561 4389 1727 4445 Color
1752 4387 1838 4442 ni-

241 4491 350 4550 mio
380 4493 572 4566 lepore
597 4506 852 4559 vernans,
874 4486 1180 4546 obscuritas
1207 4484 1426 4552 rubens,
1458 4482 1682 4554 nigredo
1705 4495 1836 4537 san-

317 4676 345 4705 ⁴ι
377 4663 645 4719 Baronius
672 4658 948 4716 existimat
995 4656 1100 4710 hos
1139 4655 1226 4721 leg

248 4715 779 4814 θιιτὲεἶέιίέηζγίάε
826 4737 962 4785 tom.
1010 4725 1080 4781 γι
1117 4715 1340 4814 Annal,
1371 4734 1498 4775 ann.
1544 4716 1673 4774 cm.
1706 4715 1834 4782 495,

250 4806 705 4932 pagdgnltinetur
732 4872 821 4927 hic
852 4883 1110 4943 purpura:
1156 4860 1577 4943 principalis‘et
1617 4857 1839 4914 muricis

256 4930 548 5018 descriptio
569 4930 1049 5018 et_usus._‘Q_ua'de
1068 4954 1129 4994 re
1160 4930 1286 5018 vide
1314 4930 1576 5018 Plinalib.
1607 4944 1838 5018 rxz‘cap.

257 5001 564 5144 δέ
593 5016 689 5073 lib.
721 5029 773 5070 IV
801 5001 984 5082 Eclog.
1016 5019 1072 5066 et
1101 5025 1153 5065 ιν
1181 5003 1395 5062 ιλΕιιθίᾱ.
1434 5001 1650 5058 l’ernus
1669 5001 1838 5058 Bnos-

257 5105 384 5144 ειυς
450 5129 463 5142 .
542 5128 556 5142 .

256 5105 384 5147 ειυς
407 5105 463 5144 J.
497 5105 556 5142 la.

334 5141 379 5200 ἶ
398 5141 864 5228 Ιῖιοῗέηῑὶεδεηιρεν
908 5153 1066 5228 unica
1113 5149 1394 5228 dictione,
1456 5152 1517 5199 ut
1562 5141 1843 5199 Lucretius

259 5230 350 5288 lib.
382 5247 422 5295 ι,
443 5243 566 5301 pag.
599 5227 691 5295 se,
719 5218 1442 5301 εεὶτιρεξνῑζονφιί.ίξ.ἓίοηιξΐί·..
1493 5299 1507 5301 μ
1563 5283 1594 5301 ν

331 5282 359 5340 ἐι
382 5282 564 5370 Hujus
610 5282 691 5355 rei
736 5282 984 5370 meminit
1020 5291 1269 5370 Achilles
1308 5282 1846 5370 §tatiusnlibittﬂde

262 5351 766 5438 Amor—.wL—eucaiet
791 5365 1087 5438 Cedrenus,
1112 5371 1186 5438 et
1231 5357 1467 5438 Pollucis
1510 5351 1841 5438 Onomastic.

263 5423 636 5499 libivrlﬁlﬁatta
659 5423 764 5496 (est
791 5435 991 5493 vermis
1018 5423 1272 5499 lucifuga,
1300 5429 1426 5496 quia
1454 5426 1628 5499 lucem
1658 5423 1842 5478 videre

263 5495 372 5567 non
388 5495 598 5583 potest,
623 5495 766 5566 unde
791 5511 1132 5583 per_uoctem
1160 5495 1418 5583 ambulat,
1453 5495 1846 5583 acolorc’nnn:

268 5563 494 5653 ξιίίὶαἴιῖζ
661 5563 1074 5653 comprehensa
1102 5583 1332 5653 manum
1357 5566 1528 5653 tingit
1543 5583 1576 5653 ;Δ
1609 5563 1750 5653 unde
1769 5634 1782 5653 ι
1795 5572 1849 5618 et

268 5634 544 5708 tibiam“
557 5634 809 5713 “di—cimus:
838 5658 894 5703 et
918 5647 1042 5702 inde
1061 5645 1234 5701 blatta
1256 5638 1420 5694 vestis
1449 5634 1534 5692 est
1561 5635 1682 5690 talis
1701 5634 1850 5690 colo—

269 5723 360 5777 ris.
393 5724 517 5781 Haec
547 5740 614 5779 ex
635 5740 732 5780 ms.
763 5718 1074 5776 Rliemcnsi.
1325 5747 1329 5750 κ

345 5806 368 5868 εἶ
407 5779 580 5868 Tyrus
583 5795 734 5868 _u|jbs
749 5790 854 5868 ibit
882 5788 1164 5868 lfbmnices
1191 5784 1322 5868 91in}
1344 5779 1714 5868 celeberrima,
1747 5791 1853 5831 una

275 5877 342 5922 ex
360 5847 841 5939 iis—quai'l‘ripolim
855 5857 1095 5921 efﬁciunt
1116 5875 1130 5928 ;
1154 5851 1498 5930 olim’insula,
1522 5849 1617 5908 sed
1628 5847 1856 5906 Alexan~

1231 4658 1351 4707 atos
1376 4647 1544 4704 fuisse
1573 4646 1833 4701 Faustum
1861 4646 1912 4708 Ι)

1916 1907 2062 1968 -ιειιι,
2094 1900 2220 1972 quia
2272 1900 2459 1955 talium
2500 1914 2685 1955 rerum
2723 1903 2938 1955 secreta
2986 1894 3234 1967 refugere
3266 1894 3521 1949 dicuntur

1930 1992 2226 2050 immunda.
2272 1992 2402 2050 Haec
2445 1993 2491 2049 si
2546 1992 2732 2049 omnia
2770 1990 3133 2055 constiterint,
3185 1988 3233 2044 si
3277 1987 3334 2044 in
3373 1987 3521 2054 nulla

1931 2094 2089 2160 parte
2107 2085 2470 2157 praetermissa
2489 2083 2736 2140 videatur
2755 2097 2879 2138 esse
2898 2079 3234 2148 solemnitas,
3261 2078 3522 2134 miramur

1932 2188 2026 2238 tua
2056 2189 2112 2236 te
2139 2180 2379 2252 pericula
2406 2177 2627 2234 minime
2647 2176 2938 2246 cogitasse,
2967 2174 3097 2230 dum
3126 2171 3424 2243 sacrilegus
3452 2172 3524 2228 sit

1931 2283 2114 2329 reatus
2135 2271 2474 2342 negligentiae
2501 2270 2617 2345 [alii
2633 2307 2649 2334 ,
2680 2269 2808 2324 dum
2833 2262 3096 2336 sacrilegii
3115 2266 3186 2320 sit
3207 2270 3390 2320 reatus
3419 2276 3518 2318 ne-

1931 2364 2215 2436 gligenter]
2265 2365 2320 2421 in
2360 2364 2456 2420 tali
2483 2371 2636 2420 veste
2675 2375 2922 2433 peccare.
2977 2357 3118 2426 Quid
3162 2357 3309 2414 enim
3354 2362 3522 2426 agunt

1933 2466 2016 2514 tot
2037 2457 2289 2525 artifices,
2314 2463 2396 2512 tot
2419 2463 2706 2511 nautarum
2730 2461 2982 2520 catervae,
3007 2456 3089 2506 tot
3115 2448 3332 2504 familiae
3350 2447 3519 2503 msti-

1934 2551 2156 2606 corum?
2179 2547 2260 2604 Tu
2286 2563 2505 2619 quoque
2533 2534 2804 2604 'comitiva
2827 2545 3118 2602 subvectus
3143 2542 3308 2598 tantis
3336 2539 3519 2611 jubes,

1934 2651 2084 2700 tanta
2107 2651 2162 2700 te
2199 2642 2352 2698 istius
2398 2641 2632 2697 nominis
2676 2638 3098 2711 przesumptione
3143 2633 3414 2701 defendis,
3463 2639 3526 2688 ut

1935 2751 2060 2792 cum
2086 2736 2268 2806 regale
2308 2751 2447 2807 opus
2489 2733 2728 2792 crederis
2755 2747 2937 2804 agere,
2969 2732 3025 2786 in
3073 2729 3260 2786 multis
3287 2726 3526 2784 videaris

1934 2835 2194 2897 tanquam
2219 2827 2327 2882 tuis
2370 2827 2577 2882 civibus
2614 2827 2902 2897 imperare.
2948 2821 3066 2879 Hoc
3094 2835 3226 2892 ergo
3271 2819 3522 2876 remissio

1934 2929 2028 2977 tua
2055 2920 2296 2991 negligit,
2328 2919 2474 2990 quod
2521 2926 2577 2975 te
2624 2926 2680 2974 et
2705 2918 2758 2972 in
2779 2915 3059 2987 provincia
3086 2914 3434 2976 subvexerat,
3468 2917 3526 2964 et

1935 3010 2006 3068 ad
2024 3018 2376 3082 conspectum
2396 3006 2653 3080 principis
2667 3004 3041 3063 honorabilem
3059 3001 3248 3059 venire
3269 2999 3528 3055 faciebat?

1937 3101 2094 3169 Quod
2114 3101 2161 3157 si
2188 3109 2244 3158 te
2271 3100 2545 3157 facultatis
2566 3108 2671 3155 tuae
2698 3097 2875 3154 adhuc
2903 3109 3034 3152 cura
3078 3107 3190 3149 non
3214 3089 3436 3158 deserit,
3480 3087 3529 3144 si

1859 3183 1906 3247 C
1935 3193 2126 3252 salutis
2153 3193 2387 3265 propriae
2428 3192 2600 3262 tangit
2627 3187 2869 3257 allectus,
2896 3188 3038 3244 intra
3064 3185 3213 3242 illum
3253 3182 3398 3238 diem
3427 3181 3531 3236 im-

1933 3290 2179 3346 minente
2225 3289 2323 3344 tibi
2353 3288 2550 3343 harum
2590 3283 2878 3356 portitore,
2909 3295 3033 3338 cum
3077 3277 3249 3334 blatta
3273 3271 3336 3344 ά,
3362 3285 3528 3344 quam

1935 3392 2123 3441 nostro
2167 3381 2416 3440 cubiculo
2442 3379 2574 3436 dare
2601 3376 2758 3433 annis
2784 3371 3011 3446 singulis
3049 3365 3401 3433 consuevisti,
3432 3377 3531 3420 ve-

1935 3479 2055 3536 nire
2072 3477 2268 3534 festina
2303 3493 2315 3530 :
2339 3474 2464 3546 quia
2489 3471 2602 3542 jam
2627 3485 2737 3526 non
2773 3466 3178 3538 compulsorem
3206 3459 3276 3516 ad
3302 3467 3358 3514 te
3399 3455 3527 3511 mit-

1935 3568 2119 3634 timus,
2144 3564 2244 3622 sed
2267 3564 2520 3628 ultorem,
2557 3562 2604 3618 si
2633 3559 2811 3629 aliqua
2832 3553 3129 3614 credideris
3157 3548 3529 3607 ludiﬂcationc

1935 3657 2275 3715 tardandum.
2307 3654 2511 3711 Verum
2557 3652 2679 3708 talis
2729 3656 2985 3720 tantaque
3039 3661 3149 3712 res,
3177 3657 3341 3714 quam
3381 3639 3532 3696 facili

1936 3749 2133 3818 legitur
2162 3747 2383 3802 inventa
2433 3741 2804 3814 compendio?
2833 3738 2968 3795 Cum
3017 3735 3161 3791 fame
3188 3733 3340 3791 canis
3368 3730 3526 3786 avida

1935 3841 1993 3896 in
2018 3839 2182 3911 Tyrio
2210 3847 2234 3876 ε
2263 3838 2445 3893 littore
2467 3834 2715 3906 projecta
2743 3829 3028 3902 conchylia
3063 3824 3341 3897 impressis
3364 3837 3524 3911 man-

1936 3909 2133 3989 dibulis
2159 3927 2512 3992 contudisset,
2543 3924 2636 3980 illa
2656 3920 2973 3978 naturaliter
2993 3918 3282 3973 humorem
3309 3909 3528 3978 sangui-

1940 4037 2102 4079 neum
2127 4020 2439 4088 deﬂuentia,
2469 4032 2565 4073 ora
2595 4014 2716 4085 ejus
2743 4011 2978 4069 mirabili
3005 4009 3192 4065 colore
3229 4006 3526 4060 tinxerunt.

1937 4113 2009 4169 Et
2033 4122 2094 4170 ut
2135 4123 2219 4170 est
2263 4127 2382 4168 mos
2402 4107 2733 4170 hominibus,
2779 4102 3094 4162 occasiones
3120 4096 3433 4171 repentinas
3461 4092 3532 4148 ad

1940 4213 2088 4262 artes
2133 4204 2354 4270 ducere,
2410 4199 2540 4256 talia
2567 4197 2815 4267 exempla
2869 4193 3228 4255 meditantes,
3280 4187 3535 4241 fecerunt

1937 4293 2270 4369 principibus
2316 4292 2484 4348 decus
2527 4287 2710 4345 nobile
2739 4285 2759 4325 ί
2792 4285 2861 4342 de
2894 4299 2956 4340 re
2995 4295 3115 4352 quae
3171 4275 3530 4334 substantiam

1939 4365 2183 4444 noscitur
2209 4385 2412 4440 habere
2432 4379 2786 4437 mediocrem.
2816 4375 2930 4430 an
2951 4371 3124 4445 Tyros
3145 4377 3230 4426 est
3251 4365 3472 4439 Hydron
3497 4373 3522 4412 ες

1938 4479 2156 4545 ltalica,
2187 4474 2436 4543 aulicum,
2467 4470 2711 4544 profecto
2757 4465 3092 4532 vestiarium,
3151 4477 3258 4518 non
3307 4457 3533 4529 antiqua

1937 4642 2021 4698 dri
2071 4639 2328 4711 operibus
2385 4632 2687 4711 continenti
2734 4630 3048 4711 conjuncta.
3099 4625 3324 4711 Tyrus,
3362 4619 3541 4711 inquit

1941 4691 2323 4781 ἱίιίηίῖιῖζίίὸῖ
2344 4691 2744 4781 γ’Νιλιιηιιεεε.2
2770 4691 2888 4772 σαί).
2919 4698 3033 4781 is),
3061 4691 3334 4781 quondam
3363 4691 3540 4781 insula

1941 4767 2196 4856 praealto‘
2221 4779 2359 4856 mari
2394 4767 2778 4856 septingentis
2829 4767 3077 4856 passibus
3140 4767 3342 4856 divisa,
3364 4776 3540 4856 ‘nunc

1942 4837 2085 4910 vero
2122 4848 2410 4908 Alexandri
2449 4837 2630 4903 etiam'
2662 4837 3045 4916 oppugnantis
3063 4837 3318 4916 operibus
3360 4837 3541 4916 genti-

1941 4901 2100 4991 ἐιὲἰιὲ,
2122 4901 2645 4992 ἶῖῇἶιῄίιᾶᾗιι-έὶιιιξι,
2677 4901 2900 4992 urbibus
2925 4901 3121 4982 genitis
3151 4906 3344 4992 Lepti,

1946 4972 2874 5059 cli-ilia'li—oman—iimperii,mmula,
2909 4972 3173 5059 tErrarum
3200 4972 3348 5032 orbis
3380 4972 3539 5059 avida

1946 5043 2516 5133 é'aéiiﬁiéiﬁéfétnni
2561 5057 2800 5133 Gadibus
2849 5043 3535 5133 extra.orbemAcond_it-is.

1952 5138 2105 5194 Nunc
2127 5123 2303 5190 ovmni's
2349 5131 2468 5201 ejus
2496 5129 2749 5201 nobilitas
2784 5123 3069 5201 conchylio
3105 5127 3270 5201 atque
3294 5123 3543 5201 _et‘p_ur-

1953 5183 2105 5333 ἐῶῖῖ
2131 5183 2505 5261 Eaifgiai'i’ét
2545 5183 2659 5256 hoc
2702 5205 2787 5254 est
2848 5183 2996 5266 quod
3039 5183 3231 5247 auctor
3279 5183 3537 5239 declarat.

2000 5293 2148 5333 noss.

2000 5293 2148 5333 ROSS.

2030 5293 2148 5403 tosti;
2179 5347 2319 5401 hanc
2342 5359 2458 5400 rem
2487 5343 2613 5398 vide
2642 5339 2937 5397 Arnobium
2970 5335 3066 5391 lib.
3098 5349 3158 5402 ιι,
3200 5349 3336 5406 pag.
3388 5331 3494 5388 517
3523 5347 3539 5398 ;

1941 5428 2010 5476 ‘ct
2037 5418 2264 5473 Marium
2285 5415 2492 5471 Victor.
2525 5414 2581 5468 in
2609 5411 2808 5468 Genes.
2836 5409 2929 5463 lib.
2953 5424 3011 5474 ll,
3042 5419 3166 5477 pag.
3198 5405 3285 5460 50.

2029 5501 2053 5538 8
2086 5488 2326 5561 llydron,
2374 5500 2493 5561 quae
2541 5484 2844 5561 civitasest
2891 5479 2945 5561 in
2993 5473 3349 5561 ltaliaznapud
3379 5488 3540 5561 quam

1956 5544 2239 5630 conchvlia
2283 5544 2654 5630 reperiuntur,
2704 5554 2844 5630 sicut
2889 5544 3380 5630 et_apud‘_'.l‘yrum.
3416 5544 3542 5599 Haec

1957 5616 2153 5687 ms.‘S.'
2177 5616 2502 5685 Remeide
2549 5616 2890 5680 Ammiauum
2946 5616 3243 5686 blarcellin.
3275 5616 3369 5673 lib.
3429 5632 3539 5683 xiv,

1956 5701 2204 5837 μιξᾏῇ
2239 5771 2535 5826 ΤΙιεοΔοηίο
2588 5767 2694 5821 viro
2750 5765 3018 5831 senatori;
3073 5760 3194 5832 alii,
3242 5758 3543 5818 Theodom'o

1967 5844 2140 5902 comiti
2163 5844 2348 5908 vestis;
2383 5841 2494 5908 alii,
2520 5837 2733 5893 Theoni.
