3992 6452
229 350 358 422 500

1564 357 1928 420 VARIARUM
1965 357 2169 416 LIBER
2205 361 2247 418 l.

3445 361 3552 436 519

234 481 542 542 imitando
568 483 700 540 vixit
727 481 996 552 exemplo.
1027 479 1133 548 Qui
1174 493 1305 538 mox
1345 477 1543 537 deinde
1584 493 1860 534 sacrarum
1884 480 1940 542 Α
1963 476 2217 534 cedentes
2273 472 2415 532 fama
2453 477 2817 535 concelebrat.
2871 478 3028 548 Quod
3077 476 3403 536 vocabulum
3447 475 3551 537 etsi

234 577 624 648 largitionum
649 579 858 636 honore
883 586 1162 647 suscepto,
1193 575 1366 632 crevit
1388 583 1602 632 tantum
1627 589 1862 632 conver-

235 671 496 728 sationis
545 672 722 738 laude,
759 679 1022 742 quantum
1067 669 1372 741 profecerat
1411 669 1690 740 dignitate.
1727 667 1868 735 Quid

237 763 575 835 provinciis
602 763 864 819 redditam
894 761 1254 834 disciplinam,
1279 763 1410 835 quid
1436 762 1649 819 diverso
1676 761 1867 831 generi

238 856 560 920 hominum
586 864 862 914 momenta
894 855 1030 929 [atii,
1053 856 1405 929 monimenta]
1431 856 1656 926 justitite
1683 855 1861 912 infusa

239 947 614 1006 referamus?
640 950 788 1006 Vixit
825 949 970 1005 enim
999 956 1149 1005 tanta
1180 949 1534 1016 continentia,
1558 957 1619 1004 ut
1640 948 1867 1018 aequita-

242 1049 368 1098 tem
399 1049 466 1099 et
492 1044 808 1108 institueret
833 1041 1076 1110 monitis,
1117 1051 1174 1098 et
1201 1042 1424 1099 doceret
1449 1041 1734 1113 exemplis.
1757 1040 1866 1097 Fa-

243 1132 378 1191 cilis
421 1135 586 1191 enim
631 1135 766 1192 recti
805 1149 1096 1207 persuasor
1128 1142 1213 1192 est
1251 1134 1512 1191 innocens
1530 1133 1720 1204 judex,
1765 1135 1869 1192 sub

243 1225 422 1295 cujus
451 1226 793 1297 praedicabili
823 1228 1238 1286 conversatione
1266 1227 1434 1299 pudet
1461 1242 1643 1285 mores
1669 1229 1869 1300 proba-

245 1317 400 1376 biles
421 1333 552 1376 non
571 1319 796 1376 habere.
819 1320 952 1387 Quis
973 1321 1118 1378 enim
1135 1329 1389 1376 vereatur
1408 1321 1609 1389 scelus,
1632 1321 1786 1393 cujus
1813 1321 1870 1378 in

243 1420 535 1480 suggestu
547 1412 740 1482 gremii
749 1413 1065 1484 complicem
1079 1412 1262 1469 videt?
1283 1411 1560 1469 Incassum
1583 1425 1871 1483 personam

247 1501 405 1560 ficta:
427 1505 754 1563 severitatis
778 1504 956 1562 induit
974 1505 1111 1580 [atii,
1136 1503 1387 1578 inducit],
1411 1521 1534 1562 cum
1561 1521 1758 1562 avarus
1776 1520 1872 1577 pe-

244 1597 443 1654 cunia:
504 1600 768 1655 ambitum
817 1600 1125 1670 dissuadet,
1165 1615 1290 1656 eum
1337 1601 1546 1670 legibus
1571 1601 1872 1671 parendum

243 1698 459 1749 censet
509 1691 762 1762 iniustus.
793 1692 914 1750 Non
956 1694 1122 1750 habet
1167 1693 1567 1751 distributionis
1607 1696 1873 1764 gremium

244 1781 436 1855 Nan,
491 1783 851 1842 districtionis
877 1785 1117 1858 genium]
1144 1786 1234 1842 cui
1267 1788 1649 1842 auctoritatem
1701 1787 1871 1842 libera

1968 587 2065 644 per
2084 571 2217 626 alios
2241 571 2486 628 videatur
2501 588 2746 640 currere,
2771 575 3053 646 proprium
3073 583 3256 631 tamen
3284 571 3400 644 ejus
3421 587 3554 630 con-
3619 622 3628 631 .

1967 673 2074 724 stat
2108 681 2228 722 esse
2256 664 2492 721 familim.
2525 667 2761 737 Antiqua
2785 666 2988 737 proles,
3012 667 3226 723 laudata
3249 666 3551 737 prosapies,

1967 776 2091 818 cum
2115 761 2316 830 togatis
2342 760 2506 830 clari,
2549 760 2692 818 inter
2717 760 2864 820 viros
2891 759 3061 817 fortes
3089 761 3306 828 eximii,
3335 760 3554 832 quando

1969 861 2026 911 et
2070 853 2378 912 valetudine
2415 853 2806 920 membrorum,
2838 861 2895 909 et
2935 852 3184 923 corporis
3227 853 3557 924 proceritate

1967 945 2282 1003 ﬂoruerunt.
2318 945 2480 1002 Pater
2521 945 2666 1001 enim
2696 945 2860 1016 hujus
2885 943 3160 1000 candidati
3187 945 3287 1000 sub
3314 941 3558 1000 Valenti-

1969 1039 2134 1096 niano
2155 1039 2399 1110 principe
2423 1039 2590 1110 gessit
2615 1038 2818 1094 tribuni
2846 1045 2905 1094 et
2942 1037 3139 1093 notarii
3164 1046 3192 1075 ει
3217 1035 3558 1092 laudabiliter

1970 1130 2327 1202 dignitatem:
2375 1133 2549 1188 honor
2583 1131 2678 1200 qui
2707 1140 2836 1187 tunc
2887 1130 3119 1187 dabatur
3146 1129 3400 1201 egregiis,
3429 1127 3560 1184 dum

1970 1224 2039 1280 ad
2075 1224 2358 1294 imperiale
2381 1231 2651 1280 secretum
2681 1223 2822 1280 tales
2849 1229 3063 1280 constet
3090 1221 3234 1290 eligi,
3262 1220 3320 1276 in
3364 1217 3559 1290 quibus

1971 1315 2410 1388 reprehensionis
2450 1315 2641 1372 vitium
2672 1324 2910 1386 nequeat
2965 1312 3214 1371 inveniri.
3244 1312 3356 1370 Sed
3394 1318 3455 1368 ut
3500 1324 3562 1369 se

1971 1423 2130 1481 pares
2157 1407 2321 1463 animi
2370 1406 2548 1464 solent
2572 1421 2785 1478 semper
2812 1406 3015 1476 eligere
3053 1402 3226 1479 [ὦσαι.
3275 1411 3326 1458 et
3352 1402 3561 1473 Cujac.,

1972 1499 2251 1571 diligere],
2292 1499 2522 1571 patricio
2551 1499 2709 1556 Aetio
2736 1514 2837 1570 pro
2869 1498 3106 1568 iuvanda
3141 1496 3334 1569 repub.
3359 1507 3560 1564 magna

1973 1594 2077 1650 fuit
2095 1593 2362 1650 charitate
2390 1591 2663 1659 sociatus;
2690 1605 2855 1662 quem
2885 1598 3010 1646 tunc
3035 1603 3217 1645 rerum
3247 1587 3503 1644 dominus
3529 1582 3560 1624 δ

1973 1694 2199 1759 propter
2215 1685 2536 1756 sapientiam
2559 1684 2644 1742 sui
2663 1690 2719 1739 et
2739 1683 3008 1754 gloriosos
3031 1680 3088 1736 in
3109 1679 3298 1751 repub.
3328 1677 3566 1742 labores.

1975 1787 2032 1842 in
2057 1787 2204 1842 omni
2234 1785 2446 1841 consilii
2474 1790 2632 1854 parte
2659 1783 3004 1858 sequebatur.
3035 1781 3119 1838 Ad
3146 1779 3371 1836 Attilam
3398 1777 3563 1849 igitur

243 1876 615 1934 conscientia
653 1894 766 1934 non
793 1878 1066 1935 ministrat
1097 1895 1112 1932 :
1143 1878 1405 1948 quoniam
1447 1893 1706 1936 excessus
1735 1887 1868 1935 tunc
1897 1878 1947 1939 B
1969 1892 2245 1934 armorum
2273 1884 2555 1946 potentem
2605 1890 2727 1932 cum
2757 1874 3052 1946 supradicti
3081 1871 3206 1940 ﬁlio
3257 1870 3570 1942 Carpilione

242 1974 388 2022 sunt
417 1967 485 2023 in
515 1967 832 2037 formidine,
863 1985 986 2027 cum
1037 1968 1338 2027 creduntur
1371 1969 1641 2040 judicibus
1686 1969 1872 2042 displi-

244 2071 412 2114 cere.
439 2058 548 2116 Hic
566 2059 752 2131 itaque
776 2061 878 2116 sub
905 2061 1230 2132 praecedenti
1250 2076 1378 2132 rege
1405 2063 1700 2135 gymnasiis
1723 2077 1874 2120 exer-

241 2150 497 2219 citatus,
527 2152 770 2209 emeritis
797 2153 1045 2210 laudibus
1071 2155 1140 2210 ad
1167 2155 1369 2227 palatia
1389 2163 1576 2212 nostra
1603 2157 1868 2227 pervenit.

244 2241 604 2299 Meministis
643 2245 820 2312 enim,
855 2251 912 2300 et
949 2245 1125 2302 adhuc
1150 2246 1305 2302 vobis
1349 2248 1652 2303 recentium
1693 2263 1873 2303 rerum

243 2335 541 2391 memoria
569 2335 926 2405 ministratur,
969 2351 1076 2407 qua
1118 2338 1496 2396 moderatione
1543 2339 1870 2410 prmtoriano

243 2426 497 2482 culmini
537 2428 747 2485 locatus
793 2428 1081 2495 insederit,
1111 2437 1166 2485 et
1193 2438 1412 2487 evectus
1462 2430 1519 2485 in
1573 2431 1869 2499 excelsum,

247 2517 389 2572 inde
422 2520 602 2587 magis
626 2519 938 2590 despexerit
959 2520 1088 2576 vitia
1111 2531 1529 2592 prospectorum
1556 2522 1694 2596 [alii,
1723 2539 1873 2594 pros-

249 2608 576 2681 perorum].
606 2609 763 2666 Nullo
791 2612 1014 2682 quippe,
1044 2621 1103 2667 ut
1122 2613 1396 2683 plerisque
1426 2615 1596 2671 moris
1622 2623 1728 2684 est,
1758 2615 1872 2672 ela-

255 2709 354 2760 tus
383 2700 579 2757 favore
607 2700 856 2771 fortunae,
884 2703 939 2757 in
965 2703 1290 2759 cothnmum
1308 2719 1370 2760 se
1397 2718 1606 2774 magna:
1624 2713 1872 2775 potesta-

257 2792 334 2848 tis
379 2793 591 2859 erexit;
621 2793 715 2849 sed
741 2795 998 2863 aequitate
1048 2804 1247 2850 cuncta
1277 2795 1610 2862 moderatus,
1641 2796 1874 2866 gratiam

256 2889 523 2938 nostram
554 2884 608 2937 in
635 2897 698 2938 se
727 2899 834 2939 non
868 2884 1104 2940 reddidit
1131 2885 1396 2941 odiosam.
1430 2887 1634 2957 Majora
1673 2888 1776 2942 sibi
1805 2888 1875 2944 de

253 2985 325 3028 se
356 2971 498 3028 fecit
519 2973 714 3044 aptari,
757 2973 884 3029 dum
911 2974 1054 3030 intra
1083 2975 1363 3032 modestiae
1393 2979 1653 3034 terminos
1680 2992 1874 3048 magna

254 3062 545 3119 cohibuit.
571 3062 670 3118 llic
691 3071 775 3118 est
801 3065 944 3120 enim
981 3066 1227 3135 probatae
1255 3066 1603 3123 conscientiae
1627 3068 1875 3133 gratissi-

259 3167 399 3209 mus
438 3153 664 3221 fructus,
712 3163 773 3209 ut
811 3157 1056 3226 quamvis
1093 3172 1304 3214 summa
1345 3161 1584 3230 potuerit
1623 3161 1876 3232 adipisci,

1975 1971 2261 2042 legationis
2287 1977 2375 2027 est
2411 1969 2592 2026 oﬂicio
2619 1985 2729 2026 non
2773 1971 2924 2025 irrite
2953 1968 3274 2025 destinatus.
3304 1965 3452 2022 Vidit
3478 1964 3567 2021 in-

1976 2062 2217 2133 trepidus
2244 2077 2405 2134 quem
2435 2061 2661 2118 timebat
2683 2061 2966 2132 imperium
2989 2061 3188 2128 ;facies
3211 2059 3332 2115 illas
3351 2057 3572 2114 terribi-

1973 2154 2054 2212 les
2094 2163 2150 2210 et
2194 2145 2452 2222 minaces,
2502 2153 2674 2210 fretus
2718 2154 2949 2209 veritate
2988 2153 3112 2228 [σά.
3143 2151 3268 2207 Niv.
3302 2159 3353 2206 et
3378 2150 3560 2219 Gam.,

1975 2243 2355 2316 auctoritate],
2403 2243 2691 2314 despexit;
2721 2258 2824 2300 nec
2858 2242 3132 2298 dubitavit
3175 2241 3293 2312 ejus
3339 2241 3574 2296 altercao

1977 2336 2213 2392 tionibus
2266 2337 2506 2406 obviare,
2555 2336 2648 2407 qui
2695 2335 2879 2392 furore
2927 2336 3112 2393 nescio
3141 2349 3250 2406 quo
3296 2341 3566 2405 raptatus,

1973 2430 2157 2486 mundi
2177 2429 2513 2486 dominatum
2539 2429 2823 2486 videbatur
2842 2435 3120 2500 expetere.
3144 2427 3358 2484 Invenit
3383 2440 3571 2498 regem

1974 2523 2288 2594 superbum,
2335 2521 2436 2578 sed
2484 2521 2704 2593 reliquit
2753 2519 3058 2593 placatum;
3111 2527 3169 2578 et
3213 2519 3577 2576 calumniosas

1974 2616 2092 2687 ejus
2121 2616 2475 2686 allegationes
2504 2623 2657 2672 tanta
2681 2614 2912 2672 veritate
2959 2613 3245 2679 destruxit,
3279 2619 3341 2667 ut
3366 2609 3576 2668 voluis-

1975 2715 2059 2763 set
2087 2707 2314 2776 gratiam
2341 2721 2612 2777 quaerere,
2645 2704 2735 2762 cui
2762 2703 3088 2777 expediebat
3113 2704 3171 2774 6
3207 2716 3400 2774 pacem
3449 2715 3577 2758 cum

1976 2811 2146 2867 regno
2175 2798 2442 2854 ditissima
2473 2811 2582 2853 non
2606 2796 2828 2852 habere.
2852 2794 3110 2865 Erigebat
3138 2792 3447 2850 constantia
3476 2803 3577 2848 sua

1977 2898 2161 2962 partes
2188 2890 2473 2957 timentes;
2497 2903 2599 2944 nec
2625 2888 2872 2944 imbelles
2905 2897 3034 2942 sunt
3058 2885 3271 2953 crediti,
3304 2885 3398 2956 qui
3425 2884 3576 2956 lega-

1978 2983 2048 3038 tis
2069 2982 2264 3038 talibus
2281 2982 2605 3038 videbantur
2629 2979 2848 3034 armari.
2872 2977 3073 3034 Pacem
3101 2977 3286 3034 retulit
3312 2976 3575 3048 despera-

1978 3081 2110 3127 tam.
2143 3071 2310 3142 Cujus
2355 3071 2556 3141 legatio
2593 3070 2722 3140 quid
2750 3069 3061 3141 profecerit,
3117 3069 3280 3125 datur
3325 3067 3575 3139 intelligi,

1981 3179 2101 3236 quae
2130 3172 2332 3219 tantum
2364 3172 2449 3220 est
2475 3170 2751 3232 gratanter
2772 3169 3024 3232 excepta,
3053 3166 3318 3230 quantum
3346 3169 3402 3216 et
3425 3158 3577 3216 vide-

255 3243 555 3315 judicetur
579 3253 758 3301 tamen
779 3247 847 3302 ab
869 3249 1118 3305 onmibus
1138 3250 1258 3320 plus
1279 3253 1497 3307 mereri.
1522 3250 1708 3309 Junxit
1735 3254 1878 3312 bene
1904 3255 1951 3320 C
1980 3259 2141 3314 batur
2161 3263 2366 3327 optata.
2390 3255 2516 3310 Mox
2546 3255 2752 3310 honore
2777 3254 3092 3320 illustratus,
3124 3267 3251 3309 mox
3272 3251 3578 3308 reddituum

259 3355 400 3398 cum
429 3339 807 3396 universorum
837 3343 1047 3412 gaudiis
1086 3350 1274 3399 nostra
1305 3347 1651 3416 compendia,
1679 3349 1876 3406 aerario

260 3432 564 3489 muniﬁcus
601 3441 657 3488 et
675 3433 820 3503 juste
849 3435 1182 3489 solventibus
1211 3437 1497 3504 gratiosus.
1532 3437 1714 3494 Sensit
1748 3448 1877 3498 tunc

263 3525 590 3595 respublica
620 3540 688 3581 ex
712 3526 806 3582 illo
833 3535 978 3584 coetu
1021 3527 1288 3584 Romuleo
1315 3530 1640 3586 innocentia;
1666 3532 1873 3602 virum;

262 3616 363 3686 qui
384 3615 521 3672 licet
539 3631 600 3672 se
624 3617 962 3673 moderando
991 3618 1288 3686 gloriosum
1318 3619 1529 3686 fecerit,
1560 3622 1665 3678 hoc
1695 3631 1876 3681 tamen

262 3706 450 3777 majus
480 3708 736 3778 contulit,
784 3709 929 3780 quod
959 3709 1114 3764 bona:
1163 3711 1393 3767 actionis
1445 3714 1755 3784 exemplum
1795 3733 1878 3774 ses

259 3801 565 3880 quentibus
611 3801 919 3872 dereliquit.
952 3801 1126 3859 Pudet
1152 3803 1296 3860 enim
1347 3820 1473 3861 eum
1498 3822 1750 3878 peccare,
1781 3811 1876 3882 qui

263 3891 508 3951 laudatis
560 3895 774 3951 videtur
832 3896 1073 3966 potuisse
1121 3897 1434 3955 succedere.
1480 3899 1607 3956 Fuit
1666 3903 1872 3974 itaque,

266 3994 330 4041 ut
359 3987 538 4056 scitis,
579 3988 839 4045 militibus
890 3990 1178 4058 verendus,
1236 3991 1659 4061 provincialibus
1703 3998 1870 4066 mitis,

267 4077 435 4144 dandi
468 4079 681 4147 avidus,
729 4081 1032 4151 accipiendi
1059 4082 1390 4152 fastidiosus,
1426 4085 1729 4149 detestator
1767 4092 1874 4146 cri-

267 4170 454 4240 minis,
489 4180 704 4229 amator
745 4173 1033 4242 azquitatis.
1065 4175 1331 4242 Quidnam
1386 4177 1486 4233 fuit
1533 4180 1610 4235 illi
1646 4181 1872 4240 difficile

267 4265 674 4336 eustodire,qui
697 4282 755 4322 se
781 4282 812 4322 a
833 4268 996 4324 rebus
1018 4268 1210 4326 alienis
1231 4269 1551 4327 decreverat
1571 4273 1871 4332 abstinere?

265 4353 362 4413 Est
409 4359 562 4415 enim
591 4359 781 4415 invicti
810 4360 977 4415 animi
1003 4362 1237 4430 signum,
1265 4361 1422 4418 famae
1469 4365 1692 4435 diligere
1719 4382 1872 4423 com-

268 4449 520 4516 modum,
547 4459 600 4505 et
621 4451 772 4507 lucra
793 4452 974 4522 potius
995 4453 1174 4509 odisse
1200 4469 1505 4511 causarum.
1531 4457 1730 4513 Verum
1753 4459 1870 4518 lucc

267 4538 325 4595 in
352 4541 450 4598 illo
482 4541 609 4615 jure
652 4542 951 4612 mirentur,
993 4545 1086 4614 qui
1116 4546 1288 4615 patris
1337 4556 1502 4618 atque
1548 4549 1636 4604 avi
1684 4565 1869 4608 mores

1983 3351 2126 3406 dona
2155 3363 2343 3419 aequus
2370 3346 2572 3402 arbiter
2611 3344 2895 3401 offerebat.
2935 3343 3042 3400 Sed
3071 3344 3161 3400 ille
3189 3343 3370 3414 potius
3395 3342 3578 3398 nativa

1982 3443 2357 3499 moderatione
2390 3437 2722 3509 ditissimus,
2753 3437 3073 3508 dignitatem
3105 3435 3406 3508 suscipiens
3435 3437 3579 3494 Otio-

1981 3551 2117 3600 sam,
2146 3537 2202 3590 in
2247 3531 2700 3590 remunerationis
2747 3532 2926 3590 locum
2959 3531 3187 3603 expetiit
3212 3529 3574 3587 amoenissima

1981 3628 2312 3683 Brutiorum.
2337 3625 2549 3696 Negare
2587 3625 2664 3681 illi
2694 3641 2804 3680 non
2830 3625 3009 3696 potuit
3049 3632 3290 3694 optatam
3313 3623 3571 3695 quietem,

1981 3719 2075 3790 qui
2102 3733 2229 3774 eum
2256 3717 2565 3774 reddiderat
2603 3715 2676 3771 ab
2703 3715 2926 3772 immani
2955 3716 3115 3771 hoste
3160 3727 3447 3781 securum;
3474 3713 3574 3770 tri-

1981 3813 2080 3870 stis
2106 3820 2175 3868 ab
2201 3811 2464 3880 obsequio
2508 3824 2609 3866 suo
2634 3809 2872 3879 reliquit,
2903 3823 3066 3878 quem
3093 3807 3196 3864 sibi
3213 3805 3576 3863 necessarium

1981 3906 2146 3962 fuisse
2171 3904 2447 3976 cognovit.
2490 3903 2642 3962 Arus,
2685 3903 2833 3959 enim
2879 3900 3237 3959 Cassiodorus
3279 3899 3578 3956 illustratus

1979 4007 2191 4062 honore
2212 4005 2442 4072 cinctus,
2465 4004 2559 4074 qui
2579 4003 2696 4073 ejus
2711 4003 2899 4075 generi
2921 4017 3032 4059 non
3055 4009 3275 4074 poterat
3298 4001 3575 4070 abnegari,
3611 4074 3618 4080 _

1980 4115 2011 4156 a
2053 4098 2419 4154 Vandalorum
2471 4098 2787 4154 incursione
2836 4097 3075 4152 Siciliam
3124 4093 3450 4163 Brutiosque
3487 4105 3578 4146 ar-

1979 4209 2190 4250 morum
2239 4191 2557 4248 defensione
2602 4190 2892 4256 liberavit;
2924 4197 2986 4245 ut
3039 4187 3237 4243 merito
3282 4186 3575 4256 primatum

1977 4285 2034 4340 in
2060 4284 2164 4339 illis
2192 4282 2488 4353 provinciis
2507 4280 2753 4346 haberet,
2782 4294 2920 4350 quas
2949 4294 2979 4334 a
3009 4287 3119 4334 tam
3141 4291 3284 4333 saevo
3303 4283 3361 4332 et
3379 4289 3576 4346 repen-

1977 4377 2092 4432 tino
2143 4377 2302 4431 hoste
2349 4373 2608 4430 defendit.
2663 4372 2862 4429 Debuit
2909 4373 3092 4442 itaque
3138 4369 3427 4425 virtutibus
3455 4366 3575 4437 ejus

1975 4468 2198 4540 respub.
2226 4467 2371 4537 quod
2396 4466 2516 4522 illas
2535 4465 2843 4538 provincias
2869 4473 2982 4519 tam
3007 4463 3217 4519 vicinas
3242 4460 3570 4518 Gensericus

1977 4577 2090 4618 non
2117 4560 2336 4626 invasit,
2387 4573 2551 4632 quem
2579 4565 2772 4631 postea
2801 4558 3165 4616 truculentum
3195 4555 3368 4613 Roma
3408 4554 3570 4611 susti-

272 4632 642 4693 ηοδίιίεείωοε
679 4635 1011 4704 ιιθεοίθῐυηιο
1041 4635 1396 4696 εδεείοάοῐοε
1435 4640 1702 4711 siquidem
1726 4659 1866 4717 prte-
1890 4644 1948 4708 D
1969 4653 2107 4711 nuit.
2125 4651 2194 4708 lli
2207 4660 2388 4708 autem
2416 4658 2472 4709 et
2492 4650 2548 4709 in
2567 4652 2812 4733 partibus
2838 4651 3074 4710 Orientis
3099 4658 3385 4724 parentum
3406 4648 3568 4706 laudo

346 4809 533 4885 {Haec
558 4809 736 4885 ofﬁcia
763 4810 872 4868 duo
913 4827 1060 4885 saepe
1097 4815 1350 4885 conjungi
1379 4817 1556 4875 solent
1579 4821 1636 4878 in
1662 4827 1868 4882 consti-

278 4880 579 4956 tutionibus
608 4880 1016 4956 imperatorum,
1040 4893 1103 4956 ut
1125 4880 1418 4956 videre'est
1443 4889 1497 4944 in
1512 4891 1558 4945 *l.
1586 4891 1620 4946 4
1673 4880 1870 4956 Codice

273 4949 590 5039 uisum.
611 4949 810 5039 divers.
855 4952 971 5039 ηιξ.
995 4972 1032 5039 ξπ
1045 4955 1124 5039 in"
1143 4955 1181 5010 ι.
1213 4956 1250 5039 1,
1287 4956 1518 5039 Digestis
1558 4963 1626 5019 de
1675 4949 1864 5039 insta;

274 5022 528 5145 Ermeipg
573 5022 612 5078 l.
642 5022 868 5107 neque.’
893 5023 958 5080 61
991 5025 1194 5083 Codice
1217 5028 1288 5111 de
1325 5022 1603 5112 dccurion.
1625 5051 1640 5101 ;
1660 5036 1730 5118 .in,
1766 5022 1863 5092 Li

277 5131 335 5177 ..:
364 5091 980 5177 “eod-assemb-
1009 5098 1152 5177 3P.“.d
1178 5097 1463 5177 5‘49"!!!“
1498 5104 1866 5177 Apollinarem

277 5160 410 5246 l'i‘bro
435 5179 505 5246 v,_
540 5160 756 5236 epistol.
785 5160 1317 5246 9'._Amm.'_blarcell.
1356 5172 1494 5230 libro
1523 5160 1867 5235 {xviii—ridi?

281 5228 601 5307 Procopium
665 5237 954 5307 quemdam
1011 5237 1283 5295 tribunum
1341 5228 1414 5300 ac
1456 5228 1867 5307 noiiiihiﬁf’iii

316 5305 509 5389 uadam
531 5305 749 5389 novella
767 5307 974 5389 imper:
1003 5309 1366 5389 Valentiniani
1393 5315 1463 5389 de
1482 5305 1862 5389 Testamentis,

279 5376 537 5502 gfsaritg
583 5376 895 5434 nominatur
922 5378 1007 5436 vir
1032 5382 1344 5450 spectabilis
1379 5386 1628 5445 tribunus
1671 5405 1737 5448 ac
1763 5376 1866 5448 no:

359 5461 458 5501 ius.
534 5462 679 5502 noss.

359 5461 458 5501 ius.
490 5461 679 5503 UROSS.

345 5534 765 5624 {imperatores
804 5541 1113 5624 hoc.ti‘tulo
1144 5547 1503 5624 honestantur
1541 5567 1685 5624 saepe
1714 5556 1768 5611 in
1796 5556 1864 5612 li-

282 5601 388 5693 bris
413 5601 680 5693 veterum,
712 5620 772 5693 ut
800 5613 945 5693 apud
975 5601 1774 5693 pridiani:ih'éﬁiéidng'iﬁifs

285 5673 599 5817 dueagils'qua:
645 5673 701 5736 in
747 5673 960 5740 testam.
1015 5685 1119 5744 del.
1153 5673 1863 5771 Sidoniié'iﬁ'biiiég'yiiéd

622 5861 731 5912 Mea
755 5863 910 5916 Galtia
934 5879 1099 5918 rerum

253 5975 270 6026 ι
463 5921 721 5989 ignoratur
739 5926 895 5984 adhuc
913 5929 1023 5982 dom
1032 5931 1146 5985 iuta.

1976 4831 2281 4908 Aliquando
2297 4831 2474 4908 etiam
2496 4845 2680 4908 rerum
2708 4833 2913 4908 domini
2935 4849 3034 4907 pro
3051 4835 3386 4908 principibus
3407 4847 3578 4896 usur-_

1976 4912 2193 4978 paritur.
2217 4901 2468 4960 Solemus
2477 4903 2685 4978 jtidem
2707 4904 2846 4962 alios
2873 4901 3034 4978 quam
3053 4901 3425 4978 imperatores
3463 4909 3566 4964 do-

1975 4972 2156 5048 ininos
2205 4987 2445 5048 vocarc._
2473 4972 2702 5048 Sueton.
2751 4972 2935 5048 tamen
2992 4977 3048 5033 in
3095 4972 3340 5048 Augusto
3384 4987 3572 5048 narrat

1979 5044 2276 5115 Augustum
2302 5044 2506 5098 domini
2527 5045 2944 5115 appellationem
2967 5044 3206 5104 maxime
3225 5047 3570 5104 exhorruisse

1977 5123 2038 5170 ut
2076 5113 2422 5188 maledicunt}
2470 5129 2534 5188 ac
2562 5113 2953 5186 opprobrium,
3006 5117 3393 5188 dominumque
3445 5132 3570 5175 sese

1975 5186 2209 5266 posthac
2242 5183 2659 5266 appellarinon'
2681 5203 2900 5266 passum
2939 5183 3319 5266 fuisse...ldem'
3344 5189 3566 5266 factita-
3644 5233 3650 5240 .

1975 5263 2105 5310 runt
2131 5255 2378 5311 Tiberius
2405 5263 2462 5311 et
2488 5255 2743 5314 Severus.
2775 5257 2914 5316 Hinc
2939 5259 3301 5317 Tertullianus
3331 5279 3344 5315 :
3380 5262 3567 5319 Dicam

1974 5325 2162 5402 plane
2182 5325 2566 5402 imperatorem
2593 5327 2867 5385 dominum
2887 5372 2902 5398 ,
2933 5331 3029 5402 sed
3067 5346 3220 5386 more
3249 5333 3521 5389 communi
3546 5351 3563 5402 ;
3640 5332 3651 5345 ’

1973 5395 2034 5452 et
2075 5395 2203 5452 alibi
2235 5395 2496 5469 :ADognini
2523 5413 2713 5469 vocem
2761 5395 3045 5469 potestatis
3092 5416 3319 5458 summa;
3363 5395 3564 5461 nomen

1975 5481 2100 5522 esse
2127 5465 2321 5540 arguit.
2352 5465 2481 5523 Jure
2499 5467 2642 5525 civili
2665 5465 2866 5526 domini
2893 5471 3258 5540 appellatione
3285 5476 3565 5532 continen-
3643 5486 3656 5508 ‘

1976 5547 2084 5602 tur,
2115 5537 2209 5660 ‘qui
2236 5538 2440 5594 habent
2467 5540 2889 5610 proprietatem,
2924 5537 3140 5598 lfrecte
3169 5543 3232 5598 D.
3285 5545 3353 5602 de
3403 5548 3556 5603 verb.

1976 5607 2111 5660 signi
2133 5623 2199 5660 1c.
2231 5607 2613 5660 Verumtamen
2637 5609 2841 5660 domini
2863 5627 2967 5660 vmr
3006 5614 3223 5660 nmnrie
3250 5633 3357 5660 nnn
3383 5618 3479 5660 ηἰςί
3505 5620 3556 5660 in

1972 5607 2614 5684 signific._Verumtamen
2637 5609 2841 5684 domini
2863 5627 2969 5668 vox
3006 5614 3223 5684 proprie
3250 5633 3359 5674 non
3381 5618 3481 5675 nisi
3505 5620 3561 5676 in

1970 5695 2176 5737 servos.
2210 5680 2444 5754 Reperio
2476 5692 2654 5754 autem
2676 5683 2900 5754 Augusti
2929 5680 3046 5744 {evo
3072 5680 3125 5744 et
3148 5689 3284 5748 infra
3314 5709 3344 5749 a
3376 5693 3560 5752 liberis

1968 5759 2153 5875 patres
2182 5753 2480 5835 appellatos
2508 5753 2780 5820 dominos,
2808 5765 2864 5812 et
2889 5773 2918 5812 a
2948 5758 3204 5844 fratribus
3228 5764 3557 5822 blandienti~

2008 5837 2070 5875 us
2101 5821 2318 5875 fratres.
2345 5822 2544 5875 Obvros
2591 5841 2796 5875 naresve
2842 5828 3091 5875 dnmmne
3119 5842 3280 5875 ριιωιι
3313 5839 3557 5875 οηηηιια-

2008 5821 2318 5908 us‘fratres.
2337 5822 2544 5908 vaios
2591 5841 2796 5908 quosve
2842 5828 3091 5908 dominos
3119 5821 3557 5908 etiamappella-

1967 5888 2118 5977 ΨΜ*
2150 5901 2209 5946 “‘
2243 5893 2308 5977 ii"
2337 5888 2759 5977 Smccaﬁidsre
2778 5908 2908 5977 ,εειε
2942 5888 3557 5977 summissus}:

1965 5975 2166 6021 nomen
2189 5976 2298 6023 non
2327 5966 2618 6037 succurrit,
2648 5966 2896 6030 dominos
2942 5966 3254 6036 salutamus.
3289 5966 3478 6038 Bnoss'.
