4048 6344
401 322 505 386 ΒΗ

328 584 335 594 ,
403 532 711 588 videntibus
735 531 1112 603 praefecturam
1134 532 1219 588 bis
1240 532 1465 589 novenis
1489 533 1645 588 annis
1671 531 1839 601 gessit
1865 531 1986 587 exi-

406 624 518 678 mie
539 661 556 688 ,
606 637 794 679 eorum
848 624 1302 693 consanguinitati
1355 622 1685 695 probabatur
1747 622 1984 691 adiungi.

333 778 341 797 .
404 710 587 769 Genus
614 712 667 767 in
697 721 929 784 utroque
956 715 1089 770 orbe
1117 713 1455 784 praclarum,
1496 713 1640 783 quod
1668 714 1883 783 gemino
1902 728 1989 769 se-

332 818 340 875 }
403 806 555 861 natui
599 805 854 863 decenter
881 814 1144 876 aptatum,
1176 816 1432 876 tanquam
1461 807 1671 863 duobus
1701 806 1991 863 luminibus

330 883 337 890 “
405 896 701 964 oculatum,
733 897 1021 967 purissima
1058 899 1306 954 claritate
1335 898 1585 953 radiavit.
1609 898 1729 965 Quo
1758 899 1903 955 enim
1929 914 1990 955 sc

324 992 341 1012 ’
405 992 608 1060 quaevis
634 993 887 1049 nobilitas
916 993 1058 1049 ultra
1085 993 1359 1061 distendit,
1404 1008 1568 1063 quam
1598 995 1733 1060 haec,
1783 1009 1905 1064 qua:
1934 993 1989 1049 in

336 1118 343 1125 ι
406 1090 639 1155 utroque
663 1086 795 1141 orbe
821 1086 963 1142 clara
993 1101 1115 1142 esse
1155 1086 1496 1158 promeruit?
1524 1086 1675 1143 Vixit
1697 1095 1753 1142 et
1796 1086 1913 1158 ipse
1935 1086 1990 1141 in

402 1175 682 1245 provincia
711 1178 918 1233 honore
933 1177 1145 1245 iudicis,
1173 1186 1229 1234 et
1254 1180 1546 1234 securitate
1571 1180 1768 1249 privati
1798 1196 1813 1233 :
1854 1195 1989 1235 cun-

404 1265 509 1321 ctis
533 1266 639 1322 illis
662 1267 942 1323 nobilitate
973 1270 1172 1338 potior,
1216 1270 1458 1326 omnium
1488 1269 1557 1325 ad
1594 1285 1655 1327 se
1677 1270 1887 1326 animos
1909 1279 1993 1326 at-

403 1357 682 1424 trahebat;
734 1366 796 1413 ut
824 1359 915 1429 qui
945 1359 1209 1416 libertatis
1246 1360 1370 1428 jure
1396 1376 1504 1416 non
1534 1368 1788 1431 poterant
1814 1362 1987 1431 subdi,

407 1444 727 1502 viderentur
760 1448 930 1519 magis
976 1450 1248 1505 continuis
1273 1448 1552 1507 beneﬁciis
1580 1452 1820 1507 suaviter
1848 1453 1988 1508 obli-

404 1537 538 1606 gari.
572 1536 745 1593 Tanta
771 1539 902 1607 quin
945 1541 1108 1595 etiam
1142 1541 1454 1613 patrimonii
1482 1542 1564 1597 sui
1593 1542 1838 1599 ubertate
1872 1543 1992 1613 glo-

406 1630 578 1687 riatus
607 1639 709 1698 est,
741 1640 801 1687 ut
846 1633 989 1689 inter
1034 1634 1243 1704 reliqua
1292 1635 1437 1691 bona
1484 1635 1696 1704 equinis
1738 1636 1991 1705 gregibus

403 1722 680 1794 principes
706 1723 973 1791 vinceret,
1005 1733 1062 1781 et
1090 1724 1344 1783 donando
1375 1727 1573 1797 saepius
1601 1726 1859 1782 invidiam
1886 1741 1990 1782 no-

1644 324 1719 387 M.
1757 322 2036 383 AURELlI
2072 322 2471 384 CASSIODORI

394 418 713 512 viguerunt.
739 438 1063 498 Heliodorus
1088 440 1255 507 enim,
1280 438 1373 511 qui
1401 439 1458 496 in
1488 438 1577 496 illa
1604 440 1797 511 repub.
1831 437 1988 494 nobis
2014 441 2071 501 Δ

3577 0 3988 386 ml

2653 434 2991 494 EPISTOLA
3028 436 3117 494 VI.

2227 542 2455 584 AGAPITO
2485 544 2777 585 PREFEC'I‘O
2815 544 2964 585 uanis
2994 531 3012 561 ι
3040 543 3411 587 rasonontcus
3438 545 3571 587 an.

2091 619 2286 676 Scribit
2310 620 2672 691 Romarrnittat
2704 621 3046 691 peritissimos
3070 625 3443 678 marmorarios
3473 622 3679 681 Ram-

2289 708 2411 747 nam
2428 690 2496 745 ad
2524 690 2792 746 basilicam
2816 690 3061 748 Herculis
3081 694 3476 764 perﬁciendam.

2163 804 2331 860 Decet
2358 804 2658 875 principem
2688 819 2818 861 cura
2862 818 2984 874 qua:
3020 804 3090 860 ad
3134 805 3526 876 rempublicam
3554 821 3678 878 spe-

2091 902 2204 952 ctat
2232 893 2564 965 augendam;
2605 900 2664 950 et
2691 909 2821 951 vere
2858 894 3082 965 dignum
3106 903 3192 953 est
3230 910 3419 968 regem
3444 895 3682 955 :ediﬁciis

2090 985 2291 1058 palatia
2332 984 2612 1042 decorare.
2652 984 2808 1042 Absit
2852 986 3001 1042 enim
3047 995 3110 1043 ut
3163 988 3385 1045 ornatui
3428 988 3682 1047 cedamus

2092 1086 2358 1147 veterum,
2384 1078 2475 1146 qui
2494 1078 2730 1150 impares
2755 1093 2869 1135 non
2891 1093 3078 1137 sumus
3095 1078 3433 1137 beatitudine
3456 1080 3703 1139 sinendo--

2091 1184 2231 1226 rtln.
2254 1169 2597 1241 QuaprOpter
2615 1169 2670 1226 in
2703 1169 3022 1227 Ravennate
3046 1170 3182 1227 urbe
3202 1170 3442 1229 basilicae
3469 1169 3679 1228 ﬂeren-

2091 1262 2160 1320 lis
2187 1262 2426 1334 amplum
2477 1277 2615 1332 opus
2661 1263 2922 1333 aggressi,
2966 1262 3121 1334 cujus
3147 1264 3356 1320 nomini
3393 1263 3685 1334 antiquitas

2093 1364 2334 1422 congrue
2375 1352 2584 1420 tribuit,
2615 1352 2875 1423 quidquid
2903 1351 2960 1408 in
2989 1352 3111 1410 aula
3150 1353 3482 1426 praedicabili
3514 1353 3687 1409 admi-

2092 1443 2305 1499 ratione
2328 1441 2589 1511 fundavit,
2620 1443 2981 1513 magnitudini
3027 1451 3133 1500 tuaa
3171 1443 3568 1501 studiosissime
3593 1444 3687 1502 de-

2092 1533 2364 1602 legamus;
2398 1540 2458 1588 ut
2484 1533 2783 1590 secundum
2823 1534 3045 1591 brevem
3090 1543 3119 1574 ι
3157 1536 3347 1592 subter
3393 1550 3684 1604 annexum,

2093 1624 2163 1681 de
2194 1624 2341 1683 Urbe
2379 1627 2537 1683 nobis
2591 1628 2980 1685 marmorarios
3006 1628 3363 1699 peritissimos
3387 1628 3689 1695 destinetis,

2094 1715 2191 1784 qui
2218 1715 2418 1772 eximie
2444 1716 2614 1773 divisa
2642 1717 2993 1789 coniungant,
3022 1727 3081 1775 et
3106 1719 3262 1775 venis
3289 1719 3687 1776 colludentibus

399 1813 562 1868 minis
600 1812 867 1886 [nominis
895 1816 1034 1871 deest
1058 1818 1113 1871 in
1142 1834 1241 1873 ms.
1261 1858 1276 1885 ,
1308 1825 1359 1873 et
1404 1817 1476 1874 D.
1503 1818 1677 1874 Juret.
1703 1820 1858 1890 legit,
1884 1819 1988 1875 ho-
2020 1825 2070 1887 Β
2094 1806 2299 1877 illigata
2346 1809 2651 1864 naturalem
2705 1809 2903 1866 faciem
2962 1809 3307 1865 laudabiliter
3355 1809 3692 1865 mentiantur

398 1903 584 1975 minis]
615 1921 723 1961 non
752 1906 998 1963 haberet.
1021 1906 1161 1964 Hinc
1188 1910 1438 1979 estquod
1460 1910 1778 1966 candidatus
1806 1917 1991 1966 noster

397 1993 701 2051 Gothorum
726 2011 943 2067 semper
968 2005 1145 2052 armat
1166 1998 1467 2066 exercitus;
1500 2008 1557 2054 et
1577 2000 1723 2055 bono
1745 1999 1992 2055 instituto

395 2083 611 2153 melior,
633 2085 775 2155 quod
804 2102 836 2141 a
857 2087 1169 2157 parentibus
1197 2090 1424 2158 accepit,
1454 2088 1799 2146 htereditaria
1826 2090 1992 2159 largi-

398 2179 514 2226 tate
534 2174 791 2230 custodit.
826 2176 956 2243 Quae
979 2176 1102 2234 ideo
1132 2193 1230 2249 per
1265 2179 1511 2235 ordinem
1540 2188 1726 2237 nostra
1750 2182 1992 2252 dignatio

398 2265 758 2332 percucurrit,
790 2273 851 2319 ut
888 2268 1261 2338 unusquisque
1306 2270 1592 2339 intelligat,
1623 2279 1679 2327 et
1707 2280 1992 2342 parentum

394 2368 619 2410 suorum
650 2356 794 2427 apud
821 2373 923 2414 nos
950 2359 1140 2415 laudes
1167 2377 1329 2431 posse
1370 2379 1646 2435 reparare,
1675 2366 1770 2437 qui
1797 2367 1982 2424 vivere

396 2446 673 2517 praeclaris
730 2449 956 2517 elegerit
993 2451 1273 2509 institutis.
1318 2452 1387 2508 Et
1434 2454 1583 2524 ideo,
1616 2455 1805 2513 Patres
1844 2458 1994 2515 Con-

398 2536 609 2607 scripti,
633 2538 760 2608 quia
789 2540 945 2596 vobis
965 2550 1049 2596 est
1076 2544 1394 2599 commodus
1419 2545 1595 2601 honor
1616 2546 1905 2614 bonorum,
1937 2555 1997 2604 et
2102 2561 2111 2583 ι

392 2626 657 2698 judicium
678 2638 923 2685 nostrum
937 2640 1118 2689 vester
1134 2636 1423 2691 comitatur
1433 2651 1705 2705 assensus,
1728 2654 1994 2709 prospero

397 2715 639 2784 auspicio
681 2718 1004 2789 suscipiatur
1041 2720 1158 2791 ejus
1208 2732 1520 2792 provectus,
1564 2726 1659 2795 qui
1711 2727 1817 2783 sibi
1863 2727 1995 2785 fecit

396 2803 627 2874 gratiam
637 2813 825 2875 patere
840 2816 1178 2865 cunctorum.
1197 2810 1295 2869 Est
1309 2814 1455 2868 enim
1476 2814 1657 2884 potius
1671 2815 1988 2875 vicissitudo

394 2910 561 2967 quam
588 2898 899 2967 praemium;
929 2908 991 2955 ut
1017 2901 1232 2973 quinos
1256 2904 1527 2973 probabili
1556 2907 1775 2965 actione
1797 2909 1983 2966 colue-

395 2994 543 3075 runt,
573 2987 856 3060 reciproco
874 2987 1064 3046 favore
1088 2992 1452 3061 gratulentur.

965 3211 1297 3271 EPISTOLA
1334 3216 1400 3272 γ.

551 3358 814 3401 ηοωο
849 3360 976 3402 νιιῑο
1014 3361 1276 3405 SENATORI
1314 3364 1682 3409 THEODORICUS
1711 3368 1838 3410 REX.

394 3453 551 3512 lubet
575 3463 634 3511 ut
655 3464 853 3525 statuta
880 3460 1084 3515 comitis
1108 3462 1275 3585 Anime
1311 3464 1374 3519 de
1410 3464 1634 3524 Mazene
1670 3470 1833 3539 fundo
1877 3489 1990 3529 ser-

1090 3549 1184 3585 ven
1208 3549 1289 3585 ur.

1090 3549 1289 3587 ventur.

467 3660 529 3717 In
556 3660 878 3718 immensum
915 3664 1057 3719 trahi
1098 3680 1208 3722 non
1254 3666 1413 3725 decet
1456 3668 1608 3728 ﬁnita
1632 3672 1825 3746 litigia.
1857 3677 1989 3745 Quae

398 3752 542 3810 enim
570 3752 810 3809 dabitur
860 3755 1297 3816 discordantibus
1340 3776 1469 3832 pax,
1498 3764 1545 3820 si
1594 3781 1698 3822 nec
1738 3767 1992 3838 legitimis

396 3847 679 3904 sententiis
732 3849 1110 3918 acquiescant?
1150 3849 1300 3908 Unus
1343 3855 1490 3909 cnim
1533 3858 1678 3915 inter
1722 3862 1991 3930 procellas

397 3938 658 3995 humanas
703 3948 893 4011 portus
946 3942 1241 4001 instructus
1296 3953 1413 4015 est;
1444 3962 1607 4017 quem
1652 3951 1700 4006 si
1743 3952 1990 4011 homines

397 4027 605 4086 fervida
655 4031 934 4090 voluntate
994 4043 1357 4105 praetereunt,
1408 4038 1463 4094 in
1522 4040 1744 4099 undosis
1793 4044 1990 4116 iurgiis

396 4136 612 4194 semper
638 4126 915 4200 errabunt.
948 4127 1017 4182 Et
1045 4129 1169 4186 ideo
1202 4132 1594 4201 spectabilitati
1618 4143 1723 4192 tuae
1747 4152 1991 4208 praesen-

400 4216 540 4271 tibus
562 4215 790 4274 aliamur
818 4220 1073 4287 oraculis,
1102 4230 1392 4293 quatenus,
1418 4224 1465 4280 si
1495 4225 1570 4281 ita
1599 4242 1687 4283 res
1713 4245 1775 4285 se
1802 4230 1986 4301 habet,

398 4314 460 4362 ut
478 4321 510 4361 a
529 4310 881 4376 praesentibus
925 4312 1224 4381 suspicatur
1261 4316 1383 4389 [ms.
1413 4316 1616 4391 Remig.
1641 4324 1822 4391 eted.,
1856 4341 1987 4396 sup-

403 4398 681 4471 plicatur],
710 4410 764 4457 et
792 4403 845 4457 in
875 4405 1089 4461 comitis
1117 4408 1284 4465 Anna:
1306 4410 1510 4479 iudicio
1556 4413 1794 4472 Mazenis
1836 4417 1990 4475 fundi

399 4492 767 4547 controversia
795 4496 1009 4551 statutis
1034 4497 1288 4567 legitimis
1311 4509 1396 4557 est
1440 4503 1642 4573 decisa,
1675 4522 1778 4563 nec
1807 4508 1990 4581 aliqua

396 4580 658 4653 probatur
681 4584 1044 4654 appellatione
1090 4605 1380 4661 suspensa,
1429 4608 1549 4664 quae
1600 4605 1726 4652 sunt
1765 4580 1986 4658 decreta

324 4724 325 4727 η
397 4683 699 4733 serventur.
734 4676 871 4745 Quia
898 4679 1038 4735 sicut
1072 4682 1321 4741 nolumus
1350 4689 1624 4757 oppressis
1651 4706 1849 4761 negare
1892 4692 1983 4763 ju-

398 4764 619 4833 (licium,
669 4765 744 4821 ita
784 4768 1245 4830 irrationabilibus
1272 4778 1504 4843 querelis
1533 4795 1641 4835 non
1682 4784 1986 4852 praebemus

397 4872 702 4916 assensum.
734 4858 868 4929 Cogi
897 4860 1040 4916 enim
1088 4862 1251 4921 debet
1279 4874 1339 4920 ut
1380 4867 1451 4923 sit
1499 4870 1733 4939 quietus,
1767 4874 1859 4944 qui
1888 4890 1985 4931 suo

396 4950 531 5008 vitio
579 4952 759 5009 renuit
795 4967 914 5010 esse
939 4954 1213 5026 paciﬁcus.
1248 4957 1385 5015 Nam
1414 4969 1470 5017 et
1500 4963 1751 5020 medendi
1779 4966 1987 5036 peritus

398 5044 624 5100 invitum
665 5043 978 5115 frequenter
1015 5056 1175 5105 sanat
1218 5060 1504 5121 aegrotum,
1552 5054 1679 5111 dum
1732 5058 1986 5116 voluntas

396 5140 544 5191 recta
582 5135 638 5191 in
666 5136 920 5206 gravibus
974 5138 1317 5209 passionibus
1364 5158 1475 5200 non
1522 5155 1637 5215 est,
1667 5147 1763 5203 sed
1803 5148 1986 5219 potius

396 5227 529 5284 illud
557 5231 828 5303 appetitur
868 5230 1017 5302 quod
1045 5246 1077 5287 a
1104 5232 1297 5290 salutis
1340 5234 1523 5304 judice
1569 5255 1800 5311 gravare
1828 5257 1988 5314 posse

397 5324 647 5382 sentitur.

743 5452 769 5466 δ

471 5516 498 5582 ξ
534 5505 696 5582 infra,
729 5507 823 5582 lib.
855 5523 929 5576 tv,
957 5508 1115 5582 epist.
1146 5508 1259 5582 21:
1288 5509 1429 5582 Infra
1477 5510 1686 5582 scriptis
1732 5514 1984 5571 brevibus

399 5576 648 5650 deﬁnita;
671 5587 746 5650 et
772 5579 863 5634 lib.
896 5597 954 5645 ιι,
979 5576 1133 5649 epist.
1164 5579 1233 5633 '59
1261 5598 1272 5633 :
1302 5580 1533 5635 Pecunia
1577 5576 1692 5650 qua:
1720 5583 1815 5637 tibi
1858 5585 1981 5639 data

400 5657 503 5711 est,
535 5648 713 5702 missis
737 5649 988 5705 brevibus
1017 5650 1295 5705 iudicabis.
1330 5652 1444 5705 Lib.
1465 5668 1499 5705 n
1525 5648 1655 5705 Cod.
1685 5652 1889 5707 Theod.
1915 5655 1983 5711 de

399 5735 586 5792 excus.
619 5719 758 5792 artif.
787 5737 800 5773 :
825 5720 1072 5792 Artiﬁces
1096 5721 1291 5775 artium
1320 5723 1467 5776 brevi
1496 5722 1707 5777 subdito
1737 5739 1982 5792 compre-

399 5790 708 5862 ltcnsarum.
744 5790 805 5842 ι).
832 5791 1185 5862 Hieronymus
1214 5793 1368 5862 epist.
1396 5792 1461 5847 ad
1490 5792 1833 5855 Florentium,
1860 5790 1983 5849 bre-

398 5876 521 5918 vem
540 5859 811 5919 subditum
849 5859 1045 5920 eodeni
1063 5861 1221 5932 plane
1249 5859 1409 5921 Sensu
1437 5868 1727 5936 usurpavit.
1753 5864 1976 5935 Breves,

2096 1896 2226 1970 [ed.,
2273 1898 2612 1971 metiantur].
2665 1899 2743 1955 De
2771 1907 2892 1956 arte
2916 1899 3117 1966 veniat,
3148 1900 3296 1970 quod
3318 1900 3689 1954 vincatmatu-

2093 2003 2209 2044 ram
2252 2006 2265 2042 :
2314 1988 2616 2045 discolorea
2659 1999 2841 2046 crusta
2880 2006 3215 2047 marmorum
3251 1990 3557 2063 gratissima
3606 1990 3691 2060 pi-

2093 2086 2369 2134 cturarum
2400 2080 2668 2136 varietate
2718 2090 2993 2138 terantur.
3036 2082 3174 2149 Quia
3200 2082 3332 2138 illud
3359 2088 3447 2138 est
3473 2096 3691 2153 semper

2093 2170 2151 2226 in
2184 2172 2440 2241 pretium,
2481 2173 2628 2242 quod
2654 2174 2723 2229 ad
2765 2176 3019 2232 decorem
3058 2175 3222 2233 fuerit
3246 2176 3595 2246 exquisitum.
3640 2180 3689 2248 7

2092 2259 2189 2317 llis
2216 2270 2465 2333 sumptus
2516 2265 3016 2337 subventionesque
3044 2267 3327 2338 praestabis
3351 2284 3366 2320 :
3399 2282 3470 2323 ne
3500 2281 3690 2336 quem-

2093 2362 2260 2418 quam
2286 2358 2535 2406 nostrum
2564 2361 2753 2422 gravet
2781 2354 3089 2426 imperium,
3136 2354 3285 2427 quod
3308 2354 3379 2412 ad
3405 2355 3688 2412 utilitatem

2093 2440 2348 2498 volumus
2374 2442 2649 2514 respicere
2676 2446 3035 2517 singulorum.

2643 2558 2979 2619 EPISTOLA
3014 2562 3128 2619 VII.

2098 2660 2275 2704 rsum
2312 2663 2437 2706 vmo
2478 2664 2785 2728 cumssrno
2840 2653 2953 2725 [ed.
2984 2663 3037 2708 et
3070 2653 3195 2708 DD.
3224 2652 3375 2710 Grut.
3404 2663 3455 2709 et
3484 2655 3688 2728 σαίρω,

2513 2722 2719 2795 centri]
2747 2722 3116 2781 rnéonomcus
3142 2741 3268 2781 nux.

2094 2808 2258 2892 Illum
2295 2812 2445 2892 jubet
2486 2816 2754 2892 restituere
2791 2815 3259 2889 Plutiani-pupilli
3300 2817 3471 2882 bona,
3514 2836 3632 2892 qua
3654 2839 3688 2876 α

2166 2880 2419 2961 Νᾳοξενὶο
2447 2886 2559 2955 ejus
2589 2887 2755 2961 fratre
2796 2903 2903 2941 non
2951 2880 3491 2961 tnmlcomparaverat
3527 2880 3689 2961 'quam

2165 2954 2511 3029 subripuerat,
2543 2954 2596 3009 et
2620 2956 2767 3029 illum
2794 2957 3126 3029 reprehendit
3152 2954 3288 3029 quod
3316 2954 3688 3018 successionem

2162 3022 2545 3095 inter'azquales
2572 3027 2823 3098 aqualem
2844 3022 2948 3082 non
2976 3022 3255 3084 divisisset.

2166 3133 2423 3193 Venantii
2451 3139 2646 3196 tutoris
2675 3138 2909 3198 Plutiani
2937 3142 3178 3200 aditione
3211 3147 3604 3216 cognovimus,
3636 3148 3689 3204 in

2027 3205 2075 3271 ο
2104 3241 2169 3283 ea
2194 3236 2271 3296 te,
2301 3243 2409 3299 qua
2436 3246 2545 3288 non
2575 3232 2849 3303 decuerat,
2881 3236 3095 3292 actione
3124 3246 3427 3308 versatum;
3458 3249 3520 3296 ut
3546 3256 3687 3308 eum,

2097 3332 2263 3389 quem
2312 3330 2529 3392 sumptu
2574 3325 2795 3395 proprio
2837 3325 3029 3394 iuvare
3055 3327 3331 3386 debuisses
3352 3370 3369 3397 ,
3412 3331 3689 3403 dispendio

2096 3410 2447 3481 proprietatis
2483 3412 2772 3486 afﬂigeres.
2812 3417 3145 3476 Afﬁnitatem
3181 3420 3381 3492 quippe
3418 3430 3563 3477 tuam
3602 3437 3692 3479 so.

2093 3505 2225 3562 latia
2273 3516 2443 3579 μηδι,
2468 3507 2587 3565 sola
2615 3510 2799 3581 etiam]
2849 3511 3148 3568 debuerant
3190 3513 3436 3586 impensa
3485 3515 3686 3572 testari.

2094 3597 2265 3665 Quale
2292 3613 2423 3670 ergo
2451 3598 2668 3656 videtur
2693 3602 2956 3670 sanguine
2983 3603 3306 3673 conjunctis,
3338 3604 3484 3674 quod
3512 3604 3686 3660 crimi-

2095 3706 2290 3747 nosum
2335 3692 2659 3761 probaretur
2698 3694 3007 3750 extraneis?
3056 3695 3234 3766 Atque
3278 3696 3404 3752 ideo
3440 3697 3687 3767 praesenti

2090 3780 2335 3852 iussione
2381 3798 2691 3850 censemus,
2722 3792 2783 3839 ut
2827 3783 3086 3855 quidquid
3112 3786 3420 3843 aNeotcrio
3467 3784 3687 3857 prodiga

2094 3879 2378 3935 voluntate
2398 3878 2621 3947 lascivo,
2645 3888 2701 3935 te
2726 3895 2835 3936 non
2864 3887 2976 3934 tam
3004 3895 3350 3951 comparasse
3377 3895 3541 3950 quam
3566 3879 3688 3935 sub.

2094 3969 2325 4039 ripuisse
2374 3969 2657 4038 cognoscis
2680 4011 2696 4040 ,
2745 3969 3142 4040 incorporanda
3187 3972 3327 4045 [ηιε.
3358 3972 3496 4026 Aud.
3526 3981 3578 4026 et
3604 3972 3686 4026 ed.

2095 4060 2295 4129 NiveL,
2324 4060 2769 4134 incomparanda]
2809 4062 2967 4118 militi
2995 4071 3183 4119 nostro
3210 4063 3328 4119 sine
3351 4062 3534 4134 aliqua
3558 4063 3686 4119 dila-

2094 4155 2245 4211 tione
2298 4154 2554 4210 restituas
2598 4173 2611 4209 :
2658 4168 2729 4210 ne
2781 4169 2884 4211 nos
2930 4153 3239 4223 huiusmodi
3285 4152 3485 4209 factum
3527 4168 3688 4224 cogas

2099 4247 2312 4318 legibus
2336 4247 2638 4312 vindicare,
2667 4247 2761 4316 qui
2789 4261 2933 4303 nunc
2958 4244 3203 4302 videmur
3230 4245 3414 4301 omnia
3439 4259 3685 4301 mansue-

2095 4339 2286 4397 tudine
2311 4347 2662 4411 temperasse.
2687 4337 2873 4394 Perire
2896 4338 3041 4395 enim
3062 4337 3266 4409 pupillo
3292 4353 3401 4395 non
3430 4338 3684 4408 patimur,

2093 4449 2213 4504 quae
2242 4434 2556 4504 parentibus
2582 4434 2682 4490 sub
2710 4441 2898 4489 nostra
2925 4431 3085 4487 laude
3112 4431 3454 4488 dederamus.
3477 4431 3684 4489 Gravis»

2094 4525 2291 4581 simum
2319 4532 2401 4582 est
2428 4526 2572 4581 enim
2618 4539 2717 4597 per
2744 4523 3066 4580 calumniam
3094 4521 3374 4592 subtrahi,
3405 4523 3551 4593 quod
3581 4522 3684 4579 col-

2012 4590 2065 4651 Β
2090 4615 2259 4672 latum
2288 4626 2371 4673 est
2399 4590 2768 4674 muniﬁcentia
2796 4614 3101 4686 principali.
3128 4590 3367 4685 Reliqua
3381 4590 3536 4685 vero,
3566 4628 3683 4684 quae

2089 4717 2146 4760 te
2168 4720 2266 4774 pro
2284 4706 2479 4776 iugalis
2501 4716 2604 4762 tum
2625 4706 2821 4763 asseris
2844 4706 3099 4776 portione
3123 4711 3437 4777 contempto
3460 4704 3683 4777 iustitia:

2092 4795 2308 4851 tramite
2351 4797 2597 4853 divisisse
2644 4797 2735 4868 (si
2783 4805 2965 4853 tamen
3000 4796 3322 4868 appellanda
3352 4796 3547 4854 divisio
3577 4803 3680 4861 est,

2091 4900 2256 4955 quam
2303 4887 2403 4943 sub
2452 4888 2610 4943 unius
2638 4887 2967 4943 celebratam
3014 4894 3229 4943 constat
3268 4884 3556 4958 arbitrio),
3604 4884 3682 4941 sic

2090 4975 2161 5030 ad
2189 4984 2435 5033 nostrum
2463 4977 2780 5033 comitatum
2824 4975 3047 5033 festines
3074 4991 3366 5033 occurrere
3392 4993 3409 5043 ;
3455 4984 3519 5031 ut
3542 4975 3681 5030 inter

2090 5081 2190 5122 vos
2216 5081 2281 5122 ea
2310 5082 2432 5138 quae
2453 5068 2675 5139 iustitia:
2700 5066 3031 5123 conveniunt
3055 5068 3386 5125 ordinemus.
3434 5066 3679 5137 Iniquum

2094 5163 2180 5213 est
2205 5159 2386 5225 enim,
2436 5167 2496 5215 ut
2540 5160 2607 5217 de
2637 5175 2746 5216 una
2788 5160 3126 5228 substantia,
3176 5161 3375 5230 quibus
3420 5157 3681 5243 competit

2094 5263 2248 5320 aequa
2273 5254 2565 5320 successio,
2589 5254 2681 5309 alii
2707 5255 3042 5311 abundanter
3068 5252 3312 5325 afﬂuant,
3337 5253 3431 5311 alii
3458 5265 3680 5326 pauper-

2096 5344 2225 5400 tatis
2251 5344 2606 5404 incommodis
2629 5346 3002 5418 ingemiscant.

2091 5521 2127 5573 Ι.
2164 5522 2231 5575 15
2271 5522 2405 5579 Cod.
2456 5526 2666 5582 Theod.
2718 5528 2786 5583 de
2837 5527 3003 5583 indui.
3038 5527 3225 5582 tribut.
3277 5527 3371 5582 lib.
3406 5527 3503 5583 ult.
3533 5526 3671 5582 Cod.

2088 5590 2157 5647 de
2183 5591 2289 5662 iur.
2322 5594 2434 5652 ﬁse.
2470 5597 2778 5668 Symmach.
2810 5598 2903 5654 lib.
2936 5614 2974 5665 ι,
3004 5598 3162 5670 epist.
3197 5597 3285 5653 34.
3320 5598 3559 5656 Fonnsn.
3634 5650 3637 5653 ,

2160 5728 2176 5757 ¹
2312 5728 2471 5801 Aud.,
2484 5730 2709 5801 Agapilo
2730 5732 2836 5801 viro
2850 5731 3043 5801 illustri
3058 5733 3292 5801 pontiﬁci
3306 5748 3321 5793 ;
3336 5746 3437 5785 ms.
3453 5729 3667 5795 Rhem.,

2083 5797 2307 5877 dgapi‘to
2336 5799 2443 5877 viro
2470 5797 2734 5877 senatori.
2902 5797 3130 5859 ῦτυιπᾱ
3158 5797 3213 5859 et
3239 5800 3422 5872 Cujas,
3444 5802 3665 5877 Agnpito

2083 5869 2191 5924 viro
2222 5867 2409 5923 illustri
2430 5874 2672 5939 prwfecto
2695 5872 2854 5929 urbis.
3317 5867 3332 5872 ⁷
3407 5867 3416 5872 ’
3493 5867 3571 5877 ’⁷
3640 5882 3666 5901 ι

3640 5976 3699 5990 .ον”“

3384 5986 3498 6035 I
