3992 6456
267 365 386 432 843

833 485 1168 548 EPISTULA
1203 487 1337 547 VIR.

510 619 729 663 AIABILI
763 619 1094 662 nxsncurom
1123 605 1496 663 rusonoatcus
1521 619 1649 660 nux.

271 716 552 790 Prwcipit
571 728 626 775 ut
647 720 781 776 bona
802 718 1034 790 Plutiani
1055 718 1240 790 pupilli
1259 719 1476 790 afratre
1497 718 1610 790 ejus
1633 714 1886 790 Neoterio

348 786 504 845 male
550 790 758 846 vendita
796 799 938 845 curet
987 786 1244 845 Venantio
1284 786 1534 843 Plutiani'
1567 787 1726 841 tutori
1774 786 1885 839 sine

347 861 624 918 dilatione
654 862 870 916 restitui.
911 858 1063 924 Quod
1089 861 1136 915 si
1177 859 1524 915 intercesserit
1549 860 1734 929 frater,
1770 871 1889 910 cau-

347 949 476 986 sam
499 932 611 987 vult
638 932 706 985 ad
737 931 963 986 tribunal
989 947 1137 985 suum
1158 931 1350 987 vocari.

350 1040 541 1097 Cordi
572 1040 728 1097 nobis
755 1048 840 1097 est
877 1049 1103 1098 cunctos
1145 1041 1202 1096 in
1250 1053 1539 1097 commune
1583 1044 1886 1111 protegere,

280 1132 386 1188 sed
411 1147 522 1188 eos
547 1132 786 1189 maxime
805 1146 942 1202 quos
964 1133 1068 1190 sibi
1086 1132 1334 1189 novimus
1360 1130 1610 1188 defuisse.
1638 1129 1729 1185 Sic
1748 1128 1892 1184 enim

270 1223 574 1293 aequitatis
603 1223 740 1280 libra
766 1223 1087 1291 sanabitur,
1113 1226 1158 1282 si
1187 1223 1442 1281 auxilium
1469 1225 1762 1294 largiamur
1787 1222 1893 1277 im-

270 1314 524 1385 paribus
543 1356 559 1381 ,
593 1321 651 1372 et
675 1321 880 1372 metum
910 1325 1152 1370 nostrum
1179 1329 1280 1386 pro
1304 1314 1543 1386 parvulis
1563 1354 1579 1382 ,
1613 1312 1897 1368 insolenti-

270 1405 387 1464 bus
432 1421 804 1478 opponamns.
852 1405 1092 1464 Fortuna
1134 1406 1311 1464 minor
1344 1405 1644 1477 principem
1679 1403 1892 1474 quaerit,

275 1498 419 1569 quia
460 1498 526 1553 in
556 1497 1010 1570 vituperationem
1035 1505 1278 1554 nostram
1319 1503 1599 1564 corruunt,
1617 1495 1811 1565 quibus
1836 1507 1899 1551 se

279 1589 524 1660 publica
550 1596 679 1646 vota
704 1587 1033 1645 subducunt.
1066 1587 1320 1645 Venantii
1343 1587 1527 1657 itaque
1552 1585 1746 1642 tutoris
1771 1584 1898 1640 Plu-

277 1682 433 1738 tiani
461 1681 802 1755 laerymabili
825 1681 1168 1752 suggestione
1187 1681 1570 1752 comperimus,
1586 1677 1900 1735 Neoterium

277 1771 530 1828 fratrem
554 1787 713 1828 suum
727 1813 745 1841 ,
783 1771 1040 1828 affectum
1077 1770 1448 1843 germanitatis
1474 1770 1724 1838 oblitum,
1753 1769 1898 1826 bona

280 1861 521 1932 parvuli
547 1861 729 1918 hostili
760 1860 944 1918 furore
970 1861 1257 1917 lacerasse.
1285 1859 1437 1928 Quod
1466 1875 1568 1916 nos
1593 1875 1693 1931 pro
1718 1874 1902 1916 rerum
1928 1856 1981 1921 Β

277 1967 526 2009 suarum
580 1953 877 2009 acerbitate
934 1951 1229 2009 commovit
1265 1969 1280 2007 :
1318 1967 1387 2008 ne
1437 1951 1654 2022 largitas
1691 1959 1900 2019 nostra,

277 2054 467 2112 quam
495 2043 648 2099 velut
669 2041 886 2098 titulum
922 2042 1172 2098 volumus
1202 2051 1348 2099 stare
1384 2043 1616 2114 pietatis,
1648 2048 1904 2114 usurpata

283 2134 824 2206 praesumptionibus
860 2134 1108 2191 videatur
1148 2135 1380 2202 illicitis;
1420 2143 1480 2191 et
1515 2135 1642 2205 quia
1682 2135 1904 2192 dubium

289 2242 420 2282 non
463 2235 552 2283 est
589 2228 646 2283 in
683 2228 1010 2298 repetitione
1059 2228 1282 2285 minoris
1321 2229 1556 2286 maxime
1595 2229 1904 2286 submoveri

289 2314 594 2386 dispendia
616 2316 904 2386 tarditatis,
930 2316 1056 2374 ideo
1083 2318 1298 2374 devotio
1320 2327 1436 2388 tua,
1461 2327 1645 2376 nostra
1659 2319 1905 2390 jussione

289 2405 522 2462 firmata
548 2445 565 2473 ,
605 2407 653 2463 si
691 2408 825 2464 nihil
869 2417 954 2466 est
996 2408 1146 2480 quod
1189 2410 1585 2466 rationabiliter
1620 2425 1652 2466 a
1692 2411 1906 2483 pulsato

291 2500 484 2571 possit
521 2502 744 2572 opponi,
787 2502 1084 2574 postulatas
1123 2518 1210 2559 res
1242 2504 1500 2574 praedicto
1540 2504 1707 2561 tutori
1743 2503 1908 2562 faciat

291 2591 422 2648 sine
447 2592 712 2650 dilatione
738 2595 969 2652 restitui.
1015 2594 1122 2650 Aut
1153 2595 1200 2650 si
1227 2595 1353 2666 quid
1384 2605 1468 2652 est
1491 2597 1638 2668 quod
1664 2613 1766 2668 pro
1793 2598 1906 2654 suis

294 2685 556 2756 partibus
575 2685 802 2742 intentio
820 2687 1113 2744 retentoris
1133 2685 1228 2759 [D.
1245 2683 1394 2743 Grul.
1418 2697 1469 2743 et
1490 2687 1700 2760 Cujac.,
1721 2697 1907 2744 reten-

297 2774 530 2850 tatoris]
571 2778 835 2849 objiciat,
879 2779 1038 2851 legali
1095 2779 1367 2850 positione
1420 2780 1798 2850 praecedente,
1839 2779 1908 2836 ad

297 2876 562 2924 nostrum
583 2869 771 2926 venire
801 2869 1128 2940 deproperet
1151 2870 1498 2937 comitatum;
1533 2879 1596 2927 ut
1625 2870 1909 2940 allegatio-

297 2960 474 3016 nibus
499 2961 730 3032 cognitis
748 3001 768 3032 ,
806 2976 908 3034 pro
951 2961 1340 3019 consuetudine
1367 2969 1571 3020 nostrae
1602 2960 1907 3032 iudicemus

298 3051 603 3122 :equitatis.

884 3181 1218 3240 EPISTOLA
1251 3182 1344 3240 IX.

303 3308 614 3353 κῦετοιιειο
669 3309 793 3352 vmo
837 3311 1155 3353 VBNERABILI
1209 3311 1596 3354 IEDIOLANENSI
1656 3311 1907 3356 EPISCOPO

841 3383 1208 3424 τηεουοιιιουε
1246 3385 1373 3424 REX.

305 3454 461 3543 Dicit
488 3473 545 3513 se
570 3457 865 3543 episcopum
891 3459 1210 3543 Augustanaa
1244 3460 1478 3543 ciuitatis
1489 3461 1643 3543 falsis
1670 3461 1906 3543 crimini-

383 3529 483 3582 bus
511 3546 545 3582 a
572 3529 773 3601 clericis
803 3529 1100 3601 accusatum
1140 3531 1322 3586 honori
1347 3529 1568 3601 pristino
1597 3533 1903 3599 restituisse,

379 3608 436 3672 et
460 3600 701 3672 remittit
747 3600 816 3654 ad
860 3598 1202 3672 Eustorgium
1247 3598 1460 3657 clericos
1506 3601 1668 3672 illos,
1715 3611 1772 3656 ut
1818 3598 1904 3658 eos

381 3669 561 3723 debita
598 3686 748 3739 poena
783 3678 1036 3726 coerceat.

384 3780 530 3835 Tuta
565 3789 648 3836 est
683 3779 922 3837 conditio
979 3781 1341 3853 subjectorum
1366 3826 1384 3854 ,
1422 3783 1514 3840 ubi
1569 3784 1766 3841 vivitur
1805 3787 1906 3844 sub

315 3873 580 3944 aequitate
606 3873 976 3943 regnantium;
1003 3890 1104 3930 nec
1124 3875 1286 3932 dubio
1306 3876 1470 3932 debet
1493 3893 1712 3933 rumore
1733 3877 1902 3950 [mss.,

311 3967 460 4020 ratio
478 3961 654 4035 more]
673 3964 831 4030 trahi,
850 3979 880 4018 a
895 3979 1004 4034 quo
1021 3965 1220 4022 debent
1235 3983 1342 4023 non
1355 3968 1610 4023 mutanda
1628 3970 1904 4027 constitui.

310 4053 511 4111 Fidem
550 4053 816 4123 siquidem
858 4069 1039 4110 rerum
1078 4071 1108 4110 a
1146 4059 1358 4114 ratione
1403 4058 1742 4128 colligimus,
1783 4075 1905 4130 quae

313 4164 595 4219 nunquam
614 4147 1044 4207 desiderantibus
1071 4151 1441 4223 absconditur,
1469 4156 1515 4210 si
1538 4157 1649 4212 suis
1668 4157 1908 4228 vestigiis

311 4241 684 4312 perquiratur.
751 4239 926 4311 Atque
963 4241 1086 4298 ideo
1111 4285 1127 4311 ,
1168 4245 1312 4316 quod
1347 4246 1663 4303 beatitudini
1714 4257 1907 4305 vestrae

313 4333 684 4403 gratissimum
715 4349 837 4390 esse
866 4335 1198 4405 confidimus,
1221 4340 1474 4410 praesenti
1499 4349 1690 4398 tenore
1721 4342 1905 4399 decla-

315 4439 525 4491 ramus,
565 4425 888 4495 Augustaua:
929 4428 1161 4485 civitatis
1201 4432 1546 4503 episcopum,
1586 4433 1908 4505 proditionis

315 4516 510 4585 patria:
537 4515 686 4572 falsis
713 4517 1176 4577 criminationibus
1199 4532 1536 4592 accusatum;
1583 4525 1726 4594 quia
1753 4526 1908 4584 nobis

1568 365 1931 428 VARIARUM
1959 365 2167 426 LIBER
2203 368 2249 426 Ι.

1901 485 1959 549 Α
1977 487 2217 544 creditur
2237 527 2254 556 ,
2314 485 2479 543 etiam
2527 487 2723 545 tacitus
2777 491 2848 547 ab
2903 492 3565 566 excessibusexcusatur.

3459 377 3573 440 5M

1986 582 2268 640 Manifesta
2324 584 2551 656 proinde
2607 587 2830 643 crimina
2877 590 2934 646 in
2977 593 3174 650 talibus
3218 594 3310 651 vix
3350 600 3566 669 capiunt
3668 583 3686 611 ⁵

1986 674 2167 731 ﬁdem.
2200 675 2466 746 Quidquid
2490 683 2672 733 autem
2691 691 2760 734 ex
2783 679 2980 736 invidia
3001 683 3218 749 dicitur,
3241 687 3441 744 veritas
3459 703 3567 750 non

1985 774 2227 838 putatur.
2259 766 2518 824 Volumus
2545 769 2689 824 enim
2729 769 3132 842 impugnatores
3171 775 3289 845 ejus
3327 778 3566 849 legitima

1988 873 2150 930 poena
2201 857 2539 930 pereellere;
2593 859 2689 916 sed
2736 863 2990 931 quoniam
3030 873 3087 920 et
3133 865 3236 938 ipsi
3288 870 3569 928 clericatus

1990 952 2208 1009 nomine
2234 952 2614 1024 fungebantur,
2645 955 2713 1010 ad
2747 957 3052 1014 sanctitatis
3086 966 3280 1015 vestrae
3311 962 3571 1032 judicium

1991 1052 2185 1101 cuncta
2217 1047 2612 1104 transmisimus
2640 1048 2956 1118 ordinanda,
2984 1050 3137 1121 cujus
3157 1058 3241 1107 est
3266 1053 3574 1122 aequitatem

1991 1136 2230 1192 moribus
2249 1138 2444 1194 talibus
2463 1139 2764 1210 imponere,
2785 1154 2946 1212 quem
2966 1141 3214 1199 novimus
3232 1141 3575 1201 traditionem

1991 1229 2408 1290 ecclesiasticam
2435 1233 2725 1290 custodire.

2527 1365 2585 1437 ε
2615 1363 2949 1423 EPISTOLA
2985 1367 3054 1423 Χ.

1994 1469 2186 1513 ΒΟΒἸΊΟ
2204 1470 2326 1512 ηιιο
2345 1471 2589 1513 ιιιυετιιι
2609 1472 2784 1521 ATQUE
2804 1473 3049 1515 ΡΑτιιιοιο
3069 1473 3431 1518 THEODOBICUS
3452 1475 3572 1517 REI.

1996 1549 2194 1628 Scribit
2223 1550 2528 1628 domesticos
2558 1559 2870 1628 protectores
2893 1555 3118 1624 equitum
3147 1564 3197 1610 et
3221 1557 3470 1628 peditum,
3494 1556 3580 1628 qui

2068 1622 2204 1694 aulis
2226 1622 2383 1693 regia:
2403 1621 2600 1692 jugiter
2626 1621 2903 1689 excubant,
2937 1621 3242 1694 conquestos
3269 1643 3382 1682 esse
3404 1627 3468 1680 ab
3496 1621 3585 1680 ar-

2070 1692 2213 1764 cario
2252 1692 2624 1764 praefectorum
2659 1708 2716 1764 se
2755 1709 2848 1762 pro
2875 1692 3227 1750 emoluinentis
3269 1698 3582 1751 solemnibus

2070 1762 2269 1835 integri
2291 1762 2534 1835 ponderis
2567 1763 2760 1817 solidos
2783 1779 2888 1818 non
2903 1766 3197 1835 percipere,
3221 1780 3270 1820 et
3294 1767 3349 1820 in
3371 1783 3583 1821 numero

2075 1834 2257 1904 gravia
2282 1833 2556 1904 dispendia
2577 1835 2846 1904 sustinere.
2888 1833 2990 1890 Ubi
3022 1833 3211 1889 tractat
3237 1838 3301 1890 de
3334 1837 3584 1891 arithme-

2079 1903 2203 1969 tica,
2227 1903 2290 1958 de
2309 1903 2525 1958 denario
2551 1919 2784 1968 numero,
2807 1903 2872 1958 de
2889 1905 3078 1973 solido,
3101 1906 3165 1960 de
3185 1908 3410 1973 senario,
3432 1908 3586 1960 uncia

2075 1984 2128 2028 et
2160 1973 2313 2098 lib‘ra,
2347 1991 2463 2045 qua
2499 1973 2735 2046 prohibet
2773 1978 3047 2045 quominus
3100 1977 3360 2032 ullatenus
3416 1978 3588 2032 immi-

2076 2060 2217 2098 nuan
2242 2062 2324 2098 ur.
3176 2061 3180 2066 '

2076 2060 2324 2100 nuamur.
3176 2061 3180 2066 '

2081 2136 2233 2192 Licet
2269 2135 2532 2192 universis
2572 2137 2782 2208 populis
2820 2139 3087 2207 generalis
3123 2139 3193 2195 sit
3230 2140 3589 2212 impendenda

2003 2228 2235 2300 justitia,
2256 2242 2377 2298 quae
2417 2229 2496 2285 sic
2537 2229 2772 2285 nominis
2808 2230 2892 2286 sui
2931 2231 3141 2287 obtinet
3177 2231 3512 2301 dignitatem,
3544 2235 3592 2290 si

2005 2321 2255 2393 aequabili
2274 2321 2645 2378 moderatione
2666 2337 2763 2393 per
2781 2323 3020 2394 potiores
3049 2331 3230 2380 currat
3251 2332 3306 2380 et
3327 2325 3590 2394 humiles;

2006 2402 2364 2470 confidentius
2392 2421 2574 2471 tamen
2592 2415 2738 2470 illam
2767 2424 3050 2486 expetunt,
3073 2417 3166 2488 qui
3190 2433 3222 2473 a
3243 2418 3429 2489 palatii
3452 2420 3595 2474 mili-

2009 2504 2082 2560 tia
2123 2521 2233 2561 non
2276 2505 2555 2562 recedunt.
2601 2503 2786 2562 Otioso
2833 2506 2978 2562 enim
3031 2508 3264 2578 gratuito
3307 2516 3594 2580 prznstatur

2008 2597 2212 2668 aliquid
2251 2597 2616 2653 munificentia
2657 2589 2980 2668 principali;
3032 2599 3364 2657 consuetudo
3411 2608 3592 2656 autem

2008 2695 2243 2765 quodam
2284 2695 2466 2750 debito
2491 2694 2731 2750 redditur
2759 2693 2989 2750 ﬁdeliter
3015 2695 3352 2765 obsequenti.
3390 2695 3591 2751 Dome-

2008 2787 2130 2842 stici
2153 2793 2333 2856 patres
2363 2785 2453 2858 [D.
2479 2785 2626 2840 Grut.
2651 2795 2700 2840 et
2728 2785 2933 2857 Cujac.,
2955 2786 3313 2860 protectores]
3351 2789 3590 2858 equitum

2008 2887 2066 2936 ct
2085 2878 2326 2950 peditum
2336 2879 2446 2949 ,qui
2471 2885 2666 2933 nostrae
2687 2878 2819 2933 aulae
2842 2879 3094 2935 videntur
3109 2880 3312 2950 jugiter
3328 2883 3598 2938 excubare

2011 2969 2180 3042 (quod
2217 2985 2284 3024 ex
2323 2969 2536 3042 magnis
2576 2968 2692 3022 ﬁeri
2730 2967 3006 3025 doloribus
3043 2969 3258 3043 μανείη
3300 2970 3596 3042 laboribus]

2010 3058 2202 3129 solet),
2242 3057 2479 3113 adunata
2508 3058 2664 3114 nobis
2687 3058 3081 3129 supplicatione
3123 3059 3407 3129 conquesti
3449 3070 3598 3131 sunt,

2010 3153 2078 3209 ab
2107 3152 2200 3209 illo
2229 3152 2442 3208 arcario
2471 3150 2847 3223 praefectorum
2878 3161 2926 3216 α,
2957 3167 3057 3222 pro
3099 3149 3480 3206 emolumentis
3509 3167 3601 3208 so-

1933 3249 1984 3316 c
2014 3245 2300 3320 lcmnibus,
2329 3259 2433 3300 nec
2460 3245 2655 3314 integri
2683 3243 2939 3316 ponderis
2980 3242 3184 3300 solidos
3211 3243 3515 3314 percipere,
3541 3251 3600 3300 et

2010 3337 2067 3394 in
2095 3352 2322 3393 numero
2352 3337 2536 3407 gravia
2560 3351 2620 3392 se
2646 3336 2926 3407 dispendia
2946 3335 3233 3392 sustinere.
3258 3335 3601 3408 Quapropter

2008 3431 2295 3502 prudentia
2320 3439 2500 3487 vestra
2528 3430 2849 3487 lectionibus
2875 3429 3082 3486 erudita
3112 3429 3429 3499 dogmaticis
3480 3445 3600 3487 sce-

2007 3524 2200 3580 lestam
2231 3524 2519 3580 falsitatem
2549 3539 2580 3578 a
2607 3523 2883 3579 consortio
2910 3521 3156 3578 veritatis
3181 3521 3383 3592 ejiciat,
3413 3536 3482 3578 ne
3509 3522 3599 3578 cui

2008 3617 2079 3694 sit
2107 3616 2398 3688 appetibile
2439 3615 2640 3685 aliquid
2671 3615 2737 3670 de
2789 3615 2880 3670 illa
2910 3615 3222 3685 integritate
3268 3617 3593 3673 subducere.

2008 3708 2136 3766 Herc
2162 3709 2305 3765 enim
2325 3723 2445 3778 qua:
2473 3707 2777 3780 appellatur
2799 3708 3156 3776 arithmetica,
3185 3709 3328 3765 inter
3349 3709 3600 3779 ambigua

2007 3803 2194 3858 mundi
2239 3800 2535 3857 certissima
2565 3801 2777 3855 ratione
2805 3801 3086 3868 consistit;
3135 3817 3297 3872 quam
3327 3817 3450 3856 cum
3477 3817 3591 3858 etn-

2008 3894 2230 3949 lestibus
2277 3891 2555 3963 aequaliter
2599 3891 2877 3960 novimus,
2909 3893 3130 3950 evidens
3175 3892 3337 3957 ordo,
3370 3891 3594 3962 pulchra

2009 3984 2311 4056 dispositio,
2340 3983 2578 4053 cognitio
2607 3983 2855 4055 simplex,
2886 3984 3177 4040 immobilis
3202 3984 3445 4050 scientia,
3476 3997 3600 4052 qua:

2006 4084 2064 4133 et
2106 4091 2340 4148 superna
2387 4076 2664 4143 continet,
2706 4085 2763 4131 et
2798 4083 3013 4131 terrena
3042 4075 3294 4131 custodit.
3341 4074 3478 4141 Quid
3515 4084 3600 4131 est

2008 4172 2152 4227 enim
2184 4170 2329 4242 quod
2375 4179 2470 4226 aut
2514 4184 2822 4225 mensuram
2853 4185 2962 4225 non
2988 4169 3224 4236 habeat,
3266 4176 3360 4224 aut
3383 4168 3600 4238 pondus

2007 4263 2269 4318 excedat?
2316 4259 2508 4316 Omnia
2557 4261 2956 4332 complectitur,
3006 4251 3205 4316 cunc'ta
3247 4247 3596 4328 moderatur;

2009 4363 2066 4410 et
2093 4354 2342 4409 universa
2383 4353 2509 4409 hinc
2551 4351 3004 4424 pulchritudinem
3041 4351 3295 4422 capiunt,
3325 4351 3451 4421 quia
3496 4351 3599 4407 sub

2009 4445 2170 4501 modo
2195 4444 2326 4517 [ed.,
2349 4441 2555 4515 modio]
2579 4443 2745 4515 ipsius
2764 4457 2884 4498 esse
2911 4457 3228 4498 noscuntur.
3251 4439 3412 4498 Juvat
3430 4441 3598 4515 inspi-

2011 4551 2136 4593 cere
2163 4533 2617 4606 quemadmodum
2646 4533 2900 4590 denarius
2945 4549 3202 4589 numerus
3224 4573 3239 4600 ,
3270 4549 3422 4590 more
3449 4533 3594 4604 coeli,

317 4605 518 4663 honori
563 4607 791 4679 pristino
832 4609 1112 4666 restitutus
1136 4651 1154 4678 ,
1190 4613 1280 4682 jus
1330 4615 1529 4672 haheat
1568 4617 1902 4690 episcopatus

2014 4628 2148 4683 etin
2174 4605 2234 4683 se
2260 4626 2574 4694 revolvitur,
2607 4632 2662 4682 et
2704 4639 2977 4696 nunquam
3022 4623 3278 4682 deficiens
3304 4625 3594 4682 invenitur.

321 4711 490 4754 omne
514 4699 660 4768 quod
698 4699 904 4756 habuit.
936 4702 1081 4758 Nihil
1099 4705 1241 4760 enim
1280 4708 1334 4762 in
1367 4710 1461 4764 tali
1497 4710 1707 4767 honore
1739 4720 1910 4769 teme-

318 4789 462 4846 raria
491 4789 818 4861 cogitatione
843 4795 1276 4863 praesumendum
1312 4806 1418 4869 est,
1445 4801 1536 4858 ubi
1556 4802 1600 4858 si
1624 4807 1905 4877 proposito

389 4973 698 5061 afuergn‘t
723 4979 887 5034 variae
929 4992 1105 5061 arae;
1153 4989 1215 5036 ut
1239 4996 1366 5040 arca
1401 4985 1684 5061 theatralis
1707 5031 1725 5060 ,
1753 4991 1907 5061 cujus

319 5047 567 5124 meminit
593 5047 836 5124 Julianus
871 5065 998 5124 nov.
1028 5049 1099 5124 65
1124 5067 1139 5119 ;
1187 5067 1314 5110 arca
1345 5059 1632 5124 quaestoria
1680 5047 1736 5116 et
1766 5047 1906 5120 arca

319 5115 876 5193 praefectipraetorio
927 5120 964 5175 ι.
992 5120 1089 5193 49-
1122 5115 1180 5178 et
1225 5125 1323 5180 ult.
1363 5115 1513 5183 'Cod.
1565 5115 1906 5190 Theodswde

320 5183 521 5268 ijndulg.
574 5183 776 5268 déb.__l.
816 5204 950 5268 yet).
979 5189 1236 5268 Cod._de
1281 5210 1397 5268 cur.
1445 5183 1901 5268 pub.rl.“6—'Cod‘.

323 5250 392 5338 de
435 5250 768 5338 exactntrib.
816 5257 946 5338 Inde
974 5263 1214 5338 arc_arius
1260 5250 1653 5335 przefec‘torurn.
1701 5250 1909 5329 linitve't

322 5325 662 5405 po_ntilicial_is
686 5329 926 5405 arcarius
943 5370 961 5405 ε
985 5331 1078 5405 qui
1103 5325 1284 5405 arcam
1317 5339 1633 5405 pontificum
1662 5325 1907 5400 01inch:

325 5394 501 5480 rubet,
530 5398 688 5480 cujus
711 5400 916 5480 mentio
945 5394 1172 5480 habetur
1201 5403 1259 5480 in
1285 5394 1507 5480 antiquo
1526 5394 1908 5480 quod-ammo-

326 5476 602 5547 numento.
630 5468 692 5524 C.
721 5468 1194 5547 Calphurnius,__Y.
1218 5473 1282 5529 C.
1314 5483 1369 5530 et
1387 5468 1648 5547 Septifnia
1666 5468 1906 5541 Ammias

327 5541 522 5618 cgnjux
568 5547 1022 5618 comparaverunt
1069 5541 1172 5618 s_ibi
1222 5541 1512 5618 memorias
1548 5548 1684 5607 duas
1711 5561 1766 5606 et
1791 5551 1906 5609 Cal-

225 5669 228 5672 ,
328 5602 557 5730 mrum
581 5602 865 5666 Ammiano
914 5625 1039 5681 equ.
1081 5611 1240 5669 Rom.
1272 5613 1383 5671 filio
1410 5602 1509 5673 suo
1532 5602 1567 5685 ,ἡ
1595 5602 1906 5682 ἒῖἰῖὗθῖῖἶς

434 5678 726 5730 mbnsmle
744 5683 1082 5730 materiarum
1101 5697 1287 5730 mrum
1309 5689 1596 5730 armarium
1617 5691 1879 5730 (liciturum

434 5678 726 5762 rtabusque
744 5678 1082 5762 posterisque
1101 5697 1288 5762 eorum
1309 5678 1598 5762 armarium
1617 5678 1905 5762 disteguui,

331 5757 452 5825 eum
479 5751 704 5825 taberna
735 5751 791 5809 et
815 5751 1053 5825 hortulo.
1101 5752 1160 5808 Si
1187 5755 1309 5825 quis
1337 5757 1441 5813 hoc
1463 5751 1905 5822 armariumvven:

332 5812 458 5898 dere
480 5823 711 5898 voluerit
729 5867 745 5896 ,
772 5833 900 5881 tunc
926 5822 1119 5881 inferet
1145 5812 1284 5882 arca:
1311 5812 1631 5898 pontificum
1643 5812 1898 5891 ’ᾖξ’-εἷ.

333 5879 554 5950 ΜΝ.
578 5879 745 5951 πταίει
883 5879 890 5881 ἢ
1014 5879 1024 5880 ί
1071 5879 1113 5881 -ί
1150 5879 1903 5966 ῆ--τ-ιξέίξίίίίξξιιςὶίιάῖιιῐέ

2016 4721 2221 4778 Crescit
2246 4735 2388 4777 nova
2415 4719 2744 4787 conditione,
2766 4733 2865 4789 per
2888 4732 2948 4773 se
2968 4716 3262 4785 redeundo,
3287 4717 3466 4774 addita
3493 4717 3596 4774 sibi

2012 4827 2226 4885 semper
2252 4813 2369 4884 ipsa
2393 4810 2712 4879 calculatio;
2746 4817 2806 4866 ut
2832 4824 2958 4866 cum
2989 4809 3241 4867 denarius
3270 4825 3378 4867 non
3407 4809 3594 4867 videa-

2010 4997 2068 5052 in
2109 4994 2352 5066 epistolis
2398 4993 2436 5048 l.
2493 4993 2563 5066 l3
2597 4991 2730 5050 Cod.
2776 4992 2848 5066 de
2884 5001 3122 5066 suscepi.
3167 4991 3312 5066 _liinc
3353 4990 3596 5066 arcarius

2013 5061 2226 5133 servus,
2254 5065 2342 5136 cui
2369 5079 2507 5120 arcte
2533 5064 2596 5136 in
2621 5079 2727 5136 qua
2756 5065 2957 5136 domini
2987 5061 3214 5136 pecunia
3243 5061 3459 5136 condita
3487 5071 3594 5132 cst,

2013 5132 2326 5207 procuratio
2350 5132 2779 5207 commissa'est,
2799 5135 2941 5192 idem
2966 5132 3057 5207 qui
3087 5141 3359 5207 actoraut
3384 5132 3595 5207 dispen-

2013 5202 2182 5262 sator.
2251 5204 2488 5261 Scaevola
2539 5205 2610 5260 de
2660 5202 3166 5262 ﬁdeicommissariis
3235 5202 3592 5270 libertatibus,

2011 5275 2230 5333 Stichus
2260 5275 2500 5333 arcarius
2527 5275 2793 5346 probante
2836 5277 3054 5346 domino
3083 5273 3304 5346 nomina
3333 5272 3478 5328 fecit.
3509 5272 3593 5346 Ex

2011 5361 2135 5402 arca
2178 5346 2428 5416 solvunt,
2473 5343 2566 5416 qui
2608 5347 2889 5416 pecuniam
2930 5345 3090 5416 domo
3119 5343 3482 5414 depromunt,
3523 5343 3593 5398 ad

2010 5417 2295 5472 discrimen
2326 5415 2441 5485 ejus
2465 5414 2776 5486 sblutionis,
2809 5430 2928 5486 quae
2956 5414 3016 5469 ﬁt
3043 5431 3112 5470 ex
3139 5427 3326 5486 mensa
3352 5421 3596 5486 argenta-

2011 5486 2250 5557 riorum,
2297 5483 2412 5542 l.'l
2469 5485 2605 5544 Cod.
2655 5487 2723 5542 de
2770 5483 2844 5542 iis
2878 5500 2998 5557 quae
3045 5500 3114 5557 ex
3159 5485 3289 5557 pub2
3337 5483 3437 5538 rat.
3484 5483 3526 5539 l.
3556 5483 3593 5538 4

2009 5556 2142 5613 Cod.
2197 5559 2265 5614 de
2308 5573 2502 5628 canon.
2557 5557 2732 5628 largit.
2762 5557 2871 5628 lib.
2896 5554 3020 5610 ‘ult.
3070 5554 3214 5628 Cod.
3257 5555 3325 5611 de
3373 5569 3587 5624 suscep.

2009 5628 2206 5684 Arcam
2266 5627 2504 5703 praefecti
2559 5626 2810 5703 przntorio
2833 5630 3119 5703 ,τράπεζαν
3173 5626 3308 5703 sive“
3348 5640 3592 5703 mensam

2008 5707 2234 5766 vocant;
2266 5695 2333 5754 'et
2361 5698 2483 5753 ideo
2513 5695 2622 5753 non
2650 5697 2790 5753 male
2829 5695 3082 5754 Sidonius
3118 5695 3338 5753 arcariis
3366 5695 3594 5766 deputat

2008 5769 2292 5838 pondera,
2353 5782 2473 5838 qua:
2517 5767 2676 5823 simul
2739 5784 2804 5826 ac
2867 5783 3132 5826 mensum
3191 5767 3593 5838 susceptoribus

2001 5839 2252 5968 ﬁgamus
2275 5837 2603 5907 tribuuntur,
2623 5838 2662 5896 l.
2691 5843 2900 5912 penult.
2927 5843 3059 5904 Cod.
3089 5843 3159 5902 de
3190 5837 3400 5903 defens.
3438 5837 3608 5909 civit.l
