2024 3172
216 167 271 206 tta

840 167 877 199 Μ.
897 166 1037 198 AURELII
1056 165 1258 197 CASSIODORI

1808 160 1864 195 ε..
2000 5 2009 200 ι

218 236 264 261 tur
276 230 384 263 excedi,
399 236 434 258 ex
449 227 563 258 modicis
577 228 722 264 praevaleat
735 228 838 264 majora
854 228 1009 264 complecti.
1030 229 1051 259 Α
1069 226 1149 257 dare,
1166 230 1193 253 ct
1211 224 1339 252 scelestas
1357 223 1559 252 imminutiones
1576 222 1693 252 etlicere.
1717 220 1862 252 Providcte

217 279 276 310 Hoc
289 282 361 314 saepe
381 277 526 313 repetitum
549 275 656 304 inﬂexis
679 275 853 303 manualibus
877 274 969 310 digitis
989 278 1017 301 et

217 326 336 360 erectis,
350 323 474 352 redditur
496 329 605 357 semper
627 325 785 354 extensum;
806 325 835 349 et
857 323 959 356 quanto
983 318 1017 346 ad

217 371 380 410 principium
393 378 471 399 suum
485 368 639 406 supputatio
653 368 800 400 reducitur,
816 370 891 394 tanto
903 365 1018 400 amplius

217 419 403 448 indubitanter
417 421 533 452 augetur
557 416 631 453 [mss.
643 419 668 442 et
678 414 733 447 ed.,
748 412 890 448 redditur].
905 412 1018 445 Quanti-

219 467 277 492 tate
292 463 453 492 numerabili
468 470 550 490 arena
565 461 657 494 maris,
668 464 750 495 guttae
762 459 923 495 pluviarum,
933 457 1018 485 stellae

220 510 318 539 lucidae
343 509 551 538 concluduntur.
586 507 698 535 Auctori
730 506 829 541 quippe
853 513 902 533 suo
930 504 1018 532 omnis

219 560 345 584 creatura
355 556 406 583 sub
418 562 531 583 numero
541 558 597 588 est;
613 557 640 581 et
654 551 784 588 quidquid
800 551 833 578 ad
846 550 1018 578 existentiam

219 602 355 637 pervenit,
372 610 387 630 a
402 602 449 629 tali
463 609 516 629 non
532 603 623 636 potest
644 598 800 627 conditione
818 597 961 625 dimoveri.
984 595 1019 623 Et

220 648 350 683 quoniam
377 647 495 675 delectat
515 654 565 675 nos
591 645 739 674 secretiora
763 644 843 679 hujus
870 642 1019 678 disciplina:

221 702 284 723 cum
296 694 443 722 scientibus
458 693 544 729 loqui,
559 692 679 728 pecuaria:
694 692 757 728 ipsa:
772 691 894 726 quamvis
908 698 958 718 usu
972 698 1019 719 ce-

220 740 366 769 leberrimo
380 741 447 768 viles
461 748 521 769 esse
535 740 687 772 videantur,
700 737 968 766 animadvertendum
978 741 1021 766 est

223 791 326 822 quanta
341 791 430 814 tamen
445 794 460 814 a
476 787 611 814 veteribus
625 785 729 813 ratione
743 784 864 813 collectae
876 788 948 812 sunt.
965 783 1020 811 Sex

221 833 296 871 enim
320 832 403 860 millia
427 832 600 859 denariorum
628 831 744 859 solidum
769 837 830 858 esse
853 830 1018 863 voluerunt;

222 878 327 907 scilicet
341 882 370 906 ut
385 877 514 905 radiantis
537 876 639 905 metalli
662 875 777 904 formata
791 875 941 904 rotunditas
955 879 1020 903 anta-

223 927 278 952 tem
294 924 386 952 mundi
398 929 422 956 υ,
438 923 515 958 quasi
528 923 570 950 sol
583 930 682 951 aureus
694 922 887 950 convenienter
900 920 1021 949 include-

223 974 275 998 ret.
289 970 431 998 Sen-arium
443 977 518 1003 vero,
529 976 610 1004 quem
626 977 680 997 non
695 969 830 996 immerito
843 967 993 1004 perfectum
1004 967 1019 986 ι’

222 1017 301 1045 docta
313 1017 458 1051 antiquitas
468 1015 600 1048 deﬁnivit,
611 1016 706 1048 uncia),
719 1015 765 1050 qui
776 1022 909 1043 mensurae
919 1014 1021 1049 primus

221 1063 322 1098 gradus
341 1066 383 1090 est
396 1084 404 1096 ,
425 1062 607 1097 appellatione
626 1061 756 1096 signavit;
783 1068 863 1096 quam
877 1060 1021 1089 duodecies

198 1143 201 1146 _
222 1108 399 1137 similitudine
415 1109 547 1136 mensium
562 1111 756 1143 eomputatam,
773 1107 800 1134 in
815 1107 889 1134 librae
903 1106 1020 1142 plenitu-

222 1154 312 1183 dinem
326 1154 361 1182 ad
376 1155 439 1182 anni
455 1155 589 1182 curricula
603 1154 781 1188 collegerunt.
797 1152 819 1180 Ο
834 1154 943 1181 inventa
955 1161 1021 1188 pru-

221 1201 356 1231 dentium!
370 1201 392 1229 0
407 1202 514 1237 provisa
528 1201 676 1236 majorum!
693 1200 829 1235 Exquisita
844 1207 887 1228 res
898 1204 948 1233 est,
960 1206 1020 1235 quae

222 1251 251 1275 et
263 1246 322 1274 usui
334 1247 453 1274 humano
465 1246 616 1274 necessaria
627 1245 812 1280 distingueret,
826 1248 854 1272 et
868 1249 907 1272 tot
922 1251 1020 1272 arcana

221 1296 325 1320 naturae
348 1292 497 1327 ﬁguraliter
515 1291 678 1320 contineret.
715 1290 810 1319 Merito
834 1298 899 1326 ergo
923 1291 1021 1318 dicitur

221 1335 301 1372 libra,
317 1344 377 1372 quae
396 1341 471 1365 tanta
485 1344 577 1365 rerum
594 1342 635 1365 est
649 1337 865 1365 consideratione
878 1336 1017 1363 trutinata.

219 1382 296 1411 Talia
312 1383 393 1418 igitur
408 1386 515 1411 secreta
526 1383 639 1416 violare,
655 1383 694 1411 sic
708 1382 858 1411 certissima
874 1382 944 1410 velle
955 1390 1021 1411 con-

220 1429 349 1465 fundere,
365 1439 456 1460 nonne
470 1432 592 1460 veritatis
606 1431 690 1467 ipsius
708 1431 815 1458 videtur
828 1438 889 1459 esse
904 1430 1020 1459 crudelis

220 1484 253 1506 ac
266 1478 336 1507 foeda
349 1477 501 1507 laceratio?
524 1469 711 1505 Exerceamur
733 1477 920 1513 negotiatores
944 1476 1018 1513 [mata

219 1529 244 1553 et
255 1525 360 1560 Aecum,
373 1524 583 1561 negotiationes]
599 1525 626 1552 in
640 1524 797 1558 mercibus;
814 1527 939 1552 emantur
952 1523 1018 1556 late,

219 1578 280 1607 quae
294 1571 449 1600 vendantur
463 1572 619 1607 angustius;
635 1574 742 1599 constet
755 1569 863 1606 populis
874 1569 979 1605 pondus
988 1575 1020 1596 ac

224 1623 351 1645 mensura
366 1617 515 1653 probabilis
525 1638 533 1651 ,
550 1617 613 1653 quia
627 1620 723 1644 cuncta
738 1615 891 1649 turbantur,
906 1615 929 1643 si
947 1615 1020 1644 inte—

221 1664 306 1699 gritas
318 1671 380 1691 cum
401 1663 538 1691 fraudibus
561 1663 717 1690 misceatur.
743 1661 860 1689 Mutilari
876 1664 950 1689 certe
964 1668 1018 1689 non

221 1708 321 1744 debet,
345 1709 417 1744 quod
438 1709 624 1737 laborantibus
647 1708 746 1742 datur;
774 1707 821 1736 sed
836 1715 851 1735 a
865 1715 919 1744 quo
935 1707 1020 1736 ﬁdelis

221 1758 298 1783 actus
310 1754 436 1789 exigitur,
451 1755 637 1790 compensatio
652 1754 792 1782 imminuta
807 1758 958 1790 praestetur.
980 1753 1018 1781 Da

221 1805 296 1829 Certe
307 1801 431 1834 solidum,
441 1806 469 1828 ct
479 1800 555 1830 aufer
566 1801 629 1829 inde
636 1801 658 1829 si
669 1801 813 1837 prawales;
826 1801 902 1829 trade
912 1801 1018 1834 libram,

221 1851 252 1876 et
265 1846 364 1882 aliquid
379 1847 442 1875 inde
454 1869 462 1882 ,
477 1848 500 1876 si
514 1851 592 1883 potes
603 1868 610 1881 ,
627 1847 766 1875 imminue.
785 1847 888 1876 Cuncta
905 1848 954 1876 ista
971 1855 1020 1875 no-

221 1894 339 1926 minibus
363 1894 428 1930 ipsis
453 1898 560 1922 constat
584 1896 645 1922 esse
668 1895 826 1930 provisum,
845 1898 892 1923 aut
914 1895 1019 1930 integra

221 1939 328 1973 tribuis,
345 1943 392 1967 aut
414 1947 468 1968 non
493 1940 551 1975 ipsa
576 1946 637 1975 quae
663 1939 789 1968 dicuntur
812 1940 940 1969 exsolvis.
960 1940 1020 1968 Non

221 1986 335 2024 potestis
349 1986 480 2021 omnino,
499 1994 552 2014 non
576 1986 689 2023 potestis
709 1987 819 2015 nomina
833 1987 1020 2023 integritatum

257 2070 272 2086 ι
290 2065 362 2095 Ε’ηο
377 2066 555 2094 Cassiodorus
569 2066 705 2095 existimat
719 2066 850 2095 mundum
864 2073 914 2095 sex
934 2073 1022 2094 anno-

221 2109 282 2131 rum
297 2102 415 2130 millibus
429 2102 599 2130 duraturum.
621 2102 746 2131 Lactant.
762 2103 809 2130 lib.
825 2110 862 2129 vn
877 2102 911 2129 de
925 2102 1022 2130 Divino

222 2136 331 2170 Praem.,
348 2137 627 2173 deridcnsChaldacos
643 2147 650 2165 :
666 2138 769 2171 Sciant,
786 2138 881 2172 inquit,
899 2137 1021 2173 philoso-

224 2173 282 2209 phi,
297 2173 343 2208 qui
355 2172 515 2209 ab‘exordio
530 2173 621 2201 mundi
636 2174 796 2201 saeculorum
811 2172 1019 2200 millia’enume-

222 2206 287 2236 iant
299 2206 314 2242 ,'
331 2206 450 2235 nondum
486 2213 591 2235 sextum
627 2209 798 2237 millesimum
826 2216 926 2236 annum
961 2215 1021 2236 esse

222 2243 381 2281 conclusum
398 2251 405 2270 :
420 2250 474 2278 quo
488 2251 600 2281 numero
615 2245 725 2281 expleto
735 2265 742 2278 ,
756 2244 1018 2281 consummationem

223 2278 283 2306 ﬁeri
305 2285 417 2306 necesse
440 2282 501 2311 est,
525 2283 552 2306 et
570 2278 748 2308 humanarum
768 2288 858 2307 rerum
874 2282 974 2307 statum
993 2279 1020 2307 in

223 2314 321 2350 melius
334 2312 486 2350 reformari.
508 2313 581 2342 Idem
597 2315 622 2342 in
636 2315 753 2343 Divinar.
768 2314 856 2342 instit.
873 2314 997 2350 Epitome
1012 2323 1019 2341 :

223 2347 349 2377 Nondum
362 2354 410 2377 sex
423 2349 507 2386 millia
521 2350 655 2386 completa
670 2355 743 2384 sunt,
759 2358 814 2386 quo
829 2347 942 2377 numero
956 2358 1022 2377 con-

223 2388 358 2413 summato
369 2388 425 2412 tum
437 2385 544 2412 demum
557 2386 655 2413 malum
667 2394 747 2414 omne
759 2386 877 2417 tolletur,
890 2389 920 2412 ut
930 2390 1025 2419 regnet

224 2420 282 2448 sola
292 2420 405 2455 justitia.
423 2419 487 2454 Quae
500 2421 633 2448 sententia
648 2421 723 2448 rabbi
736 2421 801 2447 Elia:
814 2425 902 2448 exstat
915 2421 940 2447 in
954 2420 1023 2448 libro

223 2456 393 2492 San|i_edrin,
411 2456 439 2492 in
453 2464 513 2492 cap.
530 2456 630 2484 llclcch
641 2478 648 2490 ,
665 2461 692 2484 et
708 2457 753 2484 lib.
770 2455 879 2492 Havoala
895 2454 980 2492 Zaza,
996 2456 1023 2484 in

225 2499 286 2532 cap.
295 2490 398 2532 Lipbne
409 2490 523 2532 edehén.
532 2492 587 2532 ng
599 2492 682 2532 millia
687 2499 820 2532 annorum
832 2491 1020 2532 eritniundus,

224 2526 362 2555 ctiterum
376 2526 537 2555 destruetur.
555 2527 612 2554 Duo
628 2527 710 2554 millia
726 2527 871 2559 inanitatis,
887 2526 913 2554 id
928 2530 978 2560 est,
993 2532 1024 2555 ut

226 2562 359 2597 theologis
372 2562 460 2597 placet
474 2586 479 2596 ,
496 2566 559 2590 ante
581 2563 666 2595 legem
692 2562 745 2589 duo
760 2562 842 2590 millia
866 2562 932 2596 legis
945 2583 952 2597 ,
968 2563 1022 2590 duo

224 2597 308 2625 millia
334 2597 438 2625 dierum
462 2598 574 2626 Messian.
601 2597 741 2625 Calatinus
766 2597 810 2625 lib.
838 2606 872 2631 Iv,
894 2606 954 2631 cap.
975 2597 1020 2626 20.

224 2632 342 2674 Isidorus
355 2633 405 2661 sub
419 2632 499 2674 linem
515 2634 574 2661 libri
586 2641 611 2661 va
626 2633 787 2674 Ειχηιοιρξέ..
800 2641 861 2661 cum
874 2633 907 2660 de
922 2632 1023 2674 disere-

225 2668 299 2696 tione
314 2673 465 2704 temporum
477 2673 504 2696 et
514 2677 561 2697 sex
573 2668 663 2695 mundi
677 2669 801 2696 aetatibus
816 2673 916 2704 ageret,
930 2668 1023 2704 dispu—

225 2704 357 2731 tationem
383 2704 424 2731 bis
450 2704 557 2732 tandem
591 2704 722 2731 conclusit
752 2704 858 2731 verbis:
874 2703 1021 2732 Residunm

225 2743 309 2768 sextae
331 2740 419 2767 aetatis
444 2743 548 2774 tempus
572 2739 621 2766 soli
649 2739 705 2766 Deo
729 2744 771 2767 est
795 2740 943 2774 cognitum.
972 2739 1021 2768 Cui

226 2774 400 2810 pri-lubenter
415 2775 556 2802 assentior.
577 2775 697 2802 Fonxnn.

264 2810 275 2846 If
295 2809 446 2846 senarium,
459 2810 618 2846 perlectum.
642 2811 707 2843 Quia
729 2811 755 2844 l,
770 2809 802 2843 τὶ,
819 2810 973 2846 δεῖςιςίαιιῑ
991 2810 1019 2838 6.

227 2845 293 2874 \‘idc
319 2845 411 2874 Sever.
437 2844 522 2872 Beclii
548 2846 771 2879 Aritlnncticam,
796 2849 824 2873 et
850 2844 960 2873 Jordani
986 2846 1020 2874 dc

226 2881 327 2912 scutarii
354 2881 458 2909 numeri
484 2882 508 2907 vi
533 2889 564 2909 ac
588 2882 726 2915 religione.
753 2881 870 2909 Macrob.
895 2881 941 2908 lib.
965 2891 973 2909 ι
993 2883 1020 2910 in

226 2916 323 2944 Somn.
347 2915 420 2951 Scip.
442 2916 533 2951 VSic79
555 2918 739 2944 eentcnarium
765 2923 905 2951 numerum
930 2917 1020 2945 multis

228 2951 352 2983 laudibus
377 2950 471 2978 extulit
496 2950 593 2979 Julian.
619 2951 731 2990 cpistola
767 2951 800 2979 ad
831 2950 1018 2988 Serapionem.

1068 271 1171 306 itaque,
1180 274 1207 298 et
1220 275 1248 297 ut
1258 270 1359 298 arbiter
1369 277 1440 299 arcae
1450 269 1549 299 habeat
1555 269 1642 305 justas
1652 270 1863 299 consuetudines

1067 325 1131 346 suas
1147 323 1176 351 ες
1190 323 1218 346 et
1231 319 1304 354 quod
1317 319 1491 347 benemeritis
1504 317 1692 355 impendimus,
1707 317 1864 355 incompta

1067 372 1182 394 munere
1195 370 1406 402 consequantur.

1353 422 1518 452 EPISTOLA
1537 423 1583 452 XI.

1145 477 1265 499 SERVATO
1280 479 1341 499 DUCI
1355 479 1510 507 RHETIARUII
1526 478 1708 499 TMEODORICUS
1722 475 1786 499 REX.

1069 514 1236 553 Imperare!
1260 518 1390 553 mancipia
1410 525 1426 544 (ι
1449 516 1591 545 Breonibus
1614 517 1739 545 militibus
1763 517 1865 553 ablata,

1185 552 1319 580 Maniario
1331 557 1402 580 curet
1411 553 1468 580 sine
1482 562 1555 581 mora
1568 553 1623 581 ulla
1638 554 1749 581 restitui.

1105 600 1190 628 Decet
1208 605 1235 628 te
1254 600 1385 628 honorem
1408 608 1488 636 quem
1508 601 1580 636 geris
1603 601 1724 635 nomine,
1748 599 1868 628 moribus

1070 645 1213 680 exhibere;
1236 651 1264 674 nt
1287 654 1337 682 per
1358 646 1524 682 provinciam
1546 647 1590 674 cui
1613 646 1741 682 praesides
1765 646 1866 674 nullam

1071 692 1129 721 ﬁeri
1144 693 1300 721 violentiam
1322 693 1451 728 patiaris;
1468 692 1515 720 sed
1534 696 1623 720 totum
1637 696 1750 727 cogatur
1770 691 1805 719 ad
1826 691 1868 726 ju-

1070 743 1152 773 stum,
1178 739 1248 766 unde
1270 743 1395 766 nostrum
1419 737 1498 766 ﬂoret
1521 738 1674 774 imperium.
1698 738 1869 773 Quapropter

1071 785 1194 813 Maniarii
1218 784 1305 822 [ηιδε.⁷
1332 784 1473 821 Moniarii]
1500 784 1699 820 supplicatione
1724 783 1868 817 commoti,

1070 831 1250 867 praesentibus
1264 835 1292 860 te
1307 830 1422 859 ali‘amur
1434 831 1568 866 oraculis;
1583 835 1613 859 ut
1626 830 1649 859 si
1658 836 1753 858 revera
1768 829 1870 857 manci-

1070 878 1116 915 pia
1135 878 1194 913 ejus
1217 877 1338 906 Breones
1359 877 1582 906 irrationabiliter
1600 875 1762 913 cognoveris
1776 876 1869 903 abstu-

1036 929 1058 960 Β
1072 923 1146 957 lisse,
1172 924 1218 959 qui
1240 923 1400 952 militaribus
1424 922 1521 952 ofﬁciis
1542 923 1643 951 assueti
1657 921 1689 956 tl,
1712 921 1869 950 civilitatem

1071 977 1196 1006 premere
1209 969 1335 998 dicuntur
1349 969 1461 1003 armati;
1477 973 1505 997 et
1525 969 1561 998 ob
1579 969 1633 997 hoc
1644 968 1757 1004 justitiae
1775 962 1870 1003 parere

1071 1015 1233 1052 despiciunt,
1250 1017 1380 1052 quoniam
1395 1017 1428 1045 ad
1447 1016 1518 1045 bella
1538 1015 1635 1044 Martia
1654 1020 1764 1051 semper
1783 1015 1870 1043 inten-

1071 1063 1147 1097 dunt,
1163 1064 1226 1092 dum
1247 1063 1341 1092 nescio
1361 1071 1415 1100 quo
1434 1069 1514 1099 pacto
1537 1062 1646 1091 assidue
1669 1061 1869 1096 dimicantibus,

1071 1108 1180 1137 diillcile
1195 1113 1238 1138 est
1252 1117 1358 1137 morum
1372 1108 1508 1137 custodire
1521 1115 1685 1136 mensuram.
1701 1106 1871 1143 Quapropter

1071 1156 1145 1184 omni
1159 1156 1297 1192 protervia
1310 1159 1424 1189 remota,
1441 1163 1500 1191 quae
1513 1155 1547 1184 de
1561 1154 1770 1191 praesumptione
1782 1157 1870 1190 potest

1070 1202 1178 1230 virtutis
1204 1202 1315 1237 assumi,
1338 1202 1474 1238 postulata
1489 1201 1573 1229 facies
1593 1201 1652 1229 sine
1671 1200 1870 1229 intermissione

1071 1247 1177 1276 restitui
1190 1256 1197 1274 :
1215 1255 1249 1275 ne
1263 1255 1313 1283 per
1325 1247 1461 1275 dilationis
1476 1247 1656 1281 incommoda,
1672 1252 1767 1274 eorum
1780 1245 1870 1274 videa-

1070 1295 1115 1321 tur
1126 1293 1239 1329 supplex
1255 1293 1344 1322 odisse
1359 1293 1511 1322 victoriam.

1348 1349 1516 1379 EPISTOLA
1534 1348 1593 1378 XII.

1070 1405 1198 1427 EUGBNITI
1210 1406 1274 1427 ἫΚο
1288 1406 1411 1426 ιιιυετιιι
1427 1404 1559 1426 IlAGlSTRO
1576 1403 1736 1425 OFFICIORUI
1751 1403 1868 1425 'rnsono-

1394 1441 1469 1461 BICUS
1483 1440 1548 1460 REX.

1071 1479 1126 1508 Con
1129 1481 1180 1516 [ert
1191 1480 1230 1508 illi
1242 1483 1299 1516 post
1310 1479 1523 1516 administratam
1529 1479 1695 1507 laudabiliter
1701 1479 1866 1516 ἠιιαιδιιιναι,

1107 1515 1286 1552 magisterium
1299 1516 1462 1551 dignitatem,
1475 1520 1500 1542 et
1513 1515 1631 1543 hortatur
1645 1515 1749 1543 eum'ad
1756 1516 1860 1544 meliora

1107 1551 1291 1587 promerendo.

1031 1626 1057 1659 ο
1110 1620 1212 1656 Pompa
1221 1620 1383 1649 meritorum
1395 1623 1437 1648 est
1448 1618 1540 1654 regale
1550 1618 1691 1654 judicium,
1705 1619 1769 1654 quia
1782 1619 1866 1648 nesci-

1072 1673 1132 1694 mus
1146 1666 1214 1701 isla,
1229 1665 1280 1693 nisi
1294 1665 1381 1700 dignis
1394 1664 1562 1701 impendere.
1576 1663 1610 1691 Et
1622 1672 1775 1701 quanquam
1791 1669 1866 1701 pote-

1071 1712 1136 1741 stati
1151 1715 1265 1745 nostrae,
1281 1711 1338 1739 Deo
1350 1711 1472 1745 iuvetite,
1487 1710 1625 1747 subiaceat
1638 1718 1721 1740 omne
1733 1711 1805 1746 quod
1817 1719 1866 1739 vo-

1071 1757 1160 1785 lumus
1171 1779 1179 1792 ,
1194 1758 1361 1785 voluntatem
1376 1760 1467 1785 tamen
1480 1760 1602 1785 nostram
1615 1756 1650 1785 de
1663 1757 1770 1785 ratione
1789 1755 1866 1785 meti-

1071 1811 1149 1837 mur;
1175 1807 1205 1832 ut
1233 1803 1298 1831 illud
1330 1803 1416 1838 magis
1440 1803 1606 1831 mstimemur
1641 1803 1768 1838 elegisse,
1797 1802 1867 1838 quod

1073 1854 1187 1878 cunctos
1198 1850 1308 1884 dignum
1322 1853 1365 1877 est
1378 1849 1538 1885 approbare.
1555 1848 1626 1877 llinc
1645 1853 1686 1878 est
1699 1848 1772 1884 quod
1786 1853 1813 1877 te
1826 1848 1876 1876 lit-‘

1073 1896 1153 1924 terati
1166 1895 1299 1930 dogmatis
1309 1896 1398 1923 studia
1411 1894 1582 1923 laudabiliter
1595 1899 1800 1931 exsequentem,
1813 1895 1868 1931 pri-

1073 1940 1135 1969 dem
1147 1939 1181 1968 ad
1192 1944 1335 1976 qumsturae
1346 1940 1451 1969 culmen
1462 1940 1602 1975 elegimus,
1614 1944 1643 1968 ut
1653 1940 1759 1968 honesti
1771 1940 1869 1968 laboris

1077 1987 1117 2015 tui
1132 1986 1209 2015 Iierct
1222 1987 1362 2023 praemium
1382 1986 1498 2022 dignitas
1521 1986 1684 2015 litterarum.
1707 1986 1777 2020 Quid
1799 1986 1870 2015 enim

1075 2065 1186 2100 Origen.
1213 2065 1388 2095 Adamantius
1411 2067 1438 2094 in
1463 2065 1637 2100 Evangelium
1664 2064 1775 2092 Joannis
1799 2068 1872 2093 tomo

1077 2100 1182 2129 XXVIII
1198 2110 1204 2127 :
1220 2101 1271 2134 Qui
1286 2106 1410 2135 naturas,
1427 2102 1524 2137 inquit,
1541 2108 1713 2137 numerorum
1729 2101 1872 2137 investiga-

1074 2141 1148 2169 runt,
1156 2137 1271 2172 primum
1278 2137 1386 2171 quidem
1397 2134 1532 2165 senarium
1541 2136 1700 2164 definierunt
1709 2134 1868 2172 perfectum,
1884 2142 1889 2151 '

1076 2179 1136 2208 cum
1153 2171 1187 2200 ex
1201 2172 1256 2200 suis
1270 2173 1354 2208 ipsius
1368 2176 1473 2201 constet
1494 2172 1614 2208 partibus
1635 2175 1663 2199 ct
1677 2171 1872 2208 compositione

1074 2207 1176 2243 duplali
1188 2229 1196 2242 ,
1212 2207 1245 2235 ab
1259 2208 1364 2235 unitate
1378 2208 1458 2235 unius
1473 2207 1501 2235 et
1513 2208 1642 2241 duorum,
1658 2207 1731 2243 quod
1745 2211 1786 2243 est
1801 2207 1851 2243 tria
1863 2215 1870 2233 :

1074 2242 1202 2283 numerus
1217 2244 1337 2283 primus,
1353 2248 1382 2283 et
1397 2245 1422 2271 in
1437 2250 1517 2283 quem
1542 2242 1614 2283 exiit
1631 2242 1793 2283 duplicatio;
1812 2242 1872 2270 dico

1076 2283 1169 2341 anteiri;
1180 2277 1242 2312 duo,
1255 2277 1529 2314 multiplicatus'enim
1540 2278 1595 2306 duo
1606 2278 1634 2306 in
1646 2277 1696 2306 tria
1707 2277 1771 2305 facit
1786 2278 1871 2314 ipsum

1076 2322 1132 2341 58X.
1171 2321 1270 2341 ORNER.

1075 2322 1132 2342 SCX.
1150 2321 1163 2341 l‘
1171 2321 1270 2342 ORNEB.

1113 2356 1124 2369 ε
1145 2350 1207 2382 Inf.,
1223 2350 1269 2378 lib.
1286 2358 1331 2382 Ill,
1346 2350 1425 2385 epist.
1442 2349 1487 2384 25,
1503 2354 1531 2377 et
1544 2348 1595 2385 lib.
1607 2357 1658 2382 vn.
1674 2349 1753 2385 epist.
1766 2348 1795 2376 2.
1815 2347 1873 2376 line

1040 2371 1063 2401 ο
1075 2371 1796 2425 peritia'_inii."'iair'ﬂtrELiciii'Xciibﬁmind
1808 2371 1870 2425 ῥὲὂξ

1075 2419 1193 2455 inulgata
1208 2421 1255 2448 lib.
1272 2429 1315 2455 ιιι,
1332 2421 1373 2448 tit.
1390 2421 1425 2448 12
1438 2422 1472 2449 de
1489 2421 1601 2448 teloneis
1620 2429 1626 2447 :
1647 2420 1738 2448 Placet
1753 2419 1829 2447 nobis
1843 2423 1873 2447 ut

1075 2456 1186 2491 antiqua
1201 2460 1228 2483 et
1240 2456 1312 2490 justa
1330 2457 1437 2484 telonea
1453 2464 1468 2483 a
1483 2455 1696 2490 negotiatoribus
1714 2455 1870 2489 exigantur;

1074 2495 1102 2518 et
1116 2491 1215 2527 lib.rrv,
1233 2492 1273 2518 tit.
1290 2491 1325 2518 24
1340 2491 1374 2520 de
1390 2493 1494 2527 injustis
1516 2491 1704 2519 occasionibus
1717 2494 1746 2518 et
1759 2497 1872 2527 consue-

1075 2526 1214 2554 tudinibus
1229 2527 1335 2555 novitcr
1350 2525 1488 2560 institutis,
1504 2527 1573 2554 sicut
1587 2531 1649 2554 sunt
1663 2527 1777 2559 tributa;
1794 2529 1820 2553 et
1832 2525 1870 2552 tit.

1075 2560 1111 2599 52
1124 2561 1158 2590 de
1172 2563 1287 2590 teloncis
1302 2567 1330 2591 et
1344 2563 1480 2599 eispaticis
1496 2571 1502 2590 :
1520 2562 1703 2599 Teneantrid,
1719 2565 1749 2589 ut
1763 2561 1807 2599 ubi
1823 2568 1871 2599 a_n-

1074 2597 1148 2634 tiqua
1163 2599 1331 2627 consuetudo
1347 2596 1405 2631 fuit,
1420 2599 1574 2634 exigantur,
1590 2601 1618 2626 et
1632 2596 1677 2634 ubi
1691 2603 1761 2624 nova
1775 2596 1871 2624 fuerint

1073 2632 1192 2667 inventa,
1208 2633 1390 2662 destruantur.
1413 2632 1543 2667 Congruit
1554 2632 1573 2661 ι.
1586 2641 1632 2661 ιιιι.
1645 2632 1679 2660 de
1689 2639 1756 2660 auro
1769 2638 1869 2667 reoron.

1073 2668 1139 2696 Cod.
1155 2668 1203 2697 lib.
1219 2677 1246 2697 χ.
1275 2669 1355 2697 Nihil.
1372 2668 1438 2698 Cod.
1464 2666 1567 2697 Theod.
1593 2667 1626 2696 de
1650 2666 1787 2697 extraord.
1814 2666 1872 2695 sine

1073 2704 1146 2732 sord.
1163 2705 1255 2732 mund.
1271 2704 1390 2733 Fonnsn.

1110 2739 1123 2758 ά
1140 2740 1275 2768 Coercitio
1290 2745 1317 2768 et
1330 2740 1452 2769 astrictio
1474 2747 1581 2768 morum
1604 2737 1761 2775 usurpanda
1780 2742 1827 2775 est
1844 2737 1870 2765 in

1073 2776 1193 2811 exercitu
1205 2785 1211 2807 ;
1229 2781 1372 2811 propterea
1387 2775 1438 2803 tria
1452 2780 1515 2804 sunt
1529 2776 1587 2804 sine
1601 2773 1699 2811 quibus
1720 2781 1774 2811 non
1788 2773 1870 2811 robur

1073 2810 1099 2838 in
1115 2808 1245 2845 exercitu,
1257 2808 1311 2840 non
1323 2811 1579 2839 ordozcontinentia
1588 2832 1595 2845 ,
1609 2808 1745 2839 modestia
1764 2811 1793 2837 et
1806 2808 1867 2836 abs-

1072 2847 1185 2874 tinentia
1205 2858 1211 2874 :
1230 2847 1396 2875 continentia
1417 2847 1444 2874 in
1466 2846 1526 2874 cibo
1546 2850 1573 2874 et
1594 2853 1712 2879 venere,
1736 2851 1753 2872 a
1773 2844 1867 2879 quibus

1073 2882 1185 2916 languor
1201 2891 1231 2911 ac
1247 2883 1389 2916 mollities;
1405 2881 1539 2910 modestia
1550 2882 1576 2909 in
1592 2881 1692 2915 verbis,
1708 2879 1826 2909 vestibus
1840 2881 1867 2906 et

1072 2917 1167 2950 fat-tis;
1184 2919 1354 2951 abstinentia,
1371 2926 1405 2946 ne
1416 2918 1596 2954 provinciales
1610 2917 1731 2951 inl'cstet,
1745 2921 1797 2943 nco
1806 2921 1866 2950 pas-

1071 2953 1121 2981 sim
1136 2955 1230 2988 rapht.
1248 2954 1341 2981 Buoss.
1418 2953 1422 2954 ⁷
1823 2963 1830 2970 ’
