3992 6462
227 406 347 468 517

1540 397 1907 462 VARIABUM
1943 397 2148 460 LIBER
2179 399 2224 459 ι.

3433 391 3545 460 318

229 503 638 586 advocationis
664 523 845 584 ofﬁcio
875 532 925 594 ⁸,
953 519 1001 581 si
1026 532 1163 597 pure
1189 510 1552 597 impendatur,
1589 522 1854 592 ornatius,
1884 519 1937 582 Α
1961 527 2273 576 namentum
2304 523 2388 576 est
2416 519 2664 577 ordinum
2692 525 3032 578 ceterorum.
3063 518 3240 592 Atque
3283 516 3406 576 ideo
3433 517 3545 576 Eu-

231 621 392 690 quod
431 622 447 652 ³
485 620 834 691 peregrinum
863 617 1136 686 negotium
1179 614 1248 671 ad
1282 630 1410 672 suas
1435 614 1715 671 molestias
1743 621 1857 669 tra-

232 711 340 776 hit,
400 721 466 766 ut
519 710 795 766 laboribus
837 707 1123 763 subveniat
1159 706 1387 762 alienis?
1425 702 1484 760 In
1524 705 1628 760 hoc
1665 717 1860 772 campo

232 801 599 858 exercitatus
619 816 779 856 cursu
804 798 1146 866 meritorum,
1175 797 1243 852 ad
1265 797 1500 868 palmam
1531 794 1703 850 nostri
1725 793 1863 864 judi-

231 897 307 954 cii
341 895 681 967 pervenisti.
726 893 837 950 Nec
883 901 1061 949 tamen
1101 891 1404 960 benignitas
1435 895 1618 946 nostra
1647 903 1754 944 una
1781 902 1864 944 re-

233 988 646 1044 muneratione
673 991 925 1042 contenta
945 1027 962 1054 ,
993 985 1258 1040 honorem
1286 981 1543 1053 geminat,
1575 987 1862 1050 augmenta

233 1087 553 1153 procurat;
581 1084 638 1135 et
677 1092 744 1133 eo
787 1075 966 1132 studio
1009 1074 1148 1132 dona
1189 1081 1429 1145 reparat,
1475 1071 1628 1144 quasi
1668 1069 1864 1126 debeat

231 1171 416 1229 Omne
459 1169 616 1244 quod
655 1176 895 1242 praestat.
924 1167 1090 1223 Sume
1115 1167 1279 1236 igitur
1303 1165 1626 1234 magisteria:
1666 1162 1865 1217 infulas

234 1262 574 1333 dignitatis,
604 1277 796 1318 usurus
831 1259 1082 1317 omnibus
1117 1259 1412 1330 privilegiis
1439 1271 1557 1326 qua:
1597 1263 1719 1311 tuos
1765 1254 1865 1309 ba-

236 1351 437 1412 buisse
471 1353 788 1410 constiterit
815 1352 1150 1410 deccssores.
1187 1351 1366 1422 Atque
1391 1350 1514 1406 ideo
1543 1357 1698 1404 tanto
1722 1346 1866 1419 judi-

171 1433 174 1437 ’
236 1446 333 1502 cio
365 1447 569 1503 laetare
592 1454 876 1517 suscepto,
908 1446 1000 1515 qui
1023 1461 1122 1516 pro
1151 1444 1339 1500 labore
1367 1442 1590 1499 honoris
1622 1441 1731 1508 tui,
1764 1441 1866 1496 ho-

237 1553 449 1593 norem
512 1537 745 1594 alterum
803 1537 1052 1608 accipere
1105 1535 1370 1591 meruisti.
1423 1533 1561 1600 Quid
1609 1532 1755 1589 enim
1799 1531 1868 1588 de

238 1636 442 1708 priore
474 1635 807 1693 senserimus
830 1634 1072 1705 praemio,
1105 1632 1357 1689 secunda:
1396 1629 1672 1700 dignitatis
1695 1628 1870 1684 decla-

238 1743 445 1785 ramus
497 1735 812 1797 augmento.
859 1726 982 1781 Nati
1025 1732 1152 1781 sunt
1194 1725 1367 1781 fasces
1408 1738 1476 1778 ex
1516 1721 1787 1790 fascibus,
1813 1727 1870 1776 et

241 1827 518 1876 naturam
558 1819 856 1876 retinentes
894 1817 1037 1874 fetus
1074 1815 1288 1872 arborei
1329 1813 1732 1886 pullulaverunt
1767 1811 1870 1867 ite-

1959 612 2194 684 genitem
2233 613 2494 670 illustrem
2534 614 2710 671 virum
2739 615 2970 671 litterati
2993 615 3261 686 dogmatis
3283 613 3546 686 6pitilone

1961 706 2274 777 fulgentem,
2305 708 2600 776 magisterii
2630 707 2840 765 honore
2861 708 3237 776 subveximus;
3260 714 3319 764 ut
3338 713 3551 779 gereret

1960 801 2183 858 nomine
2233 817 2395 871 quam
2439 801 2752 872 possidebat
2796 802 3005 857 meritis
3044 801 3374 872 dignitatem.
3420 801 3553 870 Quis

1963 893 2109 951 enim
2154 899 2239 950 tot
2286 895 2403 964 ejus
2452 894 2726 950 ofliciosos
2767 894 2981 950 labores
3011 895 3250 970 ignoret,
3288 898 3390 966 ιο
3417 910 3552 965 quos

1963 1003 2073 1043 non
2102 987 2310 1044 vilitate
2335 988 2532 1044 mentis
2561 988 2835 1056 exercuit,
2880 988 2974 1044 sed
3017 986 3304 1058 patrocinii
3347 987 3554 1042 honore

1963 1079 2237 1136 servavit?
2259 1079 2512 1137 Dedimus
2543 1083 2724 1152 itaque
2753 1095 3040 1150 personam
3072 1079 3235 1136 tantis
3260 1077 3557 1134 honoribus

1964 1185 2176 1242 parem,
2205 1180 2266 1229 ut
2292 1172 2555 1229 alterutro
2584 1172 2779 1228 decore
2803 1170 3089 1242 fulgentes,
3117 1177 3302 1225 mutua
3341 1183 3400 1224 se
3431 1181 3555 1236 gra-

1968 1265 2041 1320 tia
2082 1264 2360 1335 qualitatis
2403 1271 2678 1321 ornarent.
2713 1263 2812 1321 Hic
2837 1272 2941 1332 est,
2984 1264 3075 1336 qui
3120 1270 3305 1320 nostro
3346 1259 3557 1333 pridem

1969 1354 2128 1411 lateri
2155 1355 2425 1412 veridicus
2449 1364 2686 1426 qumstor
2711 1355 2956 1424 adhaesit,
2979 1369 3139 1426 quem
3160 1352 3342 1408 livoris
3363 1350 3557 1406 nebula

1969 1449 2117 1505 nulla
2138 1447 2386 1517 fuscavit,
2417 1464 2519 1506 nec
2537 1449 2929 1506 malevolentia:
2957 1449 3136 1506 studio
3164 1447 3394 1504 nocendi
3416 1454 3560 1502 artes

1965 1540 2156 1598 fellitis
2183 1541 2433 1598 sensibus
2462 1540 2786 1611 exquisivit;
2833 1541 3047 1597 sincero
3090 1539 3327 1610 pectoris
3362 1551 3562 1594 arcano

1968 1634 2196 1706 puritati
2229 1642 2428 1690 nostra;
2451 1634 2650 1706 paruit,
2681 1643 2737 1691 et
2763 1633 2828 1690 ad
2857 1634 3118 1705 pietatem
3157 1632 3456 1702 jussionum
3478 1630 3563 1686 in-

1969 1727 2279 1782 nocentiam
2308 1734 2460 1784 suam
2498 1727 2747 1798 praebuit.
2785 1725 3010 1782 Animus
3034 1725 3176 1780 enim
3206 1724 3426 1780 dolosus
3453 1737 3564 1780 non

1973 1817 2258 1873 arbitrium
2283 1819 2528 1889 sequitur
2550 1817 2884 1888 imperantis,
2916 1816 3010 1872 sed
3036 1830 3162 1872 suas
3189 1814 3369 1886 potius
3391 1813 3564 1886 expli-

241 1923 377 1968 rum
432 1911 700 1968 decenter
745 1908 961 1966 abscisi.
993 1908 1196 1963 Verum
1238 1914 1296 1963 te
1342 1906 1460 1962 hinc
1501 1904 1870 1960 remuneratio
1898 1915 1950 1978 Β
1973 1922 2063 1968 cat
2089 1911 2414 1968 voluntates.
2446 1910 2667 1967 Habetis
2687 1919 2835 1966 certe
2860 1910 3080 1966 evidens
3107 1915 3350 1965 nostrum
3378 1907 3433 1962 in
3462 1906 3565 1964 bac
3612 1974 3615 1975 ν

244 2000 527 2056 satietate
556 2016 665 2055 non
695 1997 929 2071 expleat,
973 2013 1076 2054 nec
1119 1997 1212 2053 det
1255 1996 1531 2052 laboribus
1572 1995 1676 2051 tuis
1711 1994 1872 2051 ferias

243 2094 439 2150 nostri
485 2094 604 2149 laus
646 2093 866 2149 inventa
905 2091 1116 2162 judicii.
1153 2088 1575 2146 Desiderabilior
1631 2086 1873 2158 quinimo

244 2187 327 2244 sit
359 2186 654 2252 honestas,
684 2200 805 2243 cum
835 2183 1082 2255 pervenit
1103 2182 1170 2238 ad
1199 2181 1511 2254 praemium;
1541 2188 1595 2236 et
1623 2187 1755 2236 tunc
1778 2177 1875 2235 fiat

246 2278 481 2349 gratius
530 2277 746 2333 labores
795 2275 985 2332 anxios
1036 2275 1200 2330 fuisse
1249 2287 1596 2345 perpessum,
1647 2286 1770 2328 cum
1819 2279 1874 2327 te

246 2371 504 2429 fructum
554 2387 743 2427 eorum
799 2369 1056 2440 intelligis
1104 2368 1392 2424 invenisse.
1449 2365 1696 2422 Honores
1743 2377 1873 2435 ergo

248 2461 402 2535 qués
433 2462 605 2519 sumis
633 2477 702 2518 ex
729 2461 953 2527 chartis,
983 2461 1150 2517 redde
1179 2461 1246 2516 de
1273 2459 1504 2516 meritis.
1535 2457 1688 2515 Nosti
1730 2458 1874 2514 enim

251 2555 430 2625 bene,
463 2572 574 2626 quo
605 2556 760 2612 nobis
785 2555 964 2612 studio
988 2554 1287 2626 placeatur,
1320 2553 1414 2624 qui
1439 2553 1509 2609 ab
1552 2551 1721 2624 ipsius
1749 2567 1876 2609 con-

252 2649 371 2710 silii
396 2649 770 2722 penetralibus
798 2649 972 2706 venis.
1003 2648 1329 2714 Meministi,
1359 2647 1572 2717 quoties
1599 2645 1744 2717 apud
1775 2661 1876 2702 nos

250 2735 477 2801 laudati
503 2743 612 2798 sint
645 2743 980 2809 innocentes,
1013 2743 1230 2812 quoties
1265 2741 1424 2798 bonis
1448 2741 1657 2798 actibus
1686 2740 1873 2797 reddi-

194 2825 202 2833 ’
257 2837 454 2894 dimus
501 2837 696 2894 vicem.
743 2834 850 2892 Ore
885 2843 980 2891 tuo
1004 2835 1208 2905 judicia
1256 2845 1440 2890 nostra
1478 2835 1873 2904 loquebamur:

256 2930 536 3004 exemplis
557 2929 755 2985 talibus
777 2929 1021 2985 incitare.
1041 2927 1172 2983 Esto
1193 2927 1518 2984 innocentiae
1540 2927 1802 2997 templum
1822 2924 1872 2994 ι’,

252 3011 652 3095 temperantiae
675 3023 993 3089 sacrarium,
1019 3037 1112 3077 ara
1131 3021 1375 3091 justitiae.
1407 3021 1563 3078 Absit
1589 3038 1620 3076 a
1645 3020 1877 3091 judicia-

255 3116 368 3174 riis
427 3115 703 3172 mentibus
744 3114 952 3185 aliquid
998 3114 1306 3185 profanum.
1357 3112 1457 3171 Pio
1501 3113 1731 3186 principi
1777 3113 1878 3172 sub

258 3208 514 3282 quodam
542 3207 849 3264 sacerdotio
877 3206 1168 3262 serviatur.
1514 3206 1515 3209 “

819 3359 1158 3420 EPISTOLA
1197 3361 1336 3420 XIII.

501 3491 728 3533 SENATUI
758 3492 906 3534 URBIS
935 3493 1094 3534 ROIE
1127 3492 1494 3535 THEODORICUS
1520 3493 1648 3534 REX.

263 3593 562 3667 Signiﬁcat
593 3611 648 3649 se
675 3594 744 3649 ad
772 3593 1058 3667 magisterii
1079 3609 1263 3648 manus
1287 3591 1594 3667 Eugenium
1614 3592 1881 3667 subrectis-

339 3665 538 3750 senui
565 3665 811 3750 inaa'bnis
839 3665 1081 3750 laudibus
1112 3665 1416 3732 exornatur,
1449 3665 1588 3736 quod
1605 3666 1879 3736 quamoris

339 3735 572 3808 oﬂicium
603 3735 730 3791 bene
757 3735 1065 3790 exercuerit.

339 3849 612 3922 Dignitas,
657 3848 849 3905 Patres
888 3848 1215 3920 Conscripti,
1253 3848 1381 3904 dum
1424 3848 1492 3904 ad
1544 3847 1879 3919 incognitum

267 3947 460 4013 venit,
492 3945 691 4001 donum
721 3952 837 4012 est;
877 3958 1000 4000 cum
1042 3943 1110 3998 ad
1153 3951 1461 4015 expertum,
1503 3942 1880 4015 compensatio

267 4042 630 4105 meritorum;
658 4052 889 4109 quorum
918 4038 1056 4093 alter
1075 4037 1290 4094 debitor
1307 4037 1516 4109 judicii,
1541 4037 1680 4092 alter
1704 4036 1878 4092 obno-

268 4131 391 4189 xius
430 4140 520 4188 est
558 4129 749 4186 favori.
784 4128 896 4185 Hos
924 4129 1069 4185 enim
1107 4129 1468 4186 aestimatione
1510 4129 1877 4195 subvehimus,

245 4218 416 4308 .alios
467 4221 639 4291 gratia
669 4235 1082 4291 promovemus,
1113 4228 1168 4276 et
1210 4219 1276 4275 ad
1315 4236 1506 4276 omnes
1535 4219 1880 4290 indulgentiae

270 4319 390 4374 vias
422 4325 613 4373 nostra
637 4331 696 4372 se
721 4316 932 4372 relaxat
954 4316 1284 4371 humanitas.
1329 4315 1435 4372 Sed
1479 4315 1680 4370 amoris
1715 4313 1879 4370 vestri

274 4409 483 4465 intuitu
529 4423 970 4471 commonemur,
1023 4407 1238 4477 quotics
1286 4406 1340 4461 in
1388 4413 1629 4461 vestrum
1678 4413 1880 4460 emtum

276 4499 519 4565 ducitur,
549 4498 640 4569 qui
683 4498 750 4554 de
777 4497 1029 4566 gloriosis
1054 4495 1344 4550 virtutibus
1369 4495 1687 4549 aestimatur.
1716 4493 1881 4560 Quid—

275 4590 410 4660 quid
433 4590 581 4644 enim
602 4588 826 4644 humani
855 4587 1072 4657 generis
1111 4587 1262 4642 floris
1290 4594 1394 4651 est,
1425 4586 1628 4641 habere
1673 4586 1880 4642 curiam

1975 2011 2131 2076 parte
2155 2004 2446 2074 judicium;
2477 2011 2538 2060 ut
2564 2013 2688 2076 post
2716 2004 2859 2060 illius
2888 2003 3056 2074 apicis
3084 2002 3296 2058 culmen
3315 2041 3331 2068 ,
3373 1999 3442 2058 ad
3487 2000 3566 2056 al-

1975 2105 2147 2153 teram
2195 2096 2586 2154 conscenderet
2630 2096 2980 2166 dignitatem;
3034 2109 3133 2151 nec
3187 2093 3330 2166 passi
3382 2107 3568 2150 sumus

1975 2189 2236 2258 otiosum,
2258 2205 2419 2260 quem
2453 2190 2644 2244 merita
2677 2205 2784 2244 non
2815 2189 3063 2245 sinebant
3099 2201 3219 2243 esse
3244 2170 3564 2258 privatum:

1974 2283 2156 2339 sereni
2201 2282 2331 2337 solis
2373 2283 2850 2338 consuetudinibus
2901 2280 3273 2349 :cstimandus,
3317 2281 3409 2352 qui
3443 2280 3570 2338 licet
3638 2277 3644 2283 ’

1974 2383 2287 2445 susceptum
2315 2374 2455 2429 diem
2485 2384 2726 2445 peragat,
2761 2373 2988 2428 alterum
3020 2380 3196 2427 tamen
3226 2371 3416 2428 eadem
3443 2384 3570 2440 gra-

1977 2467 2054 2524 tia
2084 2467 2348 2524 claritatis
2375 2467 2658 2523 illuminat.
2691 2467 2847 2522 Hunc
2871 2479 3022 2536 ergo,
3053 2463 3112 2520 Ρ.
3140 2465 3227 2530 (3.,
3252 2472 3335 2521 tot
3363 2463 3571 2520 meritis

1978 2561 2228 2637 absolute
2255 2560 2584 2617 relucentem
2628 2559 2782 2616 favor
2822 2569 3002 2616 vester
3042 2559 3298 2631 excipiat.
3352 2557 3571 2616 Debetis

1979 2655 2124 2710 enim
2146 2655 2287 2709 bene
2315 2655 2646 2722 gerentibus,
2673 2666 2731 2709 ut
2753 2669 2848 2710 eos
2870 2653 3044 2709 laudis
3063 2661 3260 2711 vestrae
3282 2653 3572 2710 comitetur

1978 2758 2251 2802 assensus.
2283 2745 2416 2800 Nam
2445 2746 2488 2802 si
2519 2761 2780 2816 equorum
2803 2762 2992 2802 cursus
3017 2747 3296 2802 hominum
3317 2743 3570 2802 clamOri-

1978 2838 2081 2895 bus
2110 2840 2393 2904 incitatur,
2426 2849 2480 2895 et
2509 2839 2874 2895 insonantium
2911 2839 3162 2895 manibus
3205 2839 3400 2908 agitur,
3443 2845 3502 2893 ut
3540 2851 3572 2892 a

1979 2931 2145 2987 mutis
2169 2931 2492 2987 animalibus
2519 2931 2783 2988 velocitas
2808 2938 3118 3002 appetatur,
3163 2939 3421 3001 quantum
3449 2926 3574 2984 inde

1980 3024 2230 3080 homines
2274 3007 2542 3079 stimulari
2588 3038 2750 3094 posse
2786 3022 3076 3090 credimus,
3113 3037 3250 3093 quos
3285 3020 3354 3079 ad
3399 3019 3573 3078 laudis

1980 3115 2293 3174 aviditatem
2321 3121 2478 3174 natos
2507 3115 2853 3186 singulariter
2883 3113 3213 3172 invenimus!

2511 3243 2849 3305 EPISTOLA
2885 3245 3023 3304 XIV.

2084 3378 2288 3422 nusro
2318 3373 2614 3422 νηπετο
2642 3379 2926 3424 ramento
2955 3377 3322 3422 rusonomcus
3345 3361 3475 3424 axx.

1983 3481 2237 3556 Praecipit
2263 3491 2320 3538 ut
2348 3500 2509 3556 genus
2539 3482 2832 3556 Tertiarum
2860 3481 2996 3556 quod
3035 3479 3448 3556 Catnnliensibu's
3474 3479 3578 3537 im-

2234 3553 2535 3626 perabatur,
2559 3555 2713 3610 annis
2737 3555 2956 3628 singulis
2985 3553 3327 3626 persoluetur.

2054 3667 2310 3725 Libentes
2362 3667 2615 3725 omnibus
2665 3667 2843 3724 modis
2904 3667 3208 3740 praebemus
3260 3678 3570 3733 assensum,

1982 3761 2199 3836 quoties
2227 3757 2254 3798 ά
2283 3775 2392 3817 vox
2426 3769 2510 3818 est
2532 3760 2676 3830 justa
2705 3760 3049 3832 poscentium
3081 3777 3096 3815 τ
3127 3759 3254 3829 quia
3280 3773 3383 3815 nec
3419 3757 3579 3814 decet

1982 3869 2105 3914 esse
2135 3853 2352 3910 difficile
2381 3853 2722 3921 beneficium,
2752 3852 2899 3923 quod
2938 3852 3186 3922 largitate
3228 3866 3337 3906 non
3379 3847 3580 3920 patitur

1981 3945 2388 4004 detrimentum.
2437 3943 2508 3999 Et
2548 3946 2673 4001 ideo
2715 3943 2975 4016 prmcelsa
3020 3940 3420 4012 magnificentia
3466 3945 3578 4006 tua,

1981 4029 2129 4108 quod
2175 4052 2207 4092 a
2250 4036 2684 4093 Cathaliensibus
2719 4035 3070 4102 inferebatur,
3101 4047 3270 4104 genus
3297 4031 3579 4087 tertiarum

1981 4135 2146 4192 faciat
2187 4133 2342 4190 annis
2370 4131 2596 4204 singulis
2633 4129 2688 4185 in
2726 4127 3010 4184 tributaria
3066 4137 3272 4182 summa
3312 4119 3579 4192 persolvi;

1981 4245 2086 4287 nec
2116 4237 2238 4302 post
2265 4243 2429 4300 super
2456 4227 2559 4282 hac
2586 4231 2741 4295 parte
2761 4222 3036 4294 patiantur
3056 4217 3328 4288 supplices
3347 4213 3580 4284 aliquam

1983 4319 2359 4392 quaestionem.
2393 4315 2532 4385 Quid
2557 4316 2699 4372 enim
2730 4315 2958 4370 interest
2983 4326 3092 4383 quo
3121 4309 3340 4366 nomine
3366 4320 3580 4380 posses-

1983 4427 2077 4468 sor
2106 4411 2322 4477 inferat,
2358 4408 2650 4465 dummodo
2681 4407 2799 4464 sine
2828 4403 3204 4461 imminntionc
3231 4400 3377 4472 quod
3412 4398 3577 4455 debe-

1984 4512 2091 4569 tur,
2116 4503 2398 4559 exsolvat?
2418 4501 2496 4557 Ita
2519 4511 2575 4557 et
2596 4500 2698 4556 illis
2723 4505 3040 4570 Suspectum
3059 4495 3362 4553 Tertiarum
3383 4505 3578 4549 nomen

1983 4593 2297 4668 auferimus,
2323 4602 2379 4651 et
2407 4610 2440 4651 a
2469 4602 2654 4650 nostra
2689 4591 3105 4650 mansuetudine
3145 4587 3580 4661 importunitatcs

278 4679 441 4738 decet
469 4691 494 4721 ε
517 4699 530 4749 ;
555 4694 677 4752 quae
704 4680 845 4735 sicut
863 4694 959 4735 arx
990 4679 1156 4736 decus
1183 4686 1265 4734 est
1291 4677 1530 4742 urbium,
1560 4675 1633 4732 ita
1670 4675 1756 4732 illa
1785 4693 1877 4734 or-
1913 4708 1964 4772 υ
1988 4687 2410 4760 competenti“;
2436 4687 2841 4746 submovemus,

312 4987 316 4998 ,
355 4944 378 4970 η
411 4931 530 4988 lioc
572 4939 658 4988 est
697 4929 945 4986 advocati
991 4926 1251 4995 officium,
1298 4933 1359 4983 ut
1404 4929 1700 4986 secundum
1741 4927 1881 4999 juris

283 5005 540 5073 ordinem,
556 5002 792 5072 suscepti
817 5001 902 5057 sui
929 5015 1148 5073 causam
1171 5007 1391 5071 peroret
1416 5018 1428 5054 :
1454 5002 1691 5071 nunquid
1720 5009 1879 5073 pple-

286 5073 355 5130 rit
369 5071 476 5132 vita
495 5072 634 5144 ejus,
655 5073 700 5144 si
717 5069 894 5144 turpis
916 5079 1015 5138 est,
1039 5069 1232 5144 obesse
1253 5086 1429 5127 causae
1449 5069 1683 5144 suscepti
1703 5069 1879 5128 iper-

287 5157 422 5201 sona
447 5147 592 5200 enim
619 5143 875 5199 advocati
906 5158 1008 5214 nec
1037 5143 1260 5208 obesse,
1293 5158 1394 5197 nec
1421 5143 1680 5212 prodesse
1717 5151 1877 5214 pote-

288 5216 375 5282 rit,
403 5217 576 5286 inquit
604 5215 950 5286 Augustinus.
982 5213 1166 5281 Qualis
1191 5215 1334 5270 enim
1364 5214 1524 5270 fuerit
1553 5213 1754 5282 causai,
1797 5213 1880 5271 sic

288 5295 346 5344 et
370 5285 785 5357 respondebitur
811 5285 885 5340 ei.
917 5285 1108 5357 Bnoss.

359 5359 387 5398 δ
419 5354 509 5416 Sic
537 5358 672 5414 dixit
692 5357 786 5413 lib.
817 5371 890 5423 v1,
922 5354 1077 5428 form.
1108 5357 1163 5428 5,
1195 5356 1465 5427 quoddam
1488 5372 1606 5413 esse
1623 5354 1881 5428 sacerdo-

293 5429 421 5484 tium
449 5437 599 5487 recte
630 5441 791 5497 agere
805 5424 1180 5497 praefecturam
1197 5424 1596 5497 praetorianam.
1622 5425 1689 5497 Et
1716 5424 1879 5483 form.

291 5497 359 5568 i9
381 5500 617 5568 ejusdem
641 5495 784 5556 libri.
808 5495 981 5568 Simili
1011 5497 1258 5568 exemplo
1289 5495 1550 5568 Ulpianus
1576 5499 1630 5553 in
1658 5496 1752 5552 lib.
1777 5514 1793 5552 ι
1816 5497 1884 5554 de

295 5567 504 5628 Iustitia
533 5581 592 5629 et
612 5571 737 5639 jure
759 5577 919 5627 vocat
943 5567 1366 5639 iurisconsultos
1389 5569 1701 5626 sacerdotes
1723 5569 1883 5639 justi-

294 5642 409 5769 ἓἱᾷ
440 5651 495 5699 et
515 5651 578 5700 ut
600 5636 954 5716 Symmachus
970 5639 1063 5697 lib.
1087 5655 1143 5708 ι,
1168 5655 1254 5712 ep.
1282 5637 1369 5708 5i,
1391 5648 1448 5696 et
1465 5640 1559 5697 lib.
1575 5636 1768 5712 vn,ep.
1793 5636 1882 5696 58.

363 5731 549 5769 uerus.

329 5729 549 5770 URETUS.

370 5795 393 5823 ο
424 5785 540 5842 Hoc
559 5785 808 5855 exemplo
831 5783 966 5840 dixit
985 5781 1261 5838 Ennodius
1280 5781 1334 5838 in
1355 5780 1686 5855 Panegyrico
1706 5781 1880 5855 Theo-

299 5851 516 5914 derici:
559 5875 578 5909 ‹
623 5851 892 5912 Coronam
939 5855 1102 5910 curiae
1148 5855 1431 5910 innumero
1481 5851 1614 5910 flore
1664 5854 1876 5922 velasti,

300 5926 501 5984 nullum
539 5928 608 5984 de
637 5927 933 5982 honoribus
964 5927 1136 5994 tetigit
1161 5923 1487 5996 desperatio,
1520 5941 1679 5996 quem
1725 5926 1879 5993 juve-

300 6006 424 6062 runt
463 5998 845 6071 deprecantem
885 5999 1024 6054 bona
1052 5997 1424 6065 conscientiae;
1461 6017 1479 6050 ι
1525 5997 1721 6068 quibus
1748 6011 1880 6052 con-

1983 4935 2150 4992 sentit
2173 4933 2432 4992 Nazarius
2460 4953 2476 4992 :
2510 4953 2531 4990 ι
2565 4933 2818 5005 Sensisti,
2847 4933 3042 5002 Roma,
3069 4939 3126 4991 te
3149 4931 3366 4990 tandem
3395 4944 3576 4986 arcem

1979 5008 2224 5065 omnium
2251 5008 2512 5078 gentium,
2545 5014 2600 5063 et
2628 5014 2895 5063 terrarum
2922 5021 3041 5078 esse
3073 5005 3332 5078 reginam,
3357 5018 3478 5078 cum
3509 5015 3576 5057 ex

1982 5078 2235 5137 omnibus
2255 5072 2551 5149 provinciis
2578 5079 2866 5148 optimates
2895 5077 3041 5133 viros
3065 5072 3226 5131 curiae
3254 5081 3361 5149 tute
3388 5072 3576 5144 pigno-

1982 5150 2215 5219 raveris,
2244 5145 2304 5206 ut
2331 5157 2552 5206 senatus
2591 5145 2827 5218 dignitas
2870 5163 2980 5205 non
2999 5217 3008 5219 ᾗ
3026 5155 3139 5219 ta_m
3165 5145 3384 5200 nomine
3413 5157 3575 5211 quam

1983 5237 2043 5276 re
2072 5217 2218 5278 esset
2247 5219 2520 5288 illustrior,
2548 5217 2672 5278 cum
2706 5220 2870 5278 totius
2895 5217 3199 5288 orbisilore
3223 5220 3518 5288 constaret.
3551 5231 3570 5266 ι

1981 5291 2119 5349 illud
2157 5299 2338 5348 autem
2379 5306 2486 5347 non
2507 5284 2790 5358 omittam,
2826 5287 3227 5357 iieliogabalum
3256 5284 3393 5341 adeo
3415 5298 3574 5339 sena-

1986 5370 2100 5420 tum
2124 5364 2534 5434 contempsisse,
2567 5371 2627 5419 ut
2651 5360 2916 5434 mancipia
2956 5364 3140 5428 togata
3180 5362 3462 5414 senatores
3489 5369 3578 5426 ap-

1984 5435 2232 5510 pellaret,
2265 5433 2974 5510 t_e_ste_Lampridio._Bnos_s_.

2058 5503 2084 5544 ἀ
2116 5496 2255 5578 Npta
2279 5505 2371 5563 hic
2394 5505 2534 5577 juste
2553 5496 2861 5578 petentibus
2889 5502 3022 5560 nihil
3047 5517 3170 5561 esse
3192 5496 3572 5558 recusandum.

1986 5576 2133 5636 idem
2157 5576 2339 5635 Plaut.
2363 5576 2416 5634 in
2442 5576 2710 5649 Amithitr.
2748 5593 2762 5630 :

2111 5673 2296 5722 Justam
2321 5685 2427 5722 rem
2455 5678 2507 5721 et
2531 5645 2722 5720 facilem
2748 5679 2864 5718 esse
2888 5672 3074 5716 oratam
3100 5679 3126 5716 a
3144 5664 3281 5717 vobis
3300 5645 3430 5715 volo.

2113 5735 2236 5787 Nam
2257 5735 2390 5796 juste
2414 5749 2441 5784 a
2462 5735 2606 5797 justis
2627 5733 2787 5794 justus
2817 5742 2925 5782 sum
2945 5733 3109 5797 orato_r
3132 5727 3294 5777 datus.

3070 5791 3257 5848 Bnoss.

2059 5920 2078 5952 ¹
2106 5916 2209 5974 Ms.
2243 5915 2405 5984 Aud.,
2433 5915 2526 5972 Gr.
2550 5922 2605 5970 ct
2632 5913 2693 5971 C.
2725 5913 2862 5981 Quid
2889 5913 3025 5970 enim
3047 5911 3253 5983 dignius
3281 5909 3358 5968 es!
3382 5905 3452 5964 ad
3479 5900 3573 5984 of.

1984 5992 2031 6047 si
2056 6007 2149 6061 per
2167 6004 2286 6044 eum
2306 5986 2632 6060 impendatur
2659 5997 2891 6056 ornatus,
2921 5986 3025 6059 qui,
3059 5992 3165 6042 etc.
