3992 6454
413 418 524 485 519

966 530 1299 592 EPISTOLA
1337 531 1453 591 XV.

448 641 619 688 mro
652 639 777 686 νιιιο
811 642 1058 685 ιιιυετιιι
1096 645 1271 693 ATQUE
1318 641 1562 683 PATRICIO
1601 636 1970 681 THEODOBICUS

1146 717 1271 755 REX.

411 793 505 854 Illi
530 797 859 853 commendat
896 798 1164 853 tuitionem
1206 798 1388 852 domus
1426 798 1634 868 patricii
1682 794 1888 868 Agnelli
1937 790 2012 847 ad

895 870 1131 941 Africam
1160 869 1536 924 descendentis.

485 985 713 1043 Gratum
751 986 909 1042 nobis
956 994 1068 1053 est,
1113 986 1327 1056 quoties
1373 984 1441 1041 de
1484 982 1866 1055 magnitudinis
1903 989 2011 1036 tum

417 1080 626 1135 meritis
670 1079 956 1133 :estimatio
1008 1078 1129 1133 talis
1178 1076 1444 1148 procedit,
1486 1084 1547 1131 ut
1580 1083 1636 1131 et
1676 1075 2010 1130 inﬁrmorum

419 1172 709 1240 auxilium,
753 1179 807 1226 et
848 1171 1154 1226 absentium
1202 1170 1440 1226 credaris
1479 1184 1601 1225 esse
1653 1167 1827 1223 tuitio.
1876 1164 2013 1219 Nam

420 1264 544 1319 ideo
591 1272 649 1319 et
696 1271 919 1319 senator
949 1264 1097 1336 [ms.,
1129 1262 1371 1334 senatus]
1400 1262 1549 1332 prior
1588 1275 1709 1316 esse
1746 1257 2014 1326 meruisti,

422 1361 482 1408 ut
512 1362 566 1408 te
592 1353 945 1423 sequentibus
988 1368 1088 1424 pro
1119 1354 1341 1423 justitia:
1374 1352 1837 1423 contemplatione
1875 1364 2016 1421 pra:-

420 1452 615 1501 stares.
649 1443 803 1500 Unde
832 1445 890 1499 tit
918 1456 977 1501 ut
1003 1446 1146 1500 bona
1174 1445 1331 1501 nobis
1375 1446 1442 1500 de
1477 1454 1531 1500 te
1570 1454 1779 1501 crescat
1807 1434 2013 1514 Opinio,

421 1536 672 1605 gloriosa:
700 1537 927 1592 actionis
966 1536 1235 1607 exemplo.
1267 1536 1409 1592 Nulli
1440 1538 1582 1592 enim
1612 1535 1832 1607 propria
1870 1549 1959 1590 res
1984 1548 2017 1589 a

422 1626 737 1683 discedente
766 1628 1139 1695 committitur,
1170 1628 1275 1684 nisi
1303 1628 1371 1685 de
1398 1628 1551 1697 cujus
1571 1627 1712 1683 bona
1732 1627 2017 1684 conscien-

427 1720 500 1775 tia
524 1719 817 1789 jndicatur.
855 1718 1062 1776 Idcirco
1090 1721 1345 1792 praesenti
1383 1719 1625 1790 jussione
1653 1719 2016 1789 decernimus,

426 1818 484 1865 ut
522 1810 716 1866 domus
757 1811 968 1882 patricii
1009 1811 1218 1880 Agnelli
1248 1810 1317 1866 ad
1354 1809 1588 1867 Africam
1616 1809 2015 1875 descendentis,

1662 416 1735 475 Μ.
1775 412 2056 476 AURELII
2090 406 2491 472 CASSIODORI
3194 470 3205 480 ,

2029 533 2088 594 Δ
2108 526 2412 599 supplicum
2435 525 2630 580 damna
2647 566 2663 595 ,
2691 522 2765 579 ita
2797 520 2956 579 nobis
2978 532 3169 579 eorum
3195 516 3475 576 fructuosa
3502 514 3761 571 debent

3614 394 3762 455 520

2111 636 2234 679 esse
2260 617 2601 691 compendia.

2642 752 2976 811 EPISTOLA
3010 749 3172 807 XVII.

2116 864 2384 908 UNWERSIS
2410 864 2599 908 GO'I'BIS
2622 865 2693 904 ΕΤ
2722 862 2950 903 ROIANIS
2970 859 3235 901 DERTONE
3260 850 3754 900 οοιεδιετειπωω

2648 934 3013 975 THBODOMCUS
3040 932 3167 972 REX.

2117 1013 2364 1085 Prwcipit
2389 1022 2613 1067 castrum
2641 1013 2781 1065 circa
2808 1026 2894 1085 eos
2924 1012 3176 1085 positum,
3210 1009 3330 1061 dum
3360 1021 3489 1077 pace
3518 1005 3751 1085 [russu-

2189 1079 2299 1149 tur,
2317 1086 2688 1151 communiunt,
2719 1098 2781 1135 ac
2810 1083 2989 1135 domos
3018 1079 3114 1134 sibi
3142 1081 3196 1133 in
3222 1096 3281 1133 eo
3309 1084 3659 1131 construant.

2192 1176 2431 1233 Publicm
2479 1176 2729 1231 utilitatis
2782 1174 2994 1230 ratione
3045 1172 3361 1229 commoniti
3409 1170 3571 1241 (qua:
3624 1180 3753 1221 nos

2118 1283 2248 1325 cura
2286 1282 2502 1338 semper
2539 1267 2769 1321 libenter
2801 1264 3090 1335 oneravit),
3139 1270 3375 1319 castrum
3414 1260 3583 1329 juxta
3629 1270 3752 1311 vos

2119 1360 2357 1431 positum
2387 1358 2731 1430 przecipimus
2766 1355 3085 1412 communiri
3120 1373 3134 1409 :
3168 1362 3193 1390 ιι
3216 1354 3342 1425 quia
3382 1367 3474 1406 res
3498 1348 3752 1421 prmlio-

2118 1467 2241 1507 rum
2264 1451 2405 1506 bene
2434 1448 2757 1519 disponitur,
2787 1448 3002 1517 quoties
3031 1447 3083 1502 in
3113 1460 3250 1516 pace
3278 1451 3564 1499 tractatur.
3603 1439 3749 1495 Mn-

2121 1542 2256 1599 nitio
2282 1542 2483 1612 quippe
2503 1549 2631 1597 tunc
2660 1539 2891 1595 efﬁcitur
2918 1538 3229 1610 praevalida,
3252 1537 3298 1592 si
3320 1536 3529 1591 diutina
3558 1533 3750 1588 fuerit

2120 1634 2522 1703 excogitatione
2550 1632 2828 1688 roborata.
2860 1630 3053 1686 Omnia
3092 1628 3269 1685 subita
3298 1627 3610 1698 probantur
3643 1625 3747 1679 in-

2121 1735 2302 1794 cauta,
2332 1732 2387 1780 et
2416 1724 2558 1779 male
2586 1723 2917 1780 constructio
2940 1722 3046 1778 loci
3076 1732 3203 1776 tunc
3232 1720 3515 1791 quaeritur,
3546 1732 3749 1787 quan-

2120 1816 2193 1873 do
2211 1816 2323 1887 jam
2342 1816 2583 1887 pericula
2606 1814 2981 1871 formidantur.
3008 1812 3159 1868 Adde
3184 1811 3329 1882 quod
3350 1811 3567 1865 animus
3615 1810 3749 1879 ipse

422 1906 513 1975 qui
557 1920 780 1975 regnum
814 1914 1005 1976 petens
1040 1906 1283 1971 alterius,
1316 1907 1516 1963 nostris
1559 1914 1642 1963 est
1691 1904 2016 1961 utilitatibus
2047 1921 2091 1982 Β
2119 1927 2229 1967 non
2284 1918 2466 1982 potest
2512 1924 2633 1965 esse
2680 1908 2735 1963 in
2780 1906 3062 1963 audaciam
3106 1921 3331 1978 pronus,
3371 1904 3467 1973 qui
3505 1902 3745 1956 diversa

421 2000 745 2069 serviturus,
788 2002 951 2058 salvis
998 2001 1207 2072 legibus
1254 2010 1346 2056 tua
1386 2001 1613 2057 tuitione
1651 1998 2014 2054 valleturzne

424 2091 693 2148 violentos
719 2091 1037 2162 cujusquam
1062 2094 1293 2163 impetus
1314 2092 1585 2147 subtracta
1608 2089 1809 2145 domini
1830 2088 2017 2144 defen-

422 2180 579 2236 sione
626 2181 884 2251 patiatur.
937 2181 1143 2238 Pervite
1190 2191 1317 2238 sunt
1363 2182 1508 2237 enim
1554 2194 1771 2251 semper
1813 2178 2021 2249 injuriis

424 2272 713 2329 facultates
742 2274 1077 2343 absentium;
1110 2286 1165 2331 et
1190 2274 1591 2347 quodammodo
1619 2274 1832 2329 videtur
1860 2288 2022 2329 occa-

424 2364 510 2419 sio
557 2365 803 2424 homines
854 2370 907 2422 in
954 2368 1212 2425 delictum
1257 2369 1493 2435 trahere,
1535 2384 1655 2438 qua:
1694 2382 1804 2422 non
1842 2374 2025 2437 potest

427 2456 667 2512 animum
706 2460 1053 2529 pervadentis
1096 2461 1164 2517 de
1210 2461 1564 2517 resultatione
1606 2468 1828 2515 terrere.
1871 2458 2026 2513 Ideo-

427 2562 535 2617 que
563 2550 830 2607 celsitudo
858 2561 1069 2618 vestra,
1101 2569 1264 2624 quam
1292 2562 1476 2609 votum
1508 2553 1655 2624 pium
1701 2561 1785 2607 est
1825 2550 2027 2607 habere

428 2641 682 2710 vicinam,
722 2645 896 2713 erigat
943 2645 1196 2712 humiles,
1250 2645 1443 2715 eripiat
1490 2642 1904 2716 opprimendos;
1948 2649 2023 2709 et,

429 2731 575 2800 quod
620 2735 982 2803 potestatibus
1013 2751 1194 2790 rarum
1234 2744 1336 2804 est,
1375 2734 1628 2805 proﬁcias
1666 2733 1898 2800 cunctis,
1934 2732 2027 2804 qui

430 2823 698 2883 universis
726 2827 922 2884 celsior
950 2827 1227 2884 inveniris.

966 2980 1301 3040 EPISTOLA
1342 2985 1476 3041 XVI.

573 3109 791 3154 JULIANO
819 3112 1001 3154 COIITI
1028 3108 1333 3155 PATRIMONII
1366 3112 1730 3155 THEODORICUS
1758 3114 1885 3154 REX.

429 3204 585 3263 lubet
625 3210 873 3283 discutiat
917 3228 1130 3267 causam
1174 3212 1458 3283 Apulorum
1506 3210 1875 3283 conductorum
1918 3214 2033 3283 [ru-

504 3282 697 3345 mcnti,
727 3284 812 3353 qui
839 3286 1103 3346 conquesti
1135 3285 1343 3353 fuerant
1372 3285 1631 3352 frumenta
1661 3282 1759 3335 sibi
1789 3282 2031 3337 inimico-

508 3364 623 3403 rum
668 3352 1078 3424 subreptionibus
1130 3352 1488 3424 concremata;
1517 3361 1566 3405 et
1598 3353 1821 3424 imperat
1850 3354 1915 3424 (si
1956 3355 2032 3407 ita

508 3435 594 3473 res
618 3437 672 3493 se
698 3421 874 3493 habet)
906 3432 961 3474 ut
988 3424 1050 3476 de
1077 3424 1287 3492 reliquis
1316 3422 1500 3489 prima
1526 3421 1824 3479 indictionis
1856 3421 2031 3479 habita

509 3490 864 3546 moderatione
893 3494 1153 3547 detrahat.

511 3601 647 3659 Illud
677 3606 906 3675 amplius
935 3606 1135 3661 nostris
1157 3606 1478 3664 utilitatibus
1506 3609 1861 3680 applicamus,
1891 3610 2038 3679 quod

442 3695 783 3752 misericordi
815 3698 1149 3753 humanitate
1176 3700 1542 3757 concedimus.
1578 3700 1872 3772 chnantis
1895 3702 2039 3757 enim

445 3791 677 3847 facultas
704 3800 831 3849 tunc
859 3793 919 3847 tit
947 3791 1130 3859 ditior,
1162 3808 1283 3851 cum
1307 3794 1561 3862 remittit;
1593 3806 1647 3850 et
1676 3795 1908 3867 acquirit
1937 3811 2038 3851 no-

445 3881 582 3938 biles
637 3883 918 3940 thesauros
972 3883 1159 3955 famae,
1215 3887 1460 3957 neglecta
1513 3888 1720 3945 vilitate
1773 3889 2035 3960 pecunim.

450 3972 587 4031 Iliae
608 3984 690 4031 est
711 3976 858 4045 quod
878 3979 1284 4034 consuetudinis
1309 3988 1508 4036 nostrae
1533 3982 1869 4038 humanitate
1889 3996 2043 4038 com-

449 4068 661 4133 moniti,
686 4082 848 4140 opem
878 4070 1054 4139 fessis,
1087 4087 1305 4127 manum
1335 4074 1661 4144 porrigimus
1688 4074 1952 4139 oneratis;
1986 4079 2045 4128 ut

451 4161 671 4231 pietatis
711 4170 913 4219 nostras
960 4164 1203 4221 remedio
1243 4176 1485 4237 surgant,
1531 4168 1623 4237 qui
1664 4167 1897 4223 fortuna:
1935 4182 2046 4223 suae

455 4254 753 4311 acerbitate
782 4266 1120 4313 corruerant.
1152 4258 1364 4315 Dudum
1393 4260 1659 4331 siquidem
1688 4260 2048 4316 conductores

454 4345 614 4415 Apuli
640 4346 924 4417 deplorata
971 4350 1129 4404 nobis
1174 4350 1411 4406 aditione
1440 4352 1724 4422 conquesti
1753 4359 1898 4418 sunt,
1933 4352 2046 4406 fru-

457 4445 639 4492 menta
677 4438 779 4493 sibi
813 4440 1153 4496 inimicorum
1191 4442 1626 4514 subreptionibus
1655 4449 1998 4497 concremata
2032 4460 2045 4495 :

455 4527 793 4598 postulantes
819 4544 889 4585 ne
916 4541 1178 4600 cogantur
1204 4532 1272 4587 ad
1320 4532 1585 4601 integram
1624 4533 2050 4604 prtestationem,

459 4619 656 4689 quibus
721 4622 1165 4678 commerciorum
1224 4637 1349 4680 sunt
1414 4622 1701 4679 commoda
1766 4622 2050 4679 diminuta.

2124 2004 2288 2061 fuerit
2315 2018 2445 2060 cura
2472 2001 2756 2059 sollicitus.
2787 1997 2940 2056 lianc
2968 1998 3161 2054 merito
3191 1996 3606 2069 expeditionem
3632 2010 3743 2049 no-

2122 2097 2401 2151 minavere
2443 2095 2717 2165 majores,
2765 2094 2892 2164 quia
2936 2108 3091 2149 mens
3139 2092 3332 2147 devota
3372 2089 3578 2161 praeliis
3623 2104 3743 2144 non

2124 2189 2287 2246 debet
2330 2189 2452 2244 aliis
2481 2186 2904 2259 cogitationibus
2935 2184 3207 2255 occupari.
3235 2182 3587 2253 Quapropter
3618 2196 3743 2234 am-

2123 2281 2407 2353 plectenda
2449 2295 2538 2336 res
2568 2288 2680 2346 est,
2719 2293 2837 2349 quae
2874 2276 3241 2347 generalitatis
3283 2274 3743 2331 consideratione

2126 2372 2438 2444 praecipitur
2470 2390 2482 2425 :
2508 2387 2609 2427 nec
2636 2386 2849 2427 moram
2880 2370 2959 2425 fas
2988 2378 3072 2425 est
3099 2368 3375 2424 incurrere
3394 2366 3739 2436 iussionem,

2126 2482 2248 2537 qum
2304 2466 2531 2522 devotos
2584 2465 2821 2520 maxime
2868 2463 3109 2519 noscitur
3161 2460 3436 2529 adjuvare.
3487 2457 3561 2512 Et
3606 2458 3743 2512 ideo

2128 2559 2382 2633 praesenti
2411 2557 2738 2613 auctoritate
2767 2556 3126 2620 decernimus,
3170 2560 3229 2608 ut
3254 2554 3444 2608 domos
3470 2552 3639 2607 vobis
3686 2550 3747 2605 in

2130 2650 2391 2720 prtcdicto
2438 2646 2664 2704 castello
2713 2646 2970 2701 alacriter
3023 2644 3379 2709 construatis,
3436 2642 3745 2698 reddentes

2131 2744 2315 2798 animo
2363 2749 2550 2798 nostro
2616 2739 3038 2797 vicissitudinem
3081 2753 3288 2805 rerum;
3335 2745 3392 2791 ut
3441 2738 3583 2792 sicut
3634 2751 3747 2793 nos

2132 2833 2329 2891 vestris
2356 2832 2679 2889 utilitatibus
2710 2831 2991 2903 profutura
3025 2845 3341 2896 censemus,
3373 2830 3449 2885 ita
3479 2838 3745 2900 tempora

2134 2934 2323 2981 nostra
2352 2938 2548 2980 ornare
2590 2938 2688 2979 vos
2728 2922 3107 2993 pulcherrimis
3153 2921 3370 2977 fabricis
3408 2922 3743 2977 sentiamus.

2136 3015 2289 3073 Tunc
2327 3016 2473 3072 enim
2510 3014 2710 3070 accidit
2736 3023 2798 3069 ut
2836 3023 2891 3069 et
2934 3023 3181 3085 sumptus
3214 3022 3591 3087 competentes
3628 3028 3748 3068 no-

2137 3108 2266 3165 stris
2300 3107 2413 3179 jam
2441 3108 2727 3180 penatibus
2756 3122 3088 3177 congregare
3117 3107 3325 3174 velitis,
3370 3115 3427 3163 et
3464 3105 3751 3161 habitatio

2138 3200 2293 3257 vobis
2321 3215 2433 3256 non
2453 3201 2525 3255 sit
2552 3201 2781 3271 ingrata,
2814 3216 2976 3272 quam
3001 3201 3219 3271 propria
3244 3208 3425 3271 potest
3446 3213 3749 3255 commen-

2058 3316 2104 3380 ρ
2138 3294 2270 3351 dare
2298 3296 2653 3351 constructio.
2683 3295 2852 3362 Quale
2875 3304 2975 3363 est,
3007 3311 3158 3366 rogo,
3190 3296 3243 3351 in
3272 3297 3474 3351 laribus
3499 3296 3751 3366 propriis

2137 3404 2279 3460 esse,
2324 3405 2448 3446 cum
2471 3389 2786 3446 durissimas
2828 3391 3137 3446 mansiones
3166 3391 3337 3446 hostis
3367 3392 3581 3460 cogitur
3607 3405 3749 3445 sus-

2138 3483 2348 3538 linere?
2387 3481 2482 3537 Ille
2522 3481 2783 3538 imbribus
2820 3490 3038 3553 pateat,
3080 3497 3179 3539 vos
3216 3490 3357 3538 tecta
3406 3481 3749 3559 defendant;

2137 3575 2286 3631 illum
2314 3573 2491 3629 inedia
2512 3580 2816 3643 consumat,
2846 3590 2945 3631 vos
2971 3576 3128 3645 copia
3157 3574 3375 3645 provisa
3394 3571 3624 3628 reﬁciat.
3648 3571 3753 3628 Sic

2139 3668 2294 3725 vobis
2340 3668 2610 3724 tutissime
2658 3668 2966 3724 constitutis
3006 3668 3180 3723 hostis
3207 3674 3391 3724 vester
3410 3672 3539 3721 ante
3570 3678 3753 3720 even-

2140 3770 2256 3817 tum
2285 3762 2595 3818 certaminis
2620 3762 2727 3816 fata
2758 3761 2993 3833 patietur
3013 3760 3321 3831 perditoris.
3346 3758 3577 3815 Constat
3597 3758 3756 3815 enim

2141 3862 2389 3923 tempore
2435 3852 2773 3909 necessitatis
2818 3852 2970 3907 illum
3013 3852 3231 3922 probari
3274 3850 3627 3906 fortissimum
3657 3851 3755 3904 vi-

2143 3961 2284 4013 rum,
2316 3946 2407 4015 qui
2436 3960 2495 4000 se
2524 3960 2623 4015 per
2653 3944 2822 3998 multa
2846 3960 2953 3999 non
2976 3942 3245 3998 distrahit.
3282 3941 3415 3996 Nam
3456 3942 3581 4011 quis
3616 3954 3754 3995 eum

2148 4037 2548 4109 providentiam
2569 4036 2823 4092 habuisse
2852 4043 3024 4106 putet,
3047 4035 3094 4090 si
3124 4042 3249 4089 tunc
3274 4033 3501 4103 cmperit
3524 4031 3760 4085 fabricis

2146 4147 2370 4205 operam
2418 4132 2570 4200 dare,
2615 4140 2709 4186 aut
2754 4145 2955 4201 penum
3002 4129 3268 4195 condere,
3318 4142 3441 4183 cum
3492 4132 3760 4196 oporteat

2146 4226 2288 4283 bella
2319 4227 2591 4282 tractare?

2660 4337 2996 4397 EPISTOLA
3033 4336 3219 4392 XVIII.

2356 4471 2646 4515 ῺΟΙΠῚΔΝΟ
2674 4472 2743 4512 ΕΤ
2775 4469 2968 4510 υνιιυε
2999 4465 3369 4508 τιιεουοιιιουε
3398 4465 3529 4504 REX.

2155 4573 2270 4629 Illis
2317 4572 2593 4645 respondet
2636 4570 2771 4640 quod
2812 4567 3033 4645 debeant
3060 4566 3275 4645 _restitui
3315 4563 3515 4645 prwdia
3548 4577 3582 4613 ει
3612 4575 3753 4645 pre:

2226 4640 2574 4714 sumptbribas
2627 4650 2917 4712 occupata,
2968 4640 3071 4693 nisi
3129 4644 3221 4714 aut
3273 4641 3602 4714 contractus!
3658 4640 3755 4714 aut

461 4712 618 4778 Quod
662 4729 762 4769 nos
804 4730 902 4784 pro
944 4716 1179 4785 ingenita
1225 4718 1558 4772 humanitate
1604 4716 2053 4772 considerandum
2080 4716 2136 4780 Ι)
2228 4703 3081 4794 praescriptio.triginta-annorum
3107 4708 3373 4794 obvietset
3401 4704 3538 4774 quod
3566 4703 3757 4773 fratris

461 4820 584 4861 esse
605 4806 936 4875 judicamus,
974 4818 1035 4863 ut
1065 4824 1293 4878 quorum
1323 4826 1432 4865 non
1470 4824 1757 4881 possumus
1796 4824 2053 4865 accusare

463 4899 729 4957 desidiam
789 4902 1047 4975 [Accurs.,
1102 4902 1423 4975 desideria],
1473 4903 1818 4959 relevandam
1873 4904 2053 4974 potius

462 4992 792 5048 aestimemus
823 4991 1113 5050 fortunam.
1147 4993 1275 5049 Inde
1302 4995 1445 5049 enim
1474 4995 1799 5050 constitutas
1842 4994 2059 5065 pensio-

464 5100 560 5140 nes
603 5085 789 5141 inferri
834 5086 1101 5153 volumus,
1150 5086 1293 5141 unde
1341 5094 1555 5141 constat
1595 5085 1871 5155 subjectos
1909 5100 2059 5141 com-

466 5179 623 5234 moda
655 5188 997 5235 consecutos.
1031 5177 1100 5233 Et
1126 5178 1249 5235 ideo
1270 5179 1410 5234 hanc
1439 5193 1655 5234 causam
1675 5178 2059 5234 sublimitatem

466 5278 613 5325 tuam
639 5271 894 5340 jubemus
923 5271 1209 5340 diligenter
1234 5271 1540 5341 inquirere,
1574 5279 1632 5325 ut
1677 5277 1934 5340 quantum
1966 5285 2062 5327 eos

467 5364 642 5418 minus
670 5364 973 5421 vendidisse
1002 5364 1328 5430 constiterit,
1362 5364 1429 5419 de
1451 5363 1680 5433 reliquis
1704 5364 1890 5435 prima:
1920 5363 2061 5419 indi-

470 5455 663 5509 ctionis
697 5455 879 5511 habita
908 5455 1280 5512 moderatione
1308 5455 1607 5510 detrahatis
1637 5474 1649 5508 :
1692 5456 1766 5509 ita
1794 5464 1974 5511 tamen
2003 5463 2063 5511 ut

472 5544 616 5598 milia
644 5546 788 5602 fraus
820 5548 1019 5604 nostris
1041 5547 1320 5603 beneﬁciis
1349 5545 1638 5611 inferatur,
1668 5561 1738 5601 ne
1760 5547 1938 5617 aliqua
1967 5561 2065 5602 ne-

472 5637 726 5706 gligentia
758 5641 998 5697 reddaris
1028 5639 1323 5706 obnoxius,
1360 5638 1453 5709 qui
1499 5652 1713 5708 semper
1754 5638 1909 5693 nobis
1933 5654 2065 5709 pro-

474 5728 597 5787 vida
628 5731 926 5790 intentione
956 5733 1228 5805 placuisti.
1266 5737 1363 5805 ιι
1394 5731 1530 5800 Quia
1552 5732 1692 5788 sicut
1716 5747 1817 5788 nos
1839 5740 2069 5804 tangunt

548 5909 577 5939 α
602 5900 831 5957 Constat
861 5914 930 5957 ex
956 5902 1061 5957 hoc
1089 5900 1209 5957 loco
1249 5900 1538 5957 munienda
1567 5916 1687 5957 esse
1721 5907 1897 5956 castra
1928 5907 2067 5955 tem-

478 5983 613 6057 pore
637 5973 810 6043 pacis,
840 5972 1041 6029 etenim
1061 5974 1366 6030 necessaria
1394 5980 1520 6030 sunt
1546 5972 1601 6029 in
1629 5972 1805 6047 longis
1825 5970 2064 6029 obsidio-

2234 4777 2503 4857 percussor
2525 4784 2590 4839 sit
2618 4777 2673 4837 in
2702 4783 2942 4840 exsilium
2971 4777 3342 4851 deportandus.

2230 4901 2457 4972 Oportet
2496 4914 2594 4956 vos
2644 4898 2827 4955 colere
2865 4906 2921 4953 ct
2966 4896 3259 4952 observare
3302 4890 3601 4963 justitiam,
3658 4885 3756 4957 qui

2160 4995 2472 5067 aequitatem
2512 4992 2726 5064 populis
2769 4992 2952 5048 dicere
2991 4987 3306 5059 suscepistis
3338 5003 3352 5041 :
3395 4981 3613 5056 quando
3640 4994 3756 5035 non

2161 5088 2291 5143 licet
2343 5085 2689 5155 delinquere,
2738 5082 2829 5153 qui
2877 5082 3012 5139 alios
3060 5080 3298 5137 creditur
3347 5076 3446 5133 sub
3487 5070 3759 5145 aequitatis

2162 5181 2350 5251 regula
2403 5181 2704 5246 continere,
2755 5191 2823 5234 ne
2867 5177 2960 5231 tiat
3012 5173 3320 5247 exemplum
3364 5183 3613 5242 pravum,
3662 5164 3757 5235 qui

2165 5274 2371 5331 electus
2399 5272 2466 5328 ad
2496 5270 2765 5327 laudabile
2793 5269 2941 5344 [nts.,
2965 5264 3167 5336 habile]
3209 5261 3557 5334 cognoscitur
3598 5257 3759 5312 insti-

2171 5371 2364 5421 tutum.
2407 5363 2476 5420 Et
2520 5365 2643 5420 ideo
2674 5362 2741 5418 ad
2787 5359 3269 5431 interrogationem
3293 5362 3530 5412 vestram
3555 5348 3763 5407 curavi-

2171 5475 2290 5514 mus
2317 5459 2558 5529 praebere
2586 5470 2907 5527 responsum
2940 5472 2952 5508 :
2984 5468 3052 5509 ne
3080 5468 3179 5523 per
3216 5448 3609 5507 dubitationem
3633 5452 3761 5514 post—

2171 5550 2291 5607 sitis
2330 5564 2535 5614 errare,
2588 5547 2691 5603 nisi
2741 5544 2909 5617 (quod
2955 5544 3117 5614 absit)
3159 5542 3336 5599 velitis
3373 5537 3659 5595 excedere.
3702 5529 3762 5588 Si

2174 5642 2476 5696 Romanum
2525 5638 2785 5711 prmdium
2830 5636 2920 5709 (ex
2960 5651 3092 5705 quo,
3123 5634 3236 5689 Deo
3269 5630 3503 5704 propitio
3533 5625 3762 5682 fontium

2177 5731 2281 5807 [ed.
2303 5774 2318 5801 ,
2342 5729 2510 5803 sonti]
2538 5729 2741 5785 ﬂuenta
2767 5726 3191 5791 transmisimus,
3224 5723 3314 5780 ubi
3338 5721 3569 5795 primum
3595 5714 3762 5773 Italiae

2176 5898 2334 5955 nibus
2361 5904 2539 5953 castra
2565 5895 2708 5951 vallo
2737 5872 2807 5950 et;
2821 5894 2979 5951 fossis
3001 5892 3171 5964 probe
3196 5888 3420 5964 munita,
3444 5893 3507 5942 ut
3526 5900 3596 5943 ex
3622 5882 3759 5943 Pro:

2173 5969 2335 6046 copio
2360 5969 2454 6027 lib.
2481 5984 2519 6026 ιι
2547 5967 2614 6029 de
2636 5966 2787 6024 Bello
2814 5959 3117 6025 Gothorum
3147 5964 3334 6036 liquet.
3364 5959 3551 6041 Bnoss.
3753 6000 3769 6027 ,
