3992 6452
197 437 311 493 ,(21

1488 372 1865 482 VARIARUM.
1891 420 2098 481 LIBER
2131 422 2173 477 1.

189 561 301 604 nos
329 546 586 618 suscepit
621 541 929 616 imperium)
967 540 1084 598 sine
1129 539 1459 610 delegatoris
1485 539 1801 610 cujusquam
1832 542 1882 602 Α
1906 538 2130 595 minima
2150 535 2428 604 videatur,
2477 531 2777 604 principem
2822 534 2892 592 de
2936 536 3262 606 spectaculis
3310 534 3461 606 loqui
3494 553 3508 591 :

188 639 463 713 pyctacio
505 639 610 714 [ed.
643 635 768 692 Niv.
800 645 852 690 et
877 634 1054 704 Gam.,
1101 632 1417 706 petitione],
1455 641 1814 705 prtcsumptor

189 729 481 786 barbarus
509 731 825 801 occupavit,
852 743 976 784 eum
1003 726 1172 799 priori
1195 726 1417 782 domino
1445 727 1694 782 submota
1724 723 1812 780 di-

189 817 415 881 latiOne
447 826 721 882 restituat.
764 821 920 890 Quod
967 821 1014 877 si
1052 828 1180 876 ante
1222 819 1561 890 designatum
1600 826 1813 889 tempus

188 931 313 974 rem
345 917 575 974 videtur
596 919 887 988 ingressus;
911 915 1168 986 quoniam
1189 912 1528 986 praescriptio
1551 911 1815 983 probatur

190 1008 440 1065 obviare
501 1009 792 1076 tricennii,
848 1007 1170 1079 petitionem
1227 1004 1478 1076 iubemus
1533 1003 1816 1074 quiescere

190 1096 533 1166 pulsatoris.
585 1097 684 1154 Illa
730 1097 876 1153 enim
922 1095 1110 1152 reduci
1151 1095 1208 1150 in
1253 1094 1488 1150 medium
1532 1093 1812 1159 nolumus,

189 1203 321 1258 qua:
381 1189 596 1246 nostris
651 1189 987 1259 temporibus
1046 1193 1374 1258 prmsumpta
1424 1184 1744 1241 damnamus
1799 1199 1812 1237 :

191 1282 327 1355 quia
359 1281 528 1340 locus
567 1281 934 1341 calumniandi
962 1296 1071 1336 non
1100 1279 1457 1349 relinquitur,
1500 1291 1626 1334 cum
1669 1275 1818 1346 longi

195 1376 493 1446 temporis
543 1375 848 1432 obscuritas
890 1373 1216 1445 praeteritur.
1247 1371 1325 1428 De
1352 1383 1674 1442 percussore
1699 1376 1821 1424 tan-

192 1468 525 1537 tummodo,
555 1484 667 1525 non
706 1467 870 1523 etiam
900 1474 1249 1537 peremptore
1275 1463 1478 1530 fratris,
1508 1476 1818 1534 quanquam

194 1561 466 1618 omnium
499 1561 775 1618 communi
803 1561 925 1631 lege
951 1560 1257 1628 damnetur,
1287 1557 1570 1628 solumque
1597 1555 1669 1614 sit
1695 1570 1822 1626 par-

193 1653 495 1723 ricidium,
531 1655 679 1728 quod
708 1655 874 1712 totius
909 1653 1230 1724 tragtndiam
1267 1659 1452 1708 reatus
1481 1656 1774 1722 exsuperet
1803 1667 1818 1704 :

193 1755 398 1806 tamen
422 1749 740 1806 humanitas
761 1757 972 1817 nostra,
1001 1763 1123 1819 qum
1149 1746 1250 1803 sibi
1278 1747 1443 1803 etiam
1465 1745 1520 1802 in
1542 1744 1824 1802 sceleratis

194 1838 392 1898 locum
439 1842 668 1914 pietatis
699 1841 944 1912 inquirit,
977 1839 1234 1912 presenti
1262 1837 1588 1894 auctoritate
1613 1835 1823 1904 deﬁnit,

1918 643 2098 688 tamen
2129 646 2230 701 pro
2259 643 2446 686 amore
2474 627 2687 698 reipub.
2719 625 2978 686 Romana:
3015 647 3123 689 non
3167 631 3373 703 pigebit
3412 630 3513 689 bas

1918 737 2135 795 quoque
2160 721 2518 792 cogitationes
2546 719 2751 775 intrare
2785 737 2798 774 :
2831 721 2958 791 quia
2987 724 3344 794 undecunque
3369 736 3514 794 pra:-

1916 828 2061 876 stare
2086 833 2394 890 possumus,
2417 816 2638 886 dignum
2663 814 2862 872 nostris
2887 817 3134 873 sensibus
3151 819 3515 888 aestimamus;

1917 911 2216 984 praesertim
2242 926 2365 967 cum
2386 908 2666 965 beatitudo
2689 907 2760 963 sit
2786 913 3112 979 temporum,
3135 907 3321 964 lzetitia
3338 926 3516 982 popu-

1917 1004 2116 1061 lorum.
2145 1003 2281 1060 Illud
2303 1002 2470 1070 enim,
2501 1001 2837 1073 propitiante
2876 1001 3012 1070 Deo,
3055 1001 3272 1058 labores
3298 1011 3521 1060 nostros

1918 1097 2134 1166 asserit,
2166 1096 2314 1168 quod
2337 1111 2398 1152 se
2425 1095 2660 1150 otiosam
2699 1093 3028 1164 generalitas
3053 1109 3174 1150 esse
3212 1095 3512 1164 cognoscit.

1920 1187 2098 1246 Partis
2145 1189 2331 1259 itaque
2377 1187 2588 1244 Prasini
2609 1187 2880 1244 insinuata
2921 1187 3210 1260 petitione,
3242 1189 3516 1260 comperi-

1921 1300 2041 1340 mus
2073 1284 2352 1356 (quoniam
2381 1283 2486 1339 hoc
2505 1281 2872 1338 introductum
2898 1289 3002 1350 est,
3033 1290 3094 1338 ut
3119 1281 3308 1354 populi
3335 1281 3403 1337 de
3426 1297 3517 1338 co-

1919 1377 2038 1434 lore
2070 1375 2399 1449 vocitentur)
2433 1376 2730 1434 seditiones
2759 1376 3098 1434 turbulentas
3123 1392 3155 1433 a
3196 1376 3516 1447 quibusdam

1919 1471 2315 1528 scelestissimis
2345 1469 2578 1535 incitari,
2609 1477 2665 1524 et
2696 1484 2914 1524 causam
2947 1469 3146 1525 laetitiae
3176 1469 3407 1540 publicae
3448 1467 3518 1523 ad

1919 1563 2122 1620 furoris
2165 1561 2467 1620 certamina
2513 1561 2848 1634 prorupisse.
2903 1561 3060 1628 Quod
3107 1562 3294 1631 utique
3337 1560 3519 1632 gaudii

1924 1657 2180 1715 decoram
2205 1673 2314 1714 non
2343 1664 2519 1727 potest
2549 1655 2753 1712 habere
2771 1655 3108 1726 qualitatem,
3133 1656 3177 1711 si
3207 1657 3326 1730 [ms.
3355 1657 3516 1724 Aud.,

1925 1748 2040 1822 ubi]
2086 1766 2279 1822 pacem
2307 1765 2420 1806 non
2447 1748 2708 1805 meruerit
2739 1747 3018 1818 possidere
3048 1764 3410 1804 communem.
3454 1747 3522 1806 Et

1928 1840 2052 1896 ideo
2087 1840 2309 1911 dignum
2360 1849 2446 1896 est
2490 1839 2835 1896 clementiam
2885 1847 3128 1896 nostram
3166 1840 3264 1897 has
3303 1854 3522 1911 quoque

197 1940 263 1988 ut
291 1933 623 2004 hujusmodi
652 1940 905 2004 portenta
927 1931 1220 2004 provinciae
1245 1929 1441 1986 ﬁnibus
1460 1929 1748 1999 abigantur
1769 1937 1816 1981 ει.
1853 1941 1902 2002 Β
1927 1940 2112 2003 partes
2160 1931 2422 2003 aspicere,
2466 1939 2528 1986 ut
2567 1929 2768 2001 ubique
2811 1931 2984 2002 possit
3025 1946 3236 1986 morum
3278 1929 3522 2002 probitas

193 2018 346 2078 Nam
376 2024 585 2095 quibus
619 2023 722 2080 fuit
749 2039 916 2081 exosa
951 2023 1185 2082 societas
1212 2029 1496 2094 parentum
1529 2020 1577 2090 ιι,
1622 2020 1822 2078 civium

195 2129 318 2170 non
365 2125 658 2173 merentur
687 2117 891 2174 habere
919 2117 1253 2174 consortium
1272 2157 1287 2183 ,
1320 2131 1390 2172 ne
1416 2115 1537 2187 puri
1574 2115 1822 2186 corporis

194 2200 463 2274 jucunda
493 2207 764 2266 serenitas
789 2209 1064 2266 nebulosis
1090 2207 1318 2265 maculis
1347 2208 1638 2280 polluatur.

760 2342 1098 2400 EPISTOLA
1133 2341 1278 2398 XIX.

200 2446 523 2492 SATURNINO
547 2451 617 2493 ET
646 2451 902 2493 VBBBUSIO
928 2451 1065 2491 VIRIS
1091 2449 1434 2492 ILLUS'I‘IIIBUS
1462 2447 1824 2492 Βωτοωυε

754 2521 1054 2562 THEODORIC
1061 2522 1122 2561 US
1148 2523 1257 2562 REX
1267 2547 1280 2561 .

204 2591 478 2672 Prtecipit
511 2607 569 2653 ut
602 2599 887 2672 quicunque
926 2597 1211 2672 Cottiarum
1243 2599 1428 2672 ﬁscum
1461 2599 1825 2672 detrectaverit

278 2668 541 2794 implere,
585 2668 701 2726 eum
740 2668 812 2725 ad
852 2669 1212 2725 redhibitionis
1245 2668 1544 2742 aequitatem
1591 2669 1822 2742 compel-

306 2756 379 2794 au
415 2781 430 2794 .

306 2756 430 2794 αηι.

284 2829 442 2888 Fisci
469 2833 721 2890 volumus
746 2833 922 2904 legale
948 2831 1225 2890 custodire
1251 2832 1635 2903 compendium
1660 2849 1674 2886 :
1698 2831 1826 2900 quia

211 2930 417 2979 nostra
462 2925 752 2982 clementia
797 2926 962 2982 rebus
996 2925 1230 2997 propriis
1274 2924 1489 2980 videtur
1530 2939 1652 2980 esse
1693 2937 1827 2978 con-

214 3020 402 3068 tenta.
443 3013 512 3069 Et
543 3016 682 3072 sicut
722 3016 930 3072 nullum
966 3029 1194 3085 gravare
1221 3015 1486 3086 cupimus,
1529 3014 1604 3069 ita
1644 3011 1827 3069 debita

214 3105 388 3161 nobis
420 3107 653 3175 perdere
683 3123 792 3164 non
820 3108 1098 3164 debemus.
1129 3106 1484 3176 Indigentiam
1518 3105 1664 3176 juste
1689 3103 1829 3174 fugi-

214 3209 371 3258 mus,
403 3211 528 3266 quae
554 3197 751 3254 suadet
777 3214 1033 3256 excessus
1071 3215 1088 3252 :
1121 3199 1249 3255 dum
1285 3199 1594 3271 perniciosa
1631 3213 1721 3254 res
1745 3208 1830 3254 est

215 3286 278 3341 in
309 3287 627 3358 imperante
648 3293 902 3347 tenuitas.
924 3292 1113 3349 Modus
1134 3293 1330 3363 ubique
1352 3291 1650 3348 laudandus
1669 3297 1753 3347 est
1776 3300 1824 3345 °.

217 3377 360 3433 Nam
414 3395 514 3436 cur
563 3391 656 3438 aut
706 3383 1076 3454 vituperabilis
1122 3384 1449 3454 negligentia
1495 3383 1552 3440 in
1592 3382 1828 3455 propriis

221 3469 466 3540 deﬂuat,
497 3482 592 3529 aut
618 3475 796 3531 aliena
826 3475 1096 3548 cupiditas
1124 3476 1296 3546 turpis
1323 3474 1581 3532 abradat?
1604 3473 1674 3530 Et
1699 3473 1829 3531 ideo

221 3567 385 3622 vobis
414 3570 667 3638 praesenti
688 3569 934 3640 jussione
962 3572 1324 3643 praecipimus,
1350 3580 1411 3627 ut
1429 3570 1679 3627 Adriante
1699 3571 1832 3627 civi-

223 3657 358 3712 tatis
407 3659 692 3715 curialium
751 3661 1116 3718 insinuatione
1180 3670 1463 3734 suscepta,
1520 3662 1832 3733 quicunque

225 3745 537 3807 Gothorum
572 3750 761 3809 iiscum
793 3752 1063 3811 detrectat
1083 3754 1331 3825 implere,
1353 3769 1477 3809 eum
1503 3753 1570 3808 ad
1605 3753 1832 3824 aequita-

227 3847 340 3896 tem
371 3845 760 3902 redhibitionis
785 3847 1006 3904 arctetis
1039 3865 1053 3902 :
1084 3862 1154 3903 ne
1188 3846 1366 3903 tenuis
1394 3847 1461 3902 de
1488 3846 1711 3918 proprio
1736 3861 1831 3902 c0<

226 3941 385 4001 gatur
409 3935 722 4002 exsolvere,
745 3938 891 4006 quod
918 3947 1134 3995 constat
1158 3939 1386 3995 ideneos
1412 3937 1651 3994 indebite
1689 3935 1832 3993 deti-

226 4037 378 4080 nere.
411 4023 534 4081 Bac
571 4025 782 4082 scilicet
819 4026 1034 4084 ratione
1059 4036 1292 4094 servata,
1319 4035 1380 4082 ut
1407 4028 1452 4082 si
1490 4028 1610 4097 quis
1639 4034 1834 4082 contu-

228 4115 421 4171 maciae
473 4115 608 4172 vitio
656 4117 910 4172 maluerit
959 4124 1146 4173 nostra
1189 4117 1343 4188 jussa
1406 4117 1650 4183 tardare,
1709 4132 1833 4174 cum

230 4207 438 4263 mulcta
482 4205 710 4275 reddat,
753 4223 874 4279 qute
913 4209 1101 4264 debuit
1149 4209 1312 4264 etiam
1360 4223 1469 4264 non
1524 4208 1836 4279 compulsus

233 4295 464 4366 offerre;
492 4309 759 4370 quatenus
786 4308 1046 4370 protervo
1075 4300 1268 4373 spiritu
1290 4299 1608 4355 indecenter
1626 4309 1832 4370 erecta,

235 4385 502 4460 impunita
527 4391 688 4462 justis
717 4393 928 4449 saeculis
960 4409 1069 4449 non
1095 4393 1428 4462 relinquatur
1453 4392 1696 4448 audacia.

718 4531 818 4601 12
854 4526 1190 4584 EPISTOLA
1225 4526 1346 4582 xx.

245 4633 429 4679 LLBINO
459 4637 532 4677 ΕΤ
560 4637 785 4678 Αωιεηο
812 4636 952 4676 νιιιιε
980 4635 1324 4676 ιιιυετιιιιιυε
1361 4633 1536 4683 ATQUE
1578 4633 1837 4675 PATRICIIS

776 4707 1146 4748 'I‘IIEODORICUS
1171 4708 1298 4747 REX.

248 4776 366 4855 Illos
395 4791 688 4855 commonet
732 4792 788 4838 ut
829 4785 884 4838 in
921 4785 1228 4855 spectaculis
1259 4782 1614 4855 patrocinium
1662 4783 1828 4855 partis

313 4853 528 4907 Prasini
557 4863 859 4919 assumant,
889 4851 1024 4908 et'ut
1053 4857 1117 4907 de
1145 4851 1428 4908 Hellandio
1453 4861 1503 4906 et
1527 4851 1826 4918 Tltodoron,

353 4925 392 4977 ti
425 4924 625 4978 latitia
650 4924 868 4994 publicae
895 4927 1066 4995 aptior
1099 4926 1255 4995 fuerit
1284 4924 1592 4995 wstimatus,
1633 4924 1696 4977 ab
1724 4925 1831 4978 illis

342 4994 528 5068 ’rasini
552 4993 1244 5068 pantomimus,‘confusione
1261 4995 1438 5068 papuli
1459 4993 1684 5064 sublata,
1707 5012 1834 5050 con-

315 5066 580 5120 stituatur.

318 5174 468 5234 Licet
498 5180 639 5235 inter
663 5179 926 5249 gloriosas
950 5180 1261 5251 reipubliae
1289 5193 1447 5235 curas
1493 5187 1550 5234 et
1573 5178 1835 5247 regalium

255 5264 665 5326 sollicitudinum
709 5271 1021 5329 salutiferos
1044 5271 1241 5329 ﬂuctus
1272 5271 1402 5344 [ed.,
1436 5268 1664 5342 fructus]
1708 5285 1835 5342 pars

671 5384 692 5407 δ

326 5432 350 5461 ι
374 5424 567 5481 Cicero
589 5425 643 5480 in
668 5424 890 5480 Verrem
922 5443 935 5479 :
968 5444 986 5478 ι
1013 5425 1200 5483 Scelus
1221 5426 1276 5482 in
1306 5427 1521 5482 ultimas
1547 5434 1720 5483 terras
1744 5427 1841 5483 de-

259 5496 592 5562 portandum.
632 5516 650 5549 »
690 5495 856 5552 FORN.

324 5561 352 5603 δ
380 5566 590 5621 Gradus
610 5568 880 5622 amicitiae.
908 5566 1099 5623 Cicero
1120 5567 1186 5622 de
1206 5566 1360 5622 Ofﬁc.
1386 5583 1423 5621 ι.
1448 5566 1618 5623 Fomv.

330 5644 353 5674 ο
388 5654 407 5688 ι
430 5636 589 5708 Ratio
613 5638 788 5707 jubet,
811 5654 879 5693 ne
898 5639 1026 5708 quid
1053 5639 1229 5704 nimis,
1252 5637 1346 5693 sed
1369 5639 1547 5693 omnia
1575 5653 1698 5693 cum
1723 5655 1842 5696 mo-

262 5698 526 5782 deramine
553 5698 702 5782 liaiit.
733 5728 751 5761 ι
774 5698 976 5782 'Cicero
1005 5710 1083 5782 de
1098 5698 1328 5764 Oratore
1354 5717 1408 5764 ct
1435 5711 1501 5764 de
1531 5708 1840 5779 Senectute,

262 5769 350 5831 lib.
378 5794 395 5833 ι
419 5777 570 5834 Ollic.
601 5779 812 5834 Colum.
843 5779 934 5835 lib.
967 5795 1024 5836 ll.
1053 5780 1250 5836 Buoss.

295 5846 356 5925 ,ἦ
385 5847 708 5925 Ροριιιίμὶθῐῃ
748 5849 830 5905 bis
872 5852 1202 5925 tempora)!ls
1238 5864 1453 5925 “993179
1499 5850 1553 5905 ίη
1594 5852 1836 5925 αροιίὺθι

265 5919 554 5995 civitatein
569 5919 830 5995 factiones
849 5919 1088 5995 colorum
1107 5921 1300 5995 Veneti
1319 5919 1529 5995 scilicet
1552 5919 1837 5978 et’Prasini

267 5981 438 6043 dividi.
463 5987 716 6045 Colorum
741 5991 960 6060 quidam
988 5992 1207 6049 nomina
1236 5999 1294 6049 et
1317 5993 1570 6060 fullonia,
1605 6008 1834 6064 quorum

545 6082 815 6148 Panos.
860 6085 1090 6149 LXIX.

1928 2023 2162 2080 elucere.
2223 2023 2343 2080 Non
2399 2023 2546 2081 enim
2599 2024 2780 2080 inania
2832 2025 3150 2081 verborum
3175 2023 3522 2096 popularium

1927 2117 2249 2188 cogitamus,
2280 2117 2374 2173 sed
2404 2118 2727 2190 perniciosa:
2752 2133 2942 2175 semen
2971 2118 3254 2175 seditionis
3281 2119 3522 2175 excludi‘

1927 2224 2066 2264 mus.
2101 2208 2445 2281 Quapropter
2471 2209 2697 2266 illustris
2725 2211 3039 2280 magnitudo
3060 2220 3240 2268 vestra
3264 2212 3522 2283 praesenti

1921 2299 2168 2372 jussione
2216 2303 2594 2370 commonita,
2640 2303 3001 2375 patrocinium
3057 2305 3229 2375 partis
3277 2304 3519 2374 Prasini,

1925 2394 2072 2465 quod
2133 2395 2387 2466 gloriosa:
2441 2395 2844 2453 recordationis
2914 2405 3072 2468 pater
3134 2405 3318 2454 vester
3379 2397 3520 2472 [ed.,

1925 2484 2136 2559 noster]
2179 2486 2468 2559 impendit,
2514 2487 2802 2558 dignanter
2844 2496 3104 2545 assumat.
3148 2487 3334 2545 Putari
3371 2491 3520 2546 enim

1927 2593 2036 2635 non
2067 2578 2233 2636 debet
2255 2579 2475 2650 injuria,
2504 2581 2738 2652 populos
2766 2595 2956 2651 regere
2983 2597 3048 2637 ac
3075 2582 3378 2652 gubernare
3405 2581 3523 2638 Ro-

1926 2686 2137 2727 manos.
2185 2671 2321 2728 Nam
2363 2673 2410 2729 si
2456 2673 2725 2730 bonorum
2766 2671 2881 2747 [Gr.
2931 2685 2982 2730 et
3027 2673 3178 2746 Cuj.,
3229 2671 3525 2746 bonorum]

1928 2765 2170 2820 omnium
2209 2779 2372 2821 causa
2401 2773 2695 2837 pensetur,
2725 2782 2826 2838 pro
2856 2782 3043 2823 eorum
3071 2768 3304 2823 utilitate
3328 2767 3524 2825 delecti

1928 2862 2074 2920 sunt,
2101 2855 2194 2927 qui
2212 2855 2450 2912 honores
2478 2857 2896 2924 gloriosissimos
2916 2857 3164 2928 accipere
3183 2866 3520 2915 meruerunt.

1928 2948 2258 3007 Convocatis
2286 2965 2417 3020 ergo
2443 2951 2859 3022 spectatoribus,
2887 2951 2954 3006 de
2985 2951 3268 3008 Hellandio
3293 2961 3350 3008 et
3376 2952 3525 3011 Tho-

1928 3041 2103 3098 doron
2143 3041 2272 3116 [ed.,
2316 3040 2650 3114 Theodoro],
2693 3043 2786 3113 qui
2831 3042 3029 3097 laetitiae
3072 3043 3300 3113 publicae
3346 3042 3524 3114 aptior

1929 3131 2093 3190 fuerit
2114 3135 2432 3201 aestimatus,
2455 3135 2644 3206 populi
2675 3133 2991 3191 confusione
3013 3134 3225 3190 sublata
3249 3133 3302 3204 ά,
3323 3135 3526 3192 consti-

1930 3235 2116 3284 tuatur
2144 3243 2176 3284 a
2203 3227 2358 3284 vobis
2385 3225 2596 3282 Prasini
2637 3228 3002 3298 pantomimus
3035 3245 3048 3281 :
3081 3234 3350 3298 quatenus
3377 3242 3524 3282 sum-

1857 3337 1902 3401 C
1932 3329 2104 3393 ptum,
2151 3336 2313 3393 quem
2355 3337 2456 3392 pro
2503 3321 2818 3392 spectaculo
2863 3321 3094 3378 civitatis
3139 3321 3520 3392 impendimus,

1932 3413 2122 3470 electis
2169 3414 2467 3471 contulisse
2510 3415 2806 3471 videamur.
2859 3413 3012 3471 Hanc
3049 3423 3258 3486 partem
3305 3415 3525 3471 musica:

1931 3506 2228 3577 disciplima
2255 3506 2459 3562 Mutam
2489 3507 2839 3563 nominavere
2867 3506 3124 3576 majores,
3165 3506 3374 3562 scilicet
3401 3521 3524 3576 qua:

1931 3614 2029 3656 ore
2052 3599 2236 3657 clauso
2261 3601 2508 3656 manibus
2529 3601 2786 3672 loquitur,
2811 3609 2866 3656 et
2892 3599 3213 3670 quibusdam
3235 3600 3523 3668 gesticula-

1934 3690 2177 3747 tionibus
2203 3690 2333 3748 facit
2358 3692 2603 3761 intelligi,
2635 3691 2780 3762 quod
2809 3692 2900 3748 vix
2925 3698 3182 3750 narrante
3210 3691 3391 3765 lingua
3429 3698 3525 3748 aut

1934 3782 2215 3855 scriptura:
2242 3790 2396 3842 textu
2423 3783 2598 3857 possit
2626 3785 2870 3854 agnosci.

2471 3922 2802 3980 EPISTOLA
2838 3922 2980 3979 XXI.

1935 4007 2231 4075 ΠᾸΙΙΙΙΔΝΟ
2281 4031 2407 4074 VIRO
2444 4031 2689 4073 ILLUSTBI
2727 4032 2796 4072 ET
2836 4031 3061 4071 ANDREE
3099 4029 3225 4073 νικο
3262 4030 3524 4076 SENATORI

2464 4103 2831 4143 THEODORICUS
2859 4103 2987 4142 REX.

1935 4183 2180 4239 Decernit
2199 4192 2256 4237 ut
2284 4182 2583 4248 discutiant,
2616 4197 2740 4252 num
2759 4181 2978 4252 pecunia
3007 4180 3221 4252 fabricis
3254 4180 3408 4237 Urbis
3433 4183 3524 4240 de-

2008 4264 2215 4324 putata,
2248 4263 2356 4309 tota
2387 4252 2543 4325 fuerit
2571 4251 2766 4324 absque
2789 4251 2978 4323 fraude
3005 4251 3059 4305 in
3088 4269 3175 4307 eas
3205 4269 3451 4324 expensa.

2008 4343 2348 4400 Provocandi
2397 4358 2584 4400 sumus
2627 4342 2938 4398 atl‘ectuosis
2976 4343 3173 4398 civium
3219 4343 3412 4402 studiis
3455 4345 3526 4404 ad

1937 4451 2227 4512 augmenta
2257 4441 2492 4496 civitatis
2522 4458 2536 4493 :
2569 4439 2694 4509 quia
2724 4451 2886 4494 nemo
2920 4446 3103 4510 potest
3129 4439 3351 4510 diligere
3380 4442 3525 4513 quod

1937 4535 2271 4590 habitatores
2315 4531 2566 4600 intelligit
2609 4547 2719 4587 non
2763 4546 2968 4588 amare.
3011 4528 3314 4602 Unicuique
3350 4534 3527 4604 patria

1937 4641 2033 4680 sua
2062 4625 2280 4680 charior
2303 4631 2408 4691 est,
2434 4624 2559 4678 dum
2581 4639 2744 4694 supra
2774 4624 2955 4680 omnia
2983 4623 3191 4679 salvum
3221 4621 3338 4680 fore
3376 4641 3526 4696 quae-

1863 4723 1914 4784 1)
1936 4719 2094 4788 ritur,
2116 4719 2207 4775 ubi
2229 4719 2297 4774 ab
2318 4718 2450 4790 ipsis
2471 4717 2753 4774 cunabulis
2774 4726 3161 4774 commoratur.
3186 4719 3526 4790 Quapropter

1933 4809 2078 4866 votis
2123 4809 2344 4880 paribus
2389 4809 2684 4864 invitemur
2727 4808 2796 4864 ad
2833 4808 3005 4876 dona;
3063 4818 3330 4880 quatenus
3383 4810 3528 4879 quod

1935 4909 2128 4973 sponte
2171 4901 2475 4967 tribuimus,
2525 4900 2796 4970 duplicata
2843 4902 3015 4969 gratia
3057 4899 3417 4956 conferamus.
3463 4898 3528 4954 Et

1941 4993 2064 5048 ideo
2090 4993 2219 5048 nulli
2242 5007 2406 5062 grave
2428 4992 2520 5060 sit,
2549 4991 2808 5048 Romanis
2834 4992 3050 5048 fabricis
3071 4991 3339 5062 deputatae
3359 5005 3528 5061 pecu-

1939 5089 2044 5144 niae
2071 5086 2302 5142 reddere
2326 5086 2614 5152 rationem,
2646 5101 2766 5141 cum
2789 5102 2925 5156 pura
2954 5085 3285 5142 conscientia
3318 5083 3529 5140 deside-

1941 5188 2027 5236 ret
2065 5194 2125 5235 se
2171 5177 2392 5249 probari
2433 5196 2446 5232 :
2479 5176 2696 5247 quando
2736 5177 2966 5233 fructum
3005 5175 3207 5231 laboris
3244 5174 3326 5230 sui
3365 5174 3530 5245 capit,

1942 5270 2069 5326 dum
2097 5269 2167 5326 ad
2186 5285 2288 5326 nos
2311 5285 2571 5342 prospera
2594 5269 2663 5325 de
2689 5283 2745 5325 se
2767 5267 3048 5340 pervenire
3068 5266 3362 5335 cognoscit.
3386 5264 3530 5334 Quo-

1943 5425 2118 5497 gratia
2147 5427 2289 5481 inter
2317 5432 2737 5497 spectatoreset
2766 5421 3020 5494 pecunias
3036 5437 3294 5497 erogare,
3327 5432 3382 5479 et
3407 5438 3532 5480 cor-

1983 5513 2079 5553 ora
2106 5497 2237 5552 diris
2263 5493 2589 5552 cruciatibm
2619 5493 2854 5562 afﬂigere
2884 5509 2989 5548 non
3017 5493 3282 5558 dubitant,
3312 5510 3409 5563 per
3437 5511 3532 5550 ρο⁴

1967 5585 2089 5623 ores
2117 5568 2464 5633 dissidentes,
2497 5568 2572 5620 ait
2601 5563 2897 5635 Procopius
2936 5565 3030 5635 lib.
3062 5580 3080 5618 ι
3109 5565 3174 5619 de
3209 5563 3360 5619 Bello
3401 5563 3532 5620 Per-

1945 5640 2062 5695 sico
2094 5658 2106 5692 :
2136 5639 2453 5695 seditionem
2483 5634 2950 5704 Constantinopoli
2976 5634 3100 5704 hinc
3128 5645 3306 5688 natam
3330 5635 3533 5690 descri-

1946 5712 2099 5770 bens.
2129 5712 2281 5778 cujus
2309 5707 2552 5764 meminit
2571 5703 2904 5778 Iustinianus
2930 5705 3030 5778 sub
3056 5703 3216 5778 ﬁnem
3241 5707 3417 5762 novel.
3444 5707 3532 5772 l7,

1941 5775 2208 5851 jubetque
2252 5789 2506 5851 auctores
2547 5775 2858 5851 seditionis,
2886 5777 2979 5846 qui
3019 5776 3364 5851 aufugerunt,
3389 5793 3533 5851 con-

1943 5847 2212 5921 quiri,_et
2250 5850 2304 5904 in
2344 5850 2531 5921 urbem
2572 5849 2990 5921 tit-puniantur,
3033 5847 3252 5921 adduci.
3299 5847 3534 5921 Hujusce

1944 5915 2121 6047 guttam
2161 5919 2405 5977 formulae
2443 5915 2685 5974 meminit
2722 5917 2858 5974 infra
2891 5919 3050 5990 hujus
3089 5919 3183 5976 lib.
3235 5915 3395 5990 epist.
3441 5917 3531 5972 55.

1990 6007 2186 6047 oansn.

1990 6007 2186 6048 OBNER.

3077 6084 3144 6146 Π
