4048 6344
466 285 576 342 3‘23

1697 281 1766 338 M.
1807 277 2082 354 AURELII
2119 277 2514 336 CASSIODORI

3531 267 3740 328 ’594

467 401 608 456 circa
635 395 886 470 praesenti
915 395 1256 454 decernimus
1277 393 1542 466 iussione,
1575 395 1834 452 Romanae
1861 399 2048 450 clvita-
2077 399 2130 454 Λ
2225 390 2370 447 Fésu
2393 401 2441 445 ct
2471 389 2770 462 Symmachi
2799 395 2978 444 contra
3005 385 3284 458 patricium
3305 379 3592 440 Paulinum
3611 383 3740 444 dirr-

465 493 534 546 tis
553 489 784 548 fabricas
809 503 910 545 vos
938 487 1138 546 debere
1159 487 1448 554 discutere,
1477 487 1523 542 si
1551 487 1703 542 labor
1723 487 1900 557 operis
1921 503 2051 542 con-

465 584 652 642 cordat
677 581 956 654 expensis,
1007 581 1096 638 vel
1125 581 1170 636 si
1213 581 1355 652 apud
1393 579 1626 652 aliquem
1669 587 1886 638 constet
1913 579 2051 634 resi-

463 677 594 732 dere
651 675 974 746 pecuniam,
1027 689 1148 746 qua:
1209 689 1317 728 non
1373 673 1443 730 sit
1499 671 1719 728 fabricis
1777 685 2050 744 expensa,

461 765 734 838 deputatae
783 766 860 822 rei
909 765 1102 822 reddat
1135 763 1486 836 erogandam.
1521 765 1726 832 Quibus
1756 765 2054 820 rationibus

461 859 742 918 evidenter
781 862 1088 932 expressis,
1123 863 1190 918 ad
1221 877 1322 918 nos
1349 861 1764 918 instructionem
1799 857 2054 916 ﬁdelissi-

461 967 606 1008 mam
635 953 934 1020 destinate;
967 959 1028 1008 ut
1061 951 1264 1024 judicio
1293 961 1482 1009 nostro
1513 951 1844 1022 reSpondere
1871 951 2055 1006 videa-

463 1043 610 1112 mini,
636 1043 730 1114 qui
766 1045 898 1102 estis
927 1043 992 1098 ad
1023 1043 1328 1112 indaginem
1353 1043 1596 1098 veritatis
1625 1043 1804 1098 electi.
1839 1041 2054 1096 Nullum

461 1137 604 1192 enim
656 1133 726 1193 de
775 1137 1026 1208 largitate
1073 1145 1260 1192 nostra
1311 1137 1546 1192 fraudari
1583 1137 1726 1192 velle
1765 1135 2052 1204 credimus,

461 1227 678 1298 quando
723 1229 780 1284 in
821 1229 916 1285 tali
961 1229 1182 1300 negotio
1233 1237 1289 1286 et
1325 1229 1392 1284 de
1431 1229 1668 1300 propriis
1707 1227 2054 1284 facultatibus

461 1333 584 1376 eum
613 1319 926 1392 impendere
955 1335 1114 1392 posse
1139 1319 1460 1390 iudicamus.
1495 1321 1635 1376 Aves
1655 1321 1782 1390 ipsa:
1808 1335 1906 1391 per
1927 1333 2052 1374 acra

461 1419 720 1480 vagantes
763 1415 1012 1486 proprios
1065 1413 1218 1472 nidos
1261 1423 1472 1482 amant;
1517 1415 1760 1472 crratiles
1813 1405 1936 1471 ferte
1985 1415 2054 1470 ad

461 1505 660 1562 cubilia
689 1507 914 1564 dumosa
945 1509 1230 1576 festinant;
1261 1509 1570 1579 voluptuosi
1616 1509 1792 1580 pisces
1831 1525 2053 1580 campos

459 1595 694 1670 liquidos
723 1607 1088 1668 transeuntes,
1121 1615 1382 1656 cavernas
1405 1615 1530 1658 suas
1559 1601 1798 1656 studiosa
1829 1601 2054 1670 indaga-

459 1689 608 1746 tione
644 1691 1000 1762 perquirunt;
1039 1703 1344 1766 cunctaque
1379 1695 1632 1749 animalia
1663 1695 1736 1750 ibi
1765 1709 1823 1750 se
1853 1701 2054 1748 norunt

2217 471 2390 518 mam.

2225 573 2390 630 Decet
2409 573 2606 644 regalis
2635 573 2803 644 apicis
2833 587 3038 638 curam,
3071 569 3436 640 generalitatis
3477 569 3744 627 custodire

2157 667 2540 724 concordiam:
2573 669 2832 740 quoniam
2857 667 2920 722 ad
2951 667 3168 722 laudem
3193 663 3466 734 regnantis
3499 665 3742 730 trahitur,

2157 759 2202 816 si
2231 759 2298 814 ab
2329 761 2578 818 omnibus
2603 775 2714 832 pax
2744 767 2974 815 ametur.
3011 759 3148 825 Quid
3179 765 3262 812 est
3301 757 3444 812 enim
3477 753 3622 826 quod
3651 769 3746 810 nos

2157 851 2350 906 melius
2371 853 2624 924 prmdicet
2643 893 2659 920 ,
2681 867 2842 923 quam
2871 851 3086 924 quietus
3113 851 3363 922 populus,
3409 857 3642 904 concors
3665 861 3748 902 se-

2157 951 2342 1010 natus,
2373 951 2596 1014 totaque
2625 945 2842 1016 respub.
2875 959 3086 1000 morum
3115 951 3424 1016 nostrorum
3465 941 3748 996 honestate

2158 1041 2390 1096 vestita?
2447 1041 2582 1098 Hinc
2610 1049 2694 1097 est
2735 1041 2878 1114 quod
2923 1043 3179 1114 prtesenti
3221 1041 3464 1112 jussione
3505 1039 3748 1094 decerni-

2158 1147 2278 1186 mus
2329 1141 2386 1188 ut
2433 1131 2702 1204 magniﬁci
2743 1133 2846 1190 viri
2891 1145 3054 1206 atque
3097 1133 3310 1206 patricii
3351 1131 3545 1188 Festus
3588 1141 3748 1202 atque

2159 1225 2536 1298 Symmachus,
2571 1237 2762 1284 contra
2791 1229 3056 1284 illustrem
3079 1235 3134 1284 et
3155 1229 3438 1302 patricium
3467 1227 3750 1284 Paulinum

2159 1323 2212 1376 in
2253 1321 2458 1392 judicio
2505 1331 2719 1392 vestro,
2763 1339 2896 1394 quas
2942 1340 3000 1380 se
3049 1323 3250 1380 habere
3293 1323 3482 1378 dicunt
3525 1329 3750 1378 exerant

2159 1413 2420 1470 actiones.
2455 1413 2660 1482 Quibus
2699 1431 2801 1486 pro
2827 1415 3004 1484 legum
3049 1417 3262 1470 ratione
3291 1413 3576 1486 susceptis,
3600 1421 3676 1480 et,
3707 1412 3748 1472 si

2153 1503 2290 1575 juris
2321 1505 2452 1560 ordo
2485 1507 2704 1576 patitur,
2737 1505 3003 1574 deﬁnitis;
3039 1517 3166 1562 tunc
3191 1507 3450 1578 patricius
3475 1505 3748 1578 Paulinus,

2159 1597 2414 1668 quidquid
2445 1597 2730 1654 adversum
2763 1615 2924 1670 supra
2955 1607 3286 1656 memoratos
3327 1599 3644 1670 magnificos
3671 1599 3748 1652 vi-

2157 1707 2248 1748 ros
2278 1705 2336 1746 se
2379 1691 2579 1748 habere
2619 1699 2896 1760 causatur,
2943 1695 3060 1764 pari
3108 1701 3256 1748 sorte
3302 1691 3606 1764 depromat.
3647 1691 3750 1750 Nec

457 1779 720 1852 refugere,
769 1784 860 1840 ubi
911 1783 1224 1857 longissima
1280 1789 1508 1860 cupiunt
1561 1795 1724 1842 aetate
1778 1795 2050 1842 constare.
2085 1789 2133 1850 Β
2163 1781 2368 1837 tardari
2405 1783 2656 1840 volumus
2697 1783 2748 1838 in
2787 1785 2902 1854 ejus
2945 1801 3164 1858 quoque
3211 1793 3366 1856 parte
3403 1784 3748 1850 sententiam,

457 1869 594 1940 Quid
621 1873 731 1944 jam
753 1876 820 1932 de
853 1875 1024 1934 Roma
1051 1879 1344 1936 debeamus
1373 1879 1575 1944 dicere,
1599 1893 1758 1950 quam
1781 1877 1860 1935 fas
1883 1887 1964 1935 est
1983 1879 2054 1934 ab

459 1966 588 2036 ipsis
615 1967 798 2027 liberis
827 1971 946 2044 plus
977 1971 1182 2028 amari?

987 2124 1318 2182 EPISTOLA
1355 2125 1518 2182 XXII.

463 2253 748 2294 IAIGBLLO
795 2253 918 2296 νωο
957 2255 1220 2296 SENATORI
1258 2253 1540 2298 ADVOCA’I‘O
1577 2257 1712 2298 l-‘ISCI
1749 2257 2054 2300 THEODORI-

1137 2327 1232 2368 CUS
1267 2329 1390 2366 REX.

533 2400 694 2460 Illum
719 2417 788 2460 σω
815 2403 1066 2460 aduocato
1097 2407 1296 2474 priuato
1327 2415 1468 2460 creat
1498 2413 1802 2462 aavocatum
1830 2407 1965 2478 ﬁsci.

531 2511 714 2568 Solida
763 2513 880 2570 laus
919 2523 1004 2570 est
1049 2515 1210 2584 regia:
1257 2515 1542 2583 largitatis,
1587 2517 1800 2588 quoties
1853 2531 2056 2573 conve-

461 2603 614 2658 niunt
645 2601 850 2658 indulta
881 2603 1130 2672 judiciis;
1173 2621 1276 2662 nec
1323 2607 1424 2662 sibi
1473 2607 1636 2664 audet
1682 2623 1838 2670 casus
1887 2609 2054 2664 ascri-

461 2694 610 2760 bere,
639 2696 784 2764 quod
821 2695 978 2752 home
1015 2697 1388 2768 diSpositionis
1421 2699 1582 2754 librat
1615 2715 1844 2754 examen
1881 2719 1892 2754 :
1925 2701 2052 2770 quia

461 2789 552 2846 ubi
573 2799 826 2860 aptantur
851 2789 1030 2847 officia
1058 2793 1284 2856 meritis,
1313 2793 1384 2848 nil
1413 2793 1640 2850 debetur
1667 2795 1908 2850 incertis.
1933 2793 2053 2850 Non

460 2885 602 2940 enim
629 2883 696 2940 de
723 2887 946 2944 rudibus
975 2889 1300 2944 sententiam
1327 2887 1580 2956 ferimus,
1617 2889 1708 2945 sed
1743 2889 1812 2944 de
1855 2889 2050 2958 proba-

459 2977 678 3034 tissimis
725 2979 1050 3050 judicamus.
1107 2979 1294 3036 Polisti
1349 2981 1616 3051 siquidem
1673 2979 1874 3036 forensi
1929 2989 2054 3036 cote

459 3071 746 3128 multifarie
773 3075 1093 3142 prmiicatus
1130 3073 1435 3142 ingenium;
1481 3071 1696 3128 nutristi
1743 3071 2052 3126 facundiam

458 3163 846 3218 exercitatione
885 3179 1202 3230 causarum;
1251 3173 1508 3234 expertus
1547 3179 1605 3218 es
1651 3179 1810 3231 quam
1859 3177 2052 3218 suaves
2077 3181 2124 3246 ο

461 3251 594 3308 fides
621 3253 810 3308 afferat
845 3255 1069 3322 fructus,
1115 3266 1174 3310 ut
1209 3257 1372 3310 etiam
1421 3257 1536 3326 ipsa
1585 3255 1840 3311 conciliet
1885 3259 2050 3312 corda

461 3345 820 3414 regnantium.
873 3345 1000 3402 Haec
1041 3349 1098 3401 in
1149 3357 1204 3402 te
1247 3348 1558 3418 speculator
1585 3347 1840 3402 virtutum
1871 3355 2058 3404 noster

461 3451 652 3494 sensus
681 3437 932 3506 inspexit.
967 3437 1076 3492 liis
1105 3439 1248 3508 apud
1275 3455 1374 3493 nos
1399 3437 1660 3508 suffragiis
1689 3439 1904 3510 placere
1939 3455 2056 3496 me-

465 3529 636 3592 ruisti,
679 3537 732 3582 ia!
777 3529 970 3598 dignas
1011 3529 1274 3587 existeres
1315 3529 1382 3584 ad
1425 3531 1664 3601 publicas
1707 3547 1918 3596 causas,
1961 3531 2054 3600 qui

459 3625 672 3692 gessisti
707 3625 970 3680 hactenus
995 3625 1096 3680 sub
1129 3625 1440 3694 integritate
1473 3625 1730 3696 privatas.
1761 3625 1925 3680 Sume
1955 3625 2054 3694 igi-

461 3725 546 3768 tur
577 3713 690 3770 ﬁsci
717 3716 886 3770 nostri
913 3715 1112 3772 tuenda
1139 3717 1356 3786 negotia
1375 3755 1390 3782 ,
1423 3716 1476 3772 in
1517 3715 1726 3772 utendis
1767 3713 1926 3772 ofﬁcii
1977 3713 2054 3770 tui

461 3807 752 3880 privilegiis
781 3809 1126 3866 decessorum
1171 3809 1422 3878 exempta
1463 3819 1766 3866 secuturus.
1809 3809 1886 3864 lla
1922 3823 2051 3880 ergo

461 3915 560 3971 per
583 3901 818 3956 medium
841 3901 1062 3972 iustitiae
1095 3903 1366 3958 tramitem
1395 3901 1706 3956 moderatus
1743 3903 1958 3962 incede;
1993 3909 2054 3956 ut

459 4009 564 4052 nec
589 3993 858 4050 calumnia
889 3995 1208 4050 innocentes
1235 4009 1450 4064 graves,
1473 4010 1574 4048 nec
1591 3993 1748 4063 justis
1771 3993 2050 4064 petitioni-

461 4085 561 4140 bus
585 4093 946 4142 retentatores
975 4101 1240 4142 exoneres
1262 4085 1424 4159 [λιιι-η
1449 4083 1798 4157 exhonores].
1829 4085 1920 4138 Illa
1951 4087 2050 4156 13

461 4175 606 4240 enim
629 4191 756 4232 vera
783 4177 934 4232 lucra
969 4176 1292 4246 iudicamus,
1337 4192 1458 4248 quze
1503 4177 1812 4246 integritate
1855 4175 2048 4232 suffra-

461 4277 624 4338 gante
665 4267 1016 4340 perelpimus.
1065 4269 1184 4325 Non
1229 4285 1360 4340 ergo
1405 4272 1618 4342 quoties
1665 4285 1904 4340 superes,
1951 4269 2046 4326 sed

463 4361 918 4432 quemadmodum
943 4363 1142 4428 vincas,
1167 4365 1518 4436 inquiramus.
1547 4365 1878 4434 quuitatem
1899 4361 2052 4418 nobis

463 4455 762 4526 placiturus
787 4455 1006 4512 intende
1031 4475 1044 4508 :
1073 4473 1180 4512 non
1209 4471 1420 4526 quaeras
1449 4459 1516 4514 de
1541 4467 1812 4529 potestate
1841 4469 2046 4524 nostra,

2159 1875 2284 1928 dum
2315 1873 2544 1930 velimus
2573 1875 2754 1930 omnia
2787 1877 2926 1930 inter
2967 1891 3062 1930 eos
3109 1891 3230 1930 esse
3267 1875 3478 1942 decisa;
3511 1872 3751 1941 nihilque

2159 1963 2304 2018 aliud
2353 1965 2606 2034 relinqui,
2655 1965 2758 2020 nisi
2806 1967 2950 2036 quod
2999 1959 3228 2022 debetur
3276 1965 3511 2020 aﬂ'ectui.
3565 1963 3752 2019 Videte

2157 2069 2288 2125 ergo
2331 2057 2466 2112 tanti
2487 2057 2674 2128 judicii
2703 2057 2934 2114 arbitros
2955 2075 3052 2115 vos
3079 2059 3318 2124 electos;
3345 2059 3527 2114 videte
3555 2071 3750 2128 exspe-

2159 2149 2452 2204 ctationem
2487 2159 2760 2220 uestram,
2802 2151 3120 2223 aequabilem
3169 2149 3412 2220 ﬂagitare
3437 2149 3702 2220 justitiam
3736 2165 3750 2203 :

2157 2241 2383 2296 relaturi
2411 2243 2594 2310 gratiae
2621 2243 2954 2298 uberrimum
2975 2244 3229 2308 fructum,
3255 2243 3298 2298 si
3327 2257 3562 2312 praesens
3583 2241 3750 2296 disce-

2157 2335 2350 2404 ptatio,
2401 2349 2538 2404 quos
2585 2335 2776 2404 dignos
2824 2337 3088 2404 credidit,
3135 2351 3242 2392 non
3283 2335 3518 2406 impares
3565 2333 3750 2404 probet

2159 2441 2299 2482 esse.
2347 2425 2518 2482 Debet
2563 2429 2706 2482 enim
2751 2427 2822 2482 de
2871 2427 3068 2482 talibus
3095 2427 3226 2482 viris
3254 2443 3374 2482 esse
3403 2443 3528 2482 cura
3569 2425 3750 2496 praeci~

2157 2531 2284 2586 pua,
2313 2517 2404 2588 qui
2435 2517 2566 2572 dare
2591 2527 2818 2588 possunt
2849 2519 3152 2574 minoribus
3179 2519 3462 2574 evidenter
3483 2517 3752 2586 exempla.

2157 2607 2292 2663 Nam
2322 2611 2414 2678 qui
2435 2611 2578 2666 inter
2599 2627 2758 2682 pares
2787 2629 3028 2668 summos
3057 2613 3204 2670 viros
3231 2613 3382 2668 litem
3411 2611 3627 2682 negligit
3659 2611 3752 2664 ab-

2159 2703 2474 2758 solvendam
2521 2701 2649 2776 [ed.,
2695 2704 3064 2780 abolendam],
3117 2706 3226 2764 hoc
3273 2703 3474 2760 imitari
3517 2703 3752 2774 reliquos

2159 2794 2276 2850 sine
2303 2795 2638 2852 dubitatione
2667 2797 2950 2868 permittit.

2675 2911 3008 2968 EPISTOLA
3045 2913 3230 2970 XXIV.

2429 3041 2698 3082 UNIVERSIS
2733 3043 2924 3084 GOTBIS
2953 3043 3322 3086 TIIEODOBICUS
3359 3045 3486 3084 REX.

2160 3118 2370 3174 Iudicat
2403 3137 2458 3174 se
2497 3139 2588 3192 per
2623 3119 2896 3174 Nandium
2941 3121 3192 3176 Saiom'm
3239 3123 3358 3178 illas
3399 3123 3752 3178 admonendos

2229 3207 2456 3254 curasse,
2491 3203 2544 3245 ut
2573 3193 2642 3246 ad
2665 3193 3046 3262 expeditionem
3075 3193 3404 3248 Gallicanae:
3439 3209 3530 3248 vm
3571 3195 3752 3248 calen-

2230 3263 2346 3338 dar.
2379 3261 2596 3338 Julian,
2637 3261 2786 3318 rebus
2819 3267 3056 3338 onmiims
3099 3267 3410 3338 necessariis
3445 3265 3752 3338 sufﬁcienter

2227 3335 2487 3416 instructi,
2521 3343 2816 3404 properent,
2849 3345 2896 3388 et
2927 3337 3158 3391 seniores
3187 3335 3486 3408 junioribus
3507 3335 3750 3406 exemplo

2227 3413 2354 3460 sint.

2225 3521 2616 3580 lnnotesconda
2665 3535 2788 3579 sunt
2831 3527 3002 3596 magis
3049 3525 3241 3583 Gothis
3275 3541 3436 3598 quam
3473 3527 3750 3586 suadenda

2154 3615 2474 3680 certamina,
2535 3617 2656 3688 quia
2688 3617 2960 3672 bellicosas
2992 3619 3146 3690 stirpi
3191 3627 3274 3674 est
3303 3619 3556 3688 gaudium
3597 3635 3750 3676 com-

2153 3709 2392 3780 probari.
2445 3707 2706 3764 Laborem
2760 3711 2960 3782 quippe
3003 3727 3112 3767 non
3157 3713 3368 3782 refugit,
3413 3715 3504 3784 qui
3535 3715 3750 3770 virtutis

2153 3793 2382 3874 gloriam
2413 3805 2766 3875 concupiscit.
2801 3803 2870 3859 Et
2899 3805 3044 3876 ideo,
3085 3807 3308 3876 juvante
3337 3807 3482 3872 Deo,
3515 3821 3621 3876 quo
3651 3821 3748 3862 au-

2155 3909 2306 3956 ctore
2357 3901 2540 3954 omnia
2591 3909 2998 3970 prosperantur,
3052 3915 3150 3969 pro
3203 3897 3478 3954 communi
3515 3897 3748 3954 utilitate

2155 3993 2454 4048 exercitum
2499 3991 2568 4046 ad
2615 3989 2818 4046 Gallias
2847 3992 3224 4048 constituimus
3251 3991 3550 4060 destinare;
3583 4001 3642 4046 ut
3667 3991 3746 4048 si-

2153 4085 2264 4138 mul
2289 4093 2346 4140 et
2369 4099 2465 4139 vos
2495 4093 2786 4154 provectus
2814 4085 3158 4142 occasionem
3187 4085 3390 4156 habere
3415 4085 3656 4158 possitis,
3689 4093 3748 4144 et

2153 4193 2253 4232 nos
2301 4193 2420 4248 quae
2471 4179 2836 4248 prmstitimus,
2883 4179 3092 4236 meritis
3121 4179 3414 4236 contulisse
3441 4179 3744 4238 videamur.

2155 4271 2312 4326 Latet
2339 4273 2480 4328 enim
2513 4272 2614 4328 sub
2647 4275 2760 4328 otio
2791 4273 3074 4328 laudabilis
3101 4273 3390 4340 fortitudo;
3431 4283 3487 4330 et
3531 4275 3656 4330 dum
3685 4289 3744 4332 se

2155 4363 2420 4432 probandi
2461 4379 2568 4416 non
2613 4363 2778 4418 habet
2827 4365 3080 4434 spatium,
3131 4365 3342 4420 occulta
3385 4373 3469 4420 est
3505 4365 3598 4422 lux
3631 4375 3742 4422 tota

2155 4457 2490 4512 meritorum.
2545 4457 2722 4526 Atque
2765 4456 2886 4512 ideo
2929 4473 3028 4528 per
3065 4455 3328 4512 Nandium
3357 4457 3610 4514 Saionem
3639 4473 3738 4514 no-

463 4545 560 4602 sed
603 4547 784 4618 potius
829 4547 898 4602 de
943 4545 1066 4616 jure
1103 4549 1360 4606 victorias
1387 4569 1400 4604 :
1427 4551 1642 4620 quando
1671 4549 1992 4604 laudabilius
2019 4565 2050 4604 a
2075 4563 2128 4624 1)
2153 4555 2324 4602 strum
2347 4547 2746 4604 admonendum
2769 4547 3106 4614 curavimus,
3137 4555 3196 4603 ut
3225 4549 3292 4604 ad
3321 4549 3738 4620 expeditionem,

463 4645 618 4710 parte
661 4639 774 4696 lisci
803 4641 1076 4710 perditur,
1107 4657 1228 4698 cum
1251 4643 1458 4712 justitia
1497 4659 1606 4697 non
1639 4643 1886 4696 habetur.
1915 4641 2048 4696 Nam

463 4731 508 4788 si
537 4730 788 4790 dominus
813 4735 1014 4802 vincat,
1047 4737 1412 4808 Oppressionis
1455 4735 1652 4790 invidia
1683 4743 1794 4800 est;
1825 4735 2050 4804 {equites

461 4841 596 4882 vero
623 4825 880 4888 creditur,
909 4827 952 4882 si
973 4827 1268 4896 supplicem
1299 4841 1558 4897 superare
1587 4825 1886 4892 contingat.
1931 4821 2050 4878 Non

461 4935 592 4992 ergo
635 4934 804 4991 parvo
847 4919 1086 4990 periculo
1125 4933 1316 4974 causas
1355 4917 1614 4986 dicimus,
1661 4915 1876 4986 quando
1925 4923 2052 4972 tunc

463 5015 600 5070 fama
626 5023 812 5070 nostra
833 5011 1062 5084 proiicit,
1085 5027 1208 5068 cum
1233 5027 1296 5066 se
1313 5011 1670 5067 commoditas
1697 5007 1892 5078 iujusta
1917 5009 2050 5064 sub-

463 5109 629 5164 ducit.
673 5107 1014 5180 Quapropter
1039 5105 1100 5161 ﬁt
1125 5105 1394 5162 interdum
1435 5119 1596 5160 causa
1633 5104 1776 5158 mala
1809 5103 1956 5168 ﬁsci,
1989 5111 2052 5158 ut

461 5201 638 5258 bonus
659 5203 910 5274 princeps
929 5215 1048 5256 esse
1071 5201 1334 5256 videatur.
1361 5197 1550 5270 Maiori
1569 5199 1768 5270 quippe
1789 5213 2050 5270 compen-

463 5291 554 5348 dio
581 5293 872 5364 perdimus,
895 5309 1056 5364 quam
1083 5292 1130 5348 si
1153 5291 1310 5347 nobis
1341 5291 1577 5347 indebite
1603 5291 1824 5346 victoria
1853 5291 2046 5346 suifra-

465 5393 638 5458 getur.
1427 5419 1462 5450 ο

981 5515 1314 5576 EPISTULA
1349 5515 1535 5572 XXIII.

465 5655 706 5698 CELIANO
747 5637 868 5712 lGr.
911 5647 958 5692 et
997 5635 1141 5706 Cuj.,
1193 5640 1502 5702 remenso]
1545 5647 1614 5685 nr
1655 5645 1880 5686 AGM’iTO
1921 5647 2052 5686 vmts

597 5725 938 5767 ILLUSTRIBUS
975 5725 1044 5762 ΕΤ
1083 5721 1340 5778 ΡΑἹἮΙΟΙΙΞ
1379 5719 1746 5759 τιιεουοιιιευε
1783 5719 1910 5756 “EX.

465 5833 542 5904 Ili
583 5847 786 5920 judice:
833 5847 1094 5916 eliguntur
1145 5855 1202 5897 ut
1252 5846 1392 5900 (item
1443 5843 1778 5898 natriéioruirt
1823 5843 2048 5898 virorum

2159 4641 2212 4694 in
2243 4639 2338 4694 Dei
2369 4640 2608 4702 nomine,
2639 4655 2792 4694 more
2831 4639 3013 4710 solito,
3043 4641 3224 4706 armis,
3268 4641 3440 4710 equis,
3477 4641 3740 4708 rebusque

2159 4731 2404 4786 omnibus
2437 4731 2756 4786 necessariis
2785 4729 3114 4786 sufficienter
3143 4731 3407 4800 instructi,
3439 4741 3633 4788 octavo
3659 4729 3740 4786 die

2159 4821 2262 4876 cal.
2313 4819 2576 4874 Juliarum
2625 4821 2876 4890 proxime
2931 4823 3200 4886 veniente,
3253 4821 3426 4878 modis
3473 4823 3738 4888 omnibus,

2159 4911 2272 4968 Deo
2311 4911 2548 4976 favente,
2579 4912 2868 4978 moveatis;
2897 4920 3162 4980 quatenus
3209 4919 3266 4968 et
3313 4921 3601 4984 parentum
3649 4927 3738 4968 ve-

2159 5011 2392 5058 strorum
2425 5003 2478 5058 in
2501 5003 2656 5060 vobis
2681 5005 2978 5060 ostendatis
3021 5005 3196 5062 inesse
3225 5007 3500 5074 virtutem,
3551 5015 3610 5063 et
3649 5023 3738 5062 no-

2155 5103 2320 5150 stram
2351 5095 2622 5165 peragatis
2649 5095 2878 5151 feliciter
2897 5095 3216 5166 jussionem.
3267 5095 3554 5154 Producite
3593 5099 3738 5168 juve-

2157 5199 2252 5242 nes
2305 5193 2515 5242 vestros
2569 5187 2621 5240 in
2653 5185 2926 5242 ’Martiam
2991 5188 3354 5258 disciplinam.
3427 5189 3538 5244 Sub
3593 5189 3738 5244 vobis

2153 5277 2408 5346 videant,
2461 5279 2608 5348 quod
2661 5279 2893 5348 posteris
2948 5281 3152 5335 referre
3206 5279 3558 5334 contendant.
3613 5281 3738 5336 Nam

2155 5371 2300 5440 quod
2349 5371 2404 5425 in
2447 5371 2734 5440 juventute
2781 5387 2888 5426 non
2939 5371 3182 5440 discitur,
3230 5373 3284 5428 in
3331 5379 3542 5430 matura
3589 5381 3738 5430 tutata

2159 5465 2418 5520 nescitur.
2451 5463 2748 5534 Accipitres
2778 5463 2900 5534 ipsi,
2949 5479 3180 5536 quorum
3215 5465 3390 5522 victus
3427 5481 3642 5538 semper
3677 5479 3738 5522 ex

2161 5555 2336 5626 praeda
2365 5564 2474 5623 est,
2513 5554 2652 5612 fetus
2681 5571 2808 5612 suos
2837 5555 3080 5612 novitate
3109 5565 3414 5614 marcentes
3441 5559 3582 5614 nidis
3625 5573 3738 5630 pro-

2159 5653 2398 5720 turbant,
2439 5667 2506 5708 ne
2547 5651 2692 5708 molli
2723 5653 2835 5706 otio
2875 5659 3266 5720 consuescant;
3315 5653 3414 5710 alis
3463 5655 3738 5710 verberant

2159 5747 2530 5810 innnorantes,
2575 5753 2774 5814 cogunt
2813 5745 2990 5816 pullos
3029 5753 3248 5800 teneros
3275 5745 3344 5800 ad
3377 5747 3649 5810 volatum;
3689 5749 3736 5798 ut

2157 5841 2292 5896 tales
2321 5839 2554 5894 debeant
2581 5839 2836 5902 existere,
2867 5837 2934 5894 de
2961 5837 3158 5908 quibus
3197 5837 3368 5908 possit
3411 5839 3586 5906 pietas
3625 5847 3734 5890 rua-
