3992 6456
273 345 398 404 5‘25

1613 364 1975 442 VARIARUM
2013 374 2218 430 LIBER
2254 375 2296 430 ῐ,

3488 384 3599 444 526

268 475 452 528 terna
490 488 846 543 praesumere.
879 481 990 540 Vos
1024 492 1225 553 autem,
1259 501 1394 558 quos
1422 496 1479 546 et
1505 499 1698 546 natura
1726 492 1902 562 erigit,
1931 493 1982 553 Α
2016 491 2130 557 nui,
2175 491 2370 563 quibus
2410 493 2517 555 alia
2545 495 2799 550 convenit
2827 511 2857 551 a
2887 509 3070 554 nostra
3109 500 3305 570 saapius
3348 500 3600 584 largitate

210 618 218 622 _
269 572 334 617 et
367 579 557 622 amor
584 571 854 641 opinionis
882 581 1123 647 exacuit,
1158 582 1370 640 studete
1403 586 1535 640 tales
1565 584 1702 642 ﬁlios
1741 587 1914 641 relin-'

269 670 493 728 quere,
533 663 722 732 quales
751 684 846 724 vos
873 679 1055 739 patres
1083 683 1295 731 vestros
1323 684 1536 744 constat
1559 678 1830 735 habuisse.

830 781 1164 843 EPISTOLA
1203 788 1363 846 XXV.

461 880 750 927 SABINIANO
777 889 902 929 VIR“
931 893 1192 936 SENATORI
1220 898 1588 942 THEODOIICUS
1613 902 1738 942 IP11.

272 952 452 1011 Iubet
485 971 706 1045 pos-tuin
727 961 910 1045 Lucini
930 977 981 1022 et
999 982 1176 1045 portus
1191 974 1401 1044 juncta:
1423 980 1676 1045 reparari,
1701 996 1905 1035 eorum-

436 1046 552 1102 que
581 1032 963 1104 diligentiorem
990 1032 1310 1113 iuposteium
1337 1032 1511 1102 curant
1544 1032 1741 1116 haberi.

2011 583 2269 654 praestari.
2313 582 2420 638 Sed
2455 583 2597 640 sicut
2623 600 2744 654 quae
2773 589 2940 644 semel
2968 591 3252 647 annuimus
3279 592 3513 649 rescindi
3543 582 3598 651 in

2007 682 2324 744 perpetuum
2356 691 2462 729 non
2494 685 2791 745 merentur,
2817 678 2893 733 sic
2918 681 3009 750 qui
3029 681 3330 753 largitatem
3355 696 3594 743 nostram

2008 764 2300 821 moderatis
2326 767 2573 840 precibus
2594 769 2974 841 impetrarunt,
2995 785 3308 832 nostrorum
3329 781 3592 836 terminos

2007 856 2370 926 prmstitorum
2425 859 2711 917 immodica
2766 879 2876 918 non
2925 865 3124 922 debent
3178 872 3596 942 praesumptione

2005 949 2407 1005 transcendere.
2456 949 2607 1008 Unde
2646 954 2771 1023 quia
2812 955 3046 1026 religiosi
3086 959 3247 1014 studii
3292 963 3594 1017 reverentia

2005 1053 2430 1108 commonemur,
2464 1050 2524 1097 ut
2551 1057 2671 1112 qua:
2699 1043 2899 1100 dudum
2935 1043 3188 1102 Ecclesia:
3227 1049 3324 1103 viri
3367 1065 3595 1105 venera-

2004 1131 2130 1188 bilis
2159 1131 2400 1188 Versillae
2429 1137 2682 1192 antistitis
2712 1139 3077 1208 praestitimus,
3109 1140 3288 1197 valere
3317 1141 3370 1198 in
3398 1157 3593 1213 perpe—

355 1142 455 1198 Nil
491 1148 723 1214 prodest
751 1152 903 1208 initia
945 1157 1024 1212 rei
1063 1159 1318 1227 solidare,
1351 1163 1395 1218 si
1425 1164 1626 1220 valebit
1654 1182 1904 1236 przesum-

272 1234 406 1304 ptio
431 1237 698 1296 ordinata
728 1243 1027 1302 destruere.
1061 1249 1155 1305 Illa
1183 1261 1310 1306 sunt
1332 1255 1474 1309 enim
1521 1234 1763 1320 robusta,
1810 1260 1900 1314 illa

273 1327 589 1398 diuturna,
637 1348 757 1403 quae
804 1339 1086 1407 prudentia
1135 1344 1323 1414 incipit
1368 1353 1424 1400 et
1467 1361 1597 1403 cura
1644 1351 1896 1406 custodit.

273 1416 480 1488 Atque
534 1423 664 1480 ideo
697 1426 872 1496 major
898 1430 1026 1502 [θείη
1063 1449 1168 1489 non
1200 1435 1399 1508 minor]
1432 1438 1490 1493 in
1515 1443 1899 1497 conservandis

272 1509 460 1567 rebus
492 1528 664 1584 quam
695 1516 748 1572 in
779 1519 1116 1578 inveniendis
1162 1525 1466 1583 adhibenda
1511 1531 1722 1585 cautela
1767 1540 1849 1587 est
1883 1551 1894 1584 :

272 1600 416 1670 quia
448 1601 531 1660 de
560 1605 725 1663 initiis
754 1605 1066 1679 praedicatio
1095 1612 1326 1670 debetur
1353 1615 1590 1684 invento,
1623 1619 1689 1673 de
1717 1629 1899 1675 custo-

274 1691 414 1749 ditis
449 1704 645 1752 autem
676 1700 976 1771 acquiritur
1003 1703 1220 1759 laudata
1252 1708 1532 1776 perfectio.
1570 1708 1776 1764 Dudum
1823 1711 1899 1766 εί-
2001 1704 2136 1760 pura
2181 1691 2335 1746 nobis
2378 1690 2480 1744 ﬁde
2507 1698 2564 1746 et
2593 1692 2897 1762 integritate
2925 1696 3224 1765 comperti,
3256 1698 3586 1767 temporibus

273 1783 526 1851 quidem
570 1797 798 1860 propter
836 1791 1094 1850 Romamn
1132 1799 1332 1854 moenia
1361 1800 1610 1864 civitatis,
1657 1801 1746 1856 ubi
1786 1811 1878 1858 stur

2001 1791 2088 1837 est
2123 1784 2316 1839 soluta.
2366 1784 2440 1840 Ea
2483 1802 2609 1842 vero
2638 1802 2755 1856 qua:
2783 1802 2813 1841 a
2849 1797 3089 1857 tempore
3116 1789 3362 1844 beneﬁcii
3389 1790 3456 1843 ad
3486 1789 3585 1844 Ec-

272 1873 440 1936 dium
478 1879 640 1936 nobis
667 1897 882 1955 Gem,"
909 1885 1226 1957 impendere
1273 1889 1615 1958 infa‘igabilis
1668 1893 1900 1948 ambitus
1930 1879 1978 1940 Β
2004 1874 2218 1928 clesiam
2250 1884 2481 1930 vestram
2511 1877 2578 1932 ab
2607 1878 2874 1946 aliquibus
2904 1888 2986 1934 est
3014 1881 3272 1935 translata
3317 1882 3584 1952 possessio

268 1971 413 2037 erit,
459 1970 696 2044 ‘portum
744 1976 932 2034 Lucini
987 1980 1262 2051 deputatis
1313 1984 1610 2040 redditibus
1659 1989 1899 2056 reparari
2005 1965 2148 2034 Ῐηίδδ·
2182 1964 2274 2021 δ”·
2304 1977 2354 2021 ετ
2383 1965 2522 2038 Cuj"
2555 1969 2863 2042 p’OfeSSiol’
2895 1986 3182 2027 comm“"e
3213 1988 3338 2026 cum
3366 1973 3584 2027 "nive"

273 2061 468 2133 iussio
502 2077 687 2123 nostra
718 2071 1026 2140 constituit;
1056 2082 1116 2129 ut
1143 2075 1329 2143 viginti
1354 2077 1590 2146 quinque
1620 2079 1784 2134 millia
1815 2087 1878 2135 te-

2001 2060 2073 2115 sis
2104 2062 2529 2130 possessionibus
2568 2061 2680 2135 [δι’.
2724 2073 2772 2118 et
2811 2064 2952 2134 Cuj.,
2985 2064 3406 2137 possessoribus]
3450 2081 3583 2120 onus

270 2154 550 2222 gularum
600 2173 778 2214 annua
824 2162 1068 2220 nimione
1116 2175 1467 2236 pmtemlw;
1521 2169 1680 2224 simul
1731 2174 1896 2227 etiam
1999 2152 2283 2210 solutionis
2332 2162 2608 2225 agnoscat,
2657 2164 2712 2211 et
2759 2157 2900 2212 illius
2958 2158 3235 2226 subiaceat
3283 2157 3582 2222 functioni,

271 2248 567 2316 portubus
590 2243 812 2318 junctis,
849 2254 941 2324 qui
980 2254 1047 2310 ad
1096 2256 1185 2310 illa
1234 2257 1354 2313 loca
1395 2259 1692 2328 antiquitus
1723 2261 1892 2335 μηδι,
1998 2243 2150 2313 cuius
2192 2253 2350 2301 “30m
2399 2255 2482 2302 θεῖ
2521 2247 2644 2317 lum
2690 2248 2934 2304 dominii-
2981 2248 3198 2318 Αίῖοαυί
3235 2259 3385 2318 8Γ²ι³
3430 2251 3582 2305 "DNS
3613 2261 3628 2272 ’

2006 1232 2154 1279 tuum
2184 1239 2533 1293 censeamus;
2558 1245 2700 1285 nunc
2724 1244 2941 1302 quoque
2964 1231 3224 1289 illustrem
3244 1233 3587 1304 magnificen-

2004 1318 2134 1372 tiam
2165 1328 2311 1374 tuam
2338 1319 2586 1377 duximus
2617 1325 3032 1394 admonendam,
3055 1336 3320 1397 quatenus
3346 1328 3590 1398 superin-

2003 1409 2270 1464 dictorum
2302 1425 2468 1466 onera
2498 1412 2777 1469 titulorum
2809 1415 2884 1487 [id
2911 1427 3008 1483 est,
3040 1418 3588 1476 extraordinarioruin

2004 1501 2369 1574 tributorum],
2402 1504 2620 1575 praefata
2649 1505 2890 1563 Ecclesia
2921 1509 2973 1564 in
3003 1525 3067 1565 ea
3095 1525 3302 1566 summa
3330 1527 3435 1568 non
3464 1528 3588 1568 sen-

2003 1597 2127 1662 tiat,
2163 1613 2282 1668 qua:
2325 1613 2494 1670 usque
2522 1615 2552 1653 a
2584 1600 2853 1670 magniﬁci
2882 1601 2980 1656 viri
3014 1600 3318 1658 Cassiodori
3347 1605 3586 1673 patricii,

275 2341 649 2416 antiquitate]
681 2349 1056 2416 pertinebant,
1107 2360 1162 2407 et
1190 2369 1335 2409 nunc
1359 2355 1694 2411 diversorum
1740 2374 1894 2413 usur-

275 2433 521 2502 patione
546 2446 907 2506 suggeruntur
928 2441 1121 2498 invasi.
1153 2442 1360 2502 Cuncta
1387 2460 1516 2516 ergo
1545 2448 1610 2502 ad
1637 2457 1891 2505 statutam

278 2529 702 2595 priestationem
745 2533 910 2590 facies
958 2536 1075 2592 sine
1121 2537 1385 2594 dilatione
1430 2543 1672 2596 revocari
1713 2561 1725 2596 :
1766 2544 1893 2612 quia

277 2612 419 2672 licet
451 2627 642 2677 nostra
667 2622 816 2691 jussa
860 2641 958 2695 pro
1003 2643 1100 2683 sua
1131 2633 1437 2687 reverentia
1479 2633 1532 2688 in
1580 2635 1727 2690 nullo
1772 2637 1890 2692 vio-
1934 2659 1943 2667 ο

279 2701 458 2763 lauda
509 2711 640 2780 sint,
683 2729 748 2770 ea
799 2723 978 2772 tamen
1027 2721 1286 2776 custodiri
1336 2709 1588 2780 volumus
1633 2727 1888 2793 maxime,

279 2814 410 2879 qua}
462 2800 624 2860 Urbis
653 2805 846 2863 faciem
875 2810 1123 2868 videntur
1151 2829 1367 2870 ornare.
1401 2815 1532 2882 Quis
1561 2819 1701 2873 enim
1732 2820 1888 2875 dubi-

281 2898 386 2958 tet,
420 2891 753 2953 l‘abricarum
779 2901 1038 2958 miracula
1066 2904 1168 2961 hac
1207 2908 1515 2976 provisione
1554 2918 1796 2976 servata,
1835 2920 1892 2966 et

281 2987 558 3057 pendenti
586 3007 717 3049 saxo
750 2994 1010 3052 formatas
1041 2999 1213 3072 [mss.,
1243 3003 1507 3074 tornatas]
1539 3021 1783 3062 cameras
1810 3014 1890 3061 te-

281 3077 540 3143 gularum
592 3085 830 3151 tegmine
870 3089 1202 3146 custoditas?
1250 3092 1320 3146 Ut
1366 3095 1570 3164 antiqui
1620 3097 1888 3168 principes

283 3166 453 3220 nobis
488 3172 686 3228 merito
716 3174 948 3232 debeant
978 3195 1104 3235 suas
1143 3181 1353 3250 laudes,
1400 3166 1634 3253 quorum
1670 3166 1886 3244 fabricis

285 3256 545 3318 dedimus
589 3265 954 3334 longissimam
977 3271 1315 3340 iuventutem
1347 3287 1406 3343 εις
1441 3287 1498 3333 ut
1526 3281 1749 3349 pristina
1790 3297 1889 3337 no-
1915 3259 1960 3322 ε

227 3410 240 3420 κ
283 3348 465 3405 vitate
494 3353 792 3426 reluceant,
824 3374 944 3432 qua:
971 3361 1084 3433 jam
1132 3365 1344 3422 fuerant
1391 3348 1677 3428 veternosa
1723 3385 1883 3428 sene-

285 3447 437 3498 stute
461 3441 686 3502 fuscata.

805 3562 1139 3623 EPISTOLA
1176 3567 1364 3628 XXVI.

380 3664 589 3708 ελσετο
621 3669 912 3714 ΡΒΕΡΕΟΤΟ
943 3676 1224 3720 PBJETORIO
1258 3679 1624 3724 THEODORICUB
1651 3684 1778 3724 κει.

286 3739 492 3798 Statuit
544 3756 602 3800 ut
648 3765 762 3818 qua:
807 3750 997 3808 dudum
1046 3753 1297 3812 Ecclesia:
1354 3757 1589 3814 Versillae
1633 3762 1880 3817 antistitis

357 3818 624 3894 ptzqrstitit,
670 3821 875 3875 valeant
910 3825 962 3876 in
1003 3837 1332 3894 perpetuum,
1371 3839 1421 3883 et
1462 3832 1883 3887 extraordinaria

358 3881 578 3952 tributa,
615 3906 736 3968 intra
774 3908 805 3944 a
848 3881 1159 3968 temporibus
1194 3881 1655 3955 Casrs'ioitoriwsvuﬁnt

355 3968 462 4043 non
505 3957 702 4043 sentiat
738 3975 760 4043 :-
803 3965 910 4014 vult
950 3957 1118 4043 tamen
1159 3986 1218 4043 ea
1250 3987 1374 4043 qua?
1409 3969 1658 4043 Ecclesia?
1702 3957 1880 4043 postea

354 4024 555 4079 collata
583 4037 704 4081 sunt
733 4028 866 4086 bona
884 4073 898 4098 ,
931 4038 1074 4089 oneri
1105 4024 1376 4095 solutionis
1405 4024 1728 4112 subjaceantr.

353 4113 520 4172 Nefas
545 4125 628 4176 est
655 4120 796 4190 apud
825 4137 920 4180 eos
961 4124 1119 4182 ﬁdem
1162 4129 1409 4184 beneﬁcii
1461 4131 1656 4202 prioris
1703 4133 1881 4188 immi-

353 4342 383 4374 ι
413 4332 922 4417 Etatemauliﬁciis
950 4342 1249 4417 trihuinon
1291 4354 1373 4401 est
1408 4363 1631 4417 novum,
1674 4350 1873 4403 etenim

286 4401 636 4480 Mamertinus
665 4407 718 4462 in
747 4407 1074 4480 Panegyrico
1103 4412 1297 4471 Juliani
1327 4401 1468 4472 dixit
1488 4401 1874 4475 urbiuniimm-

286 4477 676 4557 nia-renovata
723 4480 790 4557 ab
843 4477 1168 4552 imperatore
1217 4487 1451 4542 induisse
1497 4488 1869 4557 juventutem;

287 4548 396 4614 pari
429 4563 652 4618 quoque
681 4548 931 4616 ratione,
973 4565 1290 4610 ornamenta
1328 4548 1538 4612 urbium
1582 4576 1643 4613 ac
1672 4548 1868 4615 decora

289 4632 615 4692 marmorum
639 4622 845 4692 senium
879 4627 1134 4690 temporis
1163 4629 1362 4681 sentire
1406 4629 1650 4692 dicimus,
1695 4642 1755 4685 ut
1783 4633 1867 4686 vi-

286 4686 408 4770 dere
439 4696 537 4770 est.
562 4690 615 4743 in
739 4691 806 4745 16
845 4693 917 4770 C._
958 4686 1160 4770 Theod.
1207 4698 1274 4753 de
1316 4715 1466 4769 oper.
1511 4686 1659 4770 publ'.
1704 4701 1870 4756 [Edes

288 4757 459 4881 {atina
482 4758 736 4884 Sic-ultum
777 4765 949 4820 mtatis
987 4768 1138 4822 senio
1189 4757 1401 4824 concuti
1444 4757 1564 4825 in'l.
1599 4771 1694 4836 l5,
1743 4775 1862 4827 eod.

313 4842 322 4878 l
353 4867 364 4879 .
528 4846 577 4883 vn
623 4871 636 4884 .
672 4851 684 4883 ε

313 4842 364 4879 ιι.
390 4842 459 4881 hil.
482 4842 636 4884 υνιίι.
672 4851 684 4883 2

477 4944 758 4996 Canescunt
782 4952 912 5014 turpi
936 4954 1064 4999 tecta
1088 4951 1258 5000 relicta
1283 4955 1378 5002 situ

294 5043 390 5125 14
413 5045 694 5125 Ennodjus
715 5049 1012 5125 Ticinensis
1032 5056 1189 5125 epist.
1215 5057 1280 5112 ad
1300 5056 1546 5114 Boetium
1573 5078 1584 5113 :
1621 5079 1638 5114 ι
1677 5059 1870 5114 Ᾰῖᾱίίί-

290 5115 378 5170 cia‘
393 5116 512 5187 ejus
541 5119 640 5176 sub
671 5123 992 5194 negligentia
1018 5115 1443 5196 consenescunt;
1475 5151 1493 5182 ›
1523 5139 1577 5186 et
1598 5131 1702 5186 alio
1729 5132 1870 5198 loco,

405 5230 644 5292 Abjurant
665 5236 894 5297 priscam,
921 5241 974 5284 te
999 5238 1230 5298 praeSiile,
1266 5249 1392 5289 tecta
1418 5248 1683 5291 senectam.

289 5326 374 5408 Sic
401 5331 560 5386 etiam
590 5341 720 5388 aetas
744 5335 1084 5408 chirographi
1117 5341 1313 5396 dicitur
1345 5344 1396 5397 in
1425 5344 1462 5397 l.
1501 5346 1521 5397 l
1559 5342 1619 5397 C.
1655 5342 1864 5399 Theod.

289 5406 334 5484 si
356 5412 488 5484 cert.
523 5411 655 5484 pet.,
689 5412 746 5458 et
770 5406 1419 5484 astatemliueniquelibri
1451 5414 1590 5483 apud
1614 5413 1866 5484 Gellium,

291 5477 341 5554 tit
363 5482 574 5554 aetatem
603 5475 730 5529 vino
751 5475 1011 5554 accedere
1042 5475 1348 5548 apud'Plin.
1381 5484 1467 5536 lib.
1488 5475 1647 5551 "xxm,
1671 5501 1792 5554 cap.
1813 5475 1863 5540 ll

290 5535 500 5625 Memini
545 5560 762 5625 quoque
816 5546 1020 5625 legibus
1058 5535 1270 5603 aetatem
1319 5535 1863 5625 tribui,ﬁeasquenab

291 5615 828 5691 optimisaugtorihus
853 5619 958 5691 dici
989 5635 1396 5691 consenescere,
1429 5615 1702 5691 languere,
1729 5627 1864 5680 mori

292 5689 354 5764 et
367 5687 554 5764 occidi.
585 5685 967 5764 Constantinus
995 5691 1044 5743 in
1066 5691 1102 5743 l.
1129 5691 1198 5744 25
1217 5690 1276 5745 C.
1309 5685 1615 5764 Theodfdc
1637 5685 1857 5764 appell.,

287 5753 426 5835 j'uliet
475 5772 864 5835 consenescere
917 5760 1086 5828 legem
1127 5777 1245 5835 qum
1294 5763 1509 5835 vetabat
1551 5782 1578 5819 a
1625 5753 1862 5835 praefecti

295 5817 438 5897 prbis
485 5828 746 5897 sententia
793 5817 1108 5897 provocare.
1145 5817 1472 5886 'Ammiauus
1524 5817 1862 5892 Marcellinus

294 5887 375 5946 lib.
411 5913 515 5961 im,
548 5896 614 5954 de
654 5887 858 5968 legibus
895 5904 1240 5969 sumptuariis
1285 5905 1532 5972 loquens,
1562 5887 1860 5963 Senescen-

1899 4656 1952 4714 D

1997 2346 2290 2405 augmenta
2311 2351 2498 2394 eorum
2537 2354 2657 2394 esse
2692 2355 2798 2394 non
2836 2348 3080 2412 possunt,
3107 2340 3198 2412 qui
3243 2340 3356 2396 ﬁsci
3385 2340 3580 2396 damno

1995 2429 2304 2499 proﬁciunt.
2351 2430 2591 2487 Sufﬁciat
2621 2434 2920 2503 possessori
2943 2434 3324 2504 compendium
3365 2435 3581 2502 pensio-

1994 2519 2094 2576 nis.
2141 2519 2362 2576 Trihuta
2413 2532 2537 2578 sunt
2588 2541 2854 2595 purpura),
2905 2541 3012 2580 non
3057 2524 3304 2580 lacernaz.
3352 2524 3581 2581 Lucrum

1995 2627 2116 2668 cum
2164 2614 2363 2668 invidia
2411 2617 2707 2686 periculum
2747 2626 2860 2683 est;
2911 2626 3117 2686 quanto
3163 2618 3356 2672 melius
3403 2617 3582 2675 omnia

1994 2709 2270 2766 moderata
2298 2724 2509 2779 gerere,
2539 2727 2659 2780 qua:
2683 2713 2858 2766 nullus
2887 2713 3085 2768 audeat
3104 2711 3384 2770 accusare!

2487 2824 2816 2880 EPISTOLA
2854 2825 3065 2883 XXVII.

2385 2933 2625 2973 SPECIOSO
2657 2934 3020 2975 THEODORICUS
3049 2937 3173 2975 REX.

1995 3007 2202 3062 Iudicat
2230 3009 2474 3077 papillam
2502 3012 2665 3078 partis
2698 3011 2914 3064 Prasini
2932 3053 2945 3076 ,
2982 3013 3102 3065 dum
3127 3015 3197 3066 ad
3225 3015 3425 3067 curiam
3447 3017 3578 3069 veni-

2065 3090 2197 3142 rent,
2229 3081 2517 3154 insidiaso
2556 3080 2875 3154 Theoderico
2923 3084 3142 3152 patricio
3187 3092 3236 3136 et
3273 3083 3576 3154 Importunc

2064 3151 2272 3204 consule
2304 3152 2576 3224 pertulisse
2607 3150 2653 3218 δ,
2694 3153 2789 3224 ita
2810 3163 2866 3205 ut
2898 3150 3030 3206 unus
3061 3156 3257 3208 occisus
3289 3150 3473 3224 fuerit;
3497 3156 3576 3224 ju-

2065 3221 2243 3290 betque
2261 3221 2534 3290 praedictos
2565 3224 2702 3278 viros
2730 3222 2956 3278 illustres
2979 3235 3200 3290 moneat,
3223 3221 3573 3280 ut'instruc'tat

2064 3308 2310 3367 personas
2351 3292 2420 3345 ad
2451 3294 2708 3367 judicium
2749 3291 2964 3367 Coeliani
3009 3305 3056 3348 et
3098 3296 3308 3367 Agapiti
3346 3297 3572 3360 mittant,

1995 3420 2002 3422 _,
2061 3364 2145 3435 qui
2175 3363 2308 3416 hanc
2339 3380 2549 3418 causam
2579 3364 2772 3436 legibus
2802 3366 3069 3421 dirimunt.

2058 3479 2115 3532 Si
2143 3487 2452 3533 exterarum
2501 3478 2741 3547 gentium
2790 3494 2969 3535 mores
3016 3479 3116 3534 sub
3163 3479 3280 3549 lege
3322 3481 3572 3536 modera-

1986 3585 2136 3638 mur;
2165 3570 2212 3626 si
2236 3569 2345 3640 juri
2375 3570 2622 3626 Romano
2647 3572 2814 3627 servit
2838 3572 3094 3643 quidquid
3116 3574 3359 3628 sociatur
3378 3571 3572 3639 ltalim;

1985 3671 2187 3732 quanto
2217 3662 2385 3731 magis
2414 3661 2573 3717 decet
2617 3663 2792 3732 ipsam
2834 3655 3111 3719 civilitatis
3155 3663 3338 3719 sedem
3388 3663 3567 3731 legum

1985 3755 2342 3811 reverentiam
2372 3755 2491 3824 plus
2519 3755 2737 3817 habere,
2771 3764 2830 3809 ut
2856 3769 2956 3824 per
2979 3755 3368 3811 moderationis
3387 3769 3570 3809 exem-

1984 3847 2132 3919 plum
2164 3846 2343 3902 luceat
2368 3846 2535 3914 gratia
2582 3845 2936 3915 dignitatum?
2979 3845 3078 3902 Ubi
3114 3849 3256 3901 enim
3304 3854 3570 3914 quaeratur

1983 3940 2259 3995 modestus
2288 3938 2520 4006 animus,
2551 3939 2595 3994 si
2626 3938 2826 3994 fmdent
2867 3938 3106 3992 violenta
3136 3936 3419 4006 patricios!
3465 3933 3568 3990 Po-

1983 4033 2093 4103 puli
2121 4032 2304 4102 itaque
2332 4033 2488 4087 nobis
2517 4033 2686 4102 partis
2713 4030 2920 4087 Prasini
2951 4029 3214 4102 petitione
3235 4029 3568 4097 suggeritur,

1981 4125 2106 4180 dum
2137 4124 2204 4179 ad
2232 4133 2479 4180 nostrum
2507 4125 2862 4195 disponerent
2887 4122 3204 4178 comitatum
3235 4121 3448 4186 venire,
3480 4135 3567 4177 re-

1986 4356 2086 4415 tes,
2133 4346 2226 4408 ait,
2279 4345 2536 4415 paulatim
2587 4343 2857 4413 reparavit
2910 4342 3058 4415 Sylla
3103 4342 3353 4398 dictator.
3382 4341 3473 4400 Sic
3511 4352 3564 4407 et

1981 4414 2310 4473 Claudianus
2333 4416 2413 4470 his
2447 4415 2653 4480 verbis;

2355 4509 2667 4564 Pri-eamque
2693 4512 2950 4553 resumunt

2103 4568 2340 4619 Canitiem
2365 4568 2523 4627 leges,
2556 4570 2983 4628 emendantnrque
3007 4571 3232 4628 vetustte,

2104 4631 2457 4692 Acceilunlque
2481 4643 2632 4679 novze.

1980 4716 2147 4770 Aulus
2174 4713 2377 4770 Gellius
2410 4734 2420 4768 :
2460 4734 2477 4766 ‹
2512 4712 2706 4769 Passus
2737 4720 2817 4767 est
2847 4713 2988 4768 enim
3017 4714 3162 4782 leges
3191 4714 3319 4770 istas
3347 4715 3414 4769 de
3452 4724 3559 4771 tam

1979 4786 2266 4840 immodico
2294 4786 2573 4855 supplicio,
2598 4786 2701 4838 situ
2726 4794 2885 4852 atque
2913 4787 3062 4840 senio
3091 4785 3281 4840 emori.
3307 4806 3325 4837 ι
3362 4785 3559 4840 Eodem

1979 4857 2140 4911 modo
2181 4857 2373 4912 Cicero
2422 4856 2598 4924 legum
2630 4855 2930 4924 interitum,
2978 4865 3031 4910 et
3073 4857 3266 4908 bellum
3301 4855 3458 4910 civile
3497 4871 3559 4913 ac

1981 4928 2352 4986 t‘lomesticum,
2398 4936 2452 4980 et
2483 4923 2664 4980 totum
2697 4923 2853 4979 Urbis
2882 4935 3041 4993 atque
3071 4925 3278 4993 imperii
3310 4938 3559 4981 occasum

1981 4998 2412 5075 appropinquare
2459 4996 2610 5050 dixit.
2661 4994 2864 5075 Eodem
2912 5012 3074 5049 sensu.
3118 5005 3248 5075 mtas
3289 4997 3558 5075 viimrum,

1984 5064 2225 5134 operum,
2260 5064 2512 5120 silvarum
2543 5074 2597 5117 et
2626 5067 2911 5135 arborum,
2942 5082 3040 5135 pro
3071 5065 3236 5135 annis
3261 5073 3313 5117 et
3354 5064 3558 5118 diutur-

1978 5139 2145 5191 nitate.
2170 5137 2379 5204 legitur.
2412 5135 2564 5203 Quod
2597 5137 2844 5205 Aggenus
2875 5134 3098 5190 Urbicus
3131 5136 3179 5187 in
3210 5134 3557 5188 Commenta-

1977 5209 2070 5262 riis
2120 5208 2186 5262 ad
2234 5205 2432 5262 Julium
2481 5206 2796 5261 Frontinum
2844 5207 2909 5259 ad
2959 5207 3178 5258 arbores
3227 5205 3551 5257 transtulit:

1975 5278 2126 5332 Alter
2153 5278 2476 5356 econntrario,
2507 5278 2694 5347 inquit,
2727 5277 2973 5356 similiter
2993 5283 3275 5354 quarrerct.
3301 5290 3364 5355 ex
3411 5276 3557 5356 simi:

1974 5347 2198 5402 litudine
2238 5347 2349 5402 fere
2386 5345 2610 5402 cultura?
2657 5347 3114 5416 comparationem
3166 5345 3455 5412 accipiens,
3506 5345 3554 5398 id

1971 5428 2074 5483 est,
2123 5420 2167 5472 si
2215 5419 2368 5480 silva,
2406 5419 2565 5495 cujus
2604 5420 2678 5495 _s_it
2714 5419 2884 5495 aetatis
2916 5431 3038 5484 pars
3069 5429 3310 5495 caesum,
3343 5422 3396 5467 ct
3425 5426 3554 5470 mtas

1972 5489 2224 5543 arborum
2255 5497 2314 5543 ut
2338 5491 2516 5545 solent
2545 5489 2790 5557 relinqui,
2814 5503 2954 5568 .quas
2985 5489 3306 5565 antemissas
3335 5495 3554 5568 vocant,

1971 5567 2025 5613 et
2045 5561 2299 5613 silvarum
2333 5576 2548 5629 quoque
2571 5567 2758 5637 aetates
2784 5558 2891 5611 sint
2917 5572 3098 5637 pares;
3127 5558 3170 5608 si
3197 5558 3380 5637 vinem,
3407 5558 3553 5611 simi—

1971 5629 2047 5684 les
2069 5639 2228 5685 erunt
2252 5631 2301 5683 in
2325 5627 2752 5699 comparatione,
2776 5645 2840 5681 an
2864 5627 3078 5708 ordines
3100 5642 3250 5694 :rquc
3273 5627 3553 5708 distantes,

1971 5716 2036 5770 an
2079 5703 2191 5770 pari
2239 5698 2642 5764 constittitiouc,
2692 5707 2747 5753 et
2791 5715 2857 5751 an
2905 5698 3080 5752 simile
3129 5712 3295 5766 genus
3343 5698 3549 5752 vitium.

1970 5768 2094 5826 Haec
2123 5773 2229 5825 ille.
2256 5771 2440 5826 Bnoss.

2040 5842 2065 5878 ι’
2093 5841 2213 5895 llmc
2242 5842 2469 5911 epistola
2513 5838 2609 5893 fuit
2637 5841 2836 5910 scripta
2879 5855 3020 5894 anno
3047 5839 3242 5894 Christi
3275 5838 3406 5905 509;
3448 5839 3549 5894 lm-

1969 5925 2230 5977 portunns
2262 5913 2403 5967 enim
2435 5911 2535 5966 hoc
2567 5925 2710 5966 anno
2736 5919 2855 5968 erat
2878 5911 3085 5967 consul.
