4048 6344
425 366 529 426 ειη

1656 364 1727 420 M.
1768 360 2046 421 AURELII
2079 358 2479 419 CASSIODORI

3581 340 3686 397 528

425 479 603 538 media
646 483 902 534 consueta
940 483 1248 547 poscentes,
1280 488 1338 530 se
1369 472 1702 529 truculentas
1730 474 1950 530 insidias
1978 489 2011 528 a
2036 481 2086 539 Α
2113 474 2424 530 celerrimus
2451 475 2738 541 praestatur
2762 466 3002 523 effectus.
3034 460 3104 519 Et
3132 460 3274 529 ideo,
3318 455 3469 514 velut
3496 470 3689 514 neces-

423 572 650 644 patricio
675 570 1009 626 Theoderico
1040 570 1159 643 [ms.
1189 569 1362 635 Rem.,
1392 567 1698 641 Theodoro]
1716 576 1775 624 et
1801 568 2010 638 Impor-

422 670 556 718 tuno
602 662 720 717 viro
766 661 961 717 illustri
1003 660 1229 717 consule
1273 660 1587 731 pertulisse,
1638 660 1713 715 ita
1762 667 1822 715 ut
1871 674 2009 715 unus

423 769 610 810 eorum
637 750 896 808 deﬂeatur
920 752 1239 809 exstinctus.
1270 750 1426 818 Quod
1451 766 1570 818 nos,
1599 750 1645 805 si
1673 750 1748 805 ita
1777 761 1877 817 est,
1910 764 2009 820 pro

420 844 550 900 facti
585 845 669 903 sui
697 845 993 901 acerbitate
1019 842 1348 913 commovit,
1378 850 1440 898 ut
1476 843 1751 898 innoxiam
1796 842 2009 912 plebem

420 936 571 992 furor
616 944 1037 1008 persequeretur
1086 944 1344 1002 armatus,
1386 950 1548 1004 quam
1594 933 1776 991 fovere
1811 934 2009 990 civicus

421 1027 696 1084 debuisset
736 1027 979 1084 affectus.
1032 1027 1140 1083 Sed
1187 1028 1314 1097 quia
1356 1026 1595 1081 conditio
1624 1026 1891 1081 minorum
1919 1040 2009 1080 re-

420 1120 635 1188 gnantis
661 1120 997 1192 aequabiliter
1022 1119 1280 1189 implorat
1306 1120 1587 1185 auxilium,
1618 1134 1778 1189 supra
1805 1133 2011 1173 memo-

420 1220 571 1267 ratos
598 1211 836 1267 illustres
862 1211 1141 1267 admoneri
1168 1211 1418 1281 praesenti
1435 1210 1675 1279 jussione
1698 1225 2007 1276 censemus,

425 1312 488 1359 ut
514 1304 582 1359 ad
608 1302 839 1360 Cteliani
868 1312 1030 1374 atque
1057 1303 1271 1373 Agapiti
1295 1302 1580 1358 illustrium
1602 1302 1840 1357 virorum
1870 1302 2012 1358 adae-

422 1409 529 1465 que
552 1393 812 1465 judicium
860 1396 1151 1450 instructas
1190 1394 1461 1450 destinare
1508 1409 1616 1449 non
1658 1394 1923 1458 dill'erant,
1956 1402 2014 1451 te

422 1486 676 1556 instante,
722 1501 1017 1557 personas;
1048 1494 1312 1557 quatenus
1338 1486 1545 1555 legibus
1582 1486 1891 1541 examinata
1918 1502 2013 1543 co-

422 1580 615 1649 gnitio,
645 1594 832 1635 eorum
865 1578 1139 1635 sententia
1180 1578 1518 1634 terminetur.
1552 1577 1658 1633 Sed
1688 1593 1756 1633 ne
1786 1578 2013 1634 forsitan

422 1670 733 1747 magnificos
787 1670 930 1726 viros
1002 1670 1303 1740 loquacitas
1346 1669 1623 1741 popularis
1694 1667 2010 1736 oll‘enderit,

426 1762 860 1834 przesumptionis
889 1761 1046 1831 hujus
1074 1762 1315 1817 habenda
1342 1762 1594 1818 discretio
1624 1769 1723 1817 est.
1746 1760 2013 1817 Tenentur

2106 566 2261 621 sariae
2288 563 2386 629 rei,
2437 561 2612 631 major
2638 557 2936 614 adhibenda
2966 554 3175 612 cautela
3221 557 3333 619 est,
3382 556 3442 604 ut
3483 549 3578 620 qui
3623 546 3693 604 ad

2107 654 2393 712 continuos
2420 667 2678 709 excursus
2703 647 2987 706 constituti
3011 652 3158 711 sunt,
3207 642 3350 714 turpi
3378 639 3555 696 macie
3586 653 3694 697 non

2109 748 2391 804 tabescant
2422 763 2436 801 :
2467 760 2537 802 ne
2576 744 2762 815 jejuna
2811 742 3045 797 tenuitas
3096 735 3371 794 laboribus
3417 736 3695 804 praeventa

2108 839 2444 903 succumbat,
2475 846 2531 893 et
2558 836 2781 907 incipiat
2821 835 2925 890 iter
2954 830 3069 887 ﬁeri
3113 841 3411 895 morosum,
3453 822 3603 895 quod
3626 819 3694 879 ad

2110 932 2445 989 celeritatem
2466 935 2680 987 constat
2708 940 2828 983 esse
2857 924 3134 980 inventura
3158 928 3207 975 ι.
3238 917 3584 988 Quapropter
3600 914 3694 971 de-

2109 1024 2258 1081 votio
2283 1031 2483 1089 vestra,
2510 1018 2761 1093 praesenti
2784 1017 3025 1087 jussione
3049 1011 3401 1076 commonita,
3424 1015 3692 1065 terrarum

2110 1115 2282 1187 spatia
2310 1129 2432 1186 quae
2460 1111 2670 1169 veredis
2722 1108 2883 1181 (Vide
2908 1108 3073 1178 infra,
3104 1102 3195 1160 tib.
3225 1118 3278 1170 v,
3318 1119 3401 1173 ep.
3442 1098 3497 1171 5)
3538 1106 3693 1154 antea

2111 1206 2379 1263 licuerant
2405 1200 2796 1261 mutationibus
2823 1198 2934 1254 suis
2962 1196 3010 1265 ι),
3034 1212 3063 1251 a
3086 1209 3400 1267 possessore
3426 1190 3693 1246 vindicata

2111 1299 2396 1364 restituat;
2427 1304 2487 1352 ut
2514 1310 2617 1351 nec
2661 1293 2769 1349 illis
2795 1304 2961 1363 parvo
3003 1287 3181 1359 spatio
3208 1285 3532 1342 inducantur
3574 1282 3689 1357 [mm

2114 1386 2441 1461 indicantur]
2468 1388 2688 1455 damna,
2716 1393 2772 1441 et
2795 1383 2912 1440 istis
2938 1386 3257 1451 recuperata
3283 1376 3570 1436 sufﬁciant.

2640 1518 2973 1577 EPISTOLA
3010 1515 3176 1573 XXX.

2327 1636 2552 1678 SENATUI
2580 1635 2729 1677 URBIS
2758 1634 2917 1674 BOIE
2948 1629 3312 1672 THEODORICUS
3339 1628 3448 1670 REX

2118 1710 2365 1780 Queritur
2392 1714 2533 1783 apud
2574 1714 2692 1767 illos
2722 1712 2858 1783 quod
2884 1710 3081 1765 servilis
3108 1710 3275 1783 furor
3313 1714 3545 1783 armatus
3576 1712 3690 1783 tem.

2189 1802 2314 1867 pore
2330 1776 2745 1867 spectaculorum
2761 1788 3051 1867 persecutus
3073 1776 3141 1867 sit
3158 1779 3422 1863 innoxios,
3447 1786 3495 1830 et
3512 1776 3693 1867 sancit,

425 1854 495 1909 ad
526 1857 742 1925 culpam
778 1854 1021 1925 quisquis
1058 1854 1357 1909 transeunti
1392 1854 1827 1909 reverentissimo
1856 1868 2014 1907 sena-
2044 1871 2092 1933 Β
2187 1846 2244 1909 ἰιε
2270 1858 2314 1910 si
2339 1846 2629 1927 éujuspiam
2657 1846 2910 1907 senatoris
2932 1851 3180 1974 ί[αηηιιιιδ
3222 1853 3279 1903 in
3318 1849 3535 1918 ingenui
3562 1846 3695 1902 corde

425 1944 805 1974 Μηδικὴ...
836 1953 1118 1974 πυρα-,πη
1146 1944 1335 1974 :..n:..:.
1390 1945 1431 1974 ..ι
1462 1944 1603 1974 main
1629 1944 1830 1974 mnuum
1891 1958 2010 1974 mm
2192 1928 2345 1974 fuerit
2389 1935 2654 1974 versatus-
2695 1942 2808 1974 eum
2850 1933 2928 1974 tm
2969 1930 3022 1974 at
3062 1921 3213 1973 herus
3256 1917 3453 1974 teaibus
3488 1920 3695 1974 minima

423 1946 533 2001 tori
554 1944 807 2017 injuriam
836 1953 1122 2016 protervus
1146 1944 1360 2013 inﬂixit,
1390 1945 1435 1999 si
1462 1944 1604 1999 male
1629 1944 1854 2015 optavit,
1890 1958 2014 1998 cum

422 2036 560 2092 bene
589 2037 738 2108 loqui
765 2037 965 2093 debuit.
1002 2036 1179 2093 Mores
1214 2046 1393 2091 autem
1422 2050 1611 2105 graves
1646 2036 1696 2089 in
1729 2040 2015 2104 spectacu-

423 2126 491 2182 lis
514 2127 634 2197 quis
662 2129 935 2197 requirat?
962 2126 1043 2181 Ad
1071 2127 1287 2183 Circum
1312 2128 1564 2183 nesciunt
1591 2126 1883 2183 convenire
1908 2125 2015 2180 Ca-

423 2226 603 2275 tones.
628 2219 898 2290 Quidquid
927 2220 1035 2276 illic
1062 2220 1320 2290 gaudenti
1348 2221 1550 2291 populo
1579 2220 1797 2288 dicitur,
1822 2218 2018 2288 injuria

429 2327 538 2366 non
561 2318 800 2382 putatur.
824 2310 999 2368 Locus
1027 2321 1112 2368 est
1147 2313 1238 2383 qui
1266 2311 1507 2367 defendit
1530 2326 1828 2368 excessum.
1871 2310 2018 2377 Quo-

424 2413 543 2457 rum
582 2403 872 2473 garrulitas
910 2405 957 2460 si
1004 2405 1275 2474 patienter
1303 2404 1593 2474 accipitur,
1627 2403 1774 2474 ipsos
1802 2415 2020 2473 quoque

424 2494 695 2567 principes
746 2509 943 2550 ornare
998 2502 1350 2550 monstratur.
1418 2493 1801 2565 Respondeant
1863 2491 2021 2548 nobis

424 2594 574 2643 certe
616 2587 709 2658 qui
738 2587 935 2643 talibus
981 2586 1170 2643 studiis
1217 2595 1568 2658 occupantur,
1609 2586 1655 2642 si
1701 2585 2020 2655 tranquillos

426 2684 614 2747 optant
640 2678 978 2735 adversarios
1005 2693 1163 2745 suos;
1191 2686 1340 2735 certe
1370 2678 1557 2734 volunt
1580 2693 1676 2734 eos
1703 2692 1824 2734 esse
1844 2677 2019 2732 victo-

428 2778 537 2833 res,
560 2769 775 2838 quando
798 2768 866 2826 ad
885 2767 1110 2839 injurias
1139 2776 1269 2825 tunc
1294 2770 1598 2841 prosiliunt,
1631 2785 1752 2826 cum
1774 2784 1833 2825 se
1859 2782 2021 2839 supe-

429 2866 579 2915 ratos
609 2861 840 2931 turpiter
880 2861 1228 2918 erubescunt.
1260 2861 1414 2919 Unde
1442 2876 1571 2933 ergo
1614 2863 1774 2920 irasci
1809 2862 2017 2931 volunt,

429 2952 575 3026 quod
603 2952 721 3009 sine
749 2951 915 3010 dubio
943 2968 1003 3011 se
1029 2962 1248 3025 optasse
1276 2955 1649 3026 cognoscunt?

926 3085 1264 3144 EPISTOLA
1300 3086 1534 3143 XXVIII.

527 3194 795 3239 UNIVEBSIS
822 3196 1013 3238 GOTBIS
1044 3198 1112 3237 ΕΤ
1142 3197 1369 3237 ROMANIS
1398 3196 1762 3237 THEODORICUS
1789 3192 1915 3236 REX.

433 3272 479 3328 Η
489 3289 548 3327 ac
578 3272 797 3344 epistola
823 3272 1021 3344 sancit,
1049 3280 1106 3344 ut
1133 3273 1178 3325 si
1204 3274 1317 3344 quis
1346 3271 1615 3342 cujuslibet
1644 3274 1846 3344 generis
1886 3288 2018 3327 saxa
2045 3253 2091 3319 Ο

501 3344 554 3413 in
585 3342 726 3413 agris
753 3343 859 3395 suis
881 3342 1114 3413 jacentia
1148 3342 1319 3413 muris
1344 3344 1619 3412 profutura
1648 3342 1922 3413 ‘Itabuerit,
1954 3344 2021 3397 ti-

502 3410 631 3467 beus'
650 3411 718 3467 ad
744 3410 1177 3466 instaurationem
1207 3410 1410 3465 urbium
1438 3410 1723 3483 impendat.

502 3524 673 3594 Digna
702 3531 788 3580 est
814 3524 1142 3580 constructio
1170 3524 1426 3592 civitatis,
1456 3526 1512 3580 in
1538 3540 1643 3596 qua
1667 3541 1726 3582 se
1745 3541 2026 3583 commen-

434 3618 529 3674 dat
556 3632 684 3673 cura
722 3617 919 3687 regalis
952 3634 966 3669 :
997 3616 1123 3686 quia
1150 3615 1267 3672 laus
1291 3624 1375 3672 est
1404 3624 1705 3689 temporum
1742 3619 1841 3689 15
1870 3634 2027 3691 repa-

434 3710 574 3768 ratio
596 3709 810 3766 urbium
837 3716 1169 3765 vetustarum
1198 3728 1211 3763 :
1238 3710 1293 3764 in
1320 3709 1516 3782 quibus
1544 3718 1600 3766 et
1628 3721 1851 3767 ornatus
1879 3713 2029 3783 pacis

436 3804 757 3874 acquiritur,
781 3812 837 3859 et
863 3804 1127 3859 bellorum
1168 3804 1462 3860 necessitas
1489 3813 1841 3875 praecavetur.
1870 3805 2026 3863 Ideo-

437 3910 543 3964 que
572 3894 827 3964 przesenti
848 3893 1093 3962 jussione
1117 3893 1396 3964 profutura
1425 3895 1716 3962 sancimus,
1750 3904 1808 3950 ut
1833 3894 1879 3951 si
1909 3898 2031 3967 quis

435 3984 720 4054 cujuslibet
764 3984 979 4054 generis
1028 3999 1189 4053 saxa,
1234 3984 1288 4039 in
1332 3984 1474 4052 agris
1503 3984 1615 4041 suis
1637 3985 1880 4056 jacentia
1902 3984 2025 4058 [ms.

436 4077 595 4143 Aud.,
622 4073 971 4148 jacentibus],
1015 4076 1184 4131 muris
1221 4074 1475 4131 habuerit
1509 4072 1813 4146 profutura,
1859 4075 2032 4132 libens

436 4170 614 4223 animo
654 4170 771 4224 sine
807 4168 985 4240 aliqua
1030 4166 1292 4223 dilatione
1326 4166 1605 4224 concedat.
1645 4164 1751 4235 Qui
1781 4175 1909 4224 tunc
1936 4182 2030 4225 ve-

436 4259 550 4314 rius
578 4259 894 4328 possidebit,
926 4274 1047 4314 cum
1074 4259 1188 4314 haec
1211 4258 1445 4315 civitatis
1463 4272 1576 4313 sum
1606 4256 1822 4315 utilitati
1850 4258 2030 4315 indul-

437 4349 589 4405 serit.
636 4349 775 4416 Quid
823 4350 967 4404 enim
996 4358 1081 4405 est
1105 4350 1307 4419 gratius
1355 4364 1519 4419 quam
1559 4350 1746 4406 videre
1785 4365 2033 4406 crescere

412 4439 710 4513 ‘publicum
740 4441 931 4508 decus,
967 4442 1057 4497 ubi
1085 4442 1325 4497 omnium
1363 4442 1566 4497 utilitas
1595 4443 1650 4496 in
1677 4443 2031 4512 generalitate

438 4533 815 4591 concluditur?
856 4532 925 4588 Et
965 4534 1091 4590 licet
1129 4542 1448 4605 praestentur
1491 4534 1635 4601 vilia,
1669 4535 1734 4588 ad
1782 4542 2031 4590 auctores

2190 1928 2345 1999 fuerit
2381 1917 2655 1999 uersatus,
2695 1942 2808 1999 eum
2850 1917 3022 1999 tradat
3062 1921 3213 1999 herus
3256 1917 3453 1999 legibus
3487 1920 3696 1998 puniem

2188 1990 2331 2052 Hum.
2366 1996 2518 2061 Quod
2545 1997 2589 2049 si
2619 1990 2761 2049 reum
2778 1993 3038 2065 judicibus
3062 1990 3594 2065 Asistere‘distulerit,‘
3612 2005 3695 2042 no«

2188 2071 2316 2125 verit
2336 2058 2587 2122 se'decem
2616 2058 2864 2120 librarum
2893 2065 3006 2117 auri
3036 2062 3305 2130 dispendio
3326 2058 3696 2113 mulctandum.

2188 2160 2441 2214 Animum
2486 2167 2751 2220 nostrum,
2778 2155 2968 2211 Patres
2988 2153 3312 2224 Conscripti,
3331 2152 3541 2223 reipub.
3566 2150 3697 2208 curis

2118 2255 2403 2318 calentem,
2455 2260 2512 2306 et
2556 2249 2889 2305 diversarum
2916 2249 3152 2316 gentium
3201 2244 3422 2300 consilia
3461 2258 3697 2313 perscru~

2121 2353 2343 2412 tantem,
2395 2342 2628 2414 pulsavit
2678 2341 2873 2411 saepius
2920 2340 3143 2411 querela
3185 2337 3537 2409 populorum,
3588 2344 3697 2391 orta

2124 2436 2341 2506 quidem
2371 2450 2438 2491 ex
2468 2434 2644 2490 causis
2672 2433 2898 2498 levibus,
2948 2432 3045 2487 sed
3090 2446 3281 2501 graves
3318 2429 3583 2485 eructavit
3607 2442 3698 2481 ex-

2121 2543 2327 2584 cessus.
2380 2527 2641 2597 Deplorat
2668 2526 2811 2580 enim
2840 2540 2938 2595 pro
2968 2523 3401 2595 spectaculorum
3429 2520 3698 2590 voluptate

2122 2622 2190 2677 ad
2219 2619 2541 2677 discriminis
2560 2634 2621 2675 se
2646 2619 2831 2674 ultima
2852 2617 3190 2691 pervenisse;
3220 2624 3281 2670 ut
3299 2614 3478 2685 legum
3497 2614 3698 2668 ratione

2121 2715 2353 2784 calcata,
2401 2713 2686 2784 desperate
2736 2717 3154 2783 persequeretur
3200 2708 3452 2763 innoxios
3499 2705 3698 2762 servilis

2121 2807 2271 2867 furor
2298 2816 2569 2873 armatus;
2619 2814 2674 2862 et
2719 2804 2864 2876 quod
2893 2804 2999 2859 illis
3026 2802 3333 2857 humanitas
3360 2808 3546 2855 nostra
3571 2797 3698 2853 laeti-

2123 2905 2212 2959 tiae
2247 2917 2411 2958 causa
2456 2899 2726 2972 praestitit,
2760 2899 2815 2953 in
2845 2896 3115 2952 tristitiam
3162 2894 3386 2951 audacia
3429 2890 3697 2964 plectenda

2124 2995 2415 3052 convertit.
2447 2991 2604 3060 Quod
2628 3007 2728 3048 nos
2756 2989 3057 3046 clementia:
3103 2997 3302 3043 nostra:
3338 2986 3499 3042 solita
3526 2982 3699 3055 provi-

2125 3090 2279 3147 sione
2307 3087 2731 3159 comprimimus,
2760 3100 2831 3140 ne
2858 3083 3117 3156 paulatim
3140 3081 3387 3145 sinendo,
3412 3079 3700 3150 graviorem

2123 3182 2401 3237 vindicare
2429 3192 2689 3249 cogamur
2718 3174 2999 3232 offensam.
3032 3172 3257 3244 Benigni
3296 3171 3496 3242 quippe
3522 3167 3700 3238 princi-

2124 3275 2209 3348 pis
2237 3283 2321 3331 est
2347 3289 2455 3329 non
2482 3281 2595 3328 tarn
2631 3269 2824 3326 delicta
2845 3267 2986 3323 velle
3026 3266 3239 3337 punire,
3286 3276 3448 3333 quam
3476 3259 3660 3315 tollere
3686 3274 3699 3311 :

2126 3382 2196 3424 ne
2233 3375 2327 3421 aut
2369 3364 2565 3420 acriter
2609 3359 2950 3429 vindicando,
2998 3358 3297 3413 aestimetur
3343 3354 3569 3419 nimius;
3617 3357 3702 3408 aut

2126 3458 2319 3515 leviter
2346 3455 2574 3529 agendo,
2606 3462 2827 3535 putetur
2848 3443 3200 3525 improvidus.
3226 3448 3401 3523 Atque
3429 3448 3551 3503 ideo
3578 3458 3704 3517 pra:-

2127 3550 2267 3607 senti
2295 3548 2609 3606 deﬁnitione
2638 3546 2929 3612 sancimus,
2960 3554 3021 3599 ut
3047 3542 3094 3598 si
3123 3539 3421 3611 cujuspiam
3449 3535 3707 3594 senatoris

2128 3643 2359 3699 famulus
2381 3642 2437 3698 in
2459 3640 2675 3711 ingenui
2698 3637 2844 3697 crede
2864 3636 3026 3693 fuerit
3047 3635 3277 3690 fortasse
3304 3638 3567 3696 versatus,
3590 3640 3709 3685 eum

2132 3737 2309 3793 tradat
2330 3734 2537 3806 legibus
2564 3734 2895 3805 impetitum;
2927 3739 2989 3787 ut
3013 3729 3142 3786 facti
3162 3727 3426 3798 qualitate
3452 3725 3710 3788 discussa,

2130 3827 2435 3902 proferatur
2458 3826 2582 3897 jure
2607 3826 2837 3880 valitura
2864 3821 3152 3879 sententia.
3185 3818 3243 3875 Si
3270 3832 3401 3873 vero
3426 3815 3561 3872 tanti
3589 3811 3710 3869 faci~

2131 3922 2281 3979 noris
2328 3936 2480 3976 reum
2527 3918 2669 3973 mala
2714 3916 2819 3971 fide
2860 3915 3111 3970 dominus
3148 3907 3363 3980 judiciis
3391 3912 3710 3977 praesentare

2134 4015 2424 4083 distulerit,
2460 4012 2670 4069 noverit
2695 4025 2756 4065 se
2780 4008 2967 4064 decem
2998 4006 3256 4060 librarum
3286 4000 3402 4056 auri
3436 3996 3712 4069 dispendio

2131 4108 2546 4172 vulnerandum,
2594 4112 2649 4160 et
2696 4111 2895 4158 nostrae
2941 4095 3338 4168 ingratitudinis
3377 4093 3454 4166 [id
3479 4100 3557 4147 est
3584 4090 3713 4145 indi-

2133 4198 2445 4275 gnationis],
2490 4197 2635 4268 quod
2663 4195 2833 4250 multo
2877 4192 3093 4263 gravius
3118 4197 3220 4255 est,
3252 4185 3491 4257 pericula
3514 4182 3714 4239 subitu-

2133 4311 2273 4351 rum.
2306 4293 2413 4350 Sed
2441 4299 2501 4347 ut
2528 4291 2870 4346 honestatem
2914 4283 3153 4339 omnium
3197 4297 3295 4351 par
3333 4279 3467 4333 libra
3496 4289 3714 4345 compo-

2133 4393 2317 4452 neret,
2367 4392 2425 4440 et
2466 4382 2735 4439 civilitatis
2776 4380 2921 4452 [mss.
2954 4387 3005 4432 et
3040 4376 3125 4431 ed.
3172 4374 3418 4439 Aecum,
3460 4363 3714 4438 civitatis]

2133 4478 2303 4548 gratia
2332 4475 2570 4533 reductis
2596 4473 2835 4530 moribus
2863 4469 3198 4533 conveniret,
3224 4466 3291 4522 ad
3307 4464 3565 4536 populum
3586 4475 3714 4532 quo-

2133 4586 2239 4641 que
2282 4578 2552 4642 praecepta
2578 4575 2763 4623 nostra
2792 4564 3086 4621 direximus
3104 4604 3120 4631 ,
3164 4575 3283 4630 qua:
3310 4557 3463 4613 vobis
3490 4553 3716 4612 reserari

438 4640 567 4734 suos
599 4639 791 4694 magna
817 4626 1365 4734 sunt‘cornmoditate
1401 4624 1656 4681 reditura.
1690 4625 1861 4681 Datur
1888 4625 2032 4681 enim
2062 4648 2106 4707 υ
2134 4624 2795 4734 ὑῦθηῖθῐθηζριεαὶωυη
2842 4665 2903 4713 ω
2933 4624 3199 4713 alterum;
3229 4651 3474 4722 iussione
3495 4656 3717 4721 pensata

438 4719 777 4791 plerumque,
824 4717 969 4788 quod
1007 4718 1199 4787 majori
1244 4719 1475 4772 utilitate
1516 4718 1792 4785 recipitur.
1825 4715 1894 4771 Et
1922 4715 2029 4772 fre-

437 4820 666 4882 quenter
694 4810 859 4865 homo
890 4811 1036 4865 lucra
1066 4827 1163 4866 sua
1194 4809 1589 4881 complectitur,
1623 4824 1745 4864 cum
1774 4824 2025 4865 necessa-

435 4905 519 4962 rio
547 4920 645 4976 pro
675 4904 934 4975 temporis
964 4904 1226 4974 qualitate
1255 4903 1499 4970 largitur.

954 5016 1283 5072 EPISTULA
1323 5012 1510 5068 XXIX.

435 5125 704 5171 UNIVEBSIS
724 5126 1065 5170 LUCRISTANIS
1084 5124 1250 5164 SUPER
1266 5122 1493 5163 εοΝτιωί
1508 5120 1848 5163 CONSTITU'I‘IS
1867 5119 2027 5160 THEO-

1042 5194 1261 5237 DOBICUS
1291 5195 1418 5233 REX.

434 5278 589 5336 Jubet
614 5289 670 5334 ut
695 5287 953 5334 terrarum
1000 5276 1173 5346 spatia
1207 5287 1321 5344 qua:
1348 5270 1730 5346 veredis__antea
1771 5271 2024 5323 licuerant

508 5350 874 5408 mutationibus
903 5342 1038 5415 suis,
1063 5363 1096 5401 a
1125 5342 1417 5417 possessore
1442 5342 1701 5396 vindicata
1729 5349 1909 5395 curent
1938 5355 2025 5393 re-

506 5424 675 5480 stitui.

506 5515 628 5571 Non
655 5513 877 5570 dubium
904 5518 989 5569 est
1014 5508 1082 5565 ad
1130 5505 1417 5563 utilitatem
1455 5503 1662 5575 reipub.
1695 5515 1883 5559 cursus
1926 5516 2025 5556 cu-

437 5605 671 5664 stodiam
698 5605 993 5676 pertinere,
1039 5616 1138 5674 per
1163 5613 1326 5672 quem
1354 5596 1556 5653 nostris
1600 5590 2027 5652 ordinationibus

514 5799 539 5827 ἰ
566 5787 733 5845 Multa
764 5787 817 5843 in
845 5789 983 5845 hanc
1002 5786 1325 5846 sententiam
1347 5784 1442 5842 lib.
1464 5799 1556 5840 Vlll
1580 5781 1641 5838 C.
1673 5778 1907 5846 Theod.,
1933 5778 2017 5833 tit.

439 5858 474 5913 ὅ
524 5860 942 5917 constituumur.
971 5861 1138 5916 Fons.

513 5932 539 5970 ι»
569 5929 894 5987 Mutationcs
923 5929 1041 5987 infr.
1069 5931 1160 5986 lib.
1195 5945 1263 5994 IV,
1316 5928 1473 5994 epist.
1508 5924 1592 5994 i7,
1648 5934 1833 5995 postas
1863 5921 2023 5991 vulgo

2133 4757 2457 4813 resarciatur
2481 4754 2688 4811 civibus
2716 4752 2882 4808 scissa
2908 4747 3219 4806 concordia.
3248 4743 3483 4800 Proinde
3514 4740 3716 4796 nullum

2134 4863 2167 4903 a
2194 4848 2632 4917 spectaculorum
2660 4844 2858 4915 gaudio
2888 4854 3250 4904 removemus,
3300 4834 3398 4891 sed
3443 4829 3718 4889 seditionis

2133 4939 2341 4997 semina
2385 4938 2645 4993 radicitus
2693 4943 3055 5006 amputamus.
3106 4928 3323 4985 Intersit
3374 4925 3536 4996 igitur
3583 4923 3718 4977 inter

2134 5031 2479 5104 splendorem
2503 5036 2741 5085 vestrum
2787 5038 3076 5094 moresque
3118 5020 3418 5077 mediocres
3449 5034 3462 5069 :
3496 5013 3719 5084 refugite

2136 5126 2270 5181 tales
2300 5123 2613 5191 familiares,
2662 5120 2755 5190 qui
2798 5120 2907 5175 sint
2953 5115 3270 5187 injuriarum
3311 5108 3590 5166 ministri:
3633 5102 3721 5173 qui

2132 5219 2325 5275 honori
2370 5226 2553 5273 vestro
2585 5215 2825 5270 nitantur
2853 5208 3145 5277 ascribere,
3187 5204 3332 5276 quod
3379 5201 3719 5267 delinquunt,

2133 5324 2189 5372 et
2215 5314 2342 5370 dum
2386 5312 2636 5367 levitates
2680 5322 2806 5363 suas
2853 5317 3098 5361 asserere
3130 5300 3302 5371 (mss.,
3333 5288 3581 5360 exerere)
3626 5303 3721 5343 cu-

2131 5407 2308 5479 piunt,
2343 5411 2590 5458 .vestram
2637 5396 2994 5455 reverentiam
3043 5390 3323 5462 implicare
3368 5382 3717 5441 contendunt.

2132 5478 2243 5553 Vos
2274 5495 2439 5561 enim,
2469 5507 2605 5563 quos
2636 5504 2851 5562 semper
2874 5484 3108 5556 gravitas
3136 5483 3312 5547 decet,
3342 5478 3515 5535 nolite
3544 5484 3722 5531 trucu~

2132 5589 2309 5646 lenter
2335 5585 2546 5657 insequi
2574 5583 2754 5641 inania
2797 5581 2964 5638 verba
2991 5576 3335 5649 populorum.
3386 5570 3446 5628 Si
3487 5567 3615 5641 quid
3641 5571 3723 5624 est

2128 5777 2344 5826 vocant.
2395 5767 2660 5823 Ammian.
2700 5766 2999 5825 Marcellin.
3034 5765 3128 5822 lib.
3160 5777 3253 5820 xxi
3282 5776 3296 5816 :
3334 5778 3354 5813 ί
3382 5755 3593 5813 Mature
3623 5751 3718 5826 def

2128 5823 2329 5904 cessit,
2374 5849 2667 5906 vectusque
2713 5823 3012 5894 mutatione
3058 5838 3238 5891 celere
3282 5844 3475 5889 cursus
3521 5823 3717 5899 publici

2132 5913 2388 5969 transitus
2418 5909 2641 5979 Alpibus
2661 5906 2837 5978 Iuliis,
2864 5919 2967 5965 etc.
3009 5927 3027 5962 ›
3064 5908 3303 5964 Formm.
3478 5934 3481 5937 λ

3708 1474 3714 1494 l
