3992 6460
1627 411 1987 471 νΑιιωιυΜ
2023 412 2227 470 LIBER
2260 415 2302 472 1.

243 565 252 572 μ
304 524 499 594 forte,
523 524 667 596 quod
697 537 912 598 poenam
952 531 1224 584 mereatur
1251 524 1562 592 admissum,
1593 525 1649 582 in
1689 526 1928 598 praefecti
1954 533 2004 592 Α
2031 527 2263 598 quadam
2291 528 2574 586 harmonia
2601 531 2822 587 citharae
2858 543 3152 588 concavum
3199 528 3470 586 theatrum
3514 545 3616 604 per

307 615 499 676 Urbis
528 621 776 676 notitiam
804 621 1110 688 deferatur;
1158 631 1218 676 ut
1259 621 1416 692 culpa
1443 620 1667 691 legibus,
1700 636 1808 676 non
1831 635 1928 692 per

302 720 719 781 praesumptam
746 721 1061 768 coerceatur
1088 712 1356 783 injuriam.
1383 711 1522 778 Quid
1550 712 1693 768 enim
1722 712 1926 768 discre-

298 810 412 873 pat
443 818 481 857 a
514 811 795 874 peccante,
828 804 920 876 qui
960 819 1021 861 se
1047 821 1145 878 per
1187 820 1470 862 excessum
1516 805 1704 860 nititur
1747 803 1925 860 vindi-

297 908 450 952 care
468 897 497 952 τ
519 897 910 970 lmpamitenda
937 909 1021 957 est
1047 900 1181 955 ultio
1215 899 1283 956 de
1311 900 1447 966 cive,
1479 914 1599 970 quae
1626 899 1693 954 de
1719 898 1926 968 legibus

298 989 504 1057 venit;
537 999 594 1046 et
616 993 946 1048 excellenter
970 993 1181 1049 videtur
1209 993 1278 1048 de
1306 994 1520 1064 pulsato
1543 993 1920 1064 triumphasse,

297 1077 405 1146 qui
429 1079 618 1135 victor
645 1082 1025 1151 pronuntiatur
1053 1096 1085 1136 a
1106 1081 1306 1152 judice.
1363 1081 1509 1137 lnter
1536 1082 1681 1153 ipsos
1709 1096 1924 1152 quoque

299 1169 692 1238 adversarios,
725 1183 786 1227 ut
812 1174 980 1239 scitis,
1012 1189 1118 1229 non
1148 1185 1301 1230 erant
1330 1175 1477 1245 prius
1504 1183 1713 1230 armata
1741 1183 1923 1231 certa-

296 1260 490 1327 mina,
523 1264 621 1318 sed
651 1264 842 1333 pugnis
867 1279 925 1319 se
955 1264 1249 1335 quamlibet
1273 1263 1477 1320 fervida
1507 1264 1810 1320 lacessebat
1836 1264 1920 1320 iu-

298 1354 528 1416 tentio;
573 1353 718 1409 unde
744 1364 799 1410 et
827 1370 1001 1426 pugna
1027 1371 1223 1411 nomen
1254 1356 1466 1427 accepit
1494 1364 1544 1410 ι.
1579 1354 1774 1411 Postea
1813 1354 1920 1412 Be-

297 1442 394 1499 lus
445 1446 473 1481 δ
525 1445 760 1500 ferreum
809 1447 1044 1516 gla.lium
1089 1448 1293 1518 primus
1339 1449 1610 1518 produxit,
1639 1463 1669 1504 a
1711 1463 1820 1518 quo
1867 1456 1923 1506 et

300 1536 525 1593 bellum
579 1539 778 1607 placuit
806 1540 1092 1594 nominari.
1137 1538 1435 1596 Consilium
1481 1547 1658 1605 atrox,
1703 1538 1922 1596 crudele

297 1629 653 1698 praesidium,
704 1629 872 1685 ferina
920 1633 1273 1688 concertatio.
1303 1630 1435 1686 Nam
1464 1638 1518 1687 et
1546 1633 1592 1686 si
1623 1631 1808 1686 datum
1843 1632 1921 1688 illi

299 1728 394 1774 est
427 1721 585 1790 prius
629 1721 889 1776 inermem
920 1723 1076 1778 facile
1105 1724 1339 1789 vincere,
1373 1731 1552 1778 tamen
1581 1723 1793 1778 crimini
1821 1738 1920 1794 ap-

298 1811 634 1881 plicandum
660 1823 764 1880 est,
794 1815 940 1884 quod
988 1814 1113 1869 inde
1143 1813 1429 1883 posteritas
1470 1814 1649 1884 potuit
1677 1813 1918 1869 interire.

299 1901 434 1958 Non
463 1907 794 1974 permittatis
821 1921 951 1975 ergo
975 1922 1004 1961 a
1027 1905 1236 1960 famulis
1259 1905 1452 1960 vestris
1480 1904 1598 1960 fieri
1629 1905 1684 1960 in
1715 1905 1920 1961 civibus
1948 1915 1996 1976 Β

299 1996 468 2068 quod
497 1999 672 2054 adhuc
699 1999 858 2054 debet
883 1999 937 2053 in
968 1999 1214 2054 hostibus
1241 1997 1504 2053 accusari.

784 2115 887 2185 ιθ
909 2110 1245 2168 EPISTOLA
1273 2111 1464 2168 xxxr.

627 2220 832 2261 POPULO
857 2221 1072 2261 ROMANO
1102 2220 1465 2261 TBEODORICUS
1489 2220 1616 2260 REX.

298 2292 503 2370 Edicit
551 2305 608 2351 ut
635 2299 681 2351 si
709 2289 820 2370 quis
849 2315 915 2352 ex
943 2301 1132 2370 papula
1162 2307 1364 2352 atroces
1406 2299 1632 2370 injurias
1659 2296 1713 2350 in
1738 2312 1918 2367 quem-

383 2369 535 2440 piam
579 2379 877 2424 senatorum
927 2369 1217 2440 protulerit,
1262 2369 1459 2440 noverit
1503 2384 1559 2422 se
1599 2384 1631 2422 a
1669 2370 1917 2440 praefecto

391 2438 557 2493 Urbis
586 2457 680 2509 pro
707 2440 956 2512 qualitate
979 2441 1103 2512 facti
1123 2439 1491 2512 plectendum;
1523 2447 1571 2492 et
1599 2439 1836 2508 prwcipit
1861 2446 1916 2492 ut

382 2512 700 2580 pantomimi
729 2511 1002 2581 pne/initis
1031 2511 1160 2564 locis
1186 2520 1326 2564 artes
1351 2526 1474 2563 suas
1503 2517 1796 2563 exerceant.

381 2599 708 2670 Spectacula
733 2603 1092 2672 voluptatum,
1128 2601 1366 2654 hetitiam
1396 2601 1642 2655 volumus
1670 2614 1791 2655 esse
1819 2615 1918 2670 po-

301 2695 601 2766 pulorum;
633 2710 733 2750 nec
773 2696 981 2764 erigere
1011 2694 1174 2749 debet
1206 2703 1383 2748 motus
1413 2693 1637 2756 irarum,
1669 2692 1817 2762 quod
1846 2692 1915 2748 ad

302 2786 691 2841 remissionem
717 2787 880 2841 animi
926 2793 1141 2842 constat
1181 2787 1478 2840 inventum.
1513 2783 1640 2838 ldeo
1670 2783 1811 2838 enim
1834 2791 1918 2839 tot

304 2891 676 2948 expensarum
721 2895 856 2934 onus
880 2879 1142 2944 subimus,
1177 2886 1232 2930 ut
1261 2884 1560 2932 conventus
1592 2883 1770 2930 vester
1805 2891 1916 2930 non

301 2971 382 3026 sit
413 2970 698 3026 seditionis
729 2971 1007 3041 strepitus,
1039 2970 1133 3024 sed
1160 2969 1309 3040 pacis
1338 2977 1580 3023 ornatus.
1611 2965 1788 3021 Mores
1815 2981 1915 3036 pe-

302 3060 564 3128 regrinos
589 3059 837 3128 abjicite;
888 3059 1132 3114 Romana
1161 3059 1232 3113 sit
1259 3074 1366 3111 vox
1396 3057 1589 3126 plebis,
1631 3071 1793 3127 quam
1822 3055 1915 3112 de-

304 3150 486 3204 lectet
528 3151 720 3204 audiri.
748 3149 1007 3204 Convicia
1038 3165 1139 3204 nec
1161 3150 1411 3218 gaudium
1443 3149 1683 3218 pariunt;
1715 3163 1816 3203 nec
1847 3147 1916 3204 de

307 3239 507 3294 ltetitia
547 3251 918 3312 procreantur.
951 3240 1067 3296 Hoc
1095 3241 1196 3296 fuit
1237 3249 1406 3307 certe,
1432 3240 1576 3310 quod
1614 3239 1915 3310 culpabatis

2027 637 2125 676 vos
2146 631 2388 689 resonat,
2403 630 2464 677 ut
2483 630 2642 678 tonos
2670 623 2840 694 possit
2865 624 3094 693 quilibet
3116 623 3336 680 credere
3350 622 3610 697 [subaudi,

2025 713 2226 787 potius]
2254 731 2415 786 quam
2443 716 2726 772 clamores.
2758 715 3004 786 Nunquid
3051 718 3191 772 inter
3217 719 3319 774 ista
3347 719 3479 774 rixae
3512 718 3608 776 de-

2026 817 2188 876 cent,
2250 813 2342 861 aut
2389 805 2717 862 inflammata
2761 806 3074 863 contentio?
3103 807 3333 876 Abjicite
3379 795 3609 876 furores,

2025 898 2152 963 laeti,
2188 898 2322 953 iram
2349 899 2645 968 gaudentes
2691 898 2986 954 excludite.
3020 897 3222 953 Taliter
3259 899 3400 956 enim
3445 901 3608 958 animi

2025 989 2251 1044 aliorum
2281 989 2568 1060 temperari
2598 998 2844 1060 possunt,
2877 1003 2996 1044 cum
3039 988 3206 1044 vestri
3249 989 3459 1046 favores
3501 991 3607 1065 [ed.

2025 1079 2174 1148 Niv.,
2207 1079 2466 1154 fautores]
2497 1079 2733 1138 suaviter
2760 1080 3066 1137 audiuntur.

2520 1217 2856 1277 EPISTOLA
2883 1219 3090 1278 XXXII.

2024 1342 2251 1386 AGAPITO
2289 1327 2318 1370 δ
2353 1345 2478 1388 νωο
2513 1346 2756 1391 ιιιυετιιι
2803 1349 3094 1391 ΡΒΞΡΕΟΤΟ
3132 1351 3282 1392 URBIS
3317 1351 3609 1393 τηεουοιιιο

2692 1419 2786 1460 CUS
2813 1421 2940 1460 REX.

2025 1512 2185 1590 Illum
2215 1523 2386 1572 monet
2422 1533 2478 1573 se
2503 1517 2772 1588 scripsisse
2801 1518 2871 1590 ad
2907 1525 3144 1574 senatum
3171 1529 3220 1573 et
3247 1519 3316 1573 ad
3343 1521 3608 1590 populum,

2088 1588 2332 1662 jubetque
2360 1597 2416 1642 ut
2443 1590 2488 1642 si
2518 1605 2550 1662 ᾳ
2575 1605 2830 1662 quoquam
2859 1589 3087 1660 irrogata
3120 1592 3274 1662 fuerit
3303 1588 3498 1662 injuria
3528 1607 3610 1645 se-

2095 1659 2288 1722 natori,
2313 1659 2593 1731 confestim
2624 1659 2712 1712 ille
2753 1659 2921 1730 legum
2953 1659 3222 1714 severitate
3250 1659 3537 1731 plectatur;
3564 1663 3610 1716 si

2095 1746 2213 1784 vero
2241 1730 2450 1784 senator
2478 1746 2781 1800 quemquam
2810 1733 3086 1798 ingenuum
3115 1733 3318 1800 nefaria
3363 1730 3501 1784 ccede
3526 1748 3610 1784 ve-

2093 1803 2313 1871 xaverit,
2335 1801 2514 1871 statim
2541 1801 2786 1871 mulctam
2812 1803 3056 1870 excipiat.
3085 1801 3329 1854 Deccrnit
3356 1809 3609 1871 praterea

2093 1880 2149 1923 ut
2174 1869 2665 1943 Helladiushabeat
2702 1871 3049 1943 aequalitatem
3083 1872 3330 1926 menstrui
3358 1869 3474 1924 cum
3500 1885 3605 1925 ca:-

2095 1942 2216 1995 teris
2237 1942 2588 2012 pantomimis.

2090 2054 2315 2111 Eximiae
2344 2053 2502 2113 Urbis
2529 2055 2836 2128 praesulem,
2885 2055 3033 2127 pacis
3061 2056 3315 2112 convenit
3361 2071 3481 2114 esse
3508 2071 3608 2114 cu-

2018 2148 2252 2206 stodem.
2279 2147 2412 2204 Nam
2439 2163 2471 2204 a
2501 2163 2610 2218 quo
2637 2149 2829 2206 melius
2868 2148 3170 2204 moderatio
3195 2149 3352 2204 debet
3381 2149 3608 2220 sperari,

2020 2255 2180 2310 quam
2211 2240 2298 2296 cui
2343 2240 2518 2310 potuit
2543 2239 2715 2294 Roma
2757 2238 3059 2294 committi?
3107 2238 3201 2293 llla
3248 2239 3393 2295 enim
3436 2247 3608 2296 mater

2019 2331 2259 2386 omnium
2287 2330 2603 2400 dignitatum
2637 2329 2780 2385 viros
2832 2329 2933 2385 sibi
2963 2328 3163 2400 gaudet
3189 2329 3478 2401 praesidere
3500 2330 3607 2386 vir-

2020 2429 2214 2477 tutum.
2243 2420 2313 2476 Et
2350 2421 2472 2477 ideo
2499 2421 2694 2476 honori
2745 2429 2836 2476 tuo
2865 2420 3028 2476 debes
3068 2421 3275 2477 animos
3302 2436 3604 2492 exaequare,

2019 2521 2079 2568 ut
2105 2512 2251 2584 quod
2297 2511 2498 2568 nostris
2540 2512 2767 2584 adeptus
2808 2527 2868 2569 es
2908 2511 3200 2579 beneficiis,
3252 2512 3356 2568 tuis
3402 2512 3607 2568 meritis

2018 2605 2288 2660 invenisse
2315 2603 2576 2660 credaris.
2626 2602 3056 2673 Circumspicere
3104 2611 3158 2658 te
3184 2602 3362 2673 decet,
3406 2617 3476 2659 ne
3501 2616 3608 2672 qua

2017 2696 2074 2752 in
2102 2697 2420 2768 spectaculis
2449 2697 2773 2752 seditionum
2800 2711 2963 2751 causa
2990 2704 3262 2764 nascatur,
3294 2696 3420 2766 quia
3454 2704 3605 2752 tuum

2019 2789 2346 2860 praeconium
2375 2797 2459 2844 est
2486 2789 2716 2859 p0pulus
2744 2789 2974 2858 quietus.
3009 2787 3091 2843 Sit
3134 2787 3424 2843 insultandi
3475 2803 3606 2844 con-

2018 2881 2245 2937 suetudo
2275 2881 2571 2946 moderata,
2623 2889 2684 2935 ut
2729 2896 2831 2935 nec
2878 2879 3115 2934 libertati
3161 2886 3348 2949 pereat
3375 2878 3606 2934 honesta

2018 2971 2255 3039 licentia,
2286 2985 2389 3026 nec
2415 2970 2555 3025 desit
2582 2969 2822 3025 moribus
2850 2969 3148 3039 disciplina.
3173 2967 3438 3035 Quocirca
3467 2969 3605 3024 sicut

2019 3065 2218 3121 nostris
2248 3062 2480 3119 oraculis
2507 3069 2564 3117 et
2606 3061 2994 3133 amplissimum
3029 3060 3274 3116 ordinem
3302 3059 3602 3128 docuimus,

2019 3165 2073 3212 et
2095 3156 2305 3227 plebem
2337 3155 2674 3210 decrevimus
2715 3154 3017 3223 admoneri,
3066 3155 3170 3210 hoc
3215 3161 3361 3232 tuam
3389 3167 3605 3223 quoque

2020 3247 2442 3317 magnitudinem
2472 3247 2764 3303 observare
2790 3261 3102 3312 censemus;
3133 3252 3192 3300 ut
3216 3245 3314 3300 sia
3333 3257 3605 3315 quoquam

306 3331 364 3386 in
397 3341 638 3388 exteros.
671 3332 848 3388 Nolite
875 3334 1036 3388 modo
1067 3334 1196 3387 vitia
1231 3333 1536 3387 turbulenta
1567 3333 1910 3398 contrahere,
1944 3309 1988 3372 (ἶ
2019 3341 2254 3407 irrogata
2303 3336 2462 3393 fuerit
2508 3337 2702 3406 injuria
2751 3336 3029 3402 senatori,
3077 3334 3360 3390 confestim
3405 3332 3604 3404 loquax

306 3439 440 3495 quae
469 3425 664 3482 videtis
713 3425 846 3480 alios
876 3425 1156 3495 abjecisse.
1191 3426 1368 3495 Atque
1394 3425 1515 3481 ideo
1544 3425 1759 3481 edictali
1782 3439 1913 3495 pro-

307 3525 620 3590 grammate
663 3516 947 3576 deﬁnimus
999 3519 1162 3591 (Vide
1195 3519 1286 3574 lib.
1319 3535 1450 3591 seq.,
1491 3519 1643 3590 epist.
1671 3516 1761 3584 24,
1795 3515 1909 3588 25),

307 3617 374 3665 ιιι
400 3611 451 3667 si
481 3620 694 3668 atroces
725 3612 948 3681 injurias
996 3613 1050 3666 in
1095 3611 1404 3682 quempiam
1449 3619 1757 3665 senatorum
1806 3623 1915 3664 vox

311 3703 518 3774 injusta
569 3705 995 3776 praesumpserit,
1045 3705 1255 3759 noverit
1296 3718 1354 3758 sc
1384 3717 1415 3756 a
1455 3701 1710 3773 praefecto
1754 3698 1915 3754 Urbis

309 3796 528 3866 legibus
555 3798 907 3865 audiendum;
941 3805 1000 3852 ut
1045 3813 1146 3868 pro
1185 3795 1313 3851 facti
1359 3795 1622 3864 qualitate
1650 3793 1910 3860 discussa,

309 3889 558 3959 excipiat
603 3892 998 3960 promulgatam
1041 3889 1164 3960 jure
1218 3888 1561 3944 sententiam.
1609 3885 1807 3942 Verum
1855 3895 1916 3942 ut

305 3993 434 4034 omn
453 3995 484 4035 e
512 3995 696 4036 semen
718 3981 1000 4037 discordia:
1022 3981 1262 4036 funditus
1285 3987 1615 4050 amputetur,
1638 3975 1914 4049 praeﬁnitis

303 4069 456 4128 locis
501 4073 862 4142 pantomimos
903 4082 1046 4129 artes
1076 4089 1200 4128 suas
1246 4087 1506 4128 exercere
1544 4071 1910 4140 praecipimus;

303 4163 466 4233 quod
489 4180 586 4220 vos
613 4166 816 4235 poterit
855 4166 1123 4222 instruere
1162 4166 1230 4221 ad
1257 4167 1564 4237 prtcfectum
1596 4162 1754 4220 Urbis
1781 4164 1907 4220 data

303 4257 632 4326 praeceptio.
660 4257 888 4312 Tantum
909 4267 1012 4326 est,
1027 4267 1085 4313 ut
1109 4259 1301 4313 animis
1314 4256 1624 4327 compositis
1644 4256 1914 4326 peragatis

305 4347 563 4404 lzetiliam
587 4349 840 4406 civitatis.
869 4351 1013 4406 Nihil
1041 4361 1126 4406 est
1150 4353 1312 4417 enim,
1328 4350 1474 4420 quod
1498 4350 1790 4406 studiosius
1816 4365 1914 4406 vos

307 4457 540 4498 servare
561 4445 804 4513 cupimus
833 4459 994 4514 quam
1016 4453 1317 4500 vestrorum
1336 4442 1442 4516 [ed.
1471 4439 1620 4507 Niv.,
1650 4437 1913 4512 virorum]

309 4546 566 4593 veterum
596 4538 964 4609 disciplinam;
989 4545 1048 4594 ut
1088 4535 1234 4608 quod
1259 4537 1328 4591 ab
1371 4535 1605 4603 antiquis
1649 4533 1914 4591 laudabile

311 4645 424 4685 sem
440 4645 536 4701 per
562 4632 845 4702 habuistis,
895 4631 996 4686 sub
1027 4630 1183 4685 nobis
1209 4627 1392 4698 potius
1417 4625 1684 4695 augeatis.
1715 4624 1914 4684 Soletis

2017 3432 2294 3487 temeritas
2334 3431 2513 3498 legum
2542 3427 2830 3484 severitate
2857 3426 3144 3498 plectatur.
3195 3424 3254 3480 Si
3289 3439 3420 3480 vero
3447 3437 3604 3479 sena-

2016 3532 2122 3590 tor,
2169 3521 2440 3579 civilitatis
2487 3521 2791 3589 immemor,
2832 3533 3157 3590 quemquam
3186 3518 3474 3588 ingenuum
3503 3531 3603 3572 ne-

2018 3614 2150 3671 faria
2180 3614 2370 3670 fecerit
2397 3611 2544 3668 caede
2581 3611 2786 3678 vexari,
2831 3610 3077 3683 protinus
3115 3609 3379 3666 relatione
3426 3617 3602 3667 trans-

2015 3708 2180 3764 missa
2209 3706 2563 3779 perennitatis
2591 3714 2791 3762 nostra:
2832 3705 3091 3760 mulctam
3137 3704 3418 3775 perculsus
3459 3703 3603 3760 exci-

2015 3800 2149 3871 piat.
2205 3798 2550 3855 Meminerint
2603 3797 2749 3854 enim
2809 3797 2990 3853 cuncti
3039 3796 3118 3852 sic
3176 3795 3603 3867 spectaculorum

2017 3891 2193 3949 studia
2219 3900 2513 3964 partesque
2542 3890 2806 3957 dividere,
2852 3898 2912 3944 ut
2938 3889 2993 3944 in
3022 3887 3197 3958 patria
3225 3887 3457 3942 debeant
3481 3899 3602 3942 esse

2017 3983 2350 4051 concordes;
2381 3998 2484 4040 nec
2505 3982 2572 4037 ad
2603 3983 2706 4038 hoc
2731 3981 3068 4052 voluptatum
3088 3977 3190 4033 sibi
3216 3976 3458 4033 exhiberi
3484 3990 3602 4032 cer-

2017 4076 2242 4142 tamina,
2291 4082 2352 4130 ut
2391 4073 2584 4130 exinde
2612 4071 2822 4128 hostilis
2850 4073 2928 4125 ira
2958 4069 3243 4124 fervescat.
3282 4065 3504 4134 Verum,
3533 4081 3602 4124 ne

2017 4170 2244 4240 posthac
2288 4168 2395 4223 ulla
2440 4166 2612 4237 possit
2638 4166 2832 4219 iterum
2877 4162 3076 4218 furiosa
3103 4161 3378 4216 contentio
3404 4176 3602 4231 prove-

2019 4261 2153 4325 nire,
2185 4258 2462 4314 Helladius
2492 4257 2560 4311 de
2590 4255 2790 4324 medio,
2846 4255 3171 4325 voluptatem
3222 4253 3434 4325 populis
3461 4269 3602 4324 prte-

2018 4360 2272 4418 staturus,
2306 4351 2541 4405 introeat
2570 4367 2582 4401 :
2614 4348 2895 4404 habiturus
2937 4347 3300 4415 mqualitatem
3342 4347 3603 4406 menstrui

2017 4461 2140 4501 cum
2169 4445 2377 4501 caeteris
2406 4443 2640 4514 partium
2670 4440 3015 4512 pantomimis
3049 4437 3176 4494 ςΝἱυ
3213 4448 3270 4494 et
3300 4436 3478 4507 Gam.,
3503 4439 3599 4496 Gr.

2018 4549 2069 4595 et
2093 4537 2234 4610 Cuj.,
2284 4535 2492 4592 Prasini
2521 4532 2907 4605 pantominus].
2940 4530 3075 4586 Illud
3097 4531 3278 4598 etiam,
3308 4530 3453 4602 quod
3480 4547 3602 4588 cre-

2018 4631 2146 4686 bras
2172 4629 2313 4684 inter
2339 4641 2436 4682 eos
2463 4623 2755 4681 seditiones
2783 4622 3036 4691 exagitat,
3076 4621 3330 4691 praesenti
3362 4621 3604 4692 jussione

317 4725 463 4780 enim
493 4739 620 4781 aera
662 4727 778 4796 ipsa
822 4721 1091 4780 mellifluis
1138 4721 1363 4792 implere
1400 4719 1728 4776 clamoribus
1759 4729 1806 4786 ο,
1855 4726 1913 4774 et
1938 4717 1993 4779 D
2015 4720 2319 4783 definimus,
2348 4723 2410 4772 ut
2437 4721 2708 4770 amatores
2735 4711 2986 4779 Helladii,
3017 4726 3178 4782 quem
3198 4710 3267 4766 de
3291 4709 3470 4766 medio
3499 4709 3604 4765 sal-

322 4827 427 4870 uno
450 4831 590 4873 sono
618 4816 818 4884 dicere,
849 4817 993 4887 quod
1018 4817 1162 4889 ipsas
1184 4830 1401 4886 quoque
1441 4813 1650 4870 belluas
1674 4814 1909 4870 delectet

322 4908 538 4977 audire;
588 4909 842 4982 profertis
875 4925 1038 4968 voces
1065 4923 1270 4981 organo
1297 4909 1597 4975 dulciores;
1627 4914 1684 4964 et
1711 4907 1786 4963 ita
1809 4905 1910 4963 sub

391 5113 419 5144 ει
449 5103 495 5159 Α
523 5117 704 5176 pugno
731 5117 945 5176 nempe.
973 5101 1135 5176 Caius
1173 5103 1369 5174 pignus
1409 5117 1640 5176 quoque
1667 5111 1908 5176 a_pugno

326 5172 649 5245 appellatum
699 5172 1081 5245 scribi'tpquia
1124 5172 1213 5230 res
1243 5172 1382 5244 quae
1428 5172 1646 5245 pignori
1689 5172 1906 5245 dantur,

326 5241 490 5301 manu
515 5247 818 5317 capiuntur,
849 5241 1019 5317 1.238
1041 5245 1190 5314 plebs
1217 5241 1460 5317 de—verb'.
1483 5241 1660 5313 signif.
1689 5241 1908 5317 donatio

327 5329 420 5370 seu
447 5313 626 5392 δῶροῦ,
657 5331 688 5369 a
713 5315 869 5379 doro,
901 5315 956 5369 id
983 5313 1071 5392 est
1088 5317 1290 5392 palmo,
1317 5315 1446 5392 quia
1476 5328 1700 5392 munera
1727 5313 1909 5392 obla_ta

329 5399 488 5457 manu
515 5380 839 5457 caperentur
858 5425 875 5451 ,
925 5392 986 5457 ut
1015 5380 1287 5457 Vitruvius
1315 5380 1486 5439 Pollio
1517 5385 1608 5457 lib.
1642 5399 1710 5457 ξι,
1759 5395 1822 5457 c._
1842 5380 1904 5457 δέ

329 5451 466 5511 Plin.
497 5450 598 5512 lib.
623 5471 787 5520 xxxv,
837 5450 888 5509 c.
923 5453 990 5506 14
1019 5471 1032 5508 :
1064 5470 1171 5520 quo
1211 5455 1440 5508 allusum
1469 5469 1498 5508 a
1530 5454 1696 5508 Paulo
1736 5450 1909 5505 videri

329 5529 498 5597 possit
525 5529 577 5582 in
608 5528 642 5580 Ι.
677 5525 769 5593 55,
796 5533 1032 5590 senatus,
1064 5521 1131 5578 de
1151 5533 1312 5580 mort.
1339 5538 1486 5580 caus.
1511 5524 1637 5578 don.
1669 5521 1904 5576 FORNER.

401 5597 427 5636 δ
457 5598 610 5666 Quod
639 5595 991 5666 Cassiodorus
1019 5595 1177 5666 patri,
1207 5593 1442 5666 Isidorus
1464 5595 1652 5666 tribuit
1682 5590 1792 5666 ﬁlio
1814 5592 1907 5648 lib.

332 5663 559 5731 xvtn,'c.
595 5668 649 5732 1,
678 5666 911 5733 Etymol.
943 5663 1153 5720 Primus
1176 5665 1318 5719 bella
1343 5664 1520 5724 intulit
1550 5664 1718 5719 Ninus
1743 5663 1910 5733 Assy-

333 5737 530 5813 riorum
556 5754 674 5794 rex.
693 5734 919 5813 “Silltlas
945 5734 1082 5813 ἄρῃςΔ
1115 5736 1334 5813 proprie
1416 5735 1644 5812 σίδηρος,
1675 5739 1912 5813 eripuisti

335 5805 384 5880 ἔξ
416 5815 499 5865 καὶ
525 5813 611 5867 τὸν
638 5811 856 5880 πόλεμον
881 5825 894 5860 :
920 5803 1177 5878 quoniam
1203 5803 1258 5860 in
1287 5806 1431 5880 bello
1450 5803 1568 5880 _n_o'n
1595 5803 1790 5880 verbis,
1819 5803 1914 5858 sed

334 5873 472 5936 facto
499 5873 787 5954 opusnest}
822 5882 869 5932 ἐν
907 5873 980 5954 τῷ
1011 5880 1213 5954 πᾳλέμῳ
1238 5880 1338 5954 γᾷρ
1366 5879 1424 5954 εὖ
1449 5878 1608 5954 λόγῳ»Δ
1625 5879 1726 5933 ἀλλ’
1758 5876 1911 5954 ἔργον

337 5953 510 6016 κρέίαι
535 5937 604 6006 Et
630 5945 913 6018 Ηοιηὸωε,
944 5937 993 6007 ἓν
1018 5937 1470 6025 γὰρ’χὲρὲίτῦος
1490 5937 1728 6022 πτολέμου,
1754 5937 1914 6004 ἐίτέων

2017 4821 2134 4869 tare
2161 4809 2514 4884 praecepimus
2531 4848 2546 4874 ,
2579 4806 2696 4862 sine
2723 4803 3003 4873 utriusque
3029 4802 3198 4874 partis
3224 4800 3433 4867 studio,
3476 4814 3602 4871 spe-

2015 4901 2197 4960 ctandi
2227 4901 2328 4970 eis,
2355 4899 2448 4955 ubi
2475 4895 2799 4967 delegerint,
2821 4893 2990 4950 libera
3019 4893 3090 4949 sit
3115 4891 3362 4948 facultas.
3394 4889 3452 4945 Si
3471 4904 3603 4946 vero

2012 5095 2059 5154 δ’
2097 5097 2168 5170 ἐνὶ
2208 5097 2382 5170 βθυλῂζ,
2431 5092 2747 5170 Eustathius
2794 5091 2848 5147 in
2876 5087 3315 5170 llomeric._illud
3354 5087 3508 5145 lliad.
3535 5113 3599 5170 π,

2074 5156 2296 5250 emo;
2336 5156 2495 5252 ξρης
2513 5181 2540 5252 l:
2658 5162 2864 5252 σίδηερς
2893 5163 3040 5238 ἄρης.
3064 5160 3200 5216 Vide
3224 5157 3520 5217 Varronem
3546 5156 3604 5218 et

2063 5246 2238 5292 estum
2261 5238 2314 5292 in
2344 5232 2472 5292 dict.
2501 5234 2757 5290 duellum.
2789 5232 3026 5288 Fomv'sn.

2089 5317 2112 5346 ο
2144 5308 2476 5363 Acclamatio
2513 5315 2568 5359 et
2594 5306 2812 5375 plausus
2833 5311 2950 5358 erat
2969 5317 3052 5375 ex_
3066 5309 3204 5370 arte,
3233 5307 3290 5355 et
3317 5299 3602 5375 Quiritium

2013 5380 2330 5448 composita:
2357 5370 2754 5446 modulatl'eque
2781 5388 2961 5429 voces.
3007 5370 3168 5448 lianc
3175 5441 3186 5448 _
3195 5378 3382 5448 autem
3409 5371 3602 5448 modu-

2013 5440 2180 5504 latum
2209 5450 2500 5504 clamorem
2525 5440 2845 5502 concentum
2868 5442 3103 5512 appellat
3131 5440 3333 5496 Plinius
3354 5441 3409 5496 in
3430 5440 3603 5498 Pane-

2016 5520 2222 5602 gyrico.
2253 5518 2316 5573 Et
2361 5517 2590 5602 populus
2616 5511 3602 5602 quidemllol’mapu‘s‘dilectnmnprin-

2017 5581 2191 5661 cipem
2237 5581 2451 5656 servat;
2475 5581 2798 5661 quantoque
2825 5583 2987 5661 paulo
3030 5591 3156 5638 ante
3179 5581 3600 5661 concentu’for-

2017 5606 2191 5661 etpem
2237 5602 2436 5656 servat,
2489 5602 2798 5710 quantoque
2825 5602 2987 5654 paulo
3030 5602 3156 5638 ante
3179 5602 3444 5638 concentu
3485 5602 3510 5637 ιε

2016 5677 2229 5717 mosum
2255 5661 2438 5726 alium,
2472 5659 2615 5712 hunc
2641 5655 2700 5710 fo‘
2729 5652 3510 5726 tissimumgpersonat.iBnoss.

2089 5731 2116 5770 ἀ
2161 5731 2349 5786 Eidem
2396 5724 2659 5795 rescripta
2701 5734 2784 5781 est
2828 5724 3054 5794 epistola
3101 5735 3254 5780 sexta
3301 5725 3460 5793 hujus
3503 5725 3556 5780 li’

2018 5802 2290 5873 Praecipue
2319 5809 2498 5855 autem
2529 5795 2895 5873 Theudoricus
2931 5795 3221 5873 seditiones
3254 5795 3477 5873 _in_lud_is

2017 5874 2169 5929 citari
2189 5864 2386 5928 'solitas
2406 5868 2674 5938 compesci
2697 5883 2725 5920 a
2748 5865 3002 5938 praefecto
3027 5865 3155 5922 Urb.
3183 5865 3372 5925 voluit.
3393 5864 3436 5921 F

2017 5950 2229 6015 Spectat
2257 5941 2414 6012 epist.
2442 5938 2510 5992 M
2533 5936 2694 6008 hujus
2716 5936 2810 5996 lib.
2842 5936 3078 5996 Fonnsn.
