4048 6344
395 371 494 427 53!

1638 374 1710 428 Il.
1743 373 2014 429 A'UKELII
2055 371 2452 431 CASSIUDORI

3589 377 3691 437 55%

399 504 592 546 eorum
620 491 819 544 lubrica
851 491 1101 547 voluntas
1129 491 1184 545 in
1215 489 1372 546 unius
1407 489 1607 547 coloris
1635 490 1876 548 favorem
1898 491 2004 546 mi-
2031 502 2081 560 Α
2107 495 2238 553 solis
2259 495 2492 552 reﬂexus
2518 495 2772 553 australia
2814 496 2964 569 signa
2994 496 3320 565 discurrens,
3353 505 3560 553 natune
3600 515 3691 554 or‘

400 586 653 651 araverit,
683 585 857 639 studia
881 600 976 639 sua
1003 585 1233 656 populus
1264 594 1373 640 tam
1401 586 1453 640 in
1485 587 1628 641 circo
1656 601 1818 658 quam
1850 587 1997 641 thea-

402 689 488 734 tro
517 680 714 734 habeat
739 695 837 750 pro
867 690 1020 750 parte
1047 695 1207 749 quam
1234 681 1435 750 diligit;
1465 691 1521 736 ut
1551 682 1596 737 is
1619 683 1710 751 qui
1740 695 2000 752 praesum-

406 753 785 841 pserit'vetita,
818 770 931 839 ipse
952 768 1226 839 judicetur
1254 771 1530 840 qutesiisse
1553 770 1897 826 discordiam.

905 881 1237 937 EPISTULA
1277 881 1506 937 XXXIII.

494 990 720 1032 ΔΟΛΡΙΤΟ
746 993 868 1032 VIRO
897 993 1135 1032 ILLUS'I'RI
1169 992 1460 1050 PRAEFECTO
1489 993 1638 1033 URBIS
1668 991 1906 1034 THBODO-

1049 1063 1199 1103 HIC-US
1230 1065 1330 1102 REX
1342 1089 1352 1100 .

407 1143 662 1200 Praesenti
693 1143 1020 1198 ordinatione
1047 1143 1274 1196 decernit
1301 1151 1354 1194 ut
1377 1143 1696 1212 pantomimo
1721 1142 1784 1194 ab
1813 1142 1999 1195 Albino

476 1225 525 1268 et
553 1213 770 1268 Albieno
799 1215 957 1268 electo
988 1214 1196 1268 solitum
1225 1226 1544 1267 menstruum
1589 1214 1753 1284 partis
1787 1213 2000 1267 Prasini

477 1288 590 1340 sine
618 1287 977 1340 imminutione
1001 1285 1209 1338 tribuat.

479 1400 658 1456 Nescit
686 1402 993 1456 serenitatis
1024 1409 1220 1455 nostra:
1249 1399 1420 1454 semel
1465 1399 1736 1468 prolatum
1769 1400 2003 1456 titubare

405 1495 695 1566 judicium;
725 1511 826 1551 nec
852 1495 994 1564 quod
1039 1493 1263 1565 provida
1299 1493 1652 1564 dispositione
1698 1494 2000 1561 constituit,

405 1586 722 1656 cujusquam
753 1586 1052 1642 occasionis
1078 1585 1428 1654 subreptione
1465 1593 1673 1638 mutare
1705 1582 1842 1658 [atii,
1884 1601 2003 1641 mu-

407 1675 583 1748 tavit].
617 1677 823 1732 Dudum
854 1675 1120 1746 siquidem
1147 1675 1216 1729 ad
1247 1676 1498 1731 Albinum
1529 1684 1691 1744 atque
1717 1677 2003 1732 Albieuum

406 1767 661 1838 patricios
687 1767 830 1822 viros
859 1773 1126 1837 praecepta
1179 1780 1278 1821 nos
1324 1765 1538 1821 dedisse
1581 1767 1895 1833 retinemus,
1943 1777 2005 1823 ut

2103 587 2284 644 dinem
2315 587 2590 644 modiﬁcat
2613 589 2742 662 [σόη
2769 591 2958 647 ordine
2985 589 3372 663 modiﬁcatus],
3404 591 3694 650 tumultuo-

2101 697 2189 736 sas
2225 681 2493 752 procellas
2523 683 2663 738 aeris
2712 683 3059 754 permistione
3102 685 3424 750 resuscitat;
3452 685 3598 754 quod
3627 686 3691 740 ab

2100 773 2230 844 ipsis
2256 789 2471 843 quoque
2497 774 2764 829 mensibus
2793 774 2952 828 datur
2975 773 3222 843 intelligi,
3252 775 3474 844 quando
3505 791 3572 830 ex
3595 791 3689 831 nu-

2102 879 2255 921 mero
2283 866 2532 920 imbrium
2561 867 2859 921 futurorum
2879 876 3252 938 competenter
3285 869 3503 922 nomina
3523 878 3545 902 δ
3573 878 3690 924 ‘sus-

2102 966 2378 1028 ceperunt.
2432 958 2561 1026 Qua:
2591 974 2718 1024 ergo
2762 959 2883 1013 talis
2930 975 3111 1022 mora,
3154 969 3213 1013 ut
3244 960 3296 1014 in
3342 961 3508 1014 tantis
3553 967 3694 1014 tran-

2100 1050 2456 1118 quillitatibus
2476 1050 2924 1106 velocianccdum
2951 1049 3150 1105 fuerint
3171 1050 3438 1106 destinata
3464 1052 3690 1122 navigia,

2103 1157 2224 1196 cum
2251 1142 2529 1196 stellarum
2562 1159 2667 1196 non
2695 1142 3050 1210 mergentium
3090 1141 3322 1198 lucidum
3356 1143 3503 1197 sidus
3547 1143 3693 1199 tendi

2103 1233 2327 1288 carbasa
2367 1232 2684 1288 festinanter
2709 1234 2918 1302 invitet,
2942 1241 2997 1288 et
3026 1233 3166 1289 aeris
3202 1235 3379 1289 sereni
3417 1234 3550 1289 ﬁdes
3574 1250 3696 1306 pro-

2105 1327 2407 1394 perantimn
2449 1335 2680 1396 nequeat
2708 1335 2833 1382 vota
2872 1328 3117 1382 terrere?
3159 1327 3264 1382 Aut
3309 1326 3448 1382 forte
3490 1327 3696 1382 incum-

2105 1418 2267 1474 bente
2294 1419 2510 1488 Austro,
2541 1420 2884 1490 remigiisque
2909 1420 3222 1490 juvantibus
3245 1429 3453 1476 meatus
3481 1421 3692 1477 navium

2106 1511 2362 1566 echeneis
2383 1510 2409 1550 b
2441 1525 2652 1567 morsus
2681 1512 2821 1566 inter
2844 1512 3016 1566 undas
3048 1512 3276 1581 liquidas
3310 1513 3576 1582 alligavit;
3609 1522 3697 1568 aut

2103 1600 2270 1656 Indici
2299 1602 2463 1656 maris
2484 1602 2702 1658 concha:
2722 1603 2882 1658 simili
2909 1604 3151 1674 potentia
3174 1603 3327 1659 labiis
3349 1605 3463 1660 suis
3487 1606 3696 1660 navium

2108 1694 2266 1748 dorsa
2301 1692 2567 1759 ﬁxerunt;
2600 1711 2826 1765 quarum
2873 1695 3086 1764 quietus
3131 1704 3306 1750 tactus
3337 1696 3456 1764 plus
3507 1695 3698 1751 dicitur

2107 1788 2344 1843 retinere
2375 1803 2535 1858 quam
2583 1789 2853 1858 exagitata
2904 1789 3114 1858 possint
3156 1787 3422 1843 elementa
3463 1789 3696 1860 compel-

406 1859 797 1929 pantomimum
818 1855 1024 1914 Prasini
1045 1859 1214 1928 partis
1228 1857 1516 1927 eligerent,
1540 1859 1632 1927 qui
1659 1858 2003 1928 praastantius

2106 1880 2218 1936 lere
2245 1855 2465 1954 [mssdet
2493 1882 2610 1946 Ac.,
2641 1855 2956 1950 complere].
2992 1878 3113 1934 Stat
3140 1880 3289 1949 pigra
3320 1879 3454 1934 ralis
3489 1855 3697 1934 tunicu-

406 1951 729 2021 spectaculis
759 1950 1094 2006 conveniret.
1127 1949 1280 2016 Quod
1323 1950 1479 2004 nobis
1508 1949 1708 2005 factum
1735 1966 1831 2005 sua
1860 1952 2004 2006 rela-

401 2043 556 2098 tione
585 2051 918 2097 reserarunt.
965 2039 1032 2094 Et
1061 2041 1180 2096 ideo
1227 2057 1371 2096 nunc
1401 2041 1651 2112 praesenti
1683 2043 2006 2098 auctoritate

407 2132 769 2199 decernimus,
804 2142 863 2188 ut
906 2149 1065 2204 quem
1095 2149 1124 2188 a
1153 2150 1316 2204 supra
1347 2135 1660 2192 memoratis
1708 2135 2006 2204 magnificis

407 2225 538 2279 viris
568 2225 799 2280 electum
828 2241 948 2280 esse
973 2227 1299 2295 constiterit,
1343 2227 1392 2281 ei
1423 2227 1638 2282 solitum
1670 2237 2005 2284 menstruum

411 2315 581 2385 partis
606 2314 814 2371 Prasini
859 2318 974 2371 sine
1007 2318 1378 2374 imminutione
1422 2320 1703 2387 tribuatis;
1755 2330 1814 2376 ut
1860 2321 2006 2392 quod

420 2406 521 2476 17
550 2415 736 2460 nostra
777 2408 1017 2477 provisio
1045 2407 1373 2465 confusionis
1403 2409 1572 2484 [mss.,
1599 2413 2004 2485 compulsionis]

405 2497 663 2552 tollenda:
689 2514 850 2555 causa
874 2501 1170 2566 constituit,
1203 2517 1309 2557 non
1335 2499 1429 2556 ﬁat
1454 2499 1736 2559 seditionis
1769 2507 2002 2574 occasio,

407 2589 507 2646 sed
538 2591 753 2660 quietis.

909 2705 1240 2762 EPISTOLA
1280 2703 1516 2763 XXXIV.

504 2810 707 2850 ΜυεΤο
740 2813 1032 2852 ΡΒΕΙ-ἘΕΤΟ
1065 2814 1348 2856 ΡΒΕΤΟΒΙΟ
1373 2817 1744 2861 THEODORICUS
1773 2814 1841 2857 BE
1854 2819 1905 2860 Χ.

411 2883 562 2940 Iubet
590 2895 643 2939 ut
665 2904 757 2957 per
779 2888 984 2959 singula
1005 2890 1121 2943 loca
1149 2891 1412 2967 maritima
1441 2903 1764 2948 commoneat
1787 2913 1852 2950 ne
1872 2898 2004 2967 quis-

480 2973 634 3028 quam
675 2968 958 3029 prtesuntat
1004 2963 1307 3036 peregrinas
1359 2979 1512 3036 naves
1561 2975 1682 3018 ante
1729 2963 2005 3036 frumentis

477 3044 898 3111 onerare_auant
945 3033 1226 3101 provincia
1270 3035 1406 3088 auod
1455 3033 1799 3090 necessarium
1849 3040 2004 3108 fuerit

479 3109 807 3156 retinuerint.

479 3189 648 3260 Copia
669 3191 1062 3248 frumentorum
1090 3195 1380 3264 provinciae
1410 3196 1574 3253 debet
1600 3199 1832 3268 primum
1871 3216 2000 3270 pro-

2108 1973 2250 2027 tibus
2279 1973 2420 2027 alata
2453 1971 2605 2040 velis,
2652 1978 2707 2027 et
2746 1987 2961 2026 cursum
3009 1987 3115 2026 non
3156 1972 3340 2039 habet,
3387 1971 3474 2027 cui
3506 1982 3694 2027 ventus

2109 2062 2342 2126 arridet;
2373 2063 2490 2116 sine
2521 2060 2771 2116 anchoris
2803 2059 3002 2129 ﬁgitur,
3033 2061 3151 2116 sine
3179 2060 3495 2117 rudentibus
3525 2062 3694 2132 alliga-

2108 2162 2222 2219 tur;
2257 2162 2311 2207 et
2342 2161 2447 2208 tam
2487 2168 2653 2223 parva
2685 2152 2933 2207 animalia
2979 2153 3099 2223 plus
3141 2153 3398 2208 resistunt
3423 2170 3582 2223 quam
3623 2162 3696 2209 tot

2109 2247 2309 2300 auxilia
2360 2245 2736 2316 prosperitatis
2787 2245 3092 2315 impellunt.
3144 2244 3221 2300 ita
3294 2259 3415 2303 cum
3461 2245 3694 2315 subjecta

2109 2335 2251 2390 unda
2283 2336 2582 2406 prmeipitet
2613 2351 2853 2405 cursura,
2889 2352 3052 2406 supra
3098 2336 3263 2392 maris
3304 2345 3513 2407 tergum
3561 2338 3695 2392 navi-

2109 2430 2251 2502 gium
2278 2437 2424 2484 stare
2453 2437 2667 2484 constat
2697 2427 2954 2497 infixum;
2987 2429 3231 2500 miroque
3269 2431 3434 2488 modo
3463 2432 3693 2488 natantia

2107 2535 2427 2576 inconcusse
2447 2521 2768 2588 retinentur,
2799 2520 2926 2578 dum
2957 2521 3252 2577 innumeris
3291 2523 3530 2580 motibus
3559 2524 3691 2580 unda

2105 2612 2362 2681 rapiatur.
2396 2610 2499 2668 Sed
2531 2620 2589 2668 ut
2618 2611 2857 2668 dicamus
2886 2613 3049 2668 aliam
3079 2614 3238 2684 piscis
3269 2623 3536 2681 naturam,
3557 2615 3690 2672 forte

2107 2712 2285 2758 nautm
2315 2705 2693 2774 prtedictarum
2723 2706 2937 2762 navium
2977 2707 3279 2778 torpedinis
3305 2715 3452 2764 tactu
3501 2710 3692 2778 segnis-

2107 2800 2241 2858 sime
2271 2808 2591 2871 torpuerunt
2617 2818 2629 2854 :
2663 2816 2694 2854 a
2726 2815 2831 2869 qua
2863 2809 3070 2857 tantum
3119 2801 3454 2872 inﬁgentium
3500 2804 3692 2862 dextrte

2106 2901 2530 2964 praegravantur,
2564 2901 2624 2948 ut
2671 2907 2768 2964 per
2795 2893 3005 2950 hastam
3043 2910 3148 2964 qua
3195 2894 3357 2950 fuerit
3401 2897 3690 2961 vulnerata,

2107 2984 2181 3040 ita
2231 3001 2450 3041 manum
2481 2985 2832 3056 percutientis
2869 2985 3089 3054 inliciat,
3121 2997 3388 3056 quatenus
3411 2988 3546 3044 vivae
3573 2989 3693 3044 sub-

2106 3079 2321 3133 stantia:
2351 3093 2477 3149 pars
2496 3079 2615 3135 sine
2636 3094 2795 3134 sensu
2817 3078 3002 3148 aliquo
3024 3079 3316 3135 immobilis
3336 3081 3692 3150 Obstupescat.

2107 3166 2287 3222 Credo
2319 3168 2446 3223 talia
2470 3169 2836 3236 incurrerunt,
2862 3169 2952 3238 qui
2977 3184 3035 3224 se
3062 3185 3286 3225 movere
3319 3186 3428 3226 non
3457 3177 3690 3240 possunt.

410 3258 574 3340 αδδεδ
595 3286 680 3339 cui
709 3286 950 3340 nascitur
975 3304 986 3340 ε
1013 3258 1137 3357 quia
1161 3288 1359 3358 juslins
1381 3298 1464 3345 es,
1486 3299 1544 3346 ut
1568 3258 1759 3346 il'molis
1789 3258 2004 3365 prgpﬁa
2033 3270 2081 3334 ο
2112 3258 2218 3314 Sed
2247 3261 2502 3316 echeneis
2531 3260 2634 3316 illis
2667 3261 3114 3331 impedimentosa
3143 3262 3404 3316 venalitas
3432 3271 3546 3329 est;
3574 3279 3696 3318 con-

409 3376 708 3433 fecunditas
738 3379 958 3444 serviat,
991 3395 1153 3448 quam
1183 3382 1480 3453 peregrinis
1518 3386 1860 3440 commerciis
1888 3398 2004 3442 stu~

413 3467 580 3524 diosa:
612 3469 924 3538 cupiditatis
969 3471 1268 3528 exhauriat.
1313 3473 1516 3532 Alienis
1545 3477 1806 3546 siquidem
1838 3483 2006 3550 parti-

410 3561 512 3614 bus
541 3559 701 3614 debet
740 3560 972 3630 impendi
1009 3563 1153 3631 quod
1183 3575 1448 3636 superest,
1477 3579 1530 3623 et
1561 3576 1687 3624 tunc
1710 3570 1777 3626 de
1804 3574 2005 3629 exteris

414 3651 780 3720 cogitandum,
814 3669 937 3710 cum
961 3671 1020 3711 se
1041 3657 1182 3713 ratio
1201 3660 1431 3729 propria:
1459 3664 1796 3719 necessitatis
1820 3666 2006 3737 exple-

412 3745 568 3801 verit.
600 3746 776 3816 Atque
801 3747 924 3804 ideo
955 3749 1183 3806 illustris
1212 3754 1605 3823 magnificentia
1637 3765 1728 3813 tua
1759 3774 1857 3829 per
1887 3760 2003 3816 loca

409 3835 637 3904 singula,
669 3839 761 3907 qui
793 3854 980 3894 curam
1011 3841 1265 3900 videntur
1291 3845 1491 3903 habere
1535 3849 1798 3916 littorum,
1839 3850 2006 3906 faciat

411 3931 765 3999 commoneri,
796 3940 853 3986 ut
889 3948 996 3987 non
1035 3941 1160 3990 ante
1189 3937 1455 4006 quispiam
1498 3942 1812 4010 peregrinas
1839 3957 2005 3998 naves

410 4017 692 4077 frumentis
717 4033 909 4080 oneret
939 4026 1004 4080 ad
1035 4026 1210 4082 aliena
1243 4028 1426 4084 littora
1454 4033 1811 4102 transituras,
1843 4050 2004 4105 quam

411 4128 660 4184 expenste
705 4118 932 4187 publice
989 4120 1056 4176 ad
1101 4129 1343 4192 optatam
1385 4125 1590 4193 possint
1627 4127 1838 4198 copiam
1879 4143 2004 4199 per-

413 4220 510 4262 ven
517 4225 611 4265 Ife.

905 4327 1247 4388 EPISTOLA
1286 4332 1494 4390 XXXV.

509 4430 711 4472 PAUS'I'O
743 4433 1036 4478 PREFECTO
1066 4440 1348 4482 ΡΒΕΤΟΒΙΟ
1380 4444 1747 4488 τηεουοιιιευε
1776 4448 1898 4487 REX.

401 4503 694 4594 Signiﬁcat
721 4524 775 4561 se
813 4514 1065 4594 n‘onniln'tl
1098 4522 1569 4594 commoveriquod
1611 4525 1871 4590 frumenta
1906 4542 2002 4594 pu-

480 4576 633 4665 tilica,
649 4595 776 4665 .7110}
821 4582 884 4636 de
911 4580 1138 4665 Calabro
1187 4598 1336 4661 atque
1383 4576 1550 4661 Αρυιυ
1597 4576 1857 4649 littoribus

480 4649 850 4731 cancellarium
889 4659 1086 4731 testatis
1128 4649 1351 4727 tempore
1390 4649 1761 4720 cdnsueverant
1813 4649 2001 4731 deper-
2029 4667 2076 4723 Β

481 4719 879 4808 inﬂammant)
910 4725 1115 4796 adjecta
1145 4719 1378 4808 nondunt
1408 4719 1656 4808 fuissent;
1682 4746 1737 4808 et
1763 4719 1999 4808 prtecipit

477 4796 534 4841 ut
563 4789 656 4844 hoc
677 4791 945 4849 celerrima
967 4789 1106 4851 Euret
1125 4789 1478 4856 emendatione
1503 4789 1710 4875 corripi.

477 4877 613 4936 Cum
655 4881 870 4939 siccitas
896 4891 1176 4955 praesentis
1214 4893 1356 4956 anni,
1390 4907 1510 4961 qua:
1554 4892 1797 4948 localiter
1841 4897 2000 4951 certis

407 4975 549 5032 solet
576 4977 834 5035 destevire
863 4984 1214 5052 temporibus,
1242 4987 1471 5042 terrenis
1503 4987 1798 5044 visceribus
1833 4990 1999 5046 nimio

408 5064 592 5122 calore
639 5067 865 5135 duratis,
915 5071 1192 5128 abortivos
1239 5076 1492 5132 messium
1535 5076 1676 5132 fetus
1732 5095 1837 5133 nou
1889 5088 1997 5134 tam

409 5158 595 5224 edidit,
636 5176 795 5230 quam
845 5163 1158 5234 imperfecta
1205 5166 1450 5223 ubertate
1503 5170 1750 5240 projecit,
1804 5172 1996 5241 majori

410 5263 557 5306 nunc
583 5251 764 5307 studio
791 5254 1082 5322 quatreuda
1103 5265 1229 5312 sunt
1253 5272 1374 5326 quae
1393 5258 1554 5314 etiam
1583 5261 1636 5315 in
1667 5261 1993 5317 abundantia

2110 3351 2334 3406 charum
2367 3366 2610 3420 morsus,
2655 3351 2906 3406 insatiata
2945 3353 3239 3423 cupiditas;
3271 3353 3526 3424 torpedo,
3567 3353 3698 3410 frau-

2111 3445 2330 3502 dulenta
2369 3445 2660 3500 simulatio.
2712 3443 2816 3514 Ipsi
2859 3445 3002 3499 enim
3058 3445 3238 3500 studio
3287 3459 3455 3516 pravo
3501 3443 3698 3504 faciunt

2110 3552 2314 3604 moras,
2339 3545 2396 3590 ut
2435 3536 2749 3591 occasiones
2795 3534 3072 3590 incurrere
3107 3535 3391 3592 videantur
3429 3535 3695 3590 adversas.

2111 3630 2266 3697 Quod
2288 3629 2601 3701 magnitudo
2634 3638 2748 3700 tua,
2776 3632 2861 3684 cui
2899 3630 3210 3700 specialiter
3255 3631 3513 3686 convenit
3560 3629 3727 3698 cogi-.

2112 3733 2225 3779 tare
2255 3725 2321 3780 de
2351 3724 2566 3790 talibus,
2597 3724 2880 3779 celerrima
2913 3722 3076 3778 faciat
3105 3723 3488 3778 emendatione
3516 3736 3696 3776 recor-

2107 3817 2210 3886 rigi
2239 3834 2251 3870 :
2285 3832 2354 3872 nc
2381 3817 2566 3886 inopia
2593 3832 2700 3872 non
2730 3821 2836 3872 t'am
2865 3832 2896 3872 a
2936 3815 3222 3871 sterilitate
3254 3815 3514 3886 temporis
3541 3826 3696 3882 quam

2109 3924 2138 3964 a
2171 3909 2490 3980 negligentia
2517 3917 2689 3964 matre
2711 3916 2837 3963 nata
2866 3923 2986 3964 esse
3010 3908 3264 3966 videatur.

2600 4040 2935 4100 EPISTOLA
2975 4039 3209 4096 XXXVI.

2272 4163 2540 4204 TllEBlOLO
2563 4163 2686 4203 VIRO
2715 4162 2974 4203 SENATOR!
3008 4160 3374 4201 THEODORICUS
3401 4159 3530 4199 REX.

2106 4239 2257 4294 lubet
2303 4241 2446 4293 illum
2500 4240 2554 4292 in
2605 4237 2899 4293 Pedonensi
2949 4239 3150 4291 civitate
3212 4235 3478 4290 Benedicti
3535 4234 3697 4288 locum

2177 4312 2455 4381 suscipere,
2481 4320 2531 4364 et
2557 4311 2805 4380 ejusdem
2825 4309 2965 4380 ﬁlios
2991 4308 3126 4362 civili
3167 4308 3382 4362 tuitione
3407 4306 3622 4360 cauare.

2181 4427 2394 4486 Utilitas
2442 4444 2798 4500 personarum
2841 4429 3107 4484 bonarum
3145 4426 3307 4482 debet
3355 4425 3694 4481 successione

2105 4521 2380 4589 renovari,
2423 4536 2490 4576 ne
2538 4519 2748 4576 defectu
2796 4520 3149 4576 servientium
3197 4517 3437 4588 patiatur
3483 4517 3693 4586 aliquod

2105 4630 2195 4669 res
2221 4630 2479 4686 suspensa
2503 4605 2862 4686 dispendium.
2896 4612 2964 4668 Et
2993 4613 3115 4668 ideo
3145 4613 3326 4668 locum
3359 4619 3411 4667 te
3450 4611 3692 4680 jubemus

2105 4708 2380 4775 quondam
2412 4707 2685 4762 Benedicti
2717 4708 2770 4761 in
2803 4703 3110 4762 Pedouensi
3139 4703 3358 4761 civitate
3391 4719 3458 4759 ex
3511 4711 3690 4758 nostra

2106 4799 2430 4852 auctoritate
2464 4799 2758 4868 suscipere,
2789 4806 2848 4852 ut
2875 4798 3053 4852 omnia
3085 4797 3326 4866 vigilanti
3357 4795 3690 4850 ordinatione

2104 4901 2420 4957 procurans,
2450 4897 2644 4943 nostrae
2669 4888 2854 4956 gratize
2883 4888 3141 4943 merearis
3180 4895 3489 4956 augmenta.
3525 4885 3689 4940 Debes

2105 4979 2247 5034 enim
2281 4979 2561 5035 advertere
2590 4994 2750 5048 quam
2773 4979 3192 5035 vicissitudinem
3223 4979 3451 5034 reddere
3480 4977 3690 5034 studea-

2103 5087 2224 5127 mus
2254 5073 2409 5137 vivis,
2437 5073 2526 5143 qui
2553 5080 2891 5126 mortuorum
2913 5071 3074 5127 fidem
3105 5087 3211 5127 non
3241 5085 3530 5141 possumus
3559 5067 3690 5123 obli—

2103 5166 2254 5222 visci.
2288 5165 2419 5222 Illud
2452 5168 2613 5222 etiam
2646 5167 2862 5236 pietatis
2906 5173 3106 5222 nostra:
3135 5163 3524 5222 consuetudine
3555 5177 3690 5217 com-

2098 5273 2402 5325 monemur,
2445 5266 2503 5314 ut
2544 5259 2797 5326 quoniam
2847 5259 3165 5314 devotor-nm
3213 5259 3370 5313 nobis
3413 5255 3687 5319 memoria,

410 5344 592 5411 expeti
620 5356 1035 5403 consueverunt.
1069 5346 1136 5402 Et
1175 5349 1294 5405 ideo
1339 5349 1603 5407 frtunenta
1635 5355 1847 5423 publica
1877 5369 1996 5424 quae
2100 5353 2326 5423 probata
2350 5367 2456 5406 non
2479 5350 2675 5415 deticit,
2695 5351 2921 5406 antefati
2942 5352 3218 5407 Benedicti
3241 5349 3511 5419 quondam
3533 5346 3686 5413 filios,

410 5434 476 5487 de
505 5432 734 5492 Calabro
759 5447 921 5509 atque
963 5439 1137 5510 Apqu
1181 5439 1452 5497 littoribus
1479 5458 1576 5512 per
1617 5445 1999 5501 cancellarium
2105 5445 2196 5514 qui
2246 5445 2456 5500 sincera
2511 5444 2666 5500 nobis
2709 5445 3055 5513 cognoscitur
3099 5444 3388 5498 devotione
3423 5441 3687 5512 paruisse,

412 5538 646 5586 vestrum
672 5533 876 5590 aestatis
904 5543 1146 5605 tempore
1176 5545 1566 5593 consueverant
1595 5536 1871 5603 destinari,
1903 5554 2003 5596 nec
2109 5536 2254 5592 civili
2303 5537 2466 5593 facias
2515 5538 2744 5593 tuitione
2793 5537 3012 5603 vallari;
3057 5545 3324 5607 quatenus
3366 5533 3694 5591 defensionis

405 5633 678 5678 autumno
707 5627 922 5684 venisse
943 5627 1122 5684 modis
1147 5628 1398 5684 omnibus
1428 5643 1847 5698 permovemur:
1881 5645 2005 5686 cum
2109 5632 2394 5702 praesentis
2421 5632 2710 5689 commodo
2737 5631 3022 5698 sublevati,
3055 5631 3404 5687 securitatem
3434 5629 3536 5685 sibi
3565 5641 3694 5697 gau-

485 5791 512 5823 ι
543 5781 973 5860 UtSeptember,
1005 5788 1156 5856 quasi
1198 5789 1457 5860 septimus
1506 5787 1704 5853 imber;
1735 5786 1994 5857 October,

411 5853 750 5922 November,
801 5875 864 5911 ex
923 5853 1184 5926 Varrone,
1241 5853 1325 5916 cui
1373 5863 1439 5918 ab
1485 5861 1742 5917 imbribus
1791 5853 2004 5918 Ilienses

415 5927 546 5984 istos
575 5928 748 5984 dictos
776 5928 973 6002 placet.
1001 5930 1162 5986 Fons.

2178 5789 2203 5866 ξ’
2233 5789 2518 5866 Echeneis,
2550 5790 2740 5866 Latine
2763 5807 2995 5866 rempra.
3023 5794 3162 5866 Ποερᾲ
3185 5795 3238 5866 τὸ
3265 5791 3412 5866 ἔχειν
3432 5797 3523 5850 τήν
3553 5797 3690 5846 ναῦν.

2115 5861 2250 5920 Plin.
2287 5864 2376 5918 lih.
2413 5879 2486 5932 Ill,
2521 5879 2640 5938 cap.
2675 5863 2732 5933 l;
2765 5863 2826 5919 D.
2858 5861 3007 5920 Grul.
3040 5861 3296 5942 ct'Cujac.
