3992 6454
278 346 399 416 535

1626 354 1985 413 VARIARUM
2029 351 2230 404 Lliiiuii
2268 391 2305 405 -.

3492 351 3595 413 ΒΖΗ

278 477 463 536 deant
498 488 728 552 paterna
750 482 969 539 servitia
992 481 1304 538 contulisse.
1337 478 1517 537 Prosit
1545 493 1674 551 ergo
1695 453 1900 550 generi,
1932 479 1982 540 A
2009 476 2164 533 sione
2191 487 2541 548 praestamus;
2574 486 2633 537 ut
2670 497 2773 539 nec
2818 481 3027 553 legibus
3054 489 3108 538 te
3153 480 3454 543 subtrahat,
3496 494 3600 537 nec

279 574 446 642 quod
497 575 680 644 potuit
709 576 865 631 unius
893 575 1183 639 devotione
1223 574 1501 644 praestari:
1533 573 1657 643 quia
1698 571 1903 640 majora

278 682 395 723 nos
447 667 619 724 decet
663 669 922 737 tribuere,
950 684 1114 737 quam
1142 667 1422 722 videamur
1468 682 1499 721 a
1545 664 1905 721 servientibus

283 762 609 830 accepisse.
635 762 735 817 Hic
759 759 928 835 [Niv.,
958 758 1104 831 Haec]
1124 759 1403 833 aequalitas
1421 757 1646 827 aequitas
1663 772 1771 813 non
1798 764 1905 824 est,

281 848 392 904 sed
443 866 582 920 pars
623 860 806 907 nostra
850 852 1144 922 justissime
1192 856 1400 923 pensat,
1458 865 1580 905 cum
1631 846 1903 904 reddendo

281 941 421 1012 plus
453 941 629 1001 fuerit
655 953 900 1002 onerata.

798 1098 1130 1156 EPISTOLA
1170 1098 1426 1155 XXXVII.

704 1208 977 1250 CRISPIANO
1000 1209 1371 1252 THEODOBICUS
1399 1210 1527 1252 REX.

285 1278 469 1359 Illum
494 1284 563 1339 ab
590 1288 775 1342 exsilio
798 1299 1021 1357 revocat,
1057 1290 1105 1343 si
1133 1305 1307 1343 revera
1346 1290 1401 1343 in
1425 1288 1679 1342 adulterio
1726 1286 1906 1359 depre-

364 1356 606 1430 hensum
624 1359 898 1430 occiderit,
931 1370 980 1413 et
1008 1356 1155 1430 jubet
1194 1370 1249 1412 ut
1276 1361 1494 1430 pecunia
1536 1359 1750 1429 Agnello
1772 1356 1906 1429 fide-

362 1429 579 1497 iussori
607 1429 867 1499 Crispiaui
890 1450 919 1482 (ι
941 1429 1133 1486 vicario
1174 1433 1281 1501 718
1304 1429 1447 1484 urbis
1476 1431 1552 1484 rel
1596 1431 1709 1501 ejus
1738 1430 1903 1499 o/jicio

362 1507 591 1573 extorta
606 1503 936 1567 restituatur;
963 1502 1137 1573 illique
1157 1500 1416 1558 Guiidacis
1435 1500 1703 1558 tuitionem
1723 1509 1904 1557 contra

364 1570 641 1642 quoslibet
658 1573 872 1643 impetus
894 1570 1127 1642 prwstct.

365 1681 643 1750 Quamvis
669 1685 944 1742 homicidii
974 1687 1181 1744 facinus
1218 1688 1426 1757 primus
1462 1687 1765 1744 detestetur
1810 1702 1905 1742 au-

285 1774 479 1845 ditus,
512 1785 571 1834 et
598 1786 880 1833 cruentam
908 1793 1129 1835 manum
1156 1780 1299 1836 oculi
1342 1777 1617 1848 refugiant
1654 1778 1906 1847 judican-

287 1877 453 1938 tum;
509 1873 637 1941 quia
686 1873 982 1942 proclivior
1027 1872 1098 1929 ad
1144 1873 1569 1929 misericordiam
1615 1872 1704 1928 via

285 1962 588 2020 mentibus
634 1979 851 2034 semper
883 1973 1070 2036 patet,
1117 1973 1294 2020 tamen
1330 1964 1553 2033 justitiae
1593 1963 1906 2020 considera-

284 2054 459 2111 tione
492 2055 799 2112 librandum
822 2064 926 2122 est,
949 2072 1055 2125 qua
1077 2057 1272 2128 cuique
1299 2058 1390 2112 fiat
1414 2056 1611 2125 injuria
1640 2055 1905 2112 nefarium

286 2146 519 2213 scelus,
555 2148 699 2217 quod
745 2163 884 2203 nova
932 2147 1246 2204 infelicitate
1288 2149 1516 2204 fortuna:
1558 2148 1906 2204 commissum

288 2245 385 2292 est
413 2256 430 2292 :
470 2244 598 2294 tunc
623 2240 729 2294 erit
755 2240 1042 2296 detestatio
1073 2250 1409 2305 cunctorum,
1440 2241 1484 2295 si
1514 2255 1574 2297 se
1602 2248 1782 2297 servet
1823 2241 1906 2296 in-

289 2329 557 2385 noxium.
583 2330 713 2396 Quis
730 2332 876 2386 enim
916 2331 1056 2386 ferat
1094 2332 1364 2387 hominem
1393 2332 1462 2388 ad
1490 2333 1637 2401 leges
1667 2333 1903 2403 trahere,

293 2421 397 2491 qui
428 2423 766 2479 matrimonii
795 2423 943 2478 nisus
971 2432 1054 2478 est
1076 2423 1196 2493 jura
1228 2424 1467 2479 violare?
1507 2424 1656 2479 Feris
1685 2424 1902 2479 insitum

296 2523 391 2571 est
419 2518 679 2587 copulam
708 2532 859 2572 suam
881 2524 1124 2573 extrema
1153 2518 1560 2573 concertatione
1580 2517 1900 2574 defendere:

295 2609 437 2665 dum
470 2610 719 2667 omnibus
761 2618 846 2666 est
893 2610 1256 2667 animantibus
1303 2612 1598 2678 inimicum,
1625 2614 1772 2683 quod
1816 2629 1906 2667 na-

297 2701 475 2755 turali
504 2700 622 2771 lege
661 2701 967 2758 damnatur.
1004 2702 1256 2757 Videmus
1287 2711 1471 2760 tauros
1511 2704 1738 2761 feminas
1780 2721 1905 2762 snas

298 2794 561 2848 cornuali
602 2794 1363 2863 concertatione'defendere;
1410 2796 1609 2852 arietes
1650 2812 1747 2867 pro
1794 2797 1905 2853 suis

299 2884 509 2941 ovibus
535 2887 842 2956 capitaliter
870 2886 1143 2952 insmvire;
1169 2900 1336 2955 equos
1366 2886 1646 2955 adjunctus
1675 2888 1774 2944 sibi
1823 2888 1904 2944 fe-

300 2976 493 3031 minas
522 2977 762 3047 colaphis
792 2992 857 3031 ac
884 2975 1156 3033 morsibus
1181 2976 1469 3031 vindicare.
1508 2977 1582 3031 Ita
1616 2994 1712 3048 pro
1741 2994 1907 3048 copu-

302 3065 439 3121 latis
484 3067 586 3121 sibi
636 3066 841 3122 animas
870 3076 1095 3136 ponunt,
1130 3067 1219 3136 qui
1264 3068 1589 3121 verecundia
1639 3084 1746 3122 non
1792 3084 1912 3124 mo-

304 3163 533 3209 ventur.
568 3154 742 3210 Homo
773 3163 952 3209 autem
984 3156 1435 3226 quemadmodum
1476 3159 1711 3228 patiatur
1758 3158 1912 3213 adul-

307 3246 516 3302 terium
569 3247 795 3302 inultum
819 3247 1126 3317 relinquere
1143 3257 1187 3315 υ,
1213 3247 1354 3319 quod
1384 3248 1453 3303 ad
1475 3257 1731 3306 aeternum
1755 3266 1911 3306 suum
1936 3262 1985 3324 ρ

307 3337 553 3393 dedec’us
573 3339 915 3406 cognoscitur
938 3339 1183 3395 omisisse
1213 3341 1315 3415 [σά.
1338 3340 1459 3396 Niv.
1487 3352 1536 3396 et
1558 3342 1732 3415 Gam.,
1760 3358 1912 3398 com-

306 3424 591 3500 misisse]?
622 3426 687 3481 Et
717 3428 842 3484 ideo
872 3430 916 3484 si
940 3429 1132 3485 oblatae
1160 3431 1433 3500 petitionis
1462 3434 1683 3489 minimc
1720 3436 1793 3489 sis
1820 3450 1914 3490 ve—

311 3520 483 3574 ritate
505 3517 820 3575 fraudahilis
850 3520 978 3593 [ed.,
1005 3523 1233 3578 veritate
1262 3523 1568 3597 fraudaris],
1608 3534 1662 3581 et
1689 3528 1914 3596 genialis

311 3611 461 3666 thori
485 3612 749 3667 maculam
774 3611 1099 3683 deprehensi
1128 3614 1378 3671 adulterii
1408 3620 1668 3688 sanguine
1689 3620 1888 3675 diluisti

311 3717 420 3758 nec
455 3704 557 3759 sub
585 3713 850 3774 praetextu
881 3712 1121 3763 cruentae
1170 3709 1368 3765 mentis
1418 3726 1635 3767 causam
1688 3714 1911 3784 pudoris

312 3795 586 3863 intendis,
619 3798 686 3853 ab
714 3800 904 3855 exsilio
940 3794 1090 3870 quod
1132 3801 1230 3857 tibi
1277 3813 1491 3860 constat
1531 3806 1809 3876 indictum,
1862 3820 1923 3867 te

313 3889 661 3960 prmcipimus
691 3890 923 3945 alienum
950 3910 961 3944 :
1008 3894 1263 3962 quoniam
1292 3912 1391 3967 pro
1432 3913 1618 3955 amore
1648 3901 1917 3970 pudicitia:

312 3979 601 4049 porrigere
626 3979 825 4035 ferrum
856 3981 1081 4050 maritis,
1113 4000 1219 4040 non
1250 3992 1333 4041 est
1368 3985 1514 4056 leges
1542 3990 1772 4059 calcare,
1821 3993 1917 4049 sed

315 4069 579 4126 condere.
611 4069 689 4126 Ita
717 4080 917 4140 tamen,
952 4082 1008 4129 ut
1030 4075 1075 4130 si
1106 4076 1376 4145 legitimus
1398 4081 1667 4136 exstiterit
1696 4098 1917 4140 accusa-

312 4169 424 4231 tor,
458 4162 529 4217 de
575 4161 701 4219 facti
728 4165 807 4220 tui
851 4166 1111 4236 qualitate
1140 4177 1194 4224 te
1234 4171 1449 4239 noveris
1476 4171 1827 4241 audiendum;
1859 4185 1918 4231 ut

314 4254 359 4308 si
414 4254 670 4310 innoxios
714 4258 1013 4326 peremisti,
1056 4259 1260 4315 crimen
1310 4262 1523 4331 publica
1579 4264 1916 4322 districtione

314 4354 618 4404 resecetur.
674 4348 733 4403 Si
774 4351 914 4406 male
958 4352 1122 4408 initos
1172 4356 1487 4425 complexus
1544 4359 1915 4416 adulterorum

315 4448 499 4497 morte
555 4438 812 4508 divisisti,
863 4444 1161 4500 aestimetur
1224 4428 1419 4516 potius!
1467 4449 1698 4507 vindicta
1748 4440 1917 4522 quam

313 4531 499 4603 culpa.
537 4529 595 4586 Si
621 4533 743 4602 quis
771 4541 952 4589 autem
992 4536 1089 4591 tibi
1129 4538 1573 4595 calumniantium
1602 4541 1796 4598 damna
1822 4559 1917 4615 ge-

2003 566 2200 624 iterum
2227 579 2415 627 contra
2437 573 2559 644 jura
2590 573 2800 643 publica
2830 574 3077 631 laborare
3104 573 3396 647 permittat.

2478 684 2810 742 EPISTOL'A
2846 685 3139 746 XXXVIII.

2079 790 2256 833 comm
2286 776 2420 851 [alii,
2443 770 2696 847 'comoxu,
2734 779 2850 843 alii,
2893 778 3093 853 auom]
3120 797 3244 841 uno
3266 794 3528 845 summa:

2524 865 2892 905 THEODORICUS
2936 867 3067 906 REX.

2011 937 2257 1010 Prwcipit
2303 949 2361 1015 ut
2403 938 2539 1015 bona
2580 938 2827 1015 Viriliani
2865 942 3091 1015 nepotis,
3128 958 3257 1015 quia
3290 961 3395 1015 non
3447 947 3602 1002 modo

2075 1027 2182 1066 nou
2201 1011 2514 1080 ampliandi,
2538 1010 2628 1064 sed
2649 1013 2805 1066 etiam
2824 1010 3094 1067 minuendi
3121 1010 3293 1070 studio
3317 1014 3599 1082 detinebat,

2076 1083 2455 1154 quamprimum
2474 1082 2738 1137 restituat.

2078 1198 2194 1253 Non
2241 1205 2324 1254 est
2365 1199 2707 1265 beneficium,
2739 1198 2885 1269 quod
2915 1206 3206 1270 praestatur
3234 1200 3453 1257 invitis:
3498 1216 3601 1257 nec

2005 1291 2255 1359 cuiquam
2277 1290 2491 1347 videtur
2518 1291 2668 1359 utile,
2700 1291 2845 1361 quod
2876 1291 3103 1348 adversa
3142 1291 3422 1348 voluntate
3472 1307 3605 1349 con-

2006 1379 2232 1437 ceditur.
2267 1381 2419 1437 Unde
2448 1383 2817 1453 spectabilitas
2841 1391 2931 1439 tua
2962 1383 3208 1439 Viriliani
3231 1384 3358 1458 [ed.,
3392 1384 3603 1458 Hilarii]

2006 1474 2363 1532 adolescentis
2392 1477 2605 1547 nepotis
2636 1478 2712 1532 tui
2741 1485 3036 1547 cognoscat
3074 1494 3175 1534 nos
3209 1479 3449 1547 querelis
3475 1491 3603 1548 gra—

2007 1565 2161 1622 vibus
2205 1568 2497 1637 expetitos,
2552 1568 2698 1638 quod
2736 1582 2826 1624 res
2867 1570 3036 1638 patris
3080 1569 3216 1639 ejus,
3262 1586 3372 1626 non
3416 1570 3607 1625 melio-

2008 1658 2163 1713 randi
2211 1674 2400 1727 causa,
2442 1661 2538 1715 sed
2584 1660 2946 1715 deteriorandi
2984 1668 3113 1716 voto
3160 1661 3422 1718 detineas.
3468 1661 3607 1728 Qua-

2008 1760 2234 1821 propter
2280 1751 2544 1823 quidquid
2591 1769 2659 1807 ex
2701 1751 2824 1822 jure
2875 1760 3179 1808 memorato
3222 1761 3277 1808 te
3332 1760 3606 1809 retentare

1932 1866 1984 1932 Β
2010 1844 2314 1911 cognoscis,
2344 1843 2462 1898 sine
2491 1843 2671 1912 aliqua
2698 1843 2959 1898 dilatione
2987 1844 3234 1910 restitue,
3268 1852 3327 1899 ut
3370 1859 3459 1901 res
3506 1859 3605 1913 pa-

2010 1944 2223 1991 rentum
2254 1937 2471 2006 propria
2502 1937 2783 1993 voluntate
2830 1937 3082 2009 disponat
3115 1956 3127 1990 :
3165 1936 3288 2008 quia
3338 1944 3395 1992 et
3446 1936 3605 1991 nobis

2013 2041 2251 2096 congrua
2279 2027 2488 2083 videtur
2513 2042 2632 2084 esse
2660 2044 2913 2099 persona,
2945 2029 3038 2099 qui
3076 2038 3350 2098 assumpta
3399 2027 3604 2083 domini

2010 2119 2265 2175 libertate
2291 2118 2560 2189 proficiat.
2589 2119 2772 2175 Pullos
2802 2135 2930 2176 suos
2952 2119 3182 2176 audaces
3206 2120 3395 2189 aquilre
3419 2118 3605 2175 tandiu

2010 2219 2297 2281 procurata
2331 2213 2454 2268 cibo
2503 2213 2766 2278 nutriunt,
2821 2212 2996 2267 donec
3054 2212 3308 2282 paulatim
3366 2225 3396 2265 a
3452 2210 3604 2264 molli

2006 2304 2190 2375 pluma
2237 2304 2571 2373 recedentes,
2617 2306 2799 2360 adulta
2828 2313 2987 2363 aetate
3014 2314 3348 2376 pennescant
3372 2323 3385 2358 :
3412 2304 3605 2374 quibus

2011 2404 2070 2452 ut
2097 2398 2399 2453 constiterit
2428 2396 2612 2454 ﬁrmus
2639 2399 2871 2466 volatus,
2901 2397 3144 2454 novellos
3164 2411 3367 2468 ungues
3387 2400 3440 2453 in
3465 2410 3606 2469 pra)-

2010 2493 2133 2548 dam
2174 2501 2419 2548 teneram
2461 2501 2851 2559 consuescunt;
2881 2508 2979 2548 nec
3008 2491 3252 2562 indigent
3297 2492 3473 2551 alieno
3521 2493 3603 2546 la-

2009 2585 2143 2641 bore
2174 2586 2371 2650 vivere,
2403 2600 2542 2656 quos
2571 2592 2752 2656 potest
2790 2586 2968 2656 captio
2998 2585 3214 2655 propria
3257 2587 3475 2641 satiare.
3518 2583 3607 2641 Sic

2005 2678 2234 2749 juvenes
2263 2678 2453 2744 nostri,
2484 2679 2575 2749 qui
2625 2678 2692 2734 ad
2723 2679 3016 2735 exercitum
3061 2680 3360 2751 probantur
3406 2678 3604 2745 idonei,

2012 2766 2290 2838 indignum
2311 2778 2394 2825 est
2421 2779 2478 2824 ut
2502 2769 2567 2823 ad
2593 2771 2754 2824 vitam
2777 2787 2927 2826 suam
2952 2771 3335 2841 disponendam
3362 2770 3609 2826 dicantur

2012 2861 2242 2927 inﬁrmi;
2275 2871 2329 2917 et
2380 2869 2637 2932 putentur
2671 2863 2890 2917 domum
2926 2878 3077 2917 suam
3126 2878 3234 2917 non
3284 2875 3490 2931 regere,
3518 2860 3610 2929 qui

2016 2952 2314 3009 creduntur
2344 2952 2484 3007 bella
2512 2968 2674 3024 posse
2706 2959 2961 3007 tractare.
3002 2950 3191 3007 Gothis
3216 2958 3432 3006 aetatem
3479 2950 3610 3019 legi-

2014 3044 2202 3098 timam
2234 3045 2405 3099 virtus
2444 3042 2601 3112 facit;
2644 3052 2698 3099 et
2725 3044 2819 3113 qui
2846 3042 2993 3097 valet
3038 3043 3251 3098 hostem
3299 3040 3607 3107 confodere,

2016 3137 2083 3192 ab
2114 3136 2259 3192 omni
2290 3150 2349 3191 se
2373 3135 2483 3206 jam
2509 3134 2673 3190 debet
2693 3135 2825 3191 vitio
2854 3134 3148 3191 vindicare.

2510 3244 2847 3304 EPISTOLA
2882 3247 3117 3304 XXXIX.

2087 3347 2256 3392 FESTO
2296 3352 2421 3392 VIRO
2452 3352 2696 3393 ILLUSTBI
2736 3354 2984 3395 PATRICIO
3015 3354 3383 3397 1113000310113
3411 3356 3536 3399 REX.

2018 3427 2212 3484 Scribit
2240 3428 2538 3503 Filngrium
2565 3447 2777 3503 rogasse
2802 3439 2859 3483 ut
2880 3431 2950 3503 a_d
2969 3430 3108 3486 lares
3128 3433 3366 3503 proprios
3393 3440 3613 3487 reverte-

2089 3511 2248 3565 retur,
2290 3499 2526 3571 ﬁlibsque
2554 3499 2737 3571 fratris
2767 3503 2846 3555 sui
2890 3499 3109 3557 Romam
3128 3499 3427 3557 studiorum
3455 3519 3614 3557 causa

2088 3573 2312 3637 misisse,
2337 3580 2385 3625 et
2407 3570 2559 3625 illum
2568 3570 2713 3640 jubet
2741 3589 2826 3626 eos
2856 3571 2929 3625 sic
2958 3574 3011 3627 in
3046 3572 3184 3628 Urbe
3206 3574 3532 3640 constituere,
3558 3579 3617 3627 ut

1898 3664 1912 3689 ν
1996 3671 2021 3694 ,ο
2087 3645 2161 3696 eis
2188 3659 2291 3697 non
2307 3644 2472 3716 licent
2500 3643 2623 3697 inde
2641 3653 2763 3696 auw
2787 3642 3052 3699 discedere
3077 3660 3233 3716 quam
3264 3644 3490 3699 secunda
3520 3644 3614 3698 de-

2090 3723 2269 3767 cernat
2287 3714 2545 3786 jussione.

2090 3827 2462 3884 Rationabiles
2471 3828 2761 3898 petitiones
2776 3828 3076 3899 supplicum
3091 3828 3320 3885 libenter
3334 3829 3617 3899 amplecti-

2018 3934 2158 3985 mur,
2207 3919 2300 3990 qui
2346 3920 2510 3974 etiam
2559 3936 2667 3975 non
2717 3920 2891 3989 rogati
2935 3919 3079 3988 justa
3127 3920 3445 3988 cogitamus.
3473 3919 3615 3986 Quid

2020 4022 2104 4071 est
2122 4013 2265 4070 enim
2294 4013 2508 4083 dignius
2549 4014 2692 4084 quod
2721 4014 2810 4069 die
2841 4023 3112 4089 noctuque
3152 4012 3362 4069 assidua
3405 4012 3613 4068 delibe-

2016 4104 2230 4162 ratione
2275 4106 2577 4171 volvamus,
2632 4106 2732 4161 nisi
2779 4114 2838 4160 ut
2878 4108 3125 4177 rempub.
3183 4114 3421 4162 nostram
3476 4107 3615 4163 sicut

2018 4211 2172 4250 arma
2200 4203 2509 4266 protegunt,
2538 4196 2765 4266 aequitas
2786 4210 3008 4266 quoque
3029 4197 3283 4254 inviolata
3313 4199 3613 4254 custodiat?

2020 4284 2341 4355 Spectabilis
2369 4287 2552 4354 itaque
2597 4286 2861 4354 Filagrius
2912 4288 2966 4342 in
3011 4287 3345 4359 Syracusana
3393 4288 3615 4345 civitate

2019 4376 2343 4442 consistens,
2379 4376 2563 4445 palatii
2595 4378 2769 4433 nostri
2797 4377 2958 4449 longa
2984 4379 3367 4436 observatione
3391 4379 3608 4446 dilatus,

2019 4465 2219 4521 reverti
2244 4480 2302 4521 se
2333 4466 2398 4521 ad
2424 4465 2566 4522 lares
2594 4466 2840 4540 proprios
2884 4470 3226 4543 supplicavit,
3260 4474 3359 4543 qui
3402 4472 3613 4529 studio»

2018 4572 2138 4612 rum
2169 4572 2327 4613 causa
2352 4556 2534 4615 fratris
2570 4559 2712 4615 ﬁlios
2738 4560 2806 4615 ad
2834 4560 3133 4618 Romanam
3156 4564 3399 4621 exhibuit
3426 4565 3616 4621 civita-

316 4626 548 4721 neravit,
570 4626 927 4721 _et‘Agnc_lto,
972 4636 1031 4683 ut
1070 4633 1287 4698 asseris,
1321 4632 1626 4704 ﬁdejussori
1655 4645 1749 4693 tuo
1777 4655 1807 4693 a
1838 4640 1916 4695 vi-
1941 4651 1993 4712 ι)
2019 4656 2148 4703 tem.
2181 4647 2328 4714 Quos
2352 4649 2571 4705 illustris
2599 4651 2997 4721 magnificentia
3025 4661 3116 4709 tua
3145 4670 3215 4711 ex
3259 4662 3446 4712 nostra
3484 4671 3615 4713 con-

317 4716 470 4772 cario
497 4717 585 4772 vel
614 4717 730 4787 ejus
757 4718 938 4776 ofﬁcio
973 4730 1242 4778 extortam
1273 4726 1580 4783 constiterit
1630 4728 1799 4788 fuisse
1828 4748 1916 4801 pe-

317 4810 570 4876 cuniam;
607 4822 787 4867 nostra
815 4813 1058 4883 jussione
1085 4826 1384 4873 conventus
1432 4821 1667 4892 (Accura.
1692 4866 1705 4890 ,
1731 4826 1914 4881 convi-

317 4900 484 4974 ctus],
512 4905 807 4960 secundum
831 4907 975 4977 leges
997 4909 1174 4966 ablata
1197 4911 1466 4968 restituat.
1497 4914 1755 4974 Nolumus
1771 4921 1914 4975 enim

318 5007 380 5069 ea
404 4996 460 5049 in
492 4995 805 5067 cujusquam
834 5000 1066 5071 praedam
1098 5002 1309 5071 cadere,
1337 5020 1458 5075 qua:
1483 5017 1669 5065 nostra
1698 5010 1811 5066 visa
1831 5019 1915 5067 est

319 5094 585 5149 sententia
618 5094 868 5152 liberare.
904 5096 1026 5152 Pari
1060 5098 1222 5154 modo
1251 5109 1440 5156 contra
1486 5104 1780 5160 ineivilium
1812 5108 1912 5161 im:

324 5193 479 5253 pctus
515 5182 781 5243 Candacis
811 5189 905 5245 tibi
944 5191 1229 5247 tuitionem
1278 5194 1379 5249 sub
1425 5196 1677 5266 aequabili
1723 5197 1911 5254 defen-

330 5417 346 5447 ._
391 5373 419 5447 ξι
461 5362 851 5447 florifer‘hupc
892 5367 1074 5425 locum
1111 5386 1234 5427 cum
1272 5373 1309 5426 l.
1344 5373 1555 5430 Marito.
1600 5375 1661 5429 Ι).
1696 5376 1762 5430 ad
1794 5377 1901 5447 leg.

324 5432 425 5489 Jul.
457 5434 524 5490 de
553 5435 734 5493 Adult.
765 5437 1003 5494 Foaasn.

396 5504 426 5587 ιζ
448 5505 564 5589 Lib.
599 5524 637 5563 ιι
672 5525 825 5589 seq".
866 5511 1032 5589 epist:
1081 5512 1401 5589 ii,_iterata
1449 5516 1687 5589 jussione
1730 5535 1746 5572 :
1789 5533 1909 5589 quae

325 5578 542 5662 majoris
569 5578 975 5662 momenticst.
1005 5582 1292 5662 Justiuian.
1339 5578 1536 5641 nove".
1573 5587 1639 5640 l7
1667 5606 1685 5662 :_
1712 5594 1784 5644 Οὐ
1806 5578 1906 5662 ξιὴν

325 5669 374 5734 re
398 5652 607 5737 trpdtgit';
627 5654 677 5716 ἐξ
698 5655 857 5737 attito?)
888 5659 1006 5728 πρὶν
1036 5652 1095 5711 ἄν
1117 5661 1187 5737 είς
1208 5658 1341 5731 ἡμᾶς
1364 5662 1594 5737 unguem;
1616 5702 1630 5724 ,
1664 5652 1907 5737 ᾅυτέλοαν

330 5720 452 5805 Saluio
476 5725 687 5805 ητούτωξ
738 5720 1012 5805 ἐπιτροτξὴν
1030 5720 1638 5805 ἡμετέράνρπροσλάϐο-ςξ
1673 5730 1739 5786 Et
1780 5720 1904 5787 nbv.

332 5786 453 5874 ἕως
476 5790 633 5874 ⁸Ωσηιτς
658 5786 899 5874 δευτὲἑιάν
920 5786 1196 5874 ἠίλὼίπερέ
1214 5786 1398 5855 ταύτὸν
1419 5804 1640 5872 γίνεσθαι
1661 5806 1736 5857 κέ)
1747 5826 1906 5859 ευσιν.

328 5856 688 5945 ζιὶρηιᾳριιξιη
718 5856 906 5945 eadem
931 5870 1004 5945 de
1046 5885 1105 5924 re
1135 5856 1476 5945 _'postulatib,
1506 5880 1559 5925 et
1603 5856 1905 5945 concess—io,

328 5930 661 6008 obroptionis
689 5944 746 5996 ct
773 5940 973 5998 erroris
1000 5930 1363 6017 suspicionem
1401 5930 1635 6003 amovet.
1688 5930 1903 6005 Securi-3

1285 6134 1299 6163 Ι

2014 4741 2198 4795 tinens
2227 4740 2495 4811 jussione,
2536 4742 2589 4797 in
2632 4744 2940 4816 supradicta
2969 4744 3113 4804 Urbe
3140 4749 3464 4813 constituat;
3513 4761 3616 4804 nec
3651 4776 3655 4779 -

2015 4831 2122 4889 iiiis
2150 4832 2310 4889 liceat
2337 4840 2463 4889 ante
2491 4834 2793 4907 discedere,
2823 4838 2926 4895 nisi
2954 4839 3061 4896 hoc
3087 4841 3325 4897 secunda
3346 4841 3613 4897 decerna-

2014 4943 2140 4983 mus
2167 4928 2361 4983 iterum
2381 4928 2628 4997 jussione
2650 4929 2697 4984 ιι.
2730 4929 2809 4985 lta
2832 4931 2976 4987 enim
3006 4940 3063 4988 et
3105 4932 3210 4989 illis
3253 4932 3453 5002 ingenii
3482 4948 3612 5005 pro-

2020 5026 2207 5074 vectus
2232 5019 2546 5088 acquiritur,
2581 5028 2637 5076 et
2684 5029 2884 5078 nostm
2912 5023 3161 5081 utilitatis
3206 5024 3347 5079 ratio
3372 5023 3616 5080 custodi-

1968 5136 1978 5145 ν
2017 5114 2124 5163 tur.
2155 5106 2273 5163 Non
2302 5122 2433 5179 ergo
2454 5110 2556 5166 sibi
2587 5111 2897 5185 impositum
2926 5121 3100 5186 putet,
3125 5113 3271 5185 quod
3289 5112 3473 5170 debuit
3492 5127 3616 5170 esse

2015 5201 2277 5258 votivum.
2302 5201 2444 5260 Nulli
2464 5205 2535 5261 sit
2556 5206 2764 5277 ingrata
2792 5207 2964 5265 Roma
2989 5221 3108 5278 quae
3123 5218 3146 5248 ε
3162 5205 3270 5264 dici
3292 5224 3401 5265 non
3430 5214 3616 5281 potest

2016 5379 2224 5458 darium
2266 5393 2595 5458 praeceptum
2622 5389 2839 5458 ~prioris
2885 5388 3222 5445 liberalitatis
3259 5396 3316 5447 et
3361 5390 3611 5448 iteratam

2016 5452 2459 5577 supplicationem
2488 5459 2591 5531 19
2611 5452 2768 5541 vocat
2796 5458 2902 5525 1.2,
2929 5458 2968 5515 l.
2986 5459 3041 5529 5,
3058 5460 3127 5517 de
3148 5461 3605 5532 incorporatione.

2016 5521 2092 5577 C0
2138 5566 2150 5577 .
2186 5523 2388 5577 Theod.
2417 5527 2507 5577 III).
2545 5546 2598 5577 x-
2632 5536 2715 5577 tit.
2740 5529 2791 5577 9.
2823 5528 3061 5577 annnn-

2015 5521 2171 5599 C0d._
2186 5523 2388 5582 Theod.
2417 5521 2599 5599 libTx,
2632 5529 2715 5583 tit.
2740 5529 2791 5583 9.
2821 5521 3061 5587 Formati.

2098 5605 2119 5633 ο
2139 5595 2314 5652 Roma
2345 5595 2647 5655 communis
2667 5600 2841 5663 patria
2864 5615 2984 5656 esse
3013 5599 3269 5658 deﬁnitur
3294 5603 3346 5659 in
3367 5603 3406 5660 l.
3423 5604 3513 5660 53.
3542 5606 3603 5663 Ι).

2098 5615 2118 5633 υ
2139 5615 2314 5652 uoma
2345 5615 2647 5655 commums
2706 5615 2841 5655 atria
2864 5615 2984 5656 esse
3013 5615 3269 5658 delinitur
3294 5619 3346 5659 In
3367 5615 3513 5660 1.55.
3542 5615 3603 5663 υ.

2134 5668 2358 5748 munin
2391 5669 2524 5748 eth].
2569 5670 2623 5748 ᾇ.
2754 5671 2820 5748 de
2864 5687 3046 5728 exeas.
3079 5680 3178 5748 tut.
3210 5673 3339 5748 Inde
3383 5685 3610 5734 venuste

2016 5735 2273 5793 Sidonius
2304 5735 2630 5809 Apollinaris
2659 5742 2754 5807 ait,
2796 5743 2849 5798 in
2905 5759 2967 5799 ea
2999 5746 3166 5801 totius
3194 5746 3340 5804 orbis
3388 5749 3610 5805 civitate

2018 5808 2177 5888 unica
2209 5808 2371 5888 solos"
2393 5812 2749 5888 barbarosac
2777 5830 2964 5871 servos
2993 5819 3344 5888 peregrinari.
3374 5820 3610 5878 Amus

2017 5877 2225 5933 Seneca
2274 5898 2289 5963 ε
2328 5880 2442 5963 ιΑυῄ
2476 5882 2603 5963 hac"
2632 5883 2856 5963 civitate
2903 5877 3152 5955 discede:
3168 5892 3262 5963 ait,
3292 5906 3413 5961 quae
3438 5892 3609 5963 ubi

2014 5951 2319 6010 communis
2356 5951 2531 6022 patria
2551 5951 2656 6012 dici
2682 5965 2895 6031 potest;
2919 5976 3108 6020 omnes
3125 5951 3604 6020 ’urbos'circumii:
