3992 6456
121 366 241 426 537
1519 344 1880 409 VARIARUM
1919 341 2123 402 LIBER
2156 341 2200 400 ι.
3348 339 3454 398 558

123 489 256 546 dius
286 486 640 560 impetrasti,
667 491 725 540 ut
750 491 876 556 post
902 495 1070 538 sacra:
1099 477 1347 535 amicitiae
1373 473 1452 551 [id
1479 482 1554 529 est
1593 473 1764 542 impe-
1788 473 1841 532 Α
1864 465 2074 560 reipub.
2106 475 2283 530 curas,
2322 471 2460 532 quas
2485 457 2881 560 emergentium
3128 456 3452 560 nec'e‘ssitate

124 548 398 654 ratorisj
441 548 664 652 genium
720 548 787 634 ad
831 579 1067 634 honores
1127 548 1394 630 ornatior-
1427 567 1758 641 pervenires.
1865 557 2212 654 suscipimus,
2266 553 2530 654 sermonis
2574 551 2842 654 suavitate
2887 550 3157 606 deliniret.
3213 548 3456 608 Blandus

125 641 694 747 cuncta'sﬁuidem’
727 672 871 728 unde
899 670 1096 726 famam
1137 674 1317 738 capta;
1348 663 1676 727 humanitas,
1708 659 1764 715 in
1867 649 2124 748 alloquio,
2173 644 2590 748 supplicantium
2639 641 2812 697 ﬁdelis
2858 650 3152 748 patronus,
3197 658 3454 748 accusare

128 779 186 826 te
219 731 635 839 congeniinata
661 768 767 842 [ed.
801 761 1244 834 Ac.,congenita]
1268 759 1544 825 sederunt,
1567 754 1763 826 patria,

1886 741 2133 808 tesciens,
2148 735 2524 794 commendare
2547 747 2894 805 przesumens.
2919 731 3022 800 Qui
3043 741 3190 788 tanta
3212 749 3270 790 se
3292 735 3457 791 animi

127 826 947 930 genusiinstituta‘praeclara.
982 826 1296 924 Quorum'si
1325 866 1492 907 unum
1522 848 1768 905 nobilita.
1867 837 2102 909 puritate
2122 830 2456 898 clariﬁcavit.
2481 837 2541 934 1}!»
2561 844 2684 883 cum
2707 826 2848 934 apud
2877 842 2974 932 ηοξ
2995 834 3235 934 meretur
3255 829 3458 934 aulicas

128 921 249 1009 tem
274 921 572 1024 complet,
606 921 736 1008 inte
756 951 981 1008 collecta
1007 921 1128 1020 plus
1158 948 1376 1013 facient,
1407 945 1498 1016 qui
1526 959 1634 999 non
1665 941 1768 996 mi-
1868 931 2184 1024 distlitifl-ﬁ?’
2235 924 2668 1024 SWC‘flculomm
2731 921 3072 1024 οτάίηθῑίωξθ
3126 921 3458 1024 Ῑπιξδείῐηῗω

129 1059 237 1098 nus
287 1013 570 1112 genitalis
609 1044 712 1100 soli
756 1042 971 1100 fortuna
1004 1013 1336 1112 resplendes,
1384 1013 1548 1108 quam
1597 1035 1766 1105 gloria

1886 1023 1970 1078 ilbi
1999 1021 2242 1076 militiam
2271 1017 2594 1083 vindicaret;
2641 1023 2905 1087 quatenus
2951 1013 3051 1070 sub
3083 1014 3264 1085 specie
3301 1015 3459 1070 volu-

130 1103 468 1192 stemmatis
523 1146 580 1192 et
627 1136 841 1192 virtutis
870 1103 1266 1192 ornaris-Hinc
1315 1103 1418 1188 est—
1439 1128 1588 1199 quod
1607 1103 1768 1185 nunc
1868 1110 2683 1189 Dialislibemimss-alibellieﬁ
2711 1103 3167 1180 Ωιιίάαηινιίδθτθ]
3189 1107 3460 1164 Viderat“?

131 1237 190 1284 te
223 1245 333 1300 per
366 1233 489 1300 20
521 1230 870 1286 indictionem
901 1228 1132 1284 feliciter
1180 1226 1396 1282 tertiam
1425 1224 1502 1298 [id
1546 1231 1644 1304 est,
1675 1238 1764 1278 an.

132 1318 270 1375 Chr.
305 1320 452 1394 510]
491 1321 561 1376 ad
589 1322 918 1394 praefecturae
946 1321 1207 1376 urbana:n
1237 1317 1448 1373 culmen
1480 1315 1761 1384 erigimus:

135 1412 472 1468 tribuentes
508 1413 604 1468 tibi
658 1413 711 1468 in
754 1429 818 1468 ea
862 1412 1081 1468 civitate
1108 1410 1281 1466 fasces
1305 1407 1356 1476 δ,
1382 1407 1472 1462 ubi
1520 1407 1768 1477 perpetui

133 1512 270 1560 sunt
300 1505 586 1561 honores.
637 1505 794 1573 Quod
824 1520 942 1572 nos,
984 1504 1076 1574 qui
1129 1516 1354 1558 munera
1394 1509 1579 1555 nostra
1614 1511 1774 1554 vere-

135 1597 388 1664 cundius
410 1599 769 1664 aestimamus,
799 1606 947 1654 certe
974 1596 1279 1660 fatebimur,
1309 1593 1537 1648 multum
1568 1600 1622 1647 te
1654 1605 1770 1648 me-

136 1687 328 1744 ruisse
359 1689 440 1746 de
473 1699 664 1745 nostro
685 1689 913 1760 judicio,
946 1697 1006 1743 ut
1030 1687 1106 1743 illi
1133 1686 1296 1744 ccetui
1324 1683 1613 1756 praesidere
1642 1699 1771 1755 pos-

136 1777 216 1834 sis
245 1795 430 1850 quem
461 1781 822 1837 reverendum
848 1780 1086 1835 humano
1101 1777 1289 1847 generi
1317 1791 1437 1834 esse
1465 1775 1767 1844 cognoscis.

1868 1207 2008 1265 velle
2035 1206 2260 1262 servire.
2286 1203 2333 1258 A
2359 1203 2634 1258 laboribus
2659 1201 2874 1273 quidem
2920 1209 3253 1270 temperans,
3277 1200 3371 1256 sed
3403 1200 3458 1256 in

1871 1300 2018 1358 nulla
2044 1313 2103 1355 se
2125 1299 2283 1354 nobis
2308 1305 2461 1368 parte
2500 1296 2816 1352 dissocians.
2851 1293 3106 1364 Regalem
3136 1296 3267 1365 quin
3297 1295 3461 1351 etiam

1872 1405 2115 1450 mensam
2151 1388 2381 1445 conviva
2417 1387 2665 1456 geniatus
2694 1387 2909 1441 ornavit
2931 1385 3061 1460 [ed.,
3091 1384 3354 1459 amavit]:
3387 1386 3461 1442 ibi

1871 1498 1933 1540 se
1961 1481 2115 1537 nobis
2153 1478 2375 1534 studens
2399 1476 2647 1547 jungere,
2697 1475 2787 1530 ubi
2833 1484 3040 1532 certum
3063 1483 3144 1531 est
3175 1491 3274 1530 nos
3301 1491 3462 1546 posse

1871 1575 2126 1647 gaudere.
2142 1572 2250 1628 Sed
2266 1569 2396 1641 quid
2420 1569 2558 1658 ultra
2578 1567 2646 1623 de
2666 1567 2783 1637 ejus
2799 1566 3038 1658 moribus
3058 1575 3141 1623 est
3154 1567 3460 1658 dicendum,

1872 1669 1959 1725 cui
1987 1667 2056 1723 ad
2082 1664 2380 1738 perfectam
2404 1655 2783 1733 probationem
2813 1655 3012 1714 sullléit
3037 1657 3182 1728 quod
3224 1673 3464 1715 amorem

1874 1771 2118 1820 nostrum
2166 1759 2361 1830 iugiter
2407 1757 2610 1812 habere
2648 1754 2982 1827 promeruit?
3010 1752 3128 1808 Non
3158 1761 3244 1810 est
3290 1753 3465 1823 majus

138 1844 419 1942 Nunquid
450 1874 561 1928 hoc
589 1881 672 1930 est
700 1872 901 1944 palatia
950 1844 1158 1940 regere,
1212 1877 1268 1924 et
1296 1869 1490 1924 domos
1517 1866 1768 1938 proprias

1886 1855 2145 1920 meritum,
2177 1866 2338 1922 quam
2365 1849 2595 1918 gratiam
2625 1846 2898 1904 invenisse
2941 1846 3300 1916 regnantium.
3328 1844 3467 1900 Nam

139 1961 464 2020 ordinare?
495 1964 818 2036 Plerumque
861 1964 1039 2018 honor
1063 1977 1132 2017 ex
1159 1959 1551 2016 commendatis
1578 1957 1769 2028 acqui-

137 2053 322 2121 ritur;
385 2071 499 2112 nec
527 2056 636 2111 tale
683 2063 767 2110 est
793 2055 987 2110 cellam
1015 2052 1279 2108 vinariam
1320 2050 1577 2106 tuendam
1607 2049 1772 2106 susci-

140 2157 304 2216 pere,
342 2147 520 2216 quale
566 2147 802 2218 pretiosa
834 2145 1143 2200 diademata
1173 2143 1464 2198 custodire.
1493 2140 1618 2208 Illa,
1649 2155 1770 2210 quce

140 2237 381 2308 potiora
435 2238 729 2304 credimus,
779 2238 846 2292 ad
877 2235 1306 2306 conservandum
1338 2235 1649 2290 melioribus
1674 2233 1768 2288 da-

144 2347 274 2388 mus
301 2350 318 2399 ;
352 2340 416 2387 et
449 2332 506 2386 in
529 2333 721 2402 quibus
749 2333 1016 2387 sustinere
1043 2330 1239 2386 damna
1266 2344 1374 2383 non
1422 2327 1673 2397 patimur,
1707 2325 1771 2379 ﬁ-

147 2421 471 2478 delioribus
512 2422 758 2494 profecto
801 2422 1075 2478 mentibus
1127 2420 1479 2491 applicamus.
1514 2417 1685 2473 Roma
1724 2417 1771 2474 si

151 2515 326 2572 habet
360 2532 580 2587 parem,
607 2517 814 2573 testima
843 2508 942 2572 nos
969 2524 1024 2572 et
1070 2517 1188 2572 aliis
1211 2515 1404 2571 similia
1449 2513 1769 2580 credidisse;

149 2610 197 2666 si
225 2627 368 2667 vero
403 2612 678 2681 singulare
718 2613 921 2667 bonum
970 2602 1082 2678 est,
1119 2610 1355 2680 judicem
1403 2617 1458 2665 te
1501 2607 1774 2681 praecipue

155 2701 238 2758 rei
255 2701 521 2772 facimus,
551 2720 714 2776 quam
743 2718 944 2767 augere
973 2718 1192 2768 semper
1215 2711 1482 2775 optamus.

699 2811 1034 2871 EPISTOLA
1071 2814 1252 2870 XLIII.

387 2926 619 2967 SENATUI
649 2926 799 2967 συιδ
827 2926 988 2966 ιιοωε
1021 2924 1390 2966 THEODORICUS
1417 2922 1546 2965 REX.

160 3002 255 3060 Illi
286 3005 566 3077 signiﬁcat
586 3022 640 3059 se
661 3005 988 3059 Artemidore
1011 3006 1180 3076 fasces
1211 3002 1426 3077 urbana:
1452 3003 1778 3077 prtefecturte

231 3074 564 3141 indulsisse,
595 3086 645 3129 et
677 3074 1154 3145 magnopere'rum
1211 3074 1410 3136 laudat,
1454 3076 1677 3145 petitque
1724 3082 1780 3127 ut

233 3147 416 3218 ipsius
439 3147 739 3200 electionem
769 3147 877 3199 suis
901 3145 1169 3215 conﬁrmet
1199 3145 1485 3216 suffragiis.

1873 1948 2066 2020 quibus
2094 1943 2174 2000 fas
2198 1952 2283 2000 est
2307 1943 2375 1998 de
2420 1941 2631 1998 cunctis
2669 1939 2903 2011 optimos
2931 1953 3194 2010 quaerere,
3217 1937 3467 1994 videntur

1873 2053 2088 2110 semper
2129 2037 2354 2092 meritos
2396 2034 2641 2104 elegisse.
2699 2032 2876 2104 Atque
2910 2033 3031 2088 ideo
3080 2031 3297 2106 labores
3350 2031 3468 2102 ejus

1871 2131 2310 2188 remuneratione
2347 2135 2672 2199 pensantes,
2725 2125 3070 2182 Artemidore
3109 2125 3302 2181 illustri
3349 2125 3468 2182 viro

1873 2225 2092 2279 urbanae
2138 2221 2472 2292 praefecturae
2516 2219 2690 2276 fasces
2733 2217 3070 2274 indulsimus.
3121 2217 3260 2274 Huic
3311 2229 3463 2287 ergo,

1873 2318 1936 2374 P.
1954 2318 2041 2384 C.,
2066 2325 2144 2373 tot
2164 2331 2227 2372 ac
2254 2316 2449 2371 talibus
2472 2313 2678 2369 meritis
2693 2311 3029 2384 praelucenti,
3054 2310 3229 2368 favete
3249 2311 3465 2380 linguis,

1873 2410 2050 2465 favete
2096 2408 2359 2478 collegiis.
2390 2405 2505 2461 Erit
2562 2413 2758 2460 vestrae
2813 2418 3032 2474 quoque
3077 2403 3469 2460 benevolentia

1873 2502 2010 2568 laus,
2044 2509 2103 2556 ut
2128 2516 2250 2556 cum
2272 2499 2444 2568 dignis
2473 2498 2797 2554 charitatem
2819 2495 3150 2569 impenditis,
3182 2495 3254 2554 ad
3280 2510 3467 2555 exem-

1873 2594 2024 2668 plum
2052 2602 2279 2650 cancros
2308 2592 2564 2648 incitetis.

2385 2720 2718 2778 EPISTOLA
2757 2718 2942 2777 XLIV.

2089 2833 2295 2875 POPULO
2335 2832 2480 2873 URBIS
2517 2832 2679 2872 ROIE
2719 2828 3083 2873 THBODORICUS
3117 2830 3247 2872 REX.

1879 2931 2039 2990 Illum
2052 2934 2323 2988 certiorem
2345 2933 2472 3003 facit
2493 2946 2549 2984 se
2568 2930 2896 3003 Artemidoro
2914 2931 3238 3003 praefectum
3257 2930 3470 3003 urbana

1955 3009 2123 3130 {aues
2157 3001 2361 3058 dedisse
2397 3001 2670 3074 regendos,
2697 3009 2755 3053 ut
2781 3002 2986 3083 innoxii
3010 3001 3340 3070 purissimum
3378 3001 3470 3055 Ita-

1988 3084 2131 3130 erent
2162 3084 2362 3130 testem.
2408 3082 2458 3128 et
2505 3079 2738 3127 errantes
2781 3080 3126 3130 Justtssmtum
3171 3080 3470 3130 paterentur

1955 3079 2131 3201 birent
2162 3084 2362 3143 testem,
2408 3082 2458 3128 et
2505 3079 2738 3127 errantes
2778 3079 3126 3142 justissimum
3171 3080 3471 3140 paterentur

1953 3165 1984 3201 u
2012 3157 2191 3202 torem.

236 3255 441 3328 Scitis,
494 3255 680 3312 Patres
725 3255 1059 3326 Conscripti,
1093 3264 1340 3310 nostrum
1389 3270 1510 3312 esse
1563 3256 1780 3325 genium
1807 3246 1856 3313 (Ξ
1957 3258 2289 3315 Charitatem
2314 3257 2481 3313 vestri
2517 3256 2844 3328 prtecipuam
2871 3270 2972 3312 nos
2998 3255 3200 3312 habere
3239 3269 3310 3311 ex
3358 3256 3474 3328 ipsa

164 3343 350 3420 [Niv.,
391 3346 680 3415 gremium,
711 3346 859 3413 Acc.,
909 3345 1183 3416 gaudium,
1231 3344 1424 3413 Jaret.,
1473 3345 1775 3418 prmmium]

167 3439 414 3497 culmina
437 3437 792 3508 dignitatum;
826 3438 975 3495 scitis
996 3437 1149 3493 vobis
1183 3435 1468 3508 prolicere,
1499 3437 1646 3507 quod
1674 3453 1777 3492 no-

170 3533 255 3590 bis
279 3533 582 3603 contigerit
607 3533 662 3588 in
696 3531 924 3588 fascium
965 3531 1172 3586 honore
1202 3540 1480 3602 praestare.
1513 3529 1780 3600 Quidquid

174 3628 321 3683 enim
364 3629 438 3684 ab
469 3641 798 3698 unoquoque
825 3625 1133 3695 suscipitur,
1167 3633 1387 3680 senatus
1415 3632 1518 3692 est,
1549 3623 1644 3692 qui
1666 3638 1782 3680 me-

176 3728 346 3776 retur.
379 3720 525 3788 Quid
553 3721 696 3776 enim
744 3720 813 3775 de
849 3719 1003 3775 vobis
1041 3719 1390 3783 :estimemus,
1438 3718 1729 3786 agnoscitis
1759 3735 1776 3773 :

179 3812 397 3881 quando
426 3813 560 3867 viris
586 3813 747 3881 longo
799 3811 984 3868 labore
1029 3811 1342 3882 compertis,
1395 3811 1500 3866 hoc
1547 3820 1697 3865 certe
1725 3809 1781 3866 in

180 3904 467 3972 prmmium
500 3903 710 3969 damus,
757 3911 817 3957 ut
843 3902 1011 3958 vestri
1036 3903 1281 3974 corporis
1326 3908 1638 3956 mereantur
1662 3916 1783 3958 esse

183 3998 502 4068 participes.
529 3995 628 4052 Hic
655 4004 738 4051 est
763 3996 906 4051 enim
932 3995 1042 4062 vir,
1067 3997 1160 4066 qui
1187 3994 1440 4066 genitalis
1465 3995 1565 4050 soli
1593 3994 1784 4049 relicta

185 4085 492 4156 dulcedine,
521 4087 675 4142 nobis
699 4087 890 4142 maluit
915 4086 1204 4142 inhzerere.
1244 4085 1313 4141 Et
1347 4087 1474 4142 licet
1501 4095 1646 4141 esset
1673 4086 1785 4142 cla-

185 4190 273 4233 rus
299 4180 354 4236 in
383 4181 588 4251 patria,
609 4188 852 4236 nostram
877 4189 1057 4236 tamen
1085 4181 1249 4250 elegit
1276 4181 1457 4236 subire
1487 4179 1781 4249 fortunam,

190 4281 451 4339 superans
481 4271 670 4342 gratize
710 4271 1080 4341 magnitudine
1112 4272 1218 4326 vim
1246 4280 1490 4326 naturae:
1525 4271 1616 4342 qui
1647 4271 1787 4342 prin-

191 4362 304 4432 cipe
330 4363 574 4430 Zenone,
603 4380 710 4419 non
749 4373 857 4419 tam
887 4360 1153 4421 benevolo
1190 4379 1352 4434 quam
1395 4363 1557 4420 affine
1584 4363 1788 4434 gaude-

194 4453 300 4510 bat.
329 4457 397 4513 Et
416 4457 551 4528 quid
579 4457 631 4512 in
654 4458 744 4512 illa
773 4459 962 4528 repub.
992 4458 1165 4527 gratia
1199 4475 1307 4514 non
1333 4460 1509 4530 potuit
1537 4459 1787 4515 obtinere

196 4550 449 4617 parentis,
485 4564 605 4619 quae
631 4550 712 4605 sic
746 4549 998 4606 facillime
1025 4550 1171 4606 favet
1197 4551 1511 4607 extraneis?
1535 4549 1642 4606 Sed
1672 4551 1785 4607 haec

1882 3367 2012 3409 cura
2034 3366 2132 3406 vos
2154 3349 2380 3420 potestis
2409 3361 2704 3416 agnoscere
2729 3365 2742 3401 :
2772 3361 2872 3418 pro
2903 3347 3098 3418 quibus
3127 3347 3201 3402 ita
3228 3346 3476 3403 videmur

1884 3462 2004 3504 esse
2032 3445 2269 3506 solliciti.
2303 3452 2362 3499 ut
2389 3443 2523 3498 nihil
2551 3441 2938 3498 admonitionis
2967 3441 3240 3512 patiamur
3270 3441 3471 3498 omitti.

1883 3540 2105 3597 Cautela
2135 3537 2401 3620 siquidem
2429 3536 2608 3609 prodit
2630 3535 2912 3605 affectum;
2943 3544 3000 3592 et
3024 3551 3146 3609 qua:
3176 3537 3477 3595 studiosius

1885 3633 2180 3703 diligimus,
2230 3629 2422 3699 majori
2450 3629 2622 3700 gratia
2665 3628 3022 3685 custodimus.
3055 3627 3194 3685 Hinc
3221 3635 3305 3684 est
3331 3628 3479 3700 quod

1882 3725 2003 3780 viro
2025 3723 2218 3778 illustri
2241 3721 2602 3788 Artemidoro,
2627 3721 2720 3776 diu
2734 3721 2935 3778 nostris
2949 3720 3224 3792 obsequiis
3243 3720 3494 3790 erudito,

1885 3817 2220 3890 prtefecturte
2247 3815 2469 3871 urbanae
2494 3814 2742 3871 dedimus
2759 3814 2931 3871 fasces
2952 3815 3249 3886 regendos;
3274 3822 3335 3870 ut
3356 3813 3479 3884 quia

1886 3906 2244 3980 quorumdam
2293 3906 2496 3962 illicitis
2551 3906 2907 3963 seditionibus
2943 3906 3179 3962 civilitas
3207 3905 3480 3974 turbatur,

1888 4000 2154 4056 haberent
2181 4005 2238 4054 et
2277 3997 2484 4054 innoxii
2512 3997 2860 4069 purissimum
2889 4005 3107 4069 testem,
3150 4003 3208 4050 et
3234 4002 3482 4051 errantes

1883 4092 2238 4163 justissimum
2289 4057 2604 4160 paterentur
2639 4089 2892 4146 ultorem.
2922 4057 3080 4156 Quod
3106 4101 3238 4153 nos,
3273 4087 3368 4156 qui
3395 4086 3483 4142 de-

1887 4185 2151 4242 lectamur
2172 4184 2494 4250 insontibus,
2525 4183 2581 4237 in
2606 4189 2928 4238 cunctorum
2953 4179 3204 4234 notitiam
3231 4178 3482 4234 duximus

1887 4275 2292 4348 perferendum,
2342 4289 2412 4330 ne
2457 4273 2578 4344 quis
2617 4272 2898 4342 inopinata
2941 4269 3280 4326 districtione
3325 4267 3486 4324 solito

1889 4373 2180 4438 praesumat
2207 4364 2490 4421 excedere.
2521 4362 2790 4431 Quocirca
2826 4362 2956 4418 talia
2983 4377 3084 4418 nos
3112 4359 3338 4432 prtefato
3366 4361 3485 4418 viro

1890 4448 2170 4529 delegasse
2198 4457 2480 4525 noveritis,
2497 4464 2556 4512 ut
2576 4456 2623 4513 si
2643 4453 2910 4528 quispiam
2940 4455 3172 4513 incivilis
3196 4455 3484 4522 exstiterit,

1891 4552 2283 4609 districtionem
2346 4550 2494 4606 illico
2545 4557 2748 4606 nostra
2798 4549 3060 4621 jussionis
3111 4551 3371 4608 incurrat.
3423 4548 3488 4611 Et

200 4641 370 4695 omnia
394 4641 596 4696 nimius
621 4641 868 4711 despexit
895 4639 1150 4708 allectus;
1182 4651 1242 4696 ut
1271 4657 1367 4697 nos
1395 4641 1518 4711 ipsi,
1549 4657 1648 4712 pro
1671 4643 1785 4713 qui-
1815 4645 1869 4706 D
1893 4658 2201 4716 quanquam
2230 4641 2564 4714 praefectum
2592 4642 2815 4699 urbanae
2854 4643 2996 4700 hanc
3037 4651 3370 4716 potestatem
3397 4642 3488 4701 de-

201 4725 295 4784 bus
314 4731 424 4790 haec
447 4733 640 4789 fecisse
662 4733 1028 4803 cognoscitur,
1055 4734 1248 4790 merito
1271 4741 1490 4803 stupere
1511 4733 1790 4790 videamur

207 4817 255 4873 in
284 4825 436 4880 unius
466 4824 637 4892 gratia
680 4831 761 4879 tot
807 4824 1188 4880 desiderabilia
1231 4824 1396 4882 fuisse
1448 4834 1786 4898 contempta.

208 4906 302 4976 Qui
346 4931 511 4987 super
555 4917 695 4973 hanc
748 4919 1004 4974 eximiam
1054 4917 1212 4974 fidem
1255 4918 1450 4975 solatia
1495 4920 1652 4976 nobis
1683 4934 1792 4976 sua:

213 5004 650 5065 contabulationis
716 5009 958 5080 adjecit;
1013 5018 1075 5067 ut
1119 5026 1339 5084 asperas
1401 5027 1792 5085 nonnunquam

217 5210 461 5339 F0mide
483 5227 646 5285 supra
675 5214 833 5284 epist.
865 5213 957 5282 52,
985 5222 1042 5270 et
1071 5214 1107 5270 1.
1142 5215 1193 5282 l,
1225 5215 1289 5272 D.
1323 5214 1436 5272 om.
1463 5215 1616 5286 praef.
1655 5213 1782 5272 Urb.

282 5349 307 5432 ξ’
342 5353 485 5432 ΟιίιηΔ
512 5355 756 5432 nonnisi_
778 5355 1124 5432 magistratus
1169 5357 1359 5432 populi
1405 5356 1658 5432 Romani,
1693 5362 1788 5432 aut

221 5425 442 5496 quicum
474 5427 700 5496 imperio
743 5426 797 5480 in
846 5425 1185 5495 provinciis,’
1212 5425 1446 5482 fascibus
1494 5428 1608 5492 usi;
1643 5425 1788 5495 quod

221 5491 283 5565 ab
309 5491 832 5565 Augusto'originem
852 5491 864 5495 ’
882 5497 1127 5564 sumpsit,
1162 5495 1316 5563 cujus
1345 5497 1534 5551 honori
1565 5491 1788 5552 senatus

224 5557 447 5620 decrth
473 5582 613 5622 anno
633 5557 790 5622 Urbis
816 5565 937 5631 755,
957 5557 1030 5619 uti
1054 5557 1322 5622 consulari
1353 5577 1622 5636 potestate
1643 5583 1786 5620 sem-

225 5643 313 5698 per
329 5646 484 5702 esset,
520 5639 750 5695 fascibus
780 5638 1065 5693 duodecim
1117 5645 1377 5702 uteretur,
1409 5653 1640 5706 eumque
1670 5654 1787 5692 mo-

225 5713 329 5780 rem
352 5716 634 5765 tenuerunt
663 5710 952 5780 principes,
980 5709 1052 5762 ita
1097 5717 1358 5780 tamen_ut
1387 5709 1596 5763 laurum
1629 5708 1786 5780 fasci-

226 5767 319 5851 bus
345 5795 442 5832 non
474 5767 748 5845 adderent,
775 5767 877 5834 nisi
907 5767 960 5834 in
989 5780 1230 5834 victoria.
1259 5777 1453 5851 Postea
1485 5795 1581 5849 per
1603 5778 1788 5832 adula-

229 5848 414 5921 tionem
446 5852 656 5921 irrupit,
686 5860 746 5906 ut
765 5851 1005 5905 omnium
1047 5851 1346 5921 principum
1377 5848 1549 5906 fasces
1574 5865 1786 5921 semper

229 5909 436 5977 laureati
457 5909 658 5992 essent,
676 5937 848 5993 eaque
871 5930 1000 5979 nota
1019 5909 1254 5979 maxime
1279 5921 1560 5980 distinctus
1577 5936 1608 5978 a
1623 5909 1786 5991 vulgo

1890 4735 2070 4793 derint
2096 4734 2262 4805 leges,
2298 4750 2394 4798 nos
2422 4742 2604 4791 tamen
2645 4735 2956 4806 specialiter
2983 4735 3376 4810 delegavimus,
3425 4743 3488 4792 ut

1899 4826 2261 4884 conﬁdentius
2292 4824 2474 4892 ﬂeret,
2505 4825 2650 4898 quod
2679 4825 2879 4898 duplex
2914 4827 3252 4897 permisisset
3298 4834 3482 4883 aucto.

1892 4920 2042 4975 ritas.
2078 4918 2311 4977 Audebit
2339 4933 2468 4990 ergo
2497 4919 2808 4990 seditiosos,
2831 4927 2887 4975 et
2915 4934 2948 4976 a
2968 4921 3251 4993 disciplina
3275 4920 3489 4991 publica

1893 5013 2190 5081 deviantes,
2249 5019 2435 5070 nostra
2483 5011 2810 5071 auctoritate
2860 5013 3182 5084 percellere.
3231 5010 3490 5079 Quiescat

1891 5214 2167 5285 princeps.
2209 5211 2356 5269 Talis
2381 5220 2562 5268 autem
2605 5221 2724 5269 erat
2745 5213 2971 5270 fascium
2997 5213 3186 5284 figura.
3219 5213 3491 5274 Detractis

1892 5300 1957 5339 ex
1985 5285 2166 5339 betula
2197 5285 2394 5339 arbore
2436 5285 2601 5353 virgis
2631 5286 2704 5338 ita
2753 5285 3135 5340 includebatur
3172 5285 3400 5350 securis,
3432 5295 3492 5343 ut

1893 5355 2038 5410 acies
2080 5355 2208 5410 ferri
2237 5354 2290 5409 in
2320 5355 2634 5410 summitate
2663 5356 2947 5419 emineret,
2981 5354 3188 5424 reliqua
3221 5371 3344 5425 pars
3383 5357 3492 5412 cir-

1893 5425 2184 5481 cumducto
2213 5426 2334 5482 loco
2366 5433 2640 5496 tegeretur
2671 5443 2684 5478 :
2713 5425 2857 5494 quod
2900 5439 2967 5480 eo
2997 5425 3227 5496 co_nsilio
3257 5441 3288 5480 a
3318 5426 3493 5496 majo-

1893 5497 2041 5564 ribus
2089 5493 2455 5564 excogitatum
2503 5495 2621 5560 fuit,
2673 5493 2743 5550 ut
2781 5503 3012 5550 testatur
3050 5493 3372 5553 Plutarchus
3406 5493 3482 5554 'in

1895 5563 2347 5636 Problematibus,
2398 5574 2456 5620 ut
2487 5566 2838 5636 ostenderent
2883 5566 3297 5634 magistratuum
3349 5567 3486 5625 iram

1895 5636 1948 5690 in
1977 5638 2238 5710 sumendo
2285 5637 2552 5710 supplicio
2583 5651 2692 5710 non
2739 5635 2940 5710 debere
2979 5650 3102 5692 esse
3131 5637 3485 5710 praecipitem,

1895 5722 2098 5778 eosque
2127 5708 2300 5764 fasces
2329 5705 2549 5778 habere,
2573 5705 2871 5778 sedrtamen
2897 5707 3107 5778 ligatos,
3131 5705 3341 5778 quique
3368 5705 3487 5768 sine

1889 5775 2032 5846 justa
2057 5795 2229 5850 causa
2249 5795 2353 5833 non
2378 5777 2610 5850 debeant
2631 5775 2878 5850 dissolvi.
2886 5775 3175 5850 Ponuntur
3197 5775 3490 5850 aliquando

1895 5849 2192 5923 fascespro
2219 5849 2353 5923 ips_i_s_
2378 5847 2798 5923 magistratibus.
2834 5846 3023 5923 [it-gil.
3069 5849 3162 5905 lib.
3194 5866 3233 5906 lt
3259 5846 3490 5923 Georg,

1896 5917 2014 5976 Liv.
2047 5914 2140 5978 lib.
2173 5914 2254 5990 tt;
2276 5918 2414 5977 Plin.
2448 5914 2543 5976 lib.
2574 5928 2670 5992 vn,
2698 5926 2822 5991 cap.
2857 5914 2954 5980 ὅθί
2977 5916 3169 5982 Bson.
