3992 6466
545 403 650 463 {E39

1752 385 1821 452 Μ,
1865 382 2140 440 AUBELH
2181 378 2582 438 CASSIODORI

3715 363 3832 418 5W

542 513 956 576 concertantium
1007 509 1185 566 fervor
1214 507 1536 562 animorum.
1567 504 1715 558 Bona
1759 502 1928 573 pacis,
1973 513 2112 570 qum,
2145 494 2398 567 Alibus]
2449 491 2844 555 considentem,
2905 494 3184 544 auctorum
3232 483 3384 540 libris
3435 479 3828 542 invitantibus,

541 611 649 664 Deo
671 606 927 680 propitio,
951 611 1139 658 nostro
1166 601 1352 654 labore
1384 597 1676 660 meruistis,
1704 611 1802 649 cur
1847 591 2126 648 seditioni-

539 703 636 760 bus
661 699 929 754 fcedantur
953 695 1188 752 illicitis?
1218 693 1498 760 Nunquam
1522 687 1714 757 majori
1756 683 2126 754 damno‘peri-

539 791 710 847 clitati
731 798 858 844 sunt
887 801 1088 854 mores,
1132 801 1292 856 quam
1321 799 1444 838 eum
1483 781 1720 849 gravitas
1747 779 1990 832 Romana
2019 773 2128 828 cul-

541 895 716 956 patur.
751 883 986 952 Reparet
1015 883 1192 951 itaque
1219 881 1444 935 honesta
1476 877 1666 934 civitas
1693 873 2124 931 moderationem

541 993 714 1032 suam.
747 975 926 1030 Pudor
957 983 1038 1030 est
1065 975 1421 1044 degenerasse
1445 988 1472 1026 τι
1497 969 1789 1041 prioribus,
1813 983 1878 1022 eo
1907 979 2126 1036 praeser-

545 1069 638 1122 tim
667 1077 911 1138 tempore
940 1083 1060 1122 eum
1103 1067 1264 1120 talem
1311 1063 1608 1134 principem
1655 1057 1978 1128 cognoscitis
2028 1069 2126 1110 vos

545 1160 744 1215 habere
773 1160 863 1232 qui
893 1157 1106 1232 prtetnia
1137 1155 1505 1222 benemeritis,
1541 1153 1799 1208 ultionem
1829 1149 2028 1206 tribuat
2051 1145 2126 1202 in-

547 1253 762 1324 quietis.

989 1391 1090 1460 21
1129 1382 1462 1442 EPISTOLA
1499 1382 1662 1437 xcv.

631 1519 819 1563 BOETIO
839 1519 962 1560 "180
991 1517 1234 1558 ILLUSTPJ
1259 1515 1504 1554 PATRICIO
1537 1511 1901 1552 TllliODORlCI‘S
1923 1509 2047 1548 REX.

533 1596 684 1652 Dicit
710 1613 764 1652 se
791 1607 1034 1667 rogatur;
1051 1611 1160 1667 esse
1189 1611 1220 1646 (ι
1263 1591 1688 1667 Burgundionum
1720 1605 1836 1667 rege
1863 1597 1921 1639 ut
1969 1587 2123 1667 hora--

613 1669 750 1740 logia
773 1657 1062 1738 aquaich
1083 1665 1261 1740 solare
1275 1663 1342 1716 ad
1369 1657 1536 1740 ipsum
1559 1661 1966 1740 transmitteret;
1995 1657 2124 1710 Boe-

615 1728 831 1808 tiumqué
853 1741 1026 1792 omnia
1047 1737 1288 1808 inutilesis
1311 1728 1560 1808 titit‘ttettla
1581 1731 1810 1802 apprime
1830 1728 2119 1796 callentem,

613 1809 682 1862 ad
711 1805 802 1862 hoc
827 1825 951 1878 opus
981 1807 1348 1878 perﬁciendum
1371 1805 1576 1858 invitat.

611 1923 924 1994 Spernenda
975 1937 1080 1976 non
1126 1929 1252 1974 sunt
1295 1935 1411 1987 qme
1441 1935 1470 1972 ει
1505 1917 1693 1970 vicinis
1741 1915 1956 1984 regibus
1987 1931 2123 1986 prte-
2153 1891 2202 1954 Β

537 2015 860 2084 sumptionis
907 2015 1076 2080 gratia
1109 2013 1484 2082 postulantur:
1518 2009 1644 2064 dum
1691 2010 2006 2078 plerumque
2035 2025 2122 2064 res

537 2118 711 2174 parva:
737 2105 860 2174 plus
891 2104 1181 2172 pnevalent.
1201 2110 1456 2170 praestare
1482 2116 1642 2170 quam
1673 2115 1877 2170 magna:
1901 2109 2124 2168 possunt

541 2199 786 2252 obtinere
839 2197 1056 2250 diviti:.e.
1093 2195 1424 2262 Frequenter
1471 2195 1612 2246 enim
1655 2193 1800 2260 quod
1853 2209 2000 2248 arma
2028 2209 2124 2247 ex-

541 2289 686 2358 plere
731 2295 1020 2356 nequeunt,
1055 2286 1446 2340 oblectamenta
1489 2285 1770 2338 suavitatis
1821 2283 2118 2352 imponunt.

539 2379 619 2434 Sit
648 2393 775 2448 ergo
823 2394 920 2448 pro
951 2375 1140 2447 repub.
1195 2383 1250 2430 et
1291 2392 1412 2431 cum
1455 2375 1637 2430 ludere
1687 2375 1953 2430 videmur.
1989 2375 2122 2430 Nam

539 2469 660 2523 ideo
689 2470 1006 2538 voluptuosa
1049 2468 1356 2537 quzerimus,
1405 2475 1464 2520 ut
1509 2483 1606 2535 per
1637 2467 1750 2535 ipsa
1783 2469 1924 2522 seria
1972 2485 2124 2522 com-

537 2560 797 2630 pleantus.
849 2559 1288 2627 Burgundionum
1340 2559 1520 2626 itaque
1581 2557 1832 2612 dominus
1885 2575 1918 2614 a
1967 2560 2123 2614 nobis

539 2667 864 2722 magnopere
893 2652 1185 2721 postulavit
1205 2661 1264 2705 ut
1289 2651 1625 2718 horologium
1657 2651 1800 2719 quod
1843 2651 1996 2719 aquis
2025 2651 2123 2707 sub

539 2744 755 2798 modulo
787 2744 1073 2799 ﬂuentibus
1095 2751 1446 2814 temperatur,
1475 2753 1528 2798 et
1554 2743 1696 2813 quod
1719 2745 1851 2800 solis
1879 2746 2126 2800 immensi

539 2837 924 2906 comprehensa
957 2837 1346 2892 illuminatione
1391 2835 1757 2904 distinguitur,
1791 2854 1912 2893 cum
1963 2840 2127 2910 magi-

535 2927 660 2984 stris
705 2943 892 3008 'rerum
941 2929 992 2982 ei
1043 2929 1404 2984 transu'littere
1451 2929 1798 2985 deberemus:
1859 2939 2124 2999 quatenus

536 3017 835 3086 impetratis
891 3020 1338 3074 delectationilms
1387 3021 1733 3090 perfruendo,
1774 3022 1920 3092 quod
1967 3025 2124 3079 nobis

535 3115 616 3163 est
647 3113 1042 3180 quotidiantnn,
1079 3112 1179 3166 illis
1211 3113 1453 3167 videatur
1491 3129 1608 3167 esse
1639 3113 1976 3170 miraculum.
2009 3113 2122 3168 Me-

537 3201 640 3254 rito
671 3202 934 3270 siqnislem
961 3204 1224 3271 respicere
1245 3205 1483 3272 cupiunt,
1507 3205 1648 3272 quod
1677 3205 1976 3272 legatorum
1997 3223 2124 3262 suo-

2229 589 2404 646 cordis
2431 587 2633 641 lumine
2661 581 2996 652 cognovisti,
3027 579 3114 634 cui
3162 577 3328 632 ardua
3361 589 3526 630 nosse
3561 589 3690 626 usus
3723 571 3828 624 mi-

2227 681 2432 750 racula,
2460 686 2762 734 monstrare
2793 673 3126 746 propositum
3167 679 3268 726 est.
3313 666 3530 721 Molitur
3559 663 3830 719 ostende-

2226 790 2304 842 re,
2347 773 2490 844 quod
2520 771 2904 842 obstupescant
2937 766 3185 821 homines
3231 761 3516 825 evenisse;
3569 757 3830 826 miroque

2226 865 2388 922 modo
2439 865 2646 920 naturis
2701 859 2977 918 conversis
3033 857 3160 912 facti
3207 853 3442 910 detrahit
3475 851 3664 915 ﬁdem,
3699 865 3826 904 eum

2228 965 2462 1014 ostentet
2488 973 2554 1012 ex
2583 955 2754 1010 oculis
2773 953 3054 1007 visionem.
3087 949 3238 1004 Facit
3265 962 3432 1018 aquas
3453 960 3526 1000 ex
3555 945 3668 998 imo
3699 957 3824 996 sur-

2228 1059 2433 1121 gentes,
2455 1045 2756 1118 przecipites
2785 1043 3196 1111 cadere,ignem
3229 1037 3562 1109 ponderibus
3577 1047 3820 1098 currere,

2229 1155 2429 1212 organa
2459 1139 2731 1196 extraneis
2759 1137 2982 1192 vocibus
3003 1137 3274 1198 insonare,
3307 1139 3362 1186 et
3387 1127 3696 1200 peregrinis
3723 1123 3818 1178 ﬂa-

2229 1235 2369 1290 tibus
2391 1233 2630 1288 calamos
2653 1229 2906 1298 complet,
2921 1235 2980 1280 ut
3001 1225 3202 1280 musica
3221 1222 3346 1295 [ed.,
3373 1219 3622 1289 iniuncta
3637 1235 3654 1283 ;
3672 1231 3820 1284 mss,

2227 1321 2454 1394 minuta]
2479 1323 2684 1394 possint
2725 1329 2840 1375 arte
2869 1329 3107 1374 cantare.
3139 1315 3396 1370 Videmus
3423 1329 3522 1384 per
3549 1326 3680 1366 eam
3723 1309 3818 1362 de—

2227 1417 2502 1474 fensiones
2527 1415 2638 1484 jam
2679 1413 2980 1467 nutantium
3009 1409 3286 1464 civitatum
3313 1405 3496 1460 subito
3527 1402 3626 1456 tali
3659 1398 3818 1452 ﬁrmi-

2229 1520 2338 1566 tate
2368 1521 2712 1578 consurgere,
2749 1515 2806 1562 ut
2827 1504 3384 1559 machinamentorum
3415 1495 3640 1550 auxiliis
3659 1507 3820 1562 supe-

2227 1605 2340 1659 rior
2377 1601 2647 1666 reddatur,
2679 1599 2772 1668 qui
2819 1597 3136 1666 desperatus
3185 1593 3302 1666 [τηε.
3351 1589 3444 1654 IL,
3495 1580 3816 1655 desperatis}

2226 1699 2431 1752 viribus
2481 1693 2769 1749 invenitur.
2803 1689 3080 1744 Madentes
3107 1685 3318 1740 fabrica:
3347 1683 3402 1736 in
3429 1695 3572 1750 aqua
3617 1677 3816 1730 marina

2227 1793 2528 1854 siccantur;
2561 1787 2692 1840 dura
2726 1799 2848 1839 cum
2883 1781 3098 1846 fuerint,
3153 1776 3430 1846 ingeniosa
3459 1769 3816 1841 dispositione

2229 1885 2532 1940 solvuntur.
2577 1877 2792 1934 Metalla
2838 1877 3099 1944 mugiunt,
3126 1867 3398 1928 Diomedis
3437 1868 3494 1922 in
3527 1881 3640 1920 tere
3665 1875 3818 1932 grues

2229 1979 2534 2040 buccinant,
2569 1987 2750 2028 aculeus
2775 1971 2964 2038 anguis
2987 1967 3240 2030 insibilat,
3273 1979 3400 2018 aves
3427 1959 3702 2016 simulatae
3729 1953 3812 2008 fri-

2231 2073 2425 2126 tiuiunt
2453 2069 2512 2135 b;
2544 2075 2742 2135 etquae
2786 2063 3060 2134 propriam
3081 2073 3272 2114 vocem
3303 2055 3556 2110 nesciunt
3597 2049 3810 2110 habere,

2228 2161 2565 2218 dulcedinem
2589 2157 2718 2230 (ett,
2747 2157 2812 2210 ab
2834 2171 2944 2210 aere
2963 2147 3330 2218 dulcedinem]
3345 2146 3652 2217 probantur
3677 2141 3814 2194 emit-

2231 2267 2342 2312 tere
2370 2254 2672 2310 cantilenae.
2709 2249 2878 2304 Parva
2907 2247 2973 2302 de
3015 2245 3104 2300 illa
3155 2241 3456 2303 referimus,
3493 2236 3582 2290 cui
3625 2233 3810 2288 cadum

2229 2349 2423 2406 imitari
2455 2347 2533 2402 fas
2581 2355 2683 2404 est.
2727 2343 2852 2398 llaec
2879 2341 3023 2397 enim
3063 2337 3190 2392 fecit
3219 2333 3516 2412 secundum
3563 2327 3734 2382 solem
3764 2327 3810 2378 in

2227 2443 2564 2500 Archimedis
2610 2441 2818 2510 sphaera
2847 2437 3166 2499 decurrere;
3193 2433 3309 2486 haec
3359 2427 3592 2501 alterum
3635 2421 3810 2476 zodia-

2225 2553 2348 2594 cum
2377 2535 2635 2592 circulum
2659 2535 2894 2588 humano
2913 2527 3138 2584 consilio
3163 2517 3610 2578 fabricavitﬂasc
3641 2516 3810 2568 lunam

2227 2631 2440 2688 defectu
2467 2644 2569 2686 suo
2598 2623 2952 2697 reparabilem
2975 2621 3106 2676 artis
3127 2615 3520 2672 illuminatione
3549 2617 3812 2664 monstra-

2227 2728 2332 2791 vit;
2357 2736 2684 2796 parvamque
2711 2718 3014 2773 machinam
3045 2709 3318 2782 gravidam
3349 2704 3553 2760 mundo
3573 2744 3588 2769 ,
3621 2700 3810 2756 etclam

2229 2818 2511 2890 gestabile,
2541 2789 2919 2884 compendium
2965 2820 3165 2866 rerum,
3198 2798 3476 2872 speculum
3507 2803 3720 2849 natura:
3751 2789 3809 2843 ad

2228 2881 2462 2981 speciem
2491 2881 2712 2962 tetheris
2755 2893 3284 2969 incomprehensibili
3325 2887 3640 2944 mobilitate
3675 2881 3812 2938 volu-

2229 2973 2380 3059 tavit.
2413 3001 2508 3057 Sic
2555 3007 2722 3062 astra,
2755 3009 2986 3065 quorum
3015 2991 3142 3045 licet
3183 2999 3398 3043 cursum
3427 2993 3696 3044 seramus,
3723 2973 3812 3028 fal-

2229 3093 2462 3150 lentibus
2493 3101 2672 3145 tamen
2697 3087 2881 3152 oculis,
2921 3081 3134 3154 prodire
3181 3093 3290 3134 non
3333 3081 3627 3131 cernimus.
3659 3067 3810 3123 Stans

2229 3187 2442 3257 quidam
2475 3186 2524 3240 ia
2556 3185 2656 3238 illis
2681 3180 2936 3236 transitus
2957 3185 3072 3241 est;
3097 3182 3152 3229 et
3180 3187 3298 3243 qua:
3317 3167 3581 3224 velociter
3600 3174 3810 3219 cun-ere

538 3253 542 3254 ν
679 3253 711 3255 ρ
961 3253 973 3256 -
994 3253 1097 3271 --Γ
1200 3253 1221 3258 ν
1512 3253 1648 3272 Γπ
1677 3253 1976 3272 --σ.---------
1997 3253 2091 3262 η-

535 3307 654 3344 rum
679 3293 1024 3346 relationibus
1065 3294 1466 3363 obstupescunt.
1505 3295 1620 3350 lloe
1651 3305 1722 3360 te,
1749 3298 1912 3352 multa
1946 3299 2118 3354 erudi-

2229 3295 2356 3334 vcra
2379 3278 2588 3332 ratione
2614 3273 2911 3344 cognoscis,
2933 3285 2991 3324 se
3008 3279 3224 3322 movere
3247 3278 3356 3317 non
3385 3258 3636 3328 respicis.
3655 3253 3811 3321 Quale

541 3381 688 3435 tione
717 3383 1035 3450 saginatum,
1071 3385 1143 3438 ita
1193 3401 1350 3440 nosse
1380 3385 1678 3452 didicimus,
1715 3397 1770 3440 ut
1807 3397 1949 3442 artes
1988 3405 2122 3459 quas

533 3483 796 3528 exercent
824 3475 1112 3542 vulgat-iter
1133 3477 1458 3544 ιιοςρίριιιιιε,
1497 3477 1551 3530 in
1583 3478 1698 3547 ipso
1721 3478 2120 3548 (ligi-ipIEuarnm

533 3565 682 3620 fonte
715 3567 1006 3634 putaveris.
1041 3568 1130 3622 Sic
1158 3569 1298 3622 enim
1330 3569 1736 3624 Atheniensium
1765 3573 1976 3627 scholas
2004 3573 2122 3628 lon-

533 3671 600 3726 ge
623 3659 829 3726 positus
861 3659 1130 3726 introisti;
1159 3661 1237 3714 sic
1281 3661 1623 3729 palliatorum
1657 3663 1836 3718 choris
1861 3665 2122 3720 miscuisti

533 3755 737 3816 togam,
769 3747 1149 3803 utGrzecorum
1181 3751 1431 3818 dogmata
1461 3751 1756 3806 doctrinam
1789 3753 1981 3808 feceris
2004 3769 2120 3809 esse

531 3838 854 3893 Romanam.
889 3839 1129 3894 Didicisti
1153 3843 1292 3896 enim
1324 3859 1426 3911 qua
1460 3845 1826 3914 profunditatc
1854 3861 1974 3900 eum
2007 3847 2119 3902 suis

530 3931 772 4000 partibus
822 3931 1145 4000 speculativa
1185 3933 1482 4001 cogitetur;
1515 3949 1619 4004 qua
1675 3936 1886 3990 ratione
1943 3937 2118 3990 activa

533 4033 656 4076 cum
705 4038 800 4077 sua
831 4021 1096 4090 divisione
1141 4025 1378 4080 discatur
1403 4042 1420 4081 :
1444 4025 1710 4082 deducens
1736 4027 1802 4082 ad
1827 4027 2120 4083 Romuleos

525 4121 802 4169 senatores
827 4115 1084 4186 quidquid
1105 4113 1420 4187 Cecropida:
1446 4119 1645 4173 mundo
1668 4119 1906 4174 fecerant
1929 4119 2115 4188 singu-

525 4199 656 4258 lare.
683 4205 1143 4264 Translationibus
1172 4209 1314 4262 enim
1351 4210 1454 4266 tuis
1497 4209 1829 4281 Pythagoras
1857 4211 2112 4278 musicus,

527 4291 848 4353 Ptolemmus
896 4309 1239 4355 astronomns
1281 4303 1532 4370 leguntur
1577 4301 1713 4358 Itali.
1755 4305 2112 4360 Nicomachus

528 4385 912 4455 arithmeticos,
947 4393 1307 4458 geometricas
1337 4393 1584 4448 Euclides
1627 4395 1914 4450 audiuntur
1945 4397 2115 4451 Auso—

527 4473 652 4528 niis.
685 4474 836 4530 Plato
893 4481 1206 4550 theologus,
1241 4481 1560 4538 Aristoteles
1607 4487 1808 4554 logicus
1853 4486 2114 4552 Quirinali

529 4579 664 4619 voce
693 4565 1012 4636 disceptant.
1066 4573 1433 4628 Mechanicum
1465 4577 1624 4629 etiam
1675 4579 2051 4632 Archimedem
2086 4587 2110 4616 «ι

527 4653 786 4710 Latialem
815 4657 1014 4716 Siculis
1039 4663 1334 4718 reddidisti.
1383 4665 1448 4718 Et
1475 4681 1825 4738 quascunque
1867 4669 2107 4740 discipli-

526 4759 622 4798 nas
645 4745 728 4799 vel
761 4757 904 4802 artes
943 4749 1164 4805 facunda
1197 4753 1326 4825 [ed.,
1357 4755 1603 4826 fecunda]
1645 4757 1850 4813 Grmeia
1879 4775 1978 4828 per
1997 4761 2110 4815 sin-

525 4835 677 4902 gulos
707 4838 850 4892 viros
897 4839 1087 4906 edidit,
1131 4850 1182 4896 te
1223 4861 1330 4898 uno
1375 4855 1618 4914 auctore,
1651 4849 1826 4917 patrio
1857 4867 2108 4907 sermone

527 4927 694 4983 [torua
725 4933 976 5002 suscepit.
1011 4935 1157 5000 Quos
1187 4945 1330 4992 tanta
1355 4939 1640 4996 verborum
1673 4943 1960 4999 luculentia
1983 4947 2107 5000 red-

525 5019 702 5078 didisti
741 5025 938 5092 claros,
979 5035 1122 5082 tanta
1171 5030 1360 5096 linguae
1389 5035 1718 5102 proprietate
1761 5037 2105 5105 conspicuos,

523 5121 582 5168 ut
603 5117 901 5184 potuissent
923 5129 976 5172 et
1009 5119 1084 5173 illi
1113 5138 1245 5191 opus
1269 5129 1418 5177 tnttm
1449 5125 1720 5193 przeferre,
1750 5128 1792 5180 si
1819 5137 2105 5196 utrumque

525 5205 846 5262 didicissent.
882 5209 922 5262 Τ
929 5226 960 5264 ιι
985 5219 1154 5266 artem
1183 5213 1514 5282 praedictam,
1544 5233 1612 5272 ex
1633 5218 1930 5287 disciplinis
1951 5218 2100 5272 nobi-

523 5295 661 5352 libus
693 5307 892 5364 uatam,
919 5316 1016 5370 per
1043 5303 1394 5372 quadrifarias
1423 5309 1680 5364 mathesis
1704 5309 1895 5378 januas
1921 5309 2106 5364 introi-

521 5389 606 5444 sti.
633 5389 713 5446 Tu
739 5391 882 5448 illam
913 5393 968 5448 in
993 5403 1194 5450 naturae
1215 5397 1583 5468 penetralibus
1605 5398 1769 5472 [Jur.,
1801 5399 2111 5470 penetrabi—

589 5663 614 5690 ι
635 5651 684 5708 Is
709 5651 808 5709 fuit
837 5654 1228 5732 §yracusanus,
1275 5659 1342 5714 de.
1385 5675 1493 5730 quo
1522 5661 1634 5719 Cic.
1681 5663 1772 5718 lib.
1806 5680 1838 5717 v
1869 5661 2084 5720 Tuscul.

518 5735 736 5808 qumst?
763 5736 816 5778 et
837 5725 1108 5808 Vitruvius
1141 5725 1230 5782 lib.
1269 5747 1337 5794 Ix,
1375 5725 1494 5802 cap.
1517 5733 1568 5800 '5,
1602 5735 1668 5787 de
1691 5733 2087 5789 Architectura.

521 5799 682 5872 flujns
711 5799 1021 5872 incredibile
1073 5816 1168 5852 nec
1197 5799 1824 5872 unquamintermissum
1851 5805 2088 5858 studium

517 5863 834 5946 lflutarchus
865 5881 1257 5946 commemorat
1277 5863 1304 5940 ,’
1337 5876 1442 5946 22
1473 5889 1539 5930 an
1580 5877 1694 5932 seni
1751 5877 1819 5933 sit
1857 5877 2087 5932 admini-

515 5936 732 5992 stranda
761 5952 904 6008 resp.
937 5938 1176 5996 Fanum.

2140 4705 2190 4764 υ

2227 3377 2311 3426 est
2339 3371 2442 3424 hoc
2495 3367 2700 3422 homini
2739 3365 2901 3418 etiam
2951 3359 3148 3424 facere,
3195 3355 3338 3426 quod
3367 3351 3452 3407 vel
3483 3346 3808 3404 intellexisse

2228 3471 2404 3538 potest
2437 3477 2556 3518 esse
2601 3457 2880 3514 mirabile?
2921 3455 3099 3522 Quare
3129 3465 3254 3507 cum
3301 3461 3399 3502 vos
3438 3449 3599 3498 ornet
3625 3439 3808 3494 talimn

2227 3573 2409 3614 rerum
2441 3553 2782 3627 praedicanda
2831 3550 3043 3618 notitia,
3068 3543 3349 3611 horologia
3381 3539 3556 3601 nobis,
3591 3533 3808 3606 publicis

2226 3651 2497 3722 expensis,
2545 3651 2663 3704 sine
2705 3657 2888 3701 vestro
2930 3640 3209 3713 dispendio
3255 3635 3544 3692 destinate.
3581 3629 3806 3684 Primum

2225 3745 2316 3812 sit,
2339 3743 2430 3796 ubi
2460 3741 2628 3812 stilus
2649 3739 2753 3794 diei
2777 3737 2953 3798 index,
2987 3749 3084 3804 per
3107 3731 3350 3786 umbram
3379 3729 3628 3794 exiguam
3657 3723 3808 3775 horas

2227 3833 2508 3888 consuevit
2561 3830 2867 3887 ostendere.
2927 3827 3125 3880 Radius
3181 3825 3362 3892 itaque
3419 3815 3732 3878 immobilis,
3761 3819 3806 3866 et

2223 3942 2438 3997 parvus,
2473 3939 2734 3994 peragens
2757 3919 2900 3992 quod
2933 3929 3042 3973 tam
3073 3915 3314 3972 miranda
3343 3907 3659 3982 magnitudo
3687 3905 3806 3961 solis

2223 4019 2506 4078 discurrit;
2560 4026 2615 4072 et
2663 4017 2840 4084 fugam
2891 4013 3020 4069 solis
3066 4011 3398 4080 :equiparat,
3429 4003 3579 4075 quod
3607 4011 3804 4056 motum

2221 4113 2676 4184 semperignorat.
2705 4109 3010 4164 lnviderent
3039 4107 3253 4170 talibus,
3273 4103 3316 4158 si
3341 4095 3802 4156 astra-sentirent;

2221 4213 2276 4260 et
2305 4183 2542 4259 meatum
2592 4218 2746 4257 Stnnn
2777 4199 3008 4255 fortasse
3033 4195 3405 4260 deﬂecterent,
3435 4205 3504 4244 ne
3535 4187 3632 4243 tali
3671 4183 3806 4240 ludi-

2219 4295 2338 4350 brio
2389 4293 2751 4362 subiacerent.
2787 4289 2888 4345 Ubi
2931 4297 3014 4344 est
3054 4287 3184 4342 illud
3209 4287 3464 4340 horarum
3495 4279 3563 4336 de
3609 4277 3806 4332 lumine

2219 4385 2548 4442 venientium
2597 4382 2870 4452 singulare
2925 4379 3268 4444 miraculum,
3299 4376 3344 4432 si
3387 4373 3483 4428 bas
3523 4379 3580 4427 et
3623 4368 3804 4424 umbra

2217 4479 2590 4534 demonstrat?
2619 4475 2719 4531 Ubi
2771 4473 3130 4546 praedicabilis
3173 4469 3440 4526 indefecta
3489 4465 3726 4530 roratio,
3763 4461 3802 4514 si

2217 4569 2324 4625 hoc
2371 4577 2426 4625 et
2474 4569 2692 4625 metalla
2723 4575 3006 4639 peragunt.
3040 4579 3161 4634 quae
3189 4563 3294 4618 situ
3326 4567 3588 4633 perpetuo
3634 4555 3800 4612 conti-

2219 4667 2448 4720 nentur?
2476 4663 2520 4718 Ο
2568 4663 2700 4718 artis
2753 4658 3136 4716 inaist-imabilis
3170 4657 3359 4722 virtus,
3405 4667 3526 4724 qua:
3573 4651 3701 4704 dum
3749 4660 3799 4701 se

2213 4757 2342 4814 dicit
2363 4757 2567 4822 ludere,
2597 4765 2802 4810 naturae
2823 4753 3079 4824 praevalet
3101 4757 3308 4805 secreta
3332 4746 3582 4816 vulgare!
3605 4741 3798 4798 Secun-

2215 4849 2340 4902 dum
2368 4849 2438 4902 sit
2474 4859 2519 4914 ν,
2573 4847 2662 4902 ubi
2691 4855 2888 4918 practer
2912 4845 3039 4900 solis
3069 4843 3252 4898 radios
3281 4841 3412 4895 hora
3441 4835 3790 4906 dignoscitur,

2213 4948 2401 4995 noctes
2423 4940 2476 4993 in
2489 4946 2673 5011 partes
2687 4937 2958 5001 dividens;
2985 4933 3130 5005 quod
3153 4941 3212 4988 ut
3235 4931 3360 4986 nihil
3384 4927 3604 4983 deberet
3628 4923 3790 4982 astris,

2217 5029 2482 5084 rationem
2505 5029 2625 5084 coeli
2655 5027 2722 5080 ad
2753 5041 3008 5095 aquarum
3041 5025 3222 5094 potius
3245 5021 3446 5078 ﬂuenta
3499 5017 3788 5074 convertit:

2217 5139 2446 5194 quorum
2497 5124 2732 5178 motibus
2759 5120 3014 5186 ostendit,
3047 5119 3190 5188 quod
3229 5117 3422 5172 coelum
3455 5112 3720 5176 volvitur;
3747 5117 3794 5161 et

2212 5216 2400 5272 audaci
2429 5215 2847 5286 pnesumptioue
2869 5219 3150 5280 concepta,
3171 5225 3259 5264 ars
3274 5207 3557 5264 elementis
3573 5201 3786 5262 confert,

2213 5307 2354 5378 quod
2385 5307 2604 5376 originis
2623 5305 2864 5360 conditio
2887 5301 3192 5370 denegavit.
3215 5298 3488 5354 Universa:
3509 5293 3790 5364 disciplina:

2214 5409 2437 5457 cunctus
2467 5395 2814 5470 prudentium
2837 5395 2992 5452 labor
3019 5401 3224 5448 natura:
3245 5391 3566 5463 potentiam,
3599 5397 3662 5444 ut
3681 5397 3786 5442 tan-

2271 5663 2490 5718 .luretus
2518 5677 2620 5733 pro
2657 5659 2946 5733 Latialem,
2969 5664 3150 5733 putat
3179 5653 3468 5733 legendum
3496 5654 3780 5733 Latiarem.

2273 5733 2299 5772 δ
2328 5733 2495 5788 Juret.
2521 5725 2671 5804 putat
2691 5749 2790 5802 pro
2814 5725 3095 5804 fritiiiiunl,
3121 5728 3406 5804 legendum
3434 5725 3784 5804 fﬁrtgitttiuiit,

2200 5817 2257 5860 ut
2278 5805 2422 5886 apud
2448 5797 2730 5886 Apuleium
2762 5797 2882 5872 pag.
2913 5800 3018 5855 240
3046 5817 3058 5852 :
3085 5819 3101 5850 ι
3125 5799 3342 5854 Merulae
3364 5797 3667 5854 inremotis
3687 5801 3786 5848 tes-

2200 5890 2318 5927 ants
2342 5872 2692 5927 fringultiunt.
2719 5895 2736 5926 ι

2199 5891 2318 5946 qnis
2342 5891 2692 5942 ll’lngllllllllll.
2719 5895 2736 5926 ι

2275 5955 2296 5985 ο
2329 5943 2404 6000 De
2425 5945 2706 6010 borologio
2729 5941 3038 6010 hvdraulico
3060 5939 3280 6012 scripsit
3297 5935 3636 6016 Athenaeus...
