3992 6468
502 382 610 443 843
1720 382 1795 440 Il.
1834 376 2114 439 AURELII

2215 376 2544 439 \SSIODOR]
3690 379 3831 439 544

513 518 643 562 num
667 502 731 559 αἳ
758 501 1030 573 Agnoscat
1055 498 1205 557 curia
1233 496 1577 571 Transalpini
1602 498 1876 569 sanguinis
1902 499 2087 566 decus,
2116 499 2168 561 Α
2194 498 2572 570 praedicantur.
2595 496 2790 555 Currat
2807 495 3049 579 quinimo
3074 495 3343 555 honorum
3368 496 3545 568 gratia
3564 509 3686 569 per
3714 512 3828 569 pa-

501 612 621 668 qua:
644 611 752 651 non
780 595 951 651 semel
979 609 1237 651 coronam
1276 609 1430 651 suam
1476 593 1775 649 nobilitatis
1820 591 1935 663 ejus
1955 590 2090 647 ﬂore
2191 600 2390 661 rentes,
2440 595 2539 651 sub
2567 594 2793 665 imperio
2830 594 2959 650 boni
3002 594 3263 666 principis
3289 595 3533 651 omnium
3562 594 3823 652 fortuna

500 688 742 745 vestivit.
768 686 930 743 Novit
950 688 1091 743 inter
1108 688 1351 756 reliquos
1370 685 1545 743 fasces
1566 687 1712 742 viros
1733 686 1856 741 inde
1878 699 2091 741 sumere
2189 686 2458 757 proﬁciat.
2482 685 2616 741 Nam
2656 686 2774 756 quis
2810 686 3065 756 desperet
3091 694 3459 756 augmentum,
3489 687 3584 742 ubi
3613 694 3721 742 est
3754 688 3819 742 in

500 781 835 847 consulares,
865 780 958 851 qui
1005 780 1166 849 longo
1196 788 1480 836 stemmate
1518 780 1681 835 ducto
1708 794 1808 850 per
1852 777 2090 845 trabeas,
2191 793 2379 835 amore
2423 777 2642 845 donum,
2676 786 2732 833 et
2758 787 3017 848 prtestare
3047 778 3431 849 propositum?
3473 775 3663 847 Hujus
3718 792 3825 834 ex-

502 875 624 945 lege
667 884 972 945 temporum
1017 873 1341 943 originarius
1388 882 1472 930 est
1499 873 1786 928 bonorum.
1812 872 1944 927 Nam
1972 870 2093 943 quis
2192 870 2489 940 perimenta
2504 869 2803 925 clementim
2819 877 2873 923 te
2888 870 3088 925 retines
3108 870 3820 942 approbasse|nm.,teues

502 964 768 1021 bonorum
800 964 1035 1020 indolem
1078 965 1287 1019 nesciat
1314 980 1434 1020 esse
1476 963 1733 1032 Felicem,
1784 965 1875 1033 qui
1906 963 2093 1034 primis
2193 978 2281 1018 me
2321 959 2691 1033 approbasse],
2725 978 2847 1016 cum
2890 962 2993 1017 soli
3021 961 3269 1031 genitalis
3308 960 3523 1017 fortuna
3571 961 3815 1028 relicta,

504 1054 756 1124 auspiciis
797 1053 923 1110 hinc
975 1054 1211 1125 prodidit
1239 1056 1510 1124 meritum,
1555 1056 1699 1126 quod
1749 1056 1818 1110 ad
1864 1056 2094 1126 patriam

505 1145 655 1201 visus
697 1153 782 1204 est
809 1146 1066 1201 festinare
1096 1148 1371 1203 virtutum.
1416 1149 1623 1204 Bonum
1668 1149 1930 1218 judicium
1988 1157 2091 1218 est,

507 1242 692 1291 secuta
724 1237 1055 1307 prosperitas
1075 1240 1102 1293 ἐ
1132 1238 1305 1295 crevit
1351 1254 1472 1294 cum
1501 1240 1748 1295 libertate
1772 1248 2093 1311 provectus;

512 1342 612 1383 nec
639 1328 781 1397 passi
822 1344 1006 1384 sumus
1054 1345 1177 1386 eum
1206 1330 1497 1402 inglorium
1534 1334 1861 1403 relinquere,
1894 1334 1986 1403 qui
2029 1332 2098 1390 ad

512 1421 776 1474 honorem
822 1420 1029 1491 reipub.
1066 1408 1270 1478 meruit
1320 1424 1625 1495 pervenire.
1682 1426 1885 1494 Dignus
1937 1425 2099 1497 plane

510 1508 847 1579 largitatibus
876 1512 1089 1577 nostris,
1122 1514 1213 1584 qui
1243 1514 1299 1569 in
1339 1514 1456 1585 ipso
1484 1517 1730 1586 pueritim
1760 1516 1894 1571 flore
1922 1524 2101 1572 matu-

468 1678 471 1689 λ
516 1601 592 1656 ris
615 1603 853 1658 moribus
877 1602 1137 1659 lubm'cam
1153 1603 1642 1674 frenavitaetatem;
1666 1616 1737 1673 et,
1754 1607 1898 1677 quod
1918 1624 2097 1665 rarum

515 1695 858 1751 continentia:
905 1695 1109 1753 bonum
1163 1706 1279 1767 est,
1311 1708 1467 1769 patre
1518 1700 1777 1771 privatus,
1822 1703 2102 1772 gravitatis

515 1782 686 1839 factus
738 1793 822 1840 est
876 1786 1016 1842 ﬁlius
1056 1806 1069 1841 :
1110 1789 1459 1859 cupiditatem
1509 1790 1782 1848 inimicam
1824 1776 2135 1865 sapientize

2198 1054 2347 1110 velut
2374 1054 2607 1125 quodam
2634 1052 2964 1123 postliminio
2987 1053 3038 1108 in
3069 1054 3347 1125 antiquam
3374 1054 3607 1124 patriam
3638 1066 3815 1108 com-

2196 1146 2690 1217 measses.Excepit
2711 1154 2763 1200 te
2782 1154 2967 1202 noster
2986 1144 3233 1215 affectus,
3250 1146 3489 1217 implevit
3511 1139 3815 1203 beneﬁa’u

2196 1254 2407 1306 manus,
2435 1239 2667 1309 fecitque
2693 1254 2813 1294 esse
2835 1246 3041 1303 votum,
3073 1237 3219 1308 quod
3241 1248 3485 1294 nostrum
3525 1238 3811 1309 expetiit;-

2198 1352 2285 1394 ses
2312 1335 2615 1407 imperium.
2646 1333 2735 1391 Sic
2765 1335 2907 1390 enim
2951 1334 3178 1390 decebat
3222 1349 3493 1399 crescere,
3525 1334 3625 1403 qui
3684 1348 3810 1389 me-

2200 1429 2333 1484 liora
2361 1428 2507 1483 visus
2534 1433 2617 1482 est
2644 1424 2892 1495 elegisse.
2918 1423 3156 1479 Mutatur
3202 1424 3347 1479 enim
3394 1424 3619 1480 fortuna
3676 1439 3807 1480 cum

2200 1518 2458 1586 dominis;
2488 1526 2546 1574 et
2578 1518 2633 1573 in
2663 1518 2820 1573 laude
2845 1516 3121 1586 regnantis
3148 1514 3392 1586 proﬁcit,
3434 1515 3583 1587 quod
3612 1514 3809 1585 subje-

2200 1619 2322 1668 ctus
2359 1611 2607 1681 acquirit.
2640 1610 2709 1664 At
2735 1616 2792 1663 tu
2818 1624 3004 1680 parem
3033 1616 3087 1663 te
3116 1609 3241 1664 huic
3266 1594 3617 1679 indulgentia:
3660 1623 3805 1678 prm-

2203 1704 2404 1760 stitisti.
2436 1703 2632 1758 lllustri
2681 1702 2825 1757 enim
2856 1702 3063 1757 honore
3094 1701 3322 1767 ditatus,
3356 1709 3505 1756 tanta
3535 1709 3595 1756 te
3620 1710 3807 1755 maluo

2203 1795 2365 1851 ritate
2392 1794 2679 1860 tractabas,
2715 1801 2775 1848 ut
2822 1809 2995 1849 annos
3043 1793 3193 1861 leves
3237 1793 3505 1864 patereris
3534 1808 3659 1849 esse
3703 1792 3806 1848 sub

512 1875 838 1946 subjugavit,
872 1878 1129 1934 vitiorum
1178 1880 1374 1936 blanda
1430 1883 1783 1954 contempsit,
1839 1884 2103 1955 superbia:
2133 1878 2182 1940 B
2207 1885 2467 1958 pondere,
2498 1900 2658 1957 quem
2688 1901 2798 1940 non
2826 1885 3005 1958 potuit
3042 1884 3097 1939 in
3145 1884 3317 1955 prima
3363 1891 3527 1939 aetate
3576 1884 3802 1942 vineae

514 1981 652 2021 vana
681 1968 931 2024 calcavit.
962 1968 1040 2025 Ita
1059 1973 1325 2041 superatis
1354 1975 1665 2031 excessibus
1690 1984 1816 2031 ante
1858 1976 1987 2031 dare
2016 1977 2101 2032 vi-

514 2073 604 2114 sus
632 2068 715 2115 est
742 2062 809 2117 de
838 2063 1077 2120 moribus
1106 2066 1464 2122 consulatum.
1493 2068 1603 2124 Nos
1636 2078 1815 2125 autem
1838 2070 1929 2142 qui
1951 2072 2107 2130 bonis

516 2154 830 2210 redimimur
850 2156 1125 2224 institutis,
1153 2173 1289 2227 quos
1310 2160 1551 2231 probitas
1574 2162 1815 2232 inspecta
1830 2163 2102 2234 conciliat,

518 2246 731 2301 curules
760 2246 955 2303 infulas
984 2247 1011 2286 δ
1042 2250 1387 2320 praestitimus
1417 2253 1724 2322 candidato,
1757 2262 1819 2310 ut
1844 2256 2106 2313 virtutum

518 2336 785 2394 desideria
805 2341 1073 2410 possimus
1094 2359 1394 2413 provocare
1415 2362 1513 2416 per
1541 2363 1767 2403 munera
1796 2368 1808 2403 :
1841 2350 1967 2420 quia
1996 2367 2105 2407 non

520 2427 702 2485 deficit
727 2432 808 2486 rei
835 2432 1087 2501 studium,
1120 2451 1240 2506 quae
1260 2438 1539 2507 praemium
1566 2440 1767 2507 largius
1805 2441 1987 2498 habet.
2011 2442 2109 2497 Δι-

521 2533 625 2589 que
653 2520 774 2579 ideo
803 2539 918 2593 vos,
951 2527 1043 2596 qui
1074 2529 1353 2600 utriusque
1378 2530 1589 2599 reipnb.
1614 2531 1773 2586 bonis
1816 2532 2107 2589 indiscreta

521 2613 745 2682 potestis
791 2616 963 2684 gratia
1009 2617 1289 2687 delectari,
1339 2621 1550 2690 jungite
1580 2622 1843 2692 favorem,
1873 2624 2108 2681 adunate

524 2705 867 2761 sententiam.
898 2708 1193 2765 Amborum
1233 2712 1441 2781 judicio
1471 2715 1664 2785 dignus
1711 2724 1796 2773 est
1836 2718 1982 2788 eligi,
2015 2719 2108 2791 qui
2158 2740 2161 2743 ·

527 2795 693 2851 tantis
714 2796 946 2856 fascibus
967 2810 1205 2857 meretur
1232 2805 1435 2874 augeri.

1100 2938 1433 2996 EPISTOLA
1470 2941 1535 2998 11.

525 3036 700 3085 nuc:
726 3044 850 3087 Vino
890 3045 1137 3089 ILLUSTRI
1178 3050 1396 3090 consum
1435 3050 1716 3093 onntmnto
1747 3052 2112 3097 rnsononrcns

1253 3123 1381 3163 REX.

2208 1979 2494 2035 fortissima
2519 1978 2603 2033 vis
2631 1986 2854 2033 naturaz.
2891 1977 3118 2031 Paterna
3147 1976 3290 2031 enim
3317 1975 3625 2031 substantia
3651 1974 3801 2030 locn-

2206 2072 2462 2144 pletatus,
2487 2084 2606 2141 quae
2623 2084 2837 2139 semper
2856 2082 3028 2123 novos
3054 2067 3266 2122 extollit
3281 2066 3544 2129 haeredes,
3574 2080 3802 2121 conser-

2206 2164 2344 2220 vasti
2367 2162 2597 2228 divitias,
2630 2177 2753 2217 cum
2782 2160 2851 2215 ad
2877 2174 2969 2215 eas
2997 2167 3193 2230 praeter
3216 2158 3419 2213 laboris
3447 2156 3635 2213 studia
3675 2172 3802 2227 per-

2208 2255 2464 2311 venisses.
2495 2252 2648 2309 Solet
2661 2252 2803 2307 enim
2826 2250 2983 2307 facile
3011 2250 3139 2314 labi,
3168 2249 3315 2319 quod
3340 2249 3459 2305 sine
3482 2246 3803 2305 difficultate

2208 2348 2383 2420 potuit
2414 2347 2660 2402 inveniri.
2687 2344 2897 2400 Auxisti
2924 2344 3308 2415 patrimonium
3332 2342 3645 2397 vivacitatis
3666 2340 3687 2414 [
3710 2340 3801 2398 Gr.

2208 2448 2258 2493 et
2279 2437 2420 2509 Cuj.,
2452 2434 2777 2507 vicinitatis]
2805 2436 3078 2491 instantia.
3110 2434 3243 2489 Nam
3268 2434 3412 2505 quod
3440 2435 3658 2503 signum
3686 2448 3803 2488 ma-

2209 2532 2289 2601 gis
2310 2531 2465 2585 bona:
2494 2529 2913 2601 dispensationis
2945 2529 3048 2602 [σά.
3080 2528 3198 2594 Ασ..
3224 2527 3621 2598 dispositionis]
3653 2543 3803 2598 qua:-

2210 2632 2377 2688 ratur,
2428 2624 2517 2679 ubi
2546 2622 2699 2679 testis
2746 2631 2829 2678 est
2851 2622 3200 2679 consulatus?
3246 2621 3306 2676 ιιι
3352 2630 3503 2676 tanta
3544 2621 3801 2675 facultate

2210 2714 2472 2781 meruisti,
2502 2713 2570 2768 ad
2597 2714 2743 2785 quod
2769 2715 2857 2768 vix
2877 2712 3079 2768 eversis
3102 2713 3441 2783 patrimoniis
3463 2714 3797 2783 pervenitur.

2211 2806 2422 2863 Privata
2478 2808 2712 2877 parcitas
2760 2806 3119 2862 liberalitates
3164 2806 3407 2876 publicas
3453 2817 3474 2842 ε
3524 2806 3793 2860 enutririt.

2211 2901 2491 2958 Transiisti
2522 2901 2749 2971 gloriam
2798 2901 2967 2970 patris
3011 2900 3366 2969 dispositione
3416 2898 3704 2964 laudabili;
3748 2905 3796 2956 et

2212 2997 2357 3067 quod
2398 2997 2488 3052 ille
2517 3011 2789 3055 assumere
2816 3010 2923 3049 non
2968 2994 3159 3061 valuit,
3188 2993 3255 3049 de
3285 2993 3405 3062 ejus
3429 2992 3629 3063 opibus
3676 2990 3797 3045 effe-

2214 3091 2353 3147 cisti.
2383 3090 2572 3145 Celsos
2598 3104 2787 3144 currus
2838 3088 2939 3144 nisi
2993 3086 3320 3142 conﬁdentia
3350 3100 3543 3155 magna
3575 3100 3686 3139 non
3716 3098 3795 3154 ap-

524 3191 802 3266 Confertur
827 3196 907 3251 illi
933 3197 1216 3272 indictione
1246 3215 1310 3272 tv
1338 3202 1561 3254 consulis
1605 3201 1834 3272 dignitas
1858 3242 1872 3269 ,
1907 3204 2113 3260 multis-

2215 3184 2371 3254 petit,
2396 3184 2522 3238 dum
2543 3183 2789 3252 generosi
2822 3190 2905 3235 est
2932 3182 3095 3235 animi
3125 3188 3313 3250 optare
3350 3179 3495 3247 quod
3535 3191 3793 3232 summum

1009 3286 1103 3339 que
1130 3270 1367 3323 laudibus
1396 3272 1626 3338 effertur.

600 3349 851 3411 Amamus
895 3356 1157 3413 beneficia
1204 3368 1387 3415 nostra
1438 3362 1745 3429 geminare,
1803 3379 1905 3421 nec
1934 3366 2112 3441 semel

528 3452 746 3514 praestat
798 3446 1015 3516 largitas
1071 3450 1269 3505 collata
1322 3451 1635 3520 fastidium;
1685 3457 1964 3527 magisque
2008 3476 2111 3517 nos

528 3545 826 3606 provocant
852 3539 922 3593 ad
968 3541 1222 3610 frequens
1270 3545 1571 3614 praemium,
1602 3546 1690 3616 qui
1723 3548 1873 3604 initia
1912 3560 2111 3608 nostra:

528 3627 713 3695 gratia:
756 3631 1030 3702 suscipere
1085 3644 1416 3691 meruerunt.
1460 3636 1625 3693 Novis
1672 3640 1814 3695 cnim
1849 3640 2111 3711 judicium

531 3718 873 3789 impenditur,
906 3723 1061 3781 favor
1088 3735 1265 3783 autem
1319 3730 1488 3785 semel
1544 3732 1754 3801 placitis
1803 3735 2107 3792 exhibetur.

532 3812 795 3869 Decorum
826 3825 909 3873 est
938 3833 1167 3887 namque
1197 3819 1455 3891 principis
1482 3823 1704 3878 arbitria
1746 3840 1852 3879 non
1882 3825 2110 3892 haerere,

533 3908 656 3978 quia
684 3911 1129 3967 commendantur
1174 3914 1353 3983 priora
1402 3916 1792 3984 posterioribus
1838 3918 2013 3984 donis,
2059 3927 2117 3975 et

534 3998 775 4057 firmatur
816 4005 993 4061 omnis
1022 4004 1319 4061 indubitata
1366 4006 1435 4061 de
1471 4009 1793 4078 repetitione
1822 4012 2111 4068 sententia.

533 4091 747 4148 Pridem
778 4094 872 4149 tibi
896 4095 1163 4150 honorum
1214 4096 1498 4152 tribuimus
1522 4099 1766 4168 gradum,
1797 4116 1940 4155 nunc
1965 4101 2117 4156 fasti-

533 4184 676 4251 gium
707 4188 1053 4242 concedimus
1096 4186 1452 4257 dignitatum;
1504 4198 1563 4245 ut
1602 4198 1658 4245 et
1708 4192 1979 4248 anteriora
2023 4192 2119 4248 tibi

537 4280 730 4336 merito
768 4283 1063 4339 contulisse
1101 4283 1396 4349 videamur,
1434 4292 1489 4339 et
1529 4285 1582 4338 in
1611 4286 1963 4354 sequentibus
1988 4302 2120 4341 con-

538 4372 789 4427 stantiam
833 4380 1019 4430 tenere
1065 4382 1247 4430 nostra
1294 4375 1597 4441 benignitas
1641 4376 1953 4432 aestimetur.
2004 4377 2121 4432 Non

2137 3265 2183 3330 C
2215 3283 2317 3330 est.
2346 3273 2617 3329 Audentes
2646 3274 2770 3329 facit
2800 3274 3047 3327 homines
3096 3272 3290 3327 fiducia
3320 3272 3419 3337 sui,
3454 3272 3583 3342 quia
3608 3286 3667 3325 se
3693 3284 3793 3323 non

2213 3368 2415 3439 patitur
2456 3368 2719 3431 occulere,
2762 3381 2921 3435 quem
2976 3366 3278 3435 praecipitat
3324 3374 3516 3419 natura
3550 3363 3779 3433 prodire.

2216 3458 2395 3514 Rediit
2436 3473 2534 3527 per
2587 3466 2639 3513 te
2694 3458 3059 3528 Transalpina:
3104 3457 3320 3512 familia:
3370 3457 3706 3520 consulatus,
3745 3463 3792 3509 et

2216 3561 2433 3608 arentes
2480 3551 2664 3606 laurus
2716 3551 2873 3605 viridi
2931 3552 3174 3620 germine
3223 3550 3522 3606 renovasti.
3583 3548 3790 3604 Sacram

2221 3642 2418 3698 Urbem
2440 3642 2619 3713 aspice
2641 3642 2748 3697 tuis
2779 3642 2920 3697 votis
2941 3642 3301 3697 candidatam.
3336 3640 3521 3695 Tende
3551 3640 3712 3708 igitur
3730 3638 3785 3692 ad

2215 3734 2435 3790 laudum
2464 3733 2608 3789 celsa
2635 3733 2891 3803 vestigia;
2934 3742 2993 3789 ut
3022 3734 3236 3803 priores
3263 3743 3404 3795 tuos,
3437 3748 3577 3802 quos
3604 3733 3791 3786 honore

2214 3844 2456 3899 reparas,
2490 3827 2687 3881 virtute
2722 3822 3093 3879 transcendas.
3146 3824 3310 3879 Sume
3340 3824 3504 3892 igitur
3542 3838 3641 3893 per
3668 3822 3792 3875 indi-

2216 3921 2453 3975 ctionem
2479 3926 2726 3987 quartam
2755 3916 2831 3989 [id
2851 3926 2927 3971 est
2949 3931 3037 3970 an.
3070 3914 3199 3971 Chr.
3227 3914 3321 3969 511
3344 3914 3363 3986 ]
3384 3917 3699 3971 consulatus
3726 3916 3795 3968 in-

2216 4011 2407 4080 signia,
2440 4011 2766 4079 dignumque
2816 4016 2869 4063 te
2910 4016 3186 4062 tantorum
3226 4007 3507 4063 desideriis
3554 4004 3795 4076 praesenti

2216 4102 2507 4172 comproba
2533 4101 2801 4169 largitate.
2826 4098 2925 4153 Hic
2953 4097 3200 4171 profecto
3231 4098 3383 4151 locus
3411 4106 3517 4160 est,
3560 4099 3652 4151 ubi
3674 4111 3796 4166 pra:-

2222 4193 2438 4248 conium
2469 4201 2705 4247 meretur
2734 4189 2955 4257 eﬁ‘usio;
2986 4197 3043 4245 et
3081 4190 3296 4245 virtutis
3322 4203 3492 4258 genus
3548 4174 3651 4253 est,
3686 4203 3798 4259 pro-

2222 4285 2395 4357 priam
2424 4285 2778 4339 substantiam
2806 4298 2916 4339 non
2946 4298 3149 4349 amare,
3183 4282 3274 4338 ubi
3303 4289 3512 4337 tantum
3540 4282 3798 4351 opinionis

2227 4376 2537 4446 acquiritur,
2568 4384 2829 4445 quantum
2875 4375 3221 4431 facultatibus
3241 4375 3553 4444 abrogatur.
3582 4374 3800 4445 Respice

540 4460 682 4515 enim
702 4461 933 4532 relinqui
955 4464 1213 4533 inglorios
1226 4464 1482 4535 patimur,
1512 4466 1605 4535 qui
1634 4467 1847 4536 generis
1876 4467 2135 4525 claritate
2228 4475 2285 4525 te
2313 4484 2476 4541 supra
2496 4469 2737 4525 omnium
2783 4469 3042 4525 humeros
3097 4476 3262 4539 atque
3311 4482 3407 4524 ora
3438 4467 3703 4534 volitare;
3729 4476 3801 4521 ta-

614 4667 642 4698 ·
767 4658 919 4735 Grul.
949 4669 1006 4719 et
1033 4662 1197 4734 Cujas
1235 4670 1428 4735 putant
1470 4664 1775 4735 legendum,
1807 4672 1856 4719 et
1883 4665 1939 4720 in
1966 4681 2118 4722 vene-

543 4729 695 4805 randi
723 4734 947 4786 nominis
995 4729 1173 4805 emtum
1226 4729 1549 4789 dnnumeref
1568 4729 1917 4790 Gallicanum.
1965 4736 2116 4805 Mss.,

544 4796 614 4854 Et
646 4802 701 4855 in
748 4804 1036 4859 venerando
1082 4806 1304 4859 nominis
1353 4816 1481 4860 coetu
1530 4817 1829 4861 annumeret
1885 4796 2121 4863 Gallica;

544 4886 685 4925 num.

616 4939 643 4980 δ
672 4941 844 5019 infula
871 4940 1034 5019 fascia
1063 4946 1223 5019 estin
1275 4947 1494 5003 modum
1543 4946 1891 5019 diadematis,
1942 4962 2121 5019 aquo

546 5011 854 5088 dependent
879 5014 1024 5088 vittae
1052 5016 1121 5069 ab
1169 5025 1396 5087 utraque
1441 5027 1613 5088 parte.
1646 5011 1884 5085 Quidam»
1925 5011 2122 5075 infulas

546 5082 885 5139 sacerdotum
918 5085 1247 5142 lilamentum
1272 5082 1552 5144 vocabant.
1584 5082 1689 5143 Alii
1708 5091 1951 5144 scribunt
1981 5088 2119 5143 infu-

548 5153 628 5207 las
659 5154 927 5229 lilamenta
972 5156 1091 5211 alba
1130 5172 1249 5213 esse
1278 5159 1469 5229 quibus
1514 5161 1711 5229 templa
1761 5160 2121 5225 ornabantur;

548 5232 603 5300 et
630 5225 794 5300 moris
816 5226 977 5283 fuisse
1000 5235 1057 5300 ut
1077 5225 1358 5300 nubentes,
1378 5225 1686 5300 priusquam
1713 5232 1890 5300 mariti
1907 5230 2126 5300 domum

549 5294 977 5369 ingrederentur,
1011 5297 1188 5353 infulis
1216 5294 1399 5369 postes
1424 5294 1699 5356 ornarent.
1736 5299 1870 5355 Hinc
1900 5299 2123 5365 factum,

552 5373 609 5440 ut
628 5365 694 5440 ad
720 5381 935 5440 omnem
961 5365 1272 5440 dignitatem
1294 5370 1578 5440 referatur,
1600 5373 1854 5440 quoniam
1876 5370 2130 5439 quaelibet

551 5434 996 5510 dignitas__habui_t
1023 5434 1247 5510 insignia
1297 5456 1417 5495 sua.
1451 5434 1579 5494 Erat
1608 5434 1661 5494 et
1716 5440 1877 5494 infula
1895 5434 2125 5510 '_corona

553 5505 862 5581 imperialis.
890 5508 926 5561 l.
957 5508 1047 5581 lin.
1082 5505 1153 5581 rin'
1181 5511 1301 5565 ﬁne.
1327 5511 1387 5565 C.
1422 5510 1489 5567 de
1528 5512 1687 5581 quad.
1724 5507 2018 5581 praes.lloc
2045 5517 2130 5564 est

552 5575 797 5647 diadema
828 5578 971 5647 quod
998 5577 1241 5635 Valerius
1270 5591 1429 5636 vocat
1479 5575 1736 5634 nobilem'
1761 5580 1930 5647 magis
1965 5594 2125 5647 quam

554 5643 766 5718 felicem
788 5643 1043 5718 pannum,
1070 5651 1254 5706 multis
1281 5654 1442 5716 curis,
1462 5643 1929 5714 sollicitudinibus,
1965 5643 2127 5705 mise-

556 5716 756 5783 riisque
792 5716 1076 5775 refertum.
1108 5719 1245 5775 Sunt
1291 5723 1452 5774 etiam
1501 5720 1679 5774 infulae
1706 5721 2036 5782 consulares,
2070 5728 2128 5775 et

599 5788 797 5861 mfectj
828 5792 1095 5857 praetorio,
1138 5801 1198 5846 ut
1228 5792 1262 5846 1.
1294 5792 1317 5845 1
1351 5790 1411 5845 C.
1443 5791 1510 5845 de
1538 5791 1758 5846 Consul.
1788 5790 1825 5843 l.
1862 5790 1950 5843 lin.
2007 5791 2034 5861 ᾗ
2070 5791 2121 5847 1.

607 5897 620 5909 .
643 5856 734 5937 ,(16
759 5856 941 5913 decur.
956 5861 1080 5987 34
1104 5862 1237 5916 Item
1266 5861 1445 5917 infulae
1465 5864 1705 5930 magistri
1729 5856 2050 5929 ofﬁciorum,
2081 5862 2118 5915 l.

641 5940 696 5981 In
724 5926 816 5985 lin.
845 5928 906 5986 Cn
992 5946 1023 5987 θ
1051 5931 1320 5987 nrimicer.
1349 5932 1483 5987 item
1525 5940 1651 5987 sunt
1677 5930 1854 5987 infulae
1881 5931 2118 5987 quaedam

559 5924 599 5980 2
641 5924 696 5981 in
724 5926 816 5985 lin.
845 5928 906 5986 α.
956 5924 1023 5987 de
1047 5924 1320 6002 primicer.
1349 5932 1483 5989 Item
1525 5924 1651 5990 sunt
1677 5930 1854 5990 infulae
1881 5924 2123 6003 quaedam

2146 4671 2200 4735 D
2222 4668 2372 4739 signa
2411 4668 2605 4739 quibus
2645 4666 2991 4738 distinguitur
3017 4668 3154 4725 liber
3198 4683 3229 4723 a
3253 4683 3432 4731 servo,
3457 4667 3497 4722 l.
3525 4666 3794 4737 jubemus.

2230 4740 2291 4795 C.
2324 4740 2390 4796 de
2410 4756 2574 4810 praep.
2605 4755 2746 4796 sacr.
2778 4741 2903 4795 cub.
2934 4739 3023 4795 Sic
3043 4742 3308 4810 honorum
3339 4739 3516 4793 infulae
3539 4741 3593 4793 in
3616 4740 3653 4793 l.
3691 4741 3713 4793 l
3741 4741 3795 4797 C.

2230 4811 2296 4880 de
2326 4808 2611 4880 temporib.
2639 4810 2816 4880 appel.
2866 4810 3178 4879 lmperiales
3228 4808 3405 4865 infula:
3434 4810 3486 4864 in
3534 4810 3572 4863 l.
3616 4813 3712 4865 ult.
3742 4811 3796 4868 C.

2229 4878 2300 4935 de
2319 4878 2526 4950 quadri.
2553 4878 2771 4950 prmscr.
2804 4878 3023 4949 majoris
3052 4880 3527 4936 administrationis
3545 4881 3726 4937 infulaa
3751 4884 3800 4937 in

2229 4950 2267 5005 l.
2296 4950 2320 5003 1
2348 4949 2409 5006 C.
2443 4960 2504 5005 ut
2525 4949 2714 5007 omnes
2736 4950 2962 5007 iudices.
2988 4951 3176 5006 Bnoss.

2304 5032 2326 5060 ο
2353 5020 2521 5077 Paulo
2551 5031 2673 5091 post
2692 5020 3010 5077 effusionem
3051 5022 3295 5076 nominat
3316 5025 3412 5083 τὰς
3458 5025 3732 5088 ὑπατείας,
3752 5032 3802 5080 et

2230 5090 2448 5147 missilia
2478 5090 2758 5147 consulum
2786 5092 3056 5158 intelligit,
3088 5100 3144 5145 et
3183 5108 3404 5147 munera
3433 5108 3623 5148 eorum
3665 5110 3801 5149 sum-

2230 5162 2609 5234 ptqeduntur
2648 5164 2869 5234 populo,
2904 5161 3040 5234 infra
3073 5162 3162 5234 lib.
3198 5178 3271 5226 vr,
3321 5160 3479 5234 form.
3532 5164 3586 5219 1.
3634 5163 3671 5217 l.
3716 5165 3794 5220 56.

2231 5232 2543 5304 Publicitus,
2575 5232 2752 5289 Dfde
2788 5232 2952 5287 cond.
2994 5242 3048 5289 et
3095 5233 3388 5304 demonstr.
3436 5233 3593 5300 Quod
3619 5245 3797 5304 postea

2230 5303 2426 5359 Leonis
2448 5314 2502 5359 et
2531 5304 2761 5358 Zenonis
2783 5303 3259 5359 constitutionibus
3281 5303 3631 5373 prohibitum,
3657 5316 3709 5358 et
3738 5305 3797 5358 ad

2230 5375 2637 5444 aqnmductuum
2656 5376 3099 5429 instaurationem
3123 5375 3440 5429 translatum
3466 5385 3569 5442 est,
3596 5376 3633 5431 Ι.
3664 5375 3719 5436 2,
3747 5374 3795 5441 5,

2231 5443 2371 5510 4,7C.
2401 5445 2467 5499 dc
2493 5444 2713 5501 Consul.
2749 5445 2841 5499 lib.
2886 5461 2979 5500 xu.
3009 5445 3301 5499 Martianns
3327 5461 3543 5515 quoque
3573 5448 3795 5516 impera-

2232 5524 2319 5570 tor
2339 5516 2515 5584 spargi
2556 5517 2811 5586 pecunias
2839 5530 2870 5569 a
2893 5517 3207 5572 consulibus
3251 5514 3439 5584 vetuit,
3460 5514 3663 5573 novel;
3686 5514 3793 5571 105.

2230 5592 2349 5661 περὶ
2377 5590 2602 5641 ὑπάτων.
2635 5586 2802 5642 FORN.

2301 5658 2327 5694 ά
2358 5657 2431 5711 De
2460 5659 2861 5728 erogationibus
2889 5665 2946 5713 et
2972 5659 3270 5727 sumptibus
3315 5661 3598 5716 consulum
3627 5660 3682 5714 in
3725 5661 3795 5713 lu-

2231 5728 2332 5810 dos
2352 5736 2409 5781 et
2436 5729 2657 5810 missilia
2708 5729 2943 5810 loquitur
2974 5738 3195 5810 auctor;
3219 5732 3434 5810 qua__dc
3462 5747 3523 5787 re
3550 5731 3677 5810 vide
3701 5729 3793 5810 Yo-

2228 5799 2437 5925 giscutn
2465 5799 2519 5852 in
2544 5798 2834 5881 .Aureliani
2864 5799 3012 5881 Vita;
3044 5798 3270 5856 Dionem
3300 5802 3392 5858 lib.
3438 5818 3564 5858 Lvnt
3584 5843 3601 5870 ,
3629 5802 3717 5859 ubi
3736 5800 3791 5855 de

2277 5869 2444 5925 alerio
2468 5869 2704 5925 Asratico
2734 5870 2993 5925 loamtur.
3023 5869 3210 5925 Bnoss.

2277 5869 2444 5926 alerio
2468 5869 2704 5927 Asiatico
2734 5870 2993 5941 loquitur.
3023 5869 3210 5927 Bnoss.
