3992 6452
97 398 213 458 845

1433 359 1794 464 vamanuu
1832 401 2039 461 LIBER
2073 402 2140 460 ιι.

3311 394 3422 453 846

99 513 334 585 lemque
395 519 462 572 te
514 515 714 588 praebe,
742 524 803 576 ut
846 517 1037 591 dignus
1059 534 1290 592 genere,
1339 521 1532 592 dignus
1559 523 1726 592 Urbe,
1755 524 1810 586 Α
1831 520 1938 586 ed.,
1970 514 2376 590 constantiam].
2404 515 2475 573 Et
2492 530 2802 590 quanquam
2824 515 3064 574 omnium
3086 513 3314 588 gratiam
3342 513 3422 570 iu-

99 603 309 676 dignus
338 615 553 665 nostro
569 607 795 681 judicio,
827 609 1019 681 dignus
1045 613 1246 670 trabeis
1265 611 1590 685 Laestimeris.

715 719 1048 778 EPISTOLA
1075 723 1163 780 lli.

335 823 588 869 SENATUI
617 829 766 870 URBIS
801 831 958 872 BOIB
988 833 1356 876 THBODOMCUS
1391 833 1519 874 REX.

104 895 274 983 Felix
305 899 519 983 Gallus
543 921 650 959 una
693 923 807 983 cum
835 916 984 977 patre
1020 909 1299 983 plurimum
1325 908 1732 983 commendatur,

159 975 388 1045 ejusque
437 975 519 1029 ad
539 975 864 1033 consulatum
882 975 1135 1051 proniotio
1157 982 1360 1037 senatui
1387 975 1735 1037 renuntiatur.

178 1063 474 1134 Gaudete,
509 1066 702 1127 Patres
726 1068 1050 1144 Conscripti,
1096 1073 1252 1131 vobis
1279 1073 1503 1130 rediisse
1531 1073 1740 1144 stipen-

110 1154 207 1210 di!
245 1157 635 1227 dignitatum:
667 1162 897 1232 gaudete
927 1165 1232 1236 provincias
1259 1165 1418 1234 longa
1442 1170 1602 1220 aetate
1639 1161 1741 1219 de-

109 1255 305 1304 suetas
334 1248 507 1306 viros
531 1251 689 1309 vobis
716 1253 952 1324 pendere
985 1255 1320 1326 consulares,
1350 1262 1406 1312 et
1427 1253 1496 1310 de
1523 1253 1618 1308 tali
1639 1268 1741 1309 au-

113 1339 294 1410 spicio
325 1341 558 1411 majora
587 1344 905 1415 promittite.
935 1344 1124 1401 Solent
1152 1346 1297 1402 enim
1335 1345 1485 1400 initia
1515 1353 1742 1417 porten-

113 1432 249 1487 dere
281 1433 557 1503 meliora,
589 1435 716 1492 dum
733 1438 956 1508 aparvis
984 1438 1261 1506 inchoant,
1285 1452 1406 1508 quis
1434 1437 1490 1493 in
1514 1451 1746 1508 sequen-

117 1525 270 1581 tibus
301 1540 523 1596 magna
569 1545 629 1585 se
657 1531 1011 1587 admiratione
1050 1531 1361 1587 sublimant.
1392 1529 1616 1587 Iacebat
1639 1543 1744 1584 no-

117 1617 246 1674 bilis
277 1619 452 1689 origo
487 1622 588 1678 sub
608 1622 886 1679 Gallicano
909 1623 1126 1694 justitio
1150 1633 1198 1691 ⁸,
1229 1631 1285 1679 et
1312 1622 1606 1678 honoribus
1634 1622 1746 1676 suis

120 1709 370 1778 privata,
407 1713 863 1781 peregrinabatur
905 1714 960 1769 in
1001 1715 1194 1784 patria.
1243 1712 1480 1768 Tandem
1527 1726 1749 1783 pressos

120 1799 308 1854 divina
353 1801 709 1870 levaverunt,
742 1804 970 1860 Romam
1012 1820 1269 1876 recepere
1297 1820 1419 1860 cum
1469 1804 1660 1874 gloria.
1691 1814 1748 1858 et

1835 611 2069 669 discreta
2097 609 2260 667 fuerit
2305 608 2575 666 electione
2619 613 2857 664 sectatus
2885 605 3060 677 (quod
3105 605 3175 661 de
3213 602 3421 674 magnis

1837 719 1966 761 raro
1993 702 2119 774 eligi
2147 702 2374 774 potest),
2406 707 2616 757 tantum
2643 713 2704 756 se
2731 697 2948 755 ornavit
2971 695 3186 767 patricii
3215 693 3420 750 Paulini

1838 795 2064 862 affectu,
2095 801 2158 850 ut
2195 794 2323 850 hinc
2350 791 2505 850 daret
2531 787 3160 848 mirabilis-conscientiae
3186 787 3418 860 signum,

1838 886 1986 958 quod
2007 885 2078 943 ad
2099 885 2276 943 virum
2294 884 2443 941 visus
2467 891 2552 940 est
2579 881 2836 938 festinare
2880 879 3227 951 praecipuum.
3273 877 3422 936 Prte-

1839 985 1951 1034 stat
1971 977 2116 1032 enim
2155 976 2320 1033 decus
2349 973 2587 1030 amicitia
2613 972 2914 1031 desiderata
2943 971 3231 1043 potiorum,
3261 983 3424 1039 quam

1839 1069 2074 1127 societas
2096 1067 2366 1124 bonorum
2385 1080 2598 1122 morum
2625 1064 2788 1122 callet
2809 1062 3108 1130 infundere,
3139 1062 3266 1118 dum
3295 1058 3425 1115 affe-

1839 1161 2024 1219 ctione
2051 1160 2308 1218 concordi
2336 1173 2522 1230 parem
2537 1157 2640 1216 sibi
2666 1155 2848 1214 studet
2873 1169 3012 1221 esse,
3043 1168 3206 1224 quem
3233 1151 3423 1220 diligit.

1841 1250 1980 1308 Huic
2001 1265 2150 1322 ergo,
2183 1249 2246 1306 P.
2279 1248 2370 1319 C.,
2398 1249 2556 1304 avitis
2581 1247 2740 1303 bouis
2766 1261 2888 1304 cum
2915 1243 3028 1302 suis
3049 1244 3257 1299 meritis
3283 1242 3427 1298 relu-

1842 1342 2012 1410 centi,
2043 1348 2237 1398 vestrae
2278 1339 2464 1410 gratia:
2507 1345 2757 1410 pratstate
2792 1336 3081 1406 fulgorem.
3110 1332 3227 1390 Non
3255 1333 3426 1404 impar

1843 1437 1914 1493 ad
1957 1435 2244 1493 curialium
2270 1432 2500 1503 insignia
2533 1431 2699 1498 venit,
2731 1429 2820 1500 qui
2876 1429 2946 1486 de
2973 1427 3215 1500 speciosa
3261 1425 3427 1496 stirpe

1845 1524 2146 1584 descendit.
2188 1523 2346 1593 Legit
2396 1522 2542 1578 enim
2588 1519 2761 1575 Roma
2812 1515 3122 1588 frequenter
3148 1515 3321 1570 fasces
3358 1514 3426 1569 de

1845 1621 2114 1678 mtenibus
2132 1617 2421 1675 Gallicanis
2441 1615 2501 1669 δε
2523 1629 2594 1671 ne
2613 1620 2708 1669 aut
2735 1613 2790 1668 in
2818 1611 3014 1667 damno
3037 1626 3136 1666 suo
3162 1609 3430 1680 praecipua

1847 1719 2242 1779 contemneret,
2267 1719 2361 1766 aut
2381 1709 2606 1782 probata
2618 1707 2787 1764 virtus
2806 1705 3071 1761 inhonora
3095 1711 3238 1761 esset
3258 1702 3429 1775 [mss.,

1829 1778 2340 1880 Iinhonorasceret].
2371 1778 2663 1877 impleatur
2690 1804 2851 1876 igitur
2879 1802 3076 1858 nobilis
3120 1801 3268 1858 curia
3304 1817 3431 1872 pro-

122 1905 364 1949 avorum
395 1898 658 1966 antiquas
704 1897 892 1952 laurus
918 1897 984 1952 ab
1013 1905 1205 1952 ornata
1245 1897 1410 1952 curia:
1437 1895 1573 1950 silva
1603 1895 1748 1966 lege-
1778 1902 1827 1963 Β
1853 1899 2169 1955 vincialibus
2220 1897 2407 1962 bonis,
2466 1895 2619 1966 cujus
2647 1904 2731 1950 est
2759 1893 3038 1964 praprium
3077 1889 3433 1962 quodcunque

123 2000 280 2044 runt.
340 1990 493 2045 Nam
524 1989 644 2059 quis
673 1989 844 2059 possit
882 2003 1081 2058 negare
1108 1989 1292 2057 generi
1327 2003 1539 2053 munus,
1591 1988 1745 2057 cujus

125 2081 395 2139 habeatis
419 2083 574 2138 velut
602 2082 655 2136 in
687 2096 812 2136 arce
841 2079 1188 2150 depositum?
1219 2079 1277 2134 ln
1305 2095 1400 2134 ore
1425 2079 1623 2150 quippe
1649 2093 1745 2133 ru-

125 2175 306 2230 moris
343 2180 465 2238 est,
495 2171 769 2242 quondam
817 2170 1015 2225 Felicis
1063 2171 1238 2227 adhuc
1266 2171 1450 2227 vivere
1496 2169 1749 2226 consula-

129 2271 250 2319 tum
269 2281 284 2318 :
311 2263 457 2334 quia
481 2265 623 2319 bona
641 2263 837 2318 durare
855 2271 1056 2318 norunt
1070 2271 1189 2333 post
1209 2263 1510 2328 hominem;
1529 2270 1583 2317 et
1603 2261 1749 2331 quod

132 2354 386 2422 gloriose
417 2354 646 2425 geritur,
675 2352 780 2408 fine
809 2353 1067 2422 temporis
1094 2367 1202 2406 non
1223 2359 1456 2408 tenetur.
1497 2348 1663 2418 Cujus
1693 2357 1752 2406 ut

133 2447 433 2516 antiquam
467 2446 799 2518 prosapiam,
827 2445 1008 2502 satiati
1029 2452 1272 2500 veterum
1301 2445 1475 2516 copia,
1508 2452 1751 2500 transea-

135 2553 262 2595 mus
289 2557 305 2606 ;
355 2547 451 2595 est
480 2539 656 2595 adhuc
684 2539 738 2594 in
769 2539 940 2594 oculis
964 2539 1206 2595 omnium
1235 2539 1507 2595 candidati
1528 2538 1753 2594 nobilis-

137 2631 316 2687 simus
363 2640 550 2703 pater,
579 2634 670 2703 qui
715 2632 1014 2704 prudentia:
1055 2631 1266 2689 facibus
1303 2633 1379 2688 ita
1427 2634 1677 2704 praeluxit
1700 2633 1755 2689 in

141 2723 323 2789 curia,
370 2732 436 2779 ut
466 2724 759 2780 haberetur
793 2725 990 2780 merito
1021 2725 1200 2782 clarus
1251 2725 1395 2781 inter
1443 2733 1524 2779 tot
1552 2725 1757 2781 lumina

143 2813 511 2883 dignitatum.
553 2814 890 2870 'Litterarum
948 2814 1149 2886 quippe
1203 2813 1399 2870 studiis
1447 2813 1755 2891 dedicatus,

147 2911 490 2976 perpetuam
511 2904 836 2962 doctissimis
855 2903 1155 2975 disciplinis
1167 2903 1494 2976 mancipavit
1520 2911 1756 2960 aetatem.

147 2992 271 3050 Non
304 2996 529 3066 primis,
561 3005 620 3052 ut
646 2996 815 3060 aiunt,
836 2994 1002 3050 labris
1021 2995 1388 3065 eloquentiam
1415 3001 1759 3061 consecutus,

151 3093 275 3142 toto
311 3102 379 3142 se
411 3086 574 3140 Aonii
602 3084 751 3141 fonte
771 3085 1006 3140 satiavit.
1038 3083 1347 3140 Vehemens
1375 3083 1681 3153 disputator
1708 3083 1764 3137 in

149 3178 337 3245 libris,
366 3193 618 3234 amamus
645 3178 981 3233 declamator
1008 3178 1063 3233 in
1091 3176 1305 3244 fabulis,
1348 3177 1638 3232 verborum
1666 3193 1766 3234 no-

1847 1990 2062 2046 videtur
2081 2004 2200 2046 esse
2227 1989 2576 2060 praecipuum.
2610 1985 2729 2057 Ipse
2758 1999 2974 2056 quoque
3001 1999 3195 2050 annus,
3224 1991 3434 2052 tempo-

1849 2097 1970 2139 rum
1997 2089 2174 2153 pater,
2206 2079 2532 2153 quadrifaria
2558 2093 2619 2135 se
2642 2077 2954 2133 diversitate
2979 2074 3286 2146 componit;
3335 2088 3436 2128 nec
3471 2154 3474 2155 ν

1852 2174 2174 2231 desiderium
2201 2181 2443 2244 caperet,
2483 2171 2528 2228 si
2558 2169 2814 2227 novitatis
2841 2169 3070 2239 gratiam
3123 2182 3232 2223 non
3261 2165 3436 2220 babe-

1851 2273 1954 2322 ret.
1993 2263 2194 2320 Favete
2245 2277 2403 2334 ergo,
2441 2261 2506 2320 P.
2547 2261 2632 2329 C.,
2664 2269 2954 2331 augmento
3001 2267 3208 2327 vestro,
3250 2266 3438 2314 nostro

1848 2355 2074 2427 judicio.
2105 2355 2237 2411 Nam
2267 2356 2312 2412 si
2339 2354 2654 2412 candidatus
2679 2353 2977 2421 ornabitur,
3005 2351 3119 2424 jam
3139 2351 3291 2408 vobis
3311 2364 3438 2422 pro-

1857 2446 1967 2504 ficit
1996 2445 2140 2519 quod
2167 2454 2424 2507 meretur.

2414 2577 2747 2640 EPISTOLA
2780 2579 2870 2638 IV.

1859 2689 2068 2732 εωιοιο
2095 2675 2200 2750 [εά.
2227 2673 2282 2730 N
2287 2675 2354 2731 iv.
2383 2682 2432 2729 et
2461 2673 2633 2740 Gam.,
2681 2671 3000 2746 seusnlcro]
3041 2689 3165 2731 vnto
3189 2687 3432 2732 nonssro

2389 2759 2757 2800 TEEODORICUS
2793 2761 2919 2800 REX.

1861 2834 2074 2908 Confert
2102 2834 2381 2908 siliquatici
2407 2834 2486 2908 vel
2514 2834 2814 2908 monopolii,
2838 2851 2965 2908 quos
2993 2842 3148 2908 antea
3174 2835 3444 2908 exercebat

2005 2904 2308 2971 Antiochus,
2342 2904 2535 2970 titulos,
2566 2920 2680 2959 cum
2710 2904 2922 2959 Suionis
2951 2905 3298 2961 adminiculis.

1940 2999 2281 3054 Delectamur
2324 2996 2607 3052 vetustatis
2645 2996 2883 3062 invento,
2940 3003 2996 3053 et
3044 2999 3197 3068 sequi
3237 2998 3446 3067 regulas

1866 3092 2190 3148 constitutas
2217 3089 2451 3144 libenter
2479 3087 2889 3158 amplectimur:
2919 3088 3044 3158 quia
3083 3089 3234 3144 locus
3261 3088 3448 3144 subre-

1869 3183 2145 3257 ptionibus
2168 3197 2276 3238 non
2298 3180 2636 3250 relinquiturs
2669 3179 2882 3251 quoties
2909 3178 3303 3235 rationabiliter
3321 3193 3449 3234 conc

153 3268 339 3325 vellus
379 3276 554 3337 sator,
603 3269 1028 3339 aequiparaverat
1072 3284 1294 3340 prorsus
1349 3269 1577 3340 meritis,
1631 3284 1766 3341 Quos
1794 3283 1840 3350 ο
1869 3279 2058 3334 stituta
2107 3282 2411 3332 servantur.
2462 3271 2532 3327 Et
2576 3271 2698 3328 ideo
2743 3271 3198 3344 supplicationum
3239 3277 3450 3326 tuarum

156 3363 449 3420 lectitarat
495 3371 764 3418 auctores.
795 3361 1208 3418 Commendavit
1252 3363 1417 3418 etiam
1462 3363 1764 3419 studiorum
1874 3378 2066 3426 tenore
2093 3375 2391 3438 comperto,
2418 3364 2669 3435 prtesenti
2707 3366 3030 3419 auctoritate
3055 3361 3360 3431 definimus,
3391 3369 3454 3417 ut

159 3453 309 3510 bona
359 3469 466 3525 per
501 3452 848 3521 benignitatis
902 3453 1176 3524 insignia:
1217 3455 1396 3510 sciens
1444 3454 1766 3525 imperitiam

163 3549 340 3617 magis
368 3548 547 3603 inﬂari
580 3563 711 3603 aura
756 3547 1044 3618 superbiat,
1075 3563 1196 3620 quae
1225 3549 1432 3604 levibus
1463 3545 1646 3607 ﬂabris
1674 3565 1772 3606 ex-

167 3641 416 3710 ponitur,
465 3640 593 3710 quia
619 3639 878 3694 virtutum
923 3639 1192 3696 radicibus
1219 3656 1331 3696 non
1372 3648 1604 3696 tenetur.
1647 3639 1772 3695 Fuit

169 3730 389 3802 quidam
443 3739 756 3786 nostrorum
791 3740 1094 3802 temporum
1123 3729 1280 3797 Cato,
1329 3731 1422 3802 qui
1451 3731 1770 3788 abstinendo

172 3819 339 3887 vitiis,
367 3821 511 3875 alios
535 3819 794 3877 formaret
826 3823 1108 3893 exemplis.
1141 3821 1340 3878 Rerum
1365 3837 1581 3894 quoque
1610 3831 1771 3882 natu-

174 3912 372 3968 ralium
433 3928 632 3968 causas
675 3915 1025 3971 subtilissime
1074 3922 1473 3986 perscrutatus,
1522 3913 1774 3986 Cecropii

178 3998 448 4072 dogmatis
473 4003 654 4084 Attico
675 4019 733 4060 se
753 4006 911 4061 melle
927 4006 1208 4074 saginavit.
1234 4005 1403 4076 Digna
1425 4007 1582 4076 plane
1601 4006 1778 4062 scien-

179 4091 281 4161 tia,
314 4097 370 4151 in
427 4111 540 4167 qua
593 4111 746 4152 mens
797 4097 1176 4153 honestissima
1227 4098 1617 4168 conquiescat;
1658 4113 1776 4168 quae

183 4185 362 4244 animo
411 4204 633 4260 semper
688 4188 890 4258 aliquid
943 4189 1181 4244 salutare
1234 4189 1658 4260 complectitur:
1691 4188 1779 4244 cui

185 4282 288 4354 25
314 4284 572 4341 accidere
600 4283 745 4339 nulla
779 4295 1004 4354 possunt
1049 4284 1281 4353 ingrata,
1313 4283 1438 4338 dum
1485 4283 1588 4338 sibi
1627 4297 1780 4338 com-

1873 3460 2135 3532 quidquid
2185 3459 2252 3515 ad
2296 3457 2640 3521 Antiochum,
2688 3456 2974 3526 siliquatici
3025 3455 3111 3512 vel
3159 3454 3455 3526 monopolii

1872 3553 2060 3608 titulos
2088 3554 2452 3615 exercentem,
2484 3555 2667 3605 nostra
2690 3549 2934 3620 jussione
2959 3548 3240 3618 pertinuit,
3292 3546 3359 3602 ad
3402 3553 3458 3602 te

1873 3645 2083 3703 ratione
2127 3643 2290 3700 simili
2335 3641 2706 3710 transferatur,
2759 3649 2948 3698 contra
2983 3641 3221 3697 omnium
3251 3639 3461 3697 calum-

1875 3739 2138 3796 uiantium
2163 3737 2404 3804 insidias,
2452 3736 2598 3791 salva
2627 3735 2900 3806 aequitate,
2931 3734 3184 3805 praesenti
3229 3731 3462 3788 auctori~

1878 3841 1989 3889 tate
2013 3831 2308 3896 munitum;
2340 3829 2654 3885 habiturum
2683 3830 2846 3884 etiam
2875 3827 3196 3883 adminicula
3225 3825 3459 3892 Saionis,

1877 3940 1998 3996 quae
2017 3939 2118 3996 pro
2146 3922 2482 3980 vindicandis
2512 3921 2681 3978 titulis
2706 3919 2958 3978 antefatis
2999 3929 3184 3976 nostra
3224 3918 3320 3974 tibi
3370 3934 3465 3974 so-

1879 4017 2131 4074 lemniter
2155 4017 2447 4074 auctoritas
2474 4015 2752 4087 deputavit
2779 4033 2790 4068 :
2826 4014 2899 4070 ita
2940 4021 3122 4069 tamen
3162 4021 3223 4067 ut
3248 4011 3468 4082 privatis

1881 4111 2103 4166 minime
2141 4109 2375 4179 negotiis
2422 4109 2714 4165 misceatur
2735 4105 2977 4162 defensio
3004 4111 3117 4159 tua.
3165 4102 3296 4156 Nam
3322 4099 3469 4172 quod

1884 4203 1952 4260 ad
1980 4203 2238 4259 auxilium
2265 4201 2528 4266 dedimus,
2560 4199 2891 4256 contrarium
2932 4197 3080 4252 nullo
3126 4195 3291 4252 modo
3313 4194 3471 4266 justi-

1887 4296 1976 4350 tiae
2026 4295 2336 4350 sentiatur:
2383 4293 2509 4363 quia
2553 4290 2946 4347 rationabiliter
2991 4289 3165 4345 aliena
3211 4289 3368 4360 culpa
3417 4295 3472 4346 te

187 4377 405 4434 mendat
445 4377 631 4434 omnia
655 4370 1048 4433 mundanarum
1076 4392 1257 4433 rerum
1291 4395 1302 4430 :
1339 4377 1456 4432 sola
1494 4376 1580 4432 cui
1609 4375 1786 4434 labilis
1887 4385 2124 4454 respicit,
2158 4384 2201 4439 si
2225 4397 2384 4452 quem
2407 4383 2502 4438 tibi
2527 4382 2668 4453 petis
2696 4381 2971 4453 prodesse,
2999 4395 3099 4453 per
3119 4389 3172 4438 te
3195 4381 3298 4438 sibi
3337 4380 3472 4436 alter

190 4463 427 4526 Fortuna
452 4486 564 4526 non
585 4471 836 4542 imperat.
867 4471 1075 4527 Caetera
1104 4470 1172 4526 de
1201 4470 1320 4540 ipso
1347 4468 1660 4524 meminisse
1687 4483 1786 4523 vos
1889 4475 2090 4532 sentiat
2117 4472 2371 4530 obfuisse.

193 4547 404 4630 sullicit,
441 4562 662 4634 quando
702 4563 845 4618 bona
874 4562 1150 4633 explicare
1180 4561 1316 4614 tanti
1344 4559 1446 4614 viri
1495 4573 1602 4614 non
1632 4564 1789 4613 vacat

196 4657 467 4752 occupatis
512 4655 678 4729 [mss.
718 4666 768 4711 et
796 4656 877 4710 ed.
911 4655 1072 4724 Niv.,
1111 4663 1161 4711 et
1189 4654 1370 4724 Gam.,
1413 4654 1525 4710 otio
1573 4651 1783 4724 patris].
1815 4689 1871 4752 Β

196 4739 340 4802 Nunc
369 4748 440 4803 ad
485 4748 831 4804 candidatum
860 4764 956 4804 ora
985 4747 1308 4816 convertite,
1347 4755 1406 4801 ut
1435 4755 1782 4817 paternarum

201 4829 410 4894 laudum
464 4839 520 4894 in
551 4839 694 4896 hunc
739 4839 1142 4910 recognoscatis
1181 4854 1301 4894 esse
1348 4828 1652 4906 vestigium,
1683 4853 1784 4895 nec

201 4930 304 4981 tam
332 4939 489 5000 pater
514 4930 803 5000 imaginem
849 4931 1060 4989 dedisse
1106 4932 1370 5002 corporis,
1421 4945 1585 5001 quam
1630 4931 1782 5001 signa

204 5012 462 5087 iudicetur
489 5021 839 5080 transfudisse
867 5025 1099 5082 virtutis.
1132 5025 1279 5081 Vixit
1307 5025 1451 5082 enim
1493 5023 1636 5081 inter
1659 5040 1781 5095 vos,

205 5117 262 5164 ut
285 5114 452 5185 scitis,
482 5132 589 5173 non
617 5117 1004 5175 consuetudine
1030 5118 1336 5190 peregrina,
1378 5117 1473 5174 sed
1515 5117 1779 5187 gravitate

207 5198 460 5265 Romana.
486 5209 568 5266 Ab
595 5211 726 5282 ipsis
770 5211 969 5282 quippe
1016 5210 1324 5282 primordiis
1361 5209 1658 5266 honoribus
1686 5223 1774 5279 agc

207 5306 467 5370 Bregatus,
491 5303 780 5374 pueritiam
825 5319 978 5360 suam
1009 5303 1177 5376 (quod
1203 5310 1286 5359 est
1313 5302 1628 5359 certissimae
1655 5315 1772 5373 pro-

209 5382 381 5448 bitatis
423 5392 705 5466 indicium)
752 5393 1150 5465 gloriosissimis
1197 5393 1326 5450 viris
1352 5392 1545 5448 aemula
1569 5406 1785 5464 semper

211 5484 460 5546 gravitate
483 5488 730 5558 sociavit,
745 5495 805 5544 ut
827 5494 953 5560 post
976 5486 1284 5544 domesticae
1304 5486 1518 5542 virtutis
1539 5486 1789 5558 exempla

213 5581 435 5636 Bmueret
455 5577 524 5636 de
551 5580 766 5652 publica
792 5579 1114 5638 auctoritate
1139 5576 1460 5636 sententiam
1499 5575 1620 5652 [ηις.
1650 5575 1720 5634 R.
1741 5586 1792 5636 et

285 5800 550 5892 :Yidetur
575 5809 845 5892 respicere
883 5810 1241 5892 .adhtempona
1284 5806 1479 5877 quibus
1521 5805 1785 5868 Maximus

217 5867 343 5926 Occu
382 5879 490 5934 avit
517 5867 851 5952 tyrannidem
880 5883 934 5936 in
957 5867 1157 5937 Galliis.
1189 5867 1384 5934 Junsr.

282 5935 310 5980 δ
332 5891 492 6000 astus
519 5951 663 6000 cod..
694 5951 760 6000 de
779 5953 1029 6000 mentibus
1058 5951 1198 6000 (.‘all.
1216 5967 1232 6000 :
1264 5949 1384 6000 ἴοι-ιε

376 5955 492 6008 etus
519 5949 663 6020 cod.,
694 5951 760 6007 de
779 5953 1029 6010 mentibus
1058 5951 1198 6008 Gall.
1213 5967 1232 6020 ,°
1264 5949 1401 6010 forte
1425 5949 1532 6024 legi
1557 5952 1800 6011 debetds

1249 6099 1254 6105 ι
1290 6092 1342 6107 γ’..
1377 6100 1394 6106 ι.
1443 6102 1446 6104 η
1497 6098 1518 6102 ..
1573 6097 1580 6102 .
1605 6101 1612 6105 ι

2462 4581 2790 4639 EPISTOLA
2828 4580 2890 4639 ν.

1987 4691 2190 4732 FAUSTO
2221 4691 2512 4732 PREFECTO
2541 4692 2824 4732 PRETOBIO
2853 4690 3220 4734 THEODORICUS
3247 4694 3376 4734 REI.

1887 4769 2138 4842 Pracipit
2166 4779 2221 4844 ut
2257 4771 2472 4842 triginta
2506 4769 2753 4844 militibus
2794 4771 2849 4825 in
2889 4770 3207 4844 Augustanis
3254 4773 3476 4844 clusuris

1958 4843 2270 4900 constitutis.
2327 4858 2564 4896 annonas
2611 4843 2820 4898 easdem
2856 4843 2985 4899 aute
3010 4843 3129 4898 aliis
3183 4843 3479 4898 tribuuntur

1957 4923 2184 4985 praestet.

1957 5022 2092 5080 Cum
2119 5033 2306 5081 nostra
2334 5025 2642 5080 humanitas
2667 5025 2848 5082 locum
2891 5024 3271 5082 muniﬁcentiae
3299 5023 3480 5080 videa-

1887 5125 1980 5176 tur
1998 5120 2303 5192 exquirere,
2318 5127 2373 5174 et
2392 5119 2662 5175 interdum
2685 5121 2929 5192 personis
2943 5122 3120 5177 minus
3137 5119 3483 5186 necessariis,

1881 5229 2069 5272 amore
2111 5213 2442 5280 clementiae,
2489 5227 2585 5268 sua
2633 5212 2897 5269 desideria
2945 5213 3230 5284 largiatur,
3277 5220 3482 5281 quanto

1884 5305 2056 5374 magis
2076 5303 2130 5358 in
2156 5303 2392 5358 utilitate
2415 5302 2630 5373 reipub.
2659 5302 2994 5359 delectamur
3029 5300 3352 5372 expendere,
3389 5297 3482 5354 ubi

1887 5393 2148 5467 quidquid
2170 5393 2441 5463 tribuitur,
2471 5393 2724 5451 donantis
2754 5395 2954 5450 utilitas
2975 5391 3307 5464 duplicatur!
3341 5391 3484 5458 Qua-

1890 5493 2116 5558 propter
2144 5485 2408 5541 illustrem
2435 5485 2890 5556 magnilicentiam
2921 5492 3067 5540 tuam
3096 5483 3349 5554 praesenti
3390 5497 3486 5536 au-

1893 5578 2145 5638 ctoritate
2174 5579 2532 5652 praecipimus,
2555 5579 2836 5650 sexaginta
2854 5578 3113 5636 militibus
3136 5577 3192 5633 in
3220 5575 3488 5648 Augusta-

1891 5811 2187 5881 nemorilms
2217 5811 2526 5878 Gallicanis,
2560 5819 2619 5867 ut
2671 5809 2929 5881 ﬁguratus
2969 5812 3040 5869 sit
3089 5828 3288 5879 sermo,
3340 5810 3486 5868 velut

1886 5879 2040 5944 initio
2068 5882 2229 5955 hujus
2255 5884 2440 5956 cpist.,
2470 5882 2562 5940 ubi
2587 5879 2742 5940 dixit.
2780 5883 2942 5942 curiae
2969 5884 3123 5944 silva.
3157 5883 3356 5942 Juner.
