3992 6454
245 308 356 379 549

1533 303 1891 373 νΑιιιΑῐιυΜ
1931 304 2135 367 LIBER
2172 306 2239 367 II.

3412 311 3515 368 550

243 439 357 479 non
397 427 670 478 recusant.
720 420 924 479 Dudum
974 422 1239 491 siquidem
1285 422 1559 477 aestimatis
1605 433 1829 493 mentis,
1861 432 1908 491 Α
1938 429 2236 494 insequitur
2259 425 2309 481 ἀ.
2351 423 2513 482 Error
2543 427 2731 484 matris
2757 428 2952 487 transit
2988 428 3059 485 ad
3085 429 3253 499 ﬁlios;
3286 439 3345 488 et
3376 449 3520 488 novo

242 512 453 570 Sabino
478 513 677 581 aurigae
704 506 1130 568 unum'solidum
1160 512 1274 567 dari
1320 520 1653 569 menstruum
1696 514 1833 571 fece-

244 622 450 663 ramus.
496 605 651 661 Nunc
684 613 867 660 autem
896 606 1171 678 (quoniam
1209 604 1414 663 Histrio
1445 607 1521 681 [in
1557 624 1682 663 mss.
1728 607 1828 678 leg;

246 702 449 759 Ystrio.
476 701 623 767 Aea,
654 692 875 772 [sterio]
900 700 1129 756 honesta
1158 716 1256 756 nos
1283 701 1673 771 supplicatione
1702 716 1830 772 per-

242 793 439 856 movit,
463 799 801 871 asserensut
822 791 914 861 qui
943 790 1142 847 Iustitia:
1187 792 1415 863 publicae
1442 792 1688 848 minister
1714 792 1832 847 exi-

236 886 360 950 stit,
409 883 757 940 mendicitate
797 883 1101 939 tristissima
1150 898 1259 938 non
1300 883 1501 939 debeat
1543 880 1832 954 ingravari)

241 979 497 1051 praesenti
521 977 767 1048 iussione
788 978 1128 1034 decernimus
1147 985 1207 1033 ut
1225 978 1451 1034 alterum
1479 976 1709 1033 solidum
1738 991 1836 1048 per

243 1087 491 1127 mensem
521 1086 684 1142 supra
711 1079 1042 1128 memoratus
1072 1086 1333 1141 equorum
1360 1071 1672 1128 moderator
1690 1072 1835 1127 acci-

239 1163 378 1233 piat,
408 1162 555 1233 quod
583 1163 813 1234 publicis
841 1164 1039 1221 debeat
1067 1166 1367 1221 rationibus
1393 1166 1668 1236 imputari.
1697 1164 1837 1221 Gau-

237 1253 432 1308 demus
459 1254 673 1322 quoties
716 1270 1073 1326 expensarum
1118 1257 1325 1327 paginae
1365 1258 1451 1312 bis
1495 1258 1666 1313 titulis
1701 1272 1837 1313 one-

238 1352 436 1399 rantur
460 1362 474 1398 :
504 1345 631 1414 quia
661 1360 913 1416 magnum
941 1347 1099 1403 nobis
1118 1356 1200 1404 est
1222 1348 1584 1416 commodum,
1616 1348 1834 1420 quando

240 1436 502 1492 nonnulla
538 1439 866 1510 pauperibus
893 1440 948 1496 in
986 1440 1228 1510 qualibet
1273 1442 1685 1499 conversatione
1726 1443 1836 1498 lar-

239 1542 442 1597 guinem

811 1666 1146 1725 EPISTULA
1186 1670 1252 1727 Χ.

238 1772 487 1814 ΏΕΒΙΟΒΟ
527 1774 653 1815 νιιιο
698 1776 910 1815 υενοτο
958 1778 1244 1819 ΟΟΜΙΠΑΟΟ
1290 1778 1660 1819 THEODORICUS
1703 1778 1830 1818 REX.

239 1849 549 1909 Contractus
571 1853 635 1926 ab
661 1856 887 1926 Agapita
911 1857 1101 1925 factus,
1136 1855 1259 1909 dum
1285 1858 1383 1926 fuit
1416 1873 1447 1909 a
1477 1858 1662 1910 marito
1686 1873 1837 1926 sepa-

314 1933 453 1999 rata,
489 1924 819 1999 rescinditur,
863 1924 918 1999 et
953 1927 1200 1999 quidquid
1229 1924 1477 1981 bonorum
1517 1924 1748 1980 alienum
1782 1928 1836 1979 in

313 1996 603 2069 dominium
646 1997 1020 2069 transtulerat,
1083 1996 1465 2069 quamprimum
1512 2001 1833 2064 restituatur,

304 2064 461 2135 jubet
486 2065 857 2123 Theodericus.

314 2158 663 2230 Propositum
690 2160 873 2228 regale
903 2171 1007 2230 est,
1039 2162 1272 2231 gravatis
1308 2176 1405 2231 per
1428 2160 1679 2229 iniuriam
1708 2159 1835 2216 sub-

234 2251 461 2315 venire,
489 2260 549 2307 ut
568 2253 828 2308 coercitio
850 2253 1002 2323 pravi
1038 2253 1298 2321 justitiam
1322 2250 1481 2307 faciat
1503 2252 1622 2321 plus
1642 2252 1832 2306 amari.

237 2343 358 2400 Nec
382 2344 709 2401 dissimulari
738 2351 937 2415 potest,
970 2344 1117 2401 salva
1145 2345 1528 2400 communione
1572 2357 1680 2413 qua
1709 2342 1836 2395 vivi-

238 2441 355 2503 tur,
383 2442 443 2491 ut
482 2434 902 2493 sollicitatores'
951 2436 1198 2506 publicos
1228 2437 1331 2508 27
1365 2434 1563 2491 habeat
1610 2434 1838 2502 genialis

237 2528 349 2584 tori
388 2529 681 2585 reverenda
721 2529 956 2586 societas
980 2530 1035 2597 δ,
1087 2537 1146 2586 et
1186 2530 1315 2585 illud
1350 2529 1573 2585 humani
1623 2529 1838 2597 generis

242 2620 591 2689 procreabile
620 2630 1020 2676 sacramentum
1045 2632 1067 2660 ο
1098 2621 1363 2676 scelerata
1387 2620 1692 2676 temeritate
1716 2634 1839 2689 pro-

241 2708 480 2768 fanetur.
507 2711 747 2782 Agapitte
766 2712 931 2781 igitur
956 2713 1267 2783 spectabilis
1304 2712 1519 2767 feminae
1557 2713 1839 2783 supplica-

243 2806 395 2860 tione
419 2806 677 2862 commoti
706 2807 848 2877 (qute
876 2805 945 2861 ab
974 2805 1240 2860 universis
1287 2804 1446 2877 [Jur.,
1485 2806 1621 2873 forte
1646 2819 1677 2858 a
1709 2819 1837 2873 per-

244 2895 436 2969 versis]
476 2904 746 2954 tentatum
789 2897 982 2953 asserit
1019 2911 1175 2952 suum
1219 2904 1506 2959 secretum,
1566 2901 1628 2949 ut
1670 2895 1836 2950 etiam

243 2986 626 3056 promitterent
644 2987 714 3043 de
737 3002 873 3042 nece
890 2988 1091 3053 mariti,
1114 3001 1145 3040 a
1165 3001 1274 3055 quo
1297 2985 1443 3055 iuste
1463 2983 1646 3054 potius
1668 2999 1839 3040 mere-

176 3138 179 3139 ν
241 3086 435 3137 rentur.
464 3079 755 3149 exstingui)
787 3079 1038 3149 praesenti
1058 3076 1301 3147 iussione
1329 3076 1688 3141 decernimus,
1720 3083 1778 3129 ut
1804 3091 1835 3130 a

242 3178 496 3239 tempore
523 3184 633 3239 quo
658 3169 894 3239 iugalem
916 3169 1169 3240 copulam
1199 3168 1380 3222 animo
1418 3167 1606 3222 vitiata
1649 3165 1837 3221 dereli-

241 3259 384 3332 quit,
415 3261 565 3314 omni
585 3268 890 3328 contractu,
919 3260 1012 3331 qui
1041 3260 1271 3315 levitatis
1298 3273 1483 3314 errore
1510 3256 1694 3313 ﬁrmus
1716 3272 1835 3315 esse

243 3365 353 3410 non
377 3360 573 3422 potest,
605 3352 783 3421 legum
809 3352 1022 3407 ratione
1049 3359 1284 3418 cassato,
1313 3349 1573 3420 quidquid
1602 3365 1633 3405 a
1663 3358 1838 3405 reten-

238 3444 510 3500 tatoribus
537 3445 843 3500 constiterit
869 3444 1153 3514 possideri,
1193 3444 1311 3498 sine
1339 3442 1445 3497 ulla
1486 3440 1655 3498 facias
1698 3443 1835 3498 dila-

244 3535 395 3591 tione
421 3537 632 3593 restitui
675 3554 690 3591 :
740 3552 810 3592 ne
853 3536 1104 3594 scelerati
1148 3533 1217 3589 ad
1264 3534 1569 3589 illusionem
1611 3531 1839 3603 iustitia:

246 3626 493 3683 lraudum
516 3642 734 3683 suarum
759 3626 976 3683 valeant
994 3625 1315 3696 compendia
1344 3625 1641 3680 vindicare.
1665 3624 1836 3682 Nimis

247 3719 390 3774 enim
421 3719 708 3776 absurdum
736 3726 820 3774 est
849 3727 905 3773 ut
933 3734 1068 3788 quos
1088 3734 1249 3788 poena
1270 3718 1465 3773 meruit
1493 3732 1835 3787 consumere,

248 3812 410 3865 etiam
432 3811 640 3867 lucrum
662 3811 765 3866 sibi
792 3811 1010 3866 valeant
1039 3810 1314 3866 vindicare

817 3923 1143 3980 EPISTOLA
1173 3923 1259 3979 XI.

252 4033 478 4074 PBOVINO
523 4033 647 4074 νιιο
694 4035 937 4075 ιιιυετιιι
992 4034 1237 4074 ΡΔἹἭῙΟΙΟ
1292 4034 1659 4075 τιιιεοιιοιιιευε
1706 4037 1832 4075 REX.

247 4109 459 4166 Laudat
494 4112 817 4183 eonjugalem
851 4113 1226 4184 aﬂ'ectu_m,ret
1252 4111 1474 4167 Prooino
1505 4116 1740 4184 praecipit
1782 4120 1837 4167 ut

320 4198 496 4256 casam
536 4182 909 4256 AreCiretinam
943 4182 1047 4256 ipsi
1073 4183 1157 4256 ab
1194 4182 1421 4254 Agapita
1460 4182 1674 4256 ratione
1696 4193 1839 4256 post-

319 4254 488 4325 posita
510 4254 779 4322 collatam,
804 4254 1003 4308 Basilio
1032 4254 1144 4324 ejus
1170 4256 1355 4308 marito
1382 4255 1584 4308 reddat.

268 4376 271 4377 ν
324 4348 469 4401 inter
498 4354 691 4401 czetera
740 4346 958 4401 humani
1005 4347 1217 4414 generis
1262 4347 1498 4417 pondera
1543 4345 1839 4415 coniugalis

250 4438 473 4495 aﬂectus
494 4455 675 4503 curam
705 4440 805 4494 sibi
828 4439 1154 4510 praecipuam
1175 4438 1484 4493 vindicavit.
1512 4436 1627 4491 Non
1651 4438 1841 4492 innue-

247 4533 386 4600 rito,
426 4532 552 4603 quia
582 4533 635 4587 in
667 4532 877 4588 honore
920 4547 1038 4589 esse
1077 4537 1337 4597 meretur,
1378 4529 1520 4584 unde
1564 4528 1837 4598 reparatio

1938 516 2263 573 infelicitatis
2284 525 2498 580 eventu,
2530 514 2588 572 ﬁt
2612 519 2843 574 dedecus
2864 522 3157 592 proprium,
3190 521 3362 578 scelus
3385 523 3519 578 alie—

1934 624 2082 663 num.
2125 607 2251 664 Ideo
2294 609 2437 664 enim
2472 609 2592 679 jura
2640 610 2924 666 vel'divina
2954 613 3039 666 vel
3065 615 3278 682 publica
3320 631 3517 670 nexum

1938 700 2171 769 coniugii
2194 708 2342 755 tanta
2368 701 2576 756 cautela
2596 703 2917 773 prmcipiunt
2938 706 3211 773 custodiri,
3237 715 3294 761 ut
3314 709 3516 763 crimen

1936 791 2008 846 sit
2028 806 2280 860 magnum
2311 794 2673 861 conscientire,
2704 780 2915 850 alienos
2930 796 3155 859 allectus
3186 799 3241 852 in
3266 814 3519 855 reveren-

1937 884 2066 939 tiam
2096 901 2203 941 non
2233 885 2454 941 habere.
2503 884 2731 942 Basilius
2780 886 3044 956 siquidem
3094 889 3177 941 vir
3214 890 3521 959 spectabilis

1938 974 2078 1031 datis
2106 976 2355 1048 precibus
2406 976 2669 1032 intimavit
2694 1017 2709 1043 ,
2743 976 3028 1047 Agapitam
3055 977 3338 1048 coniugem
3367 994 3519 1036 suam

1936 1070 2003 1126 de
2031 1071 2259 1142 propriis
2301 1072 2584 1142 penatibus
2609 1086 2640 1125 a
2671 1071 2988 1141 quibusdam
3019 1070 3151 1126 vitio
3179 1070 3521 1141 sollicitatio-

1936 1162 2022 1217 nis
2046 1162 2330 1217 ahductam
2374 1162 2531 1235 (dum
2562 1178 2722 1218 sexus
2752 1161 2839 1216 ille
2868 1160 3132 1216 femineus
3158 1160 3225 1216 ad
3253 1163 3525 1218 mutabili-

1941 1254 2064 1308 tatis
2082 1254 2209 1307 vitia
2240 1253 2440 1323 patet);
2474 1252 2619 1321 quod
2640 1252 2801 1307 etiam
2824 1252 3007 1307 oblata
3036 1252 3193 1307 nobis
3221 1267 3384 1323 supra
3409 1269 3524 1309 nie-

1937 1352 2160 1400 morata:
2211 1343 2453 1413 conjugis
2499 1358 2609 1398 suae
2655 1343 2918 1413 petitione
2956 1341 3233 1398 ﬁrmavit:
3266 1344 3524 1414 adiiciens

1912 1452 2080 1507 .eam,
2114 1453 2239 1493 cum
2277 1438 2331 1491 in
2372 1443 2733 1492 sacrosanctae
2774 1435 3014 1490 ecclesiae
3042 1443 3193 1506 septa
3219 1435 3522 1509 refugisset,

1938 1531 2219 1601 ignorante
2255 1529 2482 1592 marito,
2516 1527 2868 1597 magnitudini
2896 1535 2999 1583 tuae
3029 1544 3210 1584 casam
3236 1531 3527 1587 Arecireti-

1940 1637 2063 1677 nam
2093 1622 2306 1677 ratione
2334 1618 2634 1691 postposita
2661 1618 2973 1674 contulisse.
2998 1616 3152 1674 Unde
3171 1636 3314 1675 nunc
3333 1622 3528 1692 resipi-

1941 1728 2129 1779 scens,
2161 1712 2410 1784 deplorat
2438 1713 2699 1781 ingestam
2729 1711 2944 1766 sibimet
2972 1712 3340 1779 gravissimam
3371 1714 3528 1769 nudi-

1870 1815 1911 1881 ιι
1940 1812 2127 1870 tatem,
2158 1804 2355 1860 factum
2402 1820 2557 1861 suum
2603 1804 2719 1871 ipsa
2773 1802 3172 1871 condemnans;
3223 1805 3422 1876 quippe
3467 1816 3529 1861 ut

1936 1912 2141 1969 pauper
2168 1896 2319 1951 diviti
2348 1938 2363 1964 ,
2396 1904 2548 1952 casto
2590 1896 2793 1952 lubrica
2819 1937 2833 1962 ,
2873 1896 3121 1965 prudenti
3152 1896 3270 1951 viro
3300 1896 3529 1952 donaret

1937 1989 2215 2059 insipiens.
2269 1988 2423 2044 Nunc
2467 1988 2683 2057 abjicite
2735 1987 2881 2043 lucra
2904 2029 2919 2055 ,
2951 2004 3068 2057 qum
3105 1988 3387 2044 honestam
3420 2007 3528 2047 non

1936 2079 2188 2134 videntur
2217 2078 2599 2134 commendare
2626 2093 2912 2149 personam
2945 2096 2957 2131 :
2991 2079 3114 2147 quia
3146 2078 3273 2133 illud
3300 2093 3399 2135 vos
3428 2094 3529 2148 po-

1936 2172 2042 2227 tius
2068 2172 2223 2226 decet
2251 2167 2537 2241 acquirere
2559 2211 2573 2237 ,
2616 2169 2759 2240 quod
2787 2180 2841 2225 et
2868 2169 3063 2225 famam
3090 2179 3323 2249 vestram
3359 2174 3529 2241 possit

1937 2279 2154 2334 augere.
2210 2263 2345 2319 Hinc
2372 2264 2535 2319 etiam
2566 2253 2713 2335 prius
2753 2272 3020 2335 przecepta
3064 2264 3383 2321 dederamus
3409 2307 3423 2331 ,
3474 2275 3529 2321 et

1938 2371 2081 2411 nunc
2128 2354 2317 2410 iterata
2364 2355 2607 2425 iussione
2658 2355 2983 2426 repetimus,
3022 2363 3083 2409 ut
3111 2358 3529 2427 suprascriptam

1935 2464 2051 2503 rem
2081 2449 2199 2504 sine
2229 2447 2407 2517 aliqua
2436 2447 2772 2503 dubitatione
2800 2447 3054 2502 reddatis.
3090 2446 3356 2504 Alienatio
3384 2450 3527 2503 enim

1936 2555 2118 2596 rerum
2146 2539 2373 2595 solidum
2402 2540 2673 2595 desiderat
2700 2540 2899 2595 habere
2923 2539 3180 2609 judicium
3210 2550 3258 2596 °.
3285 2539 3351 2595 Et
3379 2549 3528 2596 certe

1938 2635 1991 2688 in
2027 2634 2111 2689 his
2140 2640 2353 2689 versata
2377 2634 2558 2700 rebus,
2589 2633 2797 2688 ﬁrmum
2821 2635 3045 2690 docetur
3070 2635 3363 2704 perdidisse
3392 2650 3527 2689 con-

1939 2728 2134 2782 silium.
2166 2724 2305 2793 Quid
2337 2728 2479 2781 enim
2509 2726 2688 2781 facere
2718 2726 2893 2796 potuit
2920 2727 3147 2796 probum
3170 2768 3185 2794 ,
3218 2741 3337 2799 quae
3366 2726 3528 2784 nullis

1940 2819 2109 2886 culpis
2135 2817 2470 2874 exstantibus
2496 2818 2712 2893 reliquit
2740 2818 3029 2874 maritum?

2490 2946 2828 3003 EPISTOLA
2859 2948 2975 3003 XII.

2010 3054 2193 3094 εοιιιτι
2219 3052 2717 3104 ειιιοῠλτλιιιοιωι,
2745 3055 2815 3093 ΕΤ
2844 3053 3047 3094 ιιοιιτυε
3070 3052 3236 3094 (ιυιιλε
3260 3053 3457 3099 ΔΕΕΝἸἸ

2475 3124 2843 3167 τηεοιιοιιευε
2866 3126 2994 3166 REX.

1860 3206 1904 3269 Ο
1941 3236 2187 3313 Prmcipit
2208 3256 2273 3313 ne
2295 3240 2431 3313 sinat
2453 3240 2521 3313 ad
2548 3250 2752 3313 exteras
2782 3242 3074 3313 provincias
3099 3242 3322 3297 laridum
3351 3254 3525 3299 tram-
3550 3265 3554 3269 ‘

2084 3312 2234 3376 mitti,
2260 3311 2348 3364 sed
2372 3311 2424 3364 in
2449 3309 2612 3365 Italia
2634 3316 2702 3365 ad
2730 3309 2852 3367 usus
2878 3315 3118 3387 proprios
3137 3323 3383 3370 servetur.

2014 3420 2072 3476 Si
2101 3422 2381 3478 desideriis
2417 3423 2618 3479 nostris
2663 3426 2989 3480 commercia
3036 3426 3319 3497 peregrina
3356 3425 3529 3481 famu-

1945 3515 2142 3580 lantur,
2176 3517 2220 3571 si
2248 3516 2460 3588 prolato
2490 3532 2622 3577 auro
2668 3520 2964 3588 acquiritur
3010 3528 3233 3576 externa
3270 3521 3527 3588 devotio;

1946 3621 2148 3680 quanto
2176 3611 2351 3681 magis
2377 3611 2489 3667 suis
2517 3612 2674 3668 bonis
2698 3612 2973 3669 abundare
3010 3614 3173 3670 debet
3198 3613 3379 3681 italia,
3403 3630 3528 3670 cum

1938 3702 2081 3757 nulla
2114 3702 2167 3757 in
2196 3701 2437 3773 parendo
2484 3704 2745 3774 probetur
2791 3707 2992 3761 sentire
3038 3705 3403 3765 detrimenta!
3462 3704 3528 3760 Et

1938 3794 2063 3849 ideo
2091 3793 2326 3864 speciem
2356 3793 2512 3849 laridi
2544 3795 2851 3851 nullatenus
2874 3796 3122 3868 iubemus
3153 3798 3216 3852 ad
3247 3797 3529 3867 peregrina

1939 3884 2269 3952 transmitti,
2320 3884 2415 3940 sed
2454 3884 2511 3941 in
2539 3902 2666 3944 usus
2692 3888 2910 3945 nostros
2958 3890 3191 3967 propitia
3239 3888 3531 3944 Divinitatc

1938 3985 2225 4032 servetur:
2268 3992 2335 4033 ne
2381 3978 2524 4047 quod
2574 3979 2628 4034 in
2677 3981 2878 4036 nostris
2927 3981 3171 4050 partibus
3222 3978 3524 4044 coniicitur,

1943 4068 2106 4125 noxia
2137 4068 2459 4138 negligentia
2489 4069 2679 4125 deesse
2708 4071 2971 4126 videatur.
3025 4071 3223 4126 Cavete
3254 4071 3435 4142 itaque
3461 4084 3533 4125 ne

1942 4163 2115 4232 culpis
2142 4162 2389 4233 quamvis
2437 4177 2600 4231 parva
2645 4163 2948 4233 praebeatur
2995 4162 3246 4228 occasio;
3294 4162 3530 4217 scientes

1942 4256 2241 4326 periculum
2270 4254 2644 4323 gravissimum
2675 4255 2817 4321 fore,
2850 4256 2895 4309 si
2924 4256 3185 4311 studentis
3213 4257 3299 4310 vel
3339 4256 3530 4311 leviter

1943 4347 2141 4417 iniussa
2172 4347 2529 4402 committere.
2580 4344 2638 4400 In
2667 4346 2925 4415 qualitate
2953 4355 3061 4411 est,
3096 4364 3202 4402 non
3233 4348 3287 4403 in
3317 4334 3530 4419 quanii«

1945 4446 2054 4494 tate
2080 4446 2394 4510 peceatum;
2446 4453 2751 4493 mensuram
2780 4438 3043 4508 siquidem
3086 4455 3195 4495 non
3223 4441 3416 4511 quaerit
3442 4439 3530 4496 in-

1941 4528 2099 4600 iuria.
2153 4528 2472 4598 Imperium,
2505 4528 2552 4584 si
2581 4530 2634 4583 in
2679 4544 2845 4600 parvo
2881 4532 3264 4599 contemnitur,
3296 4533 3350 4588 in
3383 4534 3529 4589 omni

247 4602 580 4696 posteritatis
604 4625 918 4696 acquiritur.
950 4621 1122 4678 Omne
1159 4623 1365 4677 facinus
1406 4627 1656 4678 auctores
1690 4620 1837 4678 solos
1866 4602 1917 4661 D
1942 4628 2095 4691 parte
2124 4622 2360 4676 violatur
2392 4620 2435 4676 ί.

328 4815 354 4844 ι
379 4806 687 4862 Alienorum
717 4806 1022 4876 nuptiarum
1070 4803 1520 4876 interpellatores,
1571 4802 1671 4856 etsi
1712 4801 1836 4858 eﬁ'e-

249 4888 338 4932 ctu
370 4878 591 4933 sceleris
617 4878 769 4946 potiti
794 4873 905 4931 non
935 4877 1059 4939 sint,
1085 4873 1305 4943 propter
1350 4873 1678 4946 voluntatem
1710 4889 1832 4946 per-

249 4948 467 5003 niciosae
492 4944 743 5017 libidinis,
775 4957 925 5002 extra
974 4946 1218 5017 ordinem
1248 4944 1556 5017 puniuntur.
1590 4944 1651 5017 if.
1686 4945 1737 5011 l,
1766 4944 1828 5000 D.

250 5027 387 5073 extr.
423 5014 754 5075 criminibus.
789 5017 939 5073 Paul.
974 5019 1008 5072 Ι.
1041 5016 1095 5082 5,
1129 5018 1211 5070 tit.
1239 5014 1293 5080 4,
1322 5030 1439 5071 seu.
1472 5014 1557 5067 l2.
1588 5014 1757 5072 Fonn.

322 5088 349 5127 ιι
381 5089 458 5146 De
487 5092 683 5163 tuendo
713 5089 946 5163 coniugii
975 5089 1180 5163 pudore
1201 5085 1480 5163 _P|u_t_arch.
1515 5088 1563 5139 ἐν
1594 5108 1825 5163 neger/7.

249 5170 508 5233 γαμικοῑς.
540 5160 602 5216 D.
655 5156 1072 5233 Basiliusioiat.
1099 5158 1154 5233 Δ7
1199 5160 1251 5211 in
1303 5157 1619 5233 ﬂexaemer.
1649 5156 1832 5233 _'U.§o_r

251 5226 522 5299 dignitatis
565 5248 779 5297 nomen,
816 5232 850 5284 I.
884 5230 970 5295 '15,
1013 5231 1058 5284 si
1096 5230 1159 5291 is,
1202 5244 1251 5281 c.
1300 5228 1371 5299 de,
1405 5227 1683 5299 capitu.,l.

250 5296 374 5371 qua:
402 5303 724 5366 adulterum,
772 5317 820 5356 c.
872 5302 940 5353 ad
984 5303 1038 5371 l._
1068 5300 1296 5371 Iuliam;
1341 5298 1410 5371 de
1451 5296 1618 5371 adult.
1669 5297 1704 5352 Ι.
1738 5296 1828 5371 49,

251 5367 380 5445 item
412 5375 587 5445 legato
616 5388 754 5442 quae,
785 5373 854 5445 de
880 5371 983 5438 leg.
1010 5369 1063 5436 3,
1162 5368 1251 5445 ιι,
1270 5369 1553 5445 probrum,
1584 5367 1651 5445 de
1679 5368 1828 5445 verb.

250 5444 390 5514 sign.
427 5436 703 5514 Lvantep”
734 5436 782 5498 ο.
816 5442 878 5495 de
920 5436 1029 5514 nat.
1081 5438 1173 5493 lib.
1217 5437 1465 5514 Afranius
1504 5436 1648 5514 apud
1688 5437 1827 5492 Non.

252 5509 563 5570 marcellum
596 5509 811 5569 {Tuam
842 5510 1201 5580 maiestatem,
1231 5517 1287 5564 et
1314 5509 1546 5564 nominis
1568 5516 1831 5563 matronae

251 5584 674 5641 similitudinem.
708 5583 876 5639 Fomv.

330 5667 352 5729 ξ
380 5656 445 5729 ρ.
474 5655 625 5729 Paul.
657 5660 935 5729 μυστήριον
964 5654 1029 5708 ad
1058 5652 1255 5729 Ephes.
1280 5669 1334 5729 V_.

330 5680 352 5695 "
380 5680 445 5713 υ.
474 5680 625 5712 ιἰιιιι.
697 5680 935 5729 υστηριον
964 5680 1029 5708 au
1058 5680 1255 5723 ιῑιμιιυδ.
1284 5680 1334 5707 ν.

323 5724 349 5763 ἀ
386 5725 451 5782 L.
497 5726 603 5795 2%.,
650 5680 964 5790 gancimus,
999 5740 1045 5779 c.
1094 5724 1157 5779 de
1189 5723 1369 5795 pomis,
1412 5722 1446 5795 l.
1480 5721 1827 5795 QIKCrimen

250 5792 597 5871 paternum,‘
641 5796 706 5852 D.
778 5797 903 5851 eod.
949 5796 1106 5871 _Bion_
1166 5792 1305 5864 apud
1374 5792 1643 5871 Plutarch.
1710 5797 1827 5866 περὶ

252 5865 485 5957 βραδέως
508 5865 715 5946 «me,
743 5880 897 5937 atque
915 5866 1202 5924 absurdum
1231 5880 1349 5922 esse
1376 5865 1552 5921 aiebat
1572 5865 1831 5920 innocen-

1939 4810 2047 4856 tem
2073 4801 2238 4856 ﬁlium
2268 4802 2337 4878 o_b
2366 4803 2621 4878 delictum
2662 4804 3136 4878 patrisAplejtere,
3169 4822 3233 4863 ac
3258 4808 3304 4863 si
3335 4810 3406 4863 ob
3434 4824 3531 4878 pa-

1938 4882 2147 4927 ternum
2179 4874 2424 4927 morbum
2458 4872 2566 4926 ﬁlio
2601 4872 2739 4929 bona
2768 4872 3077 4931 valetudine
3107 4880 3277 4932 utenti
3308 4872 3530 4933 medici-

1937 4958 2061 5016 nam
2090 4945 2485 5016 praescriberet.
2510 4943 2787 5013 Excipitur
2815 4946 2954 5001 larisa:
2981 4947 3276 5016 maiestatis
3303 4950 3527 5015 crimen,

1937 5013 1974 5068 l.
2008 5012 2136 5087 5.3:.
2166 5015 2239 5087 ad
2275 5015 2312 5068 Ι.
2328 5014 2466 5087 _Jul.
2503 5012 2709 5087 majest.
2730 5057 2746 5081 ,
2791 5031 2951 5086 quam
3001 5012 3311 5086 abrogatam
3341 5012 3521 5085 negoj

1936 5086 2035 5139 etsi
2067 5083 2293 5147 Budcco,
2328 5083 2603 5150 Duareno',
2636 5083 2896 5141 Balilnino
2924 5083 3170 5142 videatur
3197 5102 3355 5141 secus
3389 5083 3531 5143 :Vve-

1936 5170 2053 5208 rum
2085 5156 2354 5223 singulare
2381 5155 2562 5226 odium
2591 5158 2974 5226 perduellionis
3002 5158 3272 5212 communi
3299 5157 3424 5224 iuri,
3459 5159 3526 5214 de

1936 5240 2044 5298 quo
2089 5225 2173 5278 tit.
2223 5224 2460 5298 generali
2501 5224 2838 5298 de'pmnis,
2878 5228 2931 5282 d.
2982 5228 3016 5280 Ι.
3056 5226 3174 5298 22,
3225 5227 3525 5294 derogavit,

1936 5295 1991 5350 d.
2025 5296 2210 5366 1.7arg.
2242 5296 2277 5349 l.
2313 5294 2365 5360 5,
2396 5296 2450 5350 in
2479 5304 2595 5352 toto
2609 5294 2639 5363 ,⁷
2665 5299 2734 5354 de
2761 5312 2874 5366 reg.
2902 5298 3010 5366 iur.
3053 5296 3221 5351 Fons.

2029 5376 2052 5407 ο
2072 5365 2128 5419 Id
2148 5374 2241 5445 est
2264 5370 2564 5445 «poalpeqni
2589 5386 2603 5421 :
2632 5369 2785 5439 quasi
2814 5365 2960 5445 dicat
2993 5385 3006 5421 :
3039 5382 3208 5445 nemo
3228 5382 3418 5445 errans
3436 5369 3526 5445 _fa_-

1935 5436 2038 5492 cile
2083 5437 2158 5491 rei
2208 5436 2318 5491 εικιὲ
2364 5436 2664 5507 dominium
2705 5436 2956 5495 transfert
2984 5444 3076 5491 aut
3104 5437 3337 5507 amittit,
3366 5438 3404 5492 ι.
3434 5437 3522 5504 55,

1935 5510 1980 5562 si
2011 5517 2347 5579 procurator,
2392 5506 2455 5563 D.
2505 5508 2576 5564 de
2617 5510 2794 5579 aequi.
2826 5524 2933 5564 rer.
2962 5508 3108 5563 dom.
3143 5508 3178 5561 l.
3199 5507 3301 5579 A18,
3324 5506 3373 5563 si
3400 5525 3520 5579 ego,

1937 5576 2080 5650 D.’si
2106 5586 2241 5634 cert.
2274 5587 2383 5650 pet.
2404 5580 2454 5650 ΑΙ.
2486 5576 2738 5650 antepen.
2773 5580 2832 5633 ι).
2863 5580 2932 5634 de
2956 5580 3064 5650 iur.
3106 5587 3163 5633 et
3189 5576 3313 5634 fact.
3347 5576 3523 5650 ignor.

1939 5649 2107 5705 Error
2126 5648 2305 5704 autem
2322 5648 2524 5732 iudicio
2546 5658 2604 5731 et
2618 5648 2905 5732 consensui
2931 5648 3266 5714 adversatur,
3299 5650 3334 5705 l.
3374 5648 3455 5717 l5,
3480 5652 3526 5707 si

1935 5735 2032 5791 per
2062 5735 2324 5785 errorem,
2356 5719 2421 5775 D.
2452 5720 2522 5775 de
2545 5720 2738 5788 iurisd.
2768 5719 2938 5776 Fons.

2009 5789 2029 5828 ι
2062 5790 2370 5861 Dignitatej
2419 5798 2544 5861 sunt
2582 5789 2810 5861 individ.
2843 5791 2953 5861 glo.
2987 5792 3040 5861 in
3075 5790 3112 5845 1.
3140 5789 3193 5856 7,
3230 5791 3289 5846 D.
3321 5809 3519 5849 comm.

1934 5860 2096 5918 divid.
2128 5858 2289 5916 Com.
2324 5858 2450 5915 Tac.
2484 5859 2521 5914 Ι.
2571 5860 2596 5913 1
2661 5860 2728 5917 de
2761 5858 2893 5928 Tib,
2924 5862 2986 5919 Ο.
3018 5860 3283 5934 Imperial.
3322 5863 3350 5939 §
3374 5881 3518 5937 pra:-
