3992 6504
1028 487 1359 546 EPISTOLA
1399 485 1535 543 XIII.

492 599 815 643 nummus
858 582 994 658 [ed.,
1026 580 1309 653 FRUINML]
1344 595 1516 636 suom
1553 594 1919 637 rasonoaicus
1948 595 2075 635 nux.

491 695 725 762 Imperat
764 705 821 750 ut
870 695 1125 750 Venantie
1160 694 1371 762 Ulpiani
1407 694 1615 747 nomine
1649 693 1782 748 diem
1808 694 1967 757 dicat,
1999 694 2085 747 cui

598 768 763 823 ebilor
784 766 1014 839 publicus
1032 766 1093 839 in
1116 765 1508 839 quadringentis
1533 764 1713 821 solidis
1731 764 2085 837 ﬁdejussionis

563 856 619 895 ae
638 837 841 894 vinculo
866 837 1173 893 tradiderat.

564 956 984 1013 Commovemur
1012 956 1225 1027 quidem
1254 956 1471 1028 pietatis
1506 955 1684 1013 studio
1712 953 1931 1026 querela
1957 968 2086 1025 sup-

492 1050 695 1123 plicum
720 1094 736 1120 ,
782 1049 875 1105 sed
905 1064 968 1107 ea
1008 1050 1241 1105 maxime
1278 1066 1398 1121 quae
1424 1057 1672 1105 versatur
1708 1047 1764 1102 in
1792 1045 2086 1118 dispendiis

496 1142 897 1210 innocentium;
931 1151 993 1198 ut
1011 1144 1205 1213 quibus
1226 1159 1333 1199 non
1362 1143 1559 1199 fuerint
1579 1143 1633 1197 in
1652 1140 1915 1210 exigendo
1936 1155 2087 1196 com-

496 1236 715 1308 pendia,
739 1251 961 1307 gravem
991 1238 1223 1293 subeant
1246 1238 1298 1291 in
1324 1236 1596 1293 reddendo
1614 1236 1902 1306 jacturam.
1932 1231 2087 1301 Quod

500 1329 669 1385 nostri
692 1329 951 1402 temporis
981 1332 1088 1401 28
1115 1330 1456 1386 manifestum
1485 1338 1569 1385 est
1589 1346 1693 1384 non
1716 1329 1907 1385 decere
1923 1327 2085 1399 justi-

498 1421 646 1489 tiam,
680 1420 990 1480 ut'alterius
1017 1423 1307 1493 despectus
1336 1422 1561 1477 alterum
1592 1429 1778 1489 gravet
1806 1430 1852 1487 ⁸,
1882 1428 1936 1475 et
1963 1435 2085 1475 rea-

499 1520 584 1569 tus
613 1514 680 1570 sit
729 1514 961 1571 innoxiis
999 1514 1067 1569 de
1112 1514 1514 1585 contemptibus
1562 1512 1797 1595 alienis.‘
1830 1509 2088 1581 Ulpianus

498 1605 758 1675 siquidem
788 1606 951 1660 flebili
980 1607 1242 1676 petitione
1283 1606 1573 1676 suggessit,
1608 1604 2089 1661 administrationis

498 1712 609 1753 sua:
636 1707 879 1769 tempore
925 1698 1225 1755 debitorem
1272 1699 1547 1770 publicum
1597 1698 1650 1754 in
1688 1699 2090 1769 quadringentis

498 1787 684 1845 solidis
731 1788 999 1847 Venantio
1042 1790 1335 1861 postulanti
1382 1789 1739 1861 ﬁdejussionis
1777 1807 1835 1848 se
1873 1792 2088 1847 vinculo

1686 374 1758 433 Il.
1796 371 2075 435 AURELII
2108 367 2507 432 CASSIODORI

2108 495 2160 555 Α
2184 510 2510 567 humanitas.
2561 503 2663 562 Ubi
2705 510 2791 562 est
2830 502 2926 561 illa
2972 512 3180 561 nattuae
3227 504 3342 571 vis,
3370 520 3493 578 qua:
3524 505 3809 576 amplexu

3678 364 3812 425 55!

2188 606 2398 676 copulae
2461 601 2763 659 destinatur
2826 599 2895 655 ad
2947 601 3240 672 posteros?
3308 599 3568 655 Ferarum
3617 601 3807 655 catuli

2186 704 2486 767 sequuntur
2532 703 2825 767 parentes;
2886 707 2918 747 a
2963 693 3169 762 cespite
3234 706 3334 748 suo
3380 691 3617 760 virgulta
3675 707 3807 746 non

2188 790 2536 860 discrepant;
2585 801 2828 860 propago
2855 786 2981 843 vitis
3010 786 3242 857 propria:
3269 785 3437 840 servit
3476 785 3710 853 origini,
3744 793 3808 840 et

2186 882 2460 950 discrepat
2483 879 2647 935 homo
2674 893 2706 932 a
2732 893 2830 933 suo
2859 875 3008 932 fusus
3035 877 3225 931 initio?
3253 875 3390 942 Quid
3418 876 3670 930 dicamus
3704 874 3803 929 illa

2185 972 2448 1031 beneﬁcia
2522 986 2641 1043 quae
2712 970 2801 1027 vel
2865 977 3178 1025 extraneam
3245 973 3475 1039 possunt
3540 966 3803 1036 obligare

2187 1068 2520 1141 personam?
2584 1067 2901 1123 Nutriuntur
2947 1082 2977 1121 a
3025 1065 3283 1136 parvulis,
3314 1063 3443 1134 ipsis
3479 1063 3800 1131 laboratur,

2187 1162 2318 1236 ipsis
2336 1164 2537 1219 divitiae
2561 1164 2953 1234 conquiruntur
2978 1174 3036 1230 c;
3065 1170 3259 1218 etcum
3286 1158 3387 1214 sibi
3413 1158 3800 1227 unusquisque

2188 1255 2374 1313 credat
2393 1255 2666 1311 abundare
2689 1255 2834 1328 quod
2861 1255 3121 1327 possidet,
3144 1270 3267 1310 cum
3291 1268 3323 1307 a
3344 1251 3592 1323 patribus
3611 1249 3799 1303 adhuc

2188 1350 2485 1420 quaeritur,
2516 1364 2613 1419 pro
2659 1348 2827 1404 altera
2879 1349 3056 1420 potius
3100 1357 3260 1404 aetate
3304 1353 3591 1418 peccatur.
3644 1342 3795 1398 Proh

2189 1442 2374 1498 dolorl
2422 1441 2541 1497 Non
2590 1442 2916 1497 merebimur
2966 1441 3109 1514 [ed.,
3156 1433 3549 1508 manebimus]
3600 1451 3795 1491 eorum

2179 1534 2442 1591 allectum
2461 1575 2476 1601 ,
2508 1550 2608 1604 pro
2638 1534 2832 1603 quibus
2868 1534 3049 1589 subire
3079 1548 3186 1588 non
3212 1546 3532 1587 recusamus
3561 1528 3793 1584 exitium

2192 1625 2363 1699 [mss.,
2394 1624 2657 1695 exitum]?
2684 1625 2851 1680 Maria
2881 1625 2995 1696 ipsa
3024 1625 3176 1680 salvis
3200 1622 3618 1695 tempestatibus
3644 1620 3795 1675 exci-

2190 1726 2305 1774 tata
2332 1719 2592 1787 genitoris
2617 1734 2748 1773 cura
2779 1734 2887 1773 non
2916 1718 3142 1786 refugit,
3174 1725 3234 1772 ut
3261 1716 3568 1787 peregrinis
3598 1712 3792 1768 merci-

2193 1810 2293 1865 bus
2319 1810 2565 1881 acquirat
2594 1810 2736 1882 quod
2769 1810 2998 1881 propria:
3044 1808 3219 1865 soboli
3253 1808 3620 1877 derelinquat.
3651 1805 3791 1859 Aves

501 1883 800 1939 tradidisse.
872 1886 993 1952 Quo
1061 1886 1409 1957 sponsionem
1463 1901 1617 1941 suam
1674 1887 2085 1958 praesumptione

2196 1903 2363 1974 ipsae,
2406 1921 2632 1975 quarum
2682 1906 2790 1960 vita
2838 1921 3055 1976 semper
3092 1905 3145 1959 in
3191 1905 3333 1960 escis
3371 1913 3496 1972 est,
3538 1911 3787 1957 naturam

497 1977 883 2033 truculentium
912 1979 1239 2035 rusticorum
1267 1978 1598 2049 despiciente
1636 1982 1930 2051 complere,
1957 1997 2087 2052 sup-

495 2068 694 2140 plicem
764 2081 1094 2128 memoratus
1161 2056 1453 2127 solidorum
1512 2089 1765 2129 numerus
1822 2073 2085 2129 oneravit.

495 2162 732 2234 Ideoque
779 2166 1093 2236 praedictum
1148 2166 1513 2235 Venantium,
1566 2182 1729 2236 quem
1780 2166 2092 2237 frequenter

497 2256 789 2310 multorum
812 2258 1078 2313 scelerum
1108 2259 1286 2328 pulsat
1308 2260 1522 2326 invidia,
1546 2267 1734 2313 notum
1755 2258 2091 2315 solummodo

496 2348 731 2417 querelis
774 2350 1043 2417 assiduis,
1086 2352 1140 2405 in
1188 2354 1440 2421 praesenti
1488 2352 1706 2421 negotio
1737 2351 2092 2419 decernimus

495 2443 774 2498 conveniri
800 2461 814 2510 ;
848 2453 905 2498 ut
933 2444 1177 2513 legaliter
1205 2446 1507 2512 convictus,
1540 2462 1604 2501 ea
1634 2462 1752 2515 quae
1780 2446 2092 2515 promisisse

495 2535 832 2605 suggeritur,
862 2537 981 2592 sine
1008 2536 1189 2607 aliqua
1216 2554 1368 2594 mora
1410 2538 1870 2609 tergiversationis
1915 2538 2090 2593 adim-

496 2629 667 2700 pleat.
723 2630 859 2697 Quia
888 2632 1084 2687 melius
1133 2648 1347 2703 semper
1390 2633 1570 2702 legum
1617 2630 1857 2702 pondere
1905 2646 2091 2701 pressa

496 2730 718 2778 curatur
745 2724 1001 2791 audacia;
1050 2733 1105 2781 et
1132 2725 1258 2780 dum
1289 2734 1466 2781 metus
1494 2724 1691 2781 talibus
1715 2723 2010 2796 imponitur
2036 2726 2088 2791 b,

494 2815 759 2885 peccandi
786 2816 1007 2875 licentia
1035 2833 1143 2874 non
1172 2818 1461 2889 praebetur.

1032 2973 1366 3031 EPISTULA
1409 2974 1548 3032 XIV.

740 3080 1023 3123 SYIIACHO
1055 3083 1302 3123 PATBICIO
1334 3082 1701 3123 THEODORICUS
1725 3082 1850 3121 REX.

494 3150 725 3231 Ετιῃοηὶς
743 3159 936 3212 crimen
959 3159 1232 3231 cujusdam
1257 3158 1488 3224 Romuli,
1514 3161 1602 3229 qui
1631 3160 1682 3231 in
1714 3169 1913 3231 patrem
1937 3172 2089 3231 suum

561 3227 848 3300 Martinum
876 3227 1059 3283 manus
1082 3230 1333 3284 violentas
1355 3227 1595 3300 injecisse
1627 3230 1931 3300 dicebatur;
1961 3238 2009 3281 et
2032 3229 2088 3281 in

2196 2010 2348 2050 suam
2378 2004 2636 2050 extranea
2676 1996 2835 2052 sorde
2874 2012 2981 2051 non
3012 1996 3305 2052 maculant.
3347 1994 3575 2051 Ciconia
3606 1992 3632 2030 τι
3653 2036 3668 2060 ,
3706 2009 3789 2048 re-

2192 2088 2406 2143 deuntis
2448 2089 2572 2143 anni
2610 2090 2809 2158 jugiter
2858 2089 3191 2155 nuntiatrix,
3242 2088 3465 2157 ejiciens
3512 2086 3787 2140 tristitiam

2192 2178 2403 2243 hiemis,
2424 2177 2664 2232 lzetitiam
2684 2179 2835 2234 verni
2862 2178 3123 2250 temporis
3146 2178 3510 2244 introducens,
3535 2192 3787 2246 magnum

2193 2272 2409 2343 pietatis
2437 2271 2596 2325 tradit
2624 2272 2950 2342 exemplum.
2996 2272 3127 2326 Nam
3158 2288 3279 2327 cum
3310 2280 3571 2342 parentes
3603 2287 3783 2326 eorum

2194 2378 2401 2435 pennas
2429 2365 2583 2419 senio
2622 2373 2890 2433 coquente
2936 2366 3277 2430 laxaverint,
3310 2380 3410 2419 nec
3437 2364 3507 2419 ad
3539 2363 3787 2433 proprios

2194 2454 2341 2511 cibos
2361 2456 2684 2525 quaerendos
2705 2456 2879 2512 idonei
2904 2458 3174 2527 potuerint
3196 2457 3440 2521 inveniri,
3459 2456 3669 2526 plumis
3687 2456 3789 2509 suis

2192 2549 2501 2617 genitorum
2530 2549 2772 2603 membra
2802 2549 2989 2617 frigida
3028 2549 3351 2612 refoventes,
3385 2549 3525 2603 escis
3557 2563 3787 2616 corpora

2191 2639 2331 2695 lassa
2372 2639 2647 2705 reliciunt;
2700 2648 2756 2694 et
2793 2638 2967 2695 donec
3010 2641 3062 2694 in
3104 2639 3385 2709 pristinum
3427 2638 3679 2705 vigorem
3710 2638 3787 2689 ala

2190 2733 2474 2805 grandaeva
2502 2732 2740 2800 redierit,
2771 2733 2858 2803 pia
2888 2732 3254 2789 vicissitudine
3277 2732 3507 2801 juvenes
3536 2730 3784 2795 reddunt,

2192 2827 2338 2899 quod
2366 2843 2395 2881 a
2429 2829 2742 2899 parentibus
2772 2828 2982 2897 parvuli
3011 2834 3384 2899 susceperunt.
3424 2824 3497 2878 Et
3526 2824 3655 2878 ideo
3687 2839 3786 2878 non

2191 2919 2462 2975 immerito
2485 2920 2641 2988 longa
2664 2919 2774 2973 vita
2798 2928 3100 2985 servantur,
3126 2919 3217 2988 qui
3241 2918 3453 2989 pietatis
3478 2916 3662 2971 olﬁcia
3688 2932 3785 2970 non

2190 3014 2519 3083 relinquunt.
2574 3012 2889 3070 Perdicibus
2945 3013 3107 3068 etiam
3155 3028 3272 3068 mos
3320 2998 3406 3068 est
3441 3028 3547 3067 ova
3581 3012 3785 3082 perdita

2192 3122 2290 3176 per
2338 3106 2559 3161 alterius
2612 3107 2801 3161 matris
2850 3106 3044 3161 damna
3093 3106 3337 3171 sarcire;
3393 3113 3453 3159 ut
3498 3104 3786 3173 adoptione

2193 3199 2382 3253 alienae
2409 3200 2612 3255 sobolis
2648 3209 2671 3237 °
2704 3199 3041 3255 incommoda
3072 3215 3181 3253 suae
3210 3206 3465 3269 reparent
3501 3196 3781 3260 orbitatis;

561 3297 739 3363 illum,
771 3300 815 3352 si
860 3301 1011 3372 modo
1053 3317 1169 3354 reus
1209 3276 1841 3372 {ueritﬁanimadvertere
1880 3299 2085 3369 pietatis

2194 3290 2287 3345 sed
2310 3305 2434 3344 mox
2458 3298 2515 3343 ut
2537 3290 2648 3344 uati
2673 3288 2923 3344 fiduciam
2949 3289 3149 3345 habere
3170 3289 3435 3360 cmperint
3456 3288 3784 3354 ambulandi,

563 3384 672 3422 esse
694 3385 852 3440 genus
875 3371 1093 3423 iudicat.

563 3476 694 3543 Quis
720 3479 893 3547 possit
921 3494 1177 3536 accusare
1200 3481 1311 3550 jam
1340 3482 1567 3551 reliqua,
1593 3480 1639 3536 si
1670 3481 1887 3551 pietatis
1910 3482 2085 3537 nomi-

493 3584 561 3623 na
590 3569 890 3639 probantur
926 3588 1045 3628 esse
1074 3573 1352 3630 crudelia?
1389 3573 1687 3645 Negligitur
1723 3573 1855 3629 levis
1884 3583 2086 3644 reatus,

495 3675 615 3716 cum
654 3664 912 3732 tragoedia
942 3666 1181 3721 criminis
1209 3682 1405 3738 magna
1443 3666 1684 3722 tonuerit
1722 3665 1739 3739 [
1745 3684 1792 3721 υ.
1817 3684 1865 3725 c.
1890 3664 2082 3731 Forn.,

494 3754 747 3828 tenuerit]
772 3773 787 3821 ;
829 3774 930 3814 nec
957 3759 1149 3830 aliquis
1178 3760 1395 3829 nititur,
1427 3760 1575 3830 quod
1604 3774 1829 3830 parvum
1858 3768 1942 3815 est
1967 3759 2089 3815 vin-

495 3847 717 3917 dicare,
771 3851 817 3907 si
880 3852 1076 3908 delicta
1140 3869 1347 3909 summa
1414 3853 1772 3926 respiciantur
1831 3853 2081 3909 evadere.

493 3937 768 3998 Inimicum
816 3951 1025 4001 trucem
1070 3945 1210 4002 ratio
1259 3946 1375 4016 ipsa
1424 3944 1776 4017 professionis
1824 3944 2083 4015 ostendit,

493 4032 682 4090 iratum
712 4036 1030 4109 plerumque
1058 4037 1262 4109 poteris
1288 4037 1532 4093 invenire
1562 4037 1853 4106 collegam;
1894 4035 2082 4092 inobe-

492 4126 724 4185 dientem
754 4146 883 4188 vero
917 4130 1085 4187 ﬁlium
1127 4130 1403 4187 declinare
1438 4143 1629 4201 pmnas
1664 4144 1774 4185 non
1818 4128 2084 4202 permittit

495 4344 649 4406 terea,
675 4334 752 4390 De
773 4334 985 4406 prohib.
1005 4332 1155 4406 feud.
1182 4332 1345 4406 alien.
1370 4348 1470 4403 per
1485 4330 1709 4406 _Fride_r.
1733 4346 1783 4387 c.
1821 4330 1877 4386 in
1901 4330 2090 4406 apibus

494 4404 545 4469 7,
578 4400 645 4474 q.
667 4406 717 4469 1,
750 4400 797 4460 οῖ
826 4405 1079 4474 majoris,
1107 4413 1245 4459 extr.
1274 4404 1342 4459 de
1372 4400 1536 4475 pneb.
1570 4401 1678 4475 Qui
1702 4400 2091 4475 auremliomi-

495 4476 577 4531 nis
596 4471 819 4543 tetigit,
860 4471 1031 4529 totum
1065 4471 1314 4528 hominis
1359 4471 1557 4543 corpus
1605 4474 1851 4543 affecisse
1896 4471 2091 4541 injuria

496 4542 728 4610 videtur,
764 4545 798 4599 l.
825 4544 916 4613 21,
941 4546 1193 4613 vulgaris,
1226 4545 1291 4599 D.
1323 4544 1390 4599 de
1419 4542 1546 4599 furt.
1578 4542 1815 4599 Fonusn.

567 4626 592 4653 ⁸
633 4615 799 4670 Nemo
846 4612 1103 4670 innocens
1140 4616 1316 4668 alieno
1364 4615 1525 4669 debet
1577 4615 1701 4668 odio
1734 4614 2012 4677 laborare,
2047 4612 2083 4667 l.

496 4685 586 4750 55,
616 4685 661 4739 si
704 4686 823 4754 quis
867 4700 990 4751 suo,
1021 4700 1071 4739 c.
1105 4686 1167 4739 de
1196 4685 1345 4754 ina/1‘.
1384 4693 1521 4751 test.,
1561 4683 1708 4753 quod
1766 4685 1820 4738 in
1876 4684 2089 4754 regulas

496 4754 628 4825 juris
673 4752 1019 4810 a'Bonit'acio
1059 4752 1367 4825 conjectum
1407 4762 1517 4819 est,
1550 4752 1600 4810 c7.
1640 4754 1759 4809 Non
1796 4754 1988 4819 debet,
2020 4752 2090 4809 de

496 4841 607 4878 rea.
642 4825 742 4878 iur.
778 4825 831 4878 6.
872 4824 1036 4878 Fons.

495 4841 607 4898 reg.
637 4841 742 4894 Jur.
778 4841 831 4882 θ.
873 4841 1036 4880 ronu.

571 4899 594 4935 δ
645 4895 847 4950 Eadem
900 4896 1167 4950 sententia
1214 4896 1515 4950 inculcatur
1561 4895 1627 4949 ab
1670 4895 2008 4959 auctoribus,
2041 4894 2078 4948 Ι.

496 4967 597 5035 16,
649 4975 743 5022 aut
772 4966 912 5022 facta
959 4966 1025 5039 li.
1069 4967 1106 5021 l.
1140 4965 1228 5021 28.
1280 4967 1632 5039 Capitalium,
1668 4966 1695 5039 §
1728 4968 1975 5039 fumosos,
2022 4964 2087 5017 de

494 5056 630 5111 paen.
660 5038 948 5111 Acerbitas,
979 5037 1295 5111 plerumque
1326 5038 1620 5111 ulciscendi
1658 5035 1916 5111 inalcﬁcii
1946 5036 2085 5111 bene

495 5106 657 5179 atque
696 5120 855 5179 caute
902 5106 1117 5164 vivendi
1166 5106 1447 5179 disciplina
1479 5118 1597 5179 est.
1651 5109 1800 5165 Sext.
1842 5106 2085 5162 Caecilius

496 5177 646 5252 apud,
668 5181 790 5252 Aul.
821 5177 961 5236 Gell.
998 5179 1093 5252 lib.
1122 5196 1214 5252 x_x,
1245 5177 1365 5249 cap.
1398 5178 1451 5233 1.
1478 5178 1647 5252 Fons.

573 5263 594 5290 ε
627 5250 936 5321 Simplicius
959 5250 1101 5321 apud
1129 5248 1429 5321 Epictetum
1471 5250 1538 5321 de
1563 5267 1745 5317 causa,
1775 5258 1921 5317 ortu,
1947 5248 2000 5303 vi
2029 5257 2085 5305 et

496 5322 688 5381 eﬂ'ectu
737 5319 918 5392 patria:
966 5319 1247 5392 potestatis
1292 5320 1434 5391 apud
1485 5319 1759 5392 Romanos
1810 5328 2080 5392 usurpata:

496 5390 795 5457 disserens,
829 5390 1075 5449 eamdem
1110 5390 1527 5463 propemodum,
1561 5408 1721 5459 quam
1751 5391 1839 5446 hic
1865 5390 2081 5463 Cassio-

495 5465 660 5521 dorus
704 5465 973 5534 expressit
998 5462 1320 5520 sententiam
1351 5462 1434 5517 his
1464 5462 1638 5516 verbis
1666 5482 1679 5515 :
1710 5466 1766 5517 οἱ
1800 5463 1853 5517 δὲ
1882 5462 2086 5516 παλαιοὶ

495 5540 873 5611 τῷνβΡωμαὶων
892 5537 1032 5609 νόμοι
1052 5538 1178 5611 πρὸς
1197 5541 1295 5611 τὴν,
1315 5542 1407 5593 τῆς
1432 5535 1629 5611 causam;
1656 5535 1924 5611 {impoliti
1951 5535 2083 5588 ἀπο-

497 5603 789 5680 ϐλέψανειίες,
818 5613 902 5665 καὶ
930 5603 1205 5680 ﬂans-fret):
1233 5606 1421 5680 πόνους
1439 5603 1539 5663 ὀὓς
1569 5603 1801 5680 οἰ-γονεῖς
1830 5606 1960 5680 ὑπέρ
1988 5612 2085 5659 τῶν

494 5673 681 5737 rixam»
723 5673 1004 5752 πονοῦσοί,
1054 5678 1160 5752 ἅμα
1205 5680 1293 5752 καὶ
1338 5678 1459 5735 τοὺς·
1508 5673 1693 5752 παῖδάς
1738 5673 2082 5752 εταντοδάπῶς

424 5776 440 5786 σ
495 5752 747 5823 ὑποτάξαι
791 5743 1112 5823 βουλόμςνοιζ
1150 5751 1239 5804 καὶ
1277 5754 1464 5823 τῇλτῶν
1493 5748 1668 5823 γᾳνέων
1710 5743 1853 5823 οἶμαιἐ
1894 5755 2080 5823 peccari

497 5818 823 5896 pdwroyyib;
870 5818 1212 5896 θαρῥήσαντις
1238 5857 1253 5881 ,
1285 5818 1369 5896 κάξ
1394 5820 1703 5896 temperantem
1734 5822 1777 5871 εἰ
1802 5818 2081 5896 ,βούλοψτὸ

496 5890 623 5965 tot;
669 5890 860 5952 satae..-
895 5890 1023 5965 joﬁz;
1052 5897 1303 5965 ,γοηίεῡεςιν
1352 5890 1635 5965 ἐπέτρεψαν
1659 5929 1690 5965 ο-
1728 5890 1815 5942 καί
1861 5890 2080 5965 iovem

499 5964 850 6041 ἀτιμωρήτως.
883 5958 1103 6035 Quintil.
1135 5959 1362 6019 declam.
1392 5958 1501 6018 vet'.
1531 5958 1787 6028 Quaedam
1810 5958 2079 6032 animalia,

1810 6128 1841 6135 ἡ
1870 6122 1933 6136 -.Δ

2197 3383 2263 3437 ad
2285 3397 2505 3452 campos
2531 3391 2733 3437 exeunt
2756 3398 2878 3438 cum
2904 3384 3143 3450 nutrice;
3172 3384 3263 3453 qui
3292 3392 3353 3439 ut
3374 3383 3575 3438 fuerint
3598 3392 3785 3436 mater-

2197 3489 2264 3527 na
2294 3489 2428 3529 voce
2462 3474 2778 3528 commoniti
2814 3475 2832 3511 ῖ
2856 3516 2870 3541 ,
2907 3491 3131 3531 ovorum
3170 3492 3387 3529 suorum
3424 3476 3607 3546 potius
3640 3474 3783 3543 geni-

2196 3569 2385 3624 tricem
2428 3578 2656 3641 petunt,
2698 3571 2945 3640 quamvis
2998 3572 3065 3625 ab
3108 3572 3263 3637 aliis,
3314 3570 3526 3626 furtivis
3572 3569 3782 3631 fetibus,

2196 3661 2512 3718 educentur.
2579 3661 2718 3728 Quid
2766 3676 2894 3730 ergo
2966 3662 3211 3717 homines
3262 3661 3440 3716 facere
3491 3660 3781 3725 debebunt,

2193 3756 2409 3825 quando
2436 3763 2494 3809 et
2517 3754 2657 3809 hanc
2680 3754 2936 3824 pietatem
2962 3755 3148 3809 avibus
3170 3755 3345 3809 inesse
3368 3762 3706 3822 cognoscunt
3729 3752 3785 3804 εἳ

2191 3846 2480 3902 Romulum
2520 3847 2740 3915 itaque,
2774 3846 2866 3915 qui
2908 3844 3035 3899 facti
3073 3846 3155 3901 sui
3194 3845 3488 3900 acerbitate
3529 3844 3780 3915 pollutus,

2188 3957 2386 3997 nomen
2438 3939 2606 3996 findat
2656 3938 2989 4005 Romanum,
3034 3939 3101 3993 ad
3130 3949 3367 3994 vestrum
3405 3936 3568 3993 facite
3605 3937 3784 3993 venire

2184 4032 2476 4103 judicium;
2539 4040 2596 4088 et
2656 4031 2703 4087 si
2752 4047 2876 4087 eum
2947 4032 3085 4103 patri
3142 4049 3240 4088 suo
3302 4032 3535 4087 Martino
3598 4045 3782 4086 manus

2187 4126 2441 4199 injecisse
2463 4124 2785 4194 constiterit,
2813 4125 3060 4195 protinus
3082 4125 3376 4195 legitimam
3397 4127 3599 4183 sentiat
3623 4125 3783 4181 ultio-

2188 4337 2321 4411 etc,
2350 4346 2406 4401 p.
2437 4330 2543 4386 218
2574 4344 2631 4389 et
2664 4350 2779 4405 seq.
2828 4332 3330 4411 Adoptﬁion‘ealien.
3379 4332 3514 4411 _S__ob_.
3564 4345 3621 4391 et
3666 4346 3782 4411 post

2191 4401 2437 4475 eligimus
2476 4419 2653 4475 mores
2696 4401 3324 4475 vestros.'Euripideum
3377 4405 3501 4459 illud
3554 4422 3619 4461 ex
3666 4401 3782 4463 Ere-

2192 4471 2393 4527 chtheo
2422 4474 2693 4543 profertur
2720 4494 2748 4531 a
2792 4477 3009 4532 Stobaeo
3034 4516 3048 4540 ,
3094 4471 3215 4544 cap.
3249 4474 3348 4537 74,
3382 4479 3779 4544 priestantiores

2194 4552 2409 4618 oportet
2432 4545 2675 4613 judicare
2702 4549 2976 4603 naturales
2998 4547 3279 4618 adoptivis,
3328 4549 3481 4601 θετῶν
3510 4548 3563 4603 δέ
3596 4550 3780 4604 ﬂutas-ii

2192 4615 2249 4669 τὸ
2279 4618 2475 4739 κράτοῦ.
2496 4620 2559 4672 τὰ
2578 4618 2735 4689 φύντα
2749 4622 2843 4698 γὰρ
2864 4624 3086 4696 κρείσσω
3106 4615 3321 4690 regiﬁce:
3340 4628 3439 4673 τῶν
3464 4619 3779 4691 domitasse}:

2198 4706 2389 4739 γῡεων.
2464 4703 2587 4739 ORN.

2196 4706 2389 4767 χρξωγ.
2420 4703 2587 4767 l‘ORN.

2265 4754 2305 4839 δ’
2342 4757 2564 4839 Aristot.
2608 4759 2956 4839 {Economn
3001 4764 3145 4839 γρμοι
3190 4762 3503 4839 πελαργικοὶ.
3558 4760 3773 4828 Quintil.

2120 4797 2163 4855 ί)
2192 4797 2564 4901 (ὶθοιθῇιιίξξῆ.
2579 4797 2979 4901 εῆἶῖιῖέμιῖιιίίιῑῖ.

2270 4908 2293 4933 ο
2328 4897 2571 4973 Thecpb.
2599 4902 2667 4957 de
2689 4897 2873 4973 adOpt.
2897 4922 2909 4969 ;
2952 4901 3115 4957 Corn.
3144 4902 3349 4969 Tacit.;
3373 4904 3496 4958 Aul.
3523 4902 3666 4958 Gell.
3691 4905 3771 4960 lib.

2189 4983 2270 5049 Vs_
2294 4967 2442 5049 03,59
2461 4967 2494 5033 :7
2521 4967 2833 5049 Timotheus
2862 4967 3170 5049 episcopus,
3198 4974 3289 5030 lib.
3325 4967 3361 5029 ll
3389 4974 3453 5028 ad
3485 4973 3772 5049 Ecclesiam

2190 5039 2530 5116 catnolicam.
2559 5042 2707 5097 Multi
2732 5045 2869 5116 filios
2891 5039 2998 5099 non
3022 5039 3301 5110 habentes,
3323 5054 3571 5116 quaerunt
3592 5048 3774 5116 quibus

2191 5110 2562 5186 substantiam
2584 5117 2811 5183 preprite
2835 5115 3110 5186 facultatis
3138 5110 3387 5171 addicant
3422 5134 3433 5169 :
3469 5117 3520 5171 id
3548 5110 3633 5169 est
3668 5118 3772 5186 qui-

2191 5180 2291 5255 bus
2321 5180 2602 5238 umbratile
2630 5180 2847 5253 aliquod
2878 5186 3295 5255 propinquitatis
3338 5202 3535 5241 nomen
3586 5180 3769 5241 inscri-

2188 5250 2338 5332 bant,
2366 5267 2502 5332 quos
2530 5255 2631 5309 sibi
2660 5250 2812 5332 quasi
2836 5250 3149 5332 adoptatus
3198 5257 3495 5325 imaginarii
3529 5268 3771 5325 parentes

2192 5320 2331 5402 ﬁlios
2374 5320 2630 5402 faciantp
2752 5328 2805 5380 in
2834 5320 3015 5382 locum
3059 5320 3453 5402 eorum-,vquge
3499 5320 3610 5382 non
3638 5336 3770 5402 sunt,

2189 5396 2470 5461 pignorum
2502 5396 2722 5464 perlidia
2751 5406 3043 5467 generante
3070 5396 3376 5465 succedant,
3408 5398 3447 5454 l.
3477 5412 3687 5470 pen.‘c.
3717 5400 3772 5451 de

2189 5463 2367 5517 edant.
2400 5464 2566 5517 Fonv.
3529 5498 3535 5503 -

2189 5479 2367 5520 ααοιπ.
2400 5479 2566 5520 μου.
3529 5498 3535 5503 ο

2192 5482 2707 5615 fmgp‘llurcop‘grtinet
2734 5541 2878 5615 quod
2908 5541 3184 5615 eleganter
3228 5541 3414 5598 scribit
3460 5540 3769 5598 Philastrins

2190 5605 2244 5658 in
2270 5605 2490 5675 przefatf
2514 5609 2631 5663 libri
2660 5611 2727 5665 de
2751 5605 3073 5667 Hmresibus.
3097 5612 3290 5668 Juner.

2258 5686 2286 5757 β
2316 5675 2405 5731 Sic
2433 5679 2781 5757 ratiocinatur
2810 5681 3015 5737 Tullius
3046 5685 3098 5737 in
3138 5684 3428 5752 Rosciana,
3461 5691 3517 5739 et
3548 5682 3760 5757 Lucian.

2186 5750 2443 5831 epigram.
2496 5766 2510 5801 :
2552 5750 2707 5831 ῼύδξν
2756 5756 2805 5831 ἐγ
2855 5756 3162 5831 ὀξνθρώποισι
3218 5750 3575 5831 χαλεπώτερον
3626 5755 3761 5830 εὗρεν

2184 5820 2448 5905 ξίνξρῲπου
2496 5824 2723 5905 καραράν,
2760 5820 3073 5905 ψξρδο-μέὶξγογ
3123 5820 3299 5900 etM-riu.
3351 5829 3422 5905 Ou
3467 5820 3565 5901 οίὰρ
3603 5820 3761 5885 ἔθ”οζς

2182 5894 2369 5974 ἔχρρὸν
2398 5894 2860 5974 τςρῃνλαξσὸμειοζ
2879 5894 3334 5974 Αᾶλλξηὰγάπῶντες
3383 5901 3451 5959 ὡς
3473 5894 3624 5971 ’φίλων
3653 5940 3665 5964 ,
3716 5901 3762 5950 ἐν

2182 5962 2350 6034 route:
2376 5962 2578 6018 πλείονα
2602 5962 2953 6031 βλατὲτόμεθα.
2990 5962 3156 6025 FOiIN.
