3992 6480
849 318 882 370 -3

194 405 310 465 εδδ

1488 399 1849 457 ἾΑΒΙΔιὶυΜ
1891 399 2090 458 LIBER
2129 403 2210 458 ll.“

3383 405 3495 464 554

196 535 346 578 nem.
379 518 514 587 Quia
545 519 668 577 ideo
691 517 954 588 elegimus
977 534 1160 578 mores
1194 527 1426 586 vestros,
1459 517 1808 593 quia,erude—
1833 519 1884 581 Λ
1913 519 2227 574 accendere.
2273 519 2528 575 Nutriunt
2569 521 2713 577 enim
2742 535 3087 594 praemiorum
3118 525 3366 598 exempla
3395 526 3481 581 vir

197 611 340 668 libus
360 625 588 681 parcere
611 626 719 672 non
742 611 973 681 potestis
997 631 1010 666 :
1036 614 1255 684 quando
1277 625 1448 682 genus
1473 610 1692 682 pietatis
1722 616 1806 666 est

197 703 256 761 in
280 703 402 760 illos
428 704 753 773 distringere
782 705 874 777 qui
903 714 1094 764 contra
1122 713 1331 763 natura:
1359 704 1605 763 ordinem
1637 702 1806 760 scele-

196 797 333 854 ratis
363 811 425 856 se
453 797 723 854 docentur
748 800 1052 858 actionibus
1081 799 1385 858 miscuisse.

760 937 1097 994 EPISTOLA
1131 936 1249 994 XV.

368 1043 643 1086 VENANTIO
672 1045 796 1086 νιῐιο
823 1046 1072 1088 ιιιιιετιιι
1102 1045 1474 1088 THEODORICUS
1501 1045 1629 1086 REX.

195 1116 413 1193 Confert
453 1123 538 1177 illi
578 1124 871 1178 comitivam
920 1124 1319 1179 domesticorum
1370 1131 1475 1177 tum
1514 1121 1576 1178 ob
1617 1123 1808 1177 merita

271 1195 468 1266 patris,
505 1195 604 1266 qui
623 1194 872 1248 laudatur
903 1195 1182 1266 plurimum
1203 1235 1218 1260 ,
1263 1194 1472 1266 tuntob
1514 1195 1808 1247 litterarum

267 1262 470 1332 studia,
496 1262 679 1337 quibus
701 1281 758 1319 se
790 1262 951 1320 totum
975 1265 1188 1320 dederat
1210 1267 1322 1336 ipse
1356 1263 1660 1319 Venautius.

271 1353 642 1412 Providentia:
671 1364 871 1413 nostra:
897 1357 1038 1412 ratio
1069 1364 1170 1422 est,
1202 1357 1257 1411 in
1287 1363 1474 1410 tenera
1501 1363 1664 1411 aetate
1688 1369 1808 1410 me-

199 1445 305 1504 rita
327 1445 516 1501 futura
547 1454 814 1513 tractare,
843 1456 900 1504 et
926 1462 994 1504 ex
1024 1455 1310 1518 parentum
1347 1447 1636 1501 virtutibus
1658 1449 1683 1477 ⁸
1703 1445 1811 1516 29

201 1537 375 1612 prolis
391 1538 643 1609 judicare
667 1543 950 1597 successus
977 1557 989 1593 :
1020 1539 1147 1610 quia
1167 1538 1311 1594 bona
1338 1545 1488 1593 certa
1514 1545 1659 1603 sunt,
1689 1551 1810 1605 quae

199 1628 367 1686 ﬁdem
405 1631 478 1686 ab
519 1630 742 1687 exordio
788 1632 1040 1698 trahunt;
1074 1629 1201 1686 dum
1257 1630 1412 1698 origo
1450 1629 1624 1684 nescit
1670 1627 1808 1685 deli-

200 1736 346 1790 cere,
371 1736 498 1793 qua:
523 1725 806 1780 consuevit
829 1725 1089 1781 radicitus
1115 1723 1403 1796 pullulare.
1429 1722 1623 1778 Fertur
1646 1723 1810 1777 etiam

199 1826 364 1870 cursu
393 1817 623 1887 perenni
645 1815 876 1872 fontium
903 1831 1043 1872 vena
1065 1815 1272 1882 vitalis;
1305 1822 1361 1871 et
1379 1815 1522 1872 hanc
1549 1813 1810 1870 conditio-

1907 617 2073 678 tutes,
2099 626 2200 666 nec
2228 611 2513 682 quisquam
2556 621 2638 668 est
2675 615 2766 684 qui
2807 631 2913 670 non
2953 616 3019 671 ad
3056 632 3268 672 morum
3295 633 3509 674 summa

1907 703 2113 759 nitatur
2132 703 2445 772 ascendere,
2477 704 2697 774 quando
2719 706 3173 765 irremuneratum
3204 712 3507 766 non'relin-

1907 795 2092 866 quitur
2110 796 2254 866 quod
2277 796 2611 853 conscientia
2641 805 2780 853 teste
2803 797 3074 855 laudatur.
3101 798 3240 858 Hinc
3258 810 3340 859 est
3361 804 3510 872 quod

1908 888 2177 964 illustrem
2207 888 2534 946 Venantium
2556 929 2571 957 ,
2606 895 2716 944 tam
2746 889 2856 946 suis
2884 905 3046 961 quam
3075 895 3317 962 paternis
3343 894 3508 950 meri-

1908 979 1980 1036 tis
2008 981 2300 1048 lucentem,
2331 981 2602 1038 comitivaa
2622 980 3042 1039 domesticorum
3063 986 3309 1042 vacantis
3327 987 3506 1058 digni-

1907 1079 2023 1129 tate
2050 1073 2432 1141 subveximus;
2458 1081 2518 1128 ut
2543 1074 2803 1129 natalium
2830 1075 3088 1145 Splendor
3121 1076 3316 1133 insitus
3343 1093 3509 1134 orna-

1909 1164 2017 1220 tior
2044 1164 2258 1220 collatis
2297 1163 2618 1221 redderetur
2663 1165 2984 1222 honoribus.
3035 1166 3304 1226 Retinetis
3341 1169 3508 1236 enim,

1908 1252 1975 1310 P.
2004 1253 2091 1320 C.,
2121 1254 2408 1324 patricium
2451 1254 2726 1312 Liberium
2765 1266 2820 1312 et
2859 1257 2915 1313 in
2957 1258 3284 1315 adversitate
3323 1269 3511 1317 nostra

1910 1345 2078 1402 fuisse
2108 1345 2466 1415 laudabilem;
2493 1347 2586 1416 qui
2611 1350 2690 1405 sic
2713 1347 2972 1406 Odoacris
3007 1351 3370 1422 integerrimis
3415 1370 3512 1426 pa-

1911 1440 2067 1496 rebat
2092 1439 2390 1510 obsequiis,
2422 1449 2483 1495 ut
2510 1449 2706 1497 nostra;
2721 1451 2847 1512 post
2871 1443 3033 1499 fuerit
3059 1445 3351 1502 dilectione
3380 1446 3512 1522 [ed.,

1913 1531 2203 1605 electione]
2251 1533 2628 1604 dignissimus,
2683 1544 2874 1591 contra
2924 1552 3063 1608 quos
3109 1540 3278 1596 multa
3320 1540 3517 1598 fecisse

1913 1625 2195 1681 videbatur
2210 1625 2479 1684 inimicus.
2506 1626 2625 1683 Non
2655 1627 2799 1684 enim
2820 1629 2888 1684 ad
2913 1645 3015 1686 nos
3035 1631 3297 1689 vilissima
3330 1641 3512 1689 trans-

1911 1717 2049 1789 fugae
2112 1718 2426 1776 conditione
2475 1719 2646 1794 [mss.,
2697 1720 3029 1794 cognitione]
3080 1724 3359 1794 migravit,
3409 1740 3516 1782 nec

1914 1810 2122 1880 proprii
2149 1810 2353 1867 domini
2385 1810 2542 1867 ﬁnxit
2569 1812 2776 1883 odium,
2801 1823 2862 1870 ut
2887 1814 3112 1872 alterius
3131 1816 3234 1873 sibi
3263 1832 3519 1888 procura-

200 1919 324 1960 nem
345 1907 620 1963 sustinent
640 1917 835 1964 cuncta
855 1908 1150 1974 manantia,
1179 1914 1238 1962 ut
1258 1922 1441 1977 sapor,
1468 1906 1562 1976 qui
1582 1920 1808 1962 conces-
1841 1910 1890 1972 Β
1917 1910 2003 1956 ret
2030 1899 2304 1958 affecttun.
2337 1901 2686 1975 Exspectavit
2712 1905 2921 1974 integer
2941 1905 3122 1963 divina
3150 1906 3350 1979 judicia
3368 1949 3385 1978 ,
3415 1923 3520 1965 nec

193 2009 292 2050 sus
321 2004 409 2051 est
440 1997 636 2065 origini
668 1997 795 2068 (nisi
822 2013 920 2068 per
949 1997 1250 2053 accidentia
1285 1996 1449 2052 fuerit
1475 1995 1617 2052 forte
1653 1997 1812 2053 vitia-

197 2087 354 2156 tus),
389 2087 600 2142 nesciat
639 2088 826 2144 rivulis
864 2088 1141 2158 abnegari.
1209 2087 1348 2144 Hinc
1395 2097 1479 2143 est
1503 2128 1520 2154 ,
1562 2089 1708 2159 quod
1759 2098 1813 2146 te

196 2176 484 2246 magnifici
521 2179 691 2249 patris
719 2179 928 2235 meritis
957 2181 1282 2236 aestimatum
1323 2179 1594 2235 comitivae
1621 2180 1811 2236 dome-

198 2269 470 2326 sticorum
514 2271 760 2327 vacantis
801 2272 1011 2328 honore
1063 2272 1410 2342 provehimus
1432 2288 1452 2349 ;
1505 2279 1566 2324 ut
1615 2270 1708 2339 qui
1752 2285 1813 2326 es

198 2360 383 2417 clarus
413 2369 701 2419 stemmate
725 2405 742 2432 ,
773 2362 1061 2436 Splendeas
1088 2363 1369 2432 dignitate.
1412 2359 1545 2428 Quis
1585 2362 1729 2416 enim
1755 2360 1812 2417 in

200 2459 256 2510 te
307 2454 414 2528 [ed.
441 2497 458 2524 ,
498 2454 642 2528 vitae]
667 2498 683 2524 ,
731 2457 978 2526 quamvis
1025 2453 1243 2523 futura,
1286 2463 1472 2510 tamen
1513 2462 1662 2509 certa
1698 2468 1810 2510 non

197 2555 408 2616 teneat,
439 2549 566 2605 dum
587 2548 811 2619 gloriosi
839 2547 1010 2619 patris
1036 2547 1245 2603 recolat
1265 2545 1541 2603 ofliciosos
1562 2545 1810 2603 labores?

200 2638 305 2706 Qui
347 2641 653 2712 prudentia:
681 2641 894 2697 ratione
920 2637 1248 2706 flammatus,
1280 2639 1359 2694 sic
1385 2639 1483 2694 fuit
1512 2638 1579 2693 ad
1609 2653 1808 2709 repen-

202 2735 316 2788 tina
345 2734 610 2790 sollicitus
635 2775 650 2800 ,
691 2733 848 2804 quasi
890 2747 989 2804 per
1012 2748 1225 2788 moram
1254 2731 1570 2788 crederetur
1607 2732 1812 2787 instru-

201 2832 341 2880 ctus.
424 2823 808 2881 Praefecturam
871 2825 1055 2891 enim,
1099 2823 1522 2878 sollicitudinum
1568 2823 1810 2880 omnium

203 2917 604 2973 nobilissimum
644 2917 857 2989 pondus
879 2959 895 2986 ,
925 2918 1072 2988 quod
1102 2915 1190 2972 vel
1221 2915 1400 2973 solum
1425 2914 1615 2970 fuisset
1643 2929 1812 2985 expe-

203 3008 320 3064 dire
345 3009 637 3075 laudabile,
659 3009 845 3079 juncta
869 3008 1144 3064 exercitus
1167 3007 1338 3062 nostri
1362 3021 1492 3061 cura
1513 3005 1806 3077 disposuit;

201 3109 263 3155 ut
290 3116 397 3156 nec
425 3101 720 3170 provinciis
750 3100 1021 3156 ordinatio
1060 3100 1302 3164 deesset,
1333 3112 1439 3152 nec
1462 3097 1724 3153 exercitui
1752 3112 1812 3153 se

199 3190 435 3261 provida
485 3189 793 3245 sollicitudo
848 3189 1212 3245 subtraheret.
1272 3188 1563 3259 Superavit
1614 3196 1810 3244 cuncta

1915 2009 2112 2066 passus
2140 2004 2224 2052 est
2250 1995 2353 2052 sibi
2378 2009 2563 2065 regem
2591 2013 2856 2068 quaerere,
2890 1999 2994 2056 nisi
3034 2009 3304 2058 rectorem
3331 2001 3519 2072 primi-

1915 2094 2005 2142 tus
2031 2087 2372 2156 perdidisset.
2409 2086 2563 2144 Unde
2603 2089 2683 2146 sic
2720 2089 2918 2145 factum
2949 2100 3048 2158 est,
3099 2097 3159 2147 ut
3197 2092 3247 2148 ei
3287 2091 3520 2148 libenter

1916 2178 2170 2234 daremus
2200 2179 2504 2251 praemium,
2549 2181 2676 2250 quia
2717 2190 2962 2237 nostrum
3003 2182 3235 2239 fideliter
3252 2183 3393 2254 juvit
3417 2183 3520 2239 ini-

1913 2271 2149 2336 micum;
2209 2271 2302 2339 qui
2362 2287 2490 2327 casu
2541 2273 2920 2343 patrocinante
2975 2276 3252 2332 contrario
3304 2283 3516 2331 tantum

1915 2363 2072 2419 nobis
2123 2363 2449 2420 reddebatur
2495 2375 2778 2438 acceptus,
2830 2375 3033 2437 quanto
3084 2375 3215 2423 tunc
3262 2370 3518 2438 cognosci

1892 2463 2132 2527 'poterat
2160 2456 2467 2515 indevotus.
2499 2458 2666 2518 Flexo
2696 2460 2808 2531 jam
2836 2477 2977 2532 pene
3007 2461 3228 2520 domino
3253 2463 3415 2520 nullis
3435 2470 3522 2520 est

1912 2550 2216 2605 terroribus
2265 2550 2553 2607 inclinatus
2608 2570 2620 2606 :
2665 2553 2922 2610 sustinuit
2972 2554 3266 2610 immobilis
3303 2555 3518 2610 ruinam

1913 2639 2174 2710 principis
2195 2640 2312 2707 sui;
2344 2656 2446 2697 uec
2473 2643 2686 2699 novitas
2711 2642 2861 2698 illum
2892 2643 3111 2699 turbare
3132 2644 3327 2716 potuit,
3353 2660 3517 2720 quam

1915 2728 2044 2802 [ed.°,
2079 2729 2263 2803 quem]
2294 2732 2456 2786 etiam
2478 2732 2734 2790 ferocitas
2758 2734 2974 2802 gentilis
3003 2736 3242 2805 expavit.
3273 2735 3520 2792 Pruden-

1914 2829 2001 2874 ter
2025 2829 2108 2874 cst
2128 2828 2349 2876 secutus
2374 2837 2690 2880 communes
2719 2838 2904 2892 casus;
2931 2834 2990 2880 ut
3015 2841 3136 2881 cum
3168 2827 3350 2883 divina
3372 2827 3519 2898 judi-

1915 2911 2000 2966 cia
2023 2909 2127 2964 lixe
2155 2912 2477 2980 sustineret,
2511 2913 2801 2969 humanam
2832 2917 3060 2984 gratiam
3090 2920 3519 2975 commendatior

1916 3002 2203 3058 inveniret.
2228 3001 2581 3060 Probavimus
2604 3006 2838 3064 hominis
2867 3008 3030 3064 fidem
3059 3028 3072 3062 :
3103 3010 3272 3066 tristis
3302 3012 3369 3066 ad
3393 3011 3518 3081 jura

1915 3102 2104 3149 nostra
2154 3096 2422 3162 transivit,
2473 3097 2566 3167 qui
2609 3106 2896 3168 superatus
2945 3102 3185 3156 animum
3227 3105 3513 3173 convertit,

1917 3200 2028 3241 non
2058 3194 2240 3242 autem
2273 3195 2330 3242 ut
2360 3188 2687 3257 vinceretur,
2721 3189 2918 3248 effecit.
2950 3191 3050 3248 Cui
3077 3209 3203 3249 mox
3233 3204 3292 3251 ut
3321 3197 3516 3266 prtel'ea

197 3278 558 3348 infatigabilis
586 3289 642 3335 et
670 3279 920 3350 expedita
943 3281 1250 3361 prudentia,
1283 3279 1448 3334 traxit
1475 3293 1658 3335 mores
1685 3279 1811 3335 bar-
1839 3287 1884 3350 (ς
1915 3284 2081 3332 eturae
2127 3277 2466 3347 praetorianae
2505 3280 2873 3336 concessimus
2919 3281 3268 3352 dignitatem,
3309 3285 3516 3342 credita

198 3373 367 3429 baros
398 3372 466 3428 ad
495 3374 760 3443 quietem,
796 3374 849 3427 in
889 3381 1074 3428 votum
1123 3380 1367 3428 nostrum
1396 3379 1592 3426 cuncta
1617 3371 1807 3426 mode-

201 3475 355 3523 ratus
379 3475 488 3533 est,
515 3475 573 3522 ut
601 3468 678 3522 sic
703 3465 1094 3537 accipientibus
1132 3463 1489 3529 satisfaceret,
1517 3478 1586 3518 ne
1614 3463 1808 3519 dantes

203 3555 384 3615 locum
417 3559 773 3630 querimoniis
803 3559 1091 3614 inveniret.
1121 3556 1321 3612 Verum
1353 3563 1415 3610 ut
1449 3557 1518 3612 de
1559 3556 1807 3627 plurimis

204 3667 374 3724 pauca
403 3651 699 3721 sufficiant,
739 3652 991 3723 probavit
1027 3650 1095 3706 de
1122 3665 1182 3707 se
1208 3657 1381 3717 tanta,
1417 3658 1480 3704 ut
1517 3649 1809 3720 eligeretur

205 3743 318 3812 ejus
345 3744 690 3814 inexplorata
719 3744 1032 3814 posteritas.
1063 3741 1212 3797 Inter
1238 3742 1356 3797 ham
1386 3750 1564 3796 tamen
1593 3741 1808 3810 generis

208 3847 546 3905 ornamenta,
581 3837 728 3908 quod
755 3837 1052 3892 maximum
1099 3835 1477 3905 pulcherrimm
1506 3835 1808 3892 nobilitatis

207 3925 462 3983 indicium
507 3937 611 3997 est,
643 3945 746 3986 nec
775 3937 992 3983 tuorum
1032 3926 1242 3996 indiges
1270 3925 1539 3996 sull'ragiis
1576 3927 1804 3983 merito-

206 4034 340 4074 rum.
372 4018 703 4077 Litterarum
728 4020 993 4092 siquidem
1019 4019 1214 4084 studia,
1245 4034 1366 4089 qua:
1394 4019 1604 4076 cunctis
1632 4019 1806 4075 hono-

206 4110 349 4166 ribus
377 4127 496 4180 suo_
513 4120 638 4168 sunt
667 4111 829 4181 digna
866 4111 1152 4182 suffragio,
1184 4111 1406 4167 sedulus
1434 4121 1806 4183 perscrutator

207 4202 532 4272 assequeris,
557 4201 760 4258 addens
780 4201 1012 4256 claritati
1035 4201 1250 4272 generis
1271 4201 1547 4270 ingenium
1567 4203 1807 4259 suaviter

209 4293 534 4364 eloquentis.
564 4294 819 4350 lncumlie
841 4308 972 4364 ergo
998 4295 1198 4350 talibus
1225 4294 1435 4362 studiis,
1460 4309 1581 4349 ama
1609 4310 1729 4364 quae
1749 4295 1804 4349 in

210 4391 262 4440 te
288 4395 631 4445 remunerata
672 4386 994 4464 cognoscis;
1045 4395 1106 4440 ut
1135 4393 1320 4441 nostra
1359 4400 1577 4455 quoque
1602 4385 1807 4452 judicia

212 4489 328 4532 cum
355 4481 467 4536 tuis
494 4480 842 4550 provectibus
879 4478 1091 4534 tendas.
1149 4477 1383 4532 Tantum
1412 4476 1558 4532 enim
1587 4493 1618 4530 a
1647 4475 1805 4533 nobis

213 4570 390 4643 exigis,
413 4580 684 4645 quantum
703 4581 759 4629 te
777 4572 937 4629 bonis
961 4571 1173 4628 actibus
1193 4569 1477 4626 imminere
1497 4569 1800 4640 cognoscis.

745 4707 1081 4765 EPISTOLA
1117 4705 1256 4761 XVI.

424 4817 653 4862 SENATUI
683 4817 832 4858 UBBIS
858 4816 1019 4855 ROB-1E
1050 4810 1420 4854 THEODOBICUS
1446 4811 1575 4850 REX.

146 4933 158 4947 .
219 4887 405 4953 Electio
447 4895 692 4950 Venantii
730 4893 800 4948 ad
839 4893 1133 4948 comitivam
1171 4890 1571 4944 domesticorum
1615 4902 1806 4942 vacan-

285 4975 376 5022 tem
401 4967 664 5022 indicatur
684 4966 903 5028 senatui,
932 4972 1038 5017 tum
1059 4962 1308 5033 patricius
1328 4957 1566 5015 Liberius
1594 4957 1807 5014 Venan-

287 5038 341 5091 tii
366 5047 514 5107 pater
541 5037 715 5091 multis
744 5033 986 5090 laudibus
1017 5033 1250 5102 eﬂ'ertur.
1322 5086 1325 5087 ν

287 5126 456 5185 Studii
487 5128 657 5184 nostri
685 5134 798 5193 est,
833 5125 1021 5181 Patres
1044 5122 1376 5193 Conscripti,
1408 5123 1808 5179 remuneratio-

220 5233 338 5275 nem
363 5230 518 5278 recto
547 5219 798 5278 conferre
825 5217 1127 5289 proposito,
1161 5225 1217 5272 et
1242 5215 1402 5272 bonae
1429 5214 1628 5270 indolis
1660 5214 1808 5270 viros

221 5311 285 5367 ad
335 5315 577 5372 instituta
627 5312 854 5370 meliora
909 5311 1086 5366 fructu
1147 5309 1406 5378 impensa:
1458 5305 1807 5375 benignitatis

253 5453 317 5496 “⁶
359 5429 646 5514 Parentum
702 5451 989 5508 virtutibus
1043 5449 1392 5505 aestimantur.
1449 5445 1584 5501 Vide
1636 5457 1798 5514 supra

224 5524 310 5600 lib,
339 5545 394 5592 ιι,
427 5545 514 5599 ep.
541 5527 596 5593 5,
625 5534 681 5581 et
703 5526 796 5580 lib.
826 5538 903 5586 ιιι,
927 5537 1022 5592 ιιι).
1057 5520 1144 5573 12.
1176 5518 1369 5600 Junur.
1459 5588 1470 5598 _
1522 5596 1530 5600 Α
1722 5585 1734 5596 θ

291 5597 316 5636 ι’
345 5596 549 5654 Scitum
596 5605 679 5653 est
713 5611 781 5651 ex
815 5608 998 5648 rerum
1043 5596 1426 5647 communione
1457 5596 1598 5642 inter
1624 5600 1804 5641 socios

226 5666 512 5724 discordias
565 5667 824 5730 excitari,
882 5664 1079 5737 l.g_77_,
1138 5676 1259 5737 cuin
1299 5667 1483 5737 pater,
1607 5657 1803 5737 dulcis-

229 5739 381 5808 simis.
411 5741 476 5795 de
504 5740 606 5807 leg.
635 5737 687 5790 2.
713 5728 1054 5808 Theoph_i_l._§
1079 5728 1334 5808 quredani.
1358 5729 1435 5784 De
1459 5728 1762 5808 actionibus
1789 5745 1800 5779 :

226 5804 346 5863 Ideo
373 5825 490 5865 esse
518 5801 1056 5878 comparataj'udicia
1084 5801 1357 5878 divisoria,
1381 5801 1802 5878 utcommunio,

231 5889 296 5931 ex
321 5893 422 5947 qua
448 5881 570 5936 lites
606 5872 736 5935 oriri
777 5872 1008 5940 soleant,
1049 5872 1469 5947 tolleretur,_i1ri
1498 5872 1668 5947 τούτῳ
1706 5873 1806 5944 γὰρ

223 5942 544 6028 ,σνγᾶροτεῖτε
575 5954 640 6009 τὰ
671 5949 971 6025 δικαστήρια
1006 5953 1188 6009 ταῦτα,
1213 5947 1296 5999 ἐπὶ
1324 5945 1382 6000 τὸ
1416 5949 1506 6006 τήν
1543 5942 1809 6002 κοινότητα

666 6045 934 6111 Pauor"
972 6038 1170 6106 LXIX
1187 6082 1202 6104 .

1911 3368 2015 3425 sibi
2047 3377 2196 3422 tanta
2225 3370 2537 3439 integritate
2566 3370 2863 3443 disposuit,
2897 3381 2957 3428 ut
2995 3375 3284 3431 miraretur
3322 3377 3518 3447 aliquis

1911 3460 1993 3515 sic
2017 3460 2335 3530 simpliciter
2361 3460 2637 3528 devotum,
2681 3478 2842 3534 quem
2874 3471 2984 3543 tam
3009 3465 3182 3522 calide
3203 3467 3374 3539 [mss.,
3400 3469 3514 3524 cal-

1911 3552 2041 3625 lide]
2079 3563 2306 3609 noverat
2339 3555 2506 3612 fuisse
2534 3557 2887 3612 contrarium.
2917 3557 2966 3613 Is
2995 3559 3157 3628 igitur
3196 3559 3517 3631 infatigabili

1910 3660 2062 3710 cura,
2086 3646 2234 3715 quod
2255 3646 2632 3702 dillicillimum
2660 3648 2879 3704 virtutis
2908 3659 2993 3704 est
3015 3665 3207 3720 genus,
3228 3653 3328 3708 sub
3350 3669 3515 3725 gene-

1909 3737 2144 3794 ralitatis
2195 3739 2368 3807 gratia
2412 3739 2630 3810 publica
2664 3741 2880 3796 videtur
2907 3757 3230 3812 procurasse
3259 3759 3516 3816 compen-

1913 3827 2002 3884 dia
2034 3847 2049 3882 :
2081 3843 2304 3885 censum
2329 3845 2440 3886 non
2469 3830 2735 3898 addendo,
2766 3831 2864 3887 sed
2891 3834 3263 3891 conservando
3290 3845 3518 3905 proten-

1910 3919 2077 3987 dens;
2109 3920 2239 3977 dum
2261 3921 2351 3976 illa
2371 3935 2494 3990 quae
2514 3933 2912 3979 consueverant
2929 3925 3076 3980 male
3097 3925 3350 3994 dispergi,
3375 3927 3517 3984 bene

1911 4014 2176 4071 industria
2214 4015 2538 4086 providente
2582 4015 2822 4085 collegit.
2867 4015 3146 4072 Sensimus
3176 4025 3362 4073 auctas
3390 4018 3512 4075 illa-

1912 4107 2112 4176 tiones,
2158 4121 2258 4163 vos
2302 4105 2485 4162 addita
2536 4107 2740 4162 tributa
2785 4107 3053 4164 nescistis.
3104 4105 3184 4161 Ita
3227 4116 3516 4181 utrumque

1908 4199 2010 4255 sub
2041 4197 2403 4254 admiratione
2431 4197 2732 4269 perfectum
2761 4207 2866 4264 est,
2900 4207 2960 4254 ut
2996 4207 3053 4256 et
3100 4199 3262 4257 ﬁscus
3300 4215 3514 4257 cresce-

1909 4297 2014 4357 ret,
2056 4298 2113 4344 et
2155 4289 2368 4358 privata
2396 4288 2603 4344 utilitas
2630 4288 2778 4345 nulla
2804 4290 3001 4346 damna
3041 4291 3326 4362 perferret.
3354 4291 3515 4349 Juvat

1910 4395 2012 4436 nos
2064 4378 2268 4434 referre
2327 4377 2788 4448 quemadmodum
2841 4379 2897 4435 in
2951 4384 3233 4436 tertiarum
3286 4381 3509 4456 [Juret.,

1912 4467 2291 4540 thermarum,]
2313 4469 2681 4541 deputatione,
2705 4467 3008 4528 Gothorum
3034 4472 3513 4544 Romanorumque

1911 4572 1969 4620 et
2001 4562 2374 4634 possessiones
2414 4561 2656 4632 junxerit
2702 4571 2759 4618 et
2805 4564 3032 4620 animos.
3084 4564 3269 4620 Namb
3296 4582 3419 4622 cum
3452 4582 3514 4622 se

1829 4670 1887 4733 ι)
1910 4655 2159 4712 homines
2186 4654 2398 4711 soleant
2425 4653 2494 4710 de
2521 4655 2800 4712 vicinitate
2829 4657 3102 4724 collidere,
3136 4659 3254 4714 istis
3283 4658 3514 4730 praedio-

1909 4764 2033 4804 rum
2061 4746 2371 4804 communio
2406 4761 2628 4801 causam
2665 4747 2907 4804 noscitur
2944 4750 3260 4820 praestitisse
3289 4764 3516 4806 concor—

1911 4840 2036 4897 diae.
2077 4837 2169 4896 Sic
2212 4839 2358 4894 enim
2399 4838 2627 4909 contigit
2648 4847 2710 4894 ut
2737 4849 2967 4911 utraque
2990 4843 3171 4912 natio,
3201 4842 3326 4897 dum
3357 4856 3514 4898 com-

1913 4932 2152 4990 muniter
2178 4932 2332 5000 vivit,
2377 4932 2446 4989 ad
2479 4949 2645 4988 unum
2665 4933 2807 4990 velle
2835 4935 3174 4992 convenerit.
3202 4933 3284 4990 En
3312 4933 3515 4988 factum

1915 5040 2116 5081 novum
2163 5034 2220 5080 et
2265 5024 2488 5079 omnino
2533 5023 2822 5093 laudabile,
2864 5026 3036 5095 gratia
3065 5023 3411 5081 dominorum
3440 5020 3514 5077 de

1915 5119 2133 5190 cespitis
2179 5117 2443 5173 divisione
2490 5116 2778 5187 conjuncta
2825 5127 2956 5175 est:
3002 5117 3248 5173 amicitia:
3296 5114 3516 5189 populis

1913 5227 2013 5284 per
2041 5213 2236 5268 damna
2265 5225 2517 5278 crevere;
2550 5219 2606 5267 et
2627 5227 2694 5267 ex
2722 5220 2878 5284 parte
2907 5211 3019 5280 agri
3048 5209 3300 5265 defensor
3327 5208 3516 5277 acqui-

1912 5305 2048 5361 situs
2076 5312 2180 5371 est,
2219 5312 2278 5360 ut
2304 5304 2619 5361 substantia:
2657 5305 2916 5362 securitas
2945 5303 3153 5372 integra
3177 5307 3512 5358 servaretur.

1907 5451 2238 5520 κᾳταπαῦσαι
2265 5448 2348 5501 καὶ
2377 5450 2466 5520 τήν
2494 5447 2717 5520 iurati?“
2763 5444 3076 5519 ἐγειρομένην
3128 5443 3436 5520 φιλονεικίᾳ.
3473 5438 3514 5494 Ι.

1907 5517 2040 5580 ult.,
2073 5531 2122 5570 c.
2174 5530 2359 5569 comm.
2405 5515 2604 5579 divid.,
2640 5517 2731 5570 lib.
2785 5510 3012 5580 ixixiv,
3056 5510 3176 5567 cuin
3245 5510 3514 5580 amplius,

1910 5585 1978 5658 de
2005 5579 2116 5658 reg.
2145 5585 2253 5655 jur.
2293 5587 2331 5658 l.
2362 5587 2643 5658 2,7quand.
2677 5593 2732 5639 et
2758 5586 2953 5658 quibus
2987 5579 3165 5658 quart.
3209 5579 3349 5658 pars
3381 5579 3509 5658 deb.
3541 5609 3549 5631 ι

1911 5656 1972 5712 C.
2007 5649 2099 5710 libv.
2134 5649 2187 5710 ιξ.
2223 5649 2514 5712 ΑτίεῑζΙὶὶι.
2545 5673 2609 5722 ιι,
2643 5649 2859 5722 θερβὸ,
2906 5649 3518 5722 Ροιίιὶοῶη.’Μίιιιιει·ιὶ-

1911 5744 2013 5782 nus
2044 5727 2098 5782 in
2130 5726 2444 5799 Panegyric.
2481 5721 2641 5798 quem
2683 5721 3009 5799 Maximiano
3049 5723 3184 5799 dixit
3225 5721 3520 5799 elegantis-

1912 5800 2048 5872 sime
2075 5817 2089 5872 :_
2103 5798 2203 5872 pubi
2216 5790 2401 5872 obiter
2421 5790 2521 5872 pro
2541 5795 2899 5872 (tribulationis
2921 5794 3153 5872 stipulis,
3179 5790 3516 5872 emendabis,

1913 5869 2163 5924 stimulis.
2216 5861 2533 5924 Plutarchus
2582 5865 2649 5922 de
2692 5861 3039 5923 Tuberonum
3084 5863 3285 5921 familia
3323 5861 3378 5917 in
3415 5861 3518 5933 vita

1915 5938 2134 5998 Marccl.
2167 5936 2405 5996 FORNBR.
2940 5980 2950 5990 .
