4048 6344
429 323 536 381 555

1636 320 1705 374 Μ.
1750 315 2030 374 AUllELll
2066 314 2463 373 CASSIODORI

3618 318 3730 378 556

434 442 549 499 Una
595 440 681 496 lex
722 440 842 496 illos
887 448 941 496 ct
982 440 1260 512 aequabilis
1308 439 1585 511 disciplina
1628 438 2026 509 complectitur.
2057 439 2108 502 Α
2136 437 2263 512 [ed.,
2301 434 2658 510 providentia]
2686 443 2885 505 vestra,
2916 451 3014 507 pro
3036 436 3357 508 integritatis
3385 450 3499 493 sua:
3525 452 3732 510 propo-

432 533 665 593 Neccsse
694 540 777 589 est
806 532 973 602 enim,
997 542 1055 587 ut
1080 534 1218 588 inter
1242 549 1334 589 eos
1355 532 1533 589 suavis
1560 540 1767 585 crescat
1788 528 2031 592 allectus,

428 630 522 702 qui
554 635 774 684 servant
797 626 1000 697 jugiter
1031 628 1292 683 terminos
1323 627 1664 684 constitutos.
1696 624 1861 679 Debet
1893 623 2035 677 enim

429 724 675 779 Romana
702 721 1009 793 respublica
1041 730 1097 777 et
1126 730 1424 778 memorato
1468 719 1684 775 Liberio
1728 718 2032 787 tranquilli—

431 823 602 873 tatem
650 828 834 879 suam,
879 813 971 884 qui
1010 814 1321 870 nationibus
1350 822 1462 869 tam
1504 812 1775 884 praeclaris
1818 809 2037 866 tradidit

433 906 612 961 studia
642 906 943 962 charitatis.
989 904 1345 977 Perpendite,
1378 905 1565 962 Patres
1610 902 1937 973 Conscripti,
1991 902 2037 957 si

434 998 575 1053 hanc
617 998 864 1053 sobolem
898 998 1346 1055 irremuneratam
1391 999 1696 1069 relinquere
1728 996 2032 1060 debuimus,

432 1088 588 1157 cujus
614 1096 893 1145 auctorem
917 1098 998 1144 tot
1023 1091 1215 1145 eximia
1242 1089 1434 1145 fecisse
1458 1090 1771 1144 retinemus.
1797 1087 2036 1142 Faveant

432 1196 665 1252 superna
694 1183 998 1252 dispositis;
1030 1192 1089 1237 ut
1133 1183 1273 1238 sicut
1310 1198 1410 1238 nos
1441 1182 1665 1236 virtutes
1702 1178 1913 1236 collatis
1941 1178 2036 1233 be-

434 1273 644 1331 neficiis
700 1276 1018 1344 invitamus,
1071 1277 1145 1331 ita
1198 1278 1433 1334 crevisse
1478 1275 1686 1331 meritis
1741 1273 2036 1330 honoratas

435 1368 798 1427 conscientias
828 1372 1209 1443 approbemus.

888 1512 996 1582 30
1034 1510 1371 1567 EPISTOLA
1411 1509 1575 1566 xvu.

430 1617 732 1660 HONORATIS
774 1618 1198 1673 POSSESSORIBUS,
1239 1617 1631 1659 DEFENSOBIBUS
1666 1618 1739 1658 ΕΤ
1788 1616 2033 1659 (ΞΟΜΛΙιῙ-

568 1707 664 1748 BUS
691 1708 1035 1749 TIUDENTINA!
1064 1708 1334 1749 CIVITATIS
1364 1707 1735 1748 THEODOBICUS
1760 1707 1889 1748 REX.

422 1784 677 1841 'Declarat
707 1803 762 1841 se
791 1789 1047 1841 exemisse
1077 1786 1398 1841 Butilianum
1427 1785 1783 1856 presbyterum
1813 1802 1845 1838 a
1874 1786 2033 1856 ﬁsca-

500 1858 567 1911 lis
596 1858 785 1929 calculi
814 1860 1093 1922 solutione,
1126 1868 1175 1913 et
1216 1867 1354 1913 vetat
1392 1859 1664 1929 quominus
1711 1858 1769 1912 id

501 1930 701 1983 remisit
731 1928 795 1983 ab
826 1931 948 1985 aliis
976 1932 1236 2001 exigatur.

504 2020 928 2078 Muniﬁcentiam
1006 2030 1247 2078 nostram
1309 2023 1443 2079 nulli
1507 2022 1757 2078 volumus
1822 2028 2040 2079 exstare

429 2114 750 2172 damnosam
785 2133 798 2167 :
831 2130 900 2170 ne
930 2114 1078 2184 quod
1102 2114 1257 2170 alteri
1281 2115 1553 2181 tribuitur,
1577 2113 1802 2169 alterius
1822 2111 2039 2183 dispen-

432 2208 537 2264 diis
566 2208 886 2278 applicetur.
917 2207 987 2263 Et
1016 2208 1138 2264 ideo
1179 2209 1432 2279 pnesenti
1471 2208 1801 2264 auctoritate
1834 2221 2038 2277 cogno-

430 2298 596 2361 scite,
628 2313 729 2369 pro
775 2306 923 2355 sorte
971 2313 1134 2367 quam
1173 2298 1445 2353 Butiliano
1485 2300 1805 2371 presbytero
1852 2307 2039 2355 nostra

428 2389 685 2458 largitate
733 2390 1063 2445 contulimus
1086 2432 1103 2458 ,
1154 2390 1356 2444 nullam
1388 2390 1545 2461 [forte
1584 2388 1812 2463 nullum]
1840 2389 2040 2446 debere

432 2482 750 2552 persolvere
770 2480 965 2541 liscalis
995 2481 1188 2537 calculi
1212 2480 1573 2548 iunctionem;
1604 2482 1701 2538 sed
1729 2484 1784 2538 in
1806 2498 1871 2538 ea
1902 2498 2038 2553 prae-

429 2574 669 2631 statione
698 2576 888 2647 quanti
917 2590 977 2632 se
1018 2576 1176 2631 solidi
1217 2574 1710 2646 comprehendunt,
1739 2576 1808 2632 de
1851 2576 2039 2631 tertia-

432 2683 557 2724 rum
584 2669 920 2726 illationibus
941 2670 1095 2725 vobis
1121 2670 1384 2726 noveritis
1405 2684 1525 2725 esse
1554 2670 1895 2727 relevandos.
1926 2670 2039 2727 Nec

432 2758 620 2817 inferri
663 2779 696 2818 a
737 2778 1010 2833 quoquam
1040 2764 1317 2832 volumus,
1348 2763 1492 2834 quod
1520 2762 1677 2817 alteri
1714 2774 1901 2819 nostra
1937 2764 2036 2819 hu-

430 2854 695 2909 manitate
717 2853 1025 2909 remisimus
1050 2872 1063 2908 :
1090 2869 1177 2920 ne,
1210 2852 1357 2924 quod
1385 2853 1534 2908 dictu
1562 2850 1713 2909 nefas
1742 2860 1845 2918 est,
1869 2853 2037 2909 bene-

424 2945 609 3001 meriti
635 2961 831 3001 munus
860 2945 1161 3001 innocentis
1187 2944 1468 3015 contingat
1489 2958 1606 3000 esse
1627 2943 1988 3014 dispendium.

956 3078 1289 3136 EPISTOLA
1326 3079 1512 3135 XVIII.

700 3187 906 3227 GUDIL£
939 3186 1193 3225 EPISCOPO
1224 3184 1591 3224 THEODOBICUS
1615 3185 1741 3225 REX.

430 3261 730 3318 Remittitur
768 3264 837 3316 ad
877 3265 1103 3332 episcopi
1132 3264 1331 3315 curiam
1358 3277 1515 3315 causa
1544 3262 1681 3315 inter
1715 3261 2028 3317 Sarcenates

500 3337 788 3403 municipes
819 3343 867 3386 et
900 3332 1208 3395 Ecclesium,
1246 3349 1399 3403 quam
1427 3333 1632 3402 quidem
1670 3332 1775 3385 vult
1805 3332 1870 3385 ab
1916 3334 2027 3403 ipso

502 3402 705 3466 dirimi,
736 3407 779 3458 si
810 3421 843 3456 α
874 3402 1475 3457 Sarcenatibusstelerit
1510 3405 1759 3473 aequitas;
1807 3406 1889 3458 sin
1930 3422 2027 3457 au-

504 3485 631 3555 tem,
649 3475 795 3545 jubet
826 3474 895 3525 ad
916 3474 1215 3555 comitatum
1235 3474 1494 3555 principis
1522 3475 1778 3555 instructa
1807 3492 2028 3555 per‘sona

502 3546 814 3609 destinetur,
841 3560 955 3613 qua:
978 3545 1398 3597 adversariorum
1426 3546 1834 3615 contentionibus
1872 3546 2029 3615 finem

507 3617 715 3670 tandem
749 3624 898 3687 queat
926 3616 1190 3683 imponere
1221 3631 1236 3668 :
1268 3616 1313 3668 si
1343 3615 1545 3667 demum
1581 3614 1737 3669 dubia
1768 3614 1927 3669 causa
1955 3619 2029 3669 vi-

503 3687 735 3753 debitur,
764 3686 844 3739 ait
871 3687 1167 3755 episcoimnt
1195 3695 1316 3739 ante
1344 3687 1744 3740 controversiam
1766 3687 2030 3755 justitiam

502 3759 691 3882 pgnas!
718 3754 1028 3829 cognoscere
1075 3754 1290 3826 debere,
1338 3773 1495 3828 quam
1532 3773 1563 3809 a
1596 3754 1797 3827 judicio
1844 3760 2031 3813 victum

503 3846 532 3881 a
569 3845 652 3882 sce
693 3846 796 3882 ere.

503 3830 796 3883 abscedere.
1200 3836 1203 3837 '

504 3918 812 3977 Priscarum
857 3921 1036 3991 legum
1082 3917 1375 3973 reverenda
1404 3917 1573 3973 dictat
1620 3920 1931 3986 auctoritas,
1974 3928 2033 3974 ut

427 4016 705 4074 nascendo
736 4014 953 4071 curialis
985 4014 1131 4069 nullo
1163 4012 1326 4068 modo
1356 4014 1529 4083 possit
1558 4012 1626 4066 ab
1658 4013 1883 4081 originis
1922 4029 2032 4069 suae

429 4108 627 4164 muniis
654 4107 996 4177 discrepare;
1029 4122 1129 4160 nec
1171 4105 1224 4158 in
1256 4102 1401 4158 aliud
1432 4104 1568 4173 reip.
1603 4102 1839 4158 cilicium
1868 4105 2031 4173 trahi,

429 4202 523 4271 qui
552 4198 646 4255 tali
676 4205 981 4271 praeventus
1011 4198 1175 4252 fuerit
1195 4202 1343 4251 sorte
1371 4194 1650 4252 nascendi.
1675 4194 1830 4262 Quod
1861 4197 1905 4251 si
1938 4212 2033 4252 eos

430 4292 519 4347 vel
548 4292 614 4347 ad
639 4291 877 4348 honores
907 4290 1140 4345 transire
1177 4287 1299 4358 jura
1325 4296 1634 4354 vetuerunt,
1678 4303 1839 4357 quam
1877 4287 2032 4344 vide-

428 4390 517 4437 tur
542 4398 661 4438 esse
681 4383 1034 4449 contrarium,
1063 4381 1324 4437 curialem
1352 4380 1499 4453 [mss.
1533 4388 1582 4433 et
1601 4380 1682 4434 ed.
1707 4380 1823 4447 Ac.,
1856 4382 2035 4437 curio-

432 4474 578 4548 nem]
609 4477 814 4547 reipub.
868 4474 1066 4529 amissa
1114 4474 1342 4544 turpiter
1389 4473 1640 4528 libertate
1694 4473 1929 4539 servire,
1980 4482 2035 4529 et

432 4585 603 4640 usque
632 4569 699 4624 ad
728 4568 1089 4625 conditionem
1121 4568 1433 4637 pervenisse
1474 4574 1802 4637 postremam
1822 4611 1837 4635 ,
1867 4582 2030 4636 quem

434 4659 650 4714 vocavit
706 4657 1003 4728 antiquitas
1052 4657 1318 4712 minorem
1367 4655 1627 4711 Senatum
1679 4656 1841 4729 (Vide
1890 4658 2031 4729 infra

431 4749 521 4805 lib.
554 4765 630 4815 v1,
660 4751 762 4820 for.
796 4747 865 4815 5;
898 4746 988 4802 lib.
1028 4764 1102 4803 ιχ.
1136 4764 1219 4819 ep.
1248 4747 1340 4819 7)?
1385 4747 1609 4803 Noverit
1646 4748 1829 4819 itaque
1873 4764 2030 4805 reve-

437 4843 613 4898 rentia
638 4849 816 4897 vestra
836 4884 853 4910 ,
891 4838 1211 4897 Sarsenates
1240 4838 1524 4912 [Brisson.,
1555 4837 1887 4911 Farcinates]
1918 4857 2037 4896 mn-

432 4935 641 5008 nicipes
680 4934 916 5007 collegas
951 4950 1078 4992 suos
1106 4935 1430 4997 asseruisse,
1466 4930 1761 4989 Ecclesiam
1802 4942 2037 4991 vestram

430 5028 877 5086 irrationabiliter
908 5027 1013 5085 sibi
1044 5026 1179 5083 velle
1208 5026 1523 5083 defendere.
1556 5024 1713 5082 Unde
1751 5027 2035 5097 prudentia

504 5197 532 5226 ι
560 5186 619 5244 Si
668 5202 857 5257 preces
895 5186 1126 5242 veritate
1170 5187 1437 5257 nitantur,
1488 5184 1719 5240 mendax
1773 5193 2024 5255 precator

430 5267 617 5316 careat
658 5256 994 5328 impetratis,
1052 5256 1089 5313 l.
1119 5258 1153 5311 5
1191 5257 1254 5328 D.
1302 5256 1353 5309 in
1382 5256 1761 5328 integrestit.
1812 5257 1847 5310 1.
1894 5273 2018 5327 pen.

430 5330 468 5384 l.
503 5330 602 5398 ult,
633 5344 682 5385 c.
716 5326 761 5383 si
790 5338 970 5383 contra
994 5328 1102 5397 jus,
1136 5327 1220 5381 vel
1253 5327 1409 5381 utillt.
1444 5326 1591 5395 pubi.
1633 5326 1671 5380 l.
1711 5327 1832 5394 ult.,
1870 5326 1918 5384 cf.
1961 5329 2025 5383 de

431 5403 594 5469 diver.
628 5400 841 5469 rescrip.
876 5398 1117 5452 FOBNEB.

502 5471 528 5509 ι)
558 5467 809 5535 Ejusdem
849 5469 1150 5537 argumenti
1192 5467 1418 5537 epistola
1459 5473 1640 5537 exstat
1680 5468 1822 5537 apud
1869 5468 2025 5526 Sido-

435 5543 580 5594 nium
600 5534 847 5610 ’Apollin.
880 5534 973 5593 lib.
1004 5555 1111 5603 vni,
1148 5534 1240 5607 ep:
1286 5538 1343 5589 ll
1370 5556 1410 5610 ;»_
1429 5545 1482 5591 et
1533 5534 1759 5610 Plinium
1805 5540 1897 5594 lib.
1945 5558 2022 5610 ιιι,

432 5627 517 5680 ep.
556 5612 640 5663 Μ.
661 5606 764 5665 Et!)
792 5612 964 5665 lucem
991 5611 1091 5664 sibi
1121 5606 1304 5662 initum
1337 5608 1588 5661 alierum.
1619 5606 1740 5662 Jun.

510 5694 530 5718 ε
568 5680 775 5748 Ulpian.
819 5681 953 5735 Cum
996 5681 1137 5734 nulla
1173 5681 1363 5735 domus
1394 5688 1505 5731 tuta
1534 5693 1654 5731 esse
1686 5681 1875 5746 possit,
1924 5683 2027 5737 nisi

434 5750 671 5822 periculo
701 5753 893 5819 capitis
934 5753 1015 5806 sui
1047 5756 1347 5807 custodiam
1389 5748 1620 5803 demittis
1665 5756 1772 5822 tam
1820 5754 1885 5804 ab
1927 5753 2024 5806 do-

433 5820 669 5877 mesticis
698 5837 860 5890 quam
891 5824 957 5876 ab
979 5824 1250 5879 extraneis
1277 5832 1528 5891 prtestarc
1553 5820 1693 5891 servi
1717 5832 1978 5889 cogantur
2007 5844 2019 5877 :

438 5894 562 5950 ideo
592 5889 1057 5951 senatusconsulta
1085 5889 1389 5950 introducta
1412 5901 1537 5949 sunt
1555 5889 1625 5946 de
1651 5890 1865 5961 publica
1886 5910 2026 5964 qua;-

1808 1842 1945 1929 qubd
1986 1842 2112 1913 eiB

2138 532 2265 595 sito,
2305 531 2610 585 examinata
2655 531 2902 597 veritate,
2950 531 3201 587 discutiat
3240 547 3360 601 qum
3408 531 3635 587 veniunt
3673 533 3735 592 in

2138 622 2448 694 querelam;
2475 632 2529 679 et
2558 624 2603 678 si
2644 623 2908 679 desideria
2930 602 3273 695 petitorum.ﬂ
3295 624 3525 682 veritate
3551 627 3733 682 subsi-

2137 727 2314 785 stunt,
2355 734 2455 788 pro
2493 716 2777 789 implendis
2824 716 3020 773 muniis
3071 733 3166 774 eos
3214 717 3281 773 ad
3318 718 3525 774 curiam
3575 734 3736 777 suam

2137 826 2384 867 remeare
2412 810 2705 881 permittat.
2740 809 2798 865 Si
2839 825 2965 865 vero
3008 811 3154 866 clero
3194 820 3379 868 vestro
3417 812 3637 868 creditis
3681 814 3736 869 in

2137 907 2215 963 eis
2245 906 2445 976 aliquid
2474 904 2867 960 rationabiliter
2903 904 3184 973 sulfragari
3203 947 3218 973 ,
3250 906 3318 960 ad
3354 914 3600 961 nostrum
3631 921 3736 962 co-

2137 1001 2388 1055 mitatum
2418 1000 2734 1055 instructam
2763 1012 3052 1069 personam
3079 998 3254 1054 modis
3290 998 3538 1055 omnibus
3567 999 3733 1054 desti-

2136 1100 2285 1158 nate,
2314 1107 2435 1162 quae
2462 1091 2892 1147 adversariorum
2914 1090 3111 1146 debeat
3138 1091 3530 1147 intentionibus
3560 1093 3637 1166 [id
3662 1100 3738 1148 est

2138 1185 2599 1259 contentionibus]
2625 1185 2865 1242 obviare.
2901 1184 3059 1253 Quod
3093 1185 3137 1241 si
3160 1185 3225 1240 de
3246 1187 3447 1255 negotii
3476 1188 3738 1256 qualitate

2137 1279 2422 1348 dubitatis,
2453 1280 2708 1336 convenit
2736 1276 3162 1334 sacerdotalibus
3202 1277 3492 1347 institutis,
3525 1288 3584 1334 ut
3611 1288 3737 1336 ante

2137 1370 2564 1427 controversiam
2585 1370 2850 1441 justitiam
2872 1370 3044 1438 magis
3076 1369 3191 1440 ipse
3220 1383 3542 1439 cognoscas,
3574 1386 3738 1441 quam

2137 1464 2206 1521 de
2257 1463 2463 1533 judicio
2514 1464 2688 1520 victus
2739 1462 3014 1519 abscedas.
3075 1461 3262 1518 Talem
3314 1462 3581 1532 siquidem
3628 1479 3737 1518 non

2137 1564 2357 1629 oportet
2384 1557 2601 1628 publice
2629 1556 2893 1628 superari,
2925 1571 3088 1629 quem
3124 1563 3424 1614 amatorem
3466 1557 3736 1629 aaquitatis

2138 1651 2394 1707 convenit
2422 1650 2674 1706 inveniri.

2652 1762 2988 1821 EPISTOLA
3022 1762 3145 1819 XIX
3172 1764 3221 1819 δ.

2139 1873 2410 1915 umvansrs
2435 1872 2653 1924 GOTHIS,
2689 1874 2759 1912 ar
2790 1858 3047 1923 nonanis,
3081 1874 3150 1913 ar
3193 1872 3279 1913 ms
3316 1872 3404 1920 om
3461 1871 3734 1915 ron-rosus

2212 1969 2312 2009 vni.
2340 1968 2591 2009 cwsrnts
2621 1953 2766 2025 [ηιεδ.
2798 1948 3104 2023 cuusrrus]
3142 1966 3397 2009 ramum
3438 1967 3736 2009 τιιιουοιι-

2215 2062 2311 2103 CUS
2338 2064 2465 2103 REX.

2136 2140 2290 2195 Jubet
2328 2150 2385 2193 ut
2426 2139 2610 2209 famuli
2647 2139 2734 2210 qui
2774 2137 3101 2210 Stephanum
3137 2139 3405 2193 dominum
3457 2137 3739 2193 trucidave-

2212 2221 2329 2266 rant
2369 2220 2418 2266 et
2458 2209 2784 2265 inhumatum
2812 2209 3160 2281 projecerant,
3190 2219 3418 2266 extrario
3444 2210 3738 2280 plectantur

2211 2284 2484 2356 supplicio.

2211 2374 2415 2431 Cuncta
2446 2373 2661 2444 quidem
2697 2372 2821 2444 jure
2849 2373 3181 2429 detestamur
3208 2373 3411 2430 scelera
3430 2414 3443 2439 ,
3492 2383 3548 2429 et
3575 2388 3739 2430 omne

2138 2468 2285 2541 quod
2314 2468 2556 2538 iniquum
2585 2475 2695 2532 est,
2730 2467 2967 2523 clemens
2998 2474 3311 2523 exsecratur
3351 2467 3596 2534 auditus;
3640 2466 3739 2525 sed

2140 2579 2205 2621 ea
2234 2564 2468 2619 maxime
2490 2578 2627 2634 quaz,
2662 2564 2884 2618 humani
2910 2564 3183 2633 sanguinis
3212 2561 3471 2619 cllusione
3496 2564 3737 2635 polluta,

2140 2667 2381 2714 nostram
2421 2665 2611 2713 contra
2646 2672 2705 2712 se
2745 2657 3039 2712 incitavere
3069 2671 3375 2712 censuram.
3414 2654 3548 2722 Quis
3591 2656 3740 2712 enim

2137 2751 2281 2808 ferat
2304 2751 2357 2804 in
2382 2750 2695 2807 domesticis
2718 2751 2978 2822 prmsidiis
3012 2760 3033 2788 ε
3067 2749 3242 2806 locum
3273 2748 3435 2806 fuisse
3456 2751 3736 2820 periculis,

2140 2848 2196 2897 et
2222 2841 2295 2896 ibi
2324 2842 2602 2896 inventum
2631 2840 2804 2895 dulcis
2828 2841 2952 2895 vita:
2990 2841 3221 2910 exitum,
3265 2840 3406 2895 unde
3445 2841 3595 2896 nasci
3640 2841 3740 2898 de-

2138 2935 2330 2990 buerat
2380 2933 2711 2989 defensionis
2753 2933 3052 2988 auxilium?
3086 2931 3155 2987 Et
3192 2932 3313 2989 ideo
3343 2936 3597 3004 pmsenti
3619 2934 3740 3005 jus-

2138 3029 2294 3084 sione
2342 3026 2660 3083 mandamus
2686 3033 2748 3081 ut
2776 3025 2829 3079 in
2863 3024 3093 3080 famulos
3127 3024 3218 3096 qui
3259 3023 3598 3096 Stephanum
3637 3024 3739 3081 do-

2140 3119 2347 3175 minum
2392 3132 2551 3174 suum
2584 3116 2841 3187 plectibili
2870 3116 3073 3172 scelere
3104 3116 3453 3182 trucidantes,
3487 3118 3739 3173 inhuma-

2059 3230 2107 3296 ρ
2138 3220 2252 3269 tam
2279 3225 2496 3281 quoque
2523 3210 2885 3265 reverentiam
2926 3210 3043 3280 ejus
3084 3208 3289 3265 funeris
3336 3210 3654 3279 abjecerunt
3683 3211 3736 3279 ά,

2130 3310 2311 3376 legum
2341 3302 2679 3359 districtione
2707 3302 2996 3369 resecetis;
3025 3310 3293 3373 quatenus
3331 3303 3421 3373 qui
3471 3303 3735 3373 exemplis

2129 3402 2498 3469 provocantur
2553 3394 2836 3464 pessimis,
2896 3394 3072 3465 penis
3132 3402 3420 3451 arceantur
3476 3395 3732 3466 aspectis.

2130 3488 2277 3545 Proh
2304 3486 2487 3543 dolor!
2520 3487 2694 3556 pietas
2722 3486 2778 3541 in
2818 3487 3005 3543 avibus
3036 3488 3327 3554 invenitur,
3359 3503 3480 3559 qua:
3522 3488 3591 3544 ab
3629 3490 3733 3543 hu-

2130 3595 2292 3635 mana
2320 3578 2632 3635 conditione
2661 3578 2945 3636 deseritur.
2978 3579 3173 3635 Vultur
3217 3580 3354 3650 ipse,
3381 3580 3469 3635 cui
3513 3581 3623 3635 vita
3653 3588 3734 3635 est
3830 3562 3845 3573 ’

2133 3670 2368 3728 cadaver
2421 3671 2692 3740 alienum,
2734 3679 2899 3727 tanta:
2953 3673 3333 3741 magnitudinis
3383 3689 3584 3744 corpus
3638 3688 3735 3728 nec

2134 3765 2345 3833 exiguis
2374 3764 2590 3819 alitibus
2619 3765 2882 3834 probatur
2910 3764 3135 3820 infestus
3157 3766 3290 3839 [alii,
3314 3765 3618 3837 infestum],
3642 3766 3734 3822 sed

2134 3856 2305 3924 magis
2334 3856 2667 3925 accipitrem,
2700 3858 2865 3912 vitam
2920 3858 3276 3927 plumigerum
3321 3859 3501 3914 avium
3552 3874 3735 3929 perse-

2134 3953 2424 4015 quentem,
2458 3946 2558 4000 alis
2587 3947 2774 4014 caedit,
2807 3963 2903 4002 ore
2934 3947 3186 4011 dilaniat,
3220 3955 3445 4018 totoque
3470 3964 3571 4005 suo
3601 3965 3735 4019 pon-

2135 4036 2266 4093 dere
2308 4037 2738 4108 periclitantibus
2784 4039 2975 4094 nititur
3020 4040 3307 4095 subvenire
3341 4058 3352 4093 :
3387 4049 3443 4097 et
3486 4041 3736 4098 homines

2137 4145 2362 4201 parcere
2394 4138 2693 4201 nequeunt,
2726 4131 2879 4201 cujus
2918 4147 2976 4191 se
3014 4147 3184 4202 genus
3211 4149 3329 4190 esse
3366 4135 3730 4204 cognoscunt!

2136 4220 2233 4280 Ille
2262 4239 2374 4280 non
2404 4224 2521 4279 vult
2564 4225 2912 4295 exstinguere
2951 4241 3060 4296 quo
3110 4234 3327 4297 poterat
3371 4227 3560 4283 vesci:
3592 4227 3737 4283 servi

2136 4315 2448 4371 maluerunt
2476 4316 2729 4371 occidere
2770 4317 2863 4386 qui
2912 4332 3008 4373 eos
3055 4327 3331 4388 superstes
3378 4326 3737 4375 consueverat

2138 4406 2397 4462 enutrirc.
2448 4406 2568 4462 Fiat
2604 4421 2734 4476 ergo
2776 4415 2960 4477 pastus
3007 4408 3083 4479 pii
3121 4408 3366 4476 vulturis,
3407 4410 3501 4481 qui
3542 4425 3735 4467 necem

2138 4499 2314 4569 potuit
2350 4498 2641 4554 crudeliter
2670 4498 2978 4555 desiderare
3007 4502 3259 4571 pastoris.
3294 4500 3411 4557 Tali
3438 4503 3621 4573 potius
3648 4518 3735 4560 se-

2138 4592 2327 4662 pulcro
2368 4592 2688 4663 recipiatur,
2739 4592 2833 4662 qui
2885 4590 3163 4649 dominum
3211 4593 3444 4651 reddidit
3490 4593 3733 4667 insepul-

2138 4698 2271 4748 tum.

2696 4826 3027 4886 EPISTOLA
3064 4829 3183 4888 XX.

2224 4933 2449 4977 vmucrs
2479 4921 2606 4995 [ed.,
2640 4923 2885 4996 UNlLlGlS]
2914 4939 3092 4980 suout
3122 4938 3492 4982 τιιεουοωαῠε
3520 4938 3648 4982 ω.

2140 5028 2384 5087 Decernit
2424 5045 2479 5089 ut
2518 5052 2646 5107 quas
2693 5054 2847 5093 naves
2886 5040 2943 5093 in
2987 5039 3112 5094 urbe
3160 5038 3411 5096 Ravenna
3457 5041 3739 5113 frumentis

2132 5194 2309 5248 stione
2353 5208 2380 5247 a
2431 5192 2629 5249 familia
2660 5205 2976 5254 necatorum
3019 5200 3294 5265 habenda,
3327 5201 3366 5257 I.
3395 5200 3422 5254 I
3457 5202 3527 5259 de
3555 5202 3732 5260 Sena-

2134 5265 2445 5343 t’usconsunb
2484 5265 2946 5343 SyllanaSenega
2996 5272 3089 5328 lib.
3134 5289 3173 5338 ι,
3219 5288 3341 5343 cap.
3392 5272 3490 5342 16,
3547 5283 3728 5332 natur.

2135 5332 2334 5407 Quaest.
2370 5332 2590 5390 Plinfin
2622 5337 2845 5407 Epistol.
2880 5340 3046 5399 Fonn.

2203 5406 2229 5443 ά
2260 5407 2430 5461 Porro
2458 5406 2705 5465 veterum
2733 5408 2799 5465 de
2826 5414 3116 5484 sepultura:
3143 5428 3272 5471 cura
3297 5414 3445 5484 leges
3464 5426 3523 5474 et
3540 5430 3736 5475 exem-

2135 5478 2221 5559 pla
2250 5484 2705 5559 commemorent?
2733 5482 2863 5559 satis
2889 5478 2965 5559 sit
2992 5487 3074 5542 vel
3105 5478 3612 5559 indiceostendisse
3640 5490 3732 5545 tit.

2134 5549 2204 5625 de
2243 5550 2511 5625 relig._‘_et
2550 5560 2749 5622 sumpt.
2794 5552 2904 5625 fun.
2958 5558 2991 5610 Ι.
3038 5559 3218 5625 penul.
3272 5557 3339 5613 de
3380 5560 3542 5616 cond.
3595 5560 3729 5615 inst.

2132 5619 2379 5700 lactant.
2534 5637 2603 5685 v1,
2637 5619 2875 5700 cap._l:_2._
2906 5619 3166 5694 Agat'liius
3194 5630 3261 5685 de
3301 5630 3453 5686 Bello
3493 5631 3734 5687 Gothico

2128 5689 2224 5769 lib.
2252 5707 2305 5755 ιι,
2339 5692 2646 5770 sirititinein.
2684 5689 2978 5770 νειμ-Μειχῖ
3000 5700 3091 5753 lib.
3124 5717 3199 5764 v1,
3228 5717 3349 5770 cap.
3379 5703 3429 5765 5,
3468 5701 3542 5757 de
3571 5717 3734 5757 seve-

2128 5761 2310 5845 ritate.
2342 5762 2545 5845 Athan.
2695 5761 3474 5845 χιι.11ἱξικγιιιξάθ⁷Α1έλειιιὼ
3502 5772 3733 5845 Magno,-

2131 5842 2187 5886 ct
2212 5832 2347 5889 infra
2382 5837 2541 5907 hujus
2570 5838 2661 5895 lib.
2694 5840 2907 5910 epistol.
2937 5842 3024 5898 2:2.
3060 5842 3227 5900 Fons.
