3992 6456
91 364 211 422 857

1453 351 1816 409 'VARIARL’M
1857 349 2057 407 LIBER
2094 349 2158 404 ll.

3334 335 3440 394 558

177 476 494 550 ﬁscalibus
546 484 788 533 oneratas
834 474 1104 550 invenerit,
1147 472 1216 525 ad
1255 469 1525 540 Liguriam
1573 467 1751 531 inapia
1780 476 1830 538 Α
1855 471 2162 521 consortem
2214 462 2483 526 beneficii,
2537 461 2763 530 gloriam
2792 459 2961 515 nostri
3007 452 3268 527 temporis
3309 466 3443 524 ιδεμ

181 547 421 631 frugum
454 549 818 616 laborantem,
850 557 898 603 et
917 547 983 602 in
1011 562 1114 614 qua
1145 553 1265 598 tunc
1291 548 1404 598 erat
1451 555 1564 606 rex,
1591 549 1756 592 trans-

182 629 406 675 mittat.

184 733 416 792 Omnes
440 735 613 792 decet
640 742 920 805 gratanter
945 729 1289 803 impendere,
1332 728 1480 799 quod
1516 727 1760 798 publicas

110 827 319 882 vident
347 825 633 883 utilitates
661 841 820 897 posse
839 825 1148 896 respicere:
1173 821 1277 894 31
1300 819 1515 889 quando
1535 833 1765 874 necesse

117 928 208 973 est
238 918 360 973 hoc
391 919 658 974 membra
683 917 921 983 sentire,
952 913 1098 986 quod
1125 911 1371 982 corporis
1400 924 1610 965 summa
1637 924 1763 966 sen-

121 1009 284 1063 titur.
319 1007 526 1077 Atque
567 1007 691 1064 ideo
727 1007 982 1078 praesenti
1019 1003 1360 1061 decernimus
1399 999 1662 1071 iussione,
1705 1004 1768 1054 ut

120 1109 380 1172 quantas
411 1101 475 1156 in
511 1100 817 1156 Ravennati
842 1099 979 1154 urbe
999 1087 1324 1155 suleatorias
1347 1093 1588 1165 potueris
1611 1105 1769 1162 repe-

125 1195 275 1258 rire,
330 1193 641 1250 frumentis
702 1191 976 1248 ﬂscalihus
1012 1198 1274 1248 oneratas
1338 1187 1407 1242 ad
1449 1201 1550 1242 nos
1599 1199 1770 1254 usque

128 1289 461 1360 perducas;
495 1295 769 1358 quatenus
794 1287 1050 1343 alimonia
1085 1284 1298 1356 publica
1331 1284 1423 1338 tali
1460 1282 1772 1354 provisione

131 1380 422 1445 relevata,
456 1379 843 1436 necessitatem
873 1379 1068 1449 inopiie
1097 1393 1208 1433 non
1235 1377 1439 1433 debeat
1475 1375 1767 1431 sustinere.

136 1471 368 1527 Reddat
397 1472 673 1529 Ravenna
695 1472 912 1543 copiam
940 1471 1190 1540 Liguriae,
1219 1484 1382 1539 quam
1401 1484 1469 1524 ex
1501 1468 1615 1538 ipsa
1636 1482 1772 1522 con-

140 1565 336 1620 suevit
349 1565 644 1635 accipere.
674 1563 806 1618 Nam
829 1579 949 1632 qua:
969 1563 1315 1634 praesentiam
1338 1569 1580 1616 nostram
1607 1558 1774 1613 susti-

144 1662 270 1723 net,
304 1655 621 1712 multorum
659 1655 822 1710 debet
856 1655 1050 1711 solatia
1094 1655 1355 1725 reperire.
1403 1651 1591 1706 Trahit
1632 1650 1777 1704 enim

142 1748 580 1805 observantium
606 1756 854 1804 catervas
884 1748 1175 1803 comitatus
1206 1752 1425 1810 noster;
1457 1749 1514 1799 et
1541 1742 1669 1797 dum
1709 1739 1777 1794 ad

1861 557 2040 614 mittat
2063 555 2309 627 implere.

2387 665 2721 746 EPISTOLA
2756 665 2921 721 xxn.

1933 781 2104 824 ηετο
2131 781 2254 822 νιιω
2282 780 2526 821 ιιιυετιιι
2565 776 2812 818 PA'I‘BICIO
2849 768 3212 813 τιιεοῡοιιιευε
3251 765 3379 808 REI.

1864 859 2115 931 Prtecipit
2142 866 2198 913 ut
2217 856 2418 931 Ecdicii
2440 856 2583 931 ﬁlios
2606 870 2669 908 ea:
2703 850 2840 906 Urbe
2868 843 3455 931 ad_pptriamgenit0ﬁ¢

2187 920 2467 1000 sepeliendi
2496 941 2656 981 causa
2678 938 2906 977 remeare
2927 920 3125 990 jubeat.

1948 1021 2182 1092 Equum
2197 1028 2281 1075 est
2310 1027 2369 1072 ut
2384 1017 2693 1072 commodet
2721 1030 2781 1069 se
2796 1014 2991 1083 regalis
3009 1013 3182 1083 pictas
3197 1017 3221 1045 τι
3237 1007 3331 1061 fati
3347 1006 3462 1060 vul-

1869 1107 1999 1171 nere
2029 1113 2282 1168 sauciatis
2309 1130 2321 1164 :
2351 1110 2476 1180 quia
2505 1109 2634 1177 erigi
2660 1107 2780 1180 plus
2800 1113 3098 1168 merentur,
3130 1116 3268 1173 quos
3296 1098 3461 1154 sortis

1870 1213 1981 1262 Sua:
2030 1204 2256 1259 adversa
2301 1208 2636 1272 presserunt.
2685 1201 2858 1268 Atque
2888 1196 3009 1251 ideo
3052 1186 3462 1261 magniﬁcentia:

1872 1308 1978 1354 tute
2007 1296 2257 1369 praesenti
2284 1294 2607 1350 auctoritate
2629 1292 2988 1358 declaramus,
3006 1297 3063 1342 ut
3081 1283 3282 1340 Ecdicii
3304 1282 3459 1345 lllios,

1873 1407 2010 1462 quos
2037 1393 2090 1445 in
2117 1387 2263 1445 Urbe
2281 1386 2526 1458 primitus
2549 1385 2785 1440 residere
2807 1384 3130 1446 censuimus,
3155 1374 3465 1447 adpatriam

1875 1497 1996 1538 cum
2019 1479 2279 1552 genitoris
2307 1479 2388 1533 sui
2417 1476 2625 1540 funere,
2658 1477 2843 1531 votivo
2878 1475 3093 1545 quidem
3131 1471 3340 1534 reditu,
3371 1467 3466 1522 sed

1877 1573 2073 1628 acerbo
2093 1585 2223 1626 casu
2247 1612 2261 1637 ,
2294 1583 2539 1624 remeare
2562 1567 2830 1637 jubeatis:
2864 1579 2931 1618 ne
2961 1578 3147 1618 eorum
3186 1558 3468 1615 desideriis

1877 1661 2389 1732 abnegatis,vulnus
2417 1661 2722 1730 geminctur
2753 1654 3026 1721 alllictisb;
3052 1661 3126 1720 et,
3153 1652 3298 1722 quod
3319 1648 3469 1706 nefas

1878 1755 2029 1810 dictu
2057 1763 2158 1816 est,
2191 1753 2285 1823 qui
2313 1753 2562 1808 dolorum
2592 1749 2773 1805 nubila
2805 1757 2988 1802 nostra
3013 1759 3227 1814 semper
3265 1741 3470 1798 sereni-

141 1840 435 1898 beneﬁCia
459 1842 771 1913 .rmstanda
799 1841 1058 1906 curritur,
1093 1838 1406 1922 necessario
1435 1833 1650 1908 Ρουυίίε
1689 1848 1777 1889 εο-
1806 1877 1859 1942 B
1882 1856 1993 1903 tate
2015 1846 2364 1915 detergimus,
2396 1861 2540 1900 nunc
2559 1845 2768 1898 miseris
2792 1842 2906 1912 pias
2932 1840 3194 1910 lacrymas
3206 1836 3473 1901 denegare

146 1930 241 2001 pia
270 1932 618 2001 postulatur.

724 2107 1058 2190 EplsroLA
1085 2106 1227 2164 xm.

433 2237 619 2278 JOANNI
646 2237 965 2278 APPARI'I‘OIII
995 2233 1362 2276 THEODOBICUS
1390 2233 1518 2273 REX.

159 2333 292 2406 Spei
325 2344 382 2390 et
413 2335 650 2391 Domitio
679 2337 894 2407 paludes
923 2337 978 2391 in
1011 2335 1283 2406 Spoletina
1308 2333 1573 2388 territorio
1603 2349 1665 2407 ea
1693 2347 1785 2386 rea:

239 2418 586 2462 concesserat
613 2402 943 2472 conditione,
973 2416 1029 2459 ut
1054 2402 1104 2460 si
1134 2421 1311 2460 eorum
1356 2420 1515 2474 opera
1546 2402 1788 2474 exsiccaf

239 2485 397 2532 retur
446 2479 668 2542 illuvies,
700 2477 921 2531 liberata
947 2494 1073 2531 rara
1119 2477 1248 2546 ipsis
1298 2472 1649 2546 proﬁcerent;
1693 2472 1790 2527 sed

244 2563 371 2602 cum
395 2548 620 2602 Domitii
648 2549 768 2602 vitio
792 2548 970 2602 irritus
996 2545 1308 2618 foret’labor
1332 2547 1605 2615 inemptas,
1635 2560 1789 2597 man-

244 2619 342 2672 dat
374 2618 602 2691 Joanni,
651 2619 823 2691 ipsum
850 2619 1139 2691 conveniat,
1165 2628 1222 2691 ut
1271 2624 1359 2671 aut
1413 2626 1632 2691 emptam
1683 2628 1792 2668 rem

245 2690 520 2760 perﬁciat,
552 2698 643 2743 aut
671 2689 801 2761 Spei
833 2690 1104 2760 propriam
1127 2689 1275 2743 cedat
1297 2689 1610 2758 portionem.

253 2801 450 2860 Grave
479 2804 641 2860 nimis
671 2811 752 2859 est
779 2811 838 2857 ut
866 2802 1045 2858 fructu
1070 2800 1272 2857 laboris
1295 2800 1378 2855 sui
1405 2799 1684 2853 fraudetur
1713 2799 1800 2853 in-

182 2894 467 2962 dustrius;
497 2903 553 2951 et
581 2894 670 2951 cui
699 2893 863 2949 debet
908 2908 1008 2964 pro
1037 2891 1327 2948 sedulitate
1373 2889 1608 2947 conferri
1657 2904 1798 2960 prat-

192 2989 395 3057 mium,
432 2989 772 3060 dispendium
792 2988 1030 3058 patiatur
1062 2986 1356 3055 injustum;
1401 2985 1456 3039 in
1485 2973 1551 3039 ea
1579 2999 1805 3054 prazser-

198 3083 298 3137 tim
329 3096 418 3150 re,
477 3097 597 3151 qua:
642 3081 711 3135 ad
765 3089 1006 3136 nostram
1055 3079 1278 3148 respicit
1315 3077 1618 3147 largitatem
1660 3096 1672 3131 :
1713 3077 1808 3133 ubi

191 3174 338 3228 nihil
398 3172 562 3227 debet
605 3171 775 3226 licere
825 3170 1187 3239 negligentiae,
1220 3184 1291 3224 ne
1318 3168 1603 3224 videamur
1630 3169 1807 3223 minus

192 3264 489 3338 profutura
518 3263 782 3318 sanxisse.
815 3261 1026 3317 Dudum
1046 3262 1314 3331 siquidem
1343 3259 1471 3331 Spei
1498 3268 1552 3315 et
1573 3259 1810 3314 Domitio
1827 3265 1885 3331 -α

203 3353 600 3426 spectabilibus
629 3354 758 3409 viris
788 3354 911 3410 loca
961 3354 1014 3408 in
1044 3353 1327 3421 Spoletino
1379 3352 1670 3414 territorio,
1703 3367 1814 3408 cce-

204 3448 358 3502 nosis
411 3444 702 3501 ﬂuentibus
730 3445 992 3500 inutiliter
1032 3453 1295 3515 occupata
1318 3485 1333 3510 ,
1382 3444 1599 3512 largitas
1628 3447 1814 3498 nostra

201 3529 583 3596 concesserat:
619 3537 708 3592 ubi
729 3551 992 3605 aquarum
1019 3544 1172 3590 vasta
1197 3535 1530 3605 profunditas
1544 3543 1816 3591 terrenam

207 3631 443 3701 gratiam
473 3629 528 3684 in
566 3629 744 3683 nullos
775 3643 904 3683 usus
941 3629 1279 3698 profuturam
1312 3626 1414 3699 (ed.
1434 3665 1450 3692 ,
1481 3626 1815 3696 profuturos)

206 3720 594 3776 absorbuerat.
624 3717 853 3776 iacebat
870 3719 1030 3774 tellus
1055 3717 1332 3787 naufraga,
1359 3718 1584 3787 palustri
1599 3726 1820 3788 torpore

213 3813 466 3878 confusa,
497 3819 551 3867 et
579 3811 679 3868 sub
709 3818 940 3880 utroque
965 3809 1169 3879 iactata
1200 3795 1502 3880 dispendio,
1526 3824 1626 3864 nec
1654 3824 1822 3878 aqua-

214 3916 332 3956 rum
361 3917 535 3972 puros
565 3901 806 3972 liquores
836 3907 1128 3967 meruerat,
1163 3908 1216 3956 et
1243 3901 1406 3956 decus
1436 3908 1662 3955 terrente
1688 3900 1821 3955 soli-

217 3993 408 4050 ditatis
433 3995 709 4050 amiserat.
735 3992 851 4050 Hoc
879 4010 1002 4064 nos,
1033 3993 1229 4065 quibus
1260 3995 1413 4049 cordi
1440 4004 1522 4049 est
1552 3995 1606 4049 in
1631 3994 1824 4049 melius

221 4096 420 4144 cmtcta
467 4095 697 4154 mutare,
749 4102 912 4158 supra
972 4089 1288 4143 memoratis
1337 4088 1458 4142 talis
1512 4088 1824 4164 conditione

224 4179 622 4246 concessimus;
655 4181 779 4236 utsi
806 4197 994 4236 eorum
1026 4197 1192 4250 opera
1225 4182 1306 4237 vel
1332 4180 1705 4250 laboretnrpis
1725 4181 1823 4235 de—

229 4270 530 4327 siccaretur
583 4271 814 4336 illuvies,
866 4272 998 4341 ipsis
1047 4272 1275 4328 liberata
1322 4288 1448 4327 rura
1480 4272 1823 4343 proﬁcerent.

229 4359 329 4416 Sed
347 4369 618 4434 quantum
647 4370 891 4418 actorum
918 4365 1412 4434 (mss.,auctorum)
1438 4363 1566 4432 Spei
1587 4364 1826 4430 loquitur

234 4451 444 4524 ingesta
471 4452 684 4523 petitio,
717 4452 940 4508 Domitii
986 4455 1088 4509 viri
1134 4455 1441 4525 spectabilis
1493 4455 1647 4519 vitio,
1699 4453 1826 4508 dum

239 4543 528 4602 immemor.
541 4544 800 4615 jussionis
831 4545 1093 4601 tenaciter
1114 4546 1288 4614 parcit
1307 4544 1584 4615 expensis,
1617 4545 1684 4597 ad
1726 4543 1825 4598 ini—

1885 1942 2186 1996 videamur.
2215 1938 2539 1994 Insatiabilis
2555 1937 2753 2007 quippe
2776 1936 2931 1990 lletus
2950 1938 3054 2000 est,
3079 1931 3170 2001 qui
3191 1925 3474 1984 humandis

1887 2046 1998 2086 non
2028 2031 2224 2085 sinitur
2252 2028 2572 2098 corporibus
2628 2027 2928 2082 interesse:
2968 2023 3093 2076 dum
3147 2032 3358 2088 semper
3411 2029 3475 2071 se

1886 2137 2040 2178 reum
2067 2121 2296 2192 judicat,
2319 2121 2412 2189 qui
2431 2119 2703 2174 cineribus
2728 2117 2873 2185 justa
2907 2130 3016 2169 non
3053 2117 3289 2183 prazstat.
3323 2106 3475 2162 Pria-

1888 2223 2010 2268 mus
2031 2219 2232 2282 quanto
2257 2210 2434 2280 pretio
2463 2208 2833 2280 sepeliendum
2871 2205 3162 2260 Hectorem
3204 2197 3477 2254 redemit?

1889 2305 2122 2376 Rogavit
2167 2304 2465 2368 furentem,
2525 2299 2848 2372 supplicavit
2892 2306 3128 2362 armato,
3202 2295 3477 2360 vitamque

1891 2393 2045 2453 Suam
2067 2409 2342 2466 exponere
2359 2393 2567 2460 maluit,
2597 2402 2656 2448 ut
2679 2391 2929 2448 cadaveri
2955 2389 3135 2444 debita
3165 2401 3271 2442 non
3304 2397 3474 2451 nega-

1893 2501 1998 2548 ret.
2041 2488 2108 2546 Et
2156 2489 2412 2559 quoniam
2460 2487 2514 2542 in
2545 2488 2625 2542 his
2654 2485 2899 2556 personis
2928 2493 3113 2538 mutua
3153 2488 3278 2536 sunt
3305 2479 3481 2534 ollicia

1893 2577 2139 2657 pietatis,
2169 2582 2413 2652 iniquum
2436 2589 2518 2638 est
2545 2579 2708 2633 lilium
2736 2578 2966 2646 genitori
2990 2574 3224 2646 gratuito
3246 2587 3354 2628 non
3384 2570 3484 2624 im-

1897 2675 2156 2748 pendere,
2181 2672 2328 2743 quod
2357 2680 2566 2744 patrem
2605 2670 2812 2739 magnis
2845 2667 3061 2722 talentis
3089 2661 3332 2720 constitit
3358 2658 3487 2716 elle-

1897 2751 2062 2821 Icisse.

2415 2870 2749 2929 EPISTOLA
2777 2871 2964 2925 XXIII.

1903 2987 2160 3039 ανειιο,
2199 2984 2458 3026 DESPO'I‘IO
2511 2984 2580 3022 ET
2629 2981 2912 3021 TKEODULO
2960 2979 3098 3019 vuus
3135 2974 3494 3018 SBNATORIBUS

2439 3073 2801 3116 TIIEODORICUS
2823 3073 2948 3113 REX.

1907 3174 2174 3248 Figulina:
2216 3191 2248 3228 a
2278 3191 2393 3248 rege
2438 3174 2564 3248 ipsis
2591 3171 2960 3248 concedantur,
2990 3178 3038 3222 et
3078 3169 3221 3248 regia
3249 3166 3500 3236 protectio

2133 3257 2315 3301 contra
2334 3240 2594 3315 improbos
2624 3252 2672 3296 et
2706 3242 2914 3295 dolosas
2946 3240 3280 3310 promittitur.

1991 3359 2159 3414 Decet
2184 3355 2355 3412 nostri
2383 3355 2640 3424 temporis
2669 3353 3038 3421 disciplinam,
3071 3360 3128 3406 ut
3153 3351 3243 3418 qui
3275 3349 3503 3420 publicis

1921 3452 2241 3507 utilitatibus
2293 3449 2552 3514 serviunt,
2610 3446 2894 3517 superliuis
2945 3446 3201 3501 oneribus
3247 3461 3352 3499 non
3383 3459 3504 3513 gra-

1903 3552 2134 3600 ventur.
2165 3542 2277 3598 Nec
2305 3542 2524 3610 dignum
2548 3549 2631 3596 est
2663 3548 2720 3595 ut
2766 3539 3081 3610 cujusquam
3112 3539 3271 3592 laedat
3311 3537 3416 3590 invi
3439 3537 3506 3590 iia

1905 3635 2122 3691 nostris
2150 3635 2390 3690 moribus
2411 3634 2675 3688 ordinata.
2705 3633 3047 3702 Quapmpter
3076 3631 3308 3699 ligulinis
3342 3629 3508 3698 Regia

1923 3728 2077 3783 vobis
2099 3728 2429 3783 auctoritate
2455 3727 2730 3782 concessis
2766 3740 2987 3795 operam
3019 3733 3282 3778 navanter
3303 3723 3509 3792 impen-

1925 3817 2068 3882 dite;
2095 3833 2199 3873 nec
2229 3817 2522 3873 vereamini
2553 3817 2620 3871 ad
2643 3816 2774 3870 alias
2803 3832 2897 3870 vos
2925 3816 3165 3870 actiones
3206 3828 3366 3882 posse
3397 3823 3507 3865 tra-

1925 3907 2070 3973 duci,
2097 3923 2129 3961 a
2154 3907 2348 3976 quibus
2395 3908 2634 3977 injuncta
2664 3907 2949 3976 pnesentia
2978 3907 3068 3959 vix
3117 3902 3384 3958 credimus
3411 3916 3508 3955 ex-

1926 4000 2138 4070 plicari.
2170 3999 2418 4055 Cessabit
2442 4015 2572 4070 ergo
2602 4001 2746 4056 circa
2774 4016 2870 4055 vos
2894 3997 3259 4068 improborum
3285 3992 3510 4048 notanda

1928 4098 2294 4167 pnesumptio,
2326 4105 2384 4151 et
2425 4098 2668 4152 obscuris
2700 4096 2838 4151 dolis
2869 4093 3118 4149 allectum
3159 4096 3341 4144 nostra
3374 4086 3515 4140 tollit

1930 4189 2248 4242 auctoritas.
2277 4186 2555 4242 Incassum
2585 4188 2726 4242 enim
2758 4186 2889 4250 odit,
2950 4183 3036 4237 cui
3092 4195 3153 4237 se
3206 4176 3514 4249 principalis

1931 4281 2220 4336 clementia
2246 4280 2524 4350 objecerit.

2442 4415 2776 4470 EPISTULA
2814 4413 3002 4469 XXIV.

2157 4523 2384 4562 SENATUI
2407 4523 2556 4561 URBIS
2584 4521 2740 4561 ΒΟΜᾸΞ
2773 4518 3138 4560 τιιευυοιιιουε
3164 4517 3292 4557 REX.

294 4596 513 4602 ‘"""‘"
541 4596 796 4615 v“‘“""'
835 4596 1084 4601 "“"""-
1114 4596 1285 4614 τη-νη
1314 4596 1394 4615 ⁷“-ι
1423 4596 1584 4612 --ν---ι
1729 4596 1798 4598 επ-
1996 4602 2006 4613 .
2043 4603 2053 4612 .
2317 4603 2327 4612 .
2404 4601 2414 4612 .
2479 4601 2488 4610 .
2612 4600 2620 4609 .
2702 4599 2710 4608 .
2987 4599 2996 4609 .

241 4635 366 4692 sum
844 4637 1000 4693 rabor
1041 4639 1403 4707 operantium.
1456 4653 1580 4692 cum
1619 4637 1733 4708 iam
1773 4638 1826 4693 ίη
1854 4652 1905 4713 o
1933 4596 3522 4713 “315,53.limitis?imitati?'i‘.ff".?£i.ﬁf.£:ﬁii‘i§:2

241 4726 335 4785 soli
391 4724 586 4785 faciem
636 4730 896 4801 paulatim
924 4729 1178 4786 mollities
1230 4731 1434 4785 siccata
1486 4731 1827 4799 duresceret,

245 4817 576 4892 celatamque
630 4820 789 4891 longa
819 4821 1117 4878 voracitate
1169 4821 1419 4877 tellurem
1451 4823 1536 4880 sol
1589 4824 1831 4880 insuetus

249 4909 468 4967 alllaret.
503 4911 659 4979 Quod
681 4929 781 4969 nos
796 4927 1138 4984 nequaquam
1153 4914 1351 4983 negligi
1373 4930 1534 4984 posse
1545 4917 1830 4984 patiemur,

249 5003 458 5059 athene
496 5014 675 5075 coepta
707 5005 888 5060 invida
930 5005 1278 5062 destruantur
1318 5008 1548 5076 ignavia.
1603 5008 1836 5066 Proinde

251 5089 459 5150 devotio
488 5104 579 5152 tua
629 5096 913 5168 praefatum
941 5096 1234 5153 Domitium
1283 5101 1562 5156 moderata
1610 5116 1836 5156 exsecu-

251 5183 390 5242 tione
416 5191 720 5256 conveniat,
754 5197 813 5244 ut
858 5199 950 5244 aut
979 5198 1168 5260 emptae
1197 5192 1276 5246 rei
1314 5193 1531 5248 sedulus
1582 5201 1836 5262 operator

254 5274 540 5346 immineat,
573 5290 665 5336 aut
704 5281 750 5338 si
771 5283 877 5337 hoc
902 5283 1004 5337 sibi
1035 5293 1409 5354 sumptuosum
1439 5300 1559 5342 esse
1587 5284 1833 5340 credide-

256 5369 338 5439 rit,
369 5375 647 5445 propriam
690 5374 850 5429 cedat
889 5374 1212 5444 supplicanti
1245 5377 1572 5446 portionem.
1607 5375 1835 5446 Oportet

257 5461 414 5532 enim,
471 5475 532 5522 ut
568 5465 615 5522 si
664 5465 782 5536 ipse
828 5479 996 5538 opera
1035 5466 1309 5535 postulata
1347 5467 1534 5537 nequit
1579 5467 1828 5532 allicere,

326 5683 352 5712 α
391 5673 735 5730 Conveniunt
760 5691 880 5746 qua:
909 5693 938 5732 a
963 5675 1344 5746 jureconsultis
1373 5674 1441 5730 dc
1475 5675 1828 5731 cadaveribus

266 5742 629 5816 damnatorum
700 5742 1021 5815 sepeliendis
1085 5747 1425 5816 disputantur
1512 5748 1600 5800 lib.
1674 5764 1835 5802 xrvm

266 5809 512 5888 Eandect,
543 5816 624 5869 tit.
650 5809 1013 5888 fultiArianus
1036 5819 1085 5871 in
1116 5809 1413 5888 Epictetum
1444 5817 1544 5888 lib.
1569 5833 1604 5882 ι,
1629 5834 1746 5888 cap.
1777 5812 1855 5880 9.:

265 5879 336 5942 De
358 5879 801 5959 cura’sepulturtc
829 5890 1052 5960 hujusce
1071 5879 1174 5944 lib:
1196 5890 1352 5959 epist.
1393 5887 1473 5943 l9.
1507 5879 1744 5946 Furiani.

2002 4666 2245 4743 prwtorio
2275 4672 2472 4724 directa
2499 4666 2840 4743 comperisse,
2882 4669 2962 4743 sig-'7
2987 4669 3167 4743 prima:
3196 4666 3522 4736 vectigalium

2007 4740 2258 4798 illationis
2291 4754 2486 4812 tempus
2509 4741 2764 4809 elapsam,
2794 4751 2846 4793 ut
2888 4740 3019 4794 nihil
3049 4749 3136 4792 aut
3164 4754 3349 4812 parum
3373 4754 3406 4789 a
3434 4752 3521 4789 se-

2008 4817 2225 4867 natoriis
2257 4808 2492 4867 dantibus
2514 4808 2709 4865 constet
2733 4812 2967 4870 illutmn;
3015 4808 3170 4880 atque
3202 4808 3318 4880 ideo
3351 4817 3525 4859 tenues

2010 4901 2299 4955 Oppressus,
2326 4902 2453 4956 quos
2474 4885 2716 4956 decuerat
2745 4882 3045 4956 sublevari_.__
3082 4879 3385 4956 Quare_32
3414 4891 3526 4956 ntof

2010 4948 2094 5009 net
2141 4948 2395 5022 senatuin,
2453 4957 2526 5008 sic
2581 4955 2753 5006 omnia
2808 4954 3126 5023 (equabiliter
3180 4948 3416 5009 ordinet,
3460 4951 3525 5023 ,ιιι

2011 5027 2254 5096 quidquid
2275 5014 2592 5096 nitamurque
2625 5024 2805 5077 domus
2827 5014 3088 5096 senatoria
3109 5023 3422 5096 pro/uetan-
3436 5014 3527 5067 de-

2011 5087 2220 5152 stinatis
2251 5087 2668 5166 procuratoribus
2691 5112 2782 5165 per
2809 5087 3268 5165 provinciasitrina
3291 5087 3526 5141 illatione

2012 5169 2288 5240 persolvat.

2017 5283 2244 5338 Constat
2289 5289 2534 5337 senatum
2562 5282 2775 5353 populis
2803 5278 3014 5335 vivendi
3052 5274 3290 5345 regulam
3318 5270 3528 5343 praesti—

1945 5377 2094 5432 tisse.
2117 5374 2250 5432 Nam
2277 5375 2419 5446 quod
2444 5384 2604 5430 ornat
2631 5391 2826 5430 nomen
2857 5373 3180 5432 Romanum,
3207 5383 3240 5421 a
3265 5364 3418 5421 vobis
3443 5363 3528 5418 le-

1941 5467 2084 5536 gitur
2112 5467 2434 5524 institutum.
2467 5467 2549 5522 Ad
2584 5467 2688 5524 hoc
2717 5467 2905 5521 Patres
2933 5466 2986 5517 in
3018 5463 3106 5517 illo
3139 5461 3403 5532 principio
3427 5469 3526 5512 no-

2010 5678 2037 5716 ‘B
2079 5678 2317 5732 Adversa
2343 5673 2852 5731 fortuna'utcntibus
2883 5688 2987 5726 non
3012 5679 3091 5726 est
3119 5672 3394 5727 cal-.nnitas
3424 5690 3527 5730 no-

1946 5765 2014 5804 vo
2047 5750 2235 5804 dolore
2275 5746 2613 5804 cunmlanda.
2674 5744 2725 5796 In
2755 5744 2999 5797 eamdem
3025 5745 3350 5798 sententiam
3395 5746 3429 5798 l.
3471 5745 3527 5808 6,

1943 5821 2008 5878 de
2032 5820 2154 5891 jure
2183 5822 2296 5876 dot.
2328 5820 2364 5876 ι.
2396 5817 2474 5872 l-i.
2511 5816 2692 5872 Divus.
2722 5814 2790 5876 de
2817 5813 2906 5872 oti.
2940 5815 3151 5886 prwsid.
3179 5814 3420 5874 Fossa.
