4048 6344
480 283 600 355 559.

1723 285 1793 341 Μ.
1835 284 2114 343 AURELl-l
2149 282 2552 345 CASSIODORI

3663 287 3770 348 560

480 404 691 473 minati,
717 410 777 461 ut
800 398 955 473 quasi
973 398 1203 456 ﬁliorum
1230 413 1330 471 per
1347 412 1445 456 vos
1463 397 1637 471 possit
1657 398 1768 454 vita
1792 399 2066 470 componi.
2099 401 2152 463 Α
2177 413 2275 469 per
2297 395 2652 454 mediocrium
2681 395 2878 453 damna
2896 392 3177 455 sentimus.
3206 399 3389 472 Nuper
3418 392 3604 470 itaque
3640 395 3793 473 pro-'

478 495 592 552 Vos
616 495 760 551 enim
778 491 1122 548 devotionem
1150 486 1464 561 previnciis,
1480 504 1578 546 vos
1600 489 1960 561 privatisjura
1989 490 2077 545 de-

480 583 764 650 crevistis,
824 590 882 638 et
926 580 997 636 ad
1052 595 1240 636 omnes
1294 580 1519 650 justitize
1585 590 1773 650 partes
1834 578 2077 635 subditos

477 692 675 751 parere
739 676 971 731 libenter
1028 672 1305 728 docuistis.
1397 670 1467 726 Et
1539 670 1846 727 ideo.<non
1919 670 2080 727 decet

479 769 607 826 inde
635 768 846 836 signum
874 763 1247 820 resultationis
1274 763 1443 829 exire,
1470 761 1614 817 unde
1639 761 1946 832 exemplum
1980 776 2080 831 po-

480 862 586 917 tuit
614 856 992 916 exsultationis
1013 855 1130 930 [Gr.
1150 864 1198 909 et
1220 853 1291 911 Cu
1290 854 1338 925 j.
1358 851 1770 925 moderationis]
1799 852 2076 922 eﬁ'ulgere.

482 950 642 1019 Quod
670 958 857 1006 nostra
885 949 1192 1017 clementia,
1218 949 1306 1004 cui
1334 946 1487 1003 cordi
1515 956 1600 1003 est
1630 961 1815 1002 rerum
1839 945 2078 1001 omnium

482 1051 672 1100 tenere
701 1057 1032 1107 mensuram,
1059 1042 1115 1097 in
1144 1049 1382 1097 vestram
1415 1039 1665 1095 notitiam
1694 1028 1924 1095 Credidit
1949 1054 2079 1109 per-

482 1134 770 1193 ferendum
802 1152 816 1190 :
850 1150 921 1190 ne
951 1134 1121 1204 magis
1156 1132 1460 1204 ignorantia
1496 1133 1767 1189 nutriatur
1806 1146 2078 1198 excessus,

482 1230 585 1285 sub
606 1243 838 1299 quorum
861 1227 1189 1284 conscientia
1219 1241 1371 1282 error
1396 1241 1505 1282 non
1530 1233 1715 1296 potest
1740 1240 1860 1281 esse
1889 1239 2072 1296 perpe-

492 1326 647 1377 tuus.
677 1320 848 1389 Igitur
884 1319 1293 1391 provincialium
1327 1318 1347 1391 [
1352 1334 1475 1373 mss.
1502 1326 1552 1374 et
1590 1318 1673 1371 ed.
1712 1317 1808 1371 Ac.
1863 1316 2084 1387 provin-

486 1411 716 1483 ciarum]
762 1413 1003 1483 judicum
1057 1413 1349 1480 relatione,
1383 1410 1450 1466 ad
1507 1411 1853 1483 magniﬁcum
1906 1410 2083 1465 virum

483 1503 803 1577 praefectum
824 1502 1066 1574 praetorii
1096 1502 1333 1568 directa,
1365 1501 1760 1573 comperimus,
1786 1500 1866 1556 sic
1894 1501 2081 1571 primae

482 1595 909 1652 transmissionis
938 1603 1152 1664 tempus
1180 1599 1518 1663 exemptum,
1542 1591 1747 1647 utnihil
1773 1599 1866 1646 aut
1894 1605 2086 1662 parum

487 1708 521 1747 a
543 1690 829 1747 senatoriis
856 1689 1106 1745 domibus
1134 1695 1346 1743 constet
1375 1687 1585 1742 illatum
1611 1705 1624 1741 :
1656 1687 1960 1756 allegantes
1987 1700 2087 1756 per

2180 489 2486 544 vincialium
2510 488 2751 559 judicum
2776 489 3043 557 relatione
3070 493 3437 562 comperimus
3456 494 3653 549 domos
3674 495 3768 551 ali-

2179 593 2315 649 quas
2356 580 2773 650 praepotentium
2820 594 2944 635 suas
2972 596 3083 636 non
3129 581 3356 652 implere
3398 597 3497 653 per
3525 582 3769 639 ordinem

2178 670 2506 728 functiones.
2563 670 2703 727 Hinc
2744 669 2881 739 ﬁeri,
2916 680 2978 726 ut
3017 671 3147 728 dum
3195 673 3455 730 illationis
3499 676 3772 744 quantitas

2180 763 2463 834 procurari
2491 763 2769 833 quaeritur,
2806 778 2838 817 a
2868 764 3118 820 tenuibus
3150 780 3360 821 summa
3388 764 3571 837 potior
3593 768 3777 838 exigao

2182 860 2291 909 tur.
2323 852 2587 925 Superbia
2612 852 2808 909 deinde
2831 855 3228 912 conductorum
3257 858 3555 914 canonicos
3574 857 3777 916 solidos

2182 960 2291 1002 non
2316 946 2508 1002 ordine
2536 945 2787 1015 traditos,
2816 947 2913 1004 sed
2954 949 3054 1004 sub
3083 948 3273 1021 iniquo
3314 950 3557 1020 pondere
3602 952 3778 1007 immi-

2182 1037 2436 1094 nentibus
2492 1037 2662 1094 fuisse
2690 1038 2983 1109 proiectos,
3015 1055 3119 1097 nec
3147 1041 3455 1097 universam
3501 1042 3775 1112 siliquam,

2183 1147 2347 1203 quam
2385 1132 2614 1188 reddere
2662 1141 3092 1198 consueverant,
3142 1135 3460 1192 solemniter
3496 1136 3776 1191 intulisse.

2185 1223 2424 1281 Proinde
2445 1224 2646 1280 factum
2693 1233 2777 1281 est
2799 1233 2857 1280 ut
2892 1226 3154 1293 curiales,
3183 1227 3378 1296 quibus
3403 1243 3505 1283 nos
3532 1228 3781 1283 volumus

2186 1330 2310 1373 esse
2348 1323 2729 1387 prospectum,
2757 1316 3160 1374 imminentium
3188 1318 3555 1376 sollicitudine
3582 1320 3781 1388 coacti,

2187 1410 2372 1480 gravia
2394 1409 2589 1465 damna
2616 1410 2915 1479 sentirent,
2937 1418 3020 1478 et,
3051 1412 3097 1466 si
3123 1411 3229 1467 dici
3260 1410 3341 1467 fas
3370 1420 3470 1478 est,
3499 1428 3626 1468 cum
3655 1412 3783 1468 alie—

2191 1504 2275 1559 nis
2298 1501 2495 1558 debitis
2515 1503 2615 1558 sub
2645 1502 2966 1559 truculentis
2987 1504 3420 1575 compulsoribus
3446 1505 3551 1578 [ed.
3586 1502 3717 1559 Niv.
3738 1514 3785 1558 et

2190 1592 2320 1647 Gen.
2331 1635 2346 1661 ,
2363 1592 2847 1664 compulsionibus)
2872 1601 3210 1664 urgerentur,
3228 1596 3635 1665 possessionum
3651 1610 3784 1665 quo-

2190 1700 2298 1755 que
2326 1698 2545 1739 suarum
2590 1685 2883 1741 amissione
2931 1684 3126 1756 privati
3154 1695 3298 1742 sunt.
3332 1685 3491 1754 Quod
3520 1687 3703 1743 scelus
3730 1694 3787 1741 ut

484 1784 629 1838 hanc
656 1781 1033 1837 difﬁcultatem
1070 1791 1262 1836 tenues
1304 1779 1568 1850 deprimi,
1614 1793 1752 1848 quos
1795 1778 1968 1847 magis
1992 1777 2086 1832 de-
2115 1814 2166 1878 Β
2190 1777 2387 1834 debeat
2406 1779 2698 1848 amputari,
2731 1778 2799 1834 ad
2827 1780 3328 1836 reverentissimum
3367 1796 3586 1851 quoque
3630 1795 3786 1835 sena-

485 1882 673 1931 cuerat
696 1873 982 1929 sublevari.
1048 1870 1169 1927 Fiet
1196 1871 1342 1928 enim
1369 1879 1428 1925 ut
1460 1879 1775 1927 exactorum
1811 1870 2080 1937 nimietas,

485 1965 616 2022 dum
645 1980 674 2018 a
706 1963 1017 2034 potentibus
1045 1962 1444 2029 contemnitur,
1478 1962 1533 2016 in
1584 1969 1774 2017 tenues
1823 1975 2086 2017 conversa

484 2064 780 2127 grassetur,
816 2062 870 2109 et
900 2054 988 2109 ille
1017 2053 1197 2123 potius
1245 2053 1422 2109 solvat
1448 2052 1643 2116 aliena,
1677 2052 1767 2120 qui
1804 2060 1887 2107 est
1914 2051 2085 2105 devo-

487 2156 576 2205 tus
603 2148 669 2204 ad
696 2148 918 2217 prepria
952 2164 964 2198 :
998 2155 1261 2216 praeterea
1291 2144 1461 2200 multo
1474 2145 1755 2200 acerbiora
1777 2144 2083 2213 jungentes,

489 2238 638 2310 quod
667 2253 766 2308 pro
795 2253 892 2292 sua
921 2237 1153 2307 quisque
1199 2235 1480 2292 voluntate
1519 2233 1719 2305 aliquid
1748 2233 2087 2304 exigentibus

488 2331 742 2401 dignetur
781 2329 1039 2399 obiicere.
1071 2328 1200 2397 Quae
1225 2338 1405 2384 tamen
1431 2329 1612 2385 omnia
1638 2327 1963 2383 detrimenta
1993 2342 2087 2381 cu-

440 2486 443 2491 ,
488 2424 714 2480 rialibus
735 2422 987 2478 dicuntur
1015 2419 1211 2492 inﬁigi;
1242 2430 1299 2476 ut
1328 2421 1421 2491 qui
1463 2422 1516 2475 in
1546 2436 1675 2476 usus
1704 2419 1947 2489 publicos
1970 2418 2087 2473 fue-

491 2522 617 2571 rant
642 2522 827 2569 nostra
841 2513 1151 2584 provisione
1179 2512 1414 2582 reparati
1436 2510 1561 2584 [Ed.
1579 2510 1935 2582 Ac.,reperti]
1962 2525 2087 2565 con-

488 2604 793 2661 tumacibus
837 2604 1203 2660 distrahantur
1250 2603 1477 2673 injuriis.
1509 2603 1685 2671 Atque
1712 2602 1856 2669 ideo,
1886 2601 1948 2655 P.
1980 2600 2043 2656 C.
2067 2643 2081 2668 ,

493 2700 587 2770 qui
618 2714 807 2769 parem
839 2697 1122 2754 nobiscum
1151 2697 1363 2768 reipub.
1417 2696 1626 2753 debetis
1676 2697 1925 2751 adnisum
1947 2737 1963 2763 ,
2006 2696 2086 2751 sic

496 2791 835 2861 aequabiliter
864 2791 1131 2858 ordinate,
1166 2798 1227 2845 ut
1251 2790 1510 2860 quidquid
1539 2805 1873 2860 unaquaeque
1894 2789 2086 2844 domus

492 2883 767 2941 senatoria
797 2882 1105 2953 proﬁtetur,
1155 2880 1440 2938 destinatis
1486 2881 1935 2953 procuratoribus
1990 2895 2087 2950 per

488 2972 802 3044 provincias
823 2972 975 3027 .trina
999 2972 1244 3028 illatione
1273 2971 1570 3042 persolvat.
1605 2970 1713 3025 Aut
1742 2979 1908 3037 certe,
1940 2968 2087 3039 quod

487 3064 543 3120 in
572 3064 772 3120 locum
818 3062 1066 3119 beneﬁcii
1114 3063 1373 3119 solebatis
1422 3070 1713 3134 expetere,
1766 3076 1907 3117 arcae
1933 3060 2084 3115 vica-

486 3154 656 3210 rianze
682 3154 847 3220 sedis,
870 3156 917 3209 si
939 3154 993 3210 id
1014 3154 1253 3224 diligitis,
1285 3155 1535 3209 universa
1566 3153 1855 3225 complete,
1891 3168 1960 3207 ne
1989 3167 2085 3207 ne-

488 3262 641 3303 cesse
661 3247 731 3302 sit
755 3246 945 3302 curiali
979 3261 1077 3316 per
1114 3245 1470 3314 multiplicem
1500 3253 1555 3299 et
1586 3244 1923 3299 inefﬁcacem
1950 3258 2085 3300 con-

488 3337 764 3393 ventionis
796 3338 1037 3393 laborem
1064 3337 1119 3391 in
1150 3335 1363 3405 exiguis
1405 3336 1603 3391 vestris
1632 3335 1964 3391 illationibus
1990 3352 2087 3391 sua

494 3426 679 3495 potius
704 3426 900 3480 damna
929 3425 1240 3493 suscipere;
1282 3425 1604 3494 eveniatque
1638 3424 1974 3481 detestabilis
1999 3440 2091 3481 ca-

496 3531 610 3580 sus,
644 3524 703 3571 ut
733 3516 827 3585 qui
862 3515 1199 3571 functionem
1228 3517 1507 3585 propriam
1538 3517 1626 3571 vix
1658 3524 1873 3585 poterat
1924 3516 2089 3571 susti-

494 3621 629 3662 nere
674 3606 922 3674 devotus,
974 3606 1168 3662 alienis
1216 3606 1473 3662 oneribus
1516 3604 1797 3677 prematur
1825 3606 2088 3662 inﬁrmus.

491 3698 649 3765 Quod
703 3714 822 3766 nos,
882 3699 1030 3775 salva
1061 3699 1324 3755 civilitate
1346 3739 1361 3766 ,
1392 3699 1734 3756 dissimulare
1762 3716 1871 3757 non
1901 3716 2093 3771 possu-

490 3808 643 3859 mus;
676 3802 733 3847 ut
757 3794 874 3848 sine
896 3794 1191 3849 acerbitate
1216 3794 1343 3848 belli
1370 3795 1532 3850 rebus
1561 3795 1673 3850 suis
1701 3802 1972 3851 exuantur
1992 3809 2092 3863 op-

497 3885 692 3955 pressi,
725 3893 781 3939 et
808 3884 884 3938 illi
913 3885 1083 3955 magis
1111 3894 1337 3955 pereant
1364 3887 1455 3955 qui
1486 3888 1697 3957 reipub.
1725 3902 1914 3957 parere
1942 3888 2093 3944 festi-

494 3983 645 4028 nant.
672 3972 788 4030 Hoc
816 3975 981 4029 etiam
1021 3991 1120 4031 nos
1149 3976 1363 4031 edictali
1391 3986 1793 4047 programmate
1824 3978 1878 4032 in
1924 3994 2091 4034 cune-

491 4075 671 4120 torum
701 4066 961 4122 noveritis
980 4068 1395 4137 provincialium
1421 4068 1670 4122 notitiam
1699 4069 2004 4139 pertulisse,
2033 4080 2095 4125 ut

490 4157 661 4213 libere
685 4166 1001 4228 prorumpat
1030 4160 1085 4213 in
1114 4160 1407 4229 publicum,
1436 4160 1530 4229 qui
1556 4175 1615 4215 se
1638 4159 1829 4216 aliena:
1851 4160 2089 4217 functio-

491 4248 576 4303 nis
620 4250 860 4318 pondere
897 4251 1048 4304 novit
1077 4266 1394 4321 oppressum
1429 4269 1440 4302 :
1487 4251 1707 4305 relaturi
1735 4267 1765 4305 a
1794 4253 1950 4307 nobis
1973 4252 2091 4321 jus-

492 4336 622 4391 titia:
651 4336 903 4406 fructum,
936 4341 1025 4409 qui
1053 4340 1208 4397 fessis
1232 4342 1483 4398 novimus
1504 4343 1634 4397 dare
1659 4343 1986 4411 praesidium.

495 4468 828 4527 EPISTOLA
886 4471 1047 4528 XXV.
1116 4475 1239 4530 Sive
1304 4473 1607 4530 EDICTUM
1679 4474 2092 4533 TUEODORICI

1185 4566 1402 4624 REGIS.

492 4656 836 4728 Conqueritur
862 4675 963 4735 rea;
985 4662 1440 4735 possessoressive
1478 4663 1702 4716 curiales
1722 4678 1833 4717 esse
1868 4679 2087 4735 oppres-

567 4745 672 4793 sos,
700 4746 759 4782 eo
787 4730 921 4798 quod
946 4730 1198 4785 indictum
1226 4730 1325 4785 sibi
1378 4749 1631 4787 summam
1675 4749 1779 4786 non
1817 4730 2088 4793 solrissent

570 4800 819 4868 primates
841 4816 859 4853 :
908 4801 1171 4874 deiudesi
1196 4803 1465 4873 quisquam
1492 4804 1589 4855 hac
1627 4803 1690 4855 de
1712 4820 1869 4874 causa
1896 4821 2087 4874 grava-

573 4878 678 4923 tum
698 4886 753 4924 se
772 4872 1007 4937 senserit,
1027 4871 1173 4943 jubet
1210 4871 1269 4925 ut
1298 4871 1366 4927 ad
1390 4888 1564 4945 regem
1597 4873 1831 4945 querelas
1866 4871 2085 4946 deferat.

566 4979 822 5047 Quamvis
850 4982 921 5038 sit
949 4982 1175 5053 querula
1197 4998 1305 5039 vox
1332 4981 1556 5050 doloris,
1588 4998 1690 5039 nec
1708 4997 1767 5040 se
1778 4985 2093 5041 contineant

495 5074 791 5143 imminuti,
824 5085 880 5132 et
919 5076 1080 5133 laesus
1120 5077 1333 5132 animus
1386 5077 1776 5136 vociferatione
1813 5090 2089 5153 pascatur,

492 5173 675 5220 tamen
705 5165 927 5223 liberior
965 5182 1145 5223 sermo
1166 5168 1454 5240 promitur,
1490 5170 1583 5240 qui
1609 5170 1783 5244 [edit.,
1806 5173 1875 5246 si]
1908 5183 2091 5231 nostra

491 5256 818 5311 auctoritate
845 5258 1077 5313 laxatur.
1097 5257 1440 5316 Detestamur
1466 5262 1611 5317 enim
1641 5265 1869 5321 miseros
1896 5266 2085 5336 premi,

497 5361 908 5404 commovemur
937 5357 992 5404 et
1020 5366 1128 5405 non
1158 5353 1500 5422 querentium
1523 5354 1709 5423 malis,
1739 5357 2089 5426 velociusque

494 5438 565 5494 ad
585 5455 685 5495 nos
715 5442 966 5510 pervenit
1006 5442 1152 5511 quod
1181 5432 1537 5501 dissimulatio
1566 5447 1824 5516 patientis
1853 5447 2087 5504 abscon-

496 5528 595 5584 dit.
628 5529 843 5598 Merito,
877 5533 1093 5603 quando
1122 5545 1439 5592 cunctorum
1470 5554 1569 5593 nos
1599 5539 1895 5609 respiciunt
1922 5541 2089 5597 laesio-

495 5635 619 5691 nes;
643 5623 771 5680 dum
795 5625 927 5683 illud
950 5627 1141 5698 pietati
1161 5638 1361 5687 nostrae
1386 5631 1564 5703 perire
1605 5631 1872 5690 credimus
1893 5674 1907 5702 ,
1942 5634 2088 5705 quod

2190 1876 2307 1924 tum
2335 1880 2601 1940 praecepta
2644 1870 3061 1938 transmisimus,
3092 1880 3147 1927 et
3200 1887 3344 1927 nunc
3393 1872 3607 1927 edictali
3657 1887 3783 1942 pro.

2191 1970 2491 2032 grammate
2530 1961 2837 2029 deﬁnimus,
2888 1972 2951 2017 ut
2986 1964 3229 2032 quisquis
3260 1978 3637 2034 possessorum
3678 1964 3785 2018 sive

2191 2056 2473 2113 curialium
2495 2065 2780 2126 gravatum
2802 2072 2861 2113 se
2881 2058 3113 2113 senserit
3133 2058 3187 2112 in
3216 2057 3390 2113 aliena
3416 2058 3611 2111 calculi
3634 2056 3784 2111 func-

2193 2149 2357 2215 tione,
2392 2148 2460 2203 ad
2489 2157 2688 2207 nostra:
2740 2149 3048 2207 serenitatis
3089 2149 3417 2205 audientiam
3456 2150 3643 2204 venire
3699 2148 3787 2203 de-

2191 2250 2489 2314 properet:
2536 2242 2791 2309 sciturus,
2823 2244 2980 2298 nobis
3024 2243 3235 2315 priores
3275 2258 3526 2298 excessus
3569 2242 3787 2297 omnino

2192 2336 2550 2407 displicuisse,
2584 2353 2707 2392 cum
2728 2337 2925 2393 viderit
2951 2336 3237 2407 profutura
3263 2336 3576 2393 succedere.
3610 2333 3789 2389 Patuit

2191 2442 2323 2498 ergo
2349 2428 2504 2484 vobis
2526 2429 2809 2485 arbitrium
2830 2429 2961 2498 justi
3002 2428 3264 2499 principis
3289 2470 3304 2496 ,
3327 2428 3572 2498 quamvis
3607 2426 3789 2480 multis

2191 2536 2410 2591 semper
2429 2521 2738 2577 declaretur
2762 2522 2992 2577 indiciis.
3041 2521 3195 2576 Nunc
3227 2528 3406 2575 autem
3436 2518 3536 2575 sub
3569 2517 3787 2572 silentio

2188 2615 2508 2685 patientiam
2553 2614 2760 2671 doloris
2814 2614 3088 2681 obducite,
3147 2621 3239 2668 aut
3279 2612 3377 2668 sub
3418 2611 3630 2681 justitia
3681 2610 3783 2663 iter

2189 2708 2340 2763 vocis
2366 2708 2590 2777 aperite.
2625 2705 2745 2762 Jam
2772 2708 2826 2762 in
2856 2708 3012 2763 vobis
3037 2708 3143 2762 erit
3181 2705 3341 2776 hujus
3391 2719 3602 2759 summa
3651 2717 3777 2757 con-

2190 2800 2315 2867 silii,
2348 2801 2543 2872 quibus
2569 2800 2785 2871 adjacet
2822 2801 3044 2871 eligere,
3098 2799 3247 2871 quod
3291 2798 3448 2854 vobis
3486 2794 3789 2868 prospicitis

2191 2892 2472 2963 expedire.

2692 3021 3028 3080 EPISTOLA
3074 3020 3259 3077 XXVI.

2285 3135 2487 3177 FAUSTO
2518 3134 2811 3176 PREFECTO
2842 3130 3126 3173 PRETORIO
3172 3126 3542 3169 THEODORICUS
3567 3108 3695 3164 REX.

2115 3200 2163 3268 C
2201 3210 2355 3267 Vetat
2398 3213 2666 3282 quominus
2696 3206 3258 3282 Apulireethalabrim
3289 3204 3636 3282 negotiatores
3670 3216 3787 3282 gru-

2266 3273 2447 3337 reutu'r
2477 3273 2812 3351 imposlerum
2839 3319 2853 3343 ,
2885 3278 3184 3352 debilesque
3215 3277 3279 3329 iis
3308 3273 3395 3352 qui
3419 3274 3514 3352 [ius
3545 3273 3789 3352 principis

2260 3354 2521 3423 jussiones
2552 3343 2879 3422 infregeriut,
2918 3343 3110 3405 multas
3147 3343 3388 3417 imponit.
3418 3343 3546 3397 Tum
3569 3343 3791 3413 sequitur

2266 3422 2489 3477 edictum
2511 3422 2574 3475 de
2595 3422 2847 3475 aurariis.

2267 3533 2477 3589 Nullius
2499 3532 2833 3603 compendiis
2854 3530 3189 3585 delectamur
3218 3528 3446 3597 injustis,
3474 3541 3578 3582 nec
3600 3524 3667 3579 ad
3690 3522 3792 3577 ani-

2200 3641 2348 3681 mum
2378 3632 2577 3679 nostra:
2604 3622 2819 3692 pictatis
2842 3621 3163 3691 perveniunt
3191 3634 3311 3688 quae
3340 3615 3631 3688 probitatis
3678 3628 3795 3682 gra-

2199 3717 2277 3770 tia
2333 3714 2677 3771 deseruntur.
2724 3712 3047 3783 Respublica
3099 3710 3363 3779 siquidem
3408 3709 3531 3778 jure
3580 3720 3793 3776 semper

2196 3809 2466 3877 aequitatis
2493 3818 2747 3876 augetur;
2779 3814 2834 3862 et
2875 3821 2997 3861 cum
3029 3804 3388 3876 temperantia
3416 3802 3678 3872 diligitur,
3711 3814 3794 3854 ve-

2196 3898 2393 3953 lociter
2444 3896 2725 3967 profutura
2775 3896 3091 3953 succedunt.
3126 3902 3301 3965 Atque
3351 3894 3472 3949 ideo
3527 3893 3791 3947 illustrant

2195 3990 2653 4059 magniﬁcentiam
2686 3999 2852 4059 tuam,
2880 3992 3278 4061 negotiatorum
3308 3988 3517 4061 Apulia:
3541 3989 3663 4044 sive
3691 3988 3790 4043 Ca-

2198 4082 2384 4136 labriae
2406 4082 2800 4154 supplicatione
2829 4083 3083 4153 permoti,
3112 4082 3363 4138 duximus
3392 4081 3782 4143 instruendam;

2196 4180 2255 4227 ut
2285 4171 2573 4240 frumenta,
2618 4188 2737 4242 quae
2784 4188 2882 4245 per
2924 4174 3262 4243 supradictos
3290 4174 3663 4242 negotiatores
3694 4188 3789 4241 pu-
3879 4168 3885 4173 ’

2195 4266 2337 4320 blico
2369 4275 2774 4335 comparantur,
2800 4281 2909 4323 non
2925 4267 3121 4323 iterum
3138 4267 3424 4323 abeisdem
3450 4267 3753 4337 interpretii
3768 4276 3787 4302 ι

2195 4356 2417 4411 nomine
2450 4358 2747 4412 solidorum
2769 4359 3044 4429 quantitas
3072 4360 3337 4427 exigatur.
3370 4358 3505 4412 Nam
3532 4360 3578 4413 si
3608 4372 3789 4414 coem-

2195 4455 2342 4517 ptam
2394 4448 2632 4516 speciem
2677 4449 2930 4518 expensis
2976 4449 3207 4519 publicis
3264 4449 3631 4505 necessariam
3684 4464 3786 4502 non

2114 4581 2168 4641 υ
2196 4537 2427 4601 habetis,
2461 4540 2529 4593 ab
2561 4538 2741 4595 ofﬁcio
2766 4548 2948 4596 vestro
2977 4550 3227 4611 suscepta
3254 4541 3639 4616 modiatio[ed.
3666 4539 3784 4594 Νἱυ.

2192 4640 2241 4684 et
2272 4628 2447 4698 Cum,
2480 4631 2806 4704 moderatio]
2847 4632 3075 4690 ﬁdeliter
3111 4634 3476 4690 distrahatur:
3529 4642 3779 4690 eventum

2192 4723 2271 4778 rei
2297 4724 2436 4778 ratio
2468 4722 2665 4779 ﬁscalis
2723 4724 2972 4780 habitura
3024 4736 3145 4794 est,
3196 4742 3316 4795 qua:
3344 4726 3541 4796 injuste
3581 4726 3787 4781 videtur

2196 4814 2515 4883 imposuisse
2536 4816 2680 4885 quod
2710 4819 2931 4888 respuit.
2961 4819 3128 4875 Nimis
3159 4822 3303 4875 enim
3328 4820 3575 4890 iniquum
3605 4826 3709 4885 est,
3732 4825 3787 4872 ut

2197 4905 2288 4961 ille
2317 4908 2557 4975 patiatur
2608 4908 2972 4980 dispendium,
3029 4914 3121 4982 qui
3177 4914 3463 4985 imperium
3509 4914 3638 4970 fecit
3659 4913 3787 4968 alie-

2195 5012 2347 5053 num.
2383 4999 2506 5053 l’ari
2537 5000 2852 5059 conditione
2873 5013 3159 5059 censentes
3187 5005 3255 5060 de
3284 5004 3524 5060 sextario
3543 5018 3783 5074 quoque,

2196 5104 2357 5159 quem
2390 5092 2698 5160 negotiator
2726 5093 2843 5163 ejus
2868 5097 3160 5165 provinciae
3191 5096 3403 5151 videtur
3434 5096 3638 5151 inferre
3670 5112 3683 5147 :
3719 5108 3787 5150 ne

2193 5183 2315 5253 quis
2328 5184 2525 5239 audeat
2539 5185 2793 5242 damnata
2818 5203 3030 5259 semper
3052 5191 3225 5260 pretia
3246 5199 3533 5261 protervus
3545 5190 3780 5258 exigere.

2190 5274 2258 5330 Et
2286 5285 2346 5331 ut
2366 5276 2592 5333 validius
2617 5280 2969 5336 retundamus
3000 5297 3286 5351 excessus,
3318 5297 3533 5352 pcenam
3561 5281 3778 5351 triginta

2190 5364 2447 5421 librarum
2470 5368 2582 5422 auri
2612 5368 2754 5424 sedis
2767 5380 2957 5425 vestrae
2974 5372 3078 5443 33
3090 5371 3356 5443 praefectis
3378 5372 3726 5442 imponimus,
3739 5368 3783 5423 si

2189 5457 2311 5526 quis
2357 5469 2546 5513 contra
2575 5459 2691 5515 haec
2730 5463 3083 5519 saluberrima
3106 5466 3399 5520 constituta
3430 5480 3565 5520 ausu
3612 5473 3778 5518 teme-

2192 5548 2335 5603 rario
2379 5550 2565 5605 venire
2595 5554 2903 5607 tentaverit.
2933 5552 3182 5613 Ofﬁcium
3210 5571 3340 5611 vero
3387 5554 3577 5611 decem
3627 5553 3779 5609 libra-

2192 5654 2311 5695 rum
2350 5642 2466 5697 auri
2495 5641 2777 5713 dispendio
2806 5660 2865 5703 se
2888 5647 3101 5703 noverit
3129 5662 3252 5707 esse
3276 5646 3599 5715 feriendum,
3624 5645 3671 5702 si
3698 5643 3778 5702 in-

569 5838 597 5870 ⁸
624 5828 700 5891 Ea
727 5830 890 5892 dictio
917 5844 1096 5895 exstat
1120 5839 1283 5897 etiam
1307 5840 1361 5898 in
1383 5839 1643 5933 ‘Cornelio
1673 5840 1888 5900 Valenti
1910 5841 1977 5900 de
2008 5841 2233 5912 Samiis,
2266 5843 2409 5906 edita
2432 5860 2462 5901 a
2492 5845 2717 5914 Pitbaeo,
2752 5862 2873 5919 pag.
2907 5848 3139 5909 29.1w.
