3992 6458
168 335 291 394 561

1543 330 1904 399 VARIARUM
1944 340 2148 401 LIBER
2184 342 2247 398 ll.

3415 348 3528 410 ΜΞ

162 451 405 509 bibitas
447 452 859 526 praesumpserit
885 450 1105 525 exsequi
1122 451 1420 525 'jussiones.
1450 453 1513 512 ln
1542 456 1635 512 illa
1681 472 1821 528 quo-
1850 465 1897 526 Α
1927 461 2183 532 miorum,
2224 462 2351 533 quia
2378 463 2703 537 exprobrata
2731 465 2921 525 militia
2946 467 3187 526 creditur
3211 481 3330 541 quae
3382 473 3509 533 irre-

168 558 298 611 que
332 553 520 615 parte
546 546 730 603 fessis
785 547 1073 603 clementia
1107 554 1291 605 nostra
1336 562 1397 604 se
1450 549 1712 620 porrigit,
1760 557 1824 607 ut

168 634 223 690 si
263 636 621 707 pensionem
638 637 802 708 hujus
823 637 964 693 tituli
993 637 1340 708 Siliquatario
1360 648 1600 711 praestat,
1623 656 1820 699 mono-

163 724 414 796 polium
452 742 677 798 quoque
712 729 1018 798 negotiator
1046 738 1319 786 exerceat.
1352 730 1409 785 Si
1436 746 1569 787 vero
1598 730 1822 800 siliqua-

167 817 368 873 tarius
400 820 563 875 hunc
588 820 803 875 titulum
830 821 1261 891 negotiatoribus
1283 821 1492 892 judicat
1520 821 1654 895 [ed.,
1673 818 1819 874 indi-

161 908 290 982 cat]
324 911 744 983 abrogandam,
773 914 977 969 nullam
1019 914 1087 970 ab
1115 915 1195 971 eis
1240 916 1422 984 exigat
1469 915 1820 986 pensionem,

161 999 308 1067 quia
366 1003 522 1059 satis
572 1003 864 1059 absurdum
910 1014 1027 1071 est,
1066 1014 1127 1061 ut
1154 1005 1425 1077 afﬂigatur
1453 1006 1694 1076 damnis,
1724 1004 1819 1076 qui

172 1093 511 1149 commoda
541 1109 652 1149 non
684 1094 847 1152 habet
882 1097 1130 1154 actionis.
1182 1097 1243 1153 In
1299 1098 1529 1154 aurariis
1584 1096 1819 1168 denique

167 1185 421 1255 priscus
456 1189 596 1244 ordo
625 1199 888 1256 servetur,
923 1199 976 1245 et
1001 1191 1068 1245 ad
1095 1206 1190 1247 eos
1222 1198 1430 1246 tantum
1459 1190 1668 1247 functio
1698 1190 1818 1261 ipsa

158 1278 467 1347 respiciat
492 1323 508 1349 ,
534 1297 673 1351 quos
701 1281 827 1338 huic
849 1283 1004 1337 titulo
1033 1283 1238 1339 servire
1264 1283 1435 1339 voluit
1473 1281 1815 1352 antiquitatis

157 1372 520 1428 auctoritas.
553 1357 895 1445 Quapropter
913 1371 1178 1431 beneﬁcia
1206 1382 1391 1431 nostra
1412 1388 1541 1444 erga
1567 1370 1816 1442 negotia-

170 1469 368 1532 tores,
423 1467 525 1536 qui
582 1467 784 1523 nostris
835 1467 1006 1523 titulis
1022 1468 1330 1533 necessarii
1360 1466 1808 1538 comprobantur,

174 1557 551 1615 omnimodis
608 1558 768 1616 facite
797 1559 1060 1616 custodiri
1101 1579 1114 1616 :
1166 1575 1237 1616 ne
1282 1574 1453 1631 genus
1495 1557 1813 1625 hominum,

170 1648 341 1716 quod
396 1650 542 1706 vivit
598 1651 782 1721 lucris,
815 1652 885 1709 ad
932 1666 1124 1710 necem
1161 1652 1339 1724 possit
1374 1650 1661 1724 pervenire
1698 1647 1813 1706 dis-

167 1741 440 1810 pendiis.

713 1815 1049 1872 EPISTULA
1076 1816 1293 1874 XXVII.

163 1914 472 1961 UNIVERSIS
507 1920 703 1963 JUDEIS
737 1921 927 1964 GENUA!
957 1924 1403 1967 CONSISTENTIBUS
1432 1920 1809 1966 THEODORICUS

937 1995 1067 2037 REX.

161 2060 468 2143 Permittit
510 2068 716 2143 quidem
765 2068 871 2143 illis
901 2085 1226 2143 synagoga»:
1265 2072 1498 2143 reﬁcere,
1530 2087 1638 2126 non
1684 2086 1806 2143 uero

233 2137 544 2205 ampliare,
601 2139 880 2195 dummodo
929 2137 1123 2195 tamen
1147 2137 1451 2203 tricenhalis
1486 2137 1595 2199 non
1641 2141 1810 2197 obstet

240 2209 627 2279 prmscriptio.
1147 2238 1156 2246 -
1346 2248 1350 2252 Α

235 2298 416 2353 Sicut
440 2302 650 2356 exorati
675 2300 882 2372 justum
904 2302 1154 2374 cupimus
1174 2305 1422 2376 prabere
1442 2318 1768 2362 consensum
1784 2343 1802 2371 ,

161 2397 241 2443 ita
274 2405 391 2460 per
419 2401 629 2451 .nostra
675 2394 941 2452 beneﬁcia
980 2394 1211 2453 fraudes
1257 2394 1376 2452 ﬁeri
1429 2396 1639 2467 legibus
1690 2411 1802 2452 non

165 2495 471 2551 amamus;
499 2486 551 2540 in
578 2501 644 2542 ea
672 2497 824 2557 parte
870 2487 1145 2560 praecipue
1189 2488 1246 2544 in
1274 2504 1383 2561 qua
1412 2488 1609 2565 divinae
1638 2503 1800 2546 reve-

164 2575 373 2630 rentiae
401 2577 675 2635 credimus
699 2579 988 2637 interesse.
1021 2580 1099 2638 Ne
1125 2596 1256 2651 ergo
1286 2582 1550 2639 insultare
1577 2583 1805 2638 videan-

167 2671 260 2720 tur
290 2669 456 2736 elati,
499 2669 805 2726 Divinitatis
832 2673 1005 2740 gratia
1034 2672 1317 2739 destituti;
1349 2680 1687 2743 quapropter
1715 2680 1798 2728 te-

167 2772 385 2829 gumen
420 2770 632 2819 tantum
670 2766 899 2820 vetustis
921 2764 1218 2835 parietibus
1242 2766 1693 2845 superimponere
1711 2780 1803 2835 sy-

166 2865 417 2923 nagoga:
449 2865 662 2922 vestrae,
692 2856 945 2926 praesenti
985 2871 1086 2913 vos
1115 2856 1443 2931 auctoritate
1491 2869 1798 2921 censemus,

168 2947 549 3017 petitionibus
575 2948 773 3004 vestris
813 2955 1042 3005 eatenus
1066 2948 1343 3004 licentiam
1368 2945 1800 3014 commodantes,

169 3047 464 3106 quatenus
491 3040 788 3096 constituta
809 3040 1007 3095 divalia
1032 3040 1420 3111 permiserunt.
1452 3038 1564 3096 Nec
1592 3037 1802 3109 aliquid

174 3135 427 3184 ornatus
474 3129 556 3185 fas
612 3130 684 3185 sit
726 3130 986 3200 adjicere,
1042 3130 1131 3186 vel
1159 3131 1214 3186 in
1241 3128 1569 3201 ampliandis
1594 3128 1800 3185 uadibus

1928 566 2212 610 munerata
2240 554 2518 611 transitur.
2565 556 2838 614 Athletam
2881 563 3096 632 populis
3142 564 3320 634 palma
3371 563 3515 623 desia

1923 653 2054 715 gnat
2081 660 2200 703 esse
2246 647 2531 705 victorem.
2565 649 2805 707 S‘udorcs
2846 653 3072 711 bellicos
3099 657 3269 715 civica
3316 674 3519 720 corona

1925 743 2174 795 testatur.
2207 739 2540 813 Exspectant
2592 742 2755 798 etiam
2803 758 2973 813 equos
3019 749 3239 817 praemia
3285 766 3413 820 sua;
3464 760 3519 809 et

1924 836 2075 886 tanta
2097 831 2325 901 justitize
2346 833 2428 890 vis
2453 843 2559 900 est,
2594 843 2654 890 ut
2681 851 2783 892 nec
2811 836 2918 893 illis
2949 839 3153 895 tardius
3182 841 3341 898 detur
3364 844 3519 899 labo-

1920 924 1998 980 ris
2041 926 2299 996 pretium,
2352 928 2445 998 qui
2487 929 2693 984 sentire
2736 944 2844 985 non
2889 937 3143 1001 poterant
3170 931 3518 1003 denegatum.

1904 1016 2078 1093 Quod
2096 1018 2143 1074 si
2172 1018 2249 1073 ita
2277 1027 2381 1089 est,
2413 1018 2631 1089 dignum
2657 1028 2743 1079 est
2771 1022 2875 1078 hoc
2916 1022 3123 1078 homini
3151 1024 3400 1093 reddere,
3427 1026 3519 1097 qui

1919 1123 2020 1181 per
2036 1110 2266 1168 honesta
2289 1113 2638 1183 cognoscitur
2661 1114 2919 1186 obsequia
2948 1116 3234 1186 placuisse.
3290 1115 3393 1172 Per
3440 1126 3523 1173 tot

1920 1205 2065 1262 enim
2093 1207 2367 1262 actionum
2397 1206 2633 1263 lubricos
2661 1224 2823 1265 casus
2870 1207 3034 1266 ﬁxum
3063 1210 3283 1267 tenuisti
3313 1210 3520 1267 militia:

1919 1298 2163 1367 probata:
2185 1300 2500 1369 vestigium;
2530 1307 2586 1356 et
2605 1300 2751 1371 quod
2778 1316 2905 1357 raro
2946 1301 3000 1357 in
3026 1304 3299 1359 serviente
3320 1319 3522 1376 prove-

1918 1387 2020 1451 nit,
2047 1389 2376 1458 permutatio
2419 1389 2661 1457 judieum
2709 1407 2985 1461 nunquam
3028 1394 3173 1451 circa
3203 1402 3258 1450 te
3287 1395 3519 1451 variavit

1919 1476 2190 1534 allectum.
2221 1479 2333 1536 Nec
2360 1490 2478 1537 erat
2507 1482 2562 1537 in
2587 1489 2643 1538 te
2671 1483 3041 1554 alienijudicii
3062 1486 3346 1557 quisquam
3376 1488 3518 1543 invi-

1917 1569 2037 1638 dus,
2067 1586 2190 1627 cum
2239 1573 2403 1627 etiam
2453 1571 2800 1646 decessorum
2829 1589 3053 1631 suorum
3081 1576 3516 1637 ordinationibus

1916 1663 2237 1719 redderetur
2261 1664 2542 1722 adversus.
2578 1664 2803 1722 Placere
2828 1666 3097 1737 siquidem
3120 1656 3363 1725 meruisti
3385 1687 3493 1727 cun

1915 1755 2037 1823 ctis,
2078 1772 2201 1812 cum
2232 1772 2448 1828 semper
2493 1757 2764 1828 diligenda
2821 1759 3083 1826 custodis,
3138 1760 3413 1816 silentium
3461 1764 3513 1818 in

1842 1859 1894 1923 Β
1920 1850 2166 1913 secretis,
2227 1849 2283 1904 in
2331 1850 2635 1907 actionibus
2683 1850 3004 1923 eflicaciam,
3035 1852 3088 1908 in
3119 1853 3509 1913 observationi:

1921 1941 2111 1998 labore
2139 1943 2531 2013 frequentiam;
2563 1951 2619 1999 et
2648 1944 2793 2014 quod
2816 1959 2999 2001 rarum
3040 1947 3387 2003 continentiae
3415 1948 3487 2004 bo

1920 2051 2049 2093 num
2078 2036 2267 2093 crebra
2297 2037 2576 2092 hominum
2593 2038 2721 2094 vitia
2748 2038 3015 2102 fecerunt,
3030 2054 3154 2094 cum
3174 2039 3358 2095 multis
3377 2054 3492 2111 pra:

1892 2124 2076 2189 heres
2102 2125 2298 2195 oflicia,
2330 2128 2462 2183 nulli
2491 2137 2637 2184 tuam
2666 2144 2888 2200 operam
2946 2131 3285 2187 venditabas.
3341 2131 3489 2188 Voca

1892 2217 2102 2281 bulum
2129 2217 2389 2289 principis
2409 2219 2555 2274 nulla
2579 2219 2740 2276 sorde
2760 2221 3064 2288 maculasti,
3088 2236 3314 2279 servans
3343 2220 3501 2292 digni

1915 2318 2085 2368 tatem
2112 2312 2347 2368 nominis
2376 2314 2769 2371 exercitatione
2821 2314 3054 2370 virtutis.
3087 2313 3226 2371 l‘linc
3253 2323 3339 2373 est
3367 2314 3509 2386 quod

1911 2396 2325 2476 spectabilitatis
2353 2406 2642 2475 honorem,
2667 2422 2828 2478 quem
2852 2406 3054 2462 militiae
3099 2407 3299 2465 sudore
3328 2409 3508 2465 deter-

1911 2496 1986 2553 sis
2010 2496 2154 2567 justa
2176 2497 2459 2568 deputavit
2484 2499 2800 2570 antiquitas,
2831 2500 3087 2571 praesenti
3137 2500 3230 2557 tibi
3270 2500 3511 2559 auctori-

1911 2597 2023 2648 tate
2046 2594 2405 2661 conferimus;
2455 2604 2515 2649 ut
2542 2595 2746 2652 laboris
2773 2596 2851 2651 tui
2881 2596 3100 2652 tandem
3132 2598 3310 2654 linitas
3341 2614 3497 2654 excu.

1907 2685 2045 2752 bias,
2073 2688 2513 2745 remuneratione
2540 2689 2809 2744 comitivac
2849 2690 3010 2760 primi
3063 2690 3268 2746 ordinis
3298 2690 3348 2760 δ,
3392 2690 3507 2760 jam

1907 2793 2133 2851 securus
2161 2779 2450 2850 intelligas.
2478 2779 2549 2835 Et
2566 2781 2694 2851 quia
2722 2781 2951 2850 gratiam
2981 2782 3243 2854 principis
3269 2784 3507 2853 dignitas

1906 2867 2053 2923 nuda
2078 2883 2186 2923 non
2215 2870 2430 2935 asserit,
2456 2884 2560 2924 nec
2587 2868 2911 2926 beneﬁcium
2962 2872 3069 2927 dici
3123 2881 3307 2942 potest
3356 2873 3505 2946 quod

1903 2960 2051 3017 nulla
2077 2960 2312 3016 utilitate
2339 2960 2607 3016 sentitur:
2639 2960 2919 3031 privilegia
2970 2963 3067 3018 tibi
3095 2980 3331 3035 quoque,
3382 2980 3505 3036 qua:

1902 3052 2069 3108 tribui
2113 3053 2316 3109 scholae
2373 3062 2476 3109 tum
2531 3053 2938 3124 exprincipibus
2977 3054 3176 3111 divalia
3203 3056 3503 3112 constituta

1900 3143 2206 3210 voluerunt,
2229 3143 2394 3199 simili
2414 3143 2783 3201 muniﬁcentia
2804 3147 3197 3202 condonamus.
3221 3145 3332 3202 Nec
3344 3144 3505 3216 quid-

167 3220 438 3289 evagari.
466 3219 532 3275 Et
575 3221 838 3277 noveritis
865 3236 963 3278 vos
988 3221 1338 3278 severitatem
1364 3219 1589 3276 minime
1632 3218 1794 3276 diﬁu-
1819 3262 1870 3329 α
1900 3250 2063 3306 quam
2106 3236 2163 3292 in
2213 3236 2298 3293 bis
2348 3236 2516 3294 debes
2569 3245 2835 3304 metuere,
2866 3253 2987 3310 qua,
3025 3232 3252 3298 [οιιεηεη
3283 3241 3501 3297 novena

169 3324 311 3381 gere
342 3312 554 3369 veteris
578 3312 896 3379 sanctionis,
922 3312 968 3370 si
996 3313 1159 3370 rebus
1204 3328 1315 3369 non
1343 3311 1660 3369 abstineatis
1683 3310 1793 3367 illi-

175 3402 326 3459 citis.
362 3400 427 3456 In
473 3403 603 3473 ipsis
630 3416 762 3458 vero
790 3403 1091 3474 parietibus
1116 3400 1497 3474 cooperiendis
1550 3402 1640 3458 vel
1693 3400 1798 3459 ﬁn-

174 3493 378 3561 gendis
409 3491 561 3567 [Ed.,
590 3492 945 3565 reﬁciendis],
977 3502 1188 3551 tantum
1216 3495 1489 3552 licentiam
1518 3494 1731 3560 damus,
1747 3495 1795 3551 si

173 3586 337 3642 vobis
365 3585 682 3642 tricennalis
710 3600 820 3641 non
839 3593 1025 3657 potest
1047 3586 1239 3643 obesse
1261 3586 1619 3658 praseriptio.
1653 3585 1794 3653 Quid

175 3676 467 3746 appetitis,
497 3691 619 3748 qua:
646 3676 895 3747 refugere
921 3676 1228 3733 deberetis?
1270 3676 1469 3732 Damus
1521 3676 1794 3746 siquidem

169 3770 536 3840 permissum,
586 3770 685 3826 sed
739 3770 1036 3827 errantium
1082 3777 1269 3827 votum
1317 3769 1662 3827 laudabiliter
1690 3770 1794 3825 im-

172 3862 505 3931 probamus.
536 3872 563 3901 α
591 3860 929 3932 Religionem
975 3862 1246 3933 imperare
1319 3877 1430 3921 non
1479 3877 1789 3934 possumus,

172 3954 298 4025 quia
324 3971 507 4013 nemo
527 3956 740 4028 cogitur
767 3963 826 4012 ut
852 3955 1040 4013 credat
1065 3956 1286 4013 invitus.

692 4044 1031 4103 EPISTOLA
1058 4044 1295 4104 XXVIII;

171 4151 462 4196 STEPHANO
489 4155 618 4197 VIRO
650 4155 932 4207 SENATORI,
964 4156 1148 4196 COMITI
1189 4155 1337 4196 PBH“
1360 4156 1564 4198 0|“)!le
1593 4158 1665 4200 Βτ
1688 4159 1789 4201 Εἰ·-

348 4227 593 4268 PBINCIPI
621 4228 809 4268 NOSTRI
840 4228 1051 4277 OFFICII,
1082 4228 1449 4268 THEODORICUS
1480 4230 1608 4269 REX.

177 4300 456 4378 Laudatur
486 4305 805 4378 Stephanus,
838 4314 887 4359 et
906 4306 1172 4378 confertur
1197 4306 1244 4359 ei
1274 4305 1501 4375 dignitas
1527 4306 1788 4378 spectabi-

242 4375 420 4447 litatis
449 4394 541 4432 seu
562 4375 817 4432 comitium
846 4375 1252 4447 primi'ordinis,
1295 4392 1389 4430 nec
1417 4393 1520 4432 non
1550 4386 1600 4430 et
1626 4377 1788 4445 privi-

241 4445 392 4518 legia
411 4448 649 4520 quaedam
678 4445 954 4519 praeclara.

241 4535 561 4597 Tribuenda
590 4548 674 4598 est
717 4540 880 4612 justis
905 4538 1184 4597 laboribus
1233 4539 1611 4611 compensatio
1640 4556 1783 4612 pra:-

1905 3330 2260 3403 usurpatione
2284 3337 2582 3387 tentantur.
2613 3331 2697 3388 Ab
2750 3333 2895 3388 omni
2925 3346 3057 3403 ergo
3085 3332 3287 3390 damno
3312 3333 3498 3390 oneri-

1896 3426 2110 3497 busque
2129 3423 2361 3481 sordidis
2396 3423 2546 3495 juste
2572 3423 2806 3480 munivit
2843 3423 3148 3495 antiquum.
3178 3423 3287 3480 Sed
3318 3439 3496 3496 quan-

1897 3532 2060 3589 quam
2090 3515 2344 3589 prazsenti
2370 3515 2811 3572 remuneratione
2838 3515 2937 3571 tibi
2984 3515 3147 3585 digna
3195 3515 3499 3585 solvamus,

1893 3610 2092 3666 futuris
2114 3618 2295 3667 tamen
2314 3610 2458 3667 votis
2478 3624 2631 3681 spem
2671 3609 2966 3666 maximam
2994 3609 3337 3680 pollicemur.
3390 3609 3502 3667 Sed

1895 3703 2157 3773 quoniam
2186 3711 2415 3774 angusta
2439 3710 2570 3759 sunt
2592 3702 2880 3772 beneﬁcia,
2911 3717 3032 3774 qua:
3059 3718 3170 3759 non
3218 3702 3385 3760 etiam
3426 3701 3500 3760 de

1893 3791 2090 3851 futuris
2114 3793 2320 3864 aliquid
2345 3793 2692 3865 pollicentur,
2720 3794 2897 3851 aderit
2917 3794 3260 3866 providentia
3281 3794 3494 3865 princi-

1892 3890 2059 3962 palis;
2109 3897 2170 3945 ut
2210 3905 2350 3960 quos
2374 3889 2566 3961 dignos
2614 3889 2802 3947 favore
2832 3897 3020 3945 nostro
3049 3888 3346 3955 credimus,
3392 3901 3494 3943 eos

1888 3996 2110 4053 quoque
2131 3982 2327 4053 majori
2352 3982 2562 4039 honore
2580 3981 2934 4039 cumulemus.
2955 3979 3157 4036 Verum
3173 3977 3300 4048 quia
3322 3977 3494 4032 celari

1890 4090 2001 4134 non
2046 4076 2205 4134 decet
2250 4077 2463 4147 regium
2518 4075 2742 4144 bonum,
2800 4075 3087 4144 impetrata
3105 4070 3394 4142 przescntia
3421 4069 3493 4125 ad

1887 4170 2239 4240 provincialis
2262 4169 2459 4239 iudicis
2484 4167 2648 4224 facito
2679 4167 2929 4223 notitiam
2958 4164 3261 4237 pervenire,
3295 4171 3490 4233 quate-

1891 4280 1992 4320 nus
2020 4261 2477 4333 spectahilitatem
2502 4267 2649 4314 tuam
2678 4259 2989 4313 decoratam
3017 4263 3207 4311 nostro
3235 4254 3488 4310 testimo-

1889 4357 2005 4424 nio,
2046 4352 2415 4410 universitatis
2456 4349 2624 4406 corda
2661 4354 3015 4417 cognoscant,
3040 4345 3243 4414 tibique
3270 4352 3330 4399 ut
3358 4351 3489 4414 pote

1886 4446 2096 4502 militia:
2123 4443 2232 4517 34.
2252 4456 2483 4499 munere
2508 4439 2810 4512 persoluto,
2840 4438 3017 4497 cultus
3045 4446 3362 4511 competens
3380 4452 3480 4509 pro

1889 4548 2205 4599 nostrorum
2232 4544 2542 4608 temporum
2568 4531 2729 4592 laude
2759 4539 3026 4590 servetur.

3440 4614 3518 4678 ly!

256 4794 284 4826 ι
307 4783 523 4865 Religio
553 4785 1156 4865 _Cbristiau_a_impcrari
1191 4799 1308 4865 non
1328 4790 1528 4865 potest.
1559 4784 1781 4865 Lactan-

1901 4790 2028 4865 Iptid
2079 4791 2374 4851 Baronium
2420 4796 2569 4847 tomo
2596 4785 2687 4855 111,
2736 4784 2808 4844 ad
2852 4800 3055 4845 annum
3107 4786 3310 4846 Christi
3354 4788 3481 4849 524.

193 4855 291 4914 tius
323 4877 335 4913 :
362 4855 717 4915 Defendenda
740 4858 929 4928 religio
949 4855 1033 4916 est
1060 4874 1167 4913 non
1197 4855 1522 4928 occidendo,
1546 4858 1641 4914 sed
1658 4875 1776 4915 mo-

193 4928 386 5000 uendo;
412 4945 524 4985 non
554 4931 759 4987 saevitia
780 4972 796 4998 ,
822 4926 920 4985 sed
946 4929 1238 5000 patientia;
1272 4942 1379 5000 non
1406 4926 1644 5000 scelere_,
1678 4930 1776 4986 sed

195 4993 307 5052 ﬁde.
347 4999 445 5056 illa
472 5002 616 5056 enim
643 4993 910 5057 malorum
939 4993 1102 5065 sunt,
1128 4993 1243 5054 haec
1270 4996 1560 5055 bonorum.
1595 4993 1662 5055 Et
1687 5016 1777 5058 ne-

193 5079 336 5141 gesse
383 5079 471 5127 est
508 5072 713 5129 bonum
744 5073 801 5127 in
847 5072 1110 5141 religione
1144 5071 1382 5137 versari,
1412 5085 1520 5125 non
1546 5072 1768 5127 malum.

194 5134 316 5212 Ean)
342 5144 385 5199 si
414 5143 696 5212 sanguine,
718 5144 762 5199 si
795 5134 1099 5206 torméntis,
1115 5143 1159 5197 si
1184 5141 1328 5212 malo
1352 5134 1669 5210 religionem
1691 5143 1777 5198 de-

196 5201 403 5284 fendere
430 5201 587 5282 velis,
615 5201 727 5284 jam
757 5229 865 5268 non
885 5201 1204 5268 defendetur
1230 5211 1341 5277 illa,
1373 5201 1482 5265 sed
1498 5212 1775 5284 polluetur

195 5285 247 5331 et
274 5283 574 5341 violabitur.
599 5282 740 5341 Nihil
768 5292 878 5338 tam
898 5284 1264 5339 voluntarium
1286 5297 1445 5351 quam
1474 5282 1683 5352 religio,
1717 5282 1772 5337 in

195 5361 293 5427 qua
312 5353 356 5408 si
385 5356 595 5427 animus
622 5353 976 5427 sacriﬁcantis
1004 5368 1225 5427 aversus
1262 5361 1374 5418 est,
1400 5352 1771 5427 jamsublata,

194 5423 295 5495 iam
322 5425 468 5481 nulla
497 5435 597 5482 est.
629 5426 797 5482 Recta
843 5424 1011 5495 igitur
1040 5424 1179 5495 ratio
1216 5430 1299 5476 est
1320 5464 1335 5488 ,
1366 5431 1425 5495 ut
1450 5423 1772 5495 religionem

200 5493 443 5557 patientia
478 5497 567 5552 vel
616 5506 791 5554 morte
819 5492 1078 5551 defendas
1111 5511 1123 5545 :
1158 5494 1208 5547 in
1239 5508 1346 5562 qua
1397 5492 1528 5548 ﬁdes
1576 5508 1770 5549 conse-

202 5573 353 5638 crata,
386 5577 441 5623 et
469 5568 570 5638 ipsi
598 5568 712 5625 Deo
742 5575 893 5636 grata
914 5573 1017 5627 est,
1038 5572 1107 5638 _e_t
1129 5563 1382 5638 religioni
1400 5563 1548 5618 addit
1575 5572 1768 5638 aucto-

200 5631 417 5707 ritatem.
450 5631 567 5695 Lib.
599 5658 633 5694 v
662 5631 857 5704 lnslit.,
889 5652 1008 5707 cap.
1031 5634 1122 5691 ΞΟ.
1155 5631 1521 5707 Bedajlistor.
1558 5635 1765 5707 Anglic.

312 5722 346 5786 r,
376 5677 1271 5786 capt-36:dragor:_l‘l§ssen._gap.
1301 5705 1363 5758 5-1
1399 5677 1768 5786 ςξιιιιιρςκῗθνο

202 5773 288 5852 tul.
306 5773 527 5852 Apolog.
554 5798 673 5852 cap.
696 5773 787 5837 ‘25.
819 5773 1052 5852 Hilarius
1074 5779 1140 5852 ad
1154 5773 1528 5852 flanstaritiutn
1559 5777 1766 5852 Augus-

198 5849 320 5922 tum.
344 5849 404 5904 1).
430 5846 743 5909 Ambrosius
764 5852 919 5922 epist.
946 5850 1016 5904 50
1040 5849 1107 5904 ad
1127 5849 1395 5922 Valentini.
1419 5846 1482 5922 ιςι.
1503 5848 1760 5922 praeclare

200 5911 569 5987 Constantinus
621 5925 676 5982 in
727 5911 996 5983 veteribus
1038 5921 1173 5981 actis
1215 5919 1460 5976 Silvestri
1506 5911 1662 5993 papa:
1713 5918 1736 5975 1

1880 4864 2246 4992 Jufgginiano
2275 4932 2591 5004 imperatori
2604 4929 3108 5004 Theodahadusinf.
3123 4929 3218 5004 lib.
3238 4945 3292 4995 ι,
3317 4929 3476 5000 epist.

1880 5006 1971 5062 26.
2016 5008 2149 5063 Cum
2177 5001 2450 5081 Divinitas
2464 5003 2705 5081 diversas
2733 5004 2977 5073 patiatur
2982 5001 3294 5081 religiones
3321 5015 3471 5081 esse,

1878 5095 1981 5151 nos
2008 5094 2171 5136 unam
2189 5091 2310 5151 _non
2350 5072 2934 5151 audemusuimponere.
2982 5072 3301 5151 Regnemus
3329 5072 3477 5127 enim

1881 5149 2076 5217 legisse
2114 5145 2419 5204 voluntarie
2458 5142 2871 5217 sacrificandum
2910 5158 3033 5217 e_s_s_e
3062 5142 3295 5217 Domino
3314 5181 3329 5205 ,
3366 5156 3476 5197 non

1879 5210 2196 5293 cujusquam
2218 5218 2485 5293 cogentis.
2494 5216 2745 5293 imperio.
2776 5213 3137 5293 Tertullianus
3164 5210 3231 5264 ad
3262 5211 3473 5293 scapu-

1879 5281 1985 5344 lam
2014 5281 2068 5345 in
2094 5288 2184 5343 ﬁn.
2218 5281 2337 5341 Non
2363 5295 2444 5343 est
2469 5281 2688 5362 (inquit)
2715 5283 2989 5362 religionis
3024 5281 3471 5362 cogererreligio—

1877 5375 2004 5415 nem
2041 5379 2053 5413 :
2086 5374 2207 5428 quae
2253 5365 2446 5428 sponte
2476 5349 2693 5428 suscipi
2718 5349 2909 5428 debet,
2962 5368 3067 5428 ngn
3118 5349 3472 5428 vi.__Clemcus

1880 5375 2004 5415 nem
2041 5379 2053 5413 :
2125 5374 2207 5414 uae
2253 5374 2446 5428 sponte
2492 5374 2633 5412 SUSCI
2676 5374 2693 5409 ι
2731 5374 2909 5418 (leuet,
2962 5374 3067 5406 tum
3118 5374 3187 5405 VI.
3218 5374 3472 5409 metuens

1880 5429 2034 5483 initio
2075 5374 2167 5484 lii).
2220 5446 2249 5483 x
2279 5428 2560 5496 Recognit.
2591 5374 2672 5480 ad)
2705 5421 3149 5496 Jacobnmfratr.
3197 5420 3348 5496 Doni.
3401 5421 3465 5496 ζ).
3502 5472 3507 5496 ρ

1880 5499 2182 5555 Bernartius
2236 5500 2291 5553 in
2335 5491 2581 5563 Cantica,
2629 5511 2789 5550 serm.
2845 5491 2933 5546 66.
2981 5492 3139 5546 Fides
3190 5491 3507 5548 suadenda'

1878 5571 2117 5647 (inquit),
2141 5586 2250 5647 non
2282 5567 2623 5647 imponenda.
2656 5566 2817 5647 bona.
2933 5633 2967 5647 ﬁ
3369 5634 3383 5647 .

1952 5633 2121 5696 Porro
2152 5640 2308 5709 hujus
2328 5633 2576 5708 rescripti
2606 5635 2669 5689 ad
2698 5634 2914 5709 {mimus
2930 5633 3255 5709 {Lentienses
3276 5634 3460 5709 emissi

1876 5702 2240 5769 inscriptione
2263 5702 2568 5765 admonitus
2597 5705 2826 5769 conjicio
2851 5704 2901 5757 in
2932 5704 2969 5758 l.
3000 5704 3117 5758 8dr
3142 5702 3357 5767 Juda-is,
3388 5719 3459 5762 ex

1876 5730 2036 5768 lllSCl‘l
2081 5728 2226 5767 tione
2263 5728 2568 5765 admonitus
2597 5728 2826 5769 cmuqu
2851 5728 2901 5757 lu
2932 5728 2969 5758 ι.
3000 5728 3117 5758 ουν
3142 5728 3357 5767 σιηυιωε,
3388 5728 3459 5762 ex

1871 5728 2284 5855 le.1Pheodos_.
2320 5776 2578 5855 anx._Et_
2596 5776 2781 5855 l.‘ul_t.,
2810 5789 2929 5844 cap.
2954 5775 3019 5829 de
3036 5774 3253 5830 Iudicis.
3280 5775 3475 5855 GtmL.‘

1941 5854 1969 5893 δ
2003 5854 2132 5916 Vide
2162 5853 2198 5908 l.
2223 5852 2344 5919 ult.,
2377 5866 2426 5904 ρ.
2458 5849 2520 5902 de
2547 5846 2767 5904 luditis.
3414 5846 3502 5977 ,δη
