4018 6348
456 294 557 351 565

948 402 1281 459 EPISTULA
1302 402 1476 458 XXIX
1499 414 1547 457 θ.

442 556 445 559 η
546 515 718 556 Αῡιιιάε
749 513 874 553 VIBO
904 513 1183 562 SICNATORI,
1218 513 1399 553 COMITI
1431 512 1794 553 TIIEODORICUS
1822 514 1948 552 REX.

455 595 688 660 Imperat
717 600 771 645 ut
804 600 1005 645 tueatur
1043 591 1241 660 prn'dia
1297 601 1346 644 et
1386 593 1616 646 homines
1642 591 2053 646 Mediolunensis

564 666 781 719 Icclesiaz
806 664 945 716 intra
979 662 1216 717 Siciliam
1253 664 1595 728 constitutos;
1632 664 1737 717 vult
1782 674 1950 717 tamen
1998 673 2054 717 ut
2133 721 2151 729 φ

525 736 698 789 causis
720 735 936 804 publicis
957 745 1007 806 et
1026 735 1240 803 privatis
1258 746 1439 788 contra
1460 751 1546 788 eos
1572 734 1849 806 propositis
1871 742 2051 806 quant-

523 802 747 878 primurn
772 802 1138 874 respondeant.
1572 802 1581 805 '
1669 802 1678 806 '
1884 802 1893 805 ‘
2014 802 2023 841 ;

527 923 784 991 Quamvis
812 922 989 978 nullos
1040 921 1267 977 velimus
1294 935 1584 990 gravamen
1616 922 1831 993 aliquod
1888 908 2049 991 susti-

453 1033 604 1084 nere,
630 1033 766 1088 quos
787 1016 999 1071 videtur
1025 1017 1199 1086 pietas
1229 1024 1411 1072 nostra
1444 1026 1730 1087 protegere
1755 1018 1901 1088 (quia
1953 1002 2047 1093 rei-

453 1108 665 1175 guantis
692 1113 773 1162 est
803 1106 992 1176 gloria,
1022 1105 1389 1175 subiectorum
1419 1108 1591 1161 otiosa
1641 1106 2048 1179 tranquillitas),

455 1206 634 1254 tamen
659 1199 970 1268 Specialiter
996 1197 1266 1254 Ecclesias
1289 1200 1355 1253 ab
1386 1200 1532 1253 omni
1557 1199 1749 1269 injuria
1772 1199 1927 1255 reddi
1953 1214 2054 1255 cu-

454 1291 630 1359 pimus
679 1292 911 1357 alienas;
963 1291 1157 1362 quibus
1215 1291 1341 1346 dum
1396 1292 1679 1360 acquabilia
1705 1299 2050 1361 praestantur,

457 1382 827 1439 misericordia
878 1384 1179 1438 Divinitatis
1235 1385 1549 1453 acquiritur.
1602 1383 1670 1438 Et
1702 1386 1822 1440 ideo
1849 1386 2051 1441 beatis-

456 1474 579 1529 simi
609 1477 709 1530 viri
766 1475 1036 1547 Eustorgii
1085 1476 1327 1546 episcopi
1377 1485 1580 1531 sanctze
1636 1476 2052 1532 Mediolanensis

456 1561 712 1621 Ecclesim
734 1566 996 1635 petitione
1023 1568 1281 1638 permoti,
1331 1568 1689 1637 prmsentibus
1721 1576 1775 1623 te
1802 1567 2052 1624 affatibus

455 1659 826 1723 admouemus,
857 1668 913 1714 ut
941 1660 1156 1729 prmdiis
1182 1661 1267 1716 vel
1297 1660 1607 1717 hominibus
1651 1662 1766 1736 [ed.
1821 1662 1944 1717 Niv.
2002 1668 2053 1718 et

455 1747 576 1816 6a.,
611 1750 933 1823 honoribus]
955 1753 1099 1809 illius
1122 1753 1379 1809 Ecclesia:
1406 1754 1545 1810 intra
1576 1754 1816 1810 Siciliam
1845 1756 2053 1812 consti-

453 1842 605 1911 tutis,
660 1844 945 1899 tuitionem
999 1846 1217 1902 studeas
1273 1847 1421 1901 salva
1474 1847 1731 1903 civilitate
1758 1856 2049 1919 prtestare;

453 1946 555 1988 nec
582 1950 612 1988 a
637 1950 906 2005 quoquam
938 1936 1222 2007 cujuslibet
1247 1939 1482 1993 nationis
1506 1939 1726 1995 homine
1748 1947 1938 1995 contra
1973 1940 2054 1996 fas

452 2025 675 2095 patiaris
725 2028 979 2098 opprimi,
1021 2045 1158 2101 quos
1182 2030 1341 2086 decet
1369 2030 1672 2087 Divinitatis
1713 2033 1909 2088 intuitu
1964 2048 2056 2090 su-

454 2114 681 2170 blevari.
710 2116 788 2171 Ita
811 2126 1014 2187 tamen,
1040 2129 1099 2173 ut
1118 2120 1298 2174 causis
1327 2121 1557 2191 publicis
1587 2128 1643 2177 et
1668 2121 1912 2191 privatis,
1933 2136 2055 2193 qua:

459 2216 654 2262 contra
696 2224 791 2265 eos
837 2212 1235 2268 rationabiliter
1283 2222 1691 2284 proponuntur,
1721 2215 2057 2286 respondere

457 2311 570 2353 non
614 2298 912 2357 diﬂ‘erant:
957 2304 1081 2373 quia
1113 2304 1252 2359 sicut
1307 2305 1559 2361 nolumus
1613 2319 1709 2363 eos
1758 2306 1826 2362 ab
1872 2307 2053 2377 aliquo

455 2394 817 2460 praegravari;
867 2393 941 2449 ita
972 2402 1231 2466 exceptos
1274 2411 1305 2450 a
1336 2397 1551 2453 tramite
1575 2395 1797 2467 iustitia:
1824 2412 1932 2455 non
1957 2412 2053 2470 pa-

452 2484 621 2542 timtr
647 2488 899 2546 inveniri.

984 2648 1321 2706 EPISTULA
1360 2650 1527 2705 XXX.

563 2773 768 2817 PAUS'I‘O
798 2776 1091 2820 PREFECTO
1117 2778 1397 2819 PRETORIO
1422 2778 1786 2820 THEODORICUS
1814 2779 1941 2820 REX.

456 2863 722 2945 Eximitur
761 2869 826 2945 ab
864 2872 1443 2945 illationc_tributorum
1470 2890 1601 2929 unus
1623 2890 1690 2928 ea:
1722 2874 2053 2945 negotiatori-

527 2940 620 3015 bus
648 2939 1061 3015 Mediolanensis
1092 2942 1345 2999 Ecclesia:
1368 2986 1383 3009 ,
1415 2946 1511 3015 qui
1529 2939 1813 3015 pauperum
1844 2949 2052 3001 servitio

526 3011 854 3082 deputandus
902 3024 1057 3079 erat;
1098 3031 1212 3086 qua?
1255 3011 1437 3087 gratia
1474 3011 1768 3071 Ravennati
1797 3015 2051 3073 Ecclesia:

526 3092 681 3137 antea
709 3100 955 3140 concessa
982 3088 1174 3156 fuerat.

1682 289 1751 344 M.
1796 288 2075 345 AURELII
2116 286 2516 344 CASSIODORI

2082 407 2145 468 Α,
2680 401 3007 459 EPISTOLA
3047 402 3236 458 XXXI.

2081 1794 2130 1861 B

3643 281 3753 339 ὅθι

2503 516 2854 557 DROMONARIIS
2888 514 3252 555 THEODOIIICUS
3280 514 3409 555 REX.

2140 592 2403 653 .Insinuat
2430 612 2483 649 se
2513 596 2687 650 comiti
2705 612 2972 649 sacrarum
3002 596 3335 664 largitionum
3364 593 3672 664 praecepisse
3698 603 3755 649 ut

2228 668 2283 720 in
2310 665 2621 720 llostiliensi
2650 667 2761 720 loco
2783 667 3104 721 dromonarii
3136 667 3538 730 constituantur,
3570 665 3755 736 quibus

2228 737 2459 807 ﬁscalem
2503 739 2774 805 pecuniam
2817 737 3050 807 attribuit
3086 754 3179 805 pro
3209 737 3515 790 excursibus
3541 753 3658 791 cum
3680 753 3758 792 re-

2136 814 2149 819 ’
2228 805 2450 862 redariis
2473 825 2565 878 per
2590 809 2786 862 alveum
2809 805 3109 871 Padigmore
3145 810 3298 863 solito
3330 808 3608 878 faciendis.

2134 906 2175 939 “’
2228 921 2463 979 Publicis
2508 923 2710 980 debent
2754 922 3078 980 utilitatibus
3126 923 3382 979 insudare
3428 924 3523 994 qui
3553 938 3757 980 nomen

2140 1014 2356 1085 dedere
2384 1016 2604 1073 militiae.
2668 1017 2805 1085 Quid
2854 1016 3000 1072 enim
3030 1024 3155 1085 agat
3204 1019 3400 1083 homo,
3430 1017 3475 1072 si
3506 1015 3755 1087 professo

2156 1104 2293 1161 desit
2325 1108 2585 1177 obsequio
2611 1151 2627 1178 ,
2675 1116 2736 1162 ut
2773 1122 2873 1163 nec
2902 1107 3188 1163 commoda
3228 1108 3440 1178 privata
3480 1108 3755 1179 reperiat,

2158 1210 2258 1252 nec
2285 1197 2510 1266 gloriam
2533 1200 2870 1255 strenuitatis
2897 1200 3177 1269 acquirat?
3200 1197 3265 1253 Et
3304 1199 3424 1254 ideo
3451 1200 3641 1255 comiti
3669 1214 3756 1255 sa-

2140 1288 2371 1343 crarum
2426 1290 2771 1360 largitionum
2804 1299 2991 1347 nostra
3032 1290 3291 1361 pr:ecepit
3326 1290 3627 1349 auctoritas
3649 1331 3666 1355 ,
3698 1299 3759 1346 ut

2138 1370 2213 1434 in
2262 1378 2571 1435 Hostiliensi
2638 1383 2759 1437 loco
2824 1381 3081 1438 constitui
3139 1381 3427 1447 debeatis;
3485 1387 3756 1451 quatenus

2144 1468 2328 1523 ‘liscali
2358 1469 2694 1526 humanitate
2718 1472 2976 1538 recreati,
3013 1488 3274 1528 excursus
3306 1476 3427 1527 eum
3457 1471 3755 1528 vcredariis

2157 1574 2256 1630 per
2277 1562 2487 1616 alveum
2516 1561 2647 1618 Padi
2672 1580 2824 1619 more
2846 1564 3007 1619 solito
3032 1563 3259 1630 faciatis,
3290 1572 3350 1619 ut
3374 1564 3541 1620 diviso
3569 1565 3756 1620 labore

2157 1652 2311 1721 equis
2334 1653 2561 1721 publicis
2579 1654 2777 1710 debeat
2794 1655 3089 1721 subveniri,
3120 1654 3337 1725 quando
3366 1670 3552 1711 cursus
3574 1666 3758 1712 vester

2156 1759 2264 1799 non
2286 1746 2535 1801 atteritur
2568 1758 2621 1814 ο,
2647 1748 2738 1817 qui
2765 1763 2862 1819 per
2889 1748 3004 1804 vias
3033 1747 3264 1819 liquidas
3296 1748 3601 1820 expeditur.
3634 1747 3756 1805 Non

2158 1840 2303 1895 enim
2355 1841 2510 1896 vobis
2558 1841 2726 1897 nimio
2778 1842 2964 1897 labore
3002 1841 3310 1898 claudicare
3337 1842 3631 1912 contingit,
3660 1842 3755 1913 qui

2157 1932 2407 1987 manibus
2453 1933 2761 1989 ambulatis.
2786 1933 3104 1989 Vehiculum
3147 1943 3387 1989 vestrum
3434 1950 3544 1989 non
3588 1936 3753 1989 sentit

2156 2025 2436 2095 injuriam,
2468 2042 2569 2083 nec
2597 2028 2871 2085 defectum
2899 2028 3103 2099 patitur
3125 2068 3142 2096 ,
3192 2028 3337 2099 quod
3379 2028 3525 2085 unda
3570 2030 3752 2099 potius

2156 2128 2412 2174 currente
2449 2127 2716 2191 portatur.

2660 2256 2996 2314 EPISTOLA
3034 2255 3249 2313 XXXII.

2388 2386 2615 2428 SENATL'I
2640 2387 2787 2428 URBIS
2811 2387 2970 2428 ROME
3000 2388 3365 2430 TBEODORICUS
3392 2388 3518 2428 REX.

2155 2482 2402 2559 Decernit
2446 2494 2506 2539 ut
2544 2486 2619 2559 ad
2647 2486 2894 2559 paludem
2924 2485 3246 2542 Decennonii
3271 2530 3287 2554 ,
3318 2504 3470 2559 quam
3499 2489 3751 2559 patricius

2228 2555 2418 2610 Decius
2438 2555 2807 2611 exsiccandam
2836 2559 3133 2629 postulabat
3149 2601 3164 2629 ,
3207 2559 3308 2612 duo
3330 2555 3601 2614 senatores
3625 2561 3751 2613 mit-

2228 2636 2437 2701 tantur,
2469 2630 2554 2698 qui
2596 2629 2831 2701 spoliant
2859 2631 3067 2700 paludis
3096 2630 3219 2701 ﬁxis
3246 2629 3550 2686 adnotatum
3570 2631 3751 2686 termi-

2228 2698 2329 2765 nis,
2351 2699 2491 2769 juris
2519 2698 2681 2770 ipsius
2705 2698 2867 2755 Decii'
2878 2702 3098 2771 faciant.

2230 2814 2395 2872 Grata
2418 2816 2575 2871 nobis
2609 2823 2712 2883 est,
2743 2814 2932 2874 Patres
2958 2817 3286 2891 Conscripti,
3319 2820 3463 2877 circa
3489 2819 3751 2876 utilitates

2142 2908 2400 2979 publicas
2426 2910 2670 2981 impensa
2697 2911 2917 2969 devotio
2950 2930 2965 2968 :
2996 2915 3123 2983 quia
3164 2914 3290 2971 dum
3331 2914 3527 2970 civium
3556 2913 3749 2969 lauda-

2155 3003 2291 3060 biles
2319 3005 2531 3061 animos
2574 3006 2992 3078 eomprobamus
3013 3048 3029 3073 ,
3057 3006 3233 3063 locum
3271 3007 3432 3077 justis
3466 3005 3749 3063 beneﬁciis

2153 3098 2474 3171 reperimus.
2522 3097 2660 3166 Quid
2684 3107 2768 3154 est
2806 3099 2949 3153 enim
2976 3108 3083 3153 tam
3107 3100 3439 3155 senatorium
3461 3140 3477 3165 ,
3509 3113 3672 3169 quam
3697 3098 3747 3154 si

525 3193 647 3251 Non
692 3196 1010 3266 prtejudicat
1027 3196 1138 3267 juri
1182 3196 1404 3267 publico
1432 3198 1741 3267 personalis
1770 3199 2043 3270 exceptio,
2074 3188 2126 3257 C
2152 3192 2476 3248 utilitatibus
2500 3191 2729 3262 publicis
2749 3190 3027 3261 impendat
3045 3190 3318 3257 affectum,
3348 3200 3408 3245 ut
3434 3190 3606 3261 possit
3631 3203 3749 3259 pro-

442 3284 581 3355 .quia
603 3285 975 3344 beneﬁcialem
1008 3303 1129 3344 esse
1167 3287 1467 3360 principem
1491 3288 1639 3357 licet,
1668 3304 1771 3347 nec
1796 3290 1939 3348 intra
1961 3307 2047 3349 re-

446 3377 613 3445 gulas
642 3380 921 3435 constituti
968 3387 1150 3452 potest
1178 3378 1544 3436 muniﬁcentia
1589 3381 1789 3450 regalis
1824 3384 2042 3440 trctari.

448 3465 536 3523 Ira
564 3469 705 3525 levia
732 3481 1051 3529 coerceatur
1079 3474 1412 3543 gravissimis
1439 3475 1728 3541 institutis;
1760 3476 2048 3547 impatiens

452 3563 678 3619 ambitio
690 3564 814 3633 jure
839 3566 1188 3624 refrenetur:
1212 3568 1502 3625 clementia
1531 3584 1640 3626 non
1668 3570 2045 3640 habetlegem;

453 3668 558 3711 nec
585 3654 749 3712 debet
768 3659 869 3716 sub
898 3661 1141 3731 angustis
1154 3661 1400 3718 terminis
1426 3662 1659 3733 benigna
1702 3663 1856 3734 sequi
1884 3678 2046 3733 quam

454 3747 586 3821 [σόη
601 3749 785 3823 quem]
814 3752 974 3810 decet
997 3754 1116 3812 sine
1135 3753 1245 3812 ﬁne
1265 3755 1491 3812 laudari.
1515 3756 1839 3814 Defensores
1866 3757 2048 3826 itaque

450 3851 815 3900 sacrosanctae
831 3844 1251 3905 Mediolanensis
1264 3846 1519 3905 Ecclesia:
1530 3865 1631 3921 pro
1647 3850 1899 3921 expensis
1914 3864 2047 3919 pau-

452 3943 678 4000 perum,
729 3948 850 4006 qute
895 3937 995 3993 sub
1048 3938 1185 3995 lucri
1240 3940 1661 4010 exaggeratione
1704 3940 2044 4007 funduntur,

372 4048 379 4055 -
450 4037 618 4079 unum
671 4026 774 4083 sibi
821 4043 892 4085 ex
943 4030 1382 4101 negotiatoribus
1406 4032 1556 4089 urbis
1579 4048 1691 4089 suae
1730 4031 2047 4090 desiderant

447 4126 706 4186 oportere
732 4122 979 4191 praestari
1006 4139 1021 4176 :
1048 4124 1143 4194 qui
1183 4123 1450 4194 emptoris
1475 4124 1696 4180 functus
1715 4122 1914 4192 ofﬁcio,
1943 4138 2045 4179 ex-

446 4211 624 4280 ceptis
669 4214 1054 4282 negotiationis
1094 4215 1353 4271 oneribus
1404 4214 1600 4271 debeat
1646 4215 1873 4287 implere
1899 4214 2047 4286 quod

450 4305 695 4375 suscipit.
739 4305 867 4364 Haec
898 4309 1041 4365 enim
1074 4322 1174 4363 nos
1200 4317 1257 4364 et
1285 4308 1588 4365 Ravennati
1609 4307 1867 4365 Ecclesiae
1895 4324 2045 4365 com-

449 4406 776 4465 memorant,
813 4408 994 4456 motos
1021 4401 1332 4457 rationabili
1361 4402 1707 4471 allegatione,
1740 4401 1995 4459 tribuisse
2026 4418 2041 4457 :

451 4487 599 4557 quod
628 4488 844 4558 pietatis
873 4490 1181 4561 exemplum
1205 4532 1222 4559 ,
1254 4493 1326 4548 ad
1371 4508 1527 4548 suum
1558 4507 1772 4569 quoque
1799 4506 2044 4548 commo-

2154 3283 2313 3341 desse
2334 3285 2521 3356 patriae
2543 3324 2558 3349 ,
2590 3285 2678 3340 cui
2705 3291 2866 3339 natus
2913 3286 3039 3340 est?
3066 3284 3160 3339 Vir
3197 3285 3378 3354 itaque
3429 3282 3746 3352 magnificus

2152 3386 2316 3449 atque
2366 3376 2628 3448 patricius
2694 3376 2931 3445 Decius,
2980 3377 3219 3446 glorioso
3282 3377 3429 3432 circa
3492 3375 3743 3445 rempub.

2151 3485 2339 3527 amore
2366 3470 2665 3536 devinctus,
2680 3468 2824 3525 ultro
2844 3469 3140 3540 postulavit
3166 3477 3298 3525 voto
3324 3467 3579 3534 mirabili,
3598 3465 3746 3539 quod

2150 3566 2243 3621 vix
2289 3564 2555 3635 potuisset
2603 3563 2702 3619 sub
2731 3563 2958 3619 consilio
3015 3570 3216 3621 nostrae
3250 3562 3468 3633 pietatis
3517 3560 3741 3631 imponi.

2157 3658 2412 3716 Paludem
2444 3658 2794 3723 Deeennonii,
2828 3657 2881 3712 in
2936 3657 3110 3713 hostis
3156 3656 3385 3712 modum
3411 3654 3593 3710 vicina
3620 3670 3745 3710 vas-

2151 3762 2377 3821 tantem,
2413 3752 2689 3809 fovearum
2710 3766 2808 3806 ore
2836 3749 3109 3820 patefacto
3131 3749 3382 3820 promisit
3402 3746 3701 3803 absorbere
3727 3764 3742 3801 :

2149 3847 2297 3903 illam
2328 3846 2590 3902 famosam
2621 3845 2801 3900 saeculi
2844 3844 3180 3909 vastitatem,
3210 3855 3373 3912 quam
3408 3841 3511 3897 sub
3537 3840 3745 3897 diutur-

2153 3941 2321 3997 nitate
2361 3940 2596 3994 licentiae
2643 3939 2916 4009 quondam
2954 3953 3106 3994 mare
3144 3936 3452 4010 paludestre
3497 3936 3746 4008 possedit

2154 4034 2275 4108 [ms.
2319 4032 2471 4087 Rem.
2491 4042 2540 4087 et
2578 4033 2662 4088 ed.
2714 4033 2832 4099 Ac.,
2859 4031 3151 4105 consedit],
3186 4032 3453 4101 cultisque
3477 4030 3614 4087 locis
3643 4030 3743 4085 ini-

2151 4125 2349 4181 micum
2378 4124 2773 4195 superfundens
2803 4123 2943 4179 unda
2994 4123 3099 4195 35
3129 4122 3386 4177 diluvium
3405 4163 3421 4189 ,
3468 4130 3745 4176 temnam

2150 4216 2378 4288 gratiam
2408 4215 2639 4271 silvestri
2659 4216 2864 4286 pariter
2886 4214 3115 4270 horrore
3155 4212 3584 4270 confuditznihil
3615 4212 3743 4267 utile

2148 4310 2428 4377 nutriens,
2460 4309 2560 4365 sub
2592 4309 2806 4379 liquore
2839 4307 3129 4378 spoliatum
3153 4305 3415 4362 fructibus
3436 4312 3519 4363 est
3544 4304 3741 4371 solum,

2149 4414 2442 4476 postquam
2487 4401 2778 4459 obnoxium
2827 4401 2996 4473 coepit
3034 4416 3153 4458 esse
3178 4399 3483 4471 paludibus.
3526 4396 3597 4454 Et
3623 4397 3743 4453 ideo

2146 4498 2407 4554 miramur
2433 4496 2625 4568 priscae
2657 4492 2997 4551 confidentiae
3026 4494 3199 4549 virum
3222 4534 3238 4563 ,
3269 4501 3328 4547 ut
3356 4491 3501 4562 quod
3520 4491 3613 4547 diu
3634 4491 3743 4545 vir-

450 4578 578 4634 dum
609 4578 917 4651 supplicant
944 4583 1395 4640 transferendum.
1427 4586 1553 4641 Ideo
1578 4585 1801 4642 illustris
1827 4595 1882 4642 et
1905 4601 2045 4657 prte-
2067 4586 2122 4651 D
2148 4600 2236 4648 tus
2265 4591 2481 4664 publica
2511 4588 2748 4658 refugit,
2780 4602 2972 4642 manus
3000 4588 3211 4659 privata
3240 4585 3558 4657 susceperit.
3588 4582 3743 4638 Hunc

447 4669 594 4725 celsa
621 4672 1018 4740 magniﬁcentia
1045 4683 1138 4731 tua
1161 4676 1329 4747 (salva
1354 4678 1409 4732 in
1436 4678 1555 4733 aliis
1584 4679 2042 4749 negotiationibus

447 4763 837 4822 commoditate
857 4766 1072 4838 publica
1089 4810 1105 4838 ,
1130 4783 1251 4839 quae
1273 4770 1340 4825 ab
1369 4771 1622 4827 universo
1653 4785 1884 4843 corpore
1905 4788 2040 4828 con-

448 4855 627 4912 suevit
649 4854 860 4930 inferri)
884 4871 1050 4915 unum
1072 4860 1172 4928 eis,
1189 4876 1351 4933 quem
1366 4862 1469 4917 sibi
1482 4863 1582 4917 visi
1595 4861 1795 4919 fuerint
1814 4864 2038 4935 eligere,

447 4951 758 5023 deputabit;
788 4954 883 5025 qui
921 4956 995 5010 ita
1042 4957 1429 5014 commercium
1476 4958 1859 5028 negotiationis
1884 4974 2043 5016 exer-

447 5053 575 5103 ceat
595 5088 611 5115 ,
644 5054 911 5119 quatenus
939 5064 1041 5106 nec
1068 5050 1366 5121 monopolii
1397 5064 1498 5107 nec
1524 5052 1815 5122 siliquatici
1841 5049 1888 5117 b,
1941 5066 2043 5109 nec

452 5133 680 5194 aurarize
692 5139 897 5211 aliquid
916 5141 1195 5213 pensionis
1214 5142 1510 5213 impendat,
1537 5143 1624 5198 vel
1639 5142 1920 5213 quodlibet
1933 5156 2047 5213 gra-

450 5248 644 5290 vamen
672 5250 740 5290 ex
767 5236 1033 5307 permissa
1055 5236 1447 5293 nundinatione
1466 5237 1747 5294 sustineat.
1766 5235 1875 5292 Cur
1898 5237 2045 5293 enim

447 5324 584 5382 illud
606 5326 883 5385 tardemus
911 5343 1172 5398 annuere,
1195 5330 1340 5388 unde
1367 5329 1513 5386 nulla
1532 5344 1821 5401 possumus
1847 5330 2045 5386 damna

448 5420 653 5479 sentire
666 5423 691 5477 τ

520 5595 547 5626 ι
570 5586 716 5664 (litat
734 5589 882 5664 lianc
904 5590 1189 5664 epistolam
1211 5587 1477 5646 Baronius
1494 5587 1704 5647 tom.Vl
1729 5587 1949 5657 Annal.,
1966 5588 2036 5645 ad

448 5672 548 5768 an!"
995 5740 1050 5789 et
1091 5732 1465 5799 monopolium
1514 5740 1631 5789 erat
1670 5739 2035 5789 mercatorum

447 5814 635 5856 onera.
658 5801 1032 5874 Siliquaticum
1054 5804 1108 5859 in
1138 5801 1392 5861 nundinis
1413 5805 1648 5873 exigitur
1670 5804 1742 5862 ob
1768 5804 2035 5860 venditio-

446 5883 573 5929 nem
611 5875 1051 5949 proponendam,
1082 5876 1458 5950 monopolium
1488 5876 1556 5933 ab
1585 5891 1653 5935 eo
1680 5875 1913 5951 exigitur
1939 5875 2035 5947 qui

2149 4694 2279 4752 ergo
2331 4681 2591 4736 audacem
2641 4680 2883 4735 laborem
2945 4691 3323 4748 aggressurum
3381 4691 3440 4732 se
3486 4675 3741 4731 laudabili

2147 4775 2482 4849 perfectione
2504 4773 2777 4845 pollicitus
2804 4780 2913 4839 est;
2946 4779 3007 4826 ut
3033 4779 3298 4842 pereunte
3328 4769 3590 4826 damnoso
3616 4782 3744 4837 gur-

2147 4871 2279 4942 gite,
2302 4883 2423 4940 quae
2450 4867 2665 4923 fuerant
2686 4867 2902 4934 amissa,
2927 4865 3155 4922 ulterius
3177 4880 3283 4921 non
3310 4863 3564 4935 perirent.
3587 4860 3743 4918 Unde

2148 4970 2349 5020 nostrae
2378 4977 2541 5033 super
2561 4961 2666 5017 hac
2685 4969 2838 5032 parte
2858 4957 3167 5016 serenitatis
3193 4958 3433 5030 postulat
3445 4957 3741 5027 jussiones,

2150 5062 2213 5112 ut
2240 5055 2562 5112 auctoritate
2615 5054 2828 5126 publica
2861 5053 3053 5109 subeat
3092 5067 3229 5123 opus
3266 5050 3523 5107 eximium
3548 5092 3566 5119 ,
3594 5048 3744 5120 quod

2149 5150 2255 5209 erit
2302 5149 2510 5206 cunctis
2557 5148 2827 5205 viantibus
2850 5147 3213 5220 profuturum.
3256 5144 3365 5203 Sed
3392 5161 3523 5211 nos,
3558 5141 3619 5198 P.
3651 5141 3741 5209 C.,

2148 5242 2346 5315 quibus
2383 5240 2535 5298 cordi
2558 5247 2643 5296 est
2665 5239 2865 5295 bonum
2893 5238 3219 5295 desiderium
3243 5238 3434 5309 iuvare
3461 5233 3741 5291 auxiliari-

2146 5333 2249 5390 bus
2268 5332 2602 5398 constitutis,
2619 5329 2977 5401 prmsentibus
2996 5329 3231 5386 decretis
3251 5328 3561 5391 annuimus,
3594 5332 3656 5381 ut
3676 5324 3748 5380 ad

2146 5425 2267 5484 loca
2291 5425 2409 5498 ipsa
2454 5420 2790 5481 Deoennonii
2817 5422 2956 5481 duos
2984 5437 3053 5480 ex
3076 5429 3261 5479 vestro
3288 5435 3519 5495 corpore
3546 5418 3748 5489 diriga-

2146 5591 2520 5663 monopolium
2565 5588 2833 5663 beneﬂcio,
2852 5588 3114 5663 principis
3138 5595 3359 5646 exercet
3381 5628 3421 5663 ,_
3419 5599 3531 5658 quo
3561 5589 3747 5639 tamen

2145 5664 2223 5720 uti
2250 5658 2412 5736 hodie
2442 5679 2551 5720 non
2578 5663 2802 5736 licetrex
2823 5658 2872 5719 1.’
2894 5662 2945 5729 1,
2977 5658 3123 5719 θῖόε
3143 5678 3353 5736 monop.
3387 5658 3575 5736 Bnoss.

2219 5745 2242 5775 ο
2287 5733 2458 5791 Juret.
2493 5742 2664 5806 putat
2713 5735 2821 5793 hoc
2873 5723 2993 5792 esito
3037 5733 3185 5807 quod
3236 5723 3458 5790 vocatur
3504 5727 3574 5783 ab
3625 5723 3747 5784 aliis

2147 5807 2353 5866 evectio
2382 5807 2607 5865 navalis.
