3992 6464
184 329 298 389 565

1513 337 1890 400 VARIARUM
1922 336 2124 393 LIBER
2160 338 2222 394 II.

3385 321 3489 406 δῶ

185 450 282 517 tis,
317 451 529 520 quibus
551 455 972 525 arbitrantibus,
1004 467 1266 530 quantum
1300 460 1462 532 spatii
1482 460 1808 532 restagnatis
1836 457 1887 520 Α
1914 454 2132 523 dignum
2162 451 2446 522 praesulem
2467 458 2520 507 te
2544 451 3044 509 Romanisarcibus
3084 448 3378 518 exstitisse,
3401 449 3495 520 qui

191 542 326 612 (Ed.
362 546 492 612 Ac.,
525 549 754 623 negatis]
791 552 1092 613 incursibus
1119 554 1444 626 paludestris
1471 556 1686 612 illuvies
1711 571 1806 613 oc-

188 637 445 706 cupavit,
484 636 605 696 ﬁxis
647 645 893 700 terminis
917 646 1237 713 adnotetur;
1269 655 1330 703 ut
1358 664 1483 722 cum
1511 648 1578 704 ad
1605 648 1808 720 perfec-

189 727 409 785 tionem
438 733 766 801 promissam
797 739 1123 806 pervenerit,
1157 738 1436 794 liberatori
1468 755 1566 794 suo
1597 739 1808 794 reddita

189 826 342 876 terra
377 822 666 892 proficiat;
699 841 801 881 nec
829 828 1115 898 quisquam
1137 829 1262 885 inde
1291 830 1495 900 aliquid
1517 836 1810 901 praesumat

191 915 501 984 attingere,
525 919 669 988 quod
691 919 875 980 tandiu
901 921 1282 978 invadentibus
1311 923 1467 993 aquis
1497 937 1608 978 non
1630 921 1809 992 potuit

191 1005 508 1063 vindicare.

707 1143 1038 1202 EPISTOLA
1076 1146 1312 1204 XXXIII.

246 1248 419 1290 DECIO
449 1249 582 1291 VIRO
608 1251 892 1306 ILLUSTRI,
925 1257 1167 1297 PATRICIO
1185 1286 1199 1310 ,
1233 1256 1597 1298 TREODORICUS
1626 1259 1753 1298 REX.

199 1323 465 1401 Consedit
513 1328 677 1384 Decio
723 1332 930 1401 paludis
981 1333 1297 1390 Decennonii
1339 1337 1662 1398 dominium;
1705 1344 1812 1390 tum

272 1397 543 1474 decernit,
568 1410 629 1474 ut
668 1397 852 1474 siquis
880 1405 1013 1458 hunc
1060 1406 1290 1462 laborem
1318 1425 1424 1461 una
1452 1426 1564 1461 cum
1607 1397 1666 1462 eo
1689 1409 1814 1462 sub-

273 1470 514 1546 eundum
542 1470 804 1546 delegerit,
835 1475 1012 1529 habita
1036 1479 1203 1546 operis
1235 1480 1594 1542 aestimatione,
1631 1480 1817 1533 habeat

264 1540 416 1609 juris
439 1545 641 1613 praprii
661 1547 832 1616 spatia
859 1564 952 1617 pro
982 1540 1128 1619 parte
1156 1567 1311 1622 quam
1329 1540 1633 1621 susceperit.

273 1647 521 1705 Justitiae
547 1651 685 1708 ratio
708 1663 810 1723 est,
841 1664 901 1710 ut
923 1657 1190 1715 laudabile
1211 1659 1538 1718 desiderium
1563 1670 1819 1734 sequatur

202 1745 558 1814 prosperitas
593 1747 930 1818 jussionum;
981 1760 1036 1807 et
1061 1753 1205 1823 quod
1233 1754 1378 1810 bona
1397 1756 1676 1812 voluntate
1701 1773 1823 1812 sus-

1909 545 2188 616 generosis
2226 544 2419 600 animis
2467 544 2697 600 amicum
2743 543 3018 601 fraudibus
3063 558 3172 599 non
3219 555 3497 613 passuscs

1907 641 2087 696 velare
2115 646 2381 695 secretum
2407 656 2420 692 :
2453 653 2522 694 ne
2545 653 2645 694 vos
2673 647 2766 693 aut
2813 637 3009 694 delicta
3033 638 3326 711 complices
3354 638 3500 694 face.

1907 740 2050 800 rent,
2074 739 2167 787 aut
2203 731 2466 788 securitas
2486 730 2556 785 ad
2581 729 2787 799 majora
2814 731 2998 800 potius
3019 731 3294 788 incitaret.
3323 730 3502 800 Atque

1910 825 2033 882 ideo
2063 826 2314 882 universa
2353 826 2604 895 pecunia,
2630 839 2751 894 qua:
2799 822 2975 879 fuerat
3003 822 3219 880 fabricis
3245 824 3501 894 deputata

1910 918 2196 987 Romanis,
2242 928 2297 976 et
2338 935 2482 975 nunc
2535 918 2918 990 magnitudinis
2954 925 3060 971 tua:
3102 916 3438 976 discussione
3473 926 3495 956 ο

1909 1013 2154 1078 constitit
2207 1011 2506 1082 abjuratam
2552 1011 2730 1084 [mss.,
2764 1008 3094 1079 adjuratam;
3128 1007 3243 1072 alii,
3275 1007 3503 1063 abdica-

1910 1101 2065 1173 tam],
2097 1119 2220 1158 cum
2251 1118 2353 1159 nec
2377 1103 2584 1159 reddita
2613 1118 2715 1158 suo
2740 1109 3006 1171 tempore,
3031 1115 3132 1156 nec
3157 1097 3385 1154 docetur
3409 1114 3508 1153 ex-

1910 1181 2101 1269 pensa,
2145 1196 2266 1252 sine
2297 1196 2476 1264 aliqua
2503 1195 2762 1252 dilatione
2788 1201 3115 1258 resumatur,
3145 1201 3203 1247 et
3227 1191 3384 1248 vobis
3415 1207 3505 1246 or-

1913 1288 2222 1346 dinantibus
2250 1287 2442 1342 iterum
2473 1285 2730 1342 Romanis
2758 1284 3028 1342 moenibus
3052 1283 3374 1354 applicetur.
3406 1280 3512 1336 Ne-

1916 1383 1995 1439 fas
2023 1391 2106 1438 est
2132 1383 2274 1438 enim
2300 1381 2434 1435 utin
2463 1381 2600 1435 alios
2619 1395 2748 1436 usus
2777 1387 3057 1435 transeant
3083 1392 3206 1447 quae
3246 1376 3350 1433 sibi
3374 1374 3510 1430 sub-

1917 1481 2092 1530 tracta
2121 1487 2232 1528 non
2260 1472 2532 1528 immerito
2563 1470 2738 1527 Roma
2766 1471 3020 1540 suspirat.
3051 1469 3387 1525 Deberemus
3410 1468 3513 1522 ita-

1919 1582 2027 1636 que
2051 1565 2315 1622 celatores
2339 1565 2609 1635 deputata.-
2629 1564 2870 1634 pecuniae
2894 1562 3184 1619 immodica
3203 1577 3368 1633 paena
3391 1575 3494 1631 per

1921 1661 2156 1728 cellere,
2208 1659 2302 1728 qui
2348 1658 2405 1714 in
2443 1657 2538 1712 tali
2587 1671 2751 1712 causa
2801 1663 3040 1712 nostram
3086 1642 3516 1709 munificentiam

1925 1749 2454 1808 fraudaverunt.Sed
2474 1747 2645 1804 adfuit
2662 1748 3012 1815 moderatrix,
3039 1761 3254 1817 semper
3278 1759 3396 1815 quae
3417 1759 3517 1798 no-

203 1833 440 1905 cipitur,
495 1838 766 1908 regalibus
791 1855 1008 1911 quoque
1037 1843 1465 1899 ordinationibus
1510 1845 1815 1918 impleatur.
1849 1841 1900 1906 Β
1923 1844 2008 1900 his
2047 1854 2132 1901 est
2167 1845 2376 1914 juncta,
2408 1841 2720 1907 clementia,
2755 1856 2821 1895 ne
2851 1840 3102 1896 indecore
3130 1837 3271 1894 facta
3307 1835 3518 1906 plecta-

206 1925 386 1982 Vobis
438 1930 624 2000 itaque
653 1931 919 1988 desideria
969 1934 1114 2004 justa
1155 1938 1522 2006 poscentibus,
1573 1941 1824 2010 praesenti

203 2023 552 2077 auctoritate
580 2026 946 2094 concedimus,
992 2036 1052 2082 ut
1079 2031 1282 2098 stagnis
1310 2030 1640 2087 Decennonii
1671 2032 1825 2104 palu-

206 2113 501 2183 dibusque
527 2116 767 2186 siccatis,
797 2119 915 2174 sine
942 2118 1073 2176 fisco
1103 2121 1383 2191 possideas
1413 2124 1466 2177 in
1496 2124 1670 2179 solum
1699 2141 1824 2180 rura

204 2215 519 2273 revocata;
547 2223 651 2264 nee
678 2209 845 2264 ullam
868 2218 1081 2273 metuas
1111 2212 1350 2268 liberatis
1376 2214 1537 2269 rebus
1565 2214 1826 2270 exhibere

208 2297 520 2366 culturam,
544 2315 680 2370 quas
705 2303 804 2359 sub
830 2305 1197 2372 generalitatis
1244 2306 1558 2363 testimonio
1590 2306 1827 2362 absolvi-

212 2404 360 2443 mus.
397 2389 539 2446 Hinc
571 2393 735 2448 etiam
765 2394 830 2450 ad
859 2396 1243 2466 amplissimum
1265 2406 1516 2455 senatum
1553 2407 1826 2470 prmcepta

217 2482 649 2551 transmisimus,
682 2491 743 2539 ut
769 2483 990 2542 deﬁnito
1039 2503 1182 2544 nunc
1225 2489 1403 2560 spatio
1433 2489 1500 2544 ad
1524 2499 1675 2545 tuum
1704 2489 1828 2560 pul-

215 2572 356 2628 cbre
385 2581 632 2630 transeat
677 2577 997 2649 dominium,
1053 2579 1200 2650 quod
1230 2590 1313 2637 est
1350 2598 1380 2636 a
1424 2580 1579 2638 fmdis
1603 2583 1828 2652 gurgiti-

218 2661 329 2718 bus
356 2665 715 2724 vindicatum.
745 2667 985 2739 Equum
1007 2680 1089 2726 est
1118 2673 1262 2726 enim
1283 2679 1344 2726 ut
1383 2673 1674 2743 unicuique
1695 2689 1828 2744 pro-

222 2753 377 2810 ficiat
405 2756 563 2812 labor
589 2775 716 2814 suus
739 2769 787 2826 ες
818 2770 875 2814 et
897 2761 1036 2816 sicut
1062 2762 1418 2833 expendenda
1439 2764 1718 2832 cognoscit
1748 2765 1828 2820 in-

222 2849 545 2920 commoda,
573 2851 649 2906 ita
671 2852 834 2908 rebus
858 2852 1112 2924 perfectis
1133 2865 1500 2926 consequatur
1521 2867 1828 2925 augmenta.

223 2934 369 2998 Illud
401 2943 590 3010 etiam,
621 2946 713 3015 qui
757 2947 936 3003 studio
981 2947 1191 3018 reipub.
1225 2964 1441 3018 semper
1471 2949 1830 3020 invigilamus,

225 3035 582 3103 aspeximus;
613 3045 674 3091 ut
701 3038 746 3092 si
785 3039 906 3108 quis
947 3039 1092 3095 hunc
1141 3040 1382 3096 laborem
1425 3042 1610 3111 juncta
1655 3050 1834 3097 tecum

223 3126 502 3182 societate
531 3129 713 3185 subire
741 3130 1018 3200 delegerit,
1042 3131 1227 3187 habita
1255 3135 1436 3202 operis
1453 3132 1832 3202 aestimatione,

1925 1952 2046 1993 mus
2068 1937 2303 2004 graviter
2328 1937 2587 1992 incitante
2610 1932 2838 2006 iustitia.
2870 1930 3114 1988 Sufficiat
3141 1929 3298 1986 nobis
3319 1924 3502 1998 cupidi

1928 2037 2095 2084 tatem
2133 2044 2240 2086 non
2293 2030 2572 2099 implesse,
2606 2028 2750 2099 quod
2781 2026 2968 2084 voluit.
3003 2025 3114 2080 Nec
3139 2026 3316 2094 major
3341 2026 3520 2094 potest

1926 2122 2218 2193 provenire
2270 2121 2507 2176 vindicta
2537 2163 2554 2190 ,
2603 2120 2817 2192 quando
2865 2119 3012 2174 velut
3055 2117 3275 2187 propria
3311 2114 3516 2169 videtur

1927 2212 2176 2284 perdere,
2210 2212 2302 2282 qui
2340 2227 2400 2268 se
2441 2226 2726 2282 suppressa
2759 2210 2986 2280 turpiter
3026 2208 3363 2279 judicaverat
3391 2203 3518 2277 [ed.,

1926 2301 2319 2375 vindicaverat]
2345 2304 2642 2374 possidere.

2432 2438 2768 2496 EPISTULA
2807 2437 3026 2495 XXXV.

2105 2551 2346 2594 TANCILE
2377 2551 2501 2590 VIRO
2528 2549 2790 2591 εεΜτοιιι
2821 2540 3184 2588 τηεουοκῐῐτυε
3210 2545 3335 2585 REX.

1930 2632 2187 2686 Admonet
2225 2637 2283 2684 ut
2325 2631 2589 2701 perquirat
2615 2637 2851 2701 statuam
2873 2641 3072 2680 amcam
3101 2625 3164 2678 de
3205 2625 3409 2678 civitate
3432 2619 3518 2676 Co

2001 2703 2168 2758 mensi
2215 2703 2354 2772 furto
2390 2699 2636 2772 ereptam,
2685 2699 2991 2766 promittens
3033 2704 3235 2750 centum
3263 2709 3452 2749 aureos
3477 2707 3527 2748 et

2007 2775 2092 2844 qui
2125 2769 2266 2843 furta
2292 2769 2601 2841 prodiderit.

2005 2864 2277 2918 Acerbum
2305 2862 2462 2916 nimis
2492 2869 2574 2915 est
2600 2860 2798 2915 nostris
2827 2858 3160 2929 temporibus
3184 2859 3528 2928 antiquorum

1932 2957 2076 3011 facta
2104 2953 2449 3018 decrescere,
2480 2951 2571 3020 qui
2601 2960 2850 3005 ornatum
2880 2949 3091 3004 urbium
3123 2940 3361 3020 quotiilie
3389 2948 3532 3003 desi-

1935 3048 2190 3104 deramus
2221 3058 2435 3114 augere.
2462 3042 2728 3110 Quocirca
2755 3041 3111 3112 praesentibus
3132 3049 3186 3095 te
3203 3039 3533 3109 jussionibus

1938 3137 2312 3202 admonemus,
2341 3142 2402 3189 ut
2426 3132 2494 3190 de
2515 3132 2770 3189 Comensi
2800 3133 3020 3189 civitate
3046 3147 3252 3188 aeneam
3279 3139 3531 3197 statuam,

224 3217 441 3273 habeat
465 3219 603 3288 juris
627 3222 834 3293 proprii
863 3225 1038 3294 spatia
1065 3240 1165 3294 pro
1193 3233 1349 3296 parte
1379 3240 1540 3295 quam
1566 3226 1786 3296 suscipit
1818 3244 1832 3281 :
1864 3216 1914 3284 Ο
1943 3242 2062 3299 quae
2082 3227 2308 3298 periisse
2329 3225 2652 3294 suggeritur,
2683 3225 2829 3280 omni
2854 3225 3197 3280 animositate
3225 3224 3531 3296 perquiras:

227 3317 291 3365 ut
332 3325 441 3365 nec
464 3311 612 3368 solus
633 3313 908 3370 immensis
935 3317 1190 3373 oneribus
1220 3318 1589 3386 praegraveris,
1621 3328 1677 3373 et
1721 3318 1839 3372 ani-

229 3402 448 3457 mosius
494 3413 808 3473 peragatur,
862 3407 1006 3476 quod
1045 3409 1146 3462 sub
1175 3408 1387 3477 collegii
1435 3409 1777 3478 adjuvatione
1807 3408 1835 3448 δ

231 3493 566 3564 suscipitur.
580 3492 660 3549 Ita
684 3495 779 3552 fiet
803 3506 863 3552 ut
888 3505 961 3565 et,
987 3514 1105 3570 quae
1127 3500 1289 3556 rebus
1316 3500 1563 3556 maximis
1589 3511 1674 3558 est
1698 3503 1836 3559 ami-

233 3600 324 3657 ca,
367 3587 597 3644 molesta
641 3599 890 3648 careatur
925 3593 1145 3649 invidia.
1193 3593 1536 3666 QuaprOpter
1589 3596 1839 3666 gloriosis

234 3678 530 3736 desideriis
572 3691 848 3752 gratanter
889 3685 1021 3758 (ed.,
1051 3688 1336 3761 navauter)
1369 3688 1588 3757 insiste,
1622 3704 1691 3746 ne
1721 3689 1839 3761 epi-

235 3773 387 3828 nioni
418 3783 526 3830 tute
553 3788 717 3845 grave
760 3778 830 3833 sit
867 3778 922 3834 in
951 3781 1242 3852 assumptis
1270 3782 1553 3837 conatibus
1574 3783 1836 3838 marcuis-

237 3877 316 3920 se.
347 3865 570 3923 Intuere
623 3870 823 3942 quippe
850 3871 1089 3927 omnium
1120 3887 1235 3939 ora,
1290 3881 1454 3943 atque
1484 3872 1669 3928 oculos
1701 3873 1755 3928 in
1785 3883 1840 3931 te

237 3973 360 4016 esse
389 3977 727 4030 conversos;
771 3965 980 4036 reSpice
1011 3967 1318 4022 serenitatis
1349 3975 1548 4022 nostra:
1578 3982 1838 4039 suspensa

233 4050 440 4119 judicia
496 4053 564 4109 ad
615 4053 865 4112 effectum
914 4060 1095 4128 operis
1144 4059 1394 4114 instituti.
1427 4059 1640 4124 Quanta
1687 4059 1839 4118 vales

241 4143 593 4201 animositate
621 4147 837 4215 festina,
882 4156 939 4203 ut
969 4149 1159 4220 dignus
1188 4157 1336 4206 tanta
1362 4165 1419 4205 re
1441 4150 1728 4206 emersisse
1754 4151 1842 4220 ju-

243 4235 440 4296 diceris
468 4282 485 4310 ,
531 4242 626 4313 qui
659 4243 772 4314 jam
825 4258 971 4299 nunc
1019 4244 1260 4300 omnium
1316 4244 1676 4300 admiratione
1723 4241 1841 4299 Iau-

244 4327 410 4389 daris.

734 4469 1071 4529 EPISTULA
1107 4468 1346 4526 XXXIV.

349 4577 696 4622 Αιιτειιιιοιο
717 4571 1011 4622 Ῥιιει-Ἒοτο
1039 4580 1186 4620 unus
1213 4576 1578 4621 'rnzoaonlcus
1603 4578 1730 4620 nux.

249 4671 451 4732 Statuit
494 4686 550 4732 ut
607 4681 825 4752 pecunia
867 4680 1078 4752 fabricis
1121 4678 1375 4734 Romanis
1424 4676 1699 4752 deputata,
1750 4697 1843 4736 nec

318 4765 572 4822 expensa,
608 4750 713 4806 sed
737 4750 1018 4817 subtracta,
1059 4761 1369 4822 resumatur,
1397 4756 1448 4804 et
1477 4750 1727 4809 menibus
1757 4769 1839 4806 re-

319 4819 565 4895 ﬁciendis
611 4824 917 4895 applicetur.
950 4822 1214 4882 Celatores
1261 4821 1416 4894 hujus
1453 4827 1684 4895 pecunia:
1731 4824 1844 4895 ple-

320 4892 535 5016 :ltelndos
563 4892 769 4966 quidem
807 4897 1018 4967 fatetur,
1072 4896 1199 4966 ipsis
1231 4892 1402 4950 tamen
1442 4892 1840 4952 clementer'in-

357 4978 386 5015 ιι
416 4978 519 5016 aet.

357 4978 519 5034 utget.

221 5126 229 5151 ι
323 5059 632 5120 Gaudemus
658 5061 715 5118 in
738 5069 798 5120 te
846 5071 1030 5121 nostra
1058 5063 1307 5138 ﬂoruisse
1331 5067 1563 5140 judicia;
1594 5066 1842 5124 laetamur

326 5251 353 5282 ⁸
377 5244 739 5319 ᾼιιεῐηεξηζυω
789 5245 1102 5319 patrimonii
1131 5263 1239 5306 non
1268 5247 1386 5304 sine
1433 5246 1622 5319 labore
1648 5245 1845 5319 quaeri-

259 5319 360 5372 tur.
391 5316 452 5372 L.
483 5316 863 5389 sirdeiunctus,
892 5334 943 5374 c.
973 5318 1131 5374 arbit.
1189 5322 1274 5374 tit.
1305 5316 1762 5389 quemadmodum
1789 5324 1847 5378 et

297 5390 504 5444 ecunia.
528 5388 589 5443 L.
621 5388 766 5459 quod
793 5391 840 5445 si
872 5390 1064 5457 minor,
1095 5406 1140 5446 s.
1167 5387 1428 5456 Scaevbla,
1453 5388 1514 5442 D.
1548 5387 1840 5459 demiuor.

331 5461 520 5516 nelicia
548 5458 931 5517 ecclesiastica.
950 5476 1067 5531 cap.
1082 5476 1263 5531 super.
1280 5460 1348 5516 de
1376 5466 1591 5514 renunt.
1607 5458 1846 5531 bonoris

264 5539 565 5598 augmenta.
622 5531 686 5588 L.
718 5541 912 5588 contra
948 5528 1241 5602 publicam,
1281 5546 1331 5586 c.
1361 5531 1431 5586 de
1457 5546 1518 5585 re
1546 5528 1704 5585 milit.
1740 5531 1848 5602 sti-

333 5602 454 5660 udia
506 5604 666 5676 longo
703 5603 920 5661 sudore.
951 5599 1031 5658 ’L.
1072 5603 1165 5658 tiu.
1207 5619 1261 5659 c.
1287 5602 1356 5659 de
1399 5617 1548 5659 omn.
1578 5613 1696 5670 agr.
1724 5599 1843 5658 des.

308 5687 445 5730 ROSS.

333 5741 361 5781 ιι
391 5743 561 5803 iuret.
595 5747 726 5817 legit
752 5747 1084 5803 adunatione.
1116 5746 1192 5802 Ea
1220 5762 1328 5802 vox
1355 5745 1612 5817 frequens,
1633 5742 1848 5817 Cassio-

268 5809 418 5883 doro,
447 5824 510 5891 ut
530 5809 732 5891 lib.‘iv,
763 5835 849 5890 ep.
875 5818 946 5874 53
982 5828 1038 5874 et
1060 5819 1151 5885 36,
1182 5828 1237 5877 et
1258 5819 1352 5878 lib.
1380 5809 1548 5891 v,ep.
1581 5816 1635 5884 ’5,
1665 5824 1723 5875 et
1748 5816 1846 5876 lib.

265 5892 345 5958 ut,
372 5901 459 5966 ep.
490 5888 544 5948 1.
568 5888 816 5948 Adunate
843 5891 1158 5948 sententias.

1868 4606 1922 4670 D

1940 3318 2214 3391 spondens
2259 3318 2421 3374 etiam
2451 3326 2666 3373 centum
2696 3332 2891 3373 aureos
2931 3315 2982 3384 δ,
3010 3318 3055 3374 si
3084 3317 3204 3388 quis
3232 3317 3347 3372 haec
3366 3316 3536 3371 sacri-

1939 3413 2058 3483 lega
2080 3411 2312 3484 prodere
2341 3410 2483 3466 furta
2513 3411 2792 3478 maluerit;
2825 3417 3092 3481 quatenus
3115 3409 3402 3465 uromissio
3433 3425 3532 3464 no-

1939 3512 2066 3560 stra:
2102 3502 2409 3559 serenitatis
2436 3502 2679 3573 trepidos
2705 3501 2773 3557 ad
2823 3518 2973 3574 spem
3004 3501 3363 3558 confessionis
3388 3501 3531 3556 invi-

1940 3603 2038 3659 tet,
2065 3594 2211 3665 quod
2243 3595 2406 3650 etiam
2436 3593 2506 3650 ad
2537 3602 2591 3650 te
2617 3595 2885 3650 destinata
2916 3583 3090 3651 edicta
3115 3595 3534 3666 proloquuntur.

1941 3688 2048 3744 Sed
2069 3705 2192 3744 cum
2235 3688 2351 3744 haec
2377 3696 2558 3752 tamen
2601 3688 2750 3757 jussa
2780 3687 3230 3759 promulgaveris,
3263 3686 3310 3742 si
3360 3685 3541 3739 adhuc

1940 3781 2152 3840 facinus
2189 3790 2399 3838 secreta
2443 3780 2772 3850 velaverint,
2831 3783 2955 3852 post
3004 3782 3146 3839 diem
3177 3777 3539 3835 venerabilem

1941 3875 2187 3932 locorum
2229 3872 2465 3930 artifices
2509 3873 2675 3930 facias
2723 3876 3088 3944 congregari:
3136 3889 3166 3927 a
3216 3874 3411 3942 quibus
3440 3870 3539 3925 sub

1946 3978 2157 4025 terrore
2177 3969 2433 4039 perquire
2453 3982 2560 4037 quo
2583 3969 2830 4024 ministro
2858 3967 3019 4023 fuerit
3040 3971 3430 4036 perpetratum.
3455 3961 3539 4016 Ab

1943 4061 2209 4131 imperitis
2237 4060 2383 4118 enim
2412 4061 2603 4117 harum
2655 4076 2838 4117 rerum
2886 4067 3079 4116 statum
3124 4055 3296 4112 facilis
3323 4053 3536 4110 eversio

1942 4167 2054 4209 non
2082 4152 2290 4219 fuisset,
2318 4152 2424 4209 nisi
2452 4167 2574 4209 eam
2596 4159 2860 4208 tentasset
2885 4163 3106 4205 movere
3133 4146 3255 4203 loco
3283 4143 3542 4215 magistra

1943 4244 2314 4316 praawmptio.

2356 4378 2468 4450 π
2497 4375 2838 4434 EPISTOLA
2873 4375 3113 4444 XXXVI,

2259 4487 2377 4528 ειη
2413 4486 2649 4529 εωατωι
2683 4486 3006 4532 TBEODOBICI
3038 4483 3209 4526 REGIS.

1950 4566 2218 4625 Promittit
2243 4585 2339 4624 rea:
2367 4576 2571 4624 centum
2601 4583 2785 4622 aureos
2807 4575 2856 4622 et
2897 4566 3131 4622 criminis
3158 4563 3540 4636 indulgentiam
3615 4573 3622 4578 ‘

2019 4642 2070 4696 ei
2109 4641 2195 4714 qui
2225 4641 2420 4712 furtum
2463 4647 2652 4714 statum
2698 4654 2855 4714 amere
2889 4646 3071 4714 sponte
3112 4633 3375 4714 retexerit.
3411 4633 3543 4714 um

2018 4705 2288 4767 minitatur
2325 4719 2537 4766 mortem
2584 4711 2631 4765 ei
2660 4711 2744 4783 qui
2775 4705 3011 4764 celaverit
3040 4710 3263 4781 culpam,
3298 4718 3348 4762 et
3369 4705 3540 4760 alieno

2017 4783 2213 4838 indicio
2239 4783 2466 4838 detectus
2497 4783 2670 4854 fuerit.

2016 4874 2273 4943 Quamvis
2318 4876 2385 4932 ad
2413 4875 2776 4946 proditionem
2829 4874 3051 4931 sceleris
3096 4873 3340 4930 relaxata
3379 4868 3541 4925 nimis

1944 4983 2107 5043 paena
2128 4969 2380 5040 sufﬁciat,
2413 4984 2515 5025 nec
2535 4981 2764 5040 parvum
2803 4967 2874 5024 sit
2901 4983 3096 5024 munus
3147 4963 3380 5021 audacim
3407 4977 3541 5032 sup-
3633 5041 3635 5044 q

1943 5064 2091 5136 plicii
2115 5063 2417 5121 declinasse
2442 5069 2727 5133 terrorem,
2751 5060 3001 5121 addimus
3018 5069 3204 5116 tamen
3233 5056 3538 5129 prtemium,
3609 5113 3620 5120 _

2027 5259 2059 5288 ολ
2083 5247 2161 5304 De
2181 5250 2334 5317 cujus
2358 5247 2572 5304 ratione
2606 5247 2972 5319 praescribitur
2994 5241 3334 5319 imperatoris
3363 5239 3544 5298 Zeno«

1951 5321 2037 5448 Bis
2063 5315 2399 5445 celiustitutio,
2428 5319 2524 5376 lib.
2571 5315 2646 5378 vit
2692 5319 2817 5378 cod.
2849 5320 2918 5377 de
2966 5315 3218 5373 ratiocin.
3259 5328 3412 5385 oper.
3445 5328 3545 5384 pu-

2011 5407 2078 5446 lC.
2155 5407 2278 5448 onu.

2011 5407 2078 5446 IC.
2113 5407 2141 5445 l‘
2155 5407 2278 5448 ORN.

2023 5461 2049 5500 ά
2082 5462 2304 5518 Furtum
2349 5462 2609 5519 iudicanti
2656 5462 2937 5533 praemium
2984 5457 3344 5533 proponitur,
3389 5452 3547 5533 quod

1953 5537 2010 5589 et
2053 5534 2175 5603 jure
2215 5534 2290 5588 fit.
2318 5533 2380 5590 L.
2419 5535 2501 5601 16,
2533 5524 2730 5618 solent,
2777 5532 2844 5589 de
2864 5524 3058 5657 praesc.
3089 5524 3266 5594 verb.;
3296 5524 3335 5582 l.
3383 5525 3470 5591 15,
3501 5524 3548 5581 si

1953 5605 2309 5657 Balsatnram.
2342 5621 2390 5657 c.
2420 5606 2484 5657 de
2514 5606 2770 5657 ﬁdemss.:
2803 5605 2838 5657 I.
2903 5645 2916 5657 .
2940 5604 2977 5656 ι.
3010 5603 3065 5657 5.
3093 5602 3159 5656 D.
3190 5599 3258 5654 de
3283 5597 3444 5654 cond.
3475 5596 3548 5651 ob

1952 5596 2309 5668 Balsatoram,
2342 5621 2390 5662 c.
2420 5596 2770 5676 auﬁdum;
2803 5605 2838 5658 l.
2864 5596 2916 5670 4,
2940 5604 2977 5656 l.
3007 5602 3159 5676 ᾗχι).
3190 5599 3258 5654 de
3271 5597 3444 5676 cond.
3475 5596 3548 5676 o_b

1955 5685 2062 5732 tur.
2092 5693 2241 5734 caus.
2274 5677 2340 5730 Et
2365 5671 2590 5731 Athenis
2612 5671 2874 5731 usitatum
2906 5690 2974 5730 ex
3001 5671 3180 5728 Suidm
3200 5671 3551 5728 collectaneis

1955 5747 2012 5804 in
2047 5750 2293 5818 Diagora,
2324 5747 2482 5803 Melie
2512 5747 2917 5818 etWAmmonio,
2950 5745 3004 5802 in
3025 5744 3263 5802 dictione
3298 5739 3548 5816 ἔπικηρὺο

1957 5823 2040 5889 ξαι
2067 5817 2414 5877 manifestum
2441 5826 2540 5875 est.
2577 5817 2813 5875 Fonusn.

3604 5303 3644 5333 τ.
