3992 6466
444 346 549 409 567

1673 338 1745 400 Μ.
1787 339 2059 403 AURELII
2096 337 2492 400 CASSIODORI

443 463 589 535 quod
612 461 812 519 habere
862 460 1168 518 innocentia
1222 457 1361 518 solet
1390 478 1403 514 :
1448 471 1555 516 non
1583 459 1709 530 quia
1737 460 2023 516 commissa
2050 462 2103 525 Α
2127 458 2411 513 solutionis
2432 454 2669 513 accedit:
2698 454 2791 527 qui
2817 457 3135 515 memoratis
3164 456 3599 533 negotiatoribus
3631 477 3743 520 no-

443 545 783 624 placuerunt,
808 550 903 606 sed
924 550 1161 608 delectat
1182 567 1283 609 nos
1310 550 1594 607 muniﬁcos
1618 563 1739 608 esse
1760 550 1814 605 in
1842 562 2026 605 amore

442 644 709 701 vindicta).
744 646 1085 715 Quapropter
1136 643 1415 714 praesentis
1462 642 1623 699 edicti
1660 641 2029 712 unusquisque

439 736 765 791 auctoritate
813 742 1127 806 cognoscat,
1176 743 1391 791 centum
1442 750 1501 791 se
1552 748 1747 791 aureos
1776 733 2027 802 largitate

440 834 627 883 nostra
654 829 974 898 promereri,
1006 828 1050 883 si
1088 827 1281 897 prodat
1306 828 1398 897 qui
1419 836 1653 883 statuam
1681 827 1748 883 de
1776 826 2028 883 Comensi

351 976 354 989 λ
443 920 667 977 civitate
694 922 965 992 rapuerit;
996 928 1054 978 et
1080 921 1147 976 de
1172 936 1271 977 suo
1299 920 1443 979 facto
1473 922 1640 995 (quod
1668 923 1902 978 maxime
1924 938 2027 979 no-

439 1027 571 1067 cens
609 1011 859 1085 requirit)
911 1012 1311 1083 indulgentiam
1354 1031 1414 1072 se
1461 1017 1672 1072 noverit
1698 1016 2025 1073 habiturum.

443 1102 644 1158 Damus
672 1104 726 1159 in
754 1119 905 1160 aeneo
933 1104 1252 1174 compendio
1274 1119 1494 1161 aureum
1516 1123 1739 1168 munus;
1764 1114 1821 1163 et
1838 1106 2028 1161 metal-

440 1193 517 1261 la,
547 1209 667 1265 qua:
696 1195 938 1251 invenire
956 1211 1241 1267 possumus
1269 1197 1607 1267 pretiosiora,
1636 1198 1891 1266 largimur
1916 1216 1927 1249 :
1964 1196 2028 1252 il-

445 1284 538 1339 lud
576 1287 755 1355 potius
803 1287 907 1342 hac
957 1287 1278 1344 liberalitate
1306 1290 1648 1354 redimentes,
1680 1303 1750 1343 ne
1786 1295 2029 1343 transeat

442 1376 497 1430 in
528 1393 705 1444 usum,
737 1378 884 1448 quod
929 1387 1143 1435 constat
1198 1394 1315 1435 esse
1351 1380 1702 1450 prohibitum.
1733 1378 1864 1447 Quis
1892 1392 2026 1449 ergo

444 1478 593 1525 tanta
624 1471 863 1526 stultitite
918 1472 1157 1528 caecitate
1185 1472 1487 1537 damnetur,
1513 1481 1571 1527 ut
1618 1473 1826 1528 dubitet
1854 1487 2028 1527 erum—

441 1577 592 1631 pere,
640 1564 853 1632 quando
909 1572 964 1619 et
1004 1566 1349 1620 securitatem
1402 1567 1624 1637 reperit,
1653 1575 1709 1621 et
1746 1567 2025 1636 prtemium

439 1651 793 1709 confessionis
840 1654 1105 1723 acquirit?
1145 1654 1203 1710 Si
1230 1657 1348 1724 quis
1375 1665 1553 1711 autem
1582 1657 2024 1713 dissimulandum

440 1744 579 1800 forte
602 1746 908 1813 crediderit,
940 1761 1170 1817 eumque
1190 1747 1371 1818 aliquo
1392 1750 1633 1805 veritatis
1659 1750 1856 1805 indicio
1877 1763 2026 1805 sere-

2128 557 2351 606 scuntur
2377 559 2649 606 mutuasse
2677 551 2988 620 pecuniam,
3019 551 3281 607 celsitudo
3312 560 3402 607 tua
3434 552 3600 608 faciat
3633 555 3744 609 ad.

2127 640 2338 695 moneri
2363 655 2432 695 ne
2455 641 2509 695 in
2530 640 2635 697 hoc
2662 640 2864 695 biennii
2892 642 3071 711 spatio
3096 642 3387 712 quidquam
3419 642 3491 698 de
3517 644 3738 700 credita

2127 744 2339 785 summa
2389 730 2658 785 aestiment
2702 730 3116 800 postulandum,
3172 740 3439 800 quatenus
3480 734 3581 788 sub
3632 734 3726 787 in—

2127 820 2301 877 duciis
2354 823 2678 893 supradictis
2728 832 2784 878 et
2820 822 3001 877 datam
3032 823 3245 892 possint
3270 839 3530 894 reparare
3557 840 3738 894 pecu-

2128 914 2292 982 niam,
2318 924 2375 970 et
2398 915 2734 985 aliquatenus
2752 913 3059 970 debitorum
3079 914 3263 971 valeat
3300 917 3575 986 respirare
3602 919 3741 973 sub-

2126 1008 2346 1063 stantia.
2395 1008 2533 1076 Quid
2576 1009 2719 1063 enim
2765 1007 2979 1079 proiicit
3022 1008 3347 1064 creditorem
3400 1024 3460 1064 se
3511 1024 3735 1078 urgere,

2125 1101 2343 1170 quando
2390 1101 2664 1159 incassum
2714 1102 2905 1156 nititur
2948 1100 3180 1157 nudatos
3223 1103 3479 1172 exigere?
3518 1103 3738 1169 Quibus

2126 1196 2295 1264 magis
2316 1196 2691 1266 prospicimus,
2719 1196 2765 1253 si
2793 1195 2862 1251 ad
2890 1202 3135 1253 mutuata
3154 1195 3470 1252 sustinendo
3520 1210 3730 1267 perve-

2127 1286 2246 1343 nire
2272 1285 2555 1345 faciamus.

2612 1418 2946 1476 EPISTOLA
2983 1417 3221 1475 XXXIX.

2330 1527 2538 1569 Διοιςιο
2576 1526 2914 1568 ARCHITECTO
2965 1524 3329 1566 THEODOBICUS
3370 1526 3503 1566 REX.

2126 1603 2406 1679 Signiﬁcat
2436 1624 2527 1661 rea:
2556 1624 2611 1662 se
2639 1623 2820 1677 cupere
2849 1608 3090 1676 Aponum
3118 1608 3333 1676 fontem,
3367 1608 3519 1677 cujus
3550 1606 3736 1663 varias

2196 1680 2405 1732 virtutes
2432 1680 2679 1738 qraphice
2708 1676 2968 1738 describit,
3001 1677 3166 1738 reﬁci.
3197 1676 3347 1738 Quod
3384 1687 3441 1729 ut
3479 1694 3736 1738 prospere

2196 1677 2405 1732 virtutes
2432 1680 2679 1749 graphice
2708 1677 2968 1741 describit,
3001 1677 3166 1747 reﬁci.
3197 1677 3347 1738 Quod
3384 1687 3441 1729 ut
3477 1694 3737 1747 prospere

2198 1750 2460 1813 succedat,
2506 1748 2651 1820 jubet
2680 1748 2948 1820 antiquam
2972 1748 3081 1801 illic
3112 1747 3457 1820 ardiﬁciorum
3486 1749 3738 1801 solidita-

439 1842 581 1897 nitas
609 1850 795 1898 nostra
826 1843 1108 1909 detexerit,
1141 1842 1330 1899 ultimo
1372 1858 1433 1901 se
1481 1846 1693 1900 noverit
1719 1845 2022 1901 discrimine

2201 1828 2303 1873 tem
2330 1818 2589 1881 innovari,
2620 1819 2873 1901 palatium
2892 1834 3090 1888 quoque
3115 1818 3271 1887 longa
3292 1827 3564 1871 senectute
3584 1834 3737 1889 quas.

443 1941 466 1970 ⁸
500 1935 835 2005 rapiendum.
865 1936 1145 2004 Indignum
1176 1945 1256 1991 est
1275 1937 1418 1992 enim
1448 1947 1508 1993 ut
1535 1940 1626 2009 qui
1664 1948 1924 2008 respuunt
1943 1939 2027 1994 in-

440 2025 769 2095 dulgentiam
794 2035 1059 2096 nostram,
1088 2028 1313 2085 detectis
1348 2038 1538 2100 postea
1577 2030 1894 2101 suifragetur
1921 2031 2025 2086 hu-

446 2117 696 2173 manitas.

910 2252 1247 2311 EPISTOLA
1284 2252 1552 2309 XXXVII.

542 2358 742 2399 FAUSTO
772 2360 1062 2401 PREFECTO
1091 2362 1371 2402 PRETORIO
1403 2360 1765 2403 THEODORICUS
1790 2362 1913 2402 REX.

441 2433 686 2489 Concedit
713 2454 805 2491 rea:
836 2437 1118 2508 Spoletinis
1167 2440 1356 2493 civibus
1404 2441 1472 2492 ad
1497 2440 1864 2496 exhibitionem
1897 2439 2028 2495 ther-

540 2524 744 2568 marum
771 2524 929 2579 supra
967 2510 1403 2576 consuetudinem,
1437 2511 1595 2564 aliam
1626 2512 1912 2565 millenam.

512 2618 832 2675 Provectum
856 2622 958 2694 [ed.
977 2664 991 2688 ,
1017 2622 1368 2695 Proventum]
1409 2623 1561 2693 regni
1580 2625 1753 2680 nostri
1780 2623 2027 2693 benigni-

438 2714 521 2763 tas
548 2708 710 2764 debet
734 2711 995 2777 aemulari,
1029 2720 1089 2766 ut
1119 2720 1325 2768 tantum
1352 2714 1658 2770 humanitas
1691 2715 1900 2771 relaxet
1926 2714 2028 2772 do-

437 2809 507 2852 na
544 2808 804 2869 quantum
854 2804 1071 2872 respub.
1115 2804 1354 2874 suscepit
1398 2814 1706 2873 augmenta.
1738 2805 1855 2860 Non
1883 2806 2027 2861 enim

436 2888 594 2945 aliter
618 2890 891 2947 laudatum
920 2892 1139 2949 modum
1186 2909 1473 2963 possumus
1502 2896 1796 2967 custodire,
1826 2898 1928 2953 nisi
1958 2899 2025 2955 ad

436 2980 927 3040 considerationem
956 3000 1136 3041 rerum
1184 2996 1430 3043 nostrum
1458 2988 1749 3046 debeamus
1789 2991 2027 3048 excitare

431 3078 787 3153 propositum.
815 3076 963 3136 Inter
981 3086 1063 3136 tot
1088 3080 1230 3136 enim
1261 3081 1521 3153 quotidie,
1540 3081 1652 3139 Deo
1674 3084 2026 3156 propitiante,

432 3179 730 3235 successus,
764 3170 1067 3227 tenacitatis
1116 3180 1259 3227 esset
1287 3172 1477 3229 vitium
1522 3183 1750 3244 angusta
1779 3175 2025 3245 largitate

432 3262 765 3312 contentum.
805 3258 981 3329 Atque
1027 3260 1148 3316 ideo
1201 3261 1427 3317 illustris
1482 3265 1877 3331 magniﬁcentia
1935 3277 2024 3323 tua

433 3348 686 3414 prtesenti
715 3352 1039 3406 auctoritate
1060 3362 1371 3420 cognoscat,
1404 3354 1695 3429 Spoletinis
1723 3356 1927 3413 civibus
1955 3358 2025 3414 ad

435 3438 821 3496 cxhibitionem
869 3443 1198 3498 thermarum
1252 3444 1482 3516 [Accur.,
1532 3446 1832 3518 tertiarum]
1860 3464 2025 3519 supra

433 3532 901 3603 consuetudinem,
950 3535 1108 3590 aliam
1138 3536 1412 3592 millenam
1466 3553 1588 3595 esse
1640 3539 2020 3611 deputandam.

432 3619 695 3692 Cupimus
729 3625 871 3679 enim
900 3627 1131 3682 libenter
1160 3628 1468 3699 impendere
1495 3644 1615 3700 quae
1643 3631 1709 3685 ad
1738 3632 2025 3689 salubrita-

442 3722 550 3769 tem
596 3716 791 3773 civium
831 3721 1080 3779 novimus
1125 3723 1441 3794 pertinere:
1487 3724 1613 3794 quia
1667 3724 1853 3781 laudes
1896 3733 2024 3783 sunt

437 3816 749 3866 nostrorum
776 3819 1099 3885 temporum,
1124 3815 1395 3873 celebrata
1418 3816 1613 3886 gaudia
1640 3816 1981 3887 populorum.

893 3946 1229 4005 EPISTOLA
1265 3948 1549 4006 XXXVIII.

537 4073 742 4116 FAUS'I'O
772 4075 1064 4119 PREFECTO
1094 4078 1376 4120 PRETORIO
1407 4078 1773 4121 THEODORICUS
1801 4081 1928 4122 REX.

433 4148 685 4229 Prohibet
720 4169 785 4207 ne
814 4152 1081 4229 Sipontini
1109 4157 1457 4229 negotiatores
1486 4156 1709 4229 hostium
1738 4157 2020 4229 depopula-

502 4223 641 4301 tione
668 4223 885 4291 vastati,
901 4242 993 4295 per
1013 4226 1138 4297 juge
1165 4223 1426 4280 biennium
1455 4226 1517 4280 ob
1540 4223 1846 4284 solutionem
1869 4223 2013 4301 ﬁsci,

420 4322 421 4331 ι
502 4302 551 4345 et
580 4292 643 4346 ob
672 4310 730 4347 ea
751 4311 865 4365 qua:
892 4292 1402 4366 mutuovacceperant
1433 4308 1698 4352 vexentur.
1752 4346 1754 4349 ,

505 4384 646 4453 Opes
667 4394 878 4442 nostras
905 4388 1150 4459 cupimus
1180 4389 1435 4445 thesauro
1455 4390 1673 4460 pietatis
1696 4391 1908 4463 augeri:
1933 4406 2020 4448 ex-

434 4482 710 4529 secrantes
757 4479 1060 4546 commoda,
1113 4494 1232 4550 quae
1261 4481 1416 4537 nobis
1456 4491 1775 4539 vexatorum
1820 4482 2021 4539 fuerint

2199 1900 2368 1944 satum
2396 1900 2653 1961 reparari.

2197 2002 2255 2058 Si
2284 2002 2466 2058 audita
2491 2011 2737 2058 veterum
2762 2000 3023 2057 miracula
3050 1999 3117 2055 ad
3132 2000 3345 2056 laudem
3373 2009 3586 2057 nostra:
3616 2003 3733 2058 cle-

2126 2092 2346 2149 mentiae
2374 2092 2625 2148 volumus
2662 2091 2944 2148 continere
2987 2092 3268 2163 (quoniam
3312 2100 3614 2161 augmenta
3644 2108 3735 2148 re-

2127 2181 2260 2252 galis
2286 2182 2471 2251 gloriae
2496 2190 2640 2249 sunt,
2693 2197 2815 2237 cum
2872 2180 2971 2237 sub
3000 2181 3156 2237 nobis
3185 2182 3332 2236 nulla
3357 2181 3733 2252 decrescunt),

2126 2285 2236 2341 quo
2262 2272 2439 2327 studio
2467 2271 2722 2326 convenit
2768 2270 3011 2339 reparari
3057 2270 3206 2340 quod
3232 2279 3290 2327 et
3316 2273 3527 2328 nostris
3559 2271 3736 2326 oculis

2127 2362 2441 2433 frequenter
2466 2370 2681 2419 constat
2727 2361 2957 2418 offerri?
2984 2361 3231 2418 Delectat
3271 2363 3414 2417 enim
3461 2363 3735 2418 salutiferi

2127 2454 2306 2525 Aponi
2334 2455 2646 2511 meminisse
2698 2455 3021 2524 potentiam,
3052 2462 3111 2509 ut
3141 2454 3413 2524 intelligas
3443 2470 3557 2526 quo
3588 2456 3737 2511 desi-

2128 2548 2281 2605 derio
2304 2547 2551 2618 cupimus
2578 2544 2823 2611 reficere,
2847 2544 2992 2615 quod
3020 2543 3090 2599 de
3119 2546 3384 2600 memoria
3412 2554 3608 2601 nostra
3637 2562 3735 2602 ne-

2129 2639 2233 2697 scit
2251 2638 2419 2694 exire.
2444 2633 2747 2690 Caeruleum
2773 2634 2979 2690 lontem
3003 2634 3232 2689 vidimus
3253 2634 3310 2689 in
3338 2632 3574 2691 formam
3600 2637 3731 2693 dolii

2130 2728 2383 2785 concavis
2437 2725 2672 2781 hiatibus
2723 2732 3063 2791 aestuantem,
3093 2733 3150 2779 et
3178 2723 3431 2780 fornaces
3456 2725 3729 2780 anhelitu-

2130 2822 2264 2878 tium
2294 2835 2553 2890 aquarum
2602 2818 2972 2874 circumducto
3022 2817 3184 2872 tereti
3231 2817 3376 2874 labio
3406 2818 3528 2889 (ms.
3561 2820 3727 2886 Λεὼ,

2129 2913 2432 2970 tentilabio.
2456 2911 2559 2965 Ed.
2593 2908 2718 2965 Niv.
2742 2919 2789 2965 et
2812 2909 2989 2978 Gam.,
3016 2906 3329 2982 tentilatio],
3360 2920 3574 2967 natura;
3602 2927 3729 2982 pro—

2128 3005 2294 3062 babili
2322 3002 2672 3075 dispositione
2720 3010 3007 3058 coronatas
3037 3017 3052 3067 ;
3082 3016 3204 3071 qua:
3233 3002 3381 3070 licet,
3412 3018 3569 3059 more
3591 3004 3727 3060 cali-

2129 3096 2229 3162 (ιω,
2260 3095 2549 3152 nebulosus
2575 3108 2805 3165 vapores
2840 3092 3113 3159 exhalent,
3143 3092 3286 3151 hanc
3314 3102 3496 3149 tamen
3517 3095 3725 3164 jucun-

2128 3184 2253 3241 dam
2281 3185 2720 3257 perspicuitatem
2750 3183 3054 3255 aspectibus
3081 3182 3332 3239 humanis
3360 3186 3635 3255 aperiunt,
3662 3194 3722 3241 ut

2127 3279 2302 3350 quivis
2329 3279 2609 3335 hominum
2635 3278 2779 3333 illam
2822 3278 3049 3347 gratiam
3078 3278 3352 3335 desideret
3380 3283 3721 3352 contingere,

2129 3374 2292 3431 etiam
2323 3388 2445 3429 cum
2474 3388 2583 3427 non
2626 3373 2837 3441 ignoret
2862 3370 3073 3426 ardere.
3106 3370 3212 3427 Ore
3238 3373 3553 3444 plenissimo
3587 3380 3636 3441 τ’,
3667 3377 3721 3431 in

2125 3466 2348 3536 sphaerae
2393 3462 2762 3527 similitudine,
2804 3476 2965 3532 supra
2996 3462 3254 3520 terminos
3292 3478 3419 3519 suos
3456 3480 3723 3535 aquarum

2125 3556 2285 3613 dorsa
2308 3562 2637 3626 turgescunt.
2664 3552 2818 3609 Unde
2852 3563 2873 3591 ε
2918 3553 3062 3609 latex
3103 3561 3253 3609 tanta
3281 3555 3463 3624 quiete
3513 3556 3721 3623 defluit,

2124 3655 2276 3703 tanta
2300 3646 2455 3718 quasi
2472 3644 2762 3701 stabilitate
2776 3644 3040 3710 decurrit;
3076 3651 3136 3699 ut
3151 3659 3274 3700 eum
3298 3660 3408 3701 non
3423 3654 3586 3716 putes
3612 3663 3724 3703 cre-

2123 3755 2297 3806 scere,
2308 3739 2411 3796 nisi
2424 3740 2549 3809 quia
2564 3737 2687 3793 inde
2698 3736 2895 3807 aliquid
2908 3751 3073 3793 rauco
3087 3751 3359 3795 murmure
3368 3741 3540 3795 sentis
3550 3742 3720 3796 exire.

2123 3833 2229 3904 37
2260 3831 2498 3886 Veniunt
2526 3844 2680 3901 aquae
2708 3843 2806 3899 per
2847 3828 3089 3897 algentes
3116 3837 3326 3885 meatus
3372 3829 3468 3885 tali
3510 3831 3724 3886 fervore

2122 3937 2421 3991 succensaa,
2468 3929 2529 3977 ut
2575 3928 2700 3993 post
2744 3936 2969 3977 recurva
3014 3922 3204 3991 spatia,
3251 3936 3371 3991 qua:
3418 3932 3538 3977 artc
3580 3924 3721 3977 facta

2121 4024 2247 4074 sunt
2276 4014 2541 4083 longiora,
2590 4013 2800 4071 calores
2827 4013 2936 4067 sint
2962 4012 3227 4067 maximos
3264 4010 3557 4068 redditura:
3590 4014 3723 4087 [cd.,

2122 4107 2178 4162 in
2206 4105 2415 4163 calores
2443 4104 2678 4160 maxime
2704 4111 2830 4159 sunt
2852 4100 3147 4172 rediturae].
3170 4100 3214 4155 Ο
3240 4102 3483 4172 magistri
3514 4104 3719 4158 miran-

2122 4196 2250 4252 dum
2278 4210 2493 4265 semper
2541 4192 2839 4263 ingenium,
2883 4199 2944 4247 ut
2974 4199 3181 4246 natura:
3222 4190 3450 4246 furentis
3498 4192 3725 4249 ardores

2122 4287 2199 4343 ita
2244 4286 2310 4341 ad
2359 4285 2648 4341 utilitatem
2695 4283 2917 4339 humani
2960 4283 3204 4353 corporis
3251 4290 3606 4353 temperaret,
3666 4292 3726 4341 ut

2122 4378 2268 4450 quod
2300 4378 2354 4433 in
2376 4377 2585 4446 origine
2614 4376 2743 4432 dare
2764 4382 2979 4447 poterat
2998 4382 3252 4441 mortem,
3274 4375 3591 4432 doctissime
3612 4392 3726 4434 mo-

2122 4473 2369 4529 deratum
2391 4478 2445 4527 et
2463 4470 2882 4526 delectationem
2911 4467 3174 4523 tribueret
3191 4476 3247 4524 et
3265 4469 3527 4524 salutem!
3560 4469 3725 4525 Juvat

435 4565 828 4625 calamitatibus
881 4572 1162 4643 acquisita.
1194 4572 1419 4631 Molesta
1472 4583 1557 4630 est
1610 4576 1779 4630 illatio
1820 4582 2018 4632 nostrre
2042 4589 2096 4653 Ῑ)
2122 4567 2305 4624 Videre
2333 4574 2624 4627 secretum,
2655 4562 2844 4617 latices
2871 4575 3102 4631 νεροτθε
3146 4560 3336 4630 igneos
3374 4561 3721 4625 exhalantes,

435 4657 752 4727 clementiae,
813 4677 931 4731 quae
957 4661 1214 4730 defletur,
1254 4666 1379 4733 quia
1430 4665 1687 4734 quidquid
1717 4668 1816 4721 sub
1838 4666 2022 4725 laetitia

440 4748 711 4816 penditur,
739 4751 1050 4821 accipientis
1100 4753 1344 4810 laudibus
1372 4754 1691 4824 applicatur.
1731 4754 1888 4813 Urbis
1916 4759 2021 4815 ita-

435 4857 540 4912 que
568 4841 864 4913 Sipontinae
904 4845 1267 4913 negotiatores
1304 4847 1541 4902 hostium
1569 4862 1629 4903 se
1656 4861 1902 4905 asserunt
1927 4851 2023 4908 de-

434 4933 785 5004 populatione
811 4943 1070 4991 vastatus.
1096 4935 1164 4991 Et
1182 4937 1306 5007 quia
1337 4937 1609 5007 egentium
1637 4937 1903 4995 levamina
1922 4956 2022 4998 no-

435 5033 576 5082 stras
604 5027 782 5097 potius
811 5026 1024 5084 divitias
1047 5029 1394 5099 mstimamus,
1425 5031 1646 5088 illustris
1675 5033 2020 5103 magniﬁcen-

435 5118 510 5174 tia
538 5127 633 5176 tua
670 5136 769 5192 per
806 5123 913 5180 huc
951 5124 1080 5196 juge
1106 5124 1383 5182 biennium
1407 5135 1745 5198 nuncupatos
1773 5128 1916 5184 nulla
1940 5127 2019 5185 fa-

434 5210 543 5266 ciat
584 5214 927 5285 coemptione
976 5215 1082 5289 [ed.
1114 5217 1235 5286 Ac.,
1266 5216 1652 5291 commotione]
1680 5221 1886 5276 vexari.
1911 5220 2019 5277 Sed

433 5301 690 5370 quoniam
719 5304 900 5378 lapsos
927 5305 1059 5363 nihil
1079 5307 1346 5366 relevasse
1371 5303 1603 5378 proﬁcit,
1632 5309 1679 5366 si
1708 5324 1845 5367 onus
1873 5308 2020 5367 aliud

514 5540 542 5570 ι
575 5530 618 5585 1.
647 5536 842 5597 morte,
870 5529 1015 5602 quod
1042 5530 1287 5602 ultimum
1317 5531 1660 5602 supplicium,
1689 5539 1746 5585 et
1761 5529 2020 5602 animad-

433 5603 613 5657 versio
636 5602 821 5656 ultima
859 5600 1129 5671 delinitur,
1160 5601 1199 5655 Ι.
1226 5602 1322 5656 ult.
1354 5599 1618 5671 die—poem;
1649 5601 1687 5653 ι.
1720 5599 2023 5671 υιιεςιθᾼδθ-

434 5672 580 5741 pulc.
608 5672 768 5741 viol.;
810 5672 845 5724 Ι.
884 5670 970 5741 ξι,
1002 5685 1204 5731 omnes.
1241 5687 1289 5725 (δ.
1321 5674 1383 5727 de
1408 5666 1563 5741 episc.
1588 5681 1639 5741 et
1660 5671 1785 5723 cler.
1818 5666 2020 5723 Ultima

435 5738 612 5814 poena,
644 5739 791 5814 Suet.
824 5742 873 5814 i_n
896 5739 1055 5814 Julio,
1090 5743 1293 5812 ἐσχάτη
1324 5738 1565 5814 τεμὼρέα,
1600 5738 2021 5814 Harn_icn_op.___ct

440 5808 635 5865 iiovcll.
662 5810 779 5881 l5;
831 5810 1126 5867 Novissima
1154 5808 1420 5881 Exempla,
1456 5808 1690 5868 'Corncl.
1722 5808 1892 5868 Taciti
1922 5809 2015 5877 lib,

437 5898 511 5939 xu
540 5891 594 5940 ct
618 5897 704 5938 xv.
732 5879 971 5939 Fonssn.

2128 4660 2357 4714 amicum
2386 4656 2543 4711 undis
2571 4653 2937 4709 indesinenter
2966 4653 3240 4718 ardorem,
3278 4660 3334 4708 et
3360 4653 3603 4709 calorem
3629 4669 3724 4709 ve-

2125 4750 2243 4804 nire
2271 4748 2501 4803 decursu
2547 4744 2668 4807 rivi,
2699 4744 2841 4799 unde
2885 4742 3145 4799 usualiter
3171 4742 3383 4799 solebat
3427 4745 3722 4813 exstingui.

2125 4840 2318 4895 Merito
2345 4839 2530 4894 dicunt
2554 4835 2861 4908 philosophi
2906 4834 3175 4890 elementa
3202 4834 3303 4889 sibi
3342 4835 3545 4890 mutuis
3573 4850 3727 4890 com-

2125 4929 2375 5002 plexibus
2404 4926 2619 4997 illigari,
2668 4934 2724 4982 et
2762 4924 2993 4980 mirabili
3040 4924 3294 4995 conjungi
3343 4923 3724 4989 fmderatione,
3767 4962 3776 4978 .

2125 5038 2245 5094 qua:
2274 5023 2413 5078 inter
2428 5036 2488 5076 se
2504 5019 2773 5076 contraria
2790 5019 3161 5088 intelliguntur
3175 5020 3439 5075 varietate
3455 5034 3721 5089 pugnare.

2126 5117 2270 5174 Ecce
2298 5114 2605 5172 madentem
2628 5113 2986 5169 substantiam
3013 5128 3243 5184 vapores
3266 5113 3567 5184 producere
3591 5127 3726 5168 con-

2125 5215 2235 5265 stat
2261 5206 2481 5278 ignitus,
2526 5204 2620 5275 qui
2648 5219 2777 5259 mox
2800 5203 2868 5257 ad
2897 5202 3229 5259 thermarum
3257 5202 3486 5258 :edillcia
3522 5202 3722 5257 decora

2126 5309 2509 5378 pervenerunt,
2562 5298 2670 5357 illis
2708 5314 2741 5354 a
2780 5298 3025 5355 cautibus
3065 5297 3212 5355 unda
3254 5295 3614 5359 descendens,
3666 5301 3725 5350 et

2200 5527 2227 5566 δ
2256 5525 2329 5581 Os
2372 5525 2553 5580 fontis.
2589 5522 2713 5578 iufr.
2753 5523 2975 5594 libum,
3022 5524 3177 5594 epist.
3223 5524 3321 5594 ult.
3350 5521 3527 5594 Paulo
3570 5530 3719 5591 post,

2130 5608 2291 5670 caput
2331 5596 2497 5670 fontis
2516 5602 2681 5670 vocat
2712 5611 2725 5648 :
2754 5603 2810 5649 et
2838 5591 3118 5665 Ulpian.—1.
3150 5597 3205 5664 1,
3234 5593 3298 5648 D.
3330 5593 3399 5648 de
3426 5609 3552 5664 aqu.
3585 5603 3721 5662 quot

2131 5665 2213 5725 id:
2234 5677 2289 5723 et
2312 5667 2480 5721 testiv.
2516 5665 2679 5719 FORN.

2202 5752 2224 5779 ε
2259 5737 2575 5792 Perennitas
2624 5750 2811 5803 aquar.
2859 5734 3066 5805 Ulpian.
3100 5736 3136 5789 1.
3172 5736 3223 5802 I,
3258 5735 3285 5805 §
3313 5750 3627 5806 quanquam,
3654 5732 3719 5785 de

2127 5828 2249 5893 aqu.
2281 5807 2474 5893 quotid.
2526 5816 2576 5859 et
2626 5809 2786 5867 a‘stiv.
2816 5806 3103 5893 'Tlt'cophr.
3155 5808 3222 5862 de
3262 5822 3445 5862 rerum
3469 5805 3631 5861 divis.
3660 5806 3721 5893 τῆ

2127 5883 2267 5958 ὕδωρ
2296 5878 2353 5937 τὸ
2377 5882 2574 5940 ἀὲνναον
2602 5878 2875 5951 exposuit.
2907 5878 3067 5935 Fons.
