4018 6348
205 256 310 318 569

1521 235 1886 306 VARIARUM
1927 239 2128 305 LIBER
2166 247 2231 306 ιι.

3400 251 3506 314 570

205 389 331 436 aera
383 383 484 430 sua
526 364 794 442 qualitate
838 361 1139 436 succendit,
1188 373 1246 424 et
1293 372 1442 424 tactu
1489 364 1549 420 tit
1591 365 1808 433 habilis,
1837 365 2149 436 Agraviter
2171 365 2228 420 in
2273 365 2434 436 longa
2458 372 2618 422 aetate
2643 377 2890 438 peccare.
2921 363 3261 442 Quapropter
3285 367 3506 439 antiqua

203 487 324 532 cum
368 473 593 538 recepta
639 462 800 520 fuerit
846 463 902 517 in
948 460 1180 518 lavacris
1215 477 1229 515 :
1259 459 1402 516 unde
1430 473 1539 515 non
1585 463 1800 512 tantum

204 560 462 620 deliciosa
491 555 743 626 voluptas
770 554 1087 624 acquiritur,
1117 559 1379 624 quantum
1407 549 1605 606 blanda
1629 547 1803 604 medi-

205 653 324 709 cina
371 645 666 711 confertur.
720 643 939 700 Scilicet
985 643 1103 700 sine
1151 647 1425 697 tormento
1474 655 1601 696 cura
1627 679 1644 707 ,
1687 639 1806 696 sine

209 747 432 800 horrore
475 738 738 808 remedia,
787 735 991 793 sanitas
1038 735 1325 807 impunita,
1372 731 1566 789 balnea
1614 739 1806 787 contra

209 837 454 893 diversos
479 831 698 888 dolores
728 828 975 900 corporis
995 827 1250 883 attributa
1277 836 1326 881 ι.
1358 824 1488 893 Quae
1517 823 1640 879 ideo
1663 821 1808 893 Apo-

209 945 336 985 num
387 925 575 982 Grzeca
624 922 805 993 lingua
852 920 1182 977 beneﬁcialis
1221 918 1520 976 nominavit
1567 913 1806 985 antiqui-

209 1028 292 1075 tas
319 1017 382 1085 ιι;
431 1024 494 1072 ut
535 1029 758 1071 causam
803 1011 937 1067 tanti
975 1010 1203 1068 remedii
1247 1025 1390 1080 arger
1434 1011 1805 1079 cognosceret,

211 1127 333 1170 cum
361 1110 430 1168 de
459 1108 553 1164 tali
584 1107 804 1164 nomine
833 1103 1057 1160 dubium
1094 1119 1202 1159 non
1249 1103 1496 1158 haberet.
1527 1097 1636 1156 Sed
1667 1097 1811 1153 inter

212 1203 315 1260 alia
360 1201 470 1258 loci
509 1201 679 1271 ipsius
704 1199 871 1264 bona,
913 1194 1046 1252 illud
1074 1209 1291 1265 quoque
1319 1189 1643 1264 stupendum
1687 1202 1810 1246 esse

213 1297 522 1362 didicimus,
551 1291 698 1365 quod
726 1306 831 1346 una
877 1289 1205 1346 fluentorum
1233 1294 1428 1346 natura
1459 1282 1684 1339 diversis
1707 1280 1811 1336 mi-

211 1385 449 1442 nisteriis
489 1382 738 1438 videatur
785 1376 1157 1436 accommoda.
1205 1376 1340 1432 Nam
1387 1373 1635 1446 protinus
1676 1384 1810 1426 saxo

213 1477 544 1548 suscipiente
569 1473 755 1532 collisa
801 1469 1007 1527 inhalat
1033 1470 1221 1541 primae
1249 1467 1458 1524 cellul:e
1479 1462 1810 1522 sudatoriam

213 1572 565 1643 qualitatem;
617 1565 814 1623 deinde
860 1566 916 1620 in
959 1563 1136 1621 solum
1181 1562 1427 1632 mitigata
1456 1558 1811 1620 descendens,

212 1663 411 1721 minaci
442 1661 637 1717 ardore
666 1658 941 1730 deposito,
983 1657 1138 1712 suavi
1181 1652 1578 1726 temperatione
1623 1648 1817 1705 molle-

1909 459 2018 516 illic
2039 459 2392 516 mdiﬁciorum
2420 459 2665 517 soliditas
2688 461 2996 529 innovetur,
3046 469 3108 518 ut
3138 462 3253 520 sive
3274 463 3330 518 in
3357 458 3506 519 ther-

1907 552 2029 617 mis,
2063 552 2176 608 sive
2204 551 2259 608 in
2288 551 2552 608 cuniculis
2601 551 2764 608 fuerit
2805 553 3008 623 aliquid
3035 554 3416 626 reparandum,
3449 561 3506 610 te

1907 643 2107 700 debeat
2129 645 2445 702 imminente
2467 645 2790 702 reconstrui.
2809 644 3054 716 Virgulta
3067 661 3282 718 quoque
3295 647 3457 704 noxia
3475 644 3504 685 ἀ

1909 735 2319 806 importunitate
2349 737 2647 805 nascentia,
2697 735 2898 792 evulsis
2933 735 3228 806 cespitibus
3255 737 3504 793 auieran-

1910 833 2000 883 tur
2024 846 2038 882 :
2070 843 2142 884 ne
2165 829 2404 886 radicum
2448 829 2668 900 quidam
2697 829 2877 900 capilli
2919 829 3176 900 paulatim
3205 837 3504 901 turgentes,

1909 919 2234 978 fabricarum
2279 923 2576 980 visceribus
2625 922 2948 990 inserantur,
3003 930 3058 977 et
3103 937 3258 978 more
3287 923 3505 993 vipereo

1911 1014 2119 1086 prolem
2149 1015 2250 1072 sibi
2288 1015 2618 1072 fecunditate
2646 1016 2919 1071 contraria
2968 1015 3229 1082 nutriant,
3278 1014 3420 1069 unde
3449 1029 3509 1069 se

1911 1112 2174 1177 compago
2220 1123 2413 1164 casura
2441 1108 2760 1178 disrumpat.
2808 1105 3073 1162 Palatium
3105 1121 3322 1177 quoque
3349 1105 3510 1174 longa

1911 1205 2193 1254 senectute
2219 1207 2529 1269 quassatum
2569 1198 2909 1270 reparatione
2950 1198 3163 1255 assidua
3191 1197 3505 1253 corrobora.

1914 1291 2158 1362 Spatium
2187 1291 2335 1362 quod
2380 1294 2523 1348 inter
2547 1291 2718 1346 mdem
2743 1291 3031 1361 publicam,
3075 1297 3132 1346 et
3158 1297 3323 1361 caput
3349 1287 3505 1358 igniti

1913 1382 2078 1438 fontis
2105 1383 2414 1452 interiacet,
2447 1383 2682 1438 silvestri
2715 1383 3007 1452 asperitate
3029 1383 3288 1454 depurga.
3319 1382 3513 1437 Rideat

1915 1472 2129 1530 ﬂorenti
2158 1474 2402 1545 gramine
2431 1473 2596 1530 facies
2621 1474 2818 1530 decora
2844 1475 3182 1544 campestris,
3209 1489 3329 1543 quae
3349 1475 3514 1530 etiam

1919 1566 2158 1624 ardentis
2189 1581 2344 1639 aquae
2369 1567 2646 1623 fertilitate
2666 1567 2906 1635 laetatur;
2937 1569 3183 1637 miroque
3203 1568 3365 1624 modo
3386 1569 3514 1623 dum

1921 1659 2169 1731 proxime
2194 1659 2364 1715 salem
2405 1667 2628 1729 generet
2668 1659 2928 1724 sterilem,
2979 1659 3184 1714 nutriat
3226 1660 3434 1730 pariter
3461 1665 3516 1714 et

215 1757 353 1822 scit;
383 1769 511 1809 mox
535 1753 590 1808 in
619 1751 854 1808 vicinum
880 1748 1169 1820 producta,
1199 1761 1320 1803 cum
1351 1745 1530 1816 aliqua
1557 1743 1815 1799 dilatione

1934 1757 2144 1812 rirorcs.
2195 1754 2300 1811 Sed
2347 1770 2456 1810 non
2497 1753 2579 1810 his
2629 1761 2839 1810 tantum
2887 1753 3160 1810 beneﬁciis
3207 1751 3515 1808 Antenorea

215 1845 510 1917 torpuerit,
536 1843 708 1899 multo
748 1841 999 1897 blandius
1027 1839 1346 1911 intepescit;
1391 1845 1671 1909 postremo
1698 1835 1817 1906 ipso

214 1949 435 2007 quoque
485 1943 678 2004 tepore
723 1931 1009 2001 derelicto,
1060 1931 1116 1986 in
1161 1929 1427 2000 piscinam
1455 1926 1822 1982 Neronianum

211 2025 406 2095 frigida
437 2032 649 2080 tantum
677 2023 934 2092 efﬁcitur,
955 2029 1217 2092 quantum
1239 2021 1386 2092 prius
1419 2019 1680 2074 ferbuisse
1699 2033 1824 2073 sen-

209 2117 367 2172 titur.
399 2115 520 2172 Non
570 2115 842 2171 immerito
869 2115 1108 2171 auctoris
1134 2114 1217 2170 sui
1245 2113 1574 2185 participans
1597 2126 1822 2176 nomen,

213 2207 430 2276 collega
460 2213 544 2262 est
570 2221 692 2262 cum
725 2205 997 2262 viriditate
1041 2219 1416 2277 gemmarum;
1447 2209 1508 2258 ut
1539 2203 1654 2274 ipsa
1681 2217 1822 2274 quo-

211 2313 320 2369 que
366 2298 526 2354 vitrei
555 2298 812 2354 elementi
841 2297 1026 2354 colore
1052 2298 1354 2368 perspicua,
1405 2294 1666 2366 quasdam
1707 2302 1824 2352 tre-

211 2398 434 2446 mentes
461 2389 636 2446 undas
663 2391 847 2460 quieta
877 2397 1242 2447 commoveat.
1264 2387 1372 2445 Sed
1401 2395 1462 2443 ut
1491 2387 1667 2458 ipsum
1686 2401 1827 2457 quo-

211 2499 320 2554 que
352 2485 632 2541 lavacrum
659 2485 912 2542 mundius
941 2484 1280 2552 redderetur,
1305 2483 1569 2555 stupenda
1589 2481 1824 2555 quadam

207 2576 570 2631 continentia:
599 2575 900 2648 disciplina,
932 2577 988 2632 in
1014 2575 1237 2647 undam,
1293 2590 1402 2646 qua
1441 2575 1547 2630 viri
1570 2588 1826 2630 recrean-

207 2675 320 2736 tur,
378 2667 424 2723 si
471 2667 668 2723 mulier
713 2667 1007 2723 descendat
1038 2676 1086 2734 ε,
1137 2653 1444 2722 incenditur
1489 2671 1826 2734 :propterea

205 2755 364 2827 quod
394 2763 451 2811 et.
478 2757 609 2827 ipsis
629 2757 801 2812 altera
829 2755 1092 2812 exhibitio
1117 2754 1319 2810 decora
1346 2749 1548 2810 collata
1573 2760 1688 2819 est;
1719 2751 1827 2807 sci-

207 2848 373 2919 licet,
424 2864 494 2904 ne
522 2848 832 2905 ardentium
861 2861 1125 2919 aquarum
1161 2843 1603 2904 fecundissimum
1648 2843 1829 2899 locum

202 2955 318 2996 non
353 2939 652 2996 crederent
700 2939 976 3005 habuisse,
1019 2937 1162 2994 unde
1189 2935 1423 3008 plurima
1452 2935 1760 3005 largiretur,
1782 2932 1831 2990 si

159 3079 170 3087 .
204 3045 458 3104 uterque
503 3046 670 3087 sexus
714 3045 826 3085 uno
875 3043 1102 3085 munere
1149 3026 1512 3084 communiter
1561 3031 1826 3081 uteretur.

1923 1854 2068 1903 terra
2099 1846 2327 1903 fecunda
2357 1854 2472 1913 est;
2503 1846 2666 1902 infert
2693 1855 2748 1902 et
2776 1847 2902 1913 alia,
2923 1862 3043 1916 qum
3063 1846 3233 1902 multo
3261 1846 3517 1916 grandius

1923 1939 2296 2010 obstupescas.
2327 1936 2508 1994 Corda
2537 1939 2626 1994 illa
2659 1940 2740 2010 (ut
2769 1939 2843 1994 ita
2863 1937 3115 2009 dixerim)
3144 1939 3428 1999 montium,
3462 1938 3516 1992 in

1922 2032 2096 2089 vicem
2117 2031 2416 2100 secretarii,
2432 2031 2650 2100 negotia
2661 2030 2998 2087 contentiosa
3015 2029 3364 2099 distinguunt.
3383 2027 3517 2082 Nam

1923 2125 1968 2179 si
1990 2124 2110 2195 quis
2137 2123 2278 2180 forte
2304 2138 2476 2194 pecus
2503 2121 2737 2178 furatum
2766 2123 2889 2193 pilis
2927 2122 3124 2177 nativis
3174 2121 3336 2178 solito
3365 2136 3520 2176 more

1924 2216 2160 2287 spoliare
2186 2215 2610 2286 praesumpserit,
2660 2213 2818 2268 undis
2845 2211 3163 2268 ardentibus
3208 2211 3522 2281 frequenter

1925 2309 2262 2375 immersum,
2312 2321 2537 2363 necesse
2593 2313 2676 2363 est
2727 2313 2788 2360 ut
2835 2312 2996 2360 antea
3048 2303 3316 2373 decoquat
3358 2316 3520 2373 quam

1925 2400 2222 2456 emundare
2251 2400 2563 2470 prmvaleat.
2595 2397 2640 2453 Ο
2667 2413 2792 2454 vere
2821 2398 3172 2456 secretarium
3195 2397 3318 2468 jure
3362 2411 3520 2452 reve-

1925 2492 2174 2562 tendum,
2204 2492 2421 2564 quando
2451 2491 2507 2546 in
2533 2490 2619 2572 his
2647 2491 2800 2560 aquis
2828 2505 2936 2545 non
2965 2489 3142 2546 solum
3163 2503 3400 2555 sensum,
3427 2486 3522 2543 sed

1927 2585 2092 2640 etiam
2122 2599 2310 2639 verum
2337 2592 2552 2640 constat
2581 2597 2700 2638 esse
2718 2581 3011 2652 judicium;
3037 2591 3092 2638 et
3118 2581 3264 2653 quod
3286 2581 3522 2636 humana

1929 2676 2116 2744 nequit
2143 2674 2495 2730 altercatione
2523 2673 2762 2740 dissolvi,
2787 2673 3016 2729 fontium
3045 2672 3231 2728 datum
3261 2679 3345 2728 est
3364 2671 3524 2741 tequi-

1929 2776 2042 2836 tate
2070 2767 2301 2823 definiri.
2333 2767 2594 2838 Loquitur
2622 2767 2731 2821 illic
2771 2767 2935 2822 tacita
2966 2774 3181 2834 natura,
3228 2766 3354 2821 dum
3382 2764 3526 2833 judi-

1929 2869 2037 2929 cat,
2068 2869 2125 2916 et
2145 2859 2468 2917 sententiam
2497 2858 2894 2929 quodammodo
2923 2858 3069 2923 dicit,
3101 2873 3221 2928 quae
3250 2857 3526 2930 perfidiam

1931 2953 2178 3024 negantis
2205 2951 2458 3008 excludit.
2493 2949 2602 3006 Sed
2629 2950 2751 3020 quis
2779 2949 2881 3006 ista
2910 2963 3234 3005 conservare
3271 2948 3525 3018 negligat,

1928 3045 2178 3114 quamvis
2204 3044 2435 3116 plurima
2465 3042 2756 3099 tenacitate
2785 3041 3100 3097 sordescat?
3127 3039 3402 3111 Siquidem
3439 3055 3530 3094 or-

201 3123 346 3180 Haec
381 3120 698 3191 perennitas
736 3135 1000 3190 aquarum
1045 3117 1380 3188 intelligendi
1422 3123 1646 3189 prestat
1685 3115 1824 3172 indi-

1935 3143 2030 3192 nat
2049 3115 2294 3208 regnum,
2323 3133 2470 3206 quod
2495 3132 2659 3190 fuerit
2686 3131 3032 3201 singulariter
3055 3139 3173 3188 toto
3203 3131 3335 3188 orbe
3360 3129 3531 3186 nomi-

203 3219 390 3284 cium,
441 3230 541 3286 per
569 3215 754 3284 igneas
777 3222 935 3270 terrae
961 3228 1132 3270 venas
1159 3212 1387 3268 occultis
1431 3211 1700 3267 meatibus
1740 3211 1827 3266 in-

202 3306 487 3364 ﬂuentem
535 3304 771 3372 deintus,
821 3305 875 3358 in
905 3318 1066 3359 auras
1094 3316 1382 3373 erumpere
1422 3301 1635 3357 excocti
1664 3301 1831 3358 fontis

209 3397 488 3468 irriguam
515 3395 827 3466 puritatem.
863 3391 997 3447 Nam
1044 3391 1090 3447 si
1135 3399 1346 3446 naturae
1371 3389 1561 3447 fuisset
1589 3390 1722 3446 illud
1745 3391 1831 3448 in-

209 3487 498 3554 cendium,
540 3487 658 3542 sine
685 3485 907 3541 interitu
947 3483 1263 3540 substantiae
1305 3497 1416 3539 non
1442 3482 1636 3540 fuisset
1661 3483 1829 3540 amis-

210 3597 340 3639 sum
374 3578 483 3653 [ed.
511 3580 606 3634 Ac.
639 3589 689 3634 et
712 3576 868 3644 For.,
899 3573 1234 3646 admissum].
1287 3574 1394 3632 Sed
1424 3590 1576 3646 aqua:
1602 3575 1832 3632 materia

211 3673 516 3740 sensibilis,
551 3671 691 3728 sicut
718 3669 1066 3743 peregrinum
1093 3668 1365 3724 contraxit
1393 3669 1594 3744 ignem,
1626 3668 1704 3724 sic
1729 3667 1834 3725 ite-

213 3781 342 3821 rum
371 3765 616 3820 nativum
646 3764 806 3820 facile
831 3761 1027 3832 recipit
1047 3760 1154 3834 [εᾶ.
1179 3762 1299 3827 Ac.,
1323 3759 1544 3832 repetit]
1567 3760 1828 3829 algorem.

215 3853 460 3912 Praestat
486 3864 544 3912 et
569 3849 716 3910 aliud
744 3853 1002 3923 adjutorii
1029 3867 1201 3923 genus
1235 3853 1315 3908 vis
1343 3853 1434 3908 illa
1461 3853 1830 3923 medicabilis;

219 3965 350 4005 nam
378 3948 537 4018 juxta
566 3957 732 4021 caput
757 3949 920 4005 fontis
947 3949 1227 4005 scintillosi
1246 3947 1532 4020 quemdam
1553 3947 1658 4005 sibi
1684 3964 1835 4006 mea-

218 4049 338 4096 tum
393 4039 623 4110 provida
671 4049 865 4095 natura
907 4038 1185 4096 formavit.
1241 4039 1380 4096 Hinc
1424 4040 1660 4111 desuper
1697 4041 1834 4098 sella

221 4134 538 4204 composita
560 4175 576 4202 ,
627 4149 748 4205 quas
784 4134 1037 4190 humanis
1077 4133 1496 4191 necessitatibus
1534 4135 1589 4189 in
1635 4135 1834 4190 absidis

223 4226 473 4297 speciem
502 4225 827 4298 perforatur,
878 4241 1054 4298 agros
1092 4226 1319 4299 suscipit
1362 4226 1580 4283 interno
1606 4227 1836 4283 humore

227 4317 535 4376 detinentes
575 4338 590 4373 :
637 4321 730 4375 ubi
772 4319 902 4376 dum
946 4320 1076 4376 tessi
1121 4319 1290 4376 nimio
1335 4319 1596 4390 languore
1641 4333 1836 4375 conse-

227 4410 432 4478 derint,
463 4412 681 4483 vaporis
709 4411 850 4468 illius
898 4411 1260 4468 delectatione
1306 4412 1558 4478 recreati,
1609 4419 1666 4466 et
1693 4411 1834 4468 lassa

1933 3235 2138 3282 natum.
2169 3225 2238 3281 Et
2275 3223 2398 3281 ideo
2423 3223 2678 3296 pecunia,
2721 3237 2841 3293 qua:
2869 3222 2966 3278 tibi
2995 3221 3118 3277 data
3149 3229 3254 3290 est,
3300 3220 3346 3276 si
3391 3234 3530 3290 opus

1933 3335 2043 3376 non
2066 3317 2272 3391 poterit
2294 3316 2522 3387 implere
2559 3324 2893 3386 susceptum,
2939 3323 3201 3391 quantum
3231 3313 3407 3368 adhuc
3435 3328 3532 3368 ex-

1929 3407 2277 3483 pendendum
2299 3422 2420 3465 esse
2441 3407 2757 3475 credideris,
2778 3405 2957 3462 missis
2978 3405 3136 3463 nobis
3153 3404 3425 3470 brevibus,
3452 3404 3530 3458 in-

1931 3501 2138 3558 dicabis
2153 3519 2165 3554 2
2180 3500 2308 3570 quia
2323 3515 2432 3556 non
2453 3513 2740 3570 gravamur
2754 3496 3086 3568 expendere,
3103 3504 3166 3551 ut
3183 3501 3333 3549 tanta
3352 3492 3534 3548 videa-

1932 3611 2054 3652 mur
2077 3594 2219 3652 ruris
2238 3607 2451 3652 ammna
2479 3591 2602 3666 [πη.
2631 3589 2807 3659 Rem,
2822 3588 2964 3645 ruris
2988 3583 3212 3659 moenia]
3235 3584 3529 3643 custodire.

2415 3725 2528 3796 33
2564 3720 2900 3778 EPISTOLA
2935 3717 3050 3775 XL.

2225 3833 2418 3878 BOETIO
2449 3832 2694 3874 rumeno
2723 3827 3092 3871 rasononrcus
3118 3797 3252 3866 nsx.

1933 3911 2076 3970 Βίου
2113 3929 2285 3986 regem
2311 3910 2642 3986 Francorum
2672 3907 3014 3986 citharwdum
3057 3902 3262 3986 magnis
3295 3897 3534 3986 precibus

2004 3975 2297 4057 expedisse.
2332 3981 2519 4057 _Rog_at
2545 3980 2784 4057 Boetiunt
2806 3978 3017 4057 musica:
3044 3975 3284 4057 peritum,
3301 3980 3388 4057 "ut
3417 3987 3534 4057 eum

2005 4041 2184 4128 eligat.
2226 4054 2398 4108 Multa
2427 4041 2490 4106 {te
2531 4052 2741 4105 musica:
2768 4049 2944 4114 laude,
2986 4041 3144 4110 tortis,
3189 4041 3377 4107 modis,
3409 4051 3534 4106 etc,

2008 4127 2234 4181 disserit.

2006 4221 2140 4278 Cum
2167 4235 2265 4276 rex
2290 4219 2644 4283 Francorum,
2687 4210 2922 4271 convivii
2961 4208 3133 4266 nostri
3182 4207 3321 4262 fama
3363 4205 3536 4276 pelle-

1935 4326 2072 4385 ctus,
2102 4332 2134 4371 a
2160 4313 2316 4371 nobis
2345 4307 2703 4368 citharoedum
2743 4304 2952 4376 magnis
2999 4301 3250 4374 precibus
3277 4297 3536 4370 expetiis-
3589 4345 3592 4348 .

1935 4419 2038 4476 set,
2071 4408 2186 4465 sola
2207 4406 2420 4462 ratione
2449 4399 2834 4472 complendum
2854 4412 2978 4455 esse
2998 4395 3367 4468 promisimus,
3389 4391 3538 4464 quod

228 4504 443 4560 viscera
475 4503 739 4572 reﬁciunt,
783 4511 840 4560 et
865 4504 1122 4560 humores
1155 4502 1320 4558 noxia
1348 4501 1618 4558 infusione
1657 4502 1836 4574 larga-
1861 4541 1915 4603 Β
1938 4514 1994 4562 te
2021 4499 2342 4560 eruditionis
2369 4497 2589 4554 musicae
2618 4494 2851 4567 peritum
2897 4506 3017 4548 esse
3046 4504 3392 4547 noveramus.
3429 4485 3538 4540 Ad-

349 4596 370 4603 -
426 4596 436 4603 .
499 4594 564 4603 -..
735 4595 769 4603 η
925 4595 940 4603 -
1061 4602 1064 4603 ,
1137 4592 1157 4603 ε
1252 4593 1284 4603 .,
1328 4593 1362 4603 ..
1477 4594 1487 4603 .
1513 4593 1564 4603 ...
1615 4600 1622 4603 Α
1946 4597 1958 4603 -
2203 4594 2214 4603 .
2391 4592 2404 4603 1
2430 4591 2442 4602 ο
2538 4590 2550 4603 ι
2629 4596 2639 4603 .
2721 4602 2728 4603 ,
2801 4587 2980 4603 ,|-__,_-
3062 4583 3146 4603 ---Β
3199 4579 3533 4603 J!_-:_I!-....~.

231 4605 317 4652 tos
349 4596 456 4669 [ed.
490 4594 614 4651 Niv.
647 4605 698 4652 et
726 4595 904 4672 Gam.,
925 4592 1183 4667 laxatos],
1213 4593 1366 4648 vitali
1413 4593 1663 4649 ariditate
1700 4609 1835 4649 con-
1862 4579 1915 4603 "
1939 4597 2083 4668 jacet
2129 4594 2274 4652 enim
2318 4591 2473 4648 vobis
2519 4590 2740 4646 doctum
2785 4587 3007 4656 eligere,
3055 4583 3150 4654 qui
3194 4579 3536 4672 disciplinam

232 4689 538 4758 stringunt;
586 4696 648 4744 ut
677 4689 832 4759 quasi
871 4687 1053 4758 aliquo
1081 4684 1424 4742 desiderabili
1454 4684 1576 4740 cibo
1623 4682 1833 4752 refecti,

233 4779 570 4837 valentiores
596 4787 798 4850 queant
826 4779 1074 4851 protinus
1113 4776 1362 4833 inventi.
1411 4776 1504 4832 Sic
1528 4775 1836 4833 medicabili

235 4873 554 4931 substantia:
579 4875 730 4931 venit
757 4891 788 4930 a
817 4874 1096 4946 sulphure,
1125 4872 1271 4944 quod
1290 4871 1458 4939 calet;
1491 4887 1522 4926 a
1542 4871 1832 4941 salsedine,

238 4965 384 5036 quod
412 4966 673 5026 desiecat.
726 4967 878 5025 Talia
904 4967 1138 5041 posteris
1164 4982 1275 5025 non
1319 4965 1556 5038 tradere,
1600 4967 1707 5024 hoc
1752 4973 1836 5024 est

315 5208 342 5238 ι
369 5196 580 5270 Savaro
626 5193 696 5250 ad
739 5190 928 5270 Sidon.
966 5192 1202 5270 {\pollin.
1248 5190 1343 5248 lib.
1376 5205 1430 5270 γ,
1460 5204 1564 5270 ep.
1590 5187 1648 5270 5,
1669 5201 1832 5270 repo-

242 5269 323 5324 nit
344 5285 414 5326 ex
445 5268 549 5324 fide
575 5275 748 5325 veter.
781 5263 909 5322 cod.
954 5261 1128 5332 dolos,
1177 5269 1235 5319 et
1279 5261 1474 5332 probat
1514 5261 1727 5317 veteres
1755 5261 1833 5315 sic

242 5340 480 5398 locutos.
511 5337 633 5395 Jun.
730 5358 740 5367 '
1082 5406 1115 5413 ,,
1237 5403 1251 5413 ,
1371 5403 1440 5413 ..
1557 5401 1572 5413 .

318 5413 344 5450 ιι
367 5413 426 5468 Si
475 5425 664 5467 verum
715 5423 977 5476 amamus,
1008 5406 1212 5476 nullum
1236 5403 1443 5476 homini
1466 5401 1639 5476 majus
1667 5401 1832 5476 a‘Deo

243 5483 448 5539 donum
479 5482 706 5539 concedi
734 5489 915 5552 potest
941 5471 1178 5552 secunda
1210 5474 1454 5545 corporis
1483 5471 1788 5528 valetudine
1814 5487 1829 5527 :

243 5569 314 5625 ex
349 5569 456 5625 qua
506 5549 996 5625 alonim—conditio
1041 5549 1434 5625 quadamtenus
1474 5551 1832 5625 temperatur,

249 5615 498 5681 Elianus
527 5625 593 5680 de
617 5623 864 5680 Socrate.
913 5615 1279 5683 Ηίιιόᾶπονος,
1312 5617 1365 5672 id
1405 5623 1488 5672 est
1515 5615 1700 5669 labore
1739 5628 1834 5668 ca-

244 5711 393 5763 rens,
445 5713 477 5750 a
524 5695 666 5750 Julio
707 5694 928 5748 Polluce
975 5690 1365 5763 OnomastiCoQ
1402 5688 1494 5742 lib.
1526 5685 1711 5746 ἄνοσος
1739 5689 1836 5763 ,καὶ

246 5756 501 5828 clude-nm;
529 5765 838 5836 exponitur.
885 5763 1130 5841 ζδόιιιεεῐι]⁵
1153 5757 1590 5841 igiturRAponuu‘i
1617 5756 1839 5841 inorbo-

249 5853 374 5900 rum
397 5827 721 5916 expertem,
766 5835 912 5914 quod
939 5832 1134 5896 summi
1176 5827 1426 5894 beneﬁcii
1473 5843 1539 5892 ac
1564 5827 1838 5892 fclicitatis

1944 4693 2116 4764 ipsam
2146 4688 2200 4744 in
2245 4685 2414 4742 arduo
2438 4682 2759 4742 collocatam
2781 4679 3035 4753 potuistis
3062 4677 3347 4747 attingere.
3397 4669 3538 4739 Quid

1943 4783 2089 4842 enim
2134 4780 2224 4837 illa
2252 4776 2616 4852 praestantius,
2657 4787 2776 4843 quae
2822 4771 2944 4828 coeli
2981 4768 3289 4826 machinam
3334 4774 3536 4818 sonora

1941 4873 2246 4943 dulcedine,
2265 4879 2322 4927 et
2341 4876 2547 4926 natura:
2568 4863 3000 4923 convenientiam
3020 4861 3220 4930 ubique
3237 4857 3532 4927 dispersam

1940 4965 2155 5022 virtutis
2181 4978 2291 5022 suae
2316 4959 2489 5032 gratia
2517 4955 2964 5028 comprehendit?
2992 4949 3262 5024 Quidquid
3288 4946 3433 5004 enim
3478 4943 3532 4999 in

1937 5187 2062 5244 loco
2091 5184 2334 5251 ponitur,
2359 5178 2630 5251 signiﬁcat
2654 5175 3028 5251 Cassiodorus.
3053 5171 3217 5251 anm.

2015 5202 2062 5244 30
2132 5202 2334 5248 onttur,
2359 5202 2630 5251 Slgmncat
2654 5202 3028 5233 uassruuurus.
3053 5202 3217 5228 num.

2015 5270 2037 5298 ο
2071 5202 2224 5312 ΙῩηὰε
2249 5253 2409 5308 Mart.
2455 5250 2488 5305 6
2514 5268 2528 5303 :
2554 5247 2755 5305 Fontes
2781 5247 2958 5318 Aponi
2996 5243 3156 5301 rudes
3197 5238 3411 5312 puellis,
3463 5238 3528 5294 D.

1940 5329 2094 5386 Grul.
2125 5335 2179 5384 et
2209 5325 2395 5394 Cujac.
2464 5391 2497 5394 __
2656 5387 2717 5394 __
2773 5388 2836 5394 __
2902 5387 2914 5394 _
2965 5386 2985 5394 _
3126 5393 3129 5394 ν
3234 5384 3247 5394 ,
3433 5381 3446 5394 ,

2007 5377 2597 5454 fdr'boruui‘radices
2652 5387 2867 5445 fabricis
2902 5386 3138 5442 inferunt
3166 5384 3400 5454 ruinam,
3433 5377 3531 5454 inf.

1941 5471 2036 5528 lib.
2065 5451 2166 5537 vix,
2188 5451 2362 5524 form.
2396 5463 2464 5529 6;
2500 5463 2619 5537 lat,
2668 5477 2716 5515 c.
2768 5461 2831 5537 de
2860 5457 3185 5537 quaedam;
3217 5456 3254 5537 l_.
3284 5453 3339 5518 1,
3375 5467 3437 5537 _c.
3467 5451 3535 5537 {Ie

1943 5530 2498 5614 interd.'Harntenop.
2531 5535 2627 5614 lib.
2657 5549 2739 5614 11,.
2764 5533 2847 5586 tit.
2879 5530 2932 5585 4.
2980 5532 3092 5614 τηερέ
3115 5534 3289 5614 gurria:
3312 5544 3328 5581 :
3355 5533 3406 5614 ‘tt
3433 5532 3534 5614 τῶν

1946 5624 2112 5688 φυτῶν
2161 5602 2530 5684 statuetis-auct:
2578 5608 2651 5688 εὖ.
2685 5607 2778 5664 τὰς
2852 5604 3130 5686 τυχούσας
3199 5606 3308 5688 “rei;
3357 5602 3534 5688 εἰκίαιε

2463 5677 2823 5759 ῥιζοϐολρῦντιι
2849 5665 2962 5762 χοῖῥ
3001 5673 3154 5746 φυτά,
3201 5676 3307 5726 etc.
3356 5665 3535 5730 Locus

1944 5746 2072 5815 huic
2091 5746 2289 5814 'sim'ilis
2318 5768 2382 5808 ac
2415 5746 2526 5806 fc're
2555 5747 2818 5821 geminus.
2849 5746 3014 5802 Fo'mv.
