3992 6490
514 284 619 339 571

1739 285 1788 340 Μ
1798 326 1809 339 .
1854 283 2131 340 ΑυειΕωι
2169 283 2571 343 CASSIODORI

3720 290 3847 349 5'11

519 409 845 473 conceptum
873 399 1097 469 alicujus
1123 396 1537 454 modiﬁcationis
1568 399 1771 464 existit,
1796 401 1862 453 ab
1892 400 2109 455 harmo-
2139 403 2186 461 Α
2212 413 2318 467 que
2344 400 2598 468 Dirczeus,
2627 399 2869 455 canendo
2893 398 3129 466 chordis,
3164 399 3452 457 Thebanos
3473 418 3664 458 muros
3687 403 3829 458 dir-i-

521 496 622 548 nire
648 494 981 549 continentia
1010 510 1119 550 non
1151 495 1374 551 recedit.
1430 494 1533 551 Per
1551 496 1700 550 «hanc
1741 504 2114 568 competenter

518 589 845 656 cogitamus,
885 588 1109 658 pulchre
1154 590 1443 660 loquimur,
1495 590 1883 645 convenienter
1925 607 2111 645 move-

514 697 666 747 mur;
704 695 823 750 qua‘.
852 682 1066 750 quoties
1112 681 1177 735 ad
1216 698 1375 738 aures
1417 688 1631 737 nostras
1678 681 1974 752 disciplina:
2003 696 2113 736 sua:

512 772 632 840 lege
681 772 1022 841 pervenerit,
1074 771 1303 841 imperat
1351 782 1587 835 cantum,
1640 780 1813 827 mutat
1861 772 2107 828 animos'

513 863 710 919 artifex
749 863 983 930 auditus,
1034 872 1089 919 et
1116 879 1349 936 Operosa
1379 863 1688 920 delectatio.
1742 864 1868 919 Hmc
1896 880 2019 920 cum
2046 865 2115 920 de

510 966 729 1013 secreto
758 966 984 1025 naturae,
1013 968 1270 1029 tanquam
1300 974 1554 1014 sensuum
1582 960 1789 1029 regina,
1812 959 1982 1030 tropis
2002 959 2117 1014 suis

513 1058 708 1105 ornata
756 1052 1119 1120 processerit,
1167 1052 1387 1121 reliquae
1434 1052 1792 1120 cogitationes
1837 1053 2110 1117 exsiliunt,

510 1144 801 1212 omniaque
840 1145 967 1201 facit
993 1145 1134 1216 ejici,
1188 1158 1245 1201 ut
1286 1146 1457 1217 ipsam
1488 1147 1836 1202 solummodo
1878 1146 2114 1201 delectet

509 1235 705 1290 audiri.
738 1235 1035 1292 Tristitiam
1077 1238 1294 1293 noxiam
1318 1237 1600 1307 jucundat,
1644 1237 1879 1292 tumidos
1904 1237 2112 1293 furores

511 1338 780 1397 attenuat,
812 1340 1091 1387 cruentam
1122 1332 1381 1386 saavitiam
1410 1332 1571 1387 ellicit
1602 1331 1873 1395 blandam,
1909 1330 2113 1386 excitat

509 1423 779 1491 ignaviam
808 1431 1266 1494 soporantemque
1288 1424 1604 1493 languorem
1638 1423 1755 1497 [ms.
1777 1423 1915 1476 Aud.
1941 1430 1989 1475 ct
2013 1421 2107 1488 ιλ,

509 1517 602 1572 Gr.
629 1529 676 1572 et
692 1518 830 1590 Cuj.,
860 1519 1067 1587 ignavia
1097 1527 1441 1588 soporantem
1470 1520 1783 1583 humorem;
1809 1516 1913 1570 Ms.
1936 1516 2107 1583 Rem.,

507 1617 728 1679 saporat
769 1606 1140 1681 languorem],
1193 1610 1539 1679 vigilantibus
1588 1610 1765 1665 reddit
1818 1609 2112 1664 saluberri-

508 1720 647 1759 mam
677 1705 935 1775 quietem,
966 1706 1210 1760 vitiatam
1248 1705 1369 1780 [ms.
1402 1705 1562 1771 Aud.,
1615 1703 1915 1776 humatam]
1966 1703 2110 1774 turpi

2220 501 2305 548 tur
2333 493 2667 559 condidisse;
2699 500 2757 545 ut
2800 506 2922 546 cum
2948 491 3198 547 homines
3227 492 3412 548 labore
3447 493 3729 550 marcidos
3761 496 3828 550 ad

2215 582 2452 637 studium
2481 580 2826 653 perfectionis
2853 582 3106 651 erigeret,
3149 599 3279 639 saxa
3322 584 3438 653 ipsa
3464 585 3830 643 crederentur

2215 676 2418 731 relictis
2451 676 2679 746 rupibus
2724 676 3025 732 advenisse.
3071 675 3326 733 Musaeum
3375 677 3541 733 etiam
3582 688 3644 733 et
3691 681 3824 737 artis

2215 767 2413 840 Orphei
2444 771 2630 837 lilium,
2680 780 2736 827 et
2773 779 3003 841 naturae,
3035 772 3270 829 Maronis
3300 783 3611 845 praepotens
3640 775 3824 846 lingua

2216 863 2559 919 concelebrat
2585 882 2597 917 :
2631 863 2817 920 dicens
2842 865 2985 935 apud
3014 866 3215 922 inferos
3246 868 3300 922 in
3328 884 3541 927 summa
3585 871 3823 927 beatituo

2214 954 2339 1009 dine
2368 956 2745 1024 constitutum,
2794 957 2939 1026 quod
2984 973 3082 1028 per
3104 957 3317 1031 Elysios
3358 977 3581 1034 campos
3634 964 3822 1021 felices

2215 1052 2423 1109 animas
2442 1060 2649 1124 septem
2679 1054 3006 1111 chordarum
3027 1042 3270 1125 pulsibus
3293 1059 3630 1124 ammnabat,
3660 1060 3821 1129 signi—

2215 1146 2384 1202 licans
2406 1163 2617 1203 summo
2643 1148 2865 1219 prtemio
2908 1148 3130 1219 perlrui,
3178 1149 3264 1204 cui
3314 1146 3617 1221 disciplinae
3666 1151 3821 1219 hujus

2214 1240 2505 1307 contigerit
2552 1240 2908 1297 suavitatibus
2937 1240 3165 1311 epulari.
3214 1239 3322 1296 Sed
3361 1241 3478 1298 haec
3510 1242 3699 1297 omnia
3726 1243 3820 1298 hu-

2218 1345 2381 1387 mano
2412 1332 2590 1389 studio
2638 1348 2736 1403 per
2763 1334 3072 1390 manualem
3103 1335 3367 1390 musicam
3398 1336 3655 1391 videntur
3697 1336 3820 1392 επιε-

2214 1431 2322 1480 cta.
2348 1424 2620 1480 Naturalis
2650 1433 2831 1480 autem
2863 1424 3147 1496 rbythmus
3176 1425 3429 1480 animata:
3458 1427 3585 1481 voci
3618 1441 3819 1494 cogno-

2214 1516 2385 1571 scitur
2414 1516 2707 1570 attributus
2738 1534 2749 1568 :
2780 1516 2872 1586 qui
2903 1524 3031 1571 tunc
3059 1516 3286 1587 pulchre
3334 1518 3509 1573 melos
3557 1519 3816 1587 custodit,

2213 1607 2260 1661 si
2290 1615 2415 1678 apte
2447 1616 2643 1673 taceat,
2678 1616 3044 1676 congruenter
3093 1611 3369 1678 loquatur,
3414 1618 3469 1663 et
3498 1624 3601 1678 per
3630 1625 3820 1665 accen-

2214 1708 2301 1754 tus
2329 1700 2470 1754 viam
2510 1700 2731 1755 musicis
2761 1700 2988 1769 pedibus
3034 1701 3340 1770 composita
3360 1716 3496 1757 voce
3518 1701 3814 1769 gradiatur.

505 1811 689 1851 amore
712 1796 781 1851 ad
821 1797 1110 1852 honestum
1137 1796 1371 1852 studium
1410 1804 1634 1853 revocat
1668 1798 1993 1863 castitatem,
2026 1812 2110 1852 sa-
2141 1788 2188 1850 B
2216 1794 2438 1850 Inventa
2480 1802 2565 1850 est
2600 1808 2819 1864 quoque
2848 1794 2917 1848 ad
2944 1794 3341 1864 permovendos
3384 1795 3603 1850 animos
3641 1805 3819 1849 orato-

504 1896 598 1941 nat
626 1888 823 1943 mentis
865 1889 1080 1943 ttedium
1106 1889 1265 1944 bonis
1310 1890 1728 1959 cogitationibus
1772 1905 1986 1960 semper
2014 1889 2110 1945 ad-

505 1994 739 2047 versum,
784 1980 1092 2051 perniciosa
1137 1981 1262 2036 odia
1291 1983 1559 2038 convertit
1603 1982 1669 2036 ad
1714 1982 2107 2037 auxiliatricem

502 2072 765 2140 gratiam;
819 2082 875 2128 et
918 2073 1066 2143 quod
1116 2073 1338 2129 beatum
1365 2088 1535 2143 genus
1560 2075 1853 2130 curationis
1879 2082 1981 2141 est,
2011 2090 2108 2145 per

503 2164 841 2223 dulcissimas
865 2165 1172 2239 voluptates
1202 2168 1427 2238 eXpellit
1474 2169 1640 2223 animi
1689 2170 1990 2239 passiones.
2019 2168 2107 2223 ln-

503 2273 821 2330 corpoream
851 2262 1087 2316 animam
1115 2261 1479 2331 corporaliter
1504 2262 1725 2326 mulcet,
1784 2270 1840 2317 et
1868 2262 1985 2317 solo
2010 2277 2107 2316 au-

501 2348 614 2405 ditu
644 2350 711 2405 ad
725 2352 869 2421 quod
891 2354 1005 2409 vult
1033 2353 1291 2408 deducit:
1317 2368 1479 2422 quam
1501 2361 1689 2409 tenere
1718 2368 1825 2409 non
1850 2354 2108 2425 przevalet

502 2441 664 2495 verbo
696 2443 862 2498 tacito
891 2443 1143 2499 manibus
1172 2444 1394 2513 clamat,
1445 2444 1564 2499 sine
1594 2460 1691 2500 ore
1738 2444 1996 2515 loquitur,
2049 2452 2105 2500 et

500 2546 598 2601 per
626 2533 1019 2589 insensibilium
1044 2536 1360 2605 obsequium
1385 2536 1640 2606 prmvalet
1665 2552 1919 2592 sensuum
1942 2552 2101 2592 exer-

499 2640 621 2681 cere
648 2626 1003 2683 dominatum.
1058 2626 1175 2683 Hoc
1204 2636 1376 2683 totum
1422 2629 1565 2684 inter
1588 2630 1834 2684 homines
1862 2630 2103 2699 quinque

499 2716 643 2772 tonis
686 2717 883 2786 agitur,
934 2718 1026 2788 qui
1074 2718 1267 2787 singuli
1316 2720 1715 2790 provinciarum
1764 2721 1854 2777 ubi
1897 2720 2102 2791 reperti

500 2817 621 2864 sunt
667 2810 980 2867 nominibus
1011 2813 1336 2868 vocitantur.
1370 2812 1643 2870 Miseratio
1686 2816 1886 2887 quippe
1916 2815 2103 2871 divina

498 2902 742 2957 localiter
763 2904 962 2975 sparsit
988 2906 1239 2973 gratiam,
1268 2906 1399 2967 dum.
1430 2908 1613 2962 omnia
1657 2922 1753 2962 sua
1784 2907 1942 2963 valde
1974 2906 2101 2963 fecit

496 3008 614 3049 esse
640 2995 925 3053 laudanda.
948 2995 1143 3054 Dorius
1172 3000 1443 3071 pudicitia:
1472 3000 1721 3070 largitor,
1751 3010 1808 3057 et
1834 3001 2099 3057 castitatis

495 3083 714 3142 eﬂ'ector
742 3096 845 3144 est.
894 3086 1160 3161 Phrygius
1189 3107 1398 3163 pugnas
1424 3094 1643 3159 excitat,
1697 3102 1753 3149 et
1795 3102 1981 3149 votum
2012 3094 2097 3149 fu-

2216 1904 2335 1944 rum
2360 1886 2515 1944 fortis
2544 1904 2609 1944 ac
2636 1888 2816 1943 suavis
2855 1888 3055 1957 oratio,
3096 1896 3155 1943 ut
3183 1888 3489 1944 criminosis
3521 1888 3817 1944 irascantur

2208 1978 2441 2049 judices,
2472 1980 2836 2037 misereantur
2865 1980 3208 2048 errantibus;
3262 1988 3317 2035 et
3348 1980 3618 2051 quidquid
3648 1988 3815 2051 potest

2212 2071 2477 2142 eloquens
2506 2071 2745 2139 eﬂicere,
2790 2072 2860 2127 ad
2906 2073 3066 2142 hujus
3107 2072 3405 2144 disciplinm
3452 2090 3567 2128 non
3608 2083 3701 2129 est
3727 2074 3814 2128 du-

2210 2163 2357 2219 bium
2404 2165 2681 2235 pertinere
2728 2165 2978 2233 gloriam.
3022 2164 3211 2222 Poetis
3255 2167 3441 2233 etiam,
3485 2165 3814 2223 Terentiano

2208 2263 2461 2324 testante,
2508 2258 2617 2314 duo
2646 2259 2878 2331 primum
2922 2267 3095 2314 metra
3126 2260 3447 2330 principalia
3476 2268 3607 2316 sunt
3658 2263 3811 2317 attri-

2208 2347 2357 2413 buta,
2411 2348 2466 2403 id
2508 2357 2611 2415 est,
2664 2334 2958 2406 Heroicum
2988 2358 3045 2405 et
3076 2351 3374 2407 lambicum
3409 2369 3424 2405 :
3458 2368 3633 2407 unum
3676 2353 3811 2421 quod

2208 2442 2462 2510 erigeret,
2497 2442 2725 2498 alterum
2749 2443 2895 2514 quod
2923 2443 3183 2513 placaret.
3214 2443 3297 2500 Ex
3320 2446 3519 2514 quibus
3564 2444 3639 2499 ad
3669 2445 3810 2501 oble-

2209 2535 2463 2592 ctandum
2494 2536 2706 2593 animos
2734 2537 3067 2611 audientium
3110 2536 3321 2592 diversa
3346 2536 3641 2608 progenita
3670 2548 3807 2594 sunt.

2207 2627 2276 2683 Et
2307 2637 2365 2684 ut
2390 2629 2444 2683 in
2475 2631 2695 2699 organis
2727 2631 2858 2698 toni,
2884 2631 2958 2686 ita
2990 2632 3045 2686 in
3065 2631 3305 2686 humana
3325 2646 3463 2689 voce
3486 2634 3672 2690 varias
3699 2633 3806 2687 ani-

2207 2720 2281 2774 mi
2310 2719 2629 2777 aﬂectiones
2657 2722 2877 2791 gravida
2917 2729 3093 2777 metra
3120 2732 3474 2793 pepererunt.
3508 2723 3734 2779 Sirenas
3756 2725 3804 2781 in

2205 2813 2524 2869 miraculum
2552 2824 2801 2871 cantasse
2843 2815 3057 2871 curiosa
3089 2825 3114 2853 α
3163 2816 3344 2886 prodit
3383 2817 3719 2887 antiquitas;
3758 2825 3805 2873 et

2204 2908 2452 2977 quamvis
2476 2907 2792 2975 navigantes
2815 2906 3011 2963 ﬂuetus
3031 2907 3349 2977 abduceret,
3367 2910 3595 2965 carbasa
3616 2918 3800 2964 VODIIB

2204 2999 2442 3070 inﬂaret,
2492 3001 2764 3071 eligebant
2810 3003 3049 3058 suaviter
3076 3002 3292 3075 decepti
3327 3004 3589 3075 scopulos
3629 3005 3799 3059 incur-

2204 3107 2348 3158 rere,
2394 3107 2466 3149 ne
2512 3100 2720 3149 tantam
2766 3101 3083 3165 paterentur
3111 3082 3453 3151 dulcedinem
3504 3096 3795 3167 praeteris

493 3178 628 3233 roris
659 3178 976 3240 inﬂammat.
1008 3181 1222 3240 melius
1251 3186 1422 3240 animi
1453 3194 1807 3257 tempestates
1836 3188 2100 3257 tranquil-
2128 3185 2174 3251 C
2206 3185 2411 3254 Quibus
2437 3187 2585 3243 solus
2613 3188 2830 3243 Ithacus
2852 3188 3044 3253 evasit,
3066 3187 3159 3256 qui
3189 3187 3367 3242 nautis
3393 3187 3795 3244 sollicitatorem

493 3277 589 3339 lat,
617 3286 977 3343 somnumque
996 3273 1110 3343 jam
1141 3275 1369 3345 placatis
1407 3277 1670 3333 attribuit.
1702 3277 1904 3333 Jastius
1934 3279 2098 3335 intel-

493 3364 693 3415 lectum
722 3362 931 3421 obtusis
975 3365 1141 3431 acuit,
1196 3375 1251 3421 et
1299 3375 1518 3423 terreno
1548 3368 1818 3426 desiderio
1861 3373 2099 3441 gravatis

492 3456 794 3513 ctelestium
823 3462 1190 3531 appetentiam
1230 3463 1496 3519 bonorum
1527 3474 1784 3535 operator
1829 3466 2091 3537 indulget.

493 3545 691 3619 Lydius
707 3559 898 3607 contra
919 3552 1113 3609 nimias
1132 3568 1294 3610 curas
1307 3554 1611 3626 animaeque
1638 3557 1796 3614 taedia
1822 3569 2095 3630 repertus,

492 3642 809 3701 remissione
836 3654 1077 3717 reparat,
1107 3656 1164 3703 et
1191 3647 1560 3707 oblectatione
1601 3651 1940 3707 corroborat.
1968 3651 2096 3710 llznc

492 3732 558 3787 ad
599 3734 900 3795 solutiones
926 3740 1280 3812 corruptibile
1317 3742 1571 3798 saeculum
1622 3740 1869 3811 ﬂectens,
1917 3744 2092 3800 hone-

436 3826 445 3831 ’
490 3835 630 3883 stum
673 3833 973 3889 remedium
1023 3842 1181 3905 turpe
1222 3834 1352 3893 fecit
1395 3851 1516 3893 esse
1561 3846 1951 3894 commentum.
1994 3837 2093 3895 llic

490 3934 615 3976 vero
664 3938 922 3981 numerus
969 3928 1247 3998 quinarius
1295 3929 1437 3984 trina
1496 3929 1759 3987 divisione
1817 3931 2089 3987 consistit.

488 4010 675 4073 Omnis
703 4017 848 4073 enim
879 4026 1040 4076 tonus
1068 4021 1234 4078 habet
1280 4038 1574 4092 summum,
1625 4031 1680 4079 et
1727 4023 1926 4091 imum;
1975 4024 2091 4079 haec

484 4115 665 4164 autem
694 4107 949 4167 dicuntur
976 4112 1044 4168 ad
1072 4114 1330 4169 medium.
1360 4112 1427 4170 Et
1453 4115 1710 4185 quoniam
1741 4115 1857 4171 sine
1888 4131 1946 4171 se
1967 4131 2091 4171 esse

484 4214 591 4255 non
624 4211 874 4272 possunt,
916 4219 1034 4275 qua:
1062 4206 1269 4263 alterna
1300 4207 1404 4264 sibi
1432 4206 1807 4263 vicissitudine
1838 4206 2089 4263 referun-

484 4300 590 4359 tur,
619 4296 826 4353 utiliter
852 4298 1131 4357 inventum
1162 4309 1266 4370 est,
1316 4299 1657 4359 artiﬁcialem
1702 4301 1990 4369 musicam,
2035 4301 2089 4357 id

484 4393 571 4441 est
598 4394 883 4445 auctorum
908 4394 1316 4464 operationibus
1345 4394 1573 4452 diversis
1603 4395 1823 4464 organis
1848 4395 2092 4466 exquisi-

484 4484 619 4545 tam,
669 4479 848 4537 modis
895 4484 1201 4553 quindecim
1229 4488 1519 4544 contineri.
1566 4486 1663 4543 His
1692 4487 1856 4544 rebus
1884 4488 2087 4557 aliquid

2200 3281 2451 3351 protinus
2490 3282 2761 3336 obstruxit
2790 3281 3032 3336 auditum
3062 3290 3255 3336 contra
3299 3280 3521 3337 noxiam
3569 3280 3797 3337 dulcedi-

2200 3388 2347 3428 nem.
2380 3372 2652 3442 Cogitavit
2698 3374 2780 3428 vir
2803 3372 3257 3444 prudentissimus
3288 3371 3656 3429 felicissimam
3686 3390 3796 3429 sur—

2198 3464 2445 3533 ditatem,
2490 3472 2546 3520 et
2585 3479 2748 3533 quam
2780 3465 3005 3520 vincere
3036 3464 3391 3534 intelligendo
3419 3481 3529 3521 non
3559 3474 3791 3537 poterat,

2198 3555 2392 3611 melius
2436 3570 2547 3611 non
2577 3556 2911 3611 advertendo
2955 3555 3269 3628 superabat.
3312 3555 3385 3611 Se
3431 3571 3567 3613 vero
3611 3556 3794 3613 80ιίιῇ⁴

2196 3650 2297 3704 tati
2327 3650 2539 3707 arboris
2568 3650 2882 3707 constrictis
2930 3650 3158 3707 nexibus
3196 3651 3455 3720 illigavit,
3504 3659 3569 3707 ut
3616 3661 3675 3707 et
3719 3650 3794 3705 fa-

2195 3756 2380 3798 mosos
2425 3750 2615 3798 cantus
2662 3742 2847 3799 liberis
2873 3744 3095 3799 auribus
3145 3742 3381 3813 probare
3406 3743 3698 3813 potuisset,
3747 3748 3795 3797 et

2193 3832 2433 3905 pericula
2464 3835 2758 3891 dulcisonae
2782 3836 2931 3891 vocis
2962 3836 3105 3890 unda
3149 3835 3399 3904 rapiente
3429 3835 3646 3891 vinetus
3674 3848 3793 3889 eva-

2193 3925 2368 3982 deret.
2400 3924 2601 3981 Verum
2630 3935 2691 3981 ut
2718 3934 2775 3982 et
2801 3941 2900 3981 nos
2922 3925 3051 3981 talia
3070 3926 3327 3996 exemplo
3347 3926 3612 3996 sapientis
3629 3924 3791 3981 Ithaci

2192 4025 2556 4089 transeamus,
2584 4019 2873 4089 loquamur
2893 4020 2962 4076 de
2990 4019 3083 4076 illo
3109 4018 3263 4090 lapso
3288 4033 3320 4075 e
3339 4019 3483 4076 creto
3506 4016 3787 4083 Psalterio,

2192 4113 2340 4184 quod
2386 4114 2472 4169 vir
2517 4121 2635 4168 toto
2683 4114 2816 4169 orbe
2858 4112 3145 4169 cantabilis
3189 4112 3264 4167 ita
3307 4111 3648 4167 modulatum
3696 4124 3791 4180 pro

2192 4208 2385 4283 anima:
2408 4208 2672 4278 sospitate
2692 4208 3016 4279 composuit,
3047 4217 3109 4263 ut
3149 4207 3234 4262 his
3258 4206 3476 4277 hymnis
3506 4213 3565 4260 et
3592 4203 3785 4261 ment's

2190 4301 2417 4357 vulnera
2447 4308 2790 4369 sanarentur,
2840 4309 2898 4355 et
2942 4300 3247 4355 Diviuitatis
3296 4296 3591 4367 singularis
3618 4297 3789 4366 gratia

2192 4394 2563 4464 conquiratur.
2610 4392 2694 4447 En
2738 4392 2885 4461 quod
2932 4393 3189 4448 saeculum
3220 4391 3449 4449 miretur
3481 4398 3536 4445 et
3566 4389 3787 4446 cedat:

2190 4486 2400 4556 pepulit
2428 4484 2686 4541 Davidica
2710 4484 2827 4556 lyra
2855 4483 3160 4550 diabolum;
3186 4497 3353 4539 sonus
3382 4480 3667 4552 spiritibus
3696 4480 3793 4535 im-

482 4566 659 4635 majus
710 4571 972 4641 adjiciens
1020 4574 1255 4633 humana
1300 4580 1545 4649 solertia,
1591 4580 1750 4635 terris
1797 4580 2087 4650 quamdam
2112 4570 2165 4635 D
2190 4580 2435 4651 peravit;
2467 4587 2521 4634 et
2550 4585 2782 4635 canente
2807 4577 3013 4633 cithara
3050 4584 3132 4632 ter
3159 4590 3257 4631 rex
3288 4575 3344 4631 iu
3372 4573 3685 4630 libertatem
3709 4585 3792 4627 re-

485 4660 825 4717 harmoniam
853 4665 1166 4725 doctissima
1193 4670 1545 4741 inquisitione
1566 4673 1807 4743 collegit,
1835 4689 1955 4744 qua:
1977 4674 2087 4729 dia

484 4770 656 4826 pason
701 4760 1030 4827 nominatur,
1077 4780 1148 4821 ex
1192 4768 1444 4824 omnibus
1486 4770 1694 4825 scilicet
1722 4781 2081 4843 congregata;

483 4855 546 4902 ut
569 4849 816 4916 virtutes,
848 4868 982 4924 quas
1010 4855 1323 4913 universum
1364 4859 1537 4919 melos
1563 4860 1766 4917 habere
1794 4863 2081 4931 potuisset,

484 4941 597 4997 lucc
629 4944 885 5001 adunatio
906 4947 1167 5004 mirabilis
1194 4952 1519 5009 contineret.
1549 4952 1689 5009 Hinc
1704 4953 1952 5025 Orpheus
1972 4971 2088 5011 mu-

484 5035 554 5091 tis
582 5036 903 5093 animalibus
932 5037 1229 5096 efﬁcaciter
1247 5043 1553 5115 imperavit,
1584 5058 1860 5116 vagosque
1894 5060 2086 5117 greges

482 5130 809 5201 contemptis
838 5133 1057 5203 pascuis
1084 5133 1155 5189 ad
1185 5135 1439 5193 audiendi
1467 5138 1655 5210 epulas
1683 5139 1865 5210 potius
1892 5140 2084 5195 invita-

481 5220 578 5276 vit.
608 5220 705 5277 lllo
731 5230 991 5281 cantante
1024 5235 1343 5283 amaverunt
1390 5228 1563 5287 siccas
1594 5230 1846 5289 Tritones
1875 5242 2076 5302 terras;

479 5312 706 5371 Galatea
733 5316 859 5375 lusit
902 5319 961 5375 in
1006 5317 1222 5389 solidis;
1270 5320 1627 5380 deseruerunt
1664 5326 1776 5383 ursi
1820 5327 2081 5385 amabiles

480 5406 673 5473 silvas;
702 5408 891 5467 leones
909 5409 1207 5470 domestica
1228 5414 1446 5471 tandem
1462 5425 1691 5473 canneta
1712 5417 2076 5489 reliquerunt;

475 5498 633 5570 juxta
655 5505 972 5575 praedonem
992 5523 1149 5565 suum
1170 5509 1350 5581 praeda
1373 5511 1660 5579 gaudebat.
1684 5512 1744 5567 In
1770 5529 1934 5568 unum
1956 5528 2083 5569 con-

478 5604 701 5653 ventum
728 5602 1003 5658 contraria
1029 5612 1155 5660 vota
1174 5604 1403 5662 collecta
1433 5612 1581 5674 sunt,
1602 5613 1660 5660 et
1680 5604 1839 5661 ﬁdem
1864 5606 2081 5663 dicente

479 5682 616 5762 lyra,
646 5693 829 5751 omnia
858 5695 963 5754 sibi
990 5697 1217 5757 adversa
1244 5698 1609 5757 crediderunt.
1639 5699 1912 5773 Amphion
1940 5716 2080 5773 quo-

2191 4672 2327 4738 diit,
2380 4686 2542 4742 quem
2589 4672 2834 4727 internus
2880 4669 3133 4725 inimicus
3179 4666 3412 4737 turpiter
3454 4663 3790 4735 possidebat.

2192 4760 2327 4818 Nam
2355 4763 2485 4817 licet
2512 4761 2674 4831 hujus
2711 4759 3094 4816 delectationis
3121 4772 3328 4827 organa
3373 4755 3541 4811 multa
3593 4754 3793 4811 fuerint

2192 4853 2483 4923 exquisita,
2531 4853 2665 4908 nihil
2714 4860 2898 4908 tamen
2943 4849 3216 4907 efﬁcacius
3265 4857 3348 4906 est
3396 4848 3678 4903 inventum
3725 4843 3790 4901 ad

2188 4945 2587 5019 permovendos
2628 4945 2861 5009 animos,
2912 4959 3075 5014 quam
3117 4955 3375 4999 concavat
3421 4940 3532 5011 39
3568 4938 3791 4995 cithara

2185 5037 2384 5093 blanda
2412 5035 2713 5091 resultatio.
2767 5032 2907 5089 Hine
2934 5031 3100 5088 etiam
3142 5029 3473 5102 appellatam
3507 5029 3787 5084 existima-

2186 5147 2308 5189 mus
2335 5130 2616 5199 chordam,
2642 5127 2785 5199 quad
2835 5125 2994 5182 facile
3020 5124 3186 5182 corda
3216 5131 3456 5180 moveat.
3484 5120 3587 5176 Ubi
3635 5128 3784 5176 tanta

2186 5240 2381 5282 vocum
2422 5221 2650 5278 collecta
2707 5227 2791 5275 est
2841 5218 2940 5274 sub
2986 5216 3302 5273 diversitate
3354 5211 3675 5280 concordia,
3728 5220 3785 5266 ut

2187 5320 2365 5376 vicina
2396 5314 2601 5375 chorda
2629 5314 2842 5387 pulsata
2871 5311 3101 5368 alteram
3145 5309 3309 5365 faciat
3337 5315 3533 5381 sponte
3565 5315 3784 5363 contre-

2182 5412 2430 5478 miscere,
2461 5423 2625 5480 quam
2654 5406 2858 5463 nullum
2888 5404 3113 5474 contigit
3141 5402 3406 5473 attigisse.
3430 5398 3612 5457 Tanta
3637 5399 3786 5457 enim

2181 5506 2264 5563 vis
2292 5513 2375 5563 est
2403 5500 2819 5571 convenientiae,
2867 5505 2929 5553 ut
2955 5512 3072 5553 rem
3102 5494 3469 5553 insensualem
3496 5501 3698 5565 sponte
3724 5504 3785 5547 se

2181 5615 2405 5657 movere
2448 5596 2629 5664 faciat,
2682 5594 2809 5667 quia
2856 5592 2975 5664 ejus
3023 5591 3228 5650 sociam
3254 5596 3471 5647 constat
3496 5588 3778 5657 agitatam.

2181 5696 2321 5754 Hinc
2346 5695 2573 5751 diversae
2597 5686 2824 5748 veniunt
2847 5686 2967 5745 sine
3002 5685 3188 5759 lingua
3215 5698 3413 5754 voces;
3460 5681 3591 5741 hinc
3617 5679 3783 5740 variis

561 5898 593 5937 ⁸
613 5892 681 5954 1).
708 5892 882 5959 «iuret.
931 5909 1087 5977 putat
1123 5864 1407 5979 legendum
1450 5911 1681 5987 “data,
1707 5911 1796 5973 vel
1836 5926 1993 5981 cana,
2019 5914 2080 5968 ut
2114 5905 2255 5969 intra
2280 5903 2381 5968 lib.
2404 5918 2483 5972 ιιι,
2509 5916 2597 5976 οι).
2626 5899 2718 5972 55,
2751 5912 2887 5961 cana
2906 5898 3076 5961 dictat
3099 5898 3417 5977 antiquitas.
